  <div class='ocr_page' id='page_1' title='image "/cluster/home/n/w/nwhite01/storage/ocr_20150623/14/mdp.39015052831362/277.png"; bbox 0 0 3702 6142; ppageno 0'>
   <div class='ocr_carea' id='block_1_1' title="bbox 363 231 466 286">
    <p class='ocr_par' dir='ltr' id='par_1_1' title="bbox 363 231 466 286">
     <span class='ocr_line' id='line_1_1' title="bbox 363 231 466 286; baseline -0.01 0"><span class='ocrx_word' id='word_1_1' title='bbox 363 231 466 286; x_wconf 77' lang='grc'><strong>505</strong></span> 
     </span>
    </p>
   </div>
   <div class='ocr_carea' id='block_1_2' title="bbox 1837 233 2160 291">
    <p class='ocr_par' dir='ltr' id='par_1_2' title="bbox 1837 233 2160 291">
     <span class='ocr_line' id='line_1_2' title="bbox 1837 233 2160 291; baseline -0.006 0"><span class='ocrx_word' id='word_1_2' title='bbox 1837 233 2160 291; x_wconf 75' lang='lat' dir='ltr'><strong>ORICENIS</strong></span> 
     </span>
    </p>
   </div>
   <div class='ocr_carea' id='block_1_3' title="bbox 3485 245 3575 301">
    <p class='ocr_par' dir='ltr' id='par_1_3' title="bbox 3485 245 3575 301">
     <span class='ocr_line' id='line_1_3' title="bbox 3485 245 3575 301; baseline 0.022 -2"><span class='ocrx_word' id='word_1_3' title='bbox 3485 245 3575 301; x_wconf 69' lang='lat' dir='ltr'><strong>SOl</strong></span> 
     </span>
    </p>
   </div>
   <div class='ocr_carea' id='block_1_4' title="bbox 363 345 1927 424">
    <p class='ocr_par' dir='ltr' id='par_1_4' title="bbox 363 346 1924 408">
     <span class='ocr_line' id='line_1_4' title="bbox 363 346 1924 408; baseline -0.002 -5"><span class='ocrx_word' id='word_1_4' title='bbox 363 351 417 403; x_wconf 92' lang='lat' dir='ltr'><strong>in</strong></span> <span class='ocrx_word' id='word_1_5' title='bbox 459 350 576 403; x_wconf 87' lang='lat' dir='ltr'><strong>loco</strong></span> <span class='ocrx_word' id='word_1_6' title='bbox 607 350 873 408; x_wconf 86' lang='lat' dir='ltr'><strong>Servator</strong></span> <span class='ocrx_word' id='word_1_7' title='bbox 889 348 993 404; x_wconf 91' lang='lat' dir='ltr'><strong>hoc</strong></span> <span class='ocrx_word' id='word_1_8' title='bbox 1020 346 1240 405; x_wconf 73' lang='lat' dir='ltr'><strong>dis-erit.</strong></span> <span class='ocrx_word' id='word_1_9' title='bbox 1273 347 1432 404; x_wconf 90' lang='lat' dir='ltr'><strong>Libet</strong></span> <span class='ocrx_word' id='word_1_10' title='bbox 1461 360 1644 405; x_wconf 87' lang='lat' dir='ltr'><strong>autem</strong></span> <span class='ocrx_word' id='word_1_11' title='bbox 1670 348 1924 406; x_wconf 81' lang='lat' dir='ltr'><strong>admirari</strong></span> 
     </span>
    </p>
   </div>
   <div class='ocr_carea' id='block_1_5' title="bbox 2058 345 3577 424">
    <p class='ocr_par' dir='ltr' id='par_1_5' title="bbox 2061 345 3577 424">
     <span class='ocr_line' id='line_1_5' title="bbox 2061 345 3577 424; baseline 0.006 -23"><span class='ocrx_word' id='word_1_12' title='bbox 2061 366 2144 401; x_wconf 89' lang='grc' dir='ltr'><strong>στι</strong></span> <span class='ocrx_word' id='word_1_13' title='bbox 2175 345 2238 402; x_wconf 77' lang='grc' dir='ltr'><strong>τὸ</strong></span> <span class='ocrx_word' id='word_1_14' title='bbox 2266 346 2463 420; x_wconf 86' lang='grc' dir='ltr'>ἀληθὲς</span> <span class='ocrx_word' id='word_1_15' title='bbox 2489 348 2586 419; x_wconf 82' lang='grc' dir='ltr'><strong>τῆς</strong></span> <span class='ocrx_word' id='word_1_16' title='bbox 2613 349 2939 419; x_wconf 79' lang='grc' dir='ltr'><strong>ἀποφάσεως</strong></span> <span class='ocrx_word' id='word_1_17' title='bbox 2972 350 3065 405; x_wconf 82' lang='grc' dir='ltr'>τοῦ</span> <span class='ocrx_word' id='word_1_18' title='bbox 3097 351 3360 424; x_wconf 75' lang='grc' dir='ltr'><strong>Σωτῆρος,</strong></span> <span class='ocrx_word' id='word_1_19' title='bbox 3391 354 3577 423; x_wconf 85' lang='grc' dir='ltr'>φθάσαν</span> 
     </span>
    </p>
   </div>
   <div class='ocr_carea' id='block_1_6' title="bbox 361 441 1924 512">
    <p class='ocr_par' dir='ltr' id='par_1_6' title="bbox 361 441 1924 512">
     <span class='ocr_line' id='line_1_6' title="bbox 361 441 1924 512; baseline 0.003 -19"><span class='ocrx_word' id='word_1_20' title='bbox 361 442 645 506; x_wconf 71' lang='lat' dir='ltr'><strong>veritatem</strong></span> <span class='ocrx_word' id='word_1_21' title='bbox 684 441 970 496; x_wconf 75' lang='lat' dir='ltr'><strong>sententia:</strong></span> <span class='ocrx_word' id='word_1_22' title='bbox 1014 441 1342 505; x_wconf 88' lang='lat' dir='ltr'><strong>Servatoris,</strong></span> <span class='ocrx_word' id='word_1_23' title='bbox 1391 457 1511 512; x_wconf 69' lang='lat' dir='ltr'><strong>quae</strong></span> <span class='ocrx_word' id='word_1_24' title='bbox 1558 458 1663 498; x_wconf 89' lang='lat' dir='ltr'><strong>non</strong></span> <span class='ocrx_word' id='word_1_25' title='bbox 1717 452 1924 498; x_wconf 83' lang='lat' dir='ltr'><strong>tantum</strong></span> 
     </span>
    </p>
   </div>
   <div class='ocr_carea' id='block_1_7' title="bbox 363 532 1926 604">
    <p class='ocr_par' dir='ltr' id='par_1_7' title="bbox 363 532 1926 604">
     <span class='ocr_line' id='line_1_7' title="bbox 363 532 1926 604; baseline 0.001 -14"><span class='ocrx_word' id='word_1_26' title='bbox 363 537 429 590; x_wconf 85' lang='lat' dir='ltr'><strong>ad</strong></span> <span class='ocrx_word' id='word_1_27' title='bbox 461 543 681 591; x_wconf 84' lang='lat' dir='ltr'><strong>sanctos</strong></span> <span class='ocrx_word' id='word_1_28' title='bbox 714 532 1023 603; x_wconf 80' lang='lat' dir='ltr'><strong>prophetas,</strong></span> <span class='ocrx_word' id='word_1_29' title='bbox 1055 544 1267 604; x_wconf 76' lang='lat' dir='ltr'><strong>spretos</strong></span> <span class='ocrx_word' id='word_1_30' title='bbox 1299 551 1329 590; x_wconf 89' lang='lat' dir='ltr'><strong>a</strong></span> <span class='ocrx_word' id='word_1_31' title='bbox 1360 535 1741 601; x_wconf 84' lang='lat' dir='ltr'><strong>familiaribus,</strong></span> <span class='ocrx_word' id='word_1_32' title='bbox 1774 547 1829 591; x_wconf 89' lang='lat' dir='ltr'><strong>et</strong></span> <span class='ocrx_word' id='word_1_33' title='bbox 1859 537 1926 591; x_wconf 89' lang='lat' dir='ltr'><strong>ad</strong></span> 
     </span>
    </p>
   </div>
   <div class='ocr_carea' id='block_1_8' title="bbox 362 626 1928 697">
    <p class='ocr_par' dir='ltr' id='par_1_8' title="bbox 362 626 1928 697">
     <span class='ocr_line' id='line_1_8' title="bbox 362 626 1928 697; baseline 0.002 -17"><span class='ocrx_word' id='word_1_34' title='bbox 362 629 535 697; x_wconf 90' lang='lat' dir='ltr'><strong>ipsum</strong></span> <span class='ocrx_word' id='word_1_35' title='bbox 591 626 874 680; x_wconf 87' lang='lat' dir='ltr'><strong>Dominum</strong></span> <span class='ocrx_word' id='word_1_36' title='bbox 930 635 1172 680; x_wconf 90' lang='lat' dir='ltr'><strong>nostrum</strong></span> <span class='ocrx_word' id='word_1_37' title='bbox 1222 627 1524 696; x_wconf 85' lang='lat' dir='ltr'><strong>pertinuit,</strong></span> <span class='ocrx_word' id='word_1_38' title='bbox 1575 627 1668 683; x_wconf 85' lang='lat' dir='ltr'><strong>sed</strong></span> <span class='ocrx_word' id='word_1_39' title='bbox 1719 628 1787 682; x_wconf 92' lang='lat' dir='ltr'><strong>ad</strong></span> <span class='ocrx_word' id='word_1_40' title='bbox 1834 643 1928 683; x_wconf 89' lang='lat' dir='ltr'><strong>eos</strong></span> 
     </span>
    </p>
   </div>
   <div class='ocr_carea' id='block_1_9' title="bbox 358 716 1928 791">
    <p class='ocr_par' dir='ltr' id='par_1_9' title="bbox 358 716 1928 791">
     <span class='ocr_line' id='line_1_9' title="bbox 358 716 1928 791; baseline 0.001 -19"><span class='ocrx_word' id='word_1_41' title='bbox 358 719 526 772; x_wconf 77' lang='lat' dir='ltr'><strong>etiam</strong></span> <span class='ocrx_word' id='word_1_42' title='bbox 577 716 667 787; x_wconf 86' lang='lat' dir='ltr'><strong>qui</strong></span> <span class='ocrx_word' id='word_1_43' title='bbox 717 718 897 787; x_wconf 85' lang='lat' dir='ltr'><strong>aliqua</strong></span> <span class='ocrx_word' id='word_1_44' title='bbox 950 718 1213 787; x_wconf 81' lang='lat' dir='ltr'><strong>sapientia</strong></span> <span class='ocrx_word' id='word_1_45' title='bbox 1256 718 1555 774; x_wconf 88' lang='lat' dir='ltr'><strong>claruerint</strong></span> <span class='ocrx_word' id='word_1_46' title='bbox 1594 737 1608 774; x_wconf 92' lang='lat'><strong>:</strong></span> <span class='ocrx_word' id='word_1_47' title='bbox 1646 723 1736 791; x_wconf 89' lang='lat' dir='ltr'><strong>qui</strong></span> <span class='ocrx_word' id='word_1_48' title='bbox 1793 721 1928 775; x_wconf 86' lang='lat' dir='ltr'><strong>adeo</strong></span> 
     </span>
    </p>
   </div>
   <div class='ocr_carea' id='block_1_10' title="bbox 358 810 1926 880">
    <p class='ocr_par' dir='ltr' id='par_1_10' title="bbox 358 810 1926 880">
     <span class='ocr_line' id='line_1_10' title="bbox 358 810 1926 880; baseline 0.001 -15"><span class='ocrx_word' id='word_1_49' title='bbox 358 810 690 880; x_wconf 86' lang='lat' dir='ltr'><strong>contemptui</strong></span> <span class='ocrx_word' id='word_1_50' title='bbox 727 810 938 864; x_wconf 82' lang='lat' dir='ltr'><strong>civibus</strong></span> <span class='ocrx_word' id='word_1_51' title='bbox 983 810 1136 865; x_wconf 85' lang='lat' dir='ltr'><strong>fuere</strong></span> <span class='ocrx_word' id='word_1_52' title='bbox 1174 811 1365 878; x_wconf 85' lang='lat' dir='ltr'><strong>habiti,</strong></span> <span class='ocrx_word' id='word_1_53' title='bbox 1401 824 1460 866; x_wconf 95' lang='lat' dir='ltr'><strong>ut</strong></span> <span class='ocrx_word' id='word_1_54' title='bbox 1491 812 1570 867; x_wconf 88' lang='lat' dir='ltr'><strong>vel</strong></span> <span class='ocrx_word' id='word_1_55' title='bbox 1600 813 1666 868; x_wconf 91' lang='lat' dir='ltr'><strong>ad</strong></span> <span class='ocrx_word' id='word_1_56' title='bbox 1699 823 1926 869; x_wconf 88' lang='lat' dir='ltr'><strong>mortem</strong></span> 
     </span>
    </p>
   </div>
   <div class='ocr_carea' id='block_1_11' title="bbox 361 902 1927 972">
    <p class='ocr_par' dir='ltr' id='par_1_11' title="bbox 361 902 1927 972">
     <span class='ocr_line' id='line_1_11' title="bbox 361 902 1927 972; baseline 0.004 -17"><span class='ocrx_word' id='word_1_57' title='bbox 361 902 524 972; x_wconf 79' lang='lat' dir='ltr'><strong>aliqui</strong></span> <span class='ocrx_word' id='word_1_58' title='bbox 559 917 748 957; x_wconf 89' lang='lat' dir='ltr'><strong>eorum</strong></span> <span class='ocrx_word' id='word_1_59' title='bbox 779 904 1127 956; x_wconf 86' lang='lat' dir='ltr'><strong>ducerentur.</strong></span> <span class='ocrx_word' id='word_1_60' title='bbox 1162 902 1285 958; x_wconf 64' lang='lat' dir='ltr'><strong>Haec</strong></span> <span class='ocrx_word' id='word_1_61' title='bbox 1310 915 1488 960; x_wconf 89' lang='lat' dir='ltr'><strong>autem</strong></span> <span class='ocrx_word' id='word_1_62' title='bbox 1520 904 1651 961; x_wconf 89' lang='lat' dir='ltr'><strong>libet</strong></span> <span class='ocrx_word' id='word_1_63' title='bbox 1679 921 1743 960; x_wconf 86' lang='lat' dir='ltr'><strong>ex</strong></span> <span class='ocrx_word' id='word_1_64' title='bbox 1774 904 1927 962; x_wconf 67' lang='lat' dir='ltr'><strong>Gran-</strong></span> 
     </span>
    </p>
   </div>
   <div class='ocr_carea' id='block_1_12' title="bbox 361 994 1930 1069">
    <p class='ocr_par' dir='ltr' id='par_1_12' title="bbox 361 994 1930 1069">
     <span class='ocr_line' id='line_1_12' title="bbox 361 994 1930 1069; baseline 0.004 -22"><span class='ocrx_word' id='word_1_65' title='bbox 361 1011 547 1048; x_wconf 76' lang='lat' dir='ltr'><strong>rorum</strong></span> <span class='ocrx_word' id='word_1_66' title='bbox 597 995 821 1049; x_wconf 84' lang='lat' dir='ltr'><strong>historia</strong></span> <span class='ocrx_word' id='word_1_67' title='bbox 865 994 1126 1064; x_wconf 79' lang='lat' dir='ltr'><strong>colligere</strong></span> <span class='ocrx_word' id='word_1_68' title='bbox 1160 997 1228 1051; x_wconf 88' lang='lat' dir='ltr'><strong>de</strong></span> <span class='ocrx_word' id='word_1_69' title='bbox 1256 997 1341 1052; x_wconf 89' lang='lat' dir='ltr'><strong>bis</strong></span> <span class='ocrx_word' id='word_1_70' title='bbox 1364 999 1453 1066; x_wconf 91' lang='lat' dir='ltr'><strong>qui</strong></span> <span class='ocrx_word' id='word_1_71' title='bbox 1488 1000 1541 1052; x_wconf 92' lang='lat' dir='ltr'><strong>in</strong></span> <span class='ocrx_word' id='word_1_72' title='bbox 1574 997 1930 1069; x_wconf 58' lang='lat' dir='ltr'><strong>philosophia</strong></span> 
     </span>
    </p>
   </div>
   <div class='ocr_carea' id='block_1_13' title="bbox 360 1088 1931 1163">
    <p class='ocr_par' dir='ltr' id='par_1_13' title="bbox 360 1088 1931 1163">
     <span class='ocr_line' id='line_1_13' title="bbox 360 1088 1931 1163; baseline 0.003 -21"><span class='ocrx_word' id='word_1_73' title='bbox 360 1100 415 1142; x_wconf 90' lang='lat' dir='ltr'><strong>et</strong></span> <span class='ocrx_word' id='word_1_74' title='bbox 456 1088 821 1153; x_wconf 69' lang='lat' dir='ltr'><strong>astronomire,</strong></span> <span class='ocrx_word' id='word_1_75' title='bbox 851 1088 935 1143; x_wconf 90' lang='lat' dir='ltr'><strong>vel</strong></span> <span class='ocrx_word' id='word_1_76' title='bbox 977 1090 1031 1142; x_wconf 92' lang='lat' dir='ltr'><strong>in</strong></span> <span class='ocrx_word' id='word_1_77' title='bbox 1083 1089 1366 1159; x_wconf 87' lang='lat' dir='ltr'><strong>quibusvis</strong></span> <span class='ocrx_word' id='word_1_78' title='bbox 1411 1093 1630 1163; x_wconf 76' lang='lat' dir='ltr'><strong>tandem</strong></span> <span class='ocrx_word' id='word_1_79' title='bbox 1688 1091 1931 1147; x_wconf 87' lang='lat' dir='ltr'><strong>volucris</strong></span> 
     </span>
    </p>
   </div>
   <div class='ocr_carea' id='block_1_14' title="bbox 364 1179 1928 1248">
    <p class='ocr_par' dir='ltr' id='par_1_14' title="bbox 364 1179 1928 1248">
     <span class='ocr_line' id='line_1_14' title="bbox 364 1179 1928 1248; baseline 0.001 -16"><span class='ocrx_word' id='word_1_80' title='bbox 364 1179 661 1248; x_wconf 85' lang='lat' dir='ltr'><strong>disciplinis</strong></span> <span class='ocrx_word' id='word_1_81' title='bbox 724 1189 1144 1235; x_wconf 88' lang='lat' dir='ltr'><strong>consenuerunt.</strong></span> <span class='ocrx_word' id='word_1_82' title='bbox 1196 1179 1431 1236; x_wconf 88' lang='lat' dir='ltr'><strong>Proinde</strong></span> <span class='ocrx_word' id='word_1_83' title='bbox 1505 1181 1928 1237; x_wconf 89' lang='lat' dir='ltr'><strong>conviciantium</strong></span> 
     </span>
    </p>
   </div>
   <div class='ocr_carea' id='block_1_15' title="bbox 365 1273 1932 1330">
    <p class='ocr_par' dir='ltr' id='par_1_15' title="bbox 365 1273 1932 1330">
     <span class='ocr_line' id='line_1_15' title="bbox 365 1273 1932 1330; baseline 0.001 -3"><span class='ocrx_word' id='word_1_84' title='bbox 365 1284 494 1327; x_wconf 88' lang='lat' dir='ltr'><strong>sunt</strong></span> <span class='ocrx_word' id='word_1_85' title='bbox 527 1275 688 1329; x_wconf 86' lang='lat' dir='ltr'><strong>etiam</strong></span> <span class='ocrx_word' id='word_1_86' title='bbox 720 1275 805 1329; x_wconf 74' lang='lat' dir='ltr'><strong>hae</strong></span> <span class='ocrx_word' id='word_1_87' title='bbox 834 1289 994 1330; x_wconf 89' lang='lat' dir='ltr'><strong>voces</strong></span> <span class='ocrx_word' id='word_1_88' title='bbox 1024 1292 1089 1329; x_wconf 83' lang='lat' dir='ltr'><strong>:.t</strong></span> <span class='ocrx_word' id='word_1_89' title='bbox 1117 1273 1309 1328; x_wconf 86' lang='lat' dir='ltr'><strong>Nonne</strong></span> <span class='ocrx_word' id='word_1_90' title='bbox 1336 1275 1424 1329; x_wconf 88' lang='lat' dir='ltr'><strong>hic</strong></span> <span class='ocrx_word' id='word_1_91' title='bbox 1457 1285 1539 1330; x_wconf 89' lang='lat' dir='ltr'><strong>est</strong></span> <span class='ocrx_word' id='word_1_92' title='bbox 1569 1274 1707 1330; x_wconf 83' lang='lat' dir='ltr'><strong>fabri</strong></span> <span class='ocrx_word' id='word_1_93' title='bbox 1747 1274 1932 1329; x_wconf 77' lang='lat' dir='ltr'><strong>filius?</strong></span> 
     </span>
    </p>
   </div>
   <div class='ocr_carea' id='block_1_16' title="bbox 361 1367 1931 1438">
    <p class='ocr_par' dir='ltr' id='par_1_16' title="bbox 361 1367 1931 1438">
     <span class='ocr_line' id='line_1_16' title="bbox 361 1367 1931 1438; baseline 0.001 -15"><span class='ocrx_word' id='word_1_94' title='bbox 361 1368 556 1425; x_wconf 86' lang='lat' dir='ltr'><strong>Nonne</strong></span> <span class='ocrx_word' id='word_1_95' title='bbox 600 1380 780 1424; x_wconf 87' lang='lat' dir='ltr'><strong>mater</strong></span> <span class='ocrx_word' id='word_1_96' title='bbox 822 1368 942 1436; x_wconf 92' lang='lat' dir='ltr'><strong>eius</strong></span> <span class='ocrx_word' id='word_1_97' title='bbox 988 1369 1190 1423; x_wconf 89' lang='lat' dir='ltr'><strong>dicitur</strong></span> <span class='ocrx_word' id='word_1_98' title='bbox 1235 1368 1428 1436; x_wconf 70' lang='lat' dir='ltr'><strong>Maria,</strong></span> <span class='ocrx_word' id='word_1_99' title='bbox 1461 1378 1517 1423; x_wconf 91' lang='lat' dir='ltr'><strong>et</strong></span> <span class='ocrx_word' id='word_1_100' title='bbox 1562 1367 1767 1423; x_wconf 81' lang='lat' dir='ltr'><strong>fratres</strong></span> <span class='ocrx_word' id='word_1_101' title='bbox 1813 1368 1931 1438; x_wconf 86' lang='lat' dir='ltr'><strong>ejus</strong></span> 
     </span>
    </p>
   </div>
   <div class='ocr_carea' id='block_1_17' title="bbox 363 1461 1930 1530">
    <p class='ocr_par' dir='ltr' id='par_1_17' title="bbox 363 1461 1930 1530">
     <span class='ocr_line' id='line_1_17' title="bbox 363 1461 1930 1530; baseline -0.001 -15"><span class='ocrx_word' id='word_1_102' title='bbox 363 1470 489 1517; x_wconf 87' lang='lat' dir='ltr'><strong>sunt</strong></span> <span class='ocrx_word' id='word_1_103' title='bbox 520 1463 661 1530; x_wconf 87' lang='lat' dir='ltr'><strong>apud</strong></span> <span class='ocrx_word' id='word_1_104' title='bbox 692 1461 999 1517; x_wconf 89' lang='lat' dir='ltr'><strong>nos?Unde</strong></span> <span class='ocrx_word' id='word_1_105' title='bbox 1025 1475 1154 1529; x_wconf 78' lang='lat' dir='ltr'><strong>ergo</strong></span> <span class='ocrx_word' id='word_1_106' title='bbox 1174 1461 1301 1516; x_wconf 90' lang='lat' dir='ltr'><strong>huic</strong></span> <span class='ocrx_word' id='word_1_107' title='bbox 1328 1461 1446 1515; x_wconf 70' lang='lat' dir='ltr'><strong>hazc</strong></span> <span class='ocrx_word' id='word_1_108' title='bbox 1476 1463 1657 1516; x_wconf 89' lang='lat' dir='ltr'><strong>omnia</strong></span> <span class='ocrx_word' id='word_1_109' title='bbox 1679 1461 1722 1493; x_wconf 78' lang='grc'><strong>⁶¹</strong></span> <span class='ocrx_word' id='word_1_110' title='bbox 1742 1461 1794 1514; x_wconf 70' lang='grc'><strong>⁸1»</strong></span> <span class='ocrx_word' id='word_1_111' title='bbox 1831 1461 1930 1514; x_wconf 62' lang='lat' dir='ltr'><strong>At.</strong></span> 
     </span>
    </p>
   </div>
   <div class='ocr_carea' id='block_1_18' title="bbox 361 1553 1929 1623">
    <p class='ocr_par' dir='ltr' id='par_1_18' title="bbox 361 1553 1929 1623">
     <span class='ocr_line' id='line_1_18' title="bbox 361 1553 1929 1623; baseline 0.001 -17"><span class='ocrx_word' id='word_1_112' title='bbox 361 1569 469 1623; x_wconf 90' lang='lat' dir='ltr'><strong>que</strong></span> <span class='ocrx_word' id='word_1_113' title='bbox 509 1554 698 1617; x_wconf 81' lang='lat' dir='ltr'><strong>etiam,</strong></span> <span class='ocrx_word' id='word_1_114' title='bbox 731 1553 875 1623; x_wconf 90' lang='lat' dir='ltr'><strong>quod</strong></span> <span class='ocrx_word' id='word_1_115' title='bbox 921 1569 1133 1609; x_wconf 86' lang='lat' dir='ltr'><strong>summa</strong></span> <span class='ocrx_word' id='word_1_116' title='bbox 1173 1554 1539 1610; x_wconf 85' lang='lat' dir='ltr'><strong>admiratione</strong></span> <span class='ocrx_word' id='word_1_117' title='bbox 1580 1554 1800 1623; x_wconf 75' lang='lat' dir='ltr'><strong>dignum</strong></span> <span class='ocrx_word' id='word_1_118' title='bbox 1827 1563 1929 1621; x_wconf 91' lang='lat' dir='ltr'><strong>est,</strong></span> 
     </span>
    </p>
   </div>
   <div class='ocr_carea' id='block_1_19' title="bbox 362 1643 1934 1715">
    <p class='ocr_par' dir='ltr' id='par_1_19' title="bbox 362 1643 1934 1715">
     <span class='ocr_line' id='line_1_19' title="bbox 362 1643 1934 1715; baseline 0.001 -18"><span class='ocrx_word' id='word_1_119' title='bbox 362 1644 591 1715; x_wconf 79' lang='lat' dir='ltr'><strong>contigit</strong></span> <span class='ocrx_word' id='word_1_120' title='bbox 622 1643 724 1698; x_wconf 90' lang='lat' dir='ltr'><strong>hoc</strong></span> <span class='ocrx_word' id='word_1_121' title='bbox 773 1644 826 1698; x_wconf 92' lang='lat' dir='ltr'><strong>in</strong></span> <span class='ocrx_word' id='word_1_122' title='bbox 881 1643 1181 1715; x_wconf 85' lang='lat' dir='ltr'><strong>prophetis,</strong></span> <span class='ocrx_word' id='word_1_123' title='bbox 1218 1655 1275 1698; x_wconf 95' lang='lat' dir='ltr'><strong>ut</strong></span> <span class='ocrx_word' id='word_1_124' title='bbox 1317 1645 1464 1714; x_wconf 90' lang='lat' dir='ltr'><strong>quod</strong></span> <span class='ocrx_word' id='word_1_125' title='bbox 1494 1645 1546 1700; x_wconf 92' lang='lat' dir='ltr'><strong>in</strong></span> <span class='ocrx_word' id='word_1_126' title='bbox 1583 1646 1662 1701; x_wconf 86' lang='lat' dir='ltr'><strong>eis</strong></span> <span class='ocrx_word' id='word_1_127' title='bbox 1694 1654 1816 1700; x_wconf 90' lang='lat' dir='ltr'><strong>erat</strong></span> <span class='ocrx_word' id='word_1_128' title='bbox 1856 1645 1934 1698; x_wconf 82' lang='lat' dir='ltr'><strong>vi-</strong></span> 
     </span>
    </p>
   </div>
   <div class='ocr_carea' id='block_1_20' title="bbox 2030 439 3577 515">
    <p class='ocr_par' dir='ltr' id='par_1_20' title="bbox 2030 439 3577 515">
     <span class='ocr_line' id='line_1_20' title="bbox 2030 439 3577 515; baseline 0.006 -23"><span class='ocrx_word' id='word_1_129' title='bbox 2030 440 2092 493; x_wconf 82' lang='grc' dir='ltr'><strong>οὐ</strong></span> <span class='ocrx_word' id='word_1_130' title='bbox 2144 439 2303 509; x_wconf 91' lang='grc' dir='ltr'>μόνον</span> <span class='ocrx_word' id='word_1_131' title='bbox 2334 441 2429 493; x_wconf 76' lang='grc' dir='ltr'><strong>ἐπὶ</strong></span> <span class='ocrx_word' id='word_1_132' title='bbox 2470 442 2591 504; x_wconf 86' lang='grc' dir='ltr'>τοὺς</span> <span class='ocrx_word' id='word_1_133' title='bbox 2623 441 2810 510; x_wconf 77' lang='grc' dir='ltr'><strong>ἁγίους</strong></span> <span class='ocrx_word' id='word_1_134' title='bbox 2857 445 3156 515; x_wconf 80' lang='grc' dir='ltr'>προφήτας,</span> <span class='ocrx_word' id='word_1_135' title='bbox 3211 446 3577 515; x_wconf 63' lang='grc' dir='ltr'><strong>ἀτιμασθέντας</strong></span> 
     </span>
    </p>
   </div>
   <div class='ocr_carea' id='block_1_21' title="bbox 2034 532 3577 610">
    <p class='ocr_par' dir='ltr' id='par_1_21' title="bbox 2034 532 3577 610">
     <span class='ocr_line' id='line_1_21' title="bbox 2034 532 3577 610; baseline 0.004 -24"><span class='ocrx_word' id='word_1_136' title='bbox 2034 532 2184 605; x_wconf 80' lang='grc' dir='ltr'>παρὰ</span> <span class='ocrx_word' id='word_1_137' title='bbox 2208 534 2319 596; x_wconf 85' lang='grc' dir='ltr'>τοῖς</span> <span class='ocrx_word' id='word_1_138' title='bbox 2346 533 2588 597; x_wconf 81' lang='grc' dir='ltr'>οἰκείοις,</span> <span class='ocrx_word' id='word_1_139' title='bbox 2638 535 2731 587; x_wconf 75' lang='grc' dir='ltr'>καὶ</span> <span class='ocrx_word' id='word_1_140' title='bbox 2758 537 2845 587; x_wconf 80' lang='grc' dir='ltr'>ἐπ’</span> <span class='ocrx_word' id='word_1_141' title='bbox 2872 535 3031 589; x_wconf 82' lang='grc' dir='ltr'>αὑτὸν</span> <span class='ocrx_word' id='word_1_142' title='bbox 3075 537 3165 589; x_wconf 74' lang='grc' dir='ltr'>τὸν</span> <span class='ocrx_word' id='word_1_143' title='bbox 3196 535 3390 608; x_wconf 84' lang='grc' dir='ltr'><strong>Κύριον</strong></span> <span class='ocrx_word' id='word_1_144' title='bbox 3420 540 3577 610; x_wconf 79' lang='grc' dir='ltr'>ἡμῶν,</span> 
     </span>
    </p>
   </div>
   <div class='ocr_carea' id='block_1_22' title="bbox 2034 624 3580 701">
    <p class='ocr_par' dir='ltr' id='par_1_22' title="bbox 2034 624 3580 701">
     <span class='ocr_line' id='line_1_22' title="bbox 2034 624 3580 701; baseline 0.004 -22"><span class='ocrx_word' id='word_1_145' title='bbox 2034 625 2169 679; x_wconf 72' lang='grc' dir='ltr'>ἀλλὰ</span> <span class='ocrx_word' id='word_1_146' title='bbox 2197 626 2290 679; x_wconf 73' lang='grc' dir='ltr'><strong>καὶ</strong></span> <span class='ocrx_word' id='word_1_147' title='bbox 2323 624 2417 678; x_wconf 76' lang='grc' dir='ltr'><strong>ἐπὶ</strong></span> <span class='ocrx_word' id='word_1_148' title='bbox 2456 626 2582 689; x_wconf 79' lang='grc' dir='ltr'>τοὺς</span> <span class='ocrx_word' id='word_1_149' title='bbox 2614 625 2671 679; x_wconf 80' lang='grc' dir='ltr'><strong>ἐν</strong></span> <span class='ocrx_word' id='word_1_150' title='bbox 2704 645 2809 681; x_wconf 87' lang='grc' dir='ltr'>τινι</span> <span class='ocrx_word' id='word_1_151' title='bbox 2858 628 3020 701; x_wconf 76' lang='grc' dir='ltr'>σοφίᾳ</span> <span class='ocrx_word' id='word_1_152' title='bbox 3064 628 3459 699; x_wconf 65' lang='grc' dir='ltr'>διατρίψαντας,</span> <span class='ocrx_word' id='word_1_153' title='bbox 3498 633 3580 685; x_wconf 71' lang='grc' dir='ltr'>καὶ</span> 
     </span>
    </p>
   </div>
   <div class='ocr_carea' id='block_1_23' title="bbox 2035 718 3579 791">
    <p class='ocr_par' dir='ltr' id='par_1_23' title="bbox 2035 718 3579 791">
     <span class='ocr_line' id='line_1_23' title="bbox 2035 718 3579 791; baseline 0.003 -18"><span class='ocrx_word' id='word_1_154' title='bbox 2035 718 2547 791; x_wconf 82' lang='grc' dir='ltr'>καταφρονηθέντας</span> <span class='ocrx_word' id='word_1_155' title='bbox 2579 719 2684 773; x_wconf 83' lang='grc' dir='ltr'><strong>ὑπὸ</strong></span> <span class='ocrx_word' id='word_1_156' title='bbox 2722 720 2832 775; x_wconf 91' lang='grc' dir='ltr'><strong>τῶν</strong></span> <span class='ocrx_word' id='word_1_157' title='bbox 2866 720 3117 786; x_wconf 90' lang='grc' dir='ltr'>πολιτῶν,</span> <span class='ocrx_word' id='word_1_158' title='bbox 3147 721 3287 776; x_wconf 83' lang='grc' dir='ltr'>ὥστε</span> <span class='ocrx_word' id='word_1_159' title='bbox 3322 722 3464 787; x_wconf 86' lang='grc' dir='ltr'>τινὰς</span> <span class='ocrx_word' id='word_1_160' title='bbox 3492 726 3579 778; x_wconf 79' lang='grc' dir='ltr'>αὐ-</span> 
     </span>
    </p>
   </div>
   <div class='ocr_carea' id='block_1_24' title="bbox 2034 809 3558 885">
    <p class='ocr_par' dir='ltr' id='par_1_24' title="bbox 2034 809 3558 885">
     <span class='ocr_line' id='line_1_24' title="bbox 2034 809 3558 885; baseline 0.003 -23"><span class='ocrx_word' id='word_1_161' title='bbox 2034 810 2142 862; x_wconf 91' lang='grc' dir='ltr'><strong>τῶν</strong></span> <span class='ocrx_word' id='word_1_162' title='bbox 2174 809 2282 883; x_wconf 74' lang='grc' dir='ltr'>(Η)</span> <span class='ocrx_word' id='word_1_163' title='bbox 2315 810 2407 863; x_wconf 84' lang='grc' dir='ltr'><strong>καὶ</strong></span> <span class='ocrx_word' id='word_1_164' title='bbox 2444 810 2662 885; x_wconf 36' lang='grc' dir='ltr'>τὴνιέπὶ</span> <span class='ocrx_word' id='word_1_165' title='bbox 2691 809 2906 881; x_wconf 86' lang='grc' dir='ltr'>θανάτῳ</span> <span class='ocrx_word' id='word_1_166' title='bbox 2935 812 3244 885; x_wconf 84' lang='grc' dir='ltr'>ἀπαχθῆναι</span> <span class='ocrx_word' id='word_1_167' title='bbox 3271 812 3400 884; x_wconf 71' lang='grc'>(42).</span> <span class='ocrx_word' id='word_1_168' title='bbox 3446 814 3558 879; x_wconf 77' lang='grc' dir='ltr'><strong>Ἔξε</strong></span> 
     </span>
    </p>
   </div>
   <div class='ocr_carea' id='block_1_25' title="bbox 2035 903 3561 979">
    <p class='ocr_par' dir='ltr' id='par_1_25' title="bbox 2035 903 3561 979">
     <span class='ocr_line' id='line_1_25' title="bbox 2035 903 3561 979; baseline 0.003 -23"><span class='ocrx_word' id='word_1_169' title='bbox 2035 921 2121 956; x_wconf 89' lang='grc' dir='ltr'><strong>στι</strong></span> <span class='ocrx_word' id='word_1_170' title='bbox 2151 904 2207 956; x_wconf 86' lang='grc' dir='ltr'><strong>δέ</strong></span> <span class='ocrx_word' id='word_1_171' title='bbox 2237 903 2408 957; x_wconf 77' lang='grc' dir='ltr'>ταῦτα</span> <span class='ocrx_word' id='word_1_172' title='bbox 2433 903 2541 957; x_wconf 82' lang='grc' dir='ltr'><strong>ἀπὸ</strong></span> <span class='ocrx_word' id='word_1_173' title='bbox 2561 903 2661 974; x_wconf 83' lang='grc' dir='ltr'><strong>τῆς</strong></span> <span class='ocrx_word' id='word_1_174' title='bbox 2704 904 3018 978; x_wconf 80' lang='grc' dir='ltr'>Ἑλληνικῆς</span> <span class='ocrx_word' id='word_1_175' title='bbox 3054 906 3290 979; x_wconf 81' lang='grc' dir='ltr'>ἱστορίας</span> <span class='ocrx_word' id='word_1_176' title='bbox 3313 906 3561 973; x_wconf 82' lang='grc' dir='ltr'>ἀναλέξασ</span> 
     </span>
    </p>
   </div>
   <div class='ocr_carea' id='block_1_26' title="bbox 2036 992 3582 1070">
    <p class='ocr_par' dir='ltr' id='par_1_26' title="bbox 2036 992 3582 1070">
     <span class='ocr_line' id='line_1_26' title="bbox 2036 992 3582 1070; baseline 0.004 -24"><span class='ocrx_word' id='word_1_177' title='bbox 2036 992 2124 1047; x_wconf 88' lang='grc' dir='ltr'><strong>θαι</strong></span> <span class='ocrx_word' id='word_1_178' title='bbox 2160 995 2286 1067; x_wconf 82' lang='grc' dir='ltr'><strong>περὶ</strong></span> <span class='ocrx_word' id='word_1_179' title='bbox 2310 995 2416 1047; x_wconf 87' lang='grc' dir='ltr'><strong>τῶν</strong></span> <span class='ocrx_word' id='word_1_180' title='bbox 2456 995 2931 1067; x_wconf 82' lang='grc' dir='ltr'>φιλοσοφησάντων</span> <span class='ocrx_word' id='word_1_181' title='bbox 2963 997 3056 1051; x_wconf 80' lang='grc' dir='ltr'><strong>καὶ</strong></span> <span class='ocrx_word' id='word_1_182' title='bbox 3091 997 3582 1070; x_wconf 80' lang='grc' dir='ltr'>ἀστρονομησάντων</span> 
     </span>
    </p>
   </div>
   <div class='ocr_carea' id='block_1_27' title="bbox 2036 1088 3584 1163">
    <p class='ocr_par' dir='ltr' id='par_1_27' title="bbox 2036 1088 3584 1163">
     <span class='ocr_line' id='line_1_27' title="bbox 2036 1088 3584 1163; baseline 0.003 -23"><span class='ocrx_word' id='word_1_183' title='bbox 2036 1088 2070 1160; x_wconf 76' lang='grc' dir='ltr'><strong>ἢ</strong></span> <span class='ocrx_word' id='word_1_184' title='bbox 2112 1088 2319 1152; x_wconf 84' lang='grc' dir='ltr'>ὁποίοις</span> <span class='ocrx_word' id='word_1_185' title='bbox 2350 1089 2549 1160; x_wconf 87' lang='grc' dir='ltr'>δήποτε</span> <span class='ocrx_word' id='word_1_186' title='bbox 2602 1089 2884 1162; x_wconf 85' lang='grc' dir='ltr'>μαθήμασι</span> <span class='ocrx_word' id='word_1_187' title='bbox 2908 1089 3340 1162; x_wconf 73' lang='grc' dir='ltr'>διαπρεψάντων.</span> <span class='ocrx_word' id='word_1_188' title='bbox 3382 1092 3584 1163; x_wconf 81' lang='grc' dir='ltr'>Ἀτιμα-</span> 
     </span>
    </p>
   </div>
   <div class='ocr_carea' id='block_1_28' title="bbox 2038 1174 3586 1254">
    <p class='ocr_par' dir='ltr' id='par_1_28' title="bbox 2038 1174 3586 1254">
     <span class='ocr_line' id='line_1_28' title="bbox 2038 1174 3586 1254; baseline 0.004 -20"><span class='ocrx_word' id='word_1_189' title='bbox 2038 1182 2237 1247; x_wconf 80' lang='grc' dir='ltr'>ζόντων</span> <span class='ocrx_word' id='word_1_190' title='bbox 2280 1182 2336 1234; x_wconf 84' lang='grc' dir='ltr'><strong>δὲ</strong></span> <span class='ocrx_word' id='word_1_191' title='bbox 2377 1183 2469 1236; x_wconf 73' lang='grc' dir='ltr'><strong>καὶ</strong></span> <span class='ocrx_word' id='word_1_192' title='bbox 2509 1174 2668 1237; x_wconf 74' lang='grc' dir='ltr'>αὗται</span> <span class='ocrx_word' id='word_1_193' title='bbox 2702 1183 2757 1235; x_wconf 87' lang='grc' dir='ltr'><strong>αί</strong></span> <span class='ocrx_word' id='word_1_194' title='bbox 2797 1183 2998 1253; x_wconf 88' lang='grc' dir='ltr'>φωναί·</span> <span class='ocrx_word' id='word_1_195' title='bbox 3041 1202 3059 1235; x_wconf 82' lang='grc' dir='ltr'><strong>ι</strong></span> <span class='ocrx_word' id='word_1_196' title='bbox 3087 1182 3198 1254; x_wconf 89' lang='grc' dir='ltr'>Ούχ</span> <span class='ocrx_word' id='word_1_197' title='bbox 3230 1177 3381 1248; x_wconf 69' lang='grc' dir='ltr'>οὗτός</span> <span class='ocrx_word' id='word_1_198' title='bbox 3402 1186 3535 1239; x_wconf 87' lang='grc' dir='ltr'>ἐστιν</span> <span class='ocrx_word' id='word_1_199' title='bbox 3558 1184 3586 1240; x_wconf 82' lang='grc' dir='ltr'>ὀ</span> 
     </span>
    </p>
   </div>
   <div class='ocr_carea' id='block_1_29' title="bbox 2035 1274 3589 1348">
    <p class='ocr_par' dir='ltr' id='par_1_29' title="bbox 2035 1274 3589 1348">
     <span class='ocr_line' id='line_1_29' title="bbox 2035 1274 3589 1348; baseline 0.003 -20"><span class='ocrx_word' id='word_1_200' title='bbox 2035 1274 2129 1328; x_wconf 75' lang='grc' dir='ltr'>τοῦ</span> <span class='ocrx_word' id='word_1_201' title='bbox 2157 1274 2405 1339; x_wconf 82' lang='grc' dir='ltr'>τέκτονος</span> <span class='ocrx_word' id='word_1_202' title='bbox 2435 1274 2586 1340; x_wconf 87' lang='grc' dir='ltr'>υίός;</span> <span class='ocrx_word' id='word_1_203' title='bbox 2619 1276 2717 1346; x_wconf 87' lang='grc' dir='ltr'><strong>οὐχ</strong></span> <span class='ocrx_word' id='word_1_204' title='bbox 2763 1277 2795 1346; x_wconf 83' lang='grc' dir='ltr'>ἡ</span> <span class='ocrx_word' id='word_1_205' title='bbox 2828 1277 3008 1348; x_wconf 78' lang='grc' dir='ltr'>μήτηρ</span> <span class='ocrx_word' id='word_1_206' title='bbox 3038 1275 3203 1330; x_wconf 79' lang='grc' dir='ltr'>αὐτοῦ</span> <span class='ocrx_word' id='word_1_207' title='bbox 3251 1276 3461 1345; x_wconf 85' lang='grc' dir='ltr'>λέγεται</span> <span class='ocrx_word' id='word_1_208' title='bbox 3484 1280 3589 1333; x_wconf 85' lang='grc' dir='ltr'><strong>Μα-</strong></span> 
     </span>
    </p>
   </div>
   <div class='ocr_carea' id='block_1_30' title="bbox 2040 1366 3588 1440">
    <p class='ocr_par' dir='ltr' id='par_1_30' title="bbox 2040 1366 3588 1440">
     <span class='ocr_line' id='line_1_30' title="bbox 2040 1366 3588 1440; baseline 0.003 -21"><span class='ocrx_word' id='word_1_209' title='bbox 2040 1366 2195 1440; x_wconf 79' lang='grc' dir='ltr'>ριὰμ,</span> <span class='ocrx_word' id='word_1_210' title='bbox 2237 1366 2331 1419; x_wconf 76' lang='grc' dir='ltr'><strong>καὶ</strong></span> <span class='ocrx_word' id='word_1_211' title='bbox 2376 1368 2424 1420; x_wconf 90' lang='grc' dir='ltr'><strong>οί</strong></span> <span class='ocrx_word' id='word_1_212' title='bbox 2456 1367 2674 1436; x_wconf 77' lang='grc' dir='ltr'>ἀδελφοὶ</span> <span class='ocrx_word' id='word_1_213' title='bbox 2708 1366 2870 1421; x_wconf 81' lang='grc' dir='ltr'>αι’)τοῦ</span> <span class='ocrx_word' id='word_1_214' title='bbox 2923 1369 3025 1420; x_wconf 90' lang='grc' dir='ltr'>είσι</span> <span class='ocrx_word' id='word_1_215' title='bbox 3058 1367 3192 1439; x_wconf 78' lang='grc' dir='ltr'>πρὸς</span> <span class='ocrx_word' id='word_1_216' title='bbox 3223 1369 3401 1440; x_wconf 71' lang='grc' dir='ltr'>ἡμᾶς,</span> <span class='ocrx_word' id='word_1_217' title='bbox 3435 1368 3588 1424; x_wconf 83' lang='grc' dir='ltr'>Πόθεν</span> 
     </span>
    </p>
   </div>
   <div class='ocr_carea' id='block_1_31' title="bbox 2037 1456 3588 1531">
    <p class='ocr_par' dir='ltr' id='par_1_31' title="bbox 2037 1456 3588 1531">
     <span class='ocr_line' id='line_1_31' title="bbox 2037 1456 3588 1531; baseline 0.001 -18"><span class='ocrx_word' id='word_1_218' title='bbox 2037 1456 2129 1513; x_wconf 76' lang='grc' dir='ltr'><strong>οὖν</strong></span> <span class='ocrx_word' id='word_1_219' title='bbox 2155 1458 2326 1530; x_wconf 83' lang='grc' dir='ltr'>τούτῳ</span> <span class='ocrx_word' id='word_1_220' title='bbox 2353 1458 2529 1512; x_wconf 89' lang='grc' dir='ltr'>πάντα</span> <span class='ocrx_word' id='word_1_221' title='bbox 2552 1458 2754 1525; x_wconf 76' lang='grc' dir='ltr'>ταῦτας</span> <span class='ocrx_word' id='word_1_222' title='bbox 2781 1479 2798 1511; x_wconf 81' lang='grc' dir='ltr'><strong>ι</strong></span> <span class='ocrx_word' id='word_1_223' title='bbox 2834 1460 2945 1512; x_wconf 77' lang='grc' dir='ltr'>Καὶ</span> <span class='ocrx_word' id='word_1_224' title='bbox 2977 1459 3403 1531; x_wconf 81' lang='grc' dir='ltr'>παραδοξότατόν</span> <span class='ocrx_word' id='word_1_225' title='bbox 3424 1477 3485 1530; x_wconf 86' lang='grc' dir='ltr'><strong>γε</strong></span> <span class='ocrx_word' id='word_1_226' title='bbox 3508 1463 3588 1515; x_wconf 75' lang='grc' dir='ltr'>ἐπὶ</span> 
     </span>
    </p>
   </div>
   <div class='ocr_carea' id='block_1_32' title="bbox 2038 1549 3588 1624">
    <p class='ocr_par' dir='ltr' id='par_1_32' title="bbox 2038 1549 3588 1624">
     <span class='ocr_line' id='line_1_32' title="bbox 2038 1549 3588 1624; baseline 0.001 -19"><span class='ocrx_word' id='word_1_227' title='bbox 2038 1551 2147 1605; x_wconf 90' lang='grc' dir='ltr'><strong>τῶν</strong></span> <span class='ocrx_word' id='word_1_228' title='bbox 2180 1549 2475 1622; x_wconf 78' lang='grc' dir='ltr'>προφητῶν</span> <span class='ocrx_word' id='word_1_229' title='bbox 2510 1551 2665 1605; x_wconf 77' lang='grc' dir='ltr'>τοῦτο</span> <span class='ocrx_word' id='word_1_230' title='bbox 2694 1552 3027 1624; x_wconf 86' lang='grc' dir='ltr'>συμϐέϐηκε,</span> <span class='ocrx_word' id='word_1_231' title='bbox 3059 1551 3122 1605; x_wconf 79' lang='grc' dir='ltr'><strong>τὸ</strong></span> <span class='ocrx_word' id='word_1_232' title='bbox 3166 1552 3264 1622; x_wconf 84' lang='grc' dir='ltr'><strong>μὲν</strong></span> <span class='ocrx_word' id='word_1_233' title='bbox 3292 1550 3399 1616; x_wconf 81' lang='grc' dir='ltr'>ζῶν</span> <span class='ocrx_word' id='word_1_234' title='bbox 3429 1553 3588 1606; x_wconf 79' lang='grc' dir='ltr'>αὐτῶν</span> 
     </span>
    </p>
   </div>
   <div class='ocr_carea' id='block_1_33' title="bbox 2037 1643 3586 1715">
    <p class='ocr_par' dir='ltr' id='par_1_33' title="bbox 2037 1643 3586 1715">
     <span class='ocr_line' id='line_1_33' title="bbox 2037 1643 3586 1715; baseline -0.001 -17"><span class='ocrx_word' id='word_1_235' title='bbox 2037 1645 2098 1698; x_wconf 86' lang='grc' dir='ltr'><strong>οὐ</strong></span> <span class='ocrx_word' id='word_1_236' title='bbox 2132 1644 2488 1715; x_wconf 81' lang='grc' dir='ltr'>τετιμήκασιν</span> <span class='ocrx_word' id='word_1_237' title='bbox 2513 1644 2561 1696; x_wconf 90' lang='grc' dir='ltr'>οἱ</span> <span class='ocrx_word' id='word_1_238' title='bbox 2591 1643 2821 1709; x_wconf 89' lang='grc' dir='ltr'>πολῖται,</span> <span class='ocrx_word' id='word_1_239' title='bbox 2845 1644 2904 1696; x_wconf 79' lang='grc' dir='ltr'><strong>τὸ</strong></span> <span class='ocrx_word' id='word_1_240' title='bbox 2927 1643 2984 1697; x_wconf 87' lang='grc' dir='ltr'><strong>δέ</strong></span> <span class='ocrx_word' id='word_1_241' title='bbox 3014 1643 3207 1715; x_wconf 82' lang='grc' dir='ltr'>νεκρὸν</span> <span class='ocrx_word' id='word_1_242' title='bbox 3232 1644 3586 1715; x_wconf 80' lang='grc' dir='ltr'>περιέπουσιν,</span> 
     </span>
    </p>
   </div>
   <div class='ocr_carea' id='block_1_34' title="bbox 363 1713 1927 1808">
    <p class='ocr_par' dir='ltr' id='par_1_34' title="bbox 363 1735 1927 1805">
     <span class='ocr_line' id='line_1_34' title="bbox 363 1735 1927 1805; baseline 0.003 -19"><span class='ocrx_word' id='word_1_243' title='bbox 363 1751 512 1802; x_wconf 89' lang='lat' dir='ltr'><strong>vum,</strong></span> <span class='ocrx_word' id='word_1_244' title='bbox 555 1751 662 1790; x_wconf 90' lang='lat' dir='ltr'><strong>non</strong></span> <span class='ocrx_word' id='word_1_245' title='bbox 712 1735 1035 1791; x_wconf 83' lang='lat' dir='ltr'><strong>ltonorarint</strong></span> <span class='ocrx_word' id='word_1_246' title='bbox 1072 1737 1249 1801; x_wconf 82' lang='lat' dir='ltr'><strong>cives;</strong></span> <span class='ocrx_word' id='word_1_247' title='bbox 1284 1737 1426 1805; x_wconf 86' lang='lat' dir='ltr'><strong>quod</strong></span> <span class='ocrx_word' id='word_1_248' title='bbox 1482 1746 1751 1791; x_wconf 90' lang='lat' dir='ltr'><strong>mortuum</strong></span> <span class='ocrx_word' id='word_1_249' title='bbox 1805 1751 1927 1791; x_wconf 85' lang='lat' dir='ltr'><strong>vero</strong></span> 
     </span>
    </p>
   </div>
   <div class='ocr_carea' id='block_1_35' title="bbox 2058 1713 3592 1808">
    <p class='ocr_par' dir='ltr' id='par_1_35' title="bbox 2058 1713 3592 1808">
     <span class='ocr_line' id='line_1_35' title="bbox 2058 1713 3592 1808; baseline 0.003 -22"><span class='ocrx_word' id='word_1_250' title='bbox 2058 1713 2434 1807; x_wconf 61' lang='grc' dir='ltr'>ιίκοδομοῦντες</span> <span class='ocrx_word' id='word_1_251' title='bbox 2477 1737 2654 1789; x_wconf 75' lang='grc' dir='ltr'>αὐτῶν</span> <span class='ocrx_word' id='word_1_252' title='bbox 2682 1735 2747 1789; x_wconf 79' lang='grc' dir='ltr'>τὰ</span> <span class='ocrx_word' id='word_1_253' title='bbox 2773 1739 3012 1808; x_wconf 87' lang='grc' dir='ltr'>μνημεῖα</span> <span class='ocrx_word' id='word_1_254' title='bbox 3041 1713 3134 1789; x_wconf 65' lang='grc' dir='ltr'><strong>καί</strong></span> <span class='ocrx_word' id='word_1_255' title='bbox 3154 1713 3592 1807; x_wconf 81' lang='grc' dir='ltr'>κοσμοῦντες.οί-</span> 
     </span>
    </p>
   </div>
   <div class='ocr_carea' id='block_1_36' title="bbox 364 1826 1934 1898">
    <p class='ocr_par' dir='ltr' id='par_1_36' title="bbox 364 1826 1934 1898">
     <span class='ocr_line' id='line_1_36' title="bbox 364 1826 1934 1898; baseline 0 -15"><span class='ocrx_word' id='word_1_256' title='bbox 364 1839 530 1893; x_wconf 87' lang='lat' dir='ltr'><strong>esset,</strong></span> <span class='ocrx_word' id='word_1_257' title='bbox 563 1828 817 1893; x_wconf 87' lang='lat' dir='ltr'><strong>foverint,</strong></span> <span class='ocrx_word' id='word_1_258' title='bbox 849 1826 1181 1884; x_wconf 65' lang='lat' dir='ltr'><strong>aedificantes</strong></span> <span class='ocrx_word' id='word_1_259' title='bbox 1216 1828 1460 1898; x_wconf 88' lang='lat' dir='ltr'><strong>ipsorum</strong></span> <span class='ocrx_word' id='word_1_260' title='bbox 1494 1837 1844 1883; x_wconf 88' lang='lat' dir='ltr'><strong>monumenta</strong></span> <span class='ocrx_word' id='word_1_261' title='bbox 1878 1836 1934 1883; x_wconf 91' lang='lat' dir='ltr'><strong>et</strong></span> 
     </span>
    </p>
   </div>
   <div class='ocr_carea' id='block_1_37' title="bbox 364 1920 1935 1992">
    <p class='ocr_par' dir='ltr' id='par_1_37' title="bbox 364 1920 1935 1992">
     <span class='ocr_line' id='line_1_37' title="bbox 364 1920 1935 1992; baseline 0.001 -17"><span class='ocrx_word' id='word_1_262' title='bbox 364 1933 627 1977; x_wconf 90' lang='lat' dir='ltr'><strong>ornantes</strong></span> <span class='ocrx_word' id='word_1_263' title='bbox 652 1923 717 1977; x_wconf 77' lang='lat'><strong>&quot;.</strong></span> <span class='ocrx_word' id='word_1_264' title='bbox 754 1920 1123 1978; x_wconf 63' lang='lat' dir='ltr'><strong>Edillcantur</strong></span> <span class='ocrx_word' id='word_1_265' title='bbox 1167 1932 1349 1976; x_wconf 90' lang='lat' dir='ltr'><strong>autem</strong></span> <span class='ocrx_word' id='word_1_266' title='bbox 1388 1922 1784 1992; x_wconf 86' lang='lat' dir='ltr'><strong>prophetarum</strong></span> <span class='ocrx_word' id='word_1_267' title='bbox 1819 1937 1935 1976; x_wconf 91' lang='lat' dir='ltr'><strong>mo-</strong></span> 
     </span>
    </p>
   </div>
   <div class='ocr_carea' id='block_1_38' title="bbox 365 2012 1937 2083">
    <p class='ocr_par' dir='ltr' id='par_1_38' title="bbox 365 2012 1937 2083">
     <span class='ocr_line' id='line_1_38' title="bbox 365 2012 1937 2083; baseline -0.001 -17"><span class='ocrx_word' id='word_1_268' title='bbox 365 2024 619 2068; x_wconf 87' lang='lat' dir='ltr'><strong>nutnenla</strong></span> <span class='ocrx_word' id='word_1_269' title='bbox 651 2024 705 2071; x_wconf 83' lang='lat' dir='ltr'><strong>et</strong></span> <span class='ocrx_word' id='word_1_270' title='bbox 741 2022 1030 2077; x_wconf 85' lang='lat' dir='ltr'><strong>ornantur,</strong></span> <span class='ocrx_word' id='word_1_271' title='bbox 1058 2028 1203 2076; x_wconf 91' lang='lat' dir='ltr'><strong>cum,</strong></span> <span class='ocrx_word' id='word_1_272' title='bbox 1242 2013 1435 2068; x_wconf 88' lang='lat' dir='ltr'><strong>relicto</strong></span> <span class='ocrx_word' id='word_1_273' title='bbox 1460 2013 1584 2083; x_wconf 88' lang='lat' dir='ltr'><strong>quis</strong></span> <span class='ocrx_word' id='word_1_274' title='bbox 1631 2012 1823 2083; x_wconf 80' lang='lat' dir='ltr'><strong>Spiritu</strong></span> <span class='ocrx_word' id='word_1_275' title='bbox 1855 2012 1937 2065; x_wconf 88' lang='lat' dir='ltr'><strong>vi-</strong></span> 
     </span>
    </p>
   </div>
   <div class='ocr_carea' id='block_1_39' title="bbox 366 2106 1930 2187">
    <p class='ocr_par' dir='ltr' id='par_1_39' title="bbox 366 2106 1930 2187">
     <span class='ocr_line' id='line_1_39' title="bbox 366 2106 1930 2187; baseline 0.001 -28"><span class='ocrx_word' id='word_1_276' title='bbox 366 2109 644 2172; x_wconf 74' lang='lat' dir='ltr'><strong>viﬁcante,</strong></span> <span class='ocrx_word' id='word_1_277' title='bbox 685 2108 885 2163; x_wconf 83' lang='lat' dir='ltr'><strong>latente</strong></span> <span class='ocrx_word' id='word_1_278' title='bbox 925 2109 978 2163; x_wconf 92' lang='lat' dir='ltr'><strong>in</strong></span> <span class='ocrx_word' id='word_1_279' title='bbox 1026 2106 1276 2163; x_wconf 80' lang='lat' dir='ltr'><strong>sensibus</strong></span> <span class='ocrx_word' id='word_1_280' title='bbox 1310 2106 1615 2162; x_wconf 84' lang='lat' dir='ltr'><strong>litterarum</strong></span> <span class='ocrx_word' id='word_1_281' title='bbox 1670 2108 1930 2187; x_wconf 77' lang='lat' dir='ltr'><strong>ipsarum,</strong></span> 
     </span>
    </p>
   </div>
   <div class='ocr_carea' id='block_1_40' title="bbox 370 2198 1929 2268">
    <p class='ocr_par' dir='ltr' id='par_1_40' title="bbox 370 2198 1929 2268">
     <span class='ocr_line' id='line_1_40' title="bbox 370 2198 1929 2268; baseline -0.001 -14"><span class='ocrx_word' id='word_1_282' title='bbox 370 2203 513 2256; x_wconf 88' lang='lat' dir='ltr'><strong>fovet</strong></span> <span class='ocrx_word' id='word_1_283' title='bbox 536 2214 589 2255; x_wconf 88' lang='lat' dir='ltr'><strong>et</strong></span> <span class='ocrx_word' id='word_1_284' title='bbox 615 2211 774 2256; x_wconf 92' lang='lat' dir='ltr'><strong>ornat</strong></span> <span class='ocrx_word' id='word_1_285' title='bbox 806 2201 1040 2255; x_wconf 87' lang='lat' dir='ltr'><strong>litteram</strong></span> <span class='ocrx_word' id='word_1_286' title='bbox 1068 2199 1433 2263; x_wconf 84' lang='lat' dir='ltr'><strong>occidentem,</strong></span> <span class='ocrx_word' id='word_1_287' title='bbox 1464 2198 1929 2268; x_wconf 89' lang='lat' dir='ltr'><strong>pulchritudinem</strong></span> 
     </span>
    </p>
   </div>
   <div class='ocr_carea' id='block_1_41' title="bbox 370 2288 1933 2363">
    <p class='ocr_par' dir='ltr' id='par_1_41' title="bbox 370 2288 1933 2363">
     <span class='ocr_line' id='line_1_41' title="bbox 370 2288 1933 2363; baseline -0.001 -17"><span class='ocrx_word' id='word_1_288' title='bbox 370 2293 670 2363; x_wconf 57' lang='lat' dir='ltr'><strong>prophetiae</strong></span> <span class='ocrx_word' id='word_1_289' title='bbox 711 2301 860 2346; x_wconf 89' lang='lat' dir='ltr'><strong>ratus</strong></span> <span class='ocrx_word' id='word_1_290' title='bbox 902 2292 1137 2361; x_wconf 89' lang='lat' dir='ltr'><strong>positam</strong></span> <span class='ocrx_word' id='word_1_291' title='bbox 1170 2303 1292 2343; x_wconf 86' lang='lat' dir='ltr'><strong>esse</strong></span> <span class='ocrx_word' id='word_1_292' title='bbox 1341 2290 1392 2343; x_wconf 92' lang='lat' dir='ltr'><strong>in</strong></span> <span class='ocrx_word' id='word_1_293' title='bbox 1430 2290 1572 2344; x_wconf 92' lang='lat' dir='ltr'><strong>nuda</strong></span> <span class='ocrx_word' id='word_1_294' title='bbox 1624 2288 1933 2345; x_wconf 90' lang='lat' dir='ltr'><strong>litterarum</strong></span> 
     </span>
    </p>
   </div>
   <div class='ocr_carea' id='block_1_42' title="bbox 370 2381 1935 2456">
    <p class='ocr_par' dir='ltr' id='par_1_42' title="bbox 370 2381 1935 2456">
     <span class='ocr_line' id='line_1_42' title="bbox 370 2381 1935 2456; baseline -0.002 -18"><span class='ocrx_word' id='word_1_295' title='bbox 370 2385 728 2455; x_wconf 84' lang='lat' dir='ltr'><strong>intelligentia</strong></span> <span class='ocrx_word' id='word_1_296' title='bbox 767 2387 944 2453; x_wconf 90' lang='lat' dir='ltr'><strong>:quod</strong></span> <span class='ocrx_word' id='word_1_297' title='bbox 978 2387 1194 2456; x_wconf 85' lang='lat' dir='ltr'><strong>quidem</strong></span> <span class='ocrx_word' id='word_1_298' title='bbox 1227 2384 1410 2440; x_wconf 89' lang='lat' dir='ltr'><strong>facere</strong></span> <span class='ocrx_word' id='word_1_299' title='bbox 1438 2383 1613 2440; x_wconf 89' lang='lat' dir='ltr'><strong>solent</strong></span> <span class='ocrx_word' id='word_1_300' title='bbox 1638 2393 1752 2438; x_wconf 92' lang='lat' dir='ltr'><strong>tum</strong></span> <span class='ocrx_word' id='word_1_301' title='bbox 1794 2381 1935 2436; x_wconf 85' lang='lat' dir='ltr'><strong>Pha-</strong></span> 
     </span>
    </p>
   </div>
   <div class='ocr_carea' id='block_1_43' title="bbox 370 2473 1934 2549">
    <p class='ocr_par' dir='ltr' id='par_1_43' title="bbox 370 2473 1934 2549">
     <span class='ocr_line' id='line_1_43' title="bbox 370 2473 1934 2549; baseline 0 -20"><span class='ocrx_word' id='word_1_302' title='bbox 370 2478 537 2540; x_wconf 78' lang='lat' dir='ltr'><strong>risaei,</strong></span> <span class='ocrx_word' id='word_1_303' title='bbox 569 2487 678 2530; x_wconf 90' lang='lat' dir='ltr'><strong>tum</strong></span> <span class='ocrx_word' id='word_1_304' title='bbox 704 2475 925 2542; x_wconf 78' lang='lat' dir='ltr'><strong>Scribte,</strong></span> <span class='ocrx_word' id='word_1_305' title='bbox 944 2478 1141 2549; x_wconf 88' lang='lat' dir='ltr'><strong>quibus</strong></span> <span class='ocrx_word' id='word_1_306' title='bbox 1169 2476 1319 2533; x_wconf 67' lang='lat' dir='ltr'><strong>«Van</strong></span> <span class='ocrx_word' id='word_1_307' title='bbox 1343 2476 1546 2531; x_wconf 88' lang='lat' dir='ltr'><strong>dicitur</strong></span> <span class='ocrx_word' id='word_1_308' title='bbox 1573 2490 1603 2530; x_wconf 89' lang='lat' dir='ltr'><strong>a</strong></span> <span class='ocrx_word' id='word_1_309' title='bbox 1627 2473 1934 2539; x_wconf 79' lang='lat' dir='ltr'><strong>Domino&quot;;</strong></span> 
     </span>
    </p>
   </div>
   <div class='ocr_carea' id='block_1_44' title="bbox 369 2566 1934 2640">
    <p class='ocr_par' dir='ltr' id='par_1_44' title="bbox 369 2566 1934 2640">
     <span class='ocr_line' id='line_1_44' title="bbox 369 2566 1934 2640; baseline -0.003 -17"><span class='ocrx_word' id='word_1_310' title='bbox 369 2585 598 2639; x_wconf 91' lang='lat' dir='ltr'><strong>quorum</strong></span> <span class='ocrx_word' id='word_1_311' title='bbox 619 2569 772 2624; x_wconf 88' lang='lat' dir='ltr'><strong>alteri</strong></span> <span class='ocrx_word' id='word_1_312' title='bbox 805 2584 996 2640; x_wconf 88' lang='lat' dir='ltr'><strong>nempe</strong></span> <span class='ocrx_word' id='word_1_313' title='bbox 1021 2572 1178 2626; x_wconf 74' lang='lat' dir='ltr'><strong>nuda:</strong></span> <span class='ocrx_word' id='word_1_314' title='bbox 1208 2570 1400 2624; x_wconf 68' lang='lat' dir='ltr'><strong>litterm</strong></span> <span class='ocrx_word' id='word_1_315' title='bbox 1426 2577 1784 2640; x_wconf 79' lang='lat' dir='ltr'><strong>cognomento</strong></span> <span class='ocrx_word' id='word_1_316' title='bbox 1807 2566 1934 2621; x_wconf 90' lang='lat' dir='ltr'><strong>dicti</strong></span> 
     </span>
    </p>
   </div>
   <div class='ocr_carea' id='block_1_45' title="bbox 362 2658 1937 2729">
    <p class='ocr_par' dir='ltr' id='par_1_45' title="bbox 362 2658 1937 2729">
     <span class='ocr_line' id='line_1_45' title="bbox 362 2658 1937 2729; baseline 0.001 -16"><span class='ocrx_word' id='word_1_317' title='bbox 362 2671 490 2716; x_wconf 89' lang='lat' dir='ltr'><strong>sunt</strong></span> <span class='ocrx_word' id='word_1_318' title='bbox 519 2661 810 2726; x_wconf 88' lang='lat' dir='ltr'><strong>Litterarii,</strong></span> <span class='ocrx_word' id='word_1_319' title='bbox 835 2661 948 2715; x_wconf 84' lang='lat' dir='ltr'><strong>sive</strong></span> <span class='ocrx_word' id='word_1_320' title='bbox 981 2660 1213 2727; x_wconf 69' lang='lat' dir='ltr'><strong>Scribze;</strong></span> <span class='ocrx_word' id='word_1_321' title='bbox 1249 2658 1506 2715; x_wconf 68' lang='lat' dir='ltr'><strong>Pharisaei</strong></span> <span class='ocrx_word' id='word_1_322' title='bbox 1531 2674 1680 2723; x_wconf 91' lang='lat' dir='ltr'><strong>vero,</strong></span> <span class='ocrx_word' id='word_1_323' title='bbox 1705 2674 1771 2715; x_wconf 90' lang='lat' dir='ltr'><strong>eo</strong></span> <span class='ocrx_word' id='word_1_324' title='bbox 1793 2658 1937 2729; x_wconf 91' lang='lat' dir='ltr'><strong>quod</strong></span> 
     </span>
    </p>
   </div>
   <div class='ocr_carea' id='block_1_46' title="bbox 363 2752 1939 2822">
    <p class='ocr_par' dir='ltr' id='par_1_46' title="bbox 363 2752 1939 2822">
     <span class='ocr_line' id='line_1_46' title="bbox 363 2752 1939 2822; baseline 0 -14"><span class='ocrx_word' id='word_1_325' title='bbox 363 2752 517 2808; x_wconf 87' lang='lat' dir='ltr'><strong>divisi</strong></span> <span class='ocrx_word' id='word_1_326' title='bbox 547 2763 694 2813; x_wconf 89' lang='lat' dir='ltr'><strong>sunt.</strong></span> <span class='ocrx_word' id='word_1_327' title='bbox 721 2752 1162 2822; x_wconf 81' lang='lat' dir='ltr'><strong>perdiderintque</strong></span> <span class='ocrx_word' id='word_1_328' title='bbox 1192 2752 1429 2808; x_wconf 90' lang='lat' dir='ltr'><strong>divinam</strong></span> <span class='ocrx_word' id='word_1_329' title='bbox 1463 2752 1726 2807; x_wconf 88' lang='lat' dir='ltr'><strong>unitatem</strong></span> <span class='ocrx_word' id='word_1_330' title='bbox 1763 2770 1774 2804; x_wconf 93' lang='lat'>:</span> <span class='ocrx_word' id='word_1_331' title='bbox 1812 2768 1939 2808; x_wconf 88' lang='lat' dir='ltr'><strong>nam</strong></span> 
     </span>
    </p>
   </div>
   <div class='ocr_carea' id='block_1_47' title="bbox 314 2842 1887 2914">
    <p class='ocr_par' dir='ltr' id='par_1_47' title="bbox 314 2842 1887 2914">
     <span class='ocr_line' id='line_1_47' title="bbox 314 2842 1887 2914; baseline 0.002 -19"><span class='ocrx_word' id='word_1_332' title='bbox 314 2848 317 2851; x_wconf 74' lang='grc'><em>’</em></span> <span class='ocrx_word' id='word_1_333' title='bbox 365 2842 640 2906; x_wconf 71' lang='grc' dir='ltr'>ΡΙιιιι-ἱεωί,</span> <span class='ocrx_word' id='word_1_334' title='bbox 674 2843 716 2896; x_wconf 88' lang='lat' dir='ltr'><strong>si</strong></span> <span class='ocrx_word' id='word_1_335' title='bbox 754 2843 1146 2912; x_wconf 83' lang='lat' dir='ltr'><strong>interpreteris,</strong></span> <span class='ocrx_word' id='word_1_336' title='bbox 1179 2843 1339 2898; x_wconf 92' lang='lat' dir='ltr'><strong>iidem</strong></span> <span class='ocrx_word' id='word_1_337' title='bbox 1364 2852 1492 2898; x_wconf 89' lang='lat' dir='ltr'><strong>sunt</strong></span> <span class='ocrx_word' id='word_1_338' title='bbox 1519 2851 1680 2914; x_wconf 87' lang='lat' dir='ltr'><strong>atque</strong></span> <span class='ocrx_word' id='word_1_339' title='bbox 1714 2844 1887 2899; x_wconf 79' lang='lat' dir='ltr'><strong>divisi.</strong></span> 
     </span>
    </p>
   </div>
   <div class='ocr_carea' id='block_1_48' title="bbox 427 2929 1927 3002">
    <p class='ocr_par' dir='ltr' id='par_1_48' title="bbox 427 2929 1927 3002">
     <span class='ocr_line' id='line_1_48' title="bbox 427 2929 1927 3002; baseline 0.003 -19"><span class='ocrx_word' id='word_1_340' title='bbox 427 2929 516 2984; x_wconf 79' lang='lat'><strong>55.</strong></span> <span class='ocrx_word' id='word_1_341' title='bbox 567 2948 586 2981; x_wconf 84' lang='grc' dir='ltr'><strong>ι</strong></span> <span class='ocrx_word' id='word_1_342' title='bbox 616 2929 747 2985; x_wconf 85' lang='lat' dir='ltr'><strong>Cum</strong></span> <span class='ocrx_word' id='word_1_343' title='bbox 800 2947 927 3001; x_wconf 75' lang='lat' dir='ltr'><strong>ergo</strong></span> <span class='ocrx_word' id='word_1_344' title='bbox 964 2933 1110 2987; x_wconf 89' lang='lat' dir='ltr'><strong>venit</strong></span> <span class='ocrx_word' id='word_1_345' title='bbox 1163 2932 1215 2986; x_wconf 87' lang='lat' dir='ltr'><strong>in</strong></span> <span class='ocrx_word' id='word_1_346' title='bbox 1262 2930 1566 2998; x_wconf 76' lang='lat' dir='ltr'><strong>Galilaeam,</strong></span> <span class='ocrx_word' id='word_1_347' title='bbox 1602 2944 1927 3002; x_wconf 86' lang='lat' dir='ltr'><strong>receperunt</strong></span> 
     </span>
    </p>
   </div>
   <div class='ocr_carea' id='block_1_49' title="bbox 355 3022 1929 3097">
    <p class='ocr_par' dir='ltr' id='par_1_49' title="bbox 355 3022 1929 3097">
     <span class='ocr_line' id='line_1_49' title="bbox 355 3022 1929 3097; baseline 0.001 -20"><span class='ocrx_word' id='word_1_348' title='bbox 355 3038 480 3077; x_wconf 89' lang='lat' dir='ltr'><strong>eum</strong></span> <span class='ocrx_word' id='word_1_349' title='bbox 508 3022 740 3087; x_wconf 81' lang='lat' dir='ltr'><strong>Galilaei,</strong></span> <span class='ocrx_word' id='word_1_350' title='bbox 770 3034 826 3076; x_wconf 92' lang='lat' dir='ltr'><strong>nt</strong></span> <span class='ocrx_word' id='word_1_351' title='bbox 855 3025 947 3094; x_wconf 90' lang='lat' dir='ltr'><strong>qui</strong></span> <span class='ocrx_word' id='word_1_352' title='bbox 983 3025 1243 3080; x_wconf 87' lang='lat' dir='ltr'><strong>vidissent</strong></span> <span class='ocrx_word' id='word_1_353' title='bbox 1282 3026 1619 3094; x_wconf 66' lang='lat' dir='ltr'><strong>omniaquae</strong></span> <span class='ocrx_word' id='word_1_354' title='bbox 1653 3024 1929 3097; x_wconf 82' lang='lat' dir='ltr'><strong>Jerosoly-</strong></span> 
     </span>
    </p>
   </div>
   <div class='ocr_carea' id='block_1_50' title="bbox 358 3116 1929 3188">
    <p class='ocr_par' dir='ltr' id='par_1_50' title="bbox 358 3116 1929 3188">
     <span class='ocr_line' id='line_1_50' title="bbox 358 3116 1929 3188; baseline 0.003 -19"><span class='ocrx_word' id='word_1_355' title='bbox 358 3117 462 3169; x_wconf 88' lang='lat' dir='ltr'><strong>mis</strong></span> <span class='ocrx_word' id='word_1_356' title='bbox 492 3116 711 3171; x_wconf 79' lang='lat' dir='ltr'><strong>fecisset</strong></span> <span class='ocrx_word' id='word_1_357' title='bbox 745 3118 796 3170; x_wconf 91' lang='lat' dir='ltr'><strong>in</strong></span> <span class='ocrx_word' id='word_1_358' title='bbox 827 3118 914 3171; x_wconf 91' lang='lat' dir='ltr'><strong>die</strong></span> <span class='ocrx_word' id='word_1_359' title='bbox 958 3116 1131 3172; x_wconf 85' lang='lat' dir='ltr'><strong>festo:</strong></span> <span class='ocrx_word' id='word_1_360' title='bbox 1162 3129 1217 3172; x_wconf 83' lang='lat' dir='ltr'><strong>et</strong></span> <span class='ocrx_word' id='word_1_361' title='bbox 1253 3117 1350 3188; x_wconf 91' lang='lat' dir='ltr'><strong>ipsi</strong></span> <span class='ocrx_word' id='word_1_362' title='bbox 1392 3119 1536 3173; x_wconf 90' lang='lat' dir='ltr'><strong>enim</strong></span> <span class='ocrx_word' id='word_1_363' title='bbox 1574 3132 1839 3176; x_wconf 87' lang='lat' dir='ltr'><strong>venerant</strong></span> <span class='ocrx_word' id='word_1_364' title='bbox 1862 3122 1929 3175; x_wconf 84' lang='lat' dir='ltr'><strong>ad</strong></span> 
     </span>
    </p>
   </div>
   <div class='ocr_carea' id='block_1_51' title="bbox 356 3209 1929 3282">
    <p class='ocr_par' dir='ltr' id='par_1_51' title="bbox 356 3209 1929 3282">
     <span class='ocr_line' id='line_1_51' title="bbox 356 3209 1929 3282; baseline 0.003 -21"><span class='ocrx_word' id='word_1_365' title='bbox 356 3209 497 3262; x_wconf 90' lang='lat' dir='ltr'><strong>diem</strong></span> <span class='ocrx_word' id='word_1_366' title='bbox 544 3209 826 3264; x_wconf 72' lang='lat' dir='ltr'><strong>festum“.</strong></span> <span class='ocrx_word' id='word_1_367' title='bbox 859 3228 878 3261; x_wconf 83' lang='grc' dir='ltr'><strong>ι</strong></span> <span class='ocrx_word' id='word_1_368' title='bbox 919 3210 1146 3282; x_wconf 81' lang='lat' dir='ltr'><strong>Dignum</strong></span> <span class='ocrx_word' id='word_1_369' title='bbox 1178 3221 1261 3266; x_wconf 86' lang='lat' dir='ltr'><strong>est</strong></span> <span class='ocrx_word' id='word_1_370' title='bbox 1303 3220 1361 3264; x_wconf 92' lang='lat' dir='ltr'><strong>ut</strong></span> <span class='ocrx_word' id='word_1_371' title='bbox 1393 3211 1673 3266; x_wconf 85' lang='lat' dir='ltr'><strong>videamus</strong></span> <span class='ocrx_word' id='word_1_372' title='bbox 1705 3226 1929 3267; x_wconf 86' lang='lat' dir='ltr'><strong>causam</strong></span> 
     </span>
    </p>
   </div>
   <div class='ocr_carea' id='block_1_52' title="bbox 354 3300 1927 3371">
    <p class='ocr_par' dir='ltr' id='par_1_52' title="bbox 354 3300 1927 3371">
     <span class='ocr_line' id='line_1_52' title="bbox 354 3300 1927 3371; baseline 0.004 -20"><span class='ocrx_word' id='word_1_373' title='bbox 354 3306 577 3369; x_wconf 84' lang='lat' dir='ltr'><strong>propter</strong></span> <span class='ocrx_word' id='word_1_374' title='bbox 603 3316 764 3369; x_wconf 92' lang='lat' dir='ltr'><strong>quam</strong></span> <span class='ocrx_word' id='word_1_375' title='bbox 791 3303 1100 3371; x_wconf 83' lang='lat' dir='ltr'><strong>receperint</strong></span> <span class='ocrx_word' id='word_1_376' title='bbox 1121 3300 1327 3357; x_wconf 69' lang='lat' dir='ltr'><strong>Galiltei</strong></span> <span class='ocrx_word' id='word_1_377' title='bbox 1362 3301 1706 3358; x_wconf 81' lang='lat' dir='ltr'><strong>Servatorem</strong></span> <span class='ocrx_word' id='word_1_378' title='bbox 1729 3304 1784 3357; x_wconf 93' lang='lat' dir='ltr'><strong>in</strong></span> <span class='ocrx_word' id='word_1_379' title='bbox 1816 3303 1927 3359; x_wconf 85' lang='lat' dir='ltr'><strong>Ga-</strong></span> 
     </span>
    </p>
   </div>
   <div class='ocr_carea' id='block_1_53' title="bbox 356 3391 1928 3464">
    <p class='ocr_par' dir='ltr' id='par_1_53' title="bbox 356 3391 1928 3464">
     <span class='ocr_line' id='line_1_53' title="bbox 356 3391 1928 3464; baseline 0.003 -19"><span class='ocrx_word' id='word_1_380' title='bbox 356 3391 549 3447; x_wconf 66' lang='lat' dir='ltr'><strong>lilaaam</strong></span> <span class='ocrx_word' id='word_1_381' title='bbox 599 3394 925 3463; x_wconf 83' lang='lat' dir='ltr'><strong>profectum,</strong></span> <span class='ocrx_word' id='word_1_382' title='bbox 969 3411 1095 3451; x_wconf 88' lang='lat' dir='ltr'><strong>nutn</strong></span> <span class='ocrx_word' id='word_1_383' title='bbox 1140 3404 1287 3449; x_wconf 87' lang='lat' dir='ltr'><strong>tanta</strong></span> <span class='ocrx_word' id='word_1_384' title='bbox 1325 3394 1416 3460; x_wconf 89' lang='lat' dir='ltr'><strong>sit,</strong></span> <span class='ocrx_word' id='word_1_385' title='bbox 1449 3402 1507 3449; x_wconf 90' lang='lat' dir='ltr'><strong>ut</strong></span> <span class='ocrx_word' id='word_1_386' title='bbox 1549 3396 1602 3449; x_wconf 91' lang='lat' dir='ltr'><strong>in</strong></span> <span class='ocrx_word' id='word_1_387' title='bbox 1652 3404 1928 3464; x_wconf 89' lang='lat' dir='ltr'><strong>stuporem</strong></span> 
     </span>
    </p>
   </div>
   <div class='ocr_carea' id='block_1_54' title="bbox 359 3487 1931 3561">
    <p class='ocr_par' dir='ltr' id='par_1_54' title="bbox 359 3487 1931 3561">
     <span class='ocr_line' id='line_1_54' title="bbox 359 3487 1931 3561; baseline 0.003 -21"><span class='ocrx_word' id='word_1_388' title='bbox 359 3488 894 3561; x_wconf 85' lang='lat' dir='ltr'><strong>admirationemque</strong></span> <span class='ocrx_word' id='word_1_389' title='bbox 940 3489 1255 3545; x_wconf 86' lang='lat' dir='ltr'><strong>Servatoris</strong></span> <span class='ocrx_word' id='word_1_390' title='bbox 1302 3487 1535 3558; x_wconf 85' lang='lat' dir='ltr'><strong>conjectl</strong></span> <span class='ocrx_word' id='word_1_391' title='bbox 1585 3490 1736 3547; x_wconf 91' lang='lat' dir='ltr'><strong>illum</strong></span> <span class='ocrx_word' id='word_1_392' title='bbox 1781 3492 1931 3546; x_wconf 84' lang='lat' dir='ltr'><strong>exei-</strong></span> 
     </span>
    </p>
   </div>
   <div class='ocr_carea' id='block_1_55' title="bbox 359 3581 1929 3652">
    <p class='ocr_par' dir='ltr' id='par_1_55' title="bbox 359 3581 1929 3652">
     <span class='ocr_line' id='line_1_55' title="bbox 359 3581 1929 3652; baseline 0.003 -20"><span class='ocrx_word' id='word_1_393' title='bbox 359 3581 509 3650; x_wconf 83' lang='lat' dir='ltr'><strong>piant</strong></span> <span class='ocrx_word' id='word_1_394' title='bbox 533 3592 823 3652; x_wconf 77' lang='lat' dir='ltr'><strong>:przeterea</strong></span> <span class='ocrx_word' id='word_1_395' title='bbox 842 3584 908 3637; x_wconf 86' lang='lat' dir='ltr'><strong>ad</strong></span> <span class='ocrx_word' id='word_1_396' title='bbox 926 3598 1046 3652; x_wconf 50' lang='lat' dir='ltr'><strong>quae.</strong></span> <span class='ocrx_word' id='word_1_397' title='bbox 1074 3581 1419 3638; x_wconf 88' lang='lat' dir='ltr'><strong>referendum</strong></span> <span class='ocrx_word' id='word_1_398' title='bbox 1452 3581 1526 3637; x_wconf 86' lang='lat' dir='ltr'><strong>sit</strong></span> <span class='ocrx_word' id='word_1_399' title='bbox 1568 3582 1673 3638; x_wconf 85' lang='lat' dir='ltr'><strong>hoc</strong></span> <span class='ocrx_word' id='word_1_400' title='bbox 1700 3584 1929 3649; x_wconf 87' lang='lat' dir='ltr'><strong>dictum,</strong></span> 
     </span>
    </p>
   </div>
   <div class='ocr_carea' id='block_1_56' title="bbox 359 3676 1930 3748">
    <p class='ocr_par' dir='ltr' id='par_1_56' title="bbox 359 3676 1930 3748">
     <span class='ocr_line' id='line_1_56' title="bbox 359 3676 1930 3748; baseline 0.004 -23"><span class='ocrx_word' id='word_1_401' title='bbox 359 3676 584 3743; x_wconf 87' lang='lat' dir='ltr'><strong>perinde</strong></span> <span class='ocrx_word' id='word_1_402' title='bbox 608 3677 763 3746; x_wconf 88' lang='lat' dir='ltr'><strong>quasi</strong></span> <span class='ocrx_word' id='word_1_403' title='bbox 802 3678 969 3733; x_wconf 88' lang='lat' dir='ltr'><strong>multa</strong></span> <span class='ocrx_word' id='word_1_404' title='bbox 1003 3687 1189 3734; x_wconf 89' lang='lat' dir='ltr'><strong>essent</strong></span> <span class='ocrx_word' id='word_1_405' title='bbox 1220 3693 1341 3748; x_wconf 76' lang='lat' dir='ltr'><strong>qua:</strong></span> <span class='ocrx_word' id='word_1_406' title='bbox 1374 3676 1732 3748; x_wconf 82' lang='lat' dir='ltr'><strong>Jerosolymis</strong></span> <span class='ocrx_word' id='word_1_407' title='bbox 1765 3676 1930 3733; x_wconf 88' lang='lat' dir='ltr'><strong>fecis-</strong></span> 
     </span>
    </p>
   </div>
   <div class='ocr_carea' id='block_1_57' title="bbox 358 3765 1932 3838">
    <p class='ocr_par' dir='ltr' id='par_1_57' title="bbox 358 3765 1932 3838">
     <span class='ocr_line' id='line_1_57' title="bbox 358 3765 1932 3838; baseline 0.002 -18"><span class='ocrx_word' id='word_1_408' title='bbox 358 3776 444 3820; x_wconf 80' lang='lat' dir='ltr'><strong>set</strong></span> <span class='ocrx_word' id='word_1_409' title='bbox 488 3765 683 3835; x_wconf 83' lang='lat' dir='ltr'><strong>Jesus;</strong></span> <span class='ocrx_word' id='word_1_410' title='bbox 717 3786 737 3819; x_wconf 77' lang='grc' dir='ltr'><strong>ι</strong></span> <span class='ocrx_word' id='word_1_411' title='bbox 767 3785 888 3822; x_wconf 82' lang='lat' dir='ltr'><strong>cum</strong></span> <span class='ocrx_word' id='word_1_412' title='bbox 918 3769 1103 3823; x_wconf 89' lang='lat' dir='ltr'><strong>omnia</strong></span> <span class='ocrx_word' id='word_1_413' title='bbox 1138 3767 1404 3825; x_wconf 88' lang='lat' dir='ltr'><strong>vidissent</strong></span> <span class='ocrx_word' id='word_1_414' title='bbox 1436 3784 1557 3838; x_wconf 61' lang='lat' dir='ltr'><strong>quae</strong></span> <span class='ocrx_word' id='word_1_415' title='bbox 1585 3767 1806 3824; x_wconf 84' lang='lat' dir='ltr'><strong>fecisset</strong></span> <span class='ocrx_word' id='word_1_416' title='bbox 1837 3766 1932 3823; x_wconf 82' lang='lat' dir='ltr'><strong>Je-</strong></span> 
     </span>
    </p>
   </div>
   <div class='ocr_carea' id='block_1_58' title="bbox 360 3857 1928 3930">
    <p class='ocr_par' dir='ltr' id='par_1_58' title="bbox 360 3857 1928 3930">
     <span class='ocr_line' id='line_1_58' title="bbox 360 3857 1928 3930; baseline -0.001 -19"><span class='ocrx_word' id='word_1_417' title='bbox 360 3858 648 3930; x_wconf 83' lang='lat' dir='ltr'><strong>rosolymis</strong></span> <span class='ocrx_word' id='word_1_418' title='bbox 685 3862 738 3914; x_wconf 92' lang='lat' dir='ltr'><strong>in</strong></span> <span class='ocrx_word' id='word_1_419' title='bbox 784 3861 870 3916; x_wconf 91' lang='lat' dir='ltr'><strong>die</strong></span> <span class='ocrx_word' id='word_1_420' title='bbox 908 3860 1109 3916; x_wconf 66' lang='lat' dir='ltr'><strong>festo.)</strong></span> <span class='ocrx_word' id='word_1_421' title='bbox 1145 3857 1252 3914; x_wconf 87' lang='lat' dir='ltr'><strong>Sed</strong></span> <span class='ocrx_word' id='word_1_422' title='bbox 1302 3874 1371 3915; x_wconf 88' lang='lat' dir='ltr'><strong>ne</strong></span> <span class='ocrx_word' id='word_1_423' title='bbox 1420 3858 1668 3930; x_wconf 87' lang='lat' dir='ltr'><strong>superius</strong></span> <span class='ocrx_word' id='word_1_424' title='bbox 1712 3859 1928 3929; x_wconf 89' lang='lat' dir='ltr'><strong>quidem</strong></span> 
     </span>
    </p>
   </div>
   <div class='ocr_carea' id='block_1_59' title="bbox 358 3951 1930 4024">
    <p class='ocr_par' dir='ltr' id='par_1_59' title="bbox 358 3951 1930 4024">
     <span class='ocr_line' id='line_1_59' title="bbox 358 3951 1930 4024; baseline 0.001 -18"><span class='ocrx_word' id='word_1_425' title='bbox 358 3953 653 4023; x_wconf 89' lang='lat' dir='ltr'><strong>quidquam</strong></span> <span class='ocrx_word' id='word_1_426' title='bbox 694 3954 1022 4017; x_wconf 86' lang='lat' dir='ltr'><strong>invenimus,</strong></span> <span class='ocrx_word' id='word_1_427' title='bbox 1070 3954 1173 4008; x_wconf 90' lang='lat' dir='ltr'><strong>nisi</strong></span> <span class='ocrx_word' id='word_1_428' title='bbox 1206 3954 1334 4024; x_wconf 91' lang='lat' dir='ltr'><strong>quia</strong></span> <span class='ocrx_word' id='word_1_429' title='bbox 1362 3973 1382 4007; x_wconf 78' lang='grc' dir='ltr'><strong>ι</strong></span> <span class='ocrx_word' id='word_1_430' title='bbox 1415 3954 1624 4009; x_wconf 88' lang='lat' dir='ltr'><strong>invenit</strong></span> <span class='ocrx_word' id='word_1_431' title='bbox 1649 3953 1702 4007; x_wconf 92' lang='lat' dir='ltr'><strong>in</strong></span> <span class='ocrx_word' id='word_1_432' title='bbox 1731 3951 1930 4022; x_wconf 88' lang='lat' dir='ltr'><strong>templo</strong></span> 
     </span>
    </p>
   </div>
   <div class='ocr_carea' id='block_1_60' title="bbox 356 4043 1932 4117">
    <p class='ocr_par' dir='ltr' id='par_1_60' title="bbox 356 4043 1932 4117">
     <span class='ocr_line' id='line_1_60' title="bbox 356 4043 1932 4117; baseline -0.001 -18"><span class='ocrx_word' id='word_1_433' title='bbox 356 4045 653 4100; x_wconf 87' lang='lat' dir='ltr'><strong>vendentes</strong></span> <span class='ocrx_word' id='word_1_434' title='bbox 710 4047 874 4117; x_wconf 78' lang='lat'><strong>270</strong></span> <span class='ocrx_word' id='word_1_435' title='bbox 915 4047 1102 4113; x_wconf 86' lang='lat' dir='ltr'><strong>boves,</strong></span> <span class='ocrx_word' id='word_1_436' title='bbox 1152 4056 1209 4101; x_wconf 91' lang='lat' dir='ltr'><strong>et</strong></span> <span class='ocrx_word' id='word_1_437' title='bbox 1262 4060 1416 4113; x_wconf 90' lang='lat' dir='ltr'><strong>oves,</strong></span> <span class='ocrx_word' id='word_1_438' title='bbox 1457 4053 1513 4100; x_wconf 91' lang='lat' dir='ltr'><strong>et</strong></span> <span class='ocrx_word' id='word_1_439' title='bbox 1542 4043 1845 4109; x_wconf 87' lang='lat' dir='ltr'><strong>columbas,</strong></span> <span class='ocrx_word' id='word_1_440' title='bbox 1877 4055 1932 4099; x_wconf 91' lang='lat' dir='ltr'><strong>et</strong></span> 
     </span>
    </p>
   </div>
   <div class='ocr_carea' id='block_1_61' title="bbox 360 4136 1928 4208">
    <p class='ocr_par' dir='ltr' id='par_1_61' title="bbox 360 4136 1928 4208">
     <span class='ocr_line' id='line_1_61' title="bbox 360 4136 1928 4208; baseline -0.001 -14"><span class='ocrx_word' id='word_1_441' title='bbox 360 4138 668 4194; x_wconf 88' lang='lat' dir='ltr'><strong>mensarios</strong></span> <span class='ocrx_word' id='word_1_442' title='bbox 721 4140 995 4202; x_wconf 88' lang='lat' dir='ltr'><strong>sedentes,</strong></span> <span class='ocrx_word' id='word_1_443' title='bbox 1044 4139 1299 4208; x_wconf 84' lang='lat' dir='ltr'><strong>factoque</strong></span> <span class='ocrx_word' id='word_1_444' title='bbox 1340 4151 1371 4192; x_wconf 90' lang='lat' dir='ltr'><strong>e</strong></span> <span class='ocrx_word' id='word_1_445' title='bbox 1407 4137 1662 4193; x_wconf 89' lang='lat' dir='ltr'><strong>funiculis</strong></span> <span class='ocrx_word' id='word_1_446' title='bbox 1691 4136 1928 4208; x_wconf 80' lang='lat' dir='ltr'><strong>ﬂagello,</strong></span> 
     </span>
    </p>
   </div>
   <div class='ocr_carea' id='block_1_62' title="bbox 365 4229 1929 4303">
    <p class='ocr_par' dir='ltr' id='par_1_62' title="bbox 365 4229 1929 4303">
     <span class='ocr_line' id='line_1_62' title="bbox 365 4229 1929 4303; baseline -0.001 -17"><span class='ocrx_word' id='word_1_447' title='bbox 365 4246 559 4288; x_wconf 89' lang='lat' dir='ltr'><strong>omnes</strong></span> <span class='ocrx_word' id='word_1_448' title='bbox 584 4246 615 4286; x_wconf 92' lang='lat' dir='ltr'><strong>e</strong></span> <span class='ocrx_word' id='word_1_449' title='bbox 652 4232 851 4303; x_wconf 88' lang='lat' dir='ltr'><strong>templo</strong></span> <span class='ocrx_word' id='word_1_450' title='bbox 885 4229 1064 4300; x_wconf 83' lang='lat' dir='ltr'><strong>ejecit,</strong></span> <span class='ocrx_word' id='word_1_451' title='bbox 1113 4240 1224 4284; x_wconf 92' lang='lat' dir='ltr'><strong>tum</strong></span> <span class='ocrx_word' id='word_1_452' title='bbox 1273 4244 1428 4296; x_wconf 89' lang='lat' dir='ltr'><strong>oves,</strong></span> <span class='ocrx_word' id='word_1_453' title='bbox 1484 4240 1597 4285; x_wconf 90' lang='lat' dir='ltr'><strong>tum</strong></span> <span class='ocrx_word' id='word_1_454' title='bbox 1652 4230 1840 4299; x_wconf 82' lang='lat' dir='ltr'><strong>boves,</strong></span> <span class='ocrx_word' id='word_1_455' title='bbox 1873 4240 1929 4285; x_wconf 93' lang='lat' dir='ltr'><strong>et</strong></span> 
     </span>
    </p>
   </div>
   <div class='ocr_carea' id='block_1_63' title="bbox 2036 1826 3591 1899">
    <p class='ocr_par' dir='ltr' id='par_1_63' title="bbox 2036 1826 3591 1899">
     <span class='ocr_line' id='line_1_63' title="bbox 2036 1826 3591 1899; baseline -0.001 -16"><span class='ocrx_word' id='word_1_456' title='bbox 2036 1830 2282 1899; x_wconf 86' lang='grc' dir='ltr'>κοδομεῖν</span> <span class='ocrx_word' id='word_1_457' title='bbox 2331 1828 2390 1882; x_wconf 87' lang='grc' dir='ltr'><strong>δέ</strong></span> <span class='ocrx_word' id='word_1_458' title='bbox 2421 1830 2536 1881; x_wconf 89' lang='grc' dir='ltr'>ἐστι</span> <span class='ocrx_word' id='word_1_459' title='bbox 2583 1827 2652 1881; x_wconf 76' lang='grc' dir='ltr'>τὰ</span> <span class='ocrx_word' id='word_1_460' title='bbox 2705 1830 2945 1898; x_wconf 84' lang='grc' dir='ltr'>μνημεῖα</span> <span class='ocrx_word' id='word_1_461' title='bbox 2994 1826 3101 1879; x_wconf 89' lang='grc' dir='ltr'><strong>τῶν</strong></span> <span class='ocrx_word' id='word_1_462' title='bbox 3148 1826 3460 1898; x_wconf 81' lang='grc' dir='ltr'>προφητῶν,</span> <span class='ocrx_word' id='word_1_463' title='bbox 3508 1828 3591 1882; x_wconf 80' lang='grc' dir='ltr'>καὶ</span> 
     </span>
    </p>
   </div>
   <div class='ocr_carea' id='block_1_64' title="bbox 2035 1918 3592 1992">
    <p class='ocr_par' dir='ltr' id='par_1_64' title="bbox 2035 1918 3592 1992">
     <span class='ocr_line' id='line_1_64' title="bbox 2035 1918 3592 1992; baseline 0.001 -18"><span class='ocrx_word' id='word_1_464' title='bbox 2035 1923 2258 1992; x_wconf 84' lang='grc' dir='ltr'>κοσμεῖν</span> <span class='ocrx_word' id='word_1_465' title='bbox 2289 1919 2450 1984; x_wconf 83' lang='grc' dir='ltr'>αὐτὰ,</span> <span class='ocrx_word' id='word_1_466' title='bbox 2484 1921 2593 1982; x_wconf 81' lang='grc' dir='ltr'>ὅτε,</span> <span class='ocrx_word' id='word_1_467' title='bbox 2628 1919 2687 1972; x_wconf 87' lang='grc' dir='ltr'><strong>τὸ</strong></span> <span class='ocrx_word' id='word_1_468' title='bbox 2716 1918 3012 1983; x_wconf 77' lang='grc' dir='ltr'>ζωοποιοῦν</span> <span class='ocrx_word' id='word_1_469' title='bbox 3055 1919 3275 1990; x_wconf 83' lang='grc' dir='ltr'>πνεῦμα</span> <span class='ocrx_word' id='word_1_470' title='bbox 3302 1918 3592 1976; x_wconf 78' lang='grc' dir='ltr'>καταλιπών</span> 
     </span>
    </p>
   </div>
   <div class='ocr_carea' id='block_1_65' title="bbox 2034 2009 3591 2085">
    <p class='ocr_par' dir='ltr' id='par_1_65' title="bbox 2034 2009 3591 2085">
     <span class='ocr_line' id='line_1_65' title="bbox 2034 2009 3591 2085; baseline -0.001 -19"><span class='ocrx_word' id='word_1_471' title='bbox 2034 2031 2116 2075; x_wconf 84' lang='grc' dir='ltr'><strong>τις</strong></span> <span class='ocrx_word' id='word_1_472' title='bbox 2139 2015 2199 2067; x_wconf 84' lang='grc' dir='ltr'><strong>τὸ</strong></span> <span class='ocrx_word' id='word_1_473' title='bbox 2224 2014 2523 2085; x_wconf 75' lang='grc' dir='ltr'>ἐνυπάρχον</span> <span class='ocrx_word' id='word_1_474' title='bbox 2543 2014 2654 2076; x_wconf 90' lang='grc' dir='ltr'>τοῖς</span> <span class='ocrx_word' id='word_1_475' title='bbox 2679 2009 2981 2082; x_wconf 82' lang='grc' dir='ltr'>βουλήμασι</span> <span class='ocrx_word' id='word_1_476' title='bbox 3002 2009 3112 2064; x_wconf 88' lang='grc' dir='ltr'><strong>τῶν</strong></span> <span class='ocrx_word' id='word_1_477' title='bbox 3143 2011 3481 2083; x_wconf 78' lang='grc' dir='ltr'>γραμμάτων</span> <span class='ocrx_word' id='word_1_478' title='bbox 3505 2012 3591 2066; x_wconf 83' lang='grc' dir='ltr'>αύ-</span> 
     </span>
    </p>
   </div>
   <div class='ocr_carea' id='block_1_66' title="bbox 2036 2103 3591 2177">
    <p class='ocr_par' dir='ltr' id='par_1_66' title="bbox 2036 2103 3591 2177">
     <span class='ocr_line' id='line_1_66' title="bbox 2036 2103 3591 2177; baseline -0.001 -18"><span class='ocrx_word' id='word_1_479' title='bbox 2036 2106 2160 2166; x_wconf 86' lang='grc' dir='ltr'>τῶν,</span> <span class='ocrx_word' id='word_1_480' title='bbox 2193 2104 2442 2177; x_wconf 84' lang='grc' dir='ltr'>περιέπει</span> <span class='ocrx_word' id='word_1_481' title='bbox 2477 2105 2572 2157; x_wconf 72' lang='grc' dir='ltr'><strong>καὶ</strong></span> <span class='ocrx_word' id='word_1_482' title='bbox 2601 2107 2925 2175; x_wconf 89' lang='grc' dir='ltr'>περικοσμεῖ</span> <span class='ocrx_word' id='word_1_483' title='bbox 2975 2103 3036 2159; x_wconf 84' lang='grc' dir='ltr'><strong>τὸ</strong></span> <span class='ocrx_word' id='word_1_484' title='bbox 3077 2106 3397 2158; x_wconf 87' lang='grc' dir='ltr'>ὰποκτεῑνον</span> <span class='ocrx_word' id='word_1_485' title='bbox 3426 2105 3591 2177; x_wconf 86' lang='grc' dir='ltr'>γράμ-</span> 
     </span>
    </p>
   </div>
   <div class='ocr_carea' id='block_1_67' title="bbox 2040 2196 3592 2272">
    <p class='ocr_par' dir='ltr' id='par_1_67' title="bbox 2040 2196 3592 2272">
     <span class='ocr_line' id='line_1_67' title="bbox 2040 2196 3592 2272; baseline -0.002 -19"><span class='ocrx_word' id='word_1_486' title='bbox 2040 2216 2135 2272; x_wconf 90' lang='grc' dir='ltr'><strong>μα,</strong></span> <span class='ocrx_word' id='word_1_487' title='bbox 2168 2198 2229 2252; x_wconf 81' lang='grc' dir='ltr'><strong>τὸ</strong></span> <span class='ocrx_word' id='word_1_488' title='bbox 2275 2197 2467 2261; x_wconf 82' lang='grc' dir='ltr'>κάλλος</span> <span class='ocrx_word' id='word_1_489' title='bbox 2510 2197 2751 2269; x_wconf 86' lang='grc' dir='ltr'>οίόμενος</span> <span class='ocrx_word' id='word_1_490' title='bbox 2780 2197 2881 2267; x_wconf 86' lang='grc' dir='ltr'><strong>τῆς</strong></span> <span class='ocrx_word' id='word_1_491' title='bbox 2924 2196 3256 2268; x_wconf 79' lang='grc' dir='ltr'>προφητείας</span> <span class='ocrx_word' id='word_1_492' title='bbox 3291 2197 3353 2249; x_wconf 82' lang='grc' dir='ltr'><strong>ἐν</strong></span> <span class='ocrx_word' id='word_1_493' title='bbox 3390 2200 3452 2269; x_wconf 80' lang='grc' dir='ltr'>τῇ</span> <span class='ocrx_word' id='word_1_494' title='bbox 3480 2197 3592 2269; x_wconf 78' lang='grc' dir='ltr'>ψιλῇ</span> 
     </span>
    </p>
   </div>
   <div class='ocr_carea' id='block_1_68' title="bbox 2037 2287 3595 2362">
    <p class='ocr_par' dir='ltr' id='par_1_68' title="bbox 2037 2287 3595 2362">
     <span class='ocr_line' id='line_1_68' title="bbox 2037 2287 3595 2362; baseline -0.001 -17"><span class='ocrx_word' id='word_1_495' title='bbox 2037 2288 2174 2346; x_wconf 79' lang='grc' dir='ltr'>εἶναι</span> <span class='ocrx_word' id='word_1_496' title='bbox 2204 2291 2398 2362; x_wconf 80' lang='grc' dir='ltr'>ἐκδοχῇ</span> <span class='ocrx_word' id='word_1_497' title='bbox 2446 2288 2538 2343; x_wconf 80' lang='grc' dir='ltr'>τοῦ</span> <span class='ocrx_word' id='word_1_498' title='bbox 2582 2289 2929 2361; x_wconf 81' lang='grc' dir='ltr'>γράμματος,</span> <span class='ocrx_word' id='word_1_499' title='bbox 2968 2290 3169 2360; x_wconf 82' lang='grc' dir='ltr'>Ἔργον</span> <span class='ocrx_word' id='word_1_500' title='bbox 3223 2288 3280 2342; x_wconf 86' lang='grc' dir='ltr'><strong>δὲ</strong></span> <span class='ocrx_word' id='word_1_501' title='bbox 3324 2287 3477 2343; x_wconf 80' lang='grc' dir='ltr'>τοῦτο</span> <span class='ocrx_word' id='word_1_502' title='bbox 3501 2288 3595 2343; x_wconf 88' lang='grc' dir='ltr'><strong>τῶν</strong></span> 
     </span>
    </p>
   </div>
   <div class='ocr_carea' id='block_1_69' title="bbox 2035 2381 3595 2455">
    <p class='ocr_par' dir='ltr' id='par_1_69' title="bbox 2035 2381 3595 2455">
     <span class='ocr_line' id='line_1_69' title="bbox 2035 2381 3595 2455; baseline -0.002 -17"><span class='ocrx_word' id='word_1_503' title='bbox 2035 2383 2467 2455; x_wconf 74' lang='grc' dir='ltr'>ταλανιζομένων</span> <span class='ocrx_word' id='word_1_504' title='bbox 2512 2382 2619 2437; x_wconf 85' lang='grc' dir='ltr'><strong>ἀπὸ</strong></span> <span class='ocrx_word' id='word_1_505' title='bbox 2669 2381 2761 2435; x_wconf 79' lang='grc' dir='ltr'>τοῦ</span> <span class='ocrx_word' id='word_1_506' title='bbox 2813 2381 3019 2453; x_wconf 81' lang='grc' dir='ltr'>Κυρίου</span> <span class='ocrx_word' id='word_1_507' title='bbox 3068 2382 3462 2453; x_wconf 86' lang='grc' dir='ltr'>γραμματέων,</span> <span class='ocrx_word' id='word_1_508' title='bbox 3514 2382 3595 2435; x_wconf 73' lang='grc' dir='ltr'><strong>καὶ</strong></span> 
     </span>
    </p>
   </div>
   <div class='ocr_carea' id='block_1_70' title="bbox 2035 2471 3596 2548">
    <p class='ocr_par' dir='ltr' id='par_1_70' title="bbox 2035 2471 3596 2548">
     <span class='ocr_line' id='line_1_70' title="bbox 2035 2471 3596 2548; baseline -0.001 -19"><span class='ocrx_word' id='word_1_509' title='bbox 2035 2475 2346 2548; x_wconf 82' lang='grc' dir='ltr'>Φαρισαίων</span> <span class='ocrx_word' id='word_1_510' title='bbox 2374 2493 2387 2508; x_wconf 80' lang='grc'><em>’</em></span> <span class='ocrx_word' id='word_1_511' title='bbox 2444 2474 2816 2546; x_wconf 84' lang='grc' dir='ltr'>γραμματέων</span> <span class='ocrx_word' id='word_1_512' title='bbox 2878 2474 2978 2544; x_wconf 84' lang='grc' dir='ltr'>μὲν</span> <span class='ocrx_word' id='word_1_513' title='bbox 3039 2472 3453 2545; x_wconf 79' lang='grc' dir='ltr'>ὀνομαζομένων</span> <span class='ocrx_word' id='word_1_514' title='bbox 3501 2471 3596 2527; x_wconf 86' lang='grc' dir='ltr'><strong>τῶν</strong></span> 
     </span>
    </p>
   </div>
   <div class='ocr_carea' id='block_1_71' title="bbox 2035 2567 3597 2642">
    <p class='ocr_par' dir='ltr' id='par_1_71' title="bbox 2035 2567 3597 2642">
     <span class='ocr_line' id='line_1_71' title="bbox 2035 2567 3597 2642; baseline -0.001 -18"><span class='ocrx_word' id='word_1_515' title='bbox 2035 2570 2338 2642; x_wconf 79' lang='grc' dir='ltr'>ἐπωνύμων</span> <span class='ocrx_word' id='word_1_516' title='bbox 2362 2567 2518 2639; x_wconf 71' lang='grc' dir='ltr'>ψιλοῦ</span> <span class='ocrx_word' id='word_1_517' title='bbox 2552 2567 2645 2621; x_wconf 85' lang='grc' dir='ltr'>τοῦ</span> <span class='ocrx_word' id='word_1_518' title='bbox 2678 2568 3003 2639; x_wconf 83' lang='grc' dir='ltr'>γράμματος</span> <span class='ocrx_word' id='word_1_519' title='bbox 3022 2585 3035 2597; x_wconf 90' lang='grc'><strong>·</strong></span> <span class='ocrx_word' id='word_1_520' title='bbox 3067 2567 3381 2640; x_wconf 83' lang='grc' dir='ltr'>Φαρισαίων</span> <span class='ocrx_word' id='word_1_521' title='bbox 3409 2567 3463 2622; x_wconf 81' lang='grc' dir='ltr'>δὲ</span> <span class='ocrx_word' id='word_1_522' title='bbox 3502 2568 3597 2622; x_wconf 83' lang='grc' dir='ltr'><strong>τῶν</strong></span> 
     </span>
    </p>
   </div>
   <div class='ocr_carea' id='block_1_72' title="bbox 2036 2659 3595 2737">
    <p class='ocr_par' dir='ltr' id='par_1_72' title="bbox 2036 2659 3595 2737">
     <span class='ocr_line' id='line_1_72' title="bbox 2036 2659 3595 2737; baseline -0.003 -19"><span class='ocrx_word' id='word_1_523' title='bbox 2036 2662 2512 2737; x_wconf 74' lang='grc' dir='ltr'>ἀποδιῃρημένων,</span> <span class='ocrx_word' id='word_1_524' title='bbox 2561 2662 2656 2716; x_wconf 81' lang='grc' dir='ltr'>καὶ</span> <span class='ocrx_word' id='word_1_525' title='bbox 2707 2661 2807 2733; x_wconf 81' lang='grc' dir='ltr'>τὴν</span> <span class='ocrx_word' id='word_1_526' title='bbox 2860 2660 3008 2714; x_wconf 85' lang='grc' dir='ltr'>θείαν</span> <span class='ocrx_word' id='word_1_527' title='bbox 3074 2660 3304 2733; x_wconf 79' lang='grc' dir='ltr'>ἑνότητα</span> <span class='ocrx_word' id='word_1_528' title='bbox 3351 2659 3595 2715; x_wconf 71' lang='grc' dir='ltr'>ἀπολωλε-</span> 
     </span>
    </p>
   </div>
   <div class='ocr_carea' id='block_1_73' title="bbox 2037 2750 3599 2829">
    <p class='ocr_par' dir='ltr' id='par_1_73' title="bbox 2037 2750 3599 2829">
     <span class='ocr_line' id='line_1_73' title="bbox 2037 2750 3599 2829; baseline -0.003 -18"><span class='ocrx_word' id='word_1_529' title='bbox 2037 2755 2242 2811; x_wconf 74' lang='grc' dir='ltr'>κότωνο</span> <span class='ocrx_word' id='word_1_530' title='bbox 2272 2754 2571 2829; x_wconf 66' lang='grc' dir='ltr'>Φαρισαῖοι</span> <span class='ocrx_word' id='word_1_531' title='bbox 2634 2755 2744 2824; x_wconf 86' lang='grc' dir='ltr'>γὰρ</span> <span class='ocrx_word' id='word_1_532' title='bbox 2802 2752 3198 2827; x_wconf 86' lang='grc' dir='ltr'>ἐρμηνεύονται</span> <span class='ocrx_word' id='word_1_533' title='bbox 3244 2755 3296 2806; x_wconf 85' lang='grc' dir='ltr'>οἱ</span> <span class='ocrx_word' id='word_1_534' title='bbox 3348 2750 3599 2823; x_wconf 79' lang='grc' dir='ltr'>διῃρημέ-</span> 
     </span>
    </p>
   </div>
   <div class='ocr_carea' id='block_1_74' title="bbox 2038 2865 3591 3006">
    <p class='ocr_par' dir='ltr' id='par_1_74' title="bbox 2038 2865 3591 3006">
     <span class='ocr_line' id='line_1_74' title="bbox 2038 2865 3591 3006; baseline -0.005 -15"><span class='ocrx_word' id='word_1_535' title='bbox 2038 2865 2186 2990; x_wconf 42' lang='lat' dir='ltr'><strong>“Ei-5.</strong></span> <span class='ocrx_word' id='word_1_536' title='bbox 2219 2954 2237 2986; x_wconf 82' lang='grc' dir='ltr'><strong>ι</strong></span> <span class='ocrx_word' id='word_1_537' title='bbox 2268 2935 2393 2989; x_wconf 90' lang='grc' dir='ltr'>Ὅτε</span> <span class='ocrx_word' id='word_1_538' title='bbox 2419 2928 2512 2987; x_wconf 76' lang='grc' dir='ltr'>οὖν</span> <span class='ocrx_word' id='word_1_539' title='bbox 2541 2928 2833 3006; x_wconf 51' lang='lat' dir='ltr'><strong>manu</strong></span> <span class='ocrx_word' id='word_1_540' title='bbox 2859 2931 2957 3004; x_wconf 85' lang='grc' dir='ltr'><strong>τὴν</strong></span> <span class='ocrx_word' id='word_1_541' title='bbox 3004 2932 3316 2998; x_wconf 86' lang='grc' dir='ltr'>Γαλιλαίαν,</span> <span class='ocrx_word' id='word_1_542' title='bbox 3367 2931 3591 2996; x_wconf 78' lang='grc' dir='ltr'>ἐδέξαντο</span> 
     </span>
    </p>
   </div>
   <div class='ocr_carea' id='block_1_75' title="bbox 2033 3024 3589 3097">
    <p class='ocr_par' dir='ltr' id='par_1_75' title="bbox 2033 3024 3589 3097">
     <span class='ocr_line' id='line_1_75' title="bbox 2033 3024 3589 3097; baseline -0.001 -18"><span class='ocrx_word' id='word_1_543' title='bbox 2033 3026 2194 3080; x_wconf 82' lang='grc' dir='ltr'>αὐτὸν</span> <span class='ocrx_word' id='word_1_544' title='bbox 2227 3029 2277 3079; x_wconf 86' lang='grc' dir='ltr'><strong>οί</strong></span> <span class='ocrx_word' id='word_1_545' title='bbox 2321 3025 2614 3088; x_wconf 90' lang='grc' dir='ltr'>Γαλιλαῖοι,</span> <span class='ocrx_word' id='word_1_546' title='bbox 2649 3024 2824 3078; x_wconf 89' lang='grc' dir='ltr'>πάντα</span> <span class='ocrx_word' id='word_1_547' title='bbox 2855 3024 3160 3095; x_wconf 81' lang='grc' dir='ltr'>ἑωρακότες</span> <span class='ocrx_word' id='word_1_548' title='bbox 3188 3024 3226 3079; x_wconf 76' lang='grc' dir='ltr'>ἃ</span> <span class='ocrx_word' id='word_1_549' title='bbox 3257 3025 3504 3097; x_wconf 87' lang='grc' dir='ltr'>ἐποίησεν</span> <span class='ocrx_word' id='word_1_550' title='bbox 3540 3027 3589 3077; x_wconf 85' lang='grc' dir='ltr'><strong>ἐν</strong></span> 
     </span>
    </p>
   </div>
   <div class='ocr_carea' id='block_1_76' title="bbox 2042 3110 3590 3189">
    <p class='ocr_par' dir='ltr' id='par_1_76' title="bbox 2042 3110 3590 3189">
     <span class='ocr_line' id='line_1_76' title="bbox 2042 3110 3590 3189; baseline -0.003 -18"><span class='ocrx_word' id='word_1_551' title='bbox 2042 3116 2432 3189; x_wconf 86' lang='grc' dir='ltr'>Ἰεροσολύμοις</span> <span class='ocrx_word' id='word_1_552' title='bbox 2464 3119 2522 3170; x_wconf 88' lang='grc' dir='ltr'><strong>ἐν</strong></span> <span class='ocrx_word' id='word_1_553' title='bbox 2553 3119 2619 3187; x_wconf 83' lang='grc' dir='ltr'>τῇ</span> <span class='ocrx_word' id='word_1_554' title='bbox 2658 3116 2819 3186; x_wconf 77' lang='grc' dir='ltr'>ἑορτῇ</span> <span class='ocrx_word' id='word_1_555' title='bbox 2839 3132 2852 3145; x_wconf 76' lang='grc' dir='ltr'><strong>ο</strong></span> <span class='ocrx_word' id='word_1_556' title='bbox 2895 3116 2989 3168; x_wconf 76' lang='grc' dir='ltr'><strong>καὶ</strong></span> <span class='ocrx_word' id='word_1_557' title='bbox 3017 3114 3173 3169; x_wconf 74' lang='grc' dir='ltr'>αὐτοὶ</span> <span class='ocrx_word' id='word_1_558' title='bbox 3202 3115 3317 3187; x_wconf 85' lang='grc' dir='ltr'>γὰρ</span> <span class='ocrx_word' id='word_1_559' title='bbox 3344 3110 3501 3186; x_wconf 83' lang='grc' dir='ltr'>ἦλθον</span> <span class='ocrx_word' id='word_1_560' title='bbox 3522 3115 3590 3178; x_wconf 77' lang='grc' dir='ltr'>εἰς</span> 
     </span>
    </p>
   </div>
   <div class='ocr_carea' id='block_1_77' title="bbox 2028 3203 3590 3279">
    <p class='ocr_par' dir='ltr' id='par_1_77' title="bbox 2028 3203 3590 3279">
     <span class='ocr_line' id='line_1_77' title="bbox 2028 3203 3590 3279; baseline -0.002 -19"><span class='ocrx_word' id='word_1_561' title='bbox 2028 3207 2125 3279; x_wconf 81' lang='grc' dir='ltr'>τὴν</span> <span class='ocrx_word' id='word_1_562' title='bbox 2172 3208 2384 3279; x_wconf 80' lang='grc' dir='ltr'>ἑορτήν,</span> <span class='ocrx_word' id='word_1_563' title='bbox 2407 3225 2425 3257; x_wconf 78' lang='grc' dir='ltr'><strong>ι</strong></span> <span class='ocrx_word' id='word_1_564' title='bbox 2462 3204 2643 3272; x_wconf 73' lang='grc' dir='ltr'>’Ἄξιον</span> <span class='ocrx_word' id='word_1_565' title='bbox 2675 3204 2801 3258; x_wconf 88' lang='grc' dir='ltr'>ἰδεῖν</span> <span class='ocrx_word' id='word_1_566' title='bbox 2844 3205 2943 3276; x_wconf 83' lang='grc' dir='ltr'>τὴν</span> <span class='ocrx_word' id='word_1_567' title='bbox 2973 3205 3152 3259; x_wconf 77' lang='grc' dir='ltr'>αἰτίαν</span> <span class='ocrx_word' id='word_1_568' title='bbox 3183 3205 3285 3277; x_wconf 88' lang='grc' dir='ltr'><strong>τῆς</strong></span> <span class='ocrx_word' id='word_1_569' title='bbox 3317 3204 3426 3259; x_wconf 89' lang='grc' dir='ltr'><strong>τῶν</strong></span> <span class='ocrx_word' id='word_1_570' title='bbox 3454 3203 3590 3258; x_wconf 86' lang='grc' dir='ltr'>Γαλι-</span> 
     </span>
    </p>
   </div>
   <div class='ocr_carea' id='block_1_78' title="bbox 2028 3296 3591 3372">
    <p class='ocr_par' dir='ltr' id='par_1_78' title="bbox 2028 3296 3591 3372">
     <span class='ocr_line' id='line_1_78' title="bbox 2028 3296 3591 3372; baseline -0.001 -20"><span class='ocrx_word' id='word_1_571' title='bbox 2028 3298 2195 3352; x_wconf 89' lang='grc' dir='ltr'>λαίων</span> <span class='ocrx_word' id='word_1_572' title='bbox 2243 3296 2580 3370; x_wconf 84' lang='grc' dir='ltr'>παραδοχῆς,</span> <span class='ocrx_word' id='word_1_573' title='bbox 2621 3297 2688 3367; x_wconf 80' lang='grc' dir='ltr'>ἢν</span> <span class='ocrx_word' id='word_1_574' title='bbox 2743 3296 3109 3367; x_wconf 84' lang='grc' dir='ltr'>παρεδέξαντο</span> <span class='ocrx_word' id='word_1_575' title='bbox 3138 3298 3230 3351; x_wconf 83' lang='grc' dir='ltr'>τὸν</span> <span class='ocrx_word' id='word_1_576' title='bbox 3279 3299 3504 3372; x_wconf 79' lang='grc' dir='ltr'>Σωτῆρα</span> <span class='ocrx_word' id='word_1_577' title='bbox 3525 3297 3591 3351; x_wconf 82' lang='grc' dir='ltr'>ἐλ-</span> 
     </span>
    </p>
   </div>
   <div class='ocr_carea' id='block_1_79' title="bbox 2030 3387 3590 3463">
    <p class='ocr_par' dir='ltr' id='par_1_79' title="bbox 2030 3387 3590 3463">
     <span class='ocr_line' id='line_1_79' title="bbox 2030 3387 3590 3463; baseline 0.001 -19"><span class='ocrx_word' id='word_1_578' title='bbox 2030 3390 2189 3444; x_wconf 89' lang='grc' dir='ltr'>θόντα</span> <span class='ocrx_word' id='word_1_579' title='bbox 2221 3391 2300 3453; x_wconf 86' lang='grc' dir='ltr'><strong>είς</strong></span> <span class='ocrx_word' id='word_1_580' title='bbox 2325 3389 2422 3460; x_wconf 81' lang='grc' dir='ltr'><strong>τὴν</strong></span> <span class='ocrx_word' id='word_1_581' title='bbox 2442 3387 2752 3451; x_wconf 90' lang='grc' dir='ltr'>Γαλιλαίαν,</span> <span class='ocrx_word' id='word_1_582' title='bbox 2789 3390 2837 3441; x_wconf 91' lang='grc' dir='ltr'><strong>εί</strong></span> <span class='ocrx_word' id='word_1_583' title='bbox 2866 3388 3168 3461; x_wconf 83' lang='grc' dir='ltr'>τηλικαύτη</span> <span class='ocrx_word' id='word_1_584' title='bbox 3197 3390 3314 3462; x_wconf 71' lang='grc'>(45)</span> <span class='ocrx_word' id='word_1_585' title='bbox 3349 3387 3436 3463; x_wconf 81' lang='grc' dir='ltr'>ἦν,</span> <span class='ocrx_word' id='word_1_586' title='bbox 3467 3390 3590 3445; x_wconf 82' lang='grc' dir='ltr'>ὥστε</span> 
     </span>
    </p>
   </div>
   <div class='ocr_carea' id='block_1_80' title="bbox 2029 3480 3590 3555">
    <p class='ocr_par' dir='ltr' id='par_1_80' title="bbox 2029 3480 3590 3555">
     <span class='ocr_line' id='line_1_80' title="bbox 2029 3480 3590 3555; baseline 0 -20"><span class='ocrx_word' id='word_1_587' title='bbox 2029 3480 2368 3553; x_wconf 82' lang='grc' dir='ltr'>κατάπληξιν</span> <span class='ocrx_word' id='word_1_588' title='bbox 2410 3480 2594 3544; x_wconf 77' lang='grc' dir='ltr'>αὑτοῖς</span> <span class='ocrx_word' id='word_1_589' title='bbox 2625 3481 2947 3552; x_wconf 80' lang='grc' dir='ltr'>ἐμποιῆσαι,</span> <span class='ocrx_word' id='word_1_590' title='bbox 2984 3482 3077 3535; x_wconf 71' lang='grc' dir='ltr'><strong>καὶ</strong></span> <span class='ocrx_word' id='word_1_591' title='bbox 3128 3481 3451 3555; x_wconf 80' lang='grc' dir='ltr'>θαυμασμὸν</span> <span class='ocrx_word' id='word_1_592' title='bbox 3481 3484 3590 3554; x_wconf 79' lang='grc' dir='ltr'>περὶ</span> 
     </span>
    </p>
   </div>
   <div class='ocr_carea' id='block_1_81' title="bbox 2028 3572 3590 3646">
    <p class='ocr_par' dir='ltr' id='par_1_81' title="bbox 2028 3572 3590 3646">
     <span class='ocr_line' id='line_1_81' title="bbox 2028 3572 3590 3646; baseline 0.001 -19"><span class='ocrx_word' id='word_1_593' title='bbox 2028 3573 2123 3627; x_wconf 82' lang='grc' dir='ltr'>τοῦ</span> <span class='ocrx_word' id='word_1_594' title='bbox 2153 3575 2424 3646; x_wconf 89' lang='grc' dir='ltr'>Σωτῆρος,</span> <span class='ocrx_word' id='word_1_595' title='bbox 2461 3576 2540 3638; x_wconf 79' lang='grc' dir='ltr'>εἰς</span> <span class='ocrx_word' id='word_1_596' title='bbox 2562 3574 2623 3626; x_wconf 85' lang='grc' dir='ltr'><strong>τὸ</strong></span> <span class='ocrx_word' id='word_1_597' title='bbox 2653 3572 3056 3646; x_wconf 87' lang='grc' dir='ltr'>παραδέξασθαι</span> <span class='ocrx_word' id='word_1_598' title='bbox 3086 3576 3249 3629; x_wconf 84' lang='grc' dir='ltr'>αὐτόν</span> <span class='ocrx_word' id='word_1_599' title='bbox 3272 3593 3288 3607; x_wconf 77' lang='grc' dir='ltr'><strong>ο</strong></span> <span class='ocrx_word' id='word_1_600' title='bbox 3319 3575 3401 3629; x_wconf 77' lang='grc' dir='ltr'>ἔτι</span> <span class='ocrx_word' id='word_1_601' title='bbox 3423 3576 3474 3629; x_wconf 87' lang='grc' dir='ltr'>δὲ</span> <span class='ocrx_word' id='word_1_602' title='bbox 3511 3576 3590 3628; x_wconf 78' lang='grc' dir='ltr'>ἐπὶ</span> 
     </span>
    </p>
   </div>
   <div class='ocr_carea' id='block_1_82' title="bbox 2028 3668 3591 3740">
    <p class='ocr_par' dir='ltr' id='par_1_82' title="bbox 2028 3668 3591 3740">
     <span class='ocr_line' id='line_1_82' title="bbox 2028 3668 3591 3740; baseline -0.001 -20"><span class='ocrx_word' id='word_1_603' title='bbox 2028 3668 2151 3722; x_wconf 89' lang='grc' dir='ltr'>τίνα</span> <span class='ocrx_word' id='word_1_604' title='bbox 2179 3669 2528 3740; x_wconf 84' lang='grc' dir='ltr'>ἀναφέρεται,</span> <span class='ocrx_word' id='word_1_605' title='bbox 2575 3668 2738 3721; x_wconf 77' lang='grc' dir='ltr'>οἱονεὶ</span> <span class='ocrx_word' id='word_1_606' title='bbox 2784 3668 2956 3723; x_wconf 84' lang='grc' dir='ltr'>πολλὰ</span> <span class='ocrx_word' id='word_1_607' title='bbox 2992 3668 3120 3722; x_wconf 72' lang='grc' dir='ltr'>ὄντα</span> <span class='ocrx_word' id='word_1_608' title='bbox 3152 3668 3268 3738; x_wconf 72' lang='grc'>(44)</span> <span class='ocrx_word' id='word_1_609' title='bbox 3291 3669 3329 3723; x_wconf 74' lang='grc' dir='ltr'><strong>ἃ</strong></span> <span class='ocrx_word' id='word_1_610' title='bbox 3361 3669 3591 3740; x_wconf 78' lang='grc' dir='ltr'>ἐποίησεν</span> 
     </span>
    </p>
   </div>
   <div class='ocr_carea' id='block_1_83' title="bbox 2030 3760 3591 3834">
    <p class='ocr_par' dir='ltr' id='par_1_83' title="bbox 2030 3760 3591 3834">
     <span class='ocr_line' id='line_1_83' title="bbox 2030 3760 3591 3834; baseline 0.003 -21"><span class='ocrx_word' id='word_1_611' title='bbox 2030 3763 2086 3816; x_wconf 92' lang='grc' dir='ltr'><strong>ἐν</strong></span> <span class='ocrx_word' id='word_1_612' title='bbox 2125 3761 2516 3833; x_wconf 84' lang='grc' dir='ltr'>Ἰεροσολύμοις</span> <span class='ocrx_word' id='word_1_613' title='bbox 2561 3763 2591 3815; x_wconf 87' lang='grc' dir='ltr'>ὁ</span> <span class='ocrx_word' id='word_1_614' title='bbox 2631 3760 2860 3832; x_wconf 81' lang='grc' dir='ltr'>Ἰησοῦς,</span> <span class='ocrx_word' id='word_1_615' title='bbox 2911 3762 3002 3815; x_wconf 88' lang='grc' dir='ltr'>τό·</span> <span class='ocrx_word' id='word_1_616' title='bbox 3055 3780 3074 3813; x_wconf 83' lang='grc' dir='ltr'><strong>ι</strong></span> <span class='ocrx_word' id='word_1_617' title='bbox 3098 3762 3287 3816; x_wconf 89' lang='grc' dir='ltr'>Πάντα</span> <span class='ocrx_word' id='word_1_618' title='bbox 3311 3761 3591 3834; x_wconf 70' lang='grc' dir='ltr'>ἑωρακότες</span> 
     </span>
    </p>
   </div>
   <div class='ocr_carea' id='block_1_84' title="bbox 2028 3851 3593 3925">
    <p class='ocr_par' dir='ltr' id='par_1_84' title="bbox 2028 3851 3593 3925">
     <span class='ocr_line' id='line_1_84' title="bbox 2028 3851 3593 3925; baseline 0.001 -21"><span class='ocrx_word' id='word_1_619' title='bbox 2028 3852 2127 3904; x_wconf 81' lang='grc' dir='ltr'><strong>ὅσα</strong></span> <span class='ocrx_word' id='word_1_620' title='bbox 2165 3851 2417 3921; x_wconf 88' lang='grc' dir='ltr'>ἐποίησεν</span> <span class='ocrx_word' id='word_1_621' title='bbox 2448 3853 2505 3904; x_wconf 90' lang='grc' dir='ltr'><strong>ἐν</strong></span> <span class='ocrx_word' id='word_1_622' title='bbox 2548 3851 2958 3923; x_wconf 86' lang='grc' dir='ltr'>Ἰεροσολύμοις,</span> <span class='ocrx_word' id='word_1_623' title='bbox 3008 3856 3067 3907; x_wconf 82' lang='grc' dir='ltr'><strong>ἐν</strong></span> <span class='ocrx_word' id='word_1_624' title='bbox 3115 3856 3182 3924; x_wconf 82' lang='grc' dir='ltr'>τῇ</span> <span class='ocrx_word' id='word_1_625' title='bbox 3228 3854 3453 3925; x_wconf 72' lang='grc' dir='ltr'>ἑορτῇ.»</span> <span class='ocrx_word' id='word_1_626' title='bbox 3504 3852 3593 3905; x_wconf 72' lang='grc' dir='ltr'><strong>Οὗ-</strong></span> 
     </span>
    </p>
   </div>
   <div class='ocr_carea' id='block_1_85' title="bbox 2029 3940 3593 4018">
    <p class='ocr_par' dir='ltr' id='par_1_85' title="bbox 2029 3940 3593 4018">
     <span class='ocr_line' id='line_1_85' title="bbox 2029 3940 3593 4018; baseline 0.001 -23"><span class='ocrx_word' id='word_1_627' title='bbox 2029 3942 2117 3996; x_wconf 81' lang='grc' dir='ltr'><strong>δὲν</strong></span> <span class='ocrx_word' id='word_1_628' title='bbox 2142 3943 2199 3996; x_wconf 80' lang='grc' dir='ltr'>δὲ</span> <span class='ocrx_word' id='word_1_629' title='bbox 2228 3943 2553 4013; x_wconf 84' lang='grc' dir='ltr'>εὑρίσκομεν</span> <span class='ocrx_word' id='word_1_630' title='bbox 2600 3943 2998 4016; x_wconf 80' lang='grc' dir='ltr'>προειρημένον</span> <span class='ocrx_word' id='word_1_631' title='bbox 3041 3945 3074 4015; x_wconf 73' lang='grc' dir='ltr'><strong>ἢ</strong></span> <span class='ocrx_word' id='word_1_632' title='bbox 3103 3946 3185 3998; x_wconf 82' lang='grc' dir='ltr'>ὅτι</span> <span class='ocrx_word' id='word_1_633' title='bbox 3217 3966 3236 3996; x_wconf 82' lang='grc' dir='ltr'><strong>ι</strong></span> <span class='ocrx_word' id='word_1_634' title='bbox 3261 3940 3418 4018; x_wconf 80' lang='grc' dir='ltr'>εὗρεν</span> <span class='ocrx_word' id='word_1_635' title='bbox 3444 3946 3500 3998; x_wconf 86' lang='grc' dir='ltr'><strong>ἐν</strong></span> <span class='ocrx_word' id='word_1_636' title='bbox 3523 3942 3593 4014; x_wconf 83' lang='grc' dir='ltr'>τῷ</span> 
     </span>
    </p>
   </div>
   <div class='ocr_carea' id='block_1_86' title="bbox 2033 4032 3594 4108">
    <p class='ocr_par' dir='ltr' id='par_1_86' title="bbox 2033 4032 3594 4108">
     <span class='ocr_line' id='line_1_86' title="bbox 2033 4032 3594 4108; baseline 0.001 -21"><span class='ocrx_word' id='word_1_637' title='bbox 2033 4032 2161 4107; x_wconf 78' lang='grc' dir='ltr'>ἱερῷ</span> <span class='ocrx_word' id='word_1_638' title='bbox 2189 4036 2313 4099; x_wconf 81' lang='grc' dir='ltr'>τοὺς</span> <span class='ocrx_word' id='word_1_639' title='bbox 2353 4033 2668 4099; x_wconf 81' lang='grc' dir='ltr'>πωλοῦντας</span> <span class='ocrx_word' id='word_1_640' title='bbox 2715 4035 2863 4107; x_wconf 82' lang='grc' dir='ltr'>βόας,</span> <span class='ocrx_word' id='word_1_641' title='bbox 2908 4037 3003 4090; x_wconf 66' lang='grc' dir='ltr'><strong>καί¹</strong></span> <span class='ocrx_word' id='word_1_642' title='bbox 3031 4036 3303 4108; x_wconf 84' lang='grc' dir='ltr'>πρόϐατα,</span> <span class='ocrx_word' id='word_1_643' title='bbox 3330 4038 3424 4091; x_wconf 80' lang='grc' dir='ltr'>καὶ</span> <span class='ocrx_word' id='word_1_644' title='bbox 3456 4052 3594 4108; x_wconf 82' lang='grc' dir='ltr'>περι-</span> 
     </span>
    </p>
   </div>
   <div class='ocr_carea' id='block_1_87' title="bbox 2033 4127 3592 4202">
    <p class='ocr_par' dir='ltr' id='par_1_87' title="bbox 2033 4127 3592 4202">
     <span class='ocr_line' id='line_1_87' title="bbox 2033 4127 3592 4202; baseline 0 -21"><span class='ocrx_word' id='word_1_645' title='bbox 2033 4127 2229 4199; x_wconf 81' lang='grc' dir='ltr'>στερὰς</span> <span class='ocrx_word' id='word_1_646' title='bbox 2259 4169 2273 4192; x_wconf 94' lang='grc'><strong>,</strong></span> <span class='ocrx_word' id='word_1_647' title='bbox 2324 4129 2417 4181; x_wconf 78' lang='grc' dir='ltr'><strong>καὶ</strong></span> <span class='ocrx_word' id='word_1_648' title='bbox 2465 4130 2590 4192; x_wconf 83' lang='grc' dir='ltr'>τοὺς</span> <span class='ocrx_word' id='word_1_649' title='bbox 2642 4129 3049 4201; x_wconf 84' lang='grc' dir='ltr'>κερμαστιστὰς</span> <span class='ocrx_word' id='word_1_650' title='bbox 3094 4130 3436 4202; x_wconf 84' lang='grc' dir='ltr'>καθημένους</span> <span class='ocrx_word' id='word_1_651' title='bbox 3463 4169 3479 4194; x_wconf 93' lang='grc'><strong>,</strong></span> <span class='ocrx_word' id='word_1_652' title='bbox 3511 4128 3592 4183; x_wconf 80' lang='grc' dir='ltr'>καὶ</span> 
     </span>
    </p>
   </div>
   <div class='ocr_carea' id='block_1_88' title="bbox 2031 4220 3591 4293">
    <p class='ocr_par' dir='ltr' id='par_1_88' title="bbox 2031 4220 3591 4293">
     <span class='ocr_line' id='line_1_88' title="bbox 2031 4220 3591 4293; baseline 0.001 -20"><span class='ocrx_word' id='word_1_653' title='bbox 2031 4222 2263 4293; x_wconf 87' lang='grc' dir='ltr'>ποιήσας</span> <span class='ocrx_word' id='word_1_654' title='bbox 2286 4220 2608 4292; x_wconf 81' lang='grc' dir='ltr'>φραγέλλιον</span> <span class='ocrx_word' id='word_1_655' title='bbox 2646 4224 2710 4275; x_wconf 88' lang='grc' dir='ltr'><strong>ἐκ</strong></span> <span class='ocrx_word' id='word_1_656' title='bbox 2744 4223 2994 4293; x_wconf 87' lang='grc' dir='ltr'>σχοινίων</span> <span class='ocrx_word' id='word_1_657' title='bbox 3023 4224 3233 4289; x_wconf 88' lang='grc' dir='ltr'>πάντας</span> <span class='ocrx_word' id='word_1_658' title='bbox 3259 4224 3509 4292; x_wconf 83' lang='grc' dir='ltr'>ἐξέϐαλεν</span> <span class='ocrx_word' id='word_1_659' title='bbox 3535 4224 3591 4275; x_wconf 83' lang='grc' dir='ltr'>ὲκ</span> 
     </span>
    </p>
   </div>
   <div class='ocr_carea' id='block_1_89' title="bbox 362 4313 1927 4389">
    <p class='ocr_par' dir='ltr' id='par_1_89' title="bbox 362 4321 1927 4389">
     <span class='ocr_line' id='line_1_89' title="bbox 362 4321 1927 4389; baseline 0 -11"><span class='ocrx_word' id='word_1_660' title='bbox 362 4325 755 4380; x_wconf 89' lang='lat' dir='ltr'><strong>mensariorum</strong></span> <span class='ocrx_word' id='word_1_661' title='bbox 807 4339 879 4379; x_wconf 68' lang='lat' dir='ltr'><strong>ars</strong></span> <span class='ocrx_word' id='word_1_662' title='bbox 909 4321 1120 4385; x_wconf 79' lang='lat' dir='ltr'><strong>effudit,</strong></span> <span class='ocrx_word' id='word_1_663' title='bbox 1176 4332 1232 4377; x_wconf 90' lang='lat' dir='ltr'><strong>et</strong></span> <span class='ocrx_word' id='word_1_664' title='bbox 1276 4337 1497 4378; x_wconf 88' lang='lat' dir='ltr'><strong>mensas</strong></span> <span class='ocrx_word' id='word_1_665' title='bbox 1543 4322 1828 4389; x_wconf 86' lang='lat' dir='ltr'><strong>subvertit,</strong></span> <span class='ocrx_word' id='word_1_666' title='bbox 1875 4335 1927 4378; x_wconf 89' lang='lat' dir='ltr'><strong>et</strong></span> 
     </span>
    </p>
   </div>
   <div class='ocr_carea' id='block_1_90' title="bbox 2058 4313 3590 4389">
    <p class='ocr_par' dir='ltr' id='par_1_90' title="bbox 2058 4313 3590 4387">
     <span class='ocr_line' id='line_1_90' title="bbox 2058 4313 3590 4387; baseline 0.001 -20"><span class='ocrx_word' id='word_1_667' title='bbox 2058 4313 2126 4367; x_wconf 74' lang='grc' dir='ltr'><strong>τοῦ</strong></span> <span class='ocrx_word' id='word_1_668' title='bbox 2152 4314 2319 4386; x_wconf 78' lang='grc' dir='ltr'>ἱεροῦ,</span> <span class='ocrx_word' id='word_1_669' title='bbox 2361 4314 2429 4369; x_wconf 85' lang='grc' dir='ltr'><strong>τά</strong></span> <span class='ocrx_word' id='word_1_670' title='bbox 2472 4331 2533 4367; x_wconf 86' lang='grc' dir='ltr'><strong>τε</strong></span> <span class='ocrx_word' id='word_1_671' title='bbox 2569 4313 2833 4387; x_wconf 87' lang='grc' dir='ltr'>πρόϐατα,</span> <span class='ocrx_word' id='word_1_672' title='bbox 2876 4316 2971 4369; x_wconf 76' lang='grc' dir='ltr'><strong>καὶ</strong></span> <span class='ocrx_word' id='word_1_673' title='bbox 3007 4318 3134 4382; x_wconf 81' lang='grc' dir='ltr'>τοὺς</span> <span class='ocrx_word' id='word_1_674' title='bbox 3175 4317 3324 4387; x_wconf 87' lang='grc' dir='ltr'>βόας,</span> <span class='ocrx_word' id='word_1_675' title='bbox 3367 4317 3459 4372; x_wconf 81' lang='grc' dir='ltr'><strong>καὶ</strong></span> <span class='ocrx_word' id='word_1_676' title='bbox 3496 4315 3590 4369; x_wconf 85' lang='grc' dir='ltr'><strong>τῶν</strong></span> 
     </span>
    </p>
   </div>
   <div class='ocr_carea' id='block_1_91' title="bbox 359 4409 1926 4478">
    <p class='ocr_par' dir='ltr' id='par_1_91' title="bbox 359 4409 1926 4478">
     <span class='ocr_line' id='line_1_91' title="bbox 359 4409 1926 4478; baseline -0.004 -5"><span class='ocrx_word' id='word_1_677' title='bbox 359 4417 643 4473; x_wconf 88' lang='lat' dir='ltr'><strong>columbas</strong></span> <span class='ocrx_word' id='word_1_678' title='bbox 674 4414 1031 4471; x_wconf 87' lang='lat' dir='ltr'><strong>vendentibus</strong></span> <span class='ocrx_word' id='word_1_679' title='bbox 1057 4412 1195 4467; x_wconf 83' lang='lat' dir='ltr'><strong>dixit</strong></span> <span class='ocrx_word' id='word_1_680' title='bbox 1225 4428 1241 4466; x_wconf 87' lang='lat'><strong>:</strong></span> <span class='ocrx_word' id='word_1_681' title='bbox 1276 4409 1473 4466; x_wconf 84' lang='lat' dir='ltr'><strong>Tollite</strong></span> <span class='ocrx_word' id='word_1_682' title='bbox 1507 4412 1609 4467; x_wconf 86' lang='lat' dir='ltr'><strong>ista</strong></span> <span class='ocrx_word' id='word_1_683' title='bbox 1649 4411 1799 4478; x_wconf 89' lang='lat' dir='ltr'><strong>hinc,</strong></span> <span class='ocrx_word' id='word_1_684' title='bbox 1826 4426 1926 4467; x_wconf 89' lang='lat' dir='ltr'><strong>nec</strong></span> 
     </span>
    </p>
   </div>
   <div class='ocr_carea' id='block_1_92' title="bbox 363 4506 1919 4572">
    <p class='ocr_par' dir='ltr' id='par_1_92' title="bbox 363 4506 1919 4572">
     <span class='ocr_line' id='line_1_92' title="bbox 363 4506 1919 4572; baseline -0.004 -6"><span class='ocrx_word' id='word_1_685' title='bbox 363 4512 526 4566; x_wconf 87' lang='lat' dir='ltr'><strong>facite</strong></span> <span class='ocrx_word' id='word_1_686' title='bbox 561 4511 779 4565; x_wconf 88' lang='lat' dir='ltr'><strong>domum</strong></span> <span class='ocrx_word' id='word_1_687' title='bbox 835 4506 1014 4563; x_wconf 86' lang='lat' dir='ltr'><strong>Patris</strong></span> <span class='ocrx_word' id='word_1_688' title='bbox 1065 4507 1193 4572; x_wconf 86' lang='lat' dir='ltr'><strong>mei,</strong></span> <span class='ocrx_word' id='word_1_689' title='bbox 1243 4508 1460 4562; x_wconf 90' lang='lat' dir='ltr'><strong>domum</strong></span> <span class='ocrx_word' id='word_1_690' title='bbox 1511 4518 1785 4560; x_wconf 89' lang='lat' dir='ltr'><strong>mercatus</strong></span> <span class='ocrx_word' id='word_1_691' title='bbox 1806 4506 1919 4559; x_wconf 73' lang='grc'><strong>⁸⁸.»</strong></span> 
     </span>
    </p>
   </div>
   <div class='ocr_carea' id='block_1_93' title="bbox 360 4597 1925 4673">
    <p class='ocr_par' dir='ltr' id='par_1_93' title="bbox 360 4597 1925 4673">
     <span class='ocr_line' id='line_1_93' title="bbox 360 4597 1925 4673; baseline -0.003 -14"><span class='ocrx_word' id='word_1_692' title='bbox 360 4605 498 4673; x_wconf 73' lang='lat' dir='ltr'><strong>Quid</strong></span> <span class='ocrx_word' id='word_1_693' title='bbox 533 4619 664 4673; x_wconf 82' lang='lat' dir='ltr'><strong>ergo</strong></span> <span class='ocrx_word' id='word_1_694' title='bbox 703 4602 756 4656; x_wconf 91' lang='lat' dir='ltr'><strong>in</strong></span> <span class='ocrx_word' id='word_1_695' title='bbox 798 4601 884 4656; x_wconf 91' lang='lat' dir='ltr'><strong>his</strong></span> <span class='ocrx_word' id='word_1_696' title='bbox 924 4599 1059 4654; x_wconf 87' lang='lat' dir='ltr'><strong>tattti</strong></span> <span class='ocrx_word' id='word_1_697' title='bbox 1104 4608 1208 4665; x_wconf 87' lang='lat' dir='ltr'><strong>est,</strong></span> <span class='ocrx_word' id='word_1_698' title='bbox 1242 4609 1299 4653; x_wconf 94' lang='lat' dir='ltr'><strong>ut</strong></span> <span class='ocrx_word' id='word_1_699' title='bbox 1334 4598 1525 4651; x_wconf 90' lang='lat' dir='ltr'><strong>horum</strong></span> <span class='ocrx_word' id='word_1_700' title='bbox 1574 4597 1747 4666; x_wconf 79' lang='lat' dir='ltr'><strong>gratia</strong></span> <span class='ocrx_word' id='word_1_701' title='bbox 1795 4600 1925 4655; x_wconf 88' lang='lat' dir='ltr'><strong>moti</strong></span> 
     </span>
    </p>
   </div>
   <div class='ocr_carea' id='block_1_94' title="bbox 361 4690 1925 4762">
    <p class='ocr_par' dir='ltr' id='par_1_94' title="bbox 361 4690 1925 4762">
     <span class='ocr_line' id='line_1_94' title="bbox 361 4690 1925 4762; baseline -0.003 -10"><span class='ocrx_word' id='word_1_702' title='bbox 361 4697 572 4752; x_wconf 79' lang='lat' dir='ltr'><strong>Galilaei</strong></span> <span class='ocrx_word' id='word_1_703' title='bbox 610 4697 895 4751; x_wconf 89' lang='lat' dir='ltr'><strong>Dominum</strong></span> <span class='ocrx_word' id='word_1_704' title='bbox 937 4693 1272 4762; x_wconf 89' lang='lat' dir='ltr'><strong>reciperent;</strong></span> <span class='ocrx_word' id='word_1_705' title='bbox 1303 4706 1463 4761; x_wconf 85' lang='lat' dir='ltr'><strong>quos,</strong></span> <span class='ocrx_word' id='word_1_706' title='bbox 1502 4691 1626 4758; x_wconf 88' lang='lat' dir='ltr'><strong>quia</strong></span> <span class='ocrx_word' id='word_1_707' title='bbox 1659 4690 1803 4747; x_wconf 89' lang='lat' dir='ltr'><strong>hunc</strong></span> <span class='ocrx_word' id='word_1_708' title='bbox 1838 4707 1925 4748; x_wconf 88' lang='lat' dir='ltr'><strong>re-</strong></span> 
     </span>
    </p>
   </div>
   <div class='ocr_carea' id='block_1_95' title="bbox 361 4780 1920 4857">
    <p class='ocr_par' dir='ltr' id='par_1_95' title="bbox 361 4780 1920 4857">
     <span class='ocr_line' id='line_1_95' title="bbox 361 4780 1920 4857; baseline 0.003 -22"><span class='ocrx_word' id='word_1_709' title='bbox 361 4790 589 4857; x_wconf 72' lang='lat' dir='ltr'><strong>cipiant,</strong></span> <span class='ocrx_word' id='word_1_710' title='bbox 617 4796 849 4840; x_wconf 86' lang='lat' dir='ltr'><strong>testatur</strong></span> <span class='ocrx_word' id='word_1_711' title='bbox 889 4785 1223 4855; x_wconf 74' lang='lat' dir='ltr'><strong>evangelista</strong></span> <span class='ocrx_word' id='word_1_712' title='bbox 1255 4780 1644 4853; x_wconf 83' lang='lat' dir='ltr'><strong>Jerosolymam</strong></span> <span class='ocrx_word' id='word_1_713' title='bbox 1677 4797 1800 4837; x_wconf 85' lang='lat' dir='ltr'><strong>cum</strong></span> <span class='ocrx_word' id='word_1_714' title='bbox 1829 4799 1920 4840; x_wconf 93' lang='lat' dir='ltr'><strong>ve-</strong></span> 
     </span>
    </p>
   </div>
   <div class='ocr_carea' id='block_1_96' title="bbox 361 4874 1927 4943">
    <p class='ocr_par' dir='ltr' id='par_1_96' title="bbox 361 4874 1927 4943">
     <span class='ocr_line' id='line_1_96' title="bbox 361 4874 1927 4943; baseline -0.001 -10"><span class='ocrx_word' id='word_1_715' title='bbox 361 4881 572 4934; x_wconf 87' lang='lat' dir='ltr'><strong>nissent</strong></span> <span class='ocrx_word' id='word_1_716' title='bbox 617 4880 682 4931; x_wconf 89' lang='lat' dir='ltr'><strong>ad</strong></span> <span class='ocrx_word' id='word_1_717' title='bbox 733 4878 873 4932; x_wconf 91' lang='lat' dir='ltr'><strong>diem</strong></span> <span class='ocrx_word' id='word_1_718' title='bbox 925 4876 1148 4941; x_wconf 84' lang='lat' dir='ltr'><strong>festum,</strong></span> <span class='ocrx_word' id='word_1_719' title='bbox 1189 4875 1389 4930; x_wconf 86' lang='lat' dir='ltr'><strong>vidisse</strong></span> <span class='ocrx_word' id='word_1_720' title='bbox 1436 4874 1617 4928; x_wconf 88' lang='lat' dir='ltr'><strong>omnia</strong></span> <span class='ocrx_word' id='word_1_721' title='bbox 1657 4891 1780 4943; x_wconf 68' lang='lat' dir='ltr'><strong>quas</strong></span> <span class='ocrx_word' id='word_1_722' title='bbox 1819 4877 1927 4932; x_wconf 91' lang='lat' dir='ltr'><strong>illic</strong></span> 
     </span>
    </p>
   </div>
   <div class='ocr_carea' id='block_1_97' title="bbox 360 4965 1930 5037">
    <p class='ocr_par' dir='ltr' id='par_1_97' title="bbox 360 4965 1930 5037">
     <span class='ocr_line' id='line_1_97' title="bbox 360 4965 1930 5037; baseline 0 -15"><span class='ocrx_word' id='word_1_723' title='bbox 360 4969 525 5023; x_wconf 86' lang='lat' dir='ltr'><strong>Jesns</strong></span> <span class='ocrx_word' id='word_1_724' title='bbox 558 4966 795 5021; x_wconf 85' lang='lat' dir='ltr'><strong>fecerat?</strong></span> <span class='ocrx_word' id='word_1_725' title='bbox 837 4968 916 5023; x_wconf 87' lang='lat' dir='ltr'><strong>Ad</strong></span> <span class='ocrx_word' id='word_1_726' title='bbox 963 4970 1105 5037; x_wconf 88' lang='lat' dir='ltr'><strong>quod</strong></span> <span class='ocrx_word' id='word_1_727' title='bbox 1146 4965 1577 5035; x_wconf 84' lang='lat' dir='ltr'><strong>respondendum</strong></span> <span class='ocrx_word' id='word_1_728' title='bbox 1602 4975 1706 5030; x_wconf 85' lang='lat' dir='ltr'><strong>est,</strong></span> <span class='ocrx_word' id='word_1_729' title='bbox 1737 4966 1781 5021; x_wconf 92' lang='lat' dir='ltr'><strong>si</strong></span> <span class='ocrx_word' id='word_1_730' title='bbox 1817 4983 1930 5022; x_wconf 88' lang='lat' dir='ltr'><strong>me-</strong></span> 
     </span>
    </p>
   </div>
   <div class='ocr_carea' id='block_1_98' title="bbox 362 5055 1927 5127">
    <p class='ocr_par' dir='ltr' id='par_1_98' title="bbox 362 5055 1927 5127">
     <span class='ocr_line' id='line_1_98' title="bbox 362 5055 1927 5127; baseline -0.002 -14"><span class='ocrx_word' id='word_1_731' title='bbox 362 5075 546 5114; x_wconf 85' lang='lat' dir='ltr'><strong>mores</strong></span> <span class='ocrx_word' id='word_1_732' title='bbox 576 5072 762 5112; x_wconf 90' lang='lat' dir='ltr'><strong>sumus</strong></span> <span class='ocrx_word' id='word_1_733' title='bbox 791 5072 977 5111; x_wconf 92' lang='lat' dir='ltr'><strong>eorum</strong></span> <span class='ocrx_word' id='word_1_734' title='bbox 1006 5073 1129 5127; x_wconf 64' lang='lat' dir='ltr'><strong>quae</strong></span> <span class='ocrx_word' id='word_1_735' title='bbox 1176 5056 1411 5109; x_wconf 77' lang='lat' dir='ltr'><strong>diximus</strong></span> <span class='ocrx_word' id='word_1_736' title='bbox 1450 5055 1505 5108; x_wconf 92' lang='lat' dir='ltr'><strong>in</strong></span> <span class='ocrx_word' id='word_1_737' title='bbox 1557 5070 1682 5109; x_wconf 88' lang='lat' dir='ltr'><strong>eum</strong></span> <span class='ocrx_word' id='word_1_738' title='bbox 1725 5055 1927 5123; x_wconf 80' lang='lat' dir='ltr'><strong>locum,</strong></span> 
     </span>
    </p>
   </div>
   <div class='ocr_carea' id='block_1_99' title="bbox 362 5147 1929 5219">
    <p class='ocr_par' dir='ltr' id='par_1_99' title="bbox 362 5147 1929 5219">
     <span class='ocr_line' id='line_1_99' title="bbox 362 5147 1929 5219; baseline -0.001 -16"><span class='ocrx_word' id='word_1_739' title='bbox 362 5168 482 5219; x_wconf 78' lang='lat' dir='ltr'><strong>quae</strong></span> <span class='ocrx_word' id='word_1_740' title='bbox 518 5148 871 5202; x_wconf 82' lang='lat' dir='ltr'><strong>declarabant</strong></span> <span class='ocrx_word' id='word_1_741' title='bbox 919 5162 1024 5200; x_wconf 90' lang='lat' dir='ltr'><strong>non</strong></span> <span class='ocrx_word' id='word_1_742' title='bbox 1055 5147 1319 5200; x_wconf 88' lang='lat' dir='ltr'><strong>minorem</strong></span> <span class='ocrx_word' id='word_1_743' title='bbox 1352 5148 1648 5214; x_wconf 85' lang='lat' dir='ltr'><strong>potentiam</strong></span> <span class='ocrx_word' id='word_1_744' title='bbox 1673 5148 1929 5203; x_wconf 87' lang='lat' dir='ltr'><strong>Servato-</strong></span> 
     </span>
    </p>
   </div>
   <div class='ocr_carea' id='block_1_100' title="bbox 434 5238 1102 5307">
    <p class='ocr_par' dir='ltr' id='par_1_100' title="bbox 434 5238 1102 5307">
     <span class='ocr_line' id='line_1_100' title="bbox 434 5238 1102 5307; baseline -0.009 -8"><span class='ocrx_word' id='word_1_745' title='bbox 434 5248 475 5277; x_wconf 78' lang='grc'>⁶¹</span> <span class='ocrx_word' id='word_1_746' title='bbox 515 5244 700 5298; x_wconf 78' lang='lat' dir='ltr'><strong>Matth.</strong></span> <span class='ocrx_word' id='word_1_747' title='bbox 741 5256 860 5304; x_wconf 81' lang='lat' dir='ltr'><strong>xm,</strong></span> <span class='ocrx_word' id='word_1_748' title='bbox 906 5238 1102 5307; x_wconf 77' lang='lat'><strong>55,56.</strong></span> 
     </span>
    </p>
   </div>
   <div class='ocr_carea' id='block_1_101' title="bbox 364 5313 944 5382">
    <p class='ocr_par' dir='ltr' id='par_1_101' title="bbox 364 5313 944 5382">
     <span class='ocr_line' id='line_1_101' title="bbox 364 5313 944 5382; baseline -0.007 -13"><span class='ocrx_word' id='word_1_749' title='bbox 364 5318 408 5350; x_wconf 80' lang='grc'><strong>⁸⁸</strong></span> <span class='ocrx_word' id='word_1_750' title='bbox 438 5314 595 5368; x_wconf 69' lang='grc' dir='ltr'>«Ιοηιι.</span> <span class='ocrx_word' id='word_1_751' title='bbox 625 5330 689 5379; x_wconf 89' lang='lat' dir='ltr'><strong>tt,</strong></span> <span class='ocrx_word' id='word_1_752' title='bbox 723 5313 791 5367; x_wconf 75' lang='grc' dir='ltr'>Η</span> <span class='ocrx_word' id='word_1_753' title='bbox 823 5327 944 5382; x_wconf 89' lang='lat' dir='ltr'><strong>seq.</strong></span> 
     </span>
    </p>
   </div>
   <div class='ocr_carea' id='block_1_102' title="bbox 437 5400 1926 5479">
    <p class='ocr_par' dir='ltr' id='par_1_102' title="bbox 437 5400 1926 5479">
     <span class='ocr_line' id='line_1_102' title="bbox 437 5400 1926 5479; baseline 0.001 -20"><span class='ocrx_word' id='word_1_754' title='bbox 437 5408 547 5479; x_wconf 72' lang='grc'>(41)</span> <span class='ocrx_word' id='word_1_755' title='bbox 573 5402 949 5479; x_wconf 34' lang='grc' dir='ltr'>ᾭστε-τινὰς</span> <span class='ocrx_word' id='word_1_756' title='bbox 991 5403 1210 5458; x_wconf 74' lang='grc' dir='ltr'>αὐτῶν.</span> <span class='ocrx_word' id='word_1_757' title='bbox 1245 5402 1372 5457; x_wconf 61' lang='lat' dir='ltr'><strong>Haec</strong></span> <span class='ocrx_word' id='word_1_758' title='bbox 1430 5400 1817 5458; x_wconf 88' lang='lat' dir='ltr'><strong>desiderantur</strong></span> <span class='ocrx_word' id='word_1_759' title='bbox 1873 5406 1926 5461; x_wconf 90' lang='lat' dir='ltr'><strong>in</strong></span> 
     </span>
    </p>
   </div>
   <div class='ocr_carea' id='block_1_103' title="bbox 367 5476 900 5531">
    <p class='ocr_par' dir='ltr' id='par_1_103' title="bbox 367 5476 900 5531">
     <span class='ocr_line' id='line_1_103' title="bbox 367 5476 900 5531; baseline -0.008 0"><span class='ocrx_word' id='word_1_760' title='bbox 367 5476 557 5531; x_wconf 78' lang='lat' dir='ltr'><strong>cndire</strong></span> <span class='ocrx_word' id='word_1_761' title='bbox 590 5476 900 5531; x_wconf 80' lang='lat' dir='ltr'><strong>Bouleiano.</strong></span> 
     </span>
    </p>
   </div>
   <div class='ocr_carea' id='block_1_104' title="bbox 440 5545 1401 5616">
    <p class='ocr_par' dir='ltr' id='par_1_104' title="bbox 440 5545 1401 5616">
     <span class='ocr_line' id='line_1_104' title="bbox 440 5545 1401 5616; baseline -0.001 -16"><span class='ocrx_word' id='word_1_762' title='bbox 440 5546 549 5615; x_wconf 61' lang='lat'><strong>(’49.)</strong></span> <span class='ocrx_word' id='word_1_763' title='bbox 574 5548 751 5600; x_wconf 77' lang='lat' dir='ltr'><strong>Codex</strong></span> <span class='ocrx_word' id='word_1_764' title='bbox 779 5545 1120 5605; x_wconf 77' lang='lat' dir='ltr'><strong>Bodleianns,</strong></span> <span class='ocrx_word' id='word_1_765' title='bbox 1151 5546 1401 5616; x_wconf 86' lang='grc' dir='ltr'>ἀχθῆναι.</span> 
     </span>
    </p>
   </div>
   <div class='ocr_carea' id='block_1_105' title="bbox 445 5613 1929 5728">
    <p class='ocr_par' dir='ltr' id='par_1_105' title="bbox 445 5613 1929 5728">
     <span class='ocr_line' id='line_1_105' title="bbox 445 5613 1929 5728; baseline 0.007 -62"><span class='ocrx_word' id='word_1_766' title='bbox 445 5613 552 5728; x_wconf 46' lang='lat' dir='ltr'><strong>(illi)</strong></span> <span class='ocrx_word' id='word_1_767' title='bbox 600 5616 767 5671; x_wconf 82' lang='lat' dir='ltr'><strong>Codd.</strong></span> <span class='ocrx_word' id='word_1_768' title='bbox 828 5619 1025 5687; x_wconf 69' lang='lat' dir='ltr'><strong>lit-gius</strong></span> <span class='ocrx_word' id='word_1_769' title='bbox 1075 5628 1127 5669; x_wconf 75' lang='lat' dir='ltr'><strong>rt</strong></span> <span class='ocrx_word' id='word_1_770' title='bbox 1181 5613 1527 5680; x_wconf 57' lang='lat' dir='ltr'><strong>littrltcrittus,</strong></span> <span class='ocrx_word' id='word_1_771' title='bbox 1580 5613 1929 5687; x_wconf 71' lang='grc' dir='ltr'>τηλικαύτην,</span> 
     </span>
     <span class='ocr_line' id='line_1_106' title="bbox 470 5697 518 5728; baseline 0 0"><span class='ocrx_word' id='word_1_772' title='bbox 470 5697 518 5728; x_wconf 69' lang='grc' dir='ltr'><strong>υ.</strong></span> 
     </span>
    </p>
   </div>
   <div class='ocr_carea' id='block_1_106' title="bbox 360 5688 518 5731">
    <p class='ocr_par' dir='ltr' id='par_1_106' title="bbox 360 5688 518 5731">
     <span class='ocr_line' id='line_1_107' title="bbox 360 5688 518 5731; baseline 0.019 -3"><span class='ocrx_word' id='word_1_773' title='bbox 360 5688 518 5731; x_wconf 50' lang='lat' dir='ltr'><strong>milli?-</strong></span> 
     </span>
    </p>
   </div>
   <div class='ocr_carea' id='block_1_107' title="bbox 1204 5237 2339 5312">
    <p class='ocr_par' dir='ltr' id='par_1_107' title="bbox 1204 5237 2339 5312">
     <span class='ocr_line' id='line_1_108' title="bbox 1204 5237 2339 5312; baseline 0.006 -20"><span class='ocrx_word' id='word_1_774' title='bbox 1204 5237 1458 5301; x_wconf 74' lang='lat' dir='ltr'><strong>“Matth.</strong></span> <span class='ocrx_word' id='word_1_775' title='bbox 1511 5254 1664 5307; x_wconf 88' lang='lat' dir='ltr'><strong>xxttt,</strong></span> <span class='ocrx_word' id='word_1_776' title='bbox 1702 5242 1804 5308; x_wconf 75' lang='lat'><strong>29;</strong></span> <span class='ocrx_word' id='word_1_777' title='bbox 1852 5243 1984 5303; x_wconf 89' lang='lat' dir='ltr'><strong>Luc.</strong></span> <span class='ocrx_word' id='word_1_778' title='bbox 2023 5263 2100 5312; x_wconf 79' lang='grc' dir='ltr'>ιιι,</span> <span class='ocrx_word' id='word_1_779' title='bbox 2127 5245 2216 5309; x_wconf 77' lang='grc'><strong>47,</strong></span> <span class='ocrx_word' id='word_1_780' title='bbox 2248 5244 2339 5299; x_wconf 66' lang='grc'><strong>48.</strong></span> 
     </span>
    </p>
   </div>
   <div class='ocr_carea' id='block_1_108' title="bbox 2035 4410 3589 4484">
    <p class='ocr_par' dir='ltr' id='par_1_108' title="bbox 2035 4410 3589 4484">
     <span class='ocr_line' id='line_1_109' title="bbox 2035 4410 3589 4484; baseline 0 -20"><span class='ocrx_word' id='word_1_781' title='bbox 2035 4410 2398 4465; x_wconf 87' lang='grc' dir='ltr'>κολλυϐιστῶν</span> <span class='ocrx_word' id='word_1_782' title='bbox 2451 4410 2632 4481; x_wconf 80' lang='grc' dir='ltr'>ἐξέχεε</span> <span class='ocrx_word' id='word_1_783' title='bbox 2662 4410 2729 4464; x_wconf 80' lang='grc' dir='ltr'><strong>τὰ</strong></span> <span class='ocrx_word' id='word_1_784' title='bbox 2772 4412 3041 4483; x_wconf 87' lang='grc' dir='ltr'>κέρματα,</span> <span class='ocrx_word' id='word_1_785' title='bbox 3092 4412 3308 4477; x_wconf 78' lang='grc' dir='ltr'>καὶτὰς</span> <span class='ocrx_word' id='word_1_786' title='bbox 3334 4410 3589 4484; x_wconf 75' lang='grc' dir='ltr'>τραπέζας</span> 
     </span>
    </p>
   </div>
   <div class='ocr_carea' id='block_1_109' title="bbox 2035 4497 3588 4577">
    <p class='ocr_par' dir='ltr' id='par_1_109' title="bbox 2035 4497 3588 4577">
     <span class='ocr_line' id='line_1_110' title="bbox 2035 4497 3588 4577; baseline -0.002 -20"><span class='ocrx_word' id='word_1_787' title='bbox 2035 4503 2298 4576; x_wconf 77' lang='grc' dir='ltr'>ἀνέτρεψε</span> <span class='ocrx_word' id='word_1_788' title='bbox 2323 4503 2456 4576; x_wconf 76' lang='grc'>(45),</span> <span class='ocrx_word' id='word_1_789' title='bbox 2489 4504 2583 4557; x_wconf 78' lang='grc' dir='ltr'>καὶ</span> <span class='ocrx_word' id='word_1_790' title='bbox 2608 4508 2721 4567; x_wconf 85' lang='grc' dir='ltr'>τοῖς</span> <span class='ocrx_word' id='word_1_791' title='bbox 2743 4503 2840 4569; x_wconf 82' lang='grc' dir='ltr'>τὰς</span> <span class='ocrx_word' id='word_1_792' title='bbox 2883 4506 3207 4577; x_wconf 73' lang='grc' dir='ltr'>περιστερὰς</span> <span class='ocrx_word' id='word_1_793' title='bbox 3236 4504 3499 4559; x_wconf 75' lang='grc' dir='ltr'>πωλοῦσιν</span> <span class='ocrx_word' id='word_1_794' title='bbox 3520 4497 3588 4555; x_wconf 80' lang='grc' dir='ltr'><strong>εἶ-</strong></span> 
     </span>
    </p>
   </div>
   <div class='ocr_carea' id='block_1_110' title="bbox 2036 4589 3592 4667">
    <p class='ocr_par' dir='ltr' id='par_1_110' title="bbox 2036 4589 3592 4667">
     <span class='ocr_line' id='line_1_111' title="bbox 2036 4589 3592 4667; baseline -0.003 -17"><span class='ocrx_word' id='word_1_795' title='bbox 2036 4614 2136 4650; x_wconf 88' lang='grc' dir='ltr'><strong>πεν</strong></span> <span class='ocrx_word' id='word_1_796' title='bbox 2158 4613 2171 4625; x_wconf 84' lang='grc'><strong>·</strong></span> <span class='ocrx_word' id='word_1_797' title='bbox 2205 4596 2407 4667; x_wconf 84' lang='grc' dir='ltr'>Ἀρατε</span> <span class='ocrx_word' id='word_1_798' title='bbox 2456 4594 2629 4649; x_wconf 74' lang='grc' dir='ltr'>ταῦτα</span> <span class='ocrx_word' id='word_1_799' title='bbox 2664 4594 2928 4660; x_wconf 78' lang='grc' dir='ltr'>ἐντεῦθεν,</span> <span class='ocrx_word' id='word_1_800' title='bbox 2986 4596 3060 4667; x_wconf 84' lang='grc' dir='ltr'>μὴ</span> <span class='ocrx_word' id='word_1_801' title='bbox 3102 4597 3303 4649; x_wconf 78' lang='grc' dir='ltr'>ποιεῖτε</span> <span class='ocrx_word' id='word_1_802' title='bbox 3338 4595 3426 4649; x_wconf 79' lang='grc' dir='ltr'><strong>τὸν</strong></span> <span class='ocrx_word' id='word_1_803' title='bbox 3461 4589 3592 4647; x_wconf 81' lang='grc' dir='ltr'>οἷκον</span> 
     </span>
    </p>
   </div>
   <div class='ocr_carea' id='block_1_111' title="bbox 2036 4683 3590 4760">
    <p class='ocr_par' dir='ltr' id='par_1_111' title="bbox 2036 4683 3590 4760">
     <span class='ocr_line' id='line_1_112' title="bbox 2036 4683 3590 4760; baseline -0.003 -18"><span class='ocrx_word' id='word_1_804' title='bbox 2036 4688 2127 4743; x_wconf 74' lang='grc' dir='ltr'>τοῦ</span> <span class='ocrx_word' id='word_1_805' title='bbox 2159 4687 2370 4758; x_wconf 89' lang='grc' dir='ltr'>Πατρός</span> <span class='ocrx_word' id='word_1_806' title='bbox 2427 4704 2525 4758; x_wconf 91' lang='grc' dir='ltr'><strong>μου</strong></span> <span class='ocrx_word' id='word_1_807' title='bbox 2556 4683 2701 4740; x_wconf 75' lang='grc' dir='ltr'>οἷκον</span> <span class='ocrx_word' id='word_1_808' title='bbox 2738 4687 3021 4760; x_wconf 84' lang='grc' dir='ltr'>ἐμπορίου.</span> <span class='ocrx_word' id='word_1_809' title='bbox 3050 4708 3068 4739; x_wconf 75' lang='grc' dir='ltr'><strong>ι</strong></span> <span class='ocrx_word' id='word_1_810' title='bbox 3113 4689 3178 4741; x_wconf 87' lang='grc' dir='ltr'>Τί</span> <span class='ocrx_word' id='word_1_811' title='bbox 3225 4683 3590 4759; x_wconf 81' lang='grc' dir='ltr'>οὖντηλικοῦ-</span> 
     </span>
    </p>
   </div>
   <div class='ocr_carea' id='block_1_112' title="bbox 2034 4774 3590 4853">
    <p class='ocr_par' dir='ltr' id='par_1_112' title="bbox 2034 4774 3590 4853">
     <span class='ocr_line' id='line_1_113' title="bbox 2034 4774 3590 4853; baseline -0.003 -20"><span class='ocrx_word' id='word_1_812' title='bbox 2034 4782 2127 4834; x_wconf 88' lang='grc' dir='ltr'><strong>τόν</strong></span> <span class='ocrx_word' id='word_1_813' title='bbox 2159 4782 2308 4833; x_wconf 88' lang='grc' dir='ltr'>ἐστιν</span> <span class='ocrx_word' id='word_1_814' title='bbox 2356 4783 2413 4833; x_wconf 87' lang='grc' dir='ltr'><strong>ἐν</strong></span> <span class='ocrx_word' id='word_1_815' title='bbox 2445 4779 2655 4842; x_wconf 80' lang='grc' dir='ltr'>τούτοις</span> <span class='ocrx_word' id='word_1_816' title='bbox 2690 4779 2822 4853; x_wconf 69' lang='grc'>(46),</span> <span class='ocrx_word' id='word_1_817' title='bbox 2872 4778 3013 4834; x_wconf 83' lang='grc' dir='ltr'>ὥστε</span> <span class='ocrx_word' id='word_1_818' title='bbox 3049 4779 3370 4850; x_wconf 85' lang='grc' dir='ltr'>κινηθέντας</span> <span class='ocrx_word' id='word_1_819' title='bbox 3400 4778 3482 4831; x_wconf 81' lang='grc' dir='ltr'>ἐπ’</span> <span class='ocrx_word' id='word_1_820' title='bbox 3505 4774 3590 4829; x_wconf 83' lang='grc' dir='ltr'>αύ-</span> 
     </span>
    </p>
   </div>
   <div class='ocr_carea' id='block_1_113' title="bbox 2030 4870 3588 4944">
    <p class='ocr_par' dir='ltr' id='par_1_113' title="bbox 2030 4870 3588 4944">
     <span class='ocr_line' id='line_1_114' title="bbox 2030 4870 3588 4944; baseline -0.006 -15"><span class='ocrx_word' id='word_1_821' title='bbox 2030 4877 2144 4937; x_wconf 85' lang='grc' dir='ltr'>τοίς</span> <span class='ocrx_word' id='word_1_822' title='bbox 2174 4874 2298 4936; x_wconf 81' lang='grc' dir='ltr'>τοὺς</span> <span class='ocrx_word' id='word_1_823' title='bbox 2324 4870 2639 4935; x_wconf 86' lang='grc' dir='ltr'>Γαλιλαίους</span> <span class='ocrx_word' id='word_1_824' title='bbox 2657 4871 2909 4936; x_wconf 77' lang='grc' dir='ltr'>δέξασθαι</span> <span class='ocrx_word' id='word_1_825' title='bbox 2935 4873 3025 4925; x_wconf 78' lang='grc' dir='ltr'><strong>τὸν</strong></span> <span class='ocrx_word' id='word_1_826' title='bbox 3051 4872 3273 4944; x_wconf 81' lang='grc' dir='ltr'>Κύριον,</span> <span class='ocrx_word' id='word_1_827' title='bbox 3310 4883 3588 4943; x_wconf 83' lang='grc' dir='ltr'>μαρτυρου-</span> 
     </span>
    </p>
   </div>
   <div class='ocr_carea' id='block_1_114' title="bbox 2036 4959 3587 5037">
    <p class='ocr_par' dir='ltr' id='par_1_114' title="bbox 2036 4959 3587 5037">
     <span class='ocr_line' id='line_1_115' title="bbox 2036 4959 3587 5037; baseline -0.003 -18"><span class='ocrx_word' id='word_1_828' title='bbox 2036 4966 2226 5037; x_wconf 86' lang='grc' dir='ltr'>μένους</span> <span class='ocrx_word' id='word_1_829' title='bbox 2254 4964 2341 5018; x_wconf 81' lang='grc' dir='ltr'>διὰ</span> <span class='ocrx_word' id='word_1_830' title='bbox 2373 4963 2434 5016; x_wconf 86' lang='grc' dir='ltr'>τὸ</span> <span class='ocrx_word' id='word_1_831' title='bbox 2460 4964 2621 5017; x_wconf 78' lang='grc' dir='ltr'>αὐτὸν</span> <span class='ocrx_word' id='word_1_832' title='bbox 2648 4963 2917 5035; x_wconf 86' lang='grc' dir='ltr'>δέχεσθαι,</span> <span class='ocrx_word' id='word_1_833' title='bbox 2945 4965 3085 5029; x_wconf 74' lang='grc' dir='ltr'>ἐπεὶ,</span> <span class='ocrx_word' id='word_1_834' title='bbox 3122 4963 3365 5027; x_wconf 86' lang='grc' dir='ltr'>ἐλθόντες</span> <span class='ocrx_word' id='word_1_835' title='bbox 3405 4964 3480 5023; x_wconf 84' lang='grc' dir='ltr'><strong>είς</strong></span> <span class='ocrx_word' id='word_1_836' title='bbox 3503 4959 3587 5029; x_wconf 74' lang='grc' dir='ltr'>τὴν</span> 
     </span>
    </p>
   </div>
   <div class='ocr_carea' id='block_1_115' title="bbox 2033 5052 3586 5130">
    <p class='ocr_par' dir='ltr' id='par_1_115' title="bbox 2033 5052 3586 5130">
     <span class='ocr_line' id='line_1_116' title="bbox 2033 5052 3586 5130; baseline -0.006 -18"><span class='ocrx_word' id='word_1_837' title='bbox 2033 5059 2224 5130; x_wconf 77' lang='grc' dir='ltr'>ἑορτὴν</span> <span class='ocrx_word' id='word_1_838' title='bbox 2254 5060 2310 5112; x_wconf 85' lang='grc' dir='ltr'><strong>ἐν</strong></span> <span class='ocrx_word' id='word_1_839' title='bbox 2356 5056 2764 5128; x_wconf 85' lang='grc' dir='ltr'>Ἰεροσολύμοις,</span> <span class='ocrx_word' id='word_1_840' title='bbox 2817 5058 2995 5110; x_wconf 88' lang='grc' dir='ltr'>πάντα</span> <span class='ocrx_word' id='word_1_841' title='bbox 3022 5056 3329 5130; x_wconf 82' lang='grc' dir='ltr'>ἑωράκασιν</span> <span class='ocrx_word' id='word_1_842' title='bbox 3359 5055 3395 5109; x_wconf 78' lang='grc' dir='ltr'>ἃ</span> <span class='ocrx_word' id='word_1_843' title='bbox 3422 5052 3586 5119; x_wconf 72' lang='grc' dir='ltr'>ἐποίηο</span> 
     </span>
    </p>
   </div>
   <div class='ocr_carea' id='block_1_116' title="bbox 2034 5141 3587 5218">
    <p class='ocr_par' dir='ltr' id='par_1_116' title="bbox 2034 5141 3587 5218">
     <span class='ocr_line' id='line_1_117' title="bbox 2034 5141 3587 5218; baseline -0.005 -16"><span class='ocrx_word' id='word_1_844' title='bbox 2034 5166 2126 5202; x_wconf 85' lang='grc' dir='ltr'><strong>σεν</strong></span> <span class='ocrx_word' id='word_1_845' title='bbox 2152 5149 2267 5201; x_wconf 86' lang='grc' dir='ltr'>ἐκεῖ</span> <span class='ocrx_word' id='word_1_846' title='bbox 2309 5149 2337 5200; x_wconf 82' lang='grc' dir='ltr'><em>ὁ</em></span> <span class='ocrx_word' id='word_1_847' title='bbox 2375 5145 2619 5216; x_wconf 84' lang='grc' dir='ltr'>’1ησοῦς;</span> <span class='ocrx_word' id='word_1_848' title='bbox 2670 5146 2732 5199; x_wconf 82' lang='lat' dir='ltr'><strong>El</strong></span> <span class='ocrx_word' id='word_1_849' title='bbox 2781 5146 3106 5218; x_wconf 86' lang='grc' dir='ltr'>μεμνήμεθα</span> <span class='ocrx_word' id='word_1_850' title='bbox 3155 5146 3260 5200; x_wconf 87' lang='grc' dir='ltr'><strong>τῶν</strong></span> <span class='ocrx_word' id='word_1_851' title='bbox 3304 5141 3587 5217; x_wconf 79' lang='grc' dir='ltr'>εἰρημένω)</span> 
     </span>
    </p>
   </div>
   <div class='ocr_carea' id='block_1_117' title="bbox 2435 5233 3582 5309">
    <p class='ocr_par' dir='ltr' id='par_1_117' title="bbox 2435 5233 3582 5309">
     <span class='ocr_line' id='line_1_118' title="bbox 2435 5233 3582 5309; baseline -0.009 -13"><span class='ocrx_word' id='word_1_852' title='bbox 2435 5242 2480 5273; x_wconf 69' lang='grc'><strong>⁸³</strong></span> <span class='ocrx_word' id='word_1_853' title='bbox 2519 5240 2710 5295; x_wconf 82' lang='lat' dir='ltr'><strong>Matth.</strong></span> <span class='ocrx_word' id='word_1_854' title='bbox 2752 5256 2908 5309; x_wconf 73' lang='lat' dir='ltr'><strong>xxtn,</strong></span> <span class='ocrx_word' id='word_1_855' title='bbox 2950 5240 3041 5296; x_wconf 73' lang='lat'><strong>29.</strong></span> <span class='ocrx_word' id='word_1_856' title='bbox 3134 5242 3180 5273; x_wconf 75' lang='lat'><strong>“</strong></span> <span class='ocrx_word' id='word_1_857' title='bbox 3210 5240 3365 5296; x_wconf 85' lang='lat' dir='ltr'><strong>Joan.</strong></span> <span class='ocrx_word' id='word_1_858' title='bbox 3398 5253 3471 5306; x_wconf 85' lang='lat' dir='ltr'><strong>Iv,</strong></span> <span class='ocrx_word' id='word_1_859' title='bbox 3504 5233 3582 5288; x_wconf 72' lang='grc' dir='ltr'><strong>ιδ.</strong></span> 
     </span>
    </p>
   </div>
   <div class='ocr_carea' id='block_1_118' title="bbox 2107 5395 3583 5473">
    <p class='ocr_par' dir='ltr' id='par_1_118' title="bbox 2107 5395 3583 5473">
     <span class='ocr_line' id='line_1_119' title="bbox 2107 5395 3583 5473; baseline -0.003 -17"><span class='ocrx_word' id='word_1_860' title='bbox 2107 5401 2221 5473; x_wconf 66' lang='grc'>(44)</span> <span class='ocrx_word' id='word_1_861' title='bbox 2254 5398 2463 5473; x_wconf 46' lang='grc' dir='ltr'>Ποτιλὰ</span> <span class='ocrx_word' id='word_1_862' title='bbox 2498 5398 2663 5453; x_wconf 80' lang='grc' dir='ltr'>ὄντα.</span> <span class='ocrx_word' id='word_1_863' title='bbox 2702 5398 2781 5453; x_wconf 88' lang='lat' dir='ltr'><strong>Ita</strong></span> <span class='ocrx_word' id='word_1_864' title='bbox 2816 5399 2989 5454; x_wconf 81' lang='lat' dir='ltr'><strong>codex</strong></span> <span class='ocrx_word' id='word_1_865' title='bbox 3021 5398 3378 5465; x_wconf 82' lang='lat' dir='ltr'><strong>Bodleianus;</strong></span> <span class='ocrx_word' id='word_1_866' title='bbox 3410 5398 3462 5453; x_wconf 87' lang='lat' dir='ltr'><strong>in</strong></span> <span class='ocrx_word' id='word_1_867' title='bbox 3490 5395 3583 5451; x_wconf 78' lang='lat' dir='ltr'><strong>lle-</strong></span> 
     </span>
    </p>
   </div>
   <div class='ocr_carea' id='block_1_119' title="bbox 2034 5470 2477 5544">
    <p class='ocr_par' dir='ltr' id='par_1_119' title="bbox 2034 5470 2477 5544">
     <span class='ocr_line' id='line_1_120' title="bbox 2034 5470 2477 5544; baseline -0.005 -20"><span class='ocrx_word' id='word_1_868' title='bbox 2034 5470 2123 5544; x_wconf 76' lang='lat' dir='ltr'><strong>gio</strong></span> <span class='ocrx_word' id='word_1_869' title='bbox 2143 5470 2302 5544; x_wconf 15' lang='grc' dir='ltr'><strong>νιίιξθξι</strong></span> <span class='ocrx_word' id='word_1_870' title='bbox 2331 5470 2477 5544; x_wconf 52' lang='grc' dir='ltr'>ὅντα,</span> 
     </span>
    </p>
   </div>
   <div class='ocr_carea' id='block_1_120' title="bbox 2103 5537 3467 5610">
    <p class='ocr_par' dir='ltr' id='par_1_120' title="bbox 2103 5537 3467 5610">
     <span class='ocr_line' id='line_1_121' title="bbox 2103 5537 3467 5610; baseline 0 -15"><span class='ocrx_word' id='word_1_871' title='bbox 2103 5540 2218 5609; x_wconf 71' lang='grc'>(45)</span> <span class='ocrx_word' id='word_1_872' title='bbox 2241 5542 2413 5595; x_wconf 87' lang='lat' dir='ltr'><strong>Codd.</strong></span> <span class='ocrx_word' id='word_1_873' title='bbox 2456 5540 2652 5609; x_wconf 71' lang='lat' dir='ltr'><strong>ltegitts</strong></span> <span class='ocrx_word' id='word_1_874' title='bbox 2679 5549 2735 5595; x_wconf 91' lang='lat' dir='ltr'><strong>et</strong></span> <span class='ocrx_word' id='word_1_875' title='bbox 2768 5538 3119 5600; x_wconf 79' lang='lat' dir='ltr'><strong>Barberintts.</strong></span> <span class='ocrx_word' id='word_1_876' title='bbox 3152 5537 3467 5610; x_wconf 79' lang='grc' dir='ltr'>ἀνέστρεψε.</span> 
     </span>
    </p>
   </div>
   <div class='ocr_carea' id='block_1_121' title="bbox 2106 5610 3327 5685">
    <p class='ocr_par' dir='ltr' id='par_1_121' title="bbox 2106 5610 3327 5685">
     <span class='ocr_line' id='line_1_122' title="bbox 2106 5610 3327 5685; baseline -0.002 -18"><span class='ocrx_word' id='word_1_877' title='bbox 2106 5614 2213 5685; x_wconf 68' lang='lat' dir='ltr'><strong>(lli)</strong></span> <span class='ocrx_word' id='word_1_878' title='bbox 2236 5612 2416 5667; x_wconf 73' lang='lat' dir='ltr'><strong>Codex</strong></span> <span class='ocrx_word' id='word_1_879' title='bbox 2450 5610 2801 5676; x_wconf 82' lang='lat' dir='ltr'><strong>Bodleianus,</strong></span> <span class='ocrx_word' id='word_1_880' title='bbox 2822 5612 2879 5662; x_wconf 87' lang='grc' dir='ltr'><strong>ἐν</strong></span> <span class='ocrx_word' id='word_1_881' title='bbox 2907 5611 3022 5673; x_wconf 84' lang='grc' dir='ltr'>τοῖς</span> <span class='ocrx_word' id='word_1_882' title='bbox 3052 5612 3327 5675; x_wconf 73' lang='grc' dir='ltr'>τοιούτοις.</span> 
     </span>
    </p>
   </div>
  </div>
