3702 6142
202 273 304 330 505

1257 273 1612 332 COMMENT.
1654 272 1719 329 IN
1756 271 1948 329 JOAN.
1986 269 2226 329 TOMUS
2257 266 2396 325 Xill.

3340 263 3444 319 506

201 393 277 455 εἰς
303 392 398 444 τὸν
443 392 609 447 τόπον
641 393 1067 449 ἀποδεικνύντων
1115 395 1217 449 οὐκ
1264 395 1520 450 ἐλάττονα
1549 393 1768 464 δύναμιν

1950 410 1958 446 ι
1986 388 2308 461 apparuisse
2341 387 2393 441 in
2421 383 2703 459 ejiciendis
2737 382 2864 449 illis,
2892 395 3056 452 quam
3097 395 3217 436 cum
3244 393 3443 450 opera-

199 482 558 552 ἐμφαίνεσθαι
581 485 674 539 τοῦ
695 487 944 559 Σωτῆρος
980 489 1037 541 ὲν
1062 490 1287 553 ἐκείνοις
1313 489 1462 561 παρὰ
1492 487 1590 560 τὴν
1628 489 1778 559 ὲνερ-

200 573 448 642 γήσασαν
504 575 585 639 είς
612 575 847 645 τυφλοὺς
879 575 1194 648 ἀναϐλέψαι,
1241 578 1335 632 καὶ
1377 579 1592 647 κωφοὺς
1624 576 1779 631 ἀκοῦ-

201 679 315 727 σαι,
362 665 458 717 καὶ
505 666 712 735 χωλοὺς
745 669 1140 740 περιπατῆσαι,
1169 670 1408 737 λεκτέον,
1441 671 1523 723 ὅτι
1570 672 1776 741 μήποτε

198 754 338 825 ὅπερ
370 755 717 828 λογισάμενοι
746 760 1097 831 ὲννοήσαντες
1140 762 1189 815 oi
1223 761 1512 824 Γαλιλαῖοι,
1556 763 1649 815 καὶ
1681 778 1780 814 κα-

200 844 575 913 ταπλαγέντες
600 849 698 921 τὴν
724 848 973 903 θειότητα
1008 850 1103 906 τοῦ
1144 851 1338 921 Ἰησοῦ,
1373 850 1591 905 ὲλθόντα
1619 850 1778 905 αὐτὸν

198 938 280 1000 είς
304 936 405 1008 τὴν
457 937 748 994 Γαλιλαίαν
795 940 1066 1008 ἐδέξαντο,
1118 942 1294 996 πάντα
1342 941 1647 1013 ἑωρακότες
1679 941 1781 994 ὅσα

199 1029 461 1101 ἐποίησεν
512 1033 571 1085 ὲν
602 1034 714 1096 τοῖς
753 1033 1158 1105 Ἱεροσολύμοις.
1200 1035 1282 1088 Τὰ
1318 1035 1375 1088 δὲ
1403 1034 1581 1089 πάντα
1607 1032 1780 1089 ταῦτα

194 1118 292 1194 ἦν,
337 1123 417 1194 τῷ
444 1125 509 1177 ἐκ
538 1122 785 1193 σχοινίων
834 1125 1141 1197 φραγελλίῳ
1186 1124 1545 1195 ἐκϐεϐλῆσθαι
1595 1125 1659 1177 ἐκ
1686 1122 1779 1178 τοῦ

200 1215 352 1288 ἱεροῦ
378 1215 447 1270 τά
476 1231 536 1269 τε
568 1214 836 1286 πρόϐατα,
864 1218 989 1280 τοὺς
1020 1215 1167 1287 βόας,
1195 1217 1289 1271 καὶ
1318 1216 1426 1271 τῶν
1449 1215 1559 1288 (47)
1591 1214 1781 1269 κολλυ-

200 1307 411 1360 ϐιστῶν
453 1306 776 1379 ὲκκεχύσθαι
821 1308 889 1361 τὰ
934 1308 1205 1380 κέρματα,
1248 1307 1473 1373 καὶτὰς
1502 1308 1782 1379 τραπέζας

199 1398 631 1471 ἀνατετράφθαι.
683 1400 816 1453 Μετ’
862 1399 1107 1465 ἐξουσίας
1151 1400 1207 1454 δὲ
1256 1399 1506 1472 εἰρῆσθαι
1550 1402 1661 1464 τοῖς
1685 1399 1783 1463 τὰς

199 1489 536 1560 περιστερὰς
579 1488 848 1544 πωλοῦσιν
870 1507 882 1519 ·
907 1490 1151 1563 «Ἀρατε
1200 1491 1372 1546 ταῦτα
1402 1489 1672 1557 ἐντεῦθεν,
1708 1490 1782 1563 μὴ

200 1582 410 1632 ποιεῖτε
438 1580 529 1634 τὸν
556 1575 703 1634 οἶκον
745 1579 840 1635 τοῦ
879 1582 1091 1654 Πατρός
1127 1600 1227 1654 μου
1276 1578 1423 1636 οἷκον
1452 1582 1735 1654 ἐμπορίου.
1758 1600 1778 1633 ι

199 1666 377 1740 Οἶμαι
415 1670 473 1723 δὲ
508 1671 642 1741 μηδὲ
682 1672 854 1726 ταῦτα
886 1673 1024 1744 μόνα
1050 1673 1211 1727 αὐτὸν
1255 1672 1610 1744 πεποιηκέναι
1637 1672 1779 1738 τότε,

201 1761 345 1815 ἀλλὰ
378 1762 471 1816 καὶ
496 1740 630 1816 ἄλλα
671 1740 898 1834 σημεῖαί
918 1764 1233 1836 ἐπιφέρεται
1263 1764 1386 1835 γὰρ.
1398 1740 1606 1827 τούτοις
1631 1763 1739 1833 (48)
1764 1780 1776 1792 ·
1814 1740 1853 1794 Β

205 1871 226 1905 ι
248 1854 341 1916 Ὠς
369 1853 425 1907 δὲ
449 1850 517 1925 ἦν
549 1855 608 1907 ὲν
638 1858 747 1919 τοῖς
795 1855 1184 1929 Ἱεροσολύμοις
1207 1859 1263 1909 ἐν
1292 1855 1369 1926 τῷ
1393 1856 1605 1925 Πάσχα,
1634 1856 1691 1909 ὲν
1714 1856 1779 1927 τῇ

199 1947 369 2017 ἑορτῇ
418 1946 603 2000 πολλοὶ
655 1947 978 2001 ἐπίστευσαν
1022 1950 1101 2012 εὶς
1128 1948 1187 2001 τὸ
1219 1948 1387 2018 ὄνομα
1433 1945 1620 2010 αὑτοῦ,
1651 1945 1784 1999 θεω-

202 2038 432 2108 ροῦντες
466 2040 633 2096 αὐτοῦ
662 2040 729 2094 τὰ
762 2043 958 2112 σημεῖα
992 2040 1028 2095 ἃ
1058 2041 1311 2111 ἐποίησεν
1334 2056 1349 2070 θ
1398 2059 1418 2093 ι
1472 2041 1556 2108 ἐφ’
1583 2034 1664 2102 οἷς
1690 2037 1784 2091 καὶ

199 2131 231 2182 ὁ
256 2132 570 2203 Νικόδημός
619 2149 779 2204 φησι⁸
839 2152 857 2184 ι
883 2132 1088 2196 Ῥαϐϐὶ,
1140 2132 1358 2202 οἴδαμεν
1388 2132 1469 2185 ὅτι
1516 2130 1623 2184 ἀπὸ
1648 2128 1782 2182 Θεοῦ

202 2222 474 2292 ἐλήλυθας
503 2225 846 2288 διδάσκαλος
894 2225 1066 2288 οὐδεὶς
1107 2224 1217 2295 γὰρ
1237 2224 1457 2278 δύναται
1482 2224 1549 2278 τὰ
1584 2226 1782 2296 σημεῖα

202 2312 380 2367 ταῦτα
422 2318 593 2368 ποιεῖν
641 2314 679 2369 ἃ.
710 2316 773 2369 σὺ
820 2318 1009 2379 ποιεῖς,
1042 2313 1108 2369 ἂν
1153 2315 1227 2387 μὴ
1320 2318 1348 2369 ό
1371 2314 1505 2379 Θεὸς
1538 2317 1654 2387 μετ’
1686 2316 1783 2369 αὐ-

201 2405 320 2458 τοῦ.
353 2424 372 2455 »
402 2406 550 2477 Πλὴν
579 2405 752 2471 ἔξεστι
795 2407 1072 2460 Γαλιλαῖον
1105 2408 1231 2461 ὄντα
1279 2404 1554 2479 ἑορτάζειν
1584 2409 1643 2461 ὲν
1687 2408 1783 2462 Ἱε-

207 2497 533 2569 ροσολύμοις
581 2498 881 2569 γινόμενον,
926 2500 1060 2553 ὅπου
1107 2502 1136 2553 ό
1188 2499 1313 2562 ναὸς
1342 2498 1438 2553 τοῦ
1483 2498 1639 2564 Θεοῦ,
1689 2500 1784 2553 καὶ

201 2586 434 2658 θεωρεῖν
469 2587 644 2641 πάντα
671 2589 770 2643 ὅσα
813 2590 981 2642 ἐποίει
1014 2591 1129 2643 ἐκεῖ
1174 2580 1203 2643 ό
1244 2590 1467 2660 Ἰησοῦς,
1501 2591 1594 2645 καὶ
1629 2591 1783 2663 μάλι-

204 2695 307 2733 στα
336 2679 457 2731 τίνα
487 2681 686 2750 τρόπον
712 2680 960 2736 ὲκϐάλλοι
986 2681 1063 2753 τῷ
1104 2682 1169 2735 ἐκ
1195 2682 1441 2753 σχοινίων
1473 2683 1783 2755 φραγελλίῳ

202 2770 296 2825 ὑπ’
327 2770 492 2824 αὐτοῦ
523 2773 871 2844 πεποιημένῳ
898 2774 1103 2839 πάντας
1136 2776 1261 2839 τοὺς
1292 2774 1604 2845 πωλοῦντας
1633 2774 1780 2845 βόας,

203 2860 304 2913 καὶ
337 2861 584 2932 πρόϐατα
611 2862 744 2939 (49),
780 2864 877 2917 καὶ
922 2864 1270 2935 περιστερὰς,
1318 2864 1388 2919 τά
1414 2882 1477 2918 τε
1507 2863 1780 2935 πρόϐατα,

204 2953 458 3016 καὶτοὺς
507 2952 656 3023 βόας,
692 2955 786 3007 καὶ
830 2954 899 3008 τὰ
946 2954 1125 3011 λοιπά.
1175 2954 1339 3028 Ἀρχὴ
1381 2956 1492 3028 γὰρ
1527 2958 1582 3009 ὲν
1618 2956 1783 3028 Ἰερο-

208 3045 463 3116 σολύμοις
491 3047 651 3117 ἑορτὴ
680 3050 794 3111 τοῖς
818 3047 1119 3113 Γαλιλαίοις
1147 3049 1262 3103 ἐστὶ
1287 3047 1380 3102 τοῦ
1413 3050 1507 3103 καὶ
1529 3049 1780 3117 δέξασθαι
1807 3077 1850 3135 C

201 3138 297 3193 τδν
323 3138 451 3191 Υἰὸν
477 3137 570 3191 τοῦ
604 3138 738 3192 Θεοῦ
768 3139 990 3194 ἐλθόντα
1022 3141 1156 3212 πρὸς
1181 3141 1378 3204 αὐτούς
1402 3158 1405 3161 ·
1441 3141 1515 3213 μὴ
1547 3142 1654 3213 γὰρ
1681 3143 1784 3197 ἐω-

209 3231 438 3300 ρακότες
476 3231 545 3285 τὰ
578 3234 636 3284 ἐν
663 3235 730 3303 τῇ
760 3233 944 3303 ἑορτῇ,
993 3234 1092 3287 οὐκ
1121 3234 1187 3288 ἂν
1230 3233 1478 3298 ἐδέξαντο
1521 3235 1715 3289 αὐτόν’
1747 3235 1780 3307 ἢ

203 3322 328 3374 οὐδὲ
380 3322 537 3386 αὐτὸς
599 3322 674 3394 μὴ
733 3324 1241 3395 προευτρεπισθεῖσι
1294 3325 1429 3397 πρὸς
1479 3326 1541 3380 τὸ
1595 3325 1780 3381 λαϐεῖν

204 3413 391 3477 αὐτὸν,
453 3412 626 3477 οὕτως
687 3414 753 3468 ἂν
805 3415 1106 3478 σπουδαίως
1160 3416 1492 3489 ἐπεδήμησε,
1558 3418 1781 3471 καταλι-

203 3503 325 3558 πὼν
370 3505 496 3569 τοὺς
535 3506 916 3577 ἐρωτήσαντας
966 3509 1140 3562 αὑτὸν
1179 3511 1356 3578 μεῖναι
1405 3513 1532 3583 παρ’
1573 3512 1777 3575 αὐτοῖς.

204 3596 270 3650 Οί
309 3595 556 3666 μέντοιγε
581 3597 863 3668 δεξάμενοι
899 3599 990 3651 τὸν
1044 3599 1250 3671 Ἰησοῦν
1292 3601 1539 3666 ἐδέξαντο
1570 3604 1663 3658 καὶ
1691 3604 1781 3658 τὸν

204 3689 598 3744 ἀποστείλαντα
625 3691 813 3744 αὐτόν·
845 3693 979 3763 φησὶ
1004 3693 1148 3766 γάρ’
1189 3711 1208 3746 ι
1267 3695 1323 3749 Ὁ
1363 3695 1464 3766 ἐμὲ
1493 3695 1781 3767 δεχόμενος

202 3781 421 3851 δέχεται
449 3782 541 3834 τὸν
568 3782 963 3838 ἀποστείλαντά
983 3801 1074 3855 με.
1108 3804 1128 3837 ι
1157 3785 1378 3857 Πρῶτον
1400 3782 1492 3841 οῦν
1523 3788 1651 3841 ἰδεῖν
1680 3783 1804 3855 δεῖ,’

202 3872 453 3927 τουτέστι
488 3873 726 3927 συνιέναι
750 3873 818 3928 τὰ
848 3875 905 3927 ὲν
953 3874 1344 3947 Ἰεροσολύμοις
1372 3876 1508 3948 ἔργα
1538 3877 1633 3930 τοῦ
1675 3879 1779 3950 Ἰη-

203 3962 301 4017 σοῦ
337 3964 533 4028 πάντα,
572 3965 694 4019 τίνα
738 3966 939 4037 τρόπον
983 3965 1232 4039 καθαίρει
1268 3968 1329 4022 τὸ
1371 3967 1534 4039 ἱερὸν,
1570 3969 1782 4024 ἀποκα-

203 4056 397 4119 θιστὰς
439 4057 571 4109 αὐτὸ
602 4058 682 4121 εἰς
710 4058 770 4111 τό
793 4056 905 4129 (50)
930 4054 1068 4113 εἶναι
1098 4055 1243 4114 οἷκον
1271 4059 1367 4114 τοῦ
1410 4061 1645 4133 Πατρός,
1688 4063 1784 4116 κα).

204 4147 408 4219 μηκέτι
438 4142 584 4201 οἶκον
610 4148 897 4219 ἐμπορίου,
928 4148 1015 4201 ἶνα
1042 4149 1180 4220 μετὰ
1200 4148 1260 4203 τό
1283 4148 1555 4221 θεωρῆσαι
1585 4150 1780 4217 ταῦτα,

201 4240 296 4293 τὸν
340 4240 714 4321 ξνεργήσαντα
752 4240 922 4295 ταῦτα
971 4242 1143 4310 Λόγον
1184 4239 1484 4312 δεξώμεθα.
1530 4239 1695 4312 Οἶμαι
1737 4242 1780 4295 δ’

199 4333 308 4393 ὅτι,
348 4332 423 4403 μὴ
455 4332 630 4386 πάντα
667 4332 738 4386 τὰ
779 4336 836 4387 ὲν
886 4332 1275 4404 Ἱεροσολύμοις
1330 4332 1614 4406 θεωρήσας
1644 4334 1783 4407 ἔργα

1880 488 2041 540 batur
2074 494 2133 536 ut
2175 482 2302 538 εειξεί
2347 481 2520 535 visum
2582 478 2904 543 reciperent,
2965 474 3115 530 surdi
3165 473 3443 539 audirent,

1877 577 2057 633 claudi
2092 575 2436 630 ambularem
2458 571 2524 637 “,
2548 569 2797 625 Galilmos
2836 566 3085 629 fortasse,
3120 579 3241 620 cum
3272 565 3444 619 vidis-

1879 681 2004 727 sent
2035 670 2176 739 quod
2209 681 2485 736 nunquam
2517 664 2620 719 rati
2651 663 2903 729 fuissent,
2935 659 3218 731 perculsos
3245 659 3443 714 divini-

1880 771 1995 817 tate
2029 760 2183 826 Jesu,
2219 759 2394 830 ipsum
2438 757 2491 811 in
2539 755 2819 811 Galilaeam
2862 756 3243 807 adventantem
3287 765 3445 805 exce-

1880 856 2044 925 pisse,
2069 854 2325 907 nimirum
2359 864 2481 905 cum
2528 848 2706 903 omnia
2735 847 2995 901 vidissent
3018 860 3137 914 quae
3165 842 3442 912 Jerosoly-
3514 887 3519 892 .

1880 948 1983 1002 mis
2009 945 2246 1002 fecisset.
2291 942 2424 1009 Quae
2458 956 2586 997 sane
2620 939 2802 996 omnia
2858 939 2975 993 bazc
3004 936 3192 1003 fuere;
3226 951 3358 991 oves
3392 946 3448 990 et

1877 1039 2068 1104 boves,
2104 1035 2312 1106 ﬂagello
2358 1050 2389 1089 e
2422 1032 2678 1087 funiculis
2712 1031 2877 1092 facto.
2926 1043 2957 1083 e
3001 1028 3200 1098 templo
3242 1027 3446 1098 eiectos

1880 1129 2076 1191 fuisse,
2136 1141 2353 1196 aeraque
2391 1123 2825 1194 argentariorum
2871 1119 3065 1185 effusa,
3125 1133 3447 1188 mensasque

1882 1223 2177 1279 subversas
2207 1235 2223 1272 :
2252 1219 2567 1286 dictumque
2609 1229 2731 1269 cum
2781 1220 3047 1283 potestate
3089 1209 3256 1265 fuisse
3304 1225 3443 1264 ven-

1882 1316 2137 1372 dentibus
2185 1311 2501 1367 columbas:
2540 1328 2558 1360 ι
2590 1307 2781 1361 Tollite
2811 1307 2911 1358 ista
2948 1304 3099 1368 hinc,
3141 1317 3241 1357 nec
3282 1300 3448 1356 facile

1882 1409 2101 1464 domum
2154 1404 2331 1458 Patris
2380 1401 2506 1464 mei,
2552 1399 2771 1452 dommn
2837 1405 3128 1449 mercatus.
3160 1412 3180 1451 ι
3243 1392 3449 1463 Opinor

1881 1515 2010 1557 vero
2037 1515 2141 1553 non
2182 1496 2368 1552 istbmc
2405 1502 2611 1548 tantum
2642 1500 2768 1544 tunc
2790 1488 2857 1543 ab
2884 1489 3000 1558 ipso
3029 1487 3193 1555 facta,
3220 1488 3312 1543 sed
3341 1486 3446 1541 alia

1880 1592 2046 1648 etiam
2076 1592 2253 1657 signa,
2279 1604 2344 1641 co
2385 1587 2526 1656 quod
2567 1583 2652 1638 bis
2707 1582 2974 1637 inferatur
3004 1596 3017 1632 :
3055 1597 3074 1630 ι
3100 1578 3233 1636 Cum
3263 1588 3444 1632 autem

1882 1693 2026 1738 esset
2056 1680 2406 1753 Jerosolymis
2433 1681 2485 1733 in
2508 1677 2735 1743 Pascha,
2760 1674 2814 1729 in
2847 1674 2933 1728 die
2960 1673 3118 1735 festo,
3149 1670 3300 1727 multi
3327 1685 3448 1725 cre-

1883 1776 2136 1828 diderunt
2169 1772 2220 1826 in
2273 1771 2488 1825 nomine
2535 1769 2727 1838 ipsius,
2780 1767 3030 1820 videntes
3064 1764 3234 1832 ipsius
3283 1763 3439 1833 signa

1883 1881 2002 1935 qiue
2059 1864 2280 1918 fecisset
2306 1863 2390 1927 ‘7;
2425 1881 2443 1912 ι
2483 1871 2706 1929 propter
2752 1873 2872 1929 qua>
2915 1858 3076 1911 etiam
3122 1854 3447 1910 Nicodemus

1885 1956 2062 2025 inquit
2091 1974 2104 2010 :
2134 1974 2152 2006 ι
2184 1954 2465 2023 Magister,
2503 1953 2708 2005 scimus
2764 1960 2815 2003 te
2854 1964 2883 2003 a
2918 1950 3025 2003 Deo
3073 1950 3289 2003 venisse
3329 1960 3448 2000 ma-

1884 2046 2117 2112 gistrum
2150 2062 2165 2098 :
2193 2059 2351 2098 nemo
2381 2044 2525 2097 enim
2559 2052 2732 2110 potest
2758 2041 2875 2095 haec
2924 2041 3076 2109 signa
3112 2040 3296 2094 facere
3328 2053 3450 2108 quae

1886 2147 1938 2190 tu
1971 2136 2124 2200 facis,
2166 2135 2268 2190 nisi
2296 2135 2456 2188 fuerit
2487 2134 2625 2188 Deus
2660 2148 2783 2186 cum
2816 2148 2881 2187 eo
2908 2132 2973 2184 ⁸⁸.
3002 2151 3018 2181 ι
3064 2129 3446 2184 Verumtamen

1884 2227 2079 2283 licebat
2114 2229 2187 2291 ei,
2220 2226 2311 2296 qui
2358 2225 2613 2281 Galilmus
2666 2234 2803 2289 erat,
2846 2223 2991 2277 diem
3023 2219 3216 2275 festum
3265 2233 3444 2289 agere,

1884 2336 2006 2375 cum
2033 2319 2224 2374 fuisset
2270 2316 2643 2388 Jerosolyuiis,
2672 2315 2759 2368 tibi
2809 2312 3068 2381 templum
3101 2319 3220 2365 erat
3246 2310 3361 2372 Dei,
3395 2317 3451 2362 et

1881 2410 2068 2464 videre
2094 2410 2274 2464 omnia
2308 2423 2427 2477 quae
2474 2406 2586 2461 illic
2637 2405 2824 2461 fecerit
2851 2403 3009 2458 Jesus
3044 2420 3056 2455 :
3087 2417 3149 2456 ac
3184 2399 3450 2470 praecipue

1884 2511 2117 2565 quonatn
2151 2504 2311 2567 pacto
2332 2495 2542 2567 ﬂagello
2567 2510 2598 2550 e
2634 2494 2891 2549 funiculis
2916 2508 2945 2546 a
2980 2506 3039 2547 se
3067 2492 3232 2556 facto,
3257 2502 3449 2542 omnes

1882 2589 2067 2660 ejiciat
2090 2589 2180 2657 qui
2213 2589 2400 2652 boves,
2419 2603 2547 2645 oves
2576 2596 2630 2642 et
2660 2586 2941 2643 columbas
2970 2586 3243 2647 vendant;
3279 2581 3452 2649 ipsas-

1883 2696 1988 2749 que
2027 2696 2177 2745 oves,
2229 2691 2285 2733 et
2335 2681 2520 2741 boves,
2576 2689 2631 2734 et
2681 2689 2898 2735 caetera.
2948 2676 3242 2731 Festivitas
3299 2674 3447 2728 enim

1884 2788 2003 2841 quas
2045 2770 2396 2839 Jerosolymis
2447 2769 2733 2839 agebatur,
2787 2766 3000 2821 initium
3062 2761 3299 2819 Galilazis
3350 2756 3451 2813 fuit

1883 2841 1948 2916 ad
1997 2862 2378 2932 excipiendum
2429 2859 2626 2914 Filium
2663 2858 2756 2913 Dei
2791 2857 3095 2912 venientem
3145 2854 3212 2907 ad
3262 2853 3438 2920 ipsos;

1882 2956 2145 3025 alioquin,
2189 2953 2292 3011 nisi
2336 2953 2598 3007 vidissent
2652 2966 2774 3021 quae
2827 2948 3039 3003 fecisset
3068 2946 3119 3001 in
3150 2945 3237 3000 die
3286 2943 3448 3004 festo,

1882 3063 1990 3101 non
2049 3045 2322 3116 recepturi
2378 3051 2536 3099 erant
2586 3042 2801 3111 ipsum;
2832 3039 2927 3094 sed
2984 3052 3052 3092 ne
3087 3036 3201 3106 ipse
3230 3034 3447 3103 quidem

1886 3143 2023 3197 adeo
2054 3142 2291 3197 studiose
2323 3140 2389 3195 ad
2417 3154 2510 3194 eos
2541 3136 2883 3196 accessisset,
2907 3131 3010 3187 nisi
3043 3138 3199 3185 antea
3236 3143 3448 3199 prama-

1883 3228 1984 3289 rati
2018 3234 2243 3288 fuissent
2270 3232 2336 3286 ad
2363 3246 2485 3286 eum
2510 3231 2651 3285 bono
2684 3228 2864 3281 animo
2891 3224 3287 3294 excipiendum,
3319 3232 3441 3273 cum

1883 3326 2213 3394 relinqueret
2269 3338 2362 3378 eos
2415 3335 2579 3388 penes
2649 3333 2786 3388 quos
2854 3315 3145 3385 rogabatur
3199 3324 3438 3365 manere.

1882 3418 2040 3488 271
2074 3416 2336 3485 Equidem
2369 3414 2459 3483 qui
2487 3411 2669 3467 Jesum
2697 3406 3031 3477 exceperint,
3083 3403 3241 3458 iidem
3276 3403 3440 3456 etiam

1882 3509 2192 3579 receperint
2219 3521 2342 3560 cum
2389 3505 2479 3573 qui
2527 3505 2701 3574 ipsum
2747 3501 2925 3565 misit;
2962 3497 3134 3568 inquit
3169 3494 3311 3550 enim
3341 3494 3387 3524 “
3422 3511 3437 3547 :

1886 3623 1905 3656 ι
1934 3604 2034 3671 Qui
2069 3618 2155 3657 me
2186 3600 2398 3669 recipit,
2433 3598 2627 3668 recipit
2660 3611 2782 3651 eum
2812 3593 2903 3663 qui
2935 3607 3019 3645 me
3037 3590 3198 3645 misit.
3239 3606 3258 3640 ι
3284 3585 3444 3643 Prin-

1882 3696 2024 3765 cipio
2062 3695 2226 3766 igitur
2279 3692 2568 3747 videndum
2614 3696 2717 3752 est,
2751 3687 2855 3742 hoc
2902 3694 2987 3740 est
3037 3681 3448 3751 intelligendum

1881 3802 2043 3857 opera
2078 3786 2257 3840 omnia
2288 3800 2407 3856 qua:
2449 3778 2801 3850 Jerosolymis
2840 3774 3031 3830 fecerit
3060 3771 3220 3828 Iesus
3244 3811 3259 3835 ,
3306 3785 3446 3839 quo-

1881 3897 2005 3936 nam
2047 3888 2203 3949 pacto
2231 3885 2494 3947 expurgat
2531 3872 2807 3942 templum,
2853 3869 2983 3925 illud
3026 3866 3342 3929 restituens,
3389 3870 3446 3916 ut

1881 3974 1953 4027 sit
1982 3974 2175 4027 domus
2205 3970 2402 4032 Patris,
2434 3981 2533 4023 nec
2567 3964 2797 4035 amplius
2823 3962 3021 4016 domus
3049 3966 3354 4020 mercatus;
3390 3961 3447 4009 ut

1880 4077 2166 4136 postquam
2207 4065 2324 4119 haec
2356 4060 2886 4118 consideraverimus
2906 4100 2921 4125 ,
2976 4058 3320 4116 Sermonem.
3353 4050 3447 4121 qui

1884 4157 1999 4211 haec.
2027 4166 2284 4226 operatus
2310 4154 2401 4219 sit,
2444 4152 2796 4222 recipiamus.
2827 4149 3093 4205 Futurum
3134 4156 3315 4201 autem
3365 4159 3447 4197 ar-

1882 4246 2077 4312 bitror,
2107 4255 2165 4299 ut
2198 4246 2290 4315 qui
2324 4261 2429 4299 non
2452 4245 2650 4299 viderit
2678 4257 2842 4314 opera
2874 4240 3057 4296 omnia
3087 4253 3206 4309 quae
3227 4236 3447 4293 Jeroso-

1884 4341 2045 4414 lymis
2088 4349 2344 4410 operatus
2378 4340 2451 4393 sit
2476 4336 2659 4400 Jesus,
2709 4353 2816 4391 non
2858 4334 3117 4402 suscipiat
3166 4346 3314 4395 eum,
3364 4327 3448 4382 vel

199 4420 300 4475 τοῦ
341 4421 538 4492 Ἰησοῦ,
568 4424 629 4475 οὐ
660 4423 869 4489 δέξεται
901 4423 992 4477 τόν
1035 4423 1261 4494 Ἰησοῦν,
1290 4423 1323 4495 ἢ
1353 4423 1473 4478 οὐδὲ
1503 4424 1768 4497 ἐπιδημή-

1950 4448 2060 4503 que
2089 4431 2314 4487 accedat
2344 4428 2523 4496 Jesus,
2552 4444 2618 4483 eo
2651 4427 2909 4490 adventu,
2943 4425 3098 4494 cujus
3148 4423 3237 4479 hic
3266 4430 3353 4478 est
3389 4420 3449 4474 li-

200 4529 287 4567 σει
314 4513 435 4582 τὴν.
463 4509 530 4585 ἦς
556 4513 819 4585 σύμϐολον
847 4514 1159 4585 ἐπιδημίας,
1198 4515 1490 4587 ἐπιδημίαν
1515 4516 1624 4587 (51)
1650 4514 1780 4569 ταύ-

195 4622 304 4675 την
331 4607 443 4668 τοῖς
469 4605 543 4676 μὴ
572 4606 834 4677 πρότερον
878 4606 1271 4676 ἀναϐεϐηκόσιν
1313 4609 1393 4671 είς
1418 4606 1517 4680 τὴν
1564 4607 1776 4680 ἑορτὴν,

199 4697 298 4751 καὶ
328 4696 403 4767 μὴ
424 4697 601 4750 πάντα
626 4697 976 4768 τεθεαμένοις
1006 4699 1105 4752 ὅσα
1133 4697 1306 4752 ἐποίει
1338 4700 1396 4751 ὲν
1417 4701 1529 4765 τοῖς
1560 4700 1780 4771 Ἰεροσο-

196 4788 416 4860 λῦμοις.

273 4880 368 4934 56.
404 4899 425 4932 ι
474 4876 674 4934 Ἦλθεν
714 4877 809 4936 οὖν
842 4882 1004 4936 πάλιν
1045 4882 1128 4946 είς
1158 4882 1257 4953 τὴν
1294 4882 1452 4937 Κανᾶ
1490 4882 1591 4953 τῆς
1617 4881 1779 4936 Γαλι-

194 4972 384 5036 λαίας,
413 4973 548 5025 ὅπου
581 4973 800 5044 ἐποίησε
829 4973 889 5027 τὸ
916 4973 1060 5047 ὕδωρ
1089 4970 1253 5028 οἶνον.
1285 4993 1304 5027 ι
1344 4974 1486 5027 Ὅσα
1509 4974 1784 5045 ἐχωρήσα-

202 5080 308 5135 μεν
334 5065 463 5133 περὶ
491 5064 590 5135 τῆς
619 5066 794 5130 Κανᾶ,
818 5067 876 5119 ὲν
899 5068 1011 5131 τοῖς
1041 5065 1299 5138 ἀνωτέρω
1319 5064 1566 5137 εἴπομεν.
1596 5065 1701 5119 Δύο
1722 5065 1780 5119 δὲ

195 5156 262 5208 οὐ
308 5156 487 5228 μάτην
534 5158 594 5211 ἐν
640 5158 799 5230 Κανᾷ
839 5159 1122 5229 ὲπιδημίαι
1151 5160 1232 5231 τῷ
1286 5159 1459 5233 Ἰησοῦ
1501 5160 1770 5231 γίνονται·

1886 4542 2048 4597 gnra,
2091 4525 2158 4579 ad
2201 4538 2294 4579 eos
2331 4523 2423 4593 qui
2461 4531 2618 4578 antea
2665 4535 2771 4575 non
2805 4518 3153 4575 ascenderint
3196 4518 3263 4571 ad
3307 4515 3449 4570 diem

1885 4619 2105 4682 festum,
2151 4632 2251 4674 nec
2296 4614 2644 4687 contemplati
2678 4613 2879 4671 fuerint
2930 4611 3114 4666 omnia
3144 4624 3266 4681 qua:
3297 4607 3454 4666 Jcro-

1885 4709 2115 4780 solytnis
2143 4708 2357 4762 fecerit.

1950 4884 2039 4941 56.
2077 4903 2096 4935 ι
2136 4885 2294 4939 Venit
2336 4898 2468 4954 ergo
2497 4896 2686 4937 rursus
2712 4878 2912 4935 Canam
2951 4875 3213 4941 Galilaete,
3245 4874 3335 4930 ubi
3365 4872 3449 4928 few

1877 4986 2032 5032 cerat
2074 4990 2141 5030 ex
2167 4990 2306 5044 aqua
2340 4974 2525 5028 viuum
2560 4973 2628 5025 τυ.
2666 4990 2685 5023 ι
2719 4969 3067 5037 Quaecunque
3106 4964 3448 5035 percepimus

1876 5068 1945 5122 de
1976 5066 2198 5121 civitate
2239 5065 2412 5128 Cana,
2445 5064 2696 5134 superius
2736 5062 3007 5125 diximus;
3041 5060 3135 5114 sed
3169 5072 3279 5113 non
3326 5056 3444 5111 fru-

1878 5167 1993 5219 stra
2027 5159 2110 5213 bis
2137 5156 2294 5217 Ιεειιε
2320 5156 2523 5214 Canam
2547 5155 2929 5227 proficiscitur.
2969 5152 3202 5208 Proinde
3235 5149 3355 5207 vide
3379 5163 3447 5205 ue

242 5291 289 5325 ⁸⁸
326 5287 515 5344 Μιιῑιιι.
543 5306 619 5356 νι,
651 5291 718 5355 5;
750 5292 884 5347 Luc.
914 5308 1013 5357 vn,
1045 5292 1134 5347 22.
1209 5291 1252 5323 ⁸⁷
1282 5290 1439 5346 Joan.
1475 5305 1534 5355 Il,
1566 5288 1657 5342 25.
1733 5284 1768 5317 ⁸⁸

1950 5322 1961 5338 .
1993 5299 2078 5349 ιιι,
2104 5283 2162 5338 2.
2236 5283 2280 5314 ⁸³
2310 5280 2442 5336 Luc.
2471 5295 2546 5344 ix,
2570 5278 2658 5335 48.
2732 5277 2779 5310 ⁷⁰
2810 5268 2967 5332 Ῐοιιιι.
3000 5292 3073 5342 tv,
3112 5275 3203 5335 46.

262 5390 380 5462 (67)
414 5390 490 5447 Τά
515 5409 582 5446 τε
603 5394 869 5461 πρόϐατα
889 5435 904 5458 ,
952 5392 1093 5459 τοὺς
1126 5393 1305 5460 βόας,
1335 5391 1433 5447 καὶ
1475 5391 1618 5457 τῶν,
1656 5401 1765 5452 etc.

189 5459 373 5536 codex
404 5459 758 5536 Bodleiauus,
787 5464 934 5536 βόας,
968 5465 1063 5536 καὶ
1095 5459 1362 5535 πρόϐατα,
1393 5464 1484 5518 καὶ
1518 5480 1768 5536 περιστε-

193 5531 422 5605 ρὰςητά
450 5550 512 5587 τε
543 5531 815 5605 πρόϐατα,
848 5535 943 5605 καὶ
969 5534 1098 5598 τῶν,
1129 5531 1240 5591 etc.

262 5603 377 5673 (48)
404 5603 665 5669 Τούτοις.
694 5604 953 5660 Siccodd.
982 5604 1306 5662 Bodleianus
1320 5613 1373 5661 et
1402 5604 1760 5668 Barberinus;

194 5671 399 5746 Regius
431 5691 722 5746 perperam
753 5675 914 5731 habet
937 5676 1162 5740 ἐκεῖνος.

1945 5395 2063 5539 ἔδυ)
2088 5396 2199 5452 Καὶ
2237 5397 2518 5464 πρόϐατα.
2544 5395 2707 5451 Deest
2727 5395 2780 5450 in
2804 5395 2992 5451 codice
3021 5393 3211 5463 Regio.

1970 5467 2058 5539 50)
2084 5471 2188 5534 Εἰς
2215 5468 2304 5539 τό.
2338 5466 2687 5539 Desidet-ator
2724 5467 2777 5539 in
2804 5466 2995 5539 codice
3018 5464 3211 5539 Bodlei:

1970 5467 2058 5537 50)
2084 5471 2188 5534 Εἰς
2215 5468 2304 5521 τό.
2338 5466 2687 5537 Desidet-ator
2724 5467 2777 5520 in
2804 5466 2995 5521 codice
3018 5464 3329 5537 Bodleiano:

1871 5610 1886 5663 l
1926 5532 2059 5621 ,(51)
2110 5532 2480 5608 Ἐπιδημίαν.
2524 5536 2686 5594 Deest
2734 5536 2790 5592 in
2835 5537 3023 5592 eodem
3063 5534 3247 5592 codice
3299 5532 3435 5590 Bod-

1892 5624 2066 5664 clauo.
