3702 6142
334 284 436 338 507

1819 276 2141 334 ORIGENIS

3450 290 3536 350 503

331 407 471 460 forte
528 402 798 475 signiﬁcet
835 403 941 459 hoc
987 405 1122 458 duos
1178 400 1232 456 in
1284 400 1540 455 mundum
1593 397 1873 452 Servatori

2018 398 2222 469 μήποτε
2255 396 2385 465 γοῦν
2419 394 2531 468 (52)
2569 397 2893 469 σημαίνουσι
2929 400 3028 466 τὰς
3066 400 3159 456 δύο
3198 404 3291 458 τοῦ
3327 405 3536 481 Σωτῆρος

326 495 495 551 nostri
548 497 851 551 adventus:
888 495 1056 551 semel
1100 494 1343 565 quidem,
1391 503 1451 548 ut
1503 494 1761 548 convivas
1802 508 1898 548 ex-

324 588 549 655 hilaret;
600 586 840 643 secundo
880 602 1031 651 vero,
1079 596 1138 641 ut
1201 588 1363 641 morti
1426 587 1737 657 proximum
1790 599 1896 640 non

325 680 494 750 regis,
531 679 627 734 sed
673 678 842 750 reguli
872 678 1154 747 cujusdam
1195 679 1363 734 ﬁlium
1391 690 1629 735 curaret.
1677 680 1743 734 Et
1787 680 1899 736 for-

323 771 483 827 tassis
529 771 753 841 regulus
799 781 919 827 erat
965 771 1265 835 Abraham,
1324 773 1407 826 vel
1435 771 1623 837 Jacob,
1664 788 1895 841 quorum

322 862 492 917 ﬁlium
520 863 777 933 populum
811 865 1327 927 exsistentem,cum
1350 865 1626 934 plenitudo
1651 866 1893 935 gentium

320 955 625 1023 intraverit,
651 956 892 1011 servabit
914 956 967 1010 in
1005 956 1112 1011 ﬁne
1132 957 1199 1009 ".
1224 956 1456 1012 Possunt
1486 957 1649 1011 etiam
1675 957 1894 1012 Sermo-

318 1049 407 1105 nis
436 1051 703 1105 adventus
731 1061 853 1104 esse
877 1050 983 1104 duo
1032 1048 1083 1102 in
1114 1049 1292 1101 anima
1328 1061 1344 1100 :
1382 1048 1531 1117 prior
1563 1048 1783 1117 quidem
1811 1047 1893 1102 vi-

300 1158 446 1211 num
479 1142 827 1212 suppeditans
862 1155 928 1195 ex
969 1156 1107 1209 aqua
1147 1137 1347 1194 factum
1391 1140 1457 1195 ad
1495 1138 1889 1206 jucunditatem

315 1233 755 1299 convivantium;
788 1230 925 1285 alter
971 1245 1183 1284 omnem
1222 1229 1460 1284 relictam
1497 1231 1886 1300 inﬁrmitatem,

312 1335 371 1380 et
411 1324 671 1395 quidquid
708 1330 933 1378 mortem
964 1323 1224 1388 minatur,
1245 1321 1512 1377 auferens.
1540 1321 1682 1378 Nihil
1706 1334 1886 1378 autem

315 1417 511 1471 mirum
546 1424 631 1471 est
661 1413 869 1479 Jesum,
901 1415 1338 1484 quandoquidem
1372 1414 1631 1485 pleraque
1658 1432 1885 1486 operum

314 1508 409 1563 Dei
441 1507 633 1572 latent,
665 1506 834 1563 multa
863 1506 1151 1562 facientem
1196 1522 1293 1576 pro
1340 1508 1518 1564 salute
1565 1524 1753 1564 eorum
1789 1511 1884 1578 qui

310 1603 558 1674 pluribus
588 1604 789 1672 degunt
819 1605 872 1658 in
906 1603 1062 1668 locis,
1112 1617 1344 1672 quorum
1391 1606 1577 1673 figurae
1602 1613 1730 1658 sunt
1761 1605 1885 1659 reli-

308 1698 400 1768 qui
435 1698 680 1767 inscripti
706 1697 832 1763 loci,
865 1696 950 1752 bis
972 1695 1176 1753 Canam
1205 1696 1344 1750 hanc
1369 1697 1664 1765 proﬁcisci,
1690 1708 1748 1753 ut
1778 1699 1878 1754 sibi

308 1789 406 1859 ipsi
437 1789 677 1844 stabiliat
703 1788 1105 1860 possessionem
1129 1803 1316 1842 eormn
1358 1790 1451 1859 qui
1484 1804 1549 1844 ex
1595 1790 1696 1845 hac
1733 1800 1878 1846 terra

310 1881 366 1935 in
400 1879 615 1936 Patrem
644 1897 741 1952 per
764 1881 937 1951 ipsum
962 1880 1266 1935 crederent.

377 2151 467 2207 57.
503 2170 521 2203 ι
561 2150 627 2206 Ει
667 2159 787 2204 erat
832 2152 1048 2220 quidam
1097 2153 1317 2224 regulus
1366 2153 1519 2221 cujus
1552 2155 1692 2210 filius
1723 2157 1874 2210 inﬁr-

303 2241 554 2296 mabatur
585 2241 636 2295 in
668 2240 1009 2311 Capharnao,
1044 2262 1065 2296 ι
1106 2259 1275 2313 usque
1322 2247 1388 2299 ad
1422 2247 1525 2300 hoc
1565 2265 1577 2300 :
1615 2265 1633 2297 ι
1675 2248 1738 2300 Et
1763 2264 1877 2302 cre-

300 2329 438 2384 didit
471 2330 615 2400 ipse,
660 2340 714 2384 et
750 2330 944 2387 domus
973 2332 1090 2399 ejus
1138 2336 1327 2389 tota".
1370 2354 1388 2386 ι
1418 2332 1534 2388 Νοιι
1574 2336 1869 2390 admodum

300 2421 559 2476 usitatum
602 2423 905 2479 invenimus
954 2425 1096 2495 apud
1142 2424 1360 2483 Judaaos
1411 2429 1581 2498 reguli
1621 2444 1816 2482 nomen
1853 2446 1867 2482 :

298 2513 441 2568 unde
495 2528 690 2583 neque,
742 2526 1006 2587 quantum
1056 2518 1120 2573 ad
1179 2520 1487 2590 historiam,
1539 2523 1870 2591 cogitatione

296 2604 661 2674 assequimur,
700 2608 821 2676 quis
851 2609 923 2663 sit
970 2609 1074 2664 iste
1118 2612 1355 2681 regulus,
1382 2626 1437 2672 et
1454 2615 1612 2686 cujus
1631 2616 1774 2686 regis
1797 2618 1869 2673 sit

293 2697 655 2766 cognominis.
683 2698 870 2770 Itaque
903 2700 1209 2772 simplicior
1237 2705 1575 2762 existimabit
1620 2710 1864 2777 regulum

295 2788 443 2845 hunc
467 2790 743 2846 hominem
784 2806 906 2847 esse
929 2792 1163 2864 aliquem
1200 2794 1430 2852 Herodis
1464 2800 1627 2870 regis.
1655 2800 1866 2857 Rursus

291 2886 432 2937 alter
452 2882 579 2938 huic
604 2882 795 2939 similis
817 2883 1064 2942 dicturus
1095 2896 1179 2942 est
1209 2903 1239 2942 e
1272 2887 1504 2945 Caesaris
1530 2891 1690 2946 domo
1722 2892 1865 2949 hunc

290 2971 465 3028 fuisse
490 2973 757 3044 regulum,
790 2983 900 3028 tum
930 2978 1194 3049 temporis
1222 2979 1427 3050 aliquid
1451 2980 1504 3036 in
1532 2981 1713 3038 .ludaea
1749 2985 1860 3039 exi-

2006 490 2085 551 εἰς
2108 486 2200 540 τὸν
2236 488 2436 559 κόσμον
2470 490 2782 562 ἐπιδημίας,
2810 491 2923 565 τὴν.
2941 494 3040 564 μὲν
3073 495 3357 566 προτέραν,
3388 498 3444 552 ἶν’
3467 504 3535 555 ξὺν

2003 580 2182 654 φράνῃ
2217 584 2341 647 τοὺς
2386 584 2873 654 συνεστιωμένους·
2925 585 3022 657 τὴν
3066 587 3124 640 δὲ
3171 588 3431 658 δευτέραν,
3466 594 3536 649 ἵνα

1997 674 2090 727 τὸν
2112 676 2276 744 ἐγγὺς
2303 676 2595 747 γενόμενον
2623 676 2853 732 θανάτου
2893 680 2955 733 οὐ
2998 679 3093 733 τοῦ
3135 680 3390 751 βασιλέως
3424 688 3536 757 υἱὸν,

1998 766 2134 820 ἀλλά
2156 784 2301 830 τινος
2344 767 2622 838 βασιλικοῦ
2656 770 2955 844 ἀναστήσῃ.
2987 772 3097 825 Kal.
3130 772 3272 842 τάχα
3300 774 3330 825 ὁ
3360 774 3536 844 βασιλι-

1997 857 2092 921 κὸς
2124 858 2373 930 Ἀϐραὰμ
2401 854 2491 930 ἦν,
2530 859 2562 931 ἢ
2608 860 2822 926 Ἰακὼϐ,
2860 854 2936 914 ὧν
2979 862 3095 916 υἱὸν
3123 862 3254 917 ὄντα
3287 864 3375 917 τὸν
3414 867 3537 935 λαὸν,

1998 949 2136 1019 μετὰ
2182 950 2242 1003 τὸ
2295 951 2566 1023 πλήρωμα
2596 952 2705 1006 τῶν
2739 953 2907 1007 ἐθνῶν
2948 954 3205 1009 εἰσελθεῖν
3235 957 3365 1026 (55),
3400 960 3536 1018 σώσει

1993 1042 2086 1094 ἐπὶ
2107 1042 2319 1106 τέλους.
2352 1043 2582 1097 Δύναται
2625 1046 2720 1098 καὶ
2759 1045 2852 1099 δύο
2884 1045 2980 1099 τοῦ
3007 1047 3180 1117 Λόγου
3212 1044 3350 1104 εἶναι

1996 1134 2114 1203 μίαι
2143 1136 2208 1186 ἐν.
2229 1137 2293 1205 τῇ
2316 1134 2461 1207 ψυχῇ
2484 1153 2497 1166 ·
2533 1139 2565 1207 ἡ
2596 1137 2696 1206 μὲν
2730 1138 2972 1210 προτέρα
2997 1138 3089 1192 τὸν
3113 1140 3171 1206 ἐξ
3200 1140 3389 1206 ὕδατος
3408 1148 3537 1212 γενό-

1993 1242 2151 1295 μενον
2181 1221 2322 1278 οἶνον
2353 1228 2662 1298 χορηγοῦσα
2684 1230 2766 1293 εἰς
2793 1231 3129 1304 εὐφροσύνην
3149 1234 3256 1287 τῶν
3280 1251 3539 1291 συνεστιω-

1992 1317 2170 1387 μένων
2190 1336 2203 1349 ·
2246 1319 2281 1390 ἡ
2330 1319 2387 1373 δὲ
2429 1320 2656 1392 δευτέρα
2717 1324 2896 1377 πᾶσαν
2950 1323 3049 1395 τὴν
3095 1326 3538 1400 καταλειπομένην

1984 1406 2269 1464 ἀσθένειαν
2301 1415 2395 1467 καὶ
2436 1413 2496 1467 τὸ
2531 1415 2667 1487 πρὸς
2714 1415 2942 1471 θάνατον
2982 1418 3299 1483 κινδυνῶδες
3348 1437 3539 1493 περιαι-

1989 1501 2176 1573 ροῦσα.
2210 1504 2374 1558 Οὐδὲν
2401 1506 2459 1560 δέ
2497 1507 2809 1578 θαυμαστὸν
2851 1506 2990 1563 εἶναι
3025 1511 3157 1582 (54),
3185 1512 3442 1585 (ἐπείπερ
3477 1516 3537 1569 τὰ

1984 1593 2203 1647 πλείονα
2234 1594 2341 1648 τῶν
2369 1596 2545 1668 ἔργων
2564 1597 2660 1651 τοῦ
2687 1599 2822 1653 Θεοῦ
2858 1601 3004 1654 ἐστιν
3039 1602 3098 1655 ἐν
3133 1604 3498 1676 ἀποκρύφοις·
3518 1609 3563 1681 ),

1985 1686 2152 1739 πολλὰ
2174 1687 2320 1771 Ῠῦπὲρ
2376 1690 2647 1762 σωτηρίας
2688 1691 2799 1745 τῶν
2848 1694 3117 1765 πολλαχοῦ
3164 1697 3334 1750 ποιῶν
3376 1701 3405 1752 ὁ
3448 1701 3536 1771 Ἰη-

1985 1775 2129 1839 σοῦς,
2159 1770 2233 1829 ὧν
2262 1777 2423 1830 τύποι
2453 1779 2523 1832 τὰ
2557 1779 2721 1834 λοιπὰ
2754 1782 3218 1856 ἀναγεγραμμένα
3251 1788 3440 1859 χωρία,
3464 1770 3537 1853 δίς

1979 1869 2045 1938 τῇ
2102 1870 2256 1939 Κανᾷ
2302 1869 2475 1943 ταύτῃ
2526 1871 2801 1943 ἐπιδημεῖ,
2839 1873 3069 1945 βεϐαιῶν
3130 1878 3311 1949 ἐαυτῷ
3364 1882 3535 1950 κτῆσιν

1978 1960 2087 2014 τῶν
2115 1961 2223 2015 ἀπὸ
2243 1961 2447 2034 ταύτης
2470 1965 2568 2035 τῆς
2598 1964 2702 2035 γῆς
2726 1967 3086 2022 πιστευόντων
3109 1970 3188 2034 εἰς
3215 1970 3310 2025 τὸν
3339 1972 3537 2045 Πατέρα

1976 2050 2042 2104 δι’
2064 2051 2251 2106 αὐτοῦ.

2046 2144 2135 2199 57.
2178 2163 2197 2196 ι
2240 2145 2351 2199 Καὶ
2379 2140 2446 2218 ἦν
2477 2163 2564 2211 τις
2593 2146 2888 2225 βασιλικὸς,
2924 2144 2984 2204 οὗ
3022 2151 3051 2203 ὁ
3088 2151 3203 2215 υἱὸς
3233 2151 3443 2222 ἠσθένει
3482 2155 3533 2207 ἐν

1975 2236 2371 2308 Καφαρναοὺμ,
2408 2256 2426 2287 ι
2460 2236 2565 2301 ἓως
2594 2237 2688 2291 τοῦ
2721 2238 2851 2309 (55)·
2894 2258 2912 2290 ι
2954 2241 3063 2293 Καὶ
3107 2241 3425 2295 ἐπίστευσεν
3448 2241 3534 2296 αὐ-

1971 2329 2082 2395 τὸς,
2118 2329 2211 2383 καὶ
2237 2333 2270 2400 ἡ
2306 2329 2449 2383 οἰκία
2482 2329 2644 2383 αὐτοῦ
2698 2329 2814 2400 ὅλη.
2859 2351 2877 2384 ι
2915 2332 2988 2385 Οὐ
3034 2332 3174 2385 πάνυ
3221 2333 3532 2404 εὑρίσκομεν

1972 2420 2124 2493 παρὰ
2168 2420 2437 2485 Ἰουδαίοις
2462 2421 2820 2493 τετριμμένον
2848 2422 2907 2475 τὸ
2926 2422 3020 2476 τοῦ
3044 2422 3326 2494 βασιλικοῦ
3356 2426 3529 2495 δνομα’

1969 2516 2090 2569 ὅθεν
2128 2516 2281 2577 οὐδὲ,
2333 2516 2456 2569 ὅσον
2503 2515 2594 2569 ἐπὶ
2653 2518 2718 2586 τῇ
2785 2515 3025 2588 ἱστορίᾳ,
3081 2517 3438 2589 ἐπιϐάλλομεν
3481 2520 3532 2571 ἐν

1968 2610 2044 2681 νῷ
2076 2609 2186 2682 (56)
2216 2611 2300 2673 τίς
2328 2606 2395 2682 ἦν
2420 2601 2574 2674 οὗτος
2606 2612 2634 2663 ό
2656 2608 2949 2681 βασιλικὸς,
2978 2611 3073 2664 καὶ
3103 2610 3251 2675 τίνος
3285 2609 3532 2680 βασιλέως

1937 2700 2273 2772 ἐπώνυμος.
2320 2702 2378 2754 Ὀ
2428 2700 2526 2772 μὲν
2571 2697 2665 2755 οὖν
2714 2701 3101 2772 ἀκεραιότερος
3155 2703 3401 2774 οἰήσεται
3444 2701 3529 2755 τοῦ

1968 2793 2231 2864 βασιλέως
2279 2792 2516 2865 Ἡρώδου
2553 2792 2675 2847 τινὰ
2715 2792 2999 2864 ἄνθρωπον
3038 2789 3177 2848 εῖναι
3219 2793 3412 2847 τοῦτον
3447 2792 3533 2847 τὸν

1966 2885 2241 2956 βασιλικόν
2259 2903 2274 2917 ο
2301 2885 2488 2957 ἕτερος
2515 2886 2571 2940 δὲ
2592 2884 2763 2956 τούτῳ
2790 2887 2974 2956 ὅμοιος
2991 2886 3107 2957 ἐρεῖ
3132 2886 3237 2957 τῆς
3265 2886 3532 2958 Καίσαρος

1964 2978 2139 3043 οἰκίας
2162 2979 2443 3048 γεγονέναι
2476 2976 2666 3032 τοῦτον
2700 2978 2793 3032 τὸν
2833 2977 3110 3047 βασιλικὸν
3149 2979 3460 3051 πράττοντά
3484 2995 3533 3030 τι

293 3075 508 3134 gentem
564 3075 996 3125 traetantemve:
1032 3085 1207 3141 neque
1257 3072 1401 3126 enim
1460 3083 1647 3144 aperte
1698 3075 1860 3147 272

2018 3071 2093 3141 ερὶ
2117 3071 2215 3141 τὴν
2247 3069 2501 3123 Ἰουδαίαν
2528 3069 2651 3123 τότε
2669 3085 2684 3101 ο
2713 3069 2833 3123 οὐδὲ
2858 3069 2967 3143 γὰρ
2998 3069 3185 3140 σαφῶς
3224 3071 3531 3143 εὑρίσκεται

289 3158 583 3226 invenitur,
612 3161 753 3230 quod
776 3160 940 3216 fuerit
965 3161 1203 3228 Judaaus,
1242 3165 1497 3233 quoniam
1535 3182 1638 3221 non
1676 3169 1859 3238 sequi-

289 3259 376 3306 tur
408 3251 717 3323 indigenam
741 3268 864 3308 eum
900 3253 1068 3309 fuisse
1099 3255 1315 3310 illorum
1337 3257 1602 3323 locorum,
1632 3274 1697 3315 eo
1717 3261 1860 3331 quod

288 3340 435 3397 ﬁlius
459 3356 592 3399 suus
625 3343 679 3397 in
716 3340 1039 3413 Capharnao
1062 3348 1385 3417 mgrotabat.
1419 3350 1736 3405 Ostenditur
1769 3366 1862 3404 au-

288 3443 394 3488 tem
427 3434 572 3490 illius
609 3436 845 3505 dignitas
882 3436 1048 3491 etiam
1092 3454 1156 3493 ex
1191 3440 1294 3497 hoc
1332 3443 1475 3512 quod
1502 3441 1614 3510 jam
1656 3443 1732 3498 illi
1765 3445 1859 3499 de-

284 3524 565 3580 scendenti
615 3529 928 3581 occurrisse
979 3527 1238 3585 dicuntur
1293 3534 1437 3588 servi
1465 3533 1554 3599 ⁷³,
1612 3534 1857 3591 dicentes

284 3616 454 3672 ﬁlium
516 3618 687 3688 ipsius
738 3622 923 3681 vivere
950 3642 963 3680 :
988 3626 1231 3696 ‘plnrium
1261 3626 1406 3682 enim
1439 3641 1667 3682 numero
1709 3628 1854 3682 servi

282 3710 559 3766 dicuntur.
594 3712 802 3770 Habeat
834 3715 1001 3788 igitur
1033 3717 1267 3772 historia
1295 3728 1353 3772 ut
1402 3718 1573 3783 lubet,
1631 3718 1855 3790 elegan-

285 3802 500 3873 tiusque
554 3820 614 3860 se
660 3807 860 3863 habeat
902 3809 1074 3881 reguli
1135 3809 1280 3866 ﬁlius
1326 3809 1482 3879 juxta
1542 3812 1855 3868 Servatoris

280 3901 467 3944 vocem
499 3892 636 3946 hora
684 3896 913 3960 septima
959 3897 1219 3953 liberatus
1265 3914 1295 3953 a
1346 3900 1502 3965 febri,
1554 3903 1854 3973 domusque

279 3976 396 4046 ejus
425 3989 537 4035 tota
559 3985 743 4039 credat
768 3986 835 4042 "".
856 3987 927 4041 At
965 4003 1064 4060 age
1098 4004 1198 4059 pro
1227 3990 1367 4046 virili
1395 4002 1580 4048 nostra
1609 3995 1850 4064 vestige-

279 4087 402 4127 mus
431 4073 591 4141 cujus
623 4077 702 4133 rei
741 4088 866 4134 nota
903 4094 1026 4136 esse
1050 4083 1220 4151 possit
1243 4083 1332 4140 hic
1360 4085 1600 4155 regulus.
1624 4096 1678 4140 et
1707 4086 1852 4143 ﬁlius

276 4162 415 4232 ejus.
452 4164 699 4235 Magnqu
732 4169 895 4239 igitur
927 4185 1128 4242 regem,
1163 4174 1318 4244 cujus
1361 4177 1555 4232 civitas
1586 4193 1710 4233 vera
1758 4178 1850 4235 Je-

1975 3162 2224 3225 Ἰουδαῖος
2252 3160 2348 3228 ὢν,
2379 3161 2610 3233 ἐπείπερ
2642 3161 2744 3215 οὐκ
2780 3161 3066 3216 ἀκολουθεῖ
3094 3162 3188 3215 τὸν
3221 3163 3341 3215 υἰδν
3374 3159 3532 3215 αὐτοῦ

1960 3251 2316 3323 ὴσθενηκέναι
2339 3254 2397 3306 ἐν
2425 3252 2821 3325 Καφαρναοὺμ,
2851 3254 3048 3305 οἰκεῖον
3081 3251 3244 3305 αὐτὸν
3266 3248 3532 3306 εἶναιτῶν

1959 3342 2099 3397 κατὰ
2128 3344 2253 3406 τοὺς
2275 3343 2490 3408 τόπους.
2544 3343 2898 3414 Ἐμφαίνεται
2923 3343 2981 3396 δέ
3017 3343 3182 3396 αὐτοῦ
3222 3342 3288 3396 τὸ
3323 3342 3532 3410 ἀξίωμα

1959 3435 2055 3488 καὶ
2093 3434 2158 3486 ἐκ
2196 3433 2288 3486 τοῦ
2332 3433 2431 3506 ἥδη
2479 3435 2643 3488 αὐτοῦ
2683 3436 3103 3498 καταϐαίνοντος
3146 3436 3277 3499 τοὺς
3321 3433 3530 3496 δούλους

1956 3525 2103 3597 αὐτῷ
2131 3526 2503 3597 ἀπηντηκέναι
2536 3527 2812 3597 λέγοντας,
2846 3529 2928 3581 ὅτι
2968 3529 2997 3581 6
3040 3529 3173 3590 παῖς
3214 3526 3386 3580 αὐτοῦ
3436 3523 3528 3595 ζῇ·

1957 3617 2333 3688 πληθυντικῶς
2373 3618 2482 3690 γὰρ
2528 3622 2578 3673 οἰ
2626 3619 2800 3674 δοῦλοι
2839 3620 3103 3691 εἴρηνται.
3172 3620 3379 3690 Ἐχέτω
3424 3618 3530 3688 (57)

1954 3706 2131 3776 τοίνυν
2163 3708 2310 3772 ὅπως
2343 3709 2473 3762 ποτὲ
2513 3709 2575 3763 τὸ
2618 3710 2717 3781 τῆς
2763 3709 3024 3782 ἱστορίας,
3067 3710 3163 3764 καὶ
3206 3711 3236 3762 ὁ
3280 3709 3398 3773 υἱὸς
3443 3707 3530 3761 τοῦ

1957 3796 2232 3868 βασιλικοῦ
2264 3800 2598 3871 κομψότερον
2623 3800 2905 3873 ἐσχηκέτω
2935 3801 3078 3855 κατὰ
3104 3802 3195 3854 τὸν
3228 3800 3327 3854 τοῦ
3352 3799 3523 3869 Σωτῆυ

1957 3908 2047 3963 ρος
2083 3891 2260 3961 λόγον,
2290 3895 2357 3965 τῇ
2388 3893 2586 3965 ἐϐδόμῃ
2619 3893 2739 3966 ὥρᾳ
2768 3893 3152 3966 ἐλευθερωθεὶς
3179 3894 3292 3948 ἀπὸ
3324 3892 3420 3946 τοῦ
3442 3909 3530 3944 πυ-

1956 3982 2131 4052 ρετοῦ,
2158 3984 2251 4037 καὶ
2281 3985 2313 4056 ἠ
2340 3985 2487 4038 οἰκία
2507 3985 2671 4039 αὐτοῦ
2693 3985 2798 4056 ’ὅλη
2831 3983 3265 4038 πεπιστευκέτω.
3311 3984 3449 4055 Φέρε
3474 3980 3529 4034 δὲ

1950 4074 2092 4128 κατὰ
2129 4075 2191 4128 τὸ
2215 4076 2438 4130 δυνατὸν
2464 4079 2593 4149 ἡμῖν
2622 4079 3003 4150 ἐρευνήσωμεν
3035 4078 3180 4142 τίνος
3210 4071 3372 4141 οὗτος
3395 4075 3529 4146 σύμ-

1950 4164 2104 4221 ϐολον
2140 4162 2279 4221 εἶναι
2318 4167 2539 4221 δύναται
2566 4168 2661 4223 καὶ
2698 4171 2726 4222 ὁ
2759 4169 2874 4232 υἱὸς
2901 4168 3088 4222 αὑτοῦ.
3122 4169 3319 4238 Μέγαν
3342 4167 3408 4239 δὴ
3437 4166 3531 4236 βα-

277 4258 546 4329 rosolyma
593 4262 815 4326 sunt",
860 4273 915 4318 et
955 4279 1137 4337 regem
1177 4270 1582 4337 regnantium"
1622 4286 1850 4342 peregre

2018 4258 2123 4323 λέα,
2159 4252 2221 4312 οὗ
2254 4261 2407 4324 πόλις
2454 4261 2571 4317 ἐστ)⁵
2606 4261 2677 4315 τὰ
2721 4260 2952 4333 ἀληθινὰ
3014 4260 3391 4333 Ἱεροσόλυμα,
3441 4258 3530 4312 καὶ

277 4347 580 4419 profectum
611 4355 677 4407 ad
704 4354 979 4425 regionem
1032 4357 1386 4429 longinquam
1412 4362 1714 4432 accipiendi
1740 4364 1845 4419 sibi

2018 4350 2174 4404 6th
2203 4351 2313 4404 τῶν
2343 4352 2734 4422 βασιλευόντων
2757 4353 2847 4406 τὸν
2873 4352 3202 4423 πορευθέντα
3230 4354 3315 4416 εἰς
3349 4348 3530 4422 χώραν

276 4440 425 4509 regni
453 4457 615 4498 causa
641 4444 708 4513 ",
754 4455 809 4503 et
842 4448 1125 4514 redeundi,
1166 4461 1221 4506 et
1269 4461 1633 4509 revertentem
1663 4470 1843 4526 regem

2018 4443 2171 4516 ικρὰν
2191 4443 2376 4497 λαϐεῖν
2404 4443 2582 4516 ἐαυτῷ
2609 4444 2904 4516 βασιλείαν,
2925 4446 3018 4499 καὶ
3043 4443 3412 4516 ὑποστρέψαι,
3438 4442 3530 4497 καὶ

275 4532 443 4588 alium
476 4537 748 4592 neminem
777 4540 1000 4606 scimus,
1020 4541 1123 4596 nisi
1153 4541 1461 4597 dicentem:
1486 4561 1505 4593 ι
1529 4543 1642 4615 Ego
1663 4556 1845 4600 autem

2018 4534 2310 4589 λανελθόντα
2344 4534 2454 4608 (58)
2503 4535 2726 4606 βασιλέα
2758 4535 2945 4590 οὐδένα
2976 4535 3134 4591 ἄλλον
3173 4538 3338 4608 ίσμεν
3370 4535 3404 4607 ἢ
3437 4536 3527 4588 τὸν

272 4627 608 4684 conStitutus
656 4645 774 4707 sum
829 4648 925 4687 rex
981 4634 1049 4689 ab
1101 4648 1167 4688 eo
1211 4650 1375 4703 super
1420 4634 1550 4690 Sion
1604 4646 1844 4693 montem

2018 4631 2192 4685 τόντα·
2234 4649 2253 4682 ι
2307 4629 2448 4700 Ἐγὼ
2477 4631 2535 4684 δὲ
2569 4629 2906 4702 κατεστάθην
2941 4630 3192 4701 βασιλεὺς
3230 4632 3329 4685 ὑπ’
3363 4630 3529 4685 αὐτοῦ

272 4732 521 4776 sanctum
563 4724 715 4793 ejus;
752 4725 1056 4794 praedicans
1094 4737 1421 4797 praeceptum
1449 4727 1657 4783 Domini
1685 4729 1777 4797 7';
1812 4749 1832 4782 ι

2018 4724 2038 4776 ἰ
2099 4721 2238 4777 Σιὼν
2297 4723 2422 4795 ὅρος
2473 4722 2534 4777 τὸ
2595 4723 2751 4792 ἅγιον
2807 4723 3007 4787 αὐτοῦ,
3068 4722 3415 4793 διαγγέλλων
3470 4722 3528 4775 τὸ

271 4810 430 4879 hujus
479 4813 623 4869 diem
657 4818 747 4886 qui
778 4817 1036 4886 viderint,
1073 4828 1127 4872 et
1161 4818 1325 4874 laetati
1370 4818 1591 4884 fuerint,
1650 4834 1842 4878 omnes

2018 4817 2277 4889 νόσταγμα
2300 4817 2529 4889 Κυρίου.
2572 4835 2591 4869 ι
2625 4815 2828 4869 Τούτου
2854 4814 2952 4888 τὴν
2977 4816 3188 4887 ἡμέραν
3219 4817 3274 4869 οἱ
3304 4817 3526 4877 ἰδόντες,

262 4910 401 4959 sunt
435 4905 636 4975 reguli;
676 4916 732 4962 et
779 4911 868 4977 qui
914 4911 1143 4966 credunt
1174 4910 1229 4964 in
1258 4909 1473 4965 Patrem
1504 4925 1600 4980 per
1632 4912 1833 4980 ipsum,

2018 4912 2038 4964 ὶ
2091 4909 2515 4981 εὐφρανθέντες,
2566 4908 2769 4972 πάντες
2815 4909 2922 4962 εἰσὶ
2971 4907 3270 4978 βασιλικοί·
3333 4909 3430 4962 καὶ
3477 4907 3525 4959 οί

269 4995 418 5064 regni
449 4995 595 5052 illius
620 5008 743 5053 sunt
778 5002 1128 5071 cognomines
1152 5019 1168 5056 :
1191 5016 1425 5073 quorum
1455 5018 1620 5056 unum
1646 4996 1859 5070 quem?

2018 5002 2290 5066 στεύοντες
2330 5004 2410 5066 εἰς
2451 5002 2562 5055 ’τὸν
2619 5000 2839 5072 Πατέρα
2888 5001 2956 5055 δι’
3016 5001 3181 5056 αὐτοῦ
3241 5001 3527 5071 ἐπώνυμοι

335 5189 379 5262 τι
399 5186 552 5241 nom.
576 5160 653 5262 .u',
669 5185 762 5262 gs.
801 5187 864 5262 jf
884 5185 1045 5262 toan.
1072 5186 1361 5262 ινηιθ-είδ.
1455 5188 1500 5220 τε
1520 5188 1651 5244 ibid.
1686 5204 1760 5257 IV,
1793 5188 1874 5244 δι.

2026 5190 2162 5246 ibid.
2193 5190 2285 5255 52,
2307 5191 2399 5248 55.
2475 5191 2521 5223 ⁷⁸
2549 5189 2738 5245 Matth.
2768 5205 2821 5257 ν,
2856 5190 2949 5247 35.
3016 5190 3064 5224 "
3085 5191 3256 5262 Apoc.
3290 5206 3415 5260 xu,
3441 5189 3525 5246 16.

264 5260 309 5291 ’⁷
332 5259 466 5313 Luc.
496 5273 605 5317 XIX,
630 5256 721 5313 12.
800 5257 846 5290 ⁷⁸
884 5257 1024 5313 Psal.
1061 5274 1124 5323 ιι,
1149 5257 1203 5312 6.

336 5394 449 5465 (52)
478 5393 659 5465 Codex
682 5392 1010 5449 Bodleianus
1034 5393 1186 5464 γοῦν,
1217 5393 1376 5450 codd.
1404 5391 1609 5464 Regius
1625 5401 1681 5448 et
1705 5392 1837 5448 Bar-
1943 5391 2128 5465 omisit
2157 5388 2274 5465 τοῦ.

266 5459 658 5536 bet-inusthp.
737 5533 762 5536 ,Α
873 5532 900 5536 _
1045 5459 1092 5536 ⁷,
1173 5459 1178 5461 Ἴ
1274 5535 1302 5536 η
1423 5459 1551 5536 A‘,

2018 5462 2129 5531 (56)
2163 5462 2282 5536 ΔἘξ
2302 5459 2408 5528 νῷ.
2440 5460 2532 5518 Sic
2562 5462 2727 5518 codex
2758 5460 3370 5532 Bodleianus;Regius,
3397 5476 3523 5531 per.

336 5531 449 5605 (55)
481 5524 813 5589 Εῐσὲλθεῒν.
842 5532 1034 5605 γῦρθει
1081 5534 1134 5589 in
1186 5535 1373 5605 codice
1422 5534 1624 5603 Regio,
1658 5542 1839 5591 exstat

2018 5524 2069 5605 ra
2079 5524 2217 5605 ut}?
2247 5524 2312 5605 ᾧ.

269 5598 482 5676 Vergin
501 5606 799 5676 iudicibus
839 5604 1137 5661 Bodleiano
1164 5617 1220 5660 et
1251 5598 1574 5660 Barberine.
1610 5598 1619 5601 ’
1944 5598 1960 5605 ”
2017 5598 2739 5676 (ὅῖχεράθκ-Βράιθίθηυβ,
2801 5612 2968 5676 recte,
3015 5601 3220 5674 ἐχέτωο
3274 5598 3524 5673 Regilli.

491 5667 832 5745 ιξῖιξαιλλεεο
854 5678 923 5729 εἰ.
1327 5743 1335 5745 _
1532 5743 1553 5745 _
1650 5743 1677 5745 μ
1760 5742 1771 5745 _

2018 5667 2296 5745 ιΙ-ιθξὶκέτω
2309 5689 2324 5703 θ
2357 5671 2658 5745 Perinuius,
2687 5667 2993 5745 ἱκετευέτω.

353 5736 465 5803 (55)
495 5739 675 5796 Ωυαυι
725 5736 1047 5804 Bodleianus
1101 5747 1265 5803 habet
1313 5743 1418 5808 ἕως
1464 5743 1581 5811 τοῦ,
1642 5742 1842 5815 Regius

2022 5742 2132 5815 (58)
2177 5736 2851 5801 Ἐπανειίθόνταζϐοιιυι
2880 5742 3224 5810 Bodleianus,
3263 5741 3519 5798 ἐλθόντα.
