3702 6142
257 289 360 346 509
1315 291 1676 352 COMMENT.
1715 293 1784 350 ιιι
1823 291 2016 351 ιοΑΝ.
2057 287 2296 346 rouus
2330 285 2472 346 xm.
3392 251 3497 340 sit

253 399 581 472 τυγχάνουσι
602 400 704 472 τῆς
735 400 1010 472 βασιλείας
1044 400 1230 466 αὑτοῦ,
1263 397 1339 457 ὧν
1364 405 1460 459 ἕνα
1495 408 1615 460 τινὰ
1638 404 1815 476 ζητοῦ-

1976 421 2059 459 am
2093 406 2412 476 quaerimus,
2447 413 2501 458 et
2531 402 2701 472 ipsius
2734 402 2924 469 lilium,
2965 404 3055 473 qui
3105 401 3407 474 aegrotarit,
3461 413 3503 457 :t

257 509 375 564 μεν,
407 493 500 546 καὶ
532 493 622 547 τὸν
648 493 1022 566 ἀσθενήσαντα
1049 495 1162 548 υίὸν
1195 495 1380 559 αὐτοῦ,
1417 498 1510 551 καὶ
1541 498 1608 551 τὰ
1636 497 1815 551 τούτου

1976 507 2123 551 ctera
2159 512 2282 566 quat
2317 497 2384 551 de
2409 498 2512 551 hoc
2543 496 2879 551 scribuntur.
2938 496 3185 550 Diximus
3235 504 3411 548 autem
3449 493 3499 546 in

251 584 539 638 ἀκόλουθα.
598 584 885 657 Ἐλέγομεν
909 586 966 639 δὲ
1004 588 1062 639 ὲν
1090 591 1202 652 τοῖς
1233 589 1494 660 ἀνωτέρω
1529 590 1620 642 τὸν
1649 590 1815 644 πάντα

1976 591 2306 660 iperioribus
2364 603 2580 643 omnem
2614 587 2865 657 populum
2897 586 3066 639 lilium
3095 602 3214 642 esse
3243 585 3419 643 Abralt
3441 603 3497 650 ιι,

251 673 376 727 λαὸν
407 675 520 728 υἱὸν
543 673 682 730 εἶναι
709 677 802 729 τοῦ
837 677 1105 749 Ἀϐραὰμ,
1133 679 1208 743 ὼς
1239 682 1333 734 xui.
1351 681 1504 734 αὐτοὶ
1539 682 1830 752 αύχοῦντές

252 783 412 835 φασι·
458 785 478 818 ι
513 767 742 838 Σπέρμα
790 768 1040 840 Ἀϐραάμ
1081 771 1269 841 ἐσμεν,
1301 773 1395 825 xui.
1437 773 1610 826 οὐδενὶ
1652 774 1830 828 δεδου-

249 857 524 929 λεύκαμεν
557 858 775 911 πώποτε
795 876 809 889 ·
846 878 865 910 ι
893 859 1017 914 καί·
1057 879 1075 911 ι
1104 863 1196 934 Μὴ
1219 864 1282 916 σὺ
1317 863 1517 934 μείζων
1538 859 1587 917 εἷ
1606 865 1700 918 τοῦ
1723 883 1829 919 πα-

247 948 378 1018 τρὸς
430 949 588 1020 ήμῶν
645 949 931 1021 Ἀϐραὰμ,
978 953 1125 1016 ὅστις
1175 954 1478 1021 ἀπέθανεν;
1540 976 1559 1008 ι
1617 957 1702 1020 Ὠς
1739 958 1826 1010 ἐπ’

247 1041 404 1112 αὐτῷ
433 1043 545 1113 γὰρ
575 1044 927 1114 καυχωμένου
966 1044 1059 1098 τοῦ
1091 1045 1220 1099 λαοῦ
1255 1048 1406 1121 παρὰ
1429 1051 1555 1112 τοὺς
1586 1049 1823 1113 λοιποὺς,

247 1137 342 1189 xui.
379 1138 498 1207 μετ’
535 1139 698 1191 αὑτὸν
747 1139 1008 1211 πατέρας,
1056 1143 1188 1212 φησὶ
1221 1143 1315 1195 xui
1355 1146 1382 1196 6
1419 1144 1637 1215 Σωτήρ⁹
1681 1163 1699 1194 ι
1735 1142 1827 1214 Μὴ

246 1229 489 1299 ἄρξησθε
520 1230 721 1298 λέγειν,
755 1233 836 1285 ὃτι
880 1233 1092 1304 πατέρα
1128 1233 1323 1305 ἔχομεν
1353 1235 1441 1288 τὸν
1489 1236 1759 1308 Ἀϐραὰμ,
1801 1254 1820 1286 ι

244 1320 303 1392 ἢ,
342 1319 471 1393 «Μὴ
501 1321 687 1392 δόξητε
716 1322 914 1392 λέγειν,
950 1325 1163 1397 πατέρα
1188 1325 1383 1396 ἔχομεν
1419 1327 1511 1379 τὸν
1545 1327 1823 1398 Ἀϐραάμ·

237 1413 462 1470 δύναται
535 1415 644 1486 γὰρ
693 1415 805 1486 (59)
865 1419 894 1470 6
943 1417 1074 1482 Θεὸς
1115 1419 1179 1472 ἐκ
1233 1417 1344 1470 τῶν
1405 1418 1565 1471 λίθων
1624 1420 1828 1474 τούτων

244 1505 460 1573 ἐγεῖραι
490 1505 658 1558 τέκνα
690 1507 768 1578 τῷ
821 1509 1090 1580 Ἀϐραάμ.
1132 1529 1150 1560 ι
1206 1509 1365 1562 Ἀλλὰ
1402 1511 1496 1564 xui.
1533 1512 1561 1563 6
1603 1511 1829 1575 Ἡσαΐας

245 1596 389 1666 πρὸς
423 1597 518 1650 τὸν
554 1598 681 1651 λαόν
728 1617 918 1670 φησιν·
978 1619 996 1652 ι
1066 1601 1400 1672 Ἐμϐλέψατε
1443 1603 1522 1665 είς
1577 1601 1828 1673 Ἀϐραὰμ

241 1685 336 1737 τὸν
361 1685 575 1758 πατέρα
605 1687 758 1758 ὑμῶν
781 1690 917 1758 (60),
947 1691 1040 1743 xui.
1061 1693 1138 1754 είς
1168 1691 1382 1762 Σάρῤαν
1405 1690 1502 1762 τὴν
1534 1691 1827 1746 ὠδίνουσαν

243 1778 394 1848 ὑμᾶς
421 1778 558 1850 (6|).
593 1799 612 1832 ι
641 1781 750 1834 Καὶ
782 1782 836 1834 τί
861 1783 942 1836 δεῖ
959 1783 1045 1836 διὰ
1068 1783 1527 1854 παραδειγμάτων
1560 1784 1822 1855 μηκύνειν

237 1870 334 1922 τὸν
369 1869 550 1939 λόγον,
587 1873 791 1941 σαφοῦς
829 1875 1002 1938 ὄντος,
1039 1876 1120 1928 ὃτι
1154 1876 1315 1939 αὐτὸς
1356 1877 1570 1947 πρῶτος
1607 1895 1822 1949 χρημα-

237 1960 380 2026 τίζει
421 1963 604 2036 πατὴρ
631 1965 725 2017 τοῦ
754 1964 907 2028 λαοῦ,
938 1967 1018 2020 διὸ
1051 1969 1144 2020 xui.
1178 1967 1469 2038 ἐξαιρέτως
1497 1968 1821 2040 ὀνομάζεται

237 2055 465 2126 πατήρ;
508 2056 868 2128 Ὑπονοοῦμεν
898 2058 1074 2112 τοίνυν
1104 2059 1196 2112 τὸν
1231 2060 1328 2130 μὲν
1376 2060 1651 2130 βασιλικὸν
1685 2058 1820 2116 εἶναι

235 2143 333 2198 τὸν
367 2145 639 2218 Ἀϐραὰμ,
674 2148 767 2202 τὸν
799 2148 856 2202 δὲ
878 2149 1254 2220 ἀσθενήσαντα
1285 2151 1447 2205 αὑτοῦ
1479 2152 1590 2204 υἱὸν
1617 2155 1674 2206 ὲν
1703 2154 1820 2207 Κα-

237 2239 555 2308 φαρναοὺμ,
593 2240 688 2292 xui.
727 2239 988 2310 μέλλοντα
1018 2242 1403 2314 ἀποθνήσκειν,
1447 2244 1508 2298 τὸ
1556 2246 1821 2316 Ἰσραηλι-

233 2327 393 2382 τικὸν
417 2329 592 2397 γένος,
628 2331 933 2404 ἀσθενῆσαν
973 2335 1031 2386 ὲν
1068 2337 1134 2405 τῇ
1177 2334 1453 2408 θεοσεϐείᾳ
1489 2337 1585 2390 καὶ¹
1615 2340 1680 2408 τῇ
1725 2354 1821 2408 τη-

237 2427 402 2497 ρήσει
442 2427 551 2480 τῶν
591 2428 752 2483 θείων
783 2431 984 2503 νόμων,
1017 2433 1110 2487 xui.
1151 2435 1287 2504 πρὸς
1328 2436 1389 2488 τὸ
1422 2437 1714 2491 ἀποθανεῖν
1742 2438 1820 2510 τῷ

233 2517 363 2589 Θεῷ
396 2521 676 2591 γινόμενον
699 2523 806 2575 τῶν
844 2525 1253 2595 πεπυρωμένων
1297 2526 1465 2596 βελῶν
1493 2529 1586 2581 τοῦ
1626 2529 1817 2602 ἐχθροῦ

235 2613 658 2684 πεπυρωμένον,
705 2616 799 2669 καί
841 2615 928 2669 διὰ
964 2617 1122 2669 τοῦτο
1164 2619 1456 2690 πυρέσσειν
1508 2621 1814 2693 λεγόμενον.

231 2703 495 2759 Φαίνεται
546 2707 603 2759 δὲ
651 2707 864 2778 μέλλειν
911 2707 1021 2780 (62)
1063 2713 1174 2773 τοῖς
1224 2711 1675 2784 προεξεληλυθόσι
1727 2714 1818 2769 τὸν

236 2793 358 2864 βίον
383 2795 576 2851 τοῦτον
614 2798 792 2866 ἁγίοις
832 2800 958 2870 περὶ
996 2799 1090 2852 τοῦ
1131 2801 1282 2866 λαοῦ,
1317 2801 1393 2867 ῶς
1434 2805 1492 2857 ἐν
1522 2807 1633 2868 τοῖς
1662 2807 1818 2859 Μακ-

231 2886 529 2952 καϐαῖκοῖς
579 2890 888 2961 γέγραπται
946 2891 1084 2962 μετὰ
1132 2892 1360 2948 πλεῖστα
1414 2894 1514 2948 ὅσα
1577 2895 1670 2968 ἔτη
1717 2897 1817 2968 τῆς

242 2980 514 3052 Ἱερεμίου
538 2983 882 3055 ἀναλήψεωςο
919 3003 937 3036 ι
979 2979 1146 3050 Οὗτός
1177 2988 1320 3040 ἐστιν
1362 2987 1626 3060 Ἱερεμίας
1666 2990 1694 3041 6
1721 2990 1815 3046 τοῦ

1934 684 2382 751 quemadmodum
2411 681 2572 735 etiam
2603 679 2702 748 ipsi
2735 678 3026 747 gloriantes
3048 679 3320 734 fatentur:
3343 696 3364 731 ι
3390 679 3499 734 l‘os
3557 734 3564 740 ,

1934 792 2116 832 semen
2160 776 2390 831 Abrnha:
2435 788 2643 835 sumus,
2684 783 2739 826 et
2799 771 3000 828 nemini
3030 774 3350 829 ser-vivimus
3398 791 3499 828 uu-
3564 773 3571 784 '

1935 870 2189 939 quam";
2221 887 2240 920 ι
2275 877 2330 922 et
2358 867 2483 921 illud
2513 883 2527 919 :
2552 885 2570 917 ι
2596 865 2735 920 Num
2757 874 2813 919 tu
2849 863 3024 932 major
3049 881 3108 920 es
3133 877 3284 935 patre
3311 878 3498 922 nostro

1932 958 2226 1022 Abraham,
2280 957 2372 1026 qui
2429 966 2673 1010 mortuus
2725 966 2808 1009 est
2829 954 2923 1008 l“"2
2987 975 3006 1008 ι
3072 956 3302 1010 Perinde
3350 959 3496 1011 enim

1934 1052 2088 1120 quasi
2146 1050 2371 1120 populus
2407 1048 2738 1117 gloriaretur
2793 1048 2844 1102 in
2874 1048 2991 1117 ipso
3027 1050 3198 1117 magis
3247 1064 3409 1118 quam
3440 1051 3493 1103 in

1931 1143 2142 1199 caeteris
2197 1143 2460 1212 patribus.
2501 1142 2676 1210 iisque
2731 1141 2824 1211 qui
2880 1150 3003 1210 post
3047 1141 3221 1210 ipSnm
3254 1143 3498 1196 exstitis-

1928 1245 2068 1302 sent,
2102 1236 2279 1304 inquit
2307 1235 2468 1290 etiam
2504 1234 2763 1287 Servator
2795 1250 2808 1285 :
2847 1251 2866 1283 ι
2913 1233 2992 1286 Ne
3034 1234 3314 1301 coeperitis
3345 1233 3496 1287 dice-

1930 1344 2032 1384 re:
2079 1328 2293 1383 Patrem
2323 1329 2590 1382 habemus
2634 1326 2951 1390 Abraham;
2990 1345 3010 1377 ›
3039 1325 3138 1387 uel,
3179 1343 3198 1376 ι
3239 1324 3315 1380 Ne
3345 1326 3498 1396 cogi-

1930 1421 2052 1476 tetis
2080 1421 2301 1474 dicere:
2337 1419 2554 1473 Patrem
2589 1418 2849 1473 habemus
2886 1417 3200 1481 Abraham;
3230 1433 3354 1471 nam
3399 1434 3496 1487 po-

1928 1522 2032 1567 test
2053 1512 2192 1568 Deus
2210 1512 2277 1565 de
2299 1510 2572 1580 lapidibus
2595 1511 2680 1565 his
2697 1509 2961 1564 suscitare
2982 1508 3120 1564 ﬁlius
3139 1509 3368 1562 Abrahaa
3388 1511 3454 1564 σί.
3469 1528 3488 1560 ι

1927 1599 2066 1666 Quin
2100 1597 2272 1652 Isaias
2303 1611 2522 1666 quoque
2551 1598 2616 1651 ad
2649 1597 2904 1667 p0pulum
2939 1597 3151 1666 inquit:
3193 1616 3211 1647 ι
3239 1597 3493 1668 Inspicite

1928 1691 1980 1745 in
2016 1691 2287 1746 Abraham
2321 1699 2528 1760 patrem
2568 1701 2830 1756 vestrum,
2879 1700 2934 1744 et
2982 1688 3036 1742 in
3083 1688 3327 1753 Sarram,
3373 1704 3496 1758 qua:

1925 1798 2024 1838 vos
2055 1783 2334 1854 peperit”.
2357 1803 2376 1834 ι
2401 1783 2466 1836 Ει
2489 1782 2616 1851 quid
2649 1795 2784 1850 opus
2804 1789 2886 1835 est
2909 1780 3169 1850 exemplis
3189 1795 3494 1835 sermonem

1927 1875 2242 1943 producere,
2274 1873 2616 1928 manifesmm
2654 1888 2774 1927 cum
2817 1873 2888 1927 sit
2910 1875 3050 1941 quod
3085 1875 3196 1942 ipse
3220 1873 3492 1928 Abraham

1927 1965 2002 2018 sit
2054 1962 2266 2032 primus
2297 1971 2454 2032 pater
2483 1963 2686 2033 populi,
2718 1972 2939 2032 propter
2973 1964 3113 2032 quod
3143 1962 3495 2032 singulariter

1928 2055 2095 2109 etiam
2126 2057 2437 2109 nominatur
2459 2055 2651 2124 pater?
2673 2054 3023 2123 Suspicamur
3058 2054 3221 2124 igitur
3249 2055 3491 2122 regulum

1925 2161 2047 2202 esse
2071 2147 2367 2211 Abraham,
2410 2146 2528 2216 ejus
2557 2161 2685 2200 vero
2715 2147 2905 2210 tilium,
2937 2148 3029 2216 qni
3070 2148 3120 2200 in
3174 2145 3493 2214 Capharnao

1925 2239 2231 2308 aagrotavit,
2268 2248 2494 2308 eratque
2539 2239 2857 2304 moriturus,
2907 2238 3260 2294 lsraelitictun
3301 2254 3491 2308 genus,

1925 2333 2067 2401 quod
2097 2341 2458 2402 mgrotaverat
2488 2333 2540 2385 in
2582 2331 2674 2385 Dei
2705 2332 2874 2397 cultu,
2912 2343 2966 2386 et
3002 2331 3378 2388 observatione
3406 2333 3492 2386 tli-

1927 2428 2172 2479 vinarum
2197 2425 2408 2492 legum;
2440 2434 2494 2478 et
2514 2425 2681 2478 etiam
2719 2424 2824 2478 Deo
2851 2434 2907 2478 ut
2935 2435 3257 2489 moreretur,
3289 2424 3495 2479 ferven-

1928 2519 2090 2586 tibus,
2121 2527 2178 2572 ut
2233 2519 2304 2571 ita
2356 2517 2586 2586 loquar,
2626 2517 2829 2570 inimici
2874 2519 3084 2585 sagittis
3134 2517 3489 2573 fervefacturn

1925 2610 2123 2672 fuerat,
2162 2609 2302 2662 unde
2325 2607 2487 2660 etiam
2519 2607 2750 2673 fervere,
2776 2607 2826 2660 id
2859 2616 2941 2662 est
2994 2607 3323 2673 febricitare,
3355 2609 3493 2662 diei-

1923 2709 2031 2755 tur.
2061 2698 2221 2769 273
2251 2700 2488 2767 Apparet
2518 2707 2698 2752 autem
2726 2699 2952 2760 sanctis,
2990 2700 3079 2767 qui
3108 2713 3266 2754 antea
3292 2714 3356 2753 ex
3388 2699 3492 2753 hac

1922 2794 2033 2846 vita
2064 2791 2404 2859 emigrarint,
2435 2806 2622 2845 curam
2649 2804 2770 2843 esse
2800 2789 2866 2844 de
2891 2789 3108 2860 populo,
3139 2791 3488 2859 quemadmo-

1923 2884 2049 2939 dum
2072 2883 2129 2938 in
2163 2881 2588 2937 Machabaaorum
2609 2881 2776 2951 gestis
2800 2882 3063 2951 scriptum
3092 2889 3197 2946 est,
3223 2892 3342 2950 post
3364 2882 3486 2948 plu-

1922 2977 2089 3030 rimos
2123 2990 2294 3030 annos
2334 2975 2403 3030 ab
2430 2975 2579 3029 obitu
2607 2971 2858 3028 Jeremiaa.
2886 2989 2900 3026 :
2934 2989 2953 3023 ι
2991 2973 3090 3028 Hic
3118 2981 3199 3028 est
3222 2971 3487 3027 Jereniias

229 3072 374 3126 Θεοῦ
401 3074 714 3144 προφήτης,
745 3076 774 3126 6
804 3073 975 3127 πολλὰ
1004 3075 1293 3146 εὐχόμενος
1322 3077 1451 3149 περὶ
1481 3076 1574 3131 τοῦ
1607 3078 1754 3134 λαοῦ.
1791 3099 1810 3133 ι

1976 3069 2016 3122 ei
2048 3068 2333 3138 propheta,
2361 3066 2452 3135 qui
2477 3065 2706 3119 multum
2727 3073 2848 3118 orat
2875 3079 2971 3134 pro
3002 3064 3315 3134 populo”.i
3354 3064 3486 3120 Vide

232 3165 380 3236 Ὅρα
441 3164 618 3218 τοίνυν
670 3167 716 3217 εί
775 3166 998 3220 δυνατὸν
1031 3168 1400 3242 ἐκλαμϐάνειν
1467 3172 1633 3242 ἡμᾶς,
1673 3173 1816 3228 ὅτιὸ

244 3254 506 3325 Ἀϐραὰμ
555 3255 831 3325 βασιλικός
887 3273 971 3321 τις
1022 3256 1098 3310 ὢν
1153 3261 1482 3330 νοσήσαντος
1524 3261 1673 3332 αύτῷ
1719 3261 1815 3316 τοῦ

231 3346 376 3408 υἱοῦ,
415 3345 776 3417 ἀποθνήσκειν
821 3347 1124 3418 μέλλοντος,
1159 3348 1302 3414 ἀξιοί
1340 3350 1670 3423 βοηθηθῆναι
1713 3353 1816 3406 ὑπὸ

228 3435 324 3488 τοῦ
369 3434 622 3505 Σωτῆρος
662 3435 820 3506 ήμῶν
860 3435 952 3489 τὸν
991 3437 1267 3506 κάμνοντα
1290 3477 1304 3502 ,
1349 3440 1634 3510 γενόμενος
1681 3441 1816 3512 πρὸς

228 3527 421 3593 αὐτὸν,
454 3527 549 3580 xui.
580 3525 800 3597 ἐρωτῶν
845 3527 932 3580 ἶνα
973 3529 1206 3598 καταϐῇ,
1252 3530 1346 3582 καὶ
1388 3531 1604 3602 ἰάσηται
1649 3532 1812 3585 αὑτοῦ

226 3620 318 3673 τὸν
347 3621 466 3672 υἱόν
485 3637 499 3649 ·
531 3618 720 3690 ἔμελλε
745 3619 854 3692 γὰρ
885 3620 1269 3690 ἀποθνήσκειν.

298 3712 394 3769 58.
431 3712 504 3764 Τὸ
519 3711 595 3764 δέ’
625 3729 643 3762 ι
679 3712 805 3765 Ἐὰν
833 3711 907 3783 μὴ
926 3716 1124 3783 σημεῖα
1150 3713 1240 3766 καὶ
1265 3713 1466 3786 τέρατα
1491 3713 1655 3785 ἴδητε,
1689 3734 1707 3766 ι
1734 3715 1815 3770 λε-

226 3806 464 3876 γόμενον
490 3803 626 3874 πρὸς
651 3803 832 3867 αὑτὸν,
859 3803 955 3874 τὴν
979 3804 1254 3874 ἀναφορὰν
1278 3803 1391 3874 ἔχει
1412 3807 1503 3858 ἐπὶ
1530 3807 1590 3859 τὸ
1613 3807 1814 3879 πλῆθος

225 3897 335 3951 τῶν
360 3895 495 3948 υἱῶν
513 3893 698 3960 αὑτοῦ,
724 3895 863 3965 τάχα
881 3895 938 3948 δὲ
965 3895 1058 3948 xui.
1075 3897 1159 3948 ἐπ’
1181 3895 1360 3950 αὐτόν.
1391 3895 1479 3960 Ὠς
1497 3896 1606 3969 γὰρ
1641 3899 1814 3954 Ἰωάν-

224 4008 346 4061 νης,
368 3987 681 4060 προσδοκῶν
709 3988 806 4059 τὴν
833 3986 1068 4058 Χριστοῦ
1105 3988 1258 4058 ὲπιδη
1269 3987 1417 4058 μίαν,
1445 3990 1730 4061 περιέμενε
1754 3992 1814 4044 τὸ

223 4081 383 4135 δοθὲν
413 4083 653 4151 σημεῖον,
688 4080 773 4133 ἴνα
799 4079 864 4132 δι’
884 4077 1048 4132 αὑτοῦ
1080 4078 1292 4149 γνῷτὸν
1323 4081 1808 4152 προφητευόμενονο

223 4173 286 4226 τὸ
305 4173 364 4226 δὲ
389 4175 610 4242 σημεῖον
627 4167 715 4242 ἦν·
739 4189 758 4223 ι
781 4172 892 4240 Ἐφ’
912 4170 970 4224 ὃν
1004 4170 1069 4223 ἂν
1093 4170 1206 4241 ἴδῃς
1229 4171 1290 4223 τὸ
1309 4170 1530 4242 Πνεῦμα
1557 4173 1812 4228 καταϐαῖ-

226 4284 340 4326 νον,
390 4265 485 4316 xui.
540 4264 698 4334 μένον
751 4263 836 4315 ἐπ’
886 4261 1068 4326 αὑτὸν,
1116 4255 1271 4324 οὗτός
1307 4265 1454 4316 ἐστιν
1486 4265 1514 4317 6
1545 4264 1673 4328 Υίὸς
1716 4265 1809 4318 τοῦ

226 4357 367 4411 Θεοῦ
389 4374 402 4386 ο
440 4376 458 4408 ι
497 4355 667 4418 οὕτως
693 4355 787 4408 καὶ
812 4356 862 4406 οἱ
889 4357 1384 4426 προκεκοιμημένοι
1411 4356 1556 4425 ἅγιοι
1586 4357 1812 4429 προσδο-

1919 3173 2048 3228 ergo
2071 3174 2196 3211 num
2223 3171 2493 3227 exponere
2525 3155 2826 3224 possimus,
2859 3156 3004 3224 quod
3027 3155 3300 3209 Abraham
3333 3171 3486 3224 regu-

1918 3249 2002 3303 lus
2036 3249 2300 3318 quispiam
2349 3248 2643 3313 exsistens,
2685 3254 2980 3318 aegrotante
3023 3245 3126 3300 sibi
3152 3244 3283 3309 ﬁlio,
3307 3258 3484 3314 eoque

1918 3342 2205 3404 morituro,
2241 3340 2522 3394 Dominum
2552 3347 2704 3408 rogat
2734 3353 2831 3407 pro
2856 3337 2952 3392 lilii
2988 3337 3285 3392 laborantis
3323 3352 3482 3392 sana-

1920 3433 2084 3498 tione,
2137 3430 2417 3502 prol‘eetus
2453 3432 2519 3484 ad
2541 3429 2740 3500 ipsum,
2773 3439 2827 3483 et
2848 3429 3144 3484 obsecrans
3172 3438 3230 3483 ut
3254 3429 3482 3486 descen-

1917 3526 2009 3581 dat
2034 3535 2090 3581 et
2113 3533 2271 3580 curet
2301 3537 2460 3579 suum
2487 3522 2656 3576 tilium
2676 3522 2789 3592 jam
2818 3519 3170 3580 moriturum.

1989 3711 2079 3767 58.
2126 3707 2258 3762 Illud
2313 3721 2445 3763 vero
2491 3705 2636 3776 quod
2666 3704 2734 3760 ad
2789 3705 2965 3774 ipsum
3000 3702 3243 3760 dicitur:
3291 3720 3315 3756 ι
3365 3701 3478 3759 Nisi

1917 3806 2070 3875 signa
2107 3814 2160 3858 et
2189 3803 2430 3872 prodigia
2473 3801 2737 3867 videritis,
2785 3817 2806 3852 ι
2862 3799 3180 3854 relationem
3211 3799 3373 3854 habet
3411 3801 3478 3854 ad

1915 3895 2314 3951 multitudinem
2367 3893 2597 3947 tiliorum
2647 3891 2784 3960 ejus,
2816 3901 2872 3945 et
2909 3889 3160 3945 fortassis
3202 3891 3269 3944 ad
3304 3892 3476 3959 ipsum

1913 3989 2098 4042 etiam.
2115 3987 2184 4043 Ut
2205 3987 2350 4040 enim
2375 3985 2612 4041 Joannes
2628 3985 2830 4040 Christi
2849 3983 3138 4037 adventum
3162 3995 3477 4052 expectans,

1914 4077 2270 4151 exspectabat
2292 4079 2507 4148 signum
2537 4080 2744 4142 datum,
2773 4086 2834 4131 ut
2872 4093 2969 4148 per
3005 4091 3128 4132 eum
3163 4085 3480 4146 agnosceret

1911 4188 2034 4228 eum
2065 4172 2156 4242 qui
2181 4171 2641 4241 prophetabatur;
2665 4172 2880 4239 signum
2911 4185 3042 4226 vero
3073 4179 3190 4226 erat
3216 4186 3230 4222 :
3257 4187 3276 4220 ι
3301 4167 3478 4238 Super

1910 4280 2070 4338 quem
2105 4265 2304 4320 videris
2331 4263 2591 4333 Spiritum
2615 4264 3056 4330 descendentem,
3085 4273 3140 4317 et
3171 4269 3475 4316 manentem

1911 4373 2076 4427 super
2102 4370 2248 4423 eum,
2279 4356 2367 4411 hie
2394 4365 2478 4410 est
2503 4355 2673 4410 Filius
2705 4354 2797 4409 Dei
2828 4354 2906 4421 8‘;
2940 4375 2959 4408 ι
2997 4355 3077 4410 sic
3104 4353 3269 4410 etiam
3298 4353 3475 4408 sancti

225 4447 440 4508 κῶντες
479 4446 573 4498 xui.
603 4444 701 4514 τὴν
725 4445 783 4496 ὲν
819 4443 1028 4514 σώματι
1064 4445 1160 4498 τοῦ
1206 4445 1438 4516 Χριστοῦ
1487 4448 1799 4518 ἐπιδημίαν,

1976 4452 2004 4506 Il
2035 4459 2196 4505 antea
2256 4463 2288 4503 e
2327 4449 2440 4502 vita
2469 4447 2839 4513 decesserant,
2868 4454 3246 4517 exspectantes
3272 4443 3474 4499 Christi

225 4541 337 4593 ἀπὸ
387 4538 494 4592 τῶν
542 4536 782 4607 σημείων
811 4537 904 4590 xui.
934 4536 1042 4589 τῶν
1075 4539 1317 4609 τεράτων
1368 4541 1801 4614 ὲχαρακτήριζον

224 4633 414 4692 αὑτὸν,
445 4630 535 4683 διὰ
568 4629 773 4682 τούτων
819 4627 895 4697 τῷ
916 4628 1251 4701 ἐλπιζομένῳ
1286 4632 1648 4697 πιστεύοντες.
1699 4633 1809 4687 Τά-

222 4737 340 4790 χιον
370 4719 425 4770 δὲ
452 4717 759 4788 παρακαλεῖ
785 4719 873 4769 τὸν
901 4717 1101 4788 Κύριον
1133 4721 1432 4792 καταϐῆναι
1476 4723 1610 4794 πρὸς
1636 4722 1700 4778 τὸ
1716 4742 1802 4778 νο-

223 4812 354 4863 σοῦν
390 4810 600 4864 παιδίον
648 4809 862 4870 ἑαυτοῦ,
924 4809 1314 4882 εὐλαϐούμενος
1365 4813 1440 4886 μὴ
1491 4815 1735 4888 προλάϐῃ
1773 4819 1802 4870 6

219 4901 454 4964 θάνατος
491 4902 772 4971 κρατήσας
800 4900 891 4952 τὸν
930 4902 1204 4972 κάμνοντα
1229 4921 1243 4934 ·
1287 4905 1379 4956 xui
1409 4906 1705 4961 ἀπελαύνει
1734 4926 1798 4977 γε

219 4997 310 5050 τὸν
339 4996 570 5068 πυρετὸν
597 4997 740 5067 λόγῳ
761 4997 789 5047 6
813 4996 1062 5066 Χριστὸς,
1097 4997 1559 5068 ἐπαγγειλάμενος
1589 4999 1666 5069 τῷ
1695 5017 1799 5052 πα-

217 5089 309 5157 τρὶ
343 5087 444 5156 τῆς
466 5087 610 5158 ζωῆς
640 5087 734 5140 τοῦ
762 5086 1182 5151 κινδυνεύοντος,
1213 5087 1302 5140 διὰ
1322 5089 1444 5142 τοῦ*
1476 5109 1495 5140 ι
1533 5089 1795 5159 Πορεύου,

219 5178 248 5228 6
277 5177 394 5240 υἱός
425 5192 515 5228 σου
549 5175 635 5247 ζῇ.
670 5195 688 5228 ›
721 5177 871 5246 Ἔχει
904 5176 960 5229 δὲ
983 5169 1138 5241 οὗτος
1169 5180 1198 5231 6
1229 5178 1503 5248 βασιλικὸς
1543 5182 1602 5233 οὐ
1637 5182 1797 5252 μόνον

219 5267 354 5331 υἱὸν,
387 5268 524 5323 ἀλλὰ
573 5267 669 5320 xui.
714 5267 950 5332 δούλους,
996 5263 1070 5321 ὧν
1117 5271 1384 5340 σύμϐολον
1412 5263 1552 5339 ἦσαν
1579 5274 1627 5325 οἱ
1654 5274 1798 5327 οἱκο-

219 5363 397 5426 γενείς
449 5361 542 5415 xui.
607 5359 984 5432 ἀργυρώνητοι
1045 5360 1139 5414 τοῦ
1205 5362 1488 5435 Ἀϐραὰμ,
1553 5360 1692 5430 εἶδός
1743 5383 1797 5420 τι

295 5471 342 5503 ⁷³
378 5470 533 5527 Joan.
563 5485 682 5537 rm,
709 5470 800 5526 35.
892 5468 938 5501 ⁸ο
969 5469 1100 5525 ibid.
1129 5471 1218 5527 55.

295 5587 408 5659 (.59)
440 5589 586 5659 I'dp,
618 5586 778 5659 Deest
801 5586 851 5640 in
887 5586 1080 5659 codice
1109 5589 1296 5659 Regio.

306 5658 408 5734 {69)
437 5657 653 5734 magna
677 5657 852 5734 godex
887 5655 1084 5734 liegius
1114 5655 1276 5734 habet
1309 5664 1482 5734 ήμῶν,
1514 5664 1674 5721 male.

322 5728 408 5796 at;
450 5724 644 5796 Ὑμεῖς.
683 5725 860 5782 Codex
892 5724 1116 5797 Regius,
1146 5724 1506 5802 ἡμᾶς,’ἰιιιιιθὲ.

1317 5472 1362 5504 ³⁸
1385 5473 1581 5530 Matth.
1609 5491 1694 5544 ιιι,
1730 5477 1786 5532 9.
1859 5477 1907 5509 ⁸⁸
1935 5476 2064 5532 lsai.
2098 5490 2172 5540 LI,
2209 5473 2264 5527 2.
2349 5474 2396 5506 ⁸³
2425 5473 2467 5527 ll
2504 5472 2680 5528 Macb.
2722 5488 2814 5539 xv,
2853 5473 2943 5527 ﬂ.

1904 4542 2196 4596 adventura
2230 4538 2283 4594 in
2307 4553 2562 4609 corpore,
2595 4554 2624 4592 a
2649 4539 2820 4610 signis
2845 4547 2900 4594 et
2929 4537 3188 4609 prodigiis
3215 4552 3336 4592 eum
3356 4551 3472 4590 ma-

1906 4633 2270 4689 nil‘cstandum
2322 4630 2737 4701 exspectabant,
2789 4645 2885 4700 per
2935 4634 3049 4685 haec
3082 4629 3366 4684 credentes
3418 4627 3472 4681 in

1904 4741 2028 4780 eum
2057 4726 2147 4794 qui
2196 4723 2536 4792 sperabatur.
2577 4719 2841 4776 Obsecrat
2882 4726 3062 4772 autem
3097 4717 3176 4771 uti
3215 4715 3472 4769 Dominus

1905 4817 2157 4872 celeriter
2187 4815 2486 4870 descendat
2521 4813 2588 4865 ad
2615 4827 2771 4866 suum
2802 4811 2972 4881 ipsius
3010 4809 3176 4863 lilium
3202 4815 3470 4879 egrotan-

1907 4917 2034 4972 tem,
2096 4906 2364 4962 sollicitus
2408 4905 2680 4959 exsistens
2731 4917 2798 4958 ne
2853 4917 3000 4956 mors
3061 4905 3469 4971 praeoccuparet

1897 5000 2097 5054 victum
2173 4998 2484 5062 inﬁrmum;
2545 4995 2844 5064 febrimque
2920 5008 3171 5048 sermone
3238 4989 3466 5059 expellit

1897 5089 2164 5152 Christus,
2197 5089 2512 5142 reuuntians
2532 5087 2668 5156 patri
2697 5086 2864 5140 lilium
2892 5085 3285 5156 periclitantem
3313 5083 3462 5134 vive-

1903 5198 1986 5248 re,
2031 5197 2126 5250 per
2182 5181 2353 5234 illud:
2388 5198 2408 5231 ι
2447 5179 2612 5242 Vade,
2667 5180 2810 5233 illius
2863 5189 2984 5234 tuus
3025 5180 3173 5232 vivit.
3216 5194 3236 5228 ι
3289 5175 3464 5229 Habet

1897 5275 2060 5327 etiam
2102 5273 2189 5326 hic
2235 5270 2448 5341 regulus
2479 5287 2583 5324 non
2625 5271 2803 5324 solum
2850 5271 3053 5335 lilium,
3085 5281 3270 5321 verum
3299 5266 3460 5318 etiam

1901 5379 2110 5432 servos,
2146 5377 2375 5433 quorum
2424 5371 2549 5415 nota
2597 5371 2754 5415 erant
2799 5375 2976 5415 vernae
3016 5359 3269 5426 Abralue,
3309 5366 3366 5412 et
3405 5356 3461 5412 hi

3034 5473 3081 5506 ⁸⁵
3100 5471 3254 5528 Joan.
3303 5489 3339 5537 ι,
3367 5473 3458 5529 55.

1964 5596 2076 5670 (62)
2119 5595 2392 5670 φαίνεται
2431 5591 2501 5646 δὲ
2530 5591 2940 5670 μάμμη-εις.
2968 5592 3122 5670 Hune
3163 5592 3336 5670 locum
3373 5611 3462 5670 νς.

1891 5662 2066 5737 liquis
2097 5668 2493 5737 adjungegqnos
2543 5663 2750 5737 profert
2799 5662 3156 5720 Bcllarminus
3188 5663 3281 5720 lib.
3325 5681 3340 5721 I
3383 5665 3460 5721 De

1888 5733 2187 5794 sanctorum
2213 5733 2416 5800 mm,
2449 5749 2568 5803 cap.
2606 5733 2690 5788 lt).
