3702 6142
251 299 345 355 Sil

1693 296 2017 359 ORIGENIS

3398 302 3496 362 bl!

250 427 386 482 quos
419 418 647 482 argento
697 420 930 478 emerat,
984 412 1157 469 forma
1190 416 1436 486 quaedam
1481 415 1791 472 credentium

1971 414 2285 471 ιστευόντων
2344 415 2745 489 ταπεινότερον,
2792 415 2888 471 καὶ
2935 416 3300 489 ὕποόεϐηκός.
3340 411 3495 474 Οὗτοι

248 503 514 572 abiectior
541 513 598 557 et
629 502 909 558 humilior.
968 502 1031 559 lli
1075 508 1527 562 consuetudinem
1562 508 1822 562 habentes

248 616 369 655 cum
403 600 512 653 lilio
541 600 909 667 febricitante,
950 601 1136 657 vident
1179 603 1321 659 illius
1351 605 1603 671 salutem,
1630 620 1823 661 occur-

247 700 478 760 runtque
509 692 648 763 patri
688 694 852 747 vitam
898 696 1076 749 sanati
1112 696 1540 762 annuntiantes,
1591 713 1823 766 eumque

246 786 425 840 laetum
462 788 749 843 reddentes
780 789 872 844 illo
905 791 1115 846 verbo:
1150 809 1170 842 ι
1215 790 1387 847 Filius
1432 801 1556 847 tuus
1598 793 1754 856 vivit,
1796 812 1817 846 ι

246 881 339 947 qui
369 890 530 935 antea
568 896 673 935 non
705 882 1016 953 cogitarunt
1049 882 1216 939 lilium
1245 886 1448 939 domini
1476 887 1675 941 vivere.
1704 885 1821 940 Non

244 968 445 1027 frustra
485 984 663 1028 autem
706 975 838 1028 hora
872 976 1099 1044 septima
1140 976 1400 1045 relinquit
1438 994 1562 1033 eum
1615 980 1817 1042 fel-ris,

244 1078 370 1118 nam
401 1081 660 1121 numerus
690 1065 781 1120 ille
805 1077 931 1121 nota
967 1076 1051 1120 est
1089 1069 1309 1136 quietis.
1349 1069 1401 1122 lu
1436 1068 1821 1140 Capliarnautu

244 1169 377 1209 sane
407 1164 487 1210 est
519 1156 606 1211 ille
647 1157 813 1221 filius,
842 1157 933 1226 qui
979 1168 1210 1229 aegrotat
1246 1171 1301 1214 et
1344 1170 1570 1215 curatur
1602 1160 1823 1235 (nempe

244 1247 300 1302 in
334 1249 725 1304 consolationis
753 1265 907 1320 agro,
944 1265 1114 1320 genus
1145 1253 1412 1321 quoddam
1444 1255 1818 1323 a-grotautium

244 1351 487 1418 quidem,
519 1353 613 1407 sed
646 1354 739 1421 qui
771 1369 876 1408 non
911 1356 1134 1410 omnino
1181 1356 1290 1411 sint
1338 1357 1456 1410 sine
1509 1353 1817 1429 fructibus),

242 1453 525 1520 creditque
577 1453 969 1523 perfectissime
999 1465 1177 1527 pater,
1229 1458 1409 1528 agnita
1468 1458 1559 1513 lilii
1621 1460 1815 1526 salute,

241 1550 460 1606 Christo
490 1554 717 1608 credens
754 1569 875 1608 cum
907 1565 1019 1612 tota
1060 1559 1220 1613 domo
1252 1575 1371 1613 sua.
1406 1558 1688 1629 Quomodo
1718 1578 1816 1615 att-

244 1660 352 1706 tem
388 1651 718 1709 descendens
764 1653 924 1711 Jesus
979 1670 1011 1712 a
1060 1655 1246 1712 Judtea
1299 1658 1350 1712 in
1399 1657 1683 1715 Galilaeam
1716 1661 1819 1716 hoc

243 1743 452 1812 signum
480 1747 774 1801 secundum
805 1746 1015 1812 fecerit,
1052 1747 1104 1802 in
1144 1752 1499 1819 sequentibus
1532 1752 1811 1822 indagnbi-
1845 1764 1892 1825 Β

242 1850 362 1889 mus
391 1834 486 1903 p'ro
529 1838 694 1904 virili,
743 1855 869 1894 cum
911 1842 980 1896 ad
1028 1851 1341 1897 contextum
1383 1846 1813 1912 pervenerimus.

242 1926 408 1999 274
433 1927 896 1987 Considerandum
930 1933 1094 1988 etiam
1140 1945 1223 1988 est
1262 1952 1388 1988 num
1423 1938 1679 2005 potentiae
1721 1937 1819 1990 ali-

242 2019 395 2087 cujus
420 2036 485 2075 ex
514 2022 598 2077 his
627 2024 717 2093 qui
770 2024 896 2078 huic
939 2025 1141 2081 saeculo
1184 2027 1472 2094 imperant,
1522 2029 1700 2098 imago
1747 2030 1817 2085 sit

243 2110 495 2180 regulus;
525 2129 649 2165 num
680 2115 846 2167 etiam
879 2115 1021 2171 Illius
1047 2117 1170 2186 ejus
1201 2118 1375 2188 imago
1414 2119 1483 2173 sit
1508 2134 1694 2174 eorum
1723 2122 1812 2191 qui

242 2205 516 2258 exsistunt
539 2206 639 2259 sub
668 2216 959 2275 potestate,
990 2225 1086 2264 seu
1120 2212 1297 2279 populi
1340 2214 1670 2280 prmsmntis,
1736 2225 1812 2280 et,

242 2303 304 2355 ut
330 2295 405 2347 ita
454 2295 652 2361 dicam,
708 2298 876 2353 veluti
927 2301 1212 2356 electionis
1247 2305 1385 2371 apud
1437 2304 1654 2374 ipsum:
1689 2323 1814 2360 num

241 2389 405 2445 etiam
451 2392 740 2448 infirmitas
786 2393 903 2462 ejus
953 2397 1026 2451 sit
1076 2396 1303 2453 affectus
1352 2414 1569 2468 pravus,
1616 2412 1817 2469 praeter

240 2483 501 2553 principis
559 2489 928 2555 propositum;
980 2496 1036 2542 et
1094 2490 1285 2546 civitas
1317 2490 1695 2558 Capliarnaum
1746 2492 1817 2548 sit

243 2574 421 2645 imago
472 2576 578 2631 loci
636 2579 931 2636 mansionis
963 2580 1068 2635 sibi
1119 2582 1487 2639 subditorum.
1547 2583 1814 2642 Existimo

240 2670 385 2720 enim
419 2667 624 2736 aliquot
655 2684 722 2725 ex
773 2671 1115 2742 principibus
1143 2673 1552 2744 obstupefactus
1593 2686 1815 2746 propter

243 2760 543 2826 potentiam
571 2771 624 2816 et
650 2763 990 2819 divinitatem
1021 2764 1173 2833 Jesu,
1221 2767 1536 2838 confugisse
1570 2769 1637 2823 ad
1686 2783 1812 2829 eum

240 2869 296 2914 et
326 2877 513 2917 orasse
551 2878 647 2932 pro
674 2866 777 2921 sibi
820 2868 1076 2925 subditis.
1111 2870 1392 2940 Alioquin,
1427 2886 1549 2936 cur,
1603 2887 1812 2942 quaeso,

242 2961 490 3021 homines
513 2968 886 3034 paenitentiam
924 2971 1218 3041 recipiunt,
1258 2988 1325 3029 ex
1373 2974 1813 3046 infidelitateque

1926 504 2173 570 συνόντες
2213 505 2291 578 τῷ
2341 508 2603 579 κάμνοντι
2656 509 2855 579 παιδίῳ
2892 509 3158 581 Θεωροῦσι
3192 510 3293 583 τὴν
3328 528 3499 583 σωτη-

1925 597 2049 668 ρίαν
2079 598 2267 662 αὐτοῦ,
2302 600 2400 654 καὶ
2428 600 2713 655 ἀπαντῶσι
2734 599 2813 671 τῷ
2846 603 3035 674 πατρὶ,
3077 604 3492 677 εὐαγγελιζόμεο

1922 709 2002 746 νοι
2028 693 2129 764 τὴν
2150 694 2294 766 ζωὴν
2322 694 2414 749 τοῦ
2445 695 2898 768 θεραπευθέντος,
2927 697 3017 752 διὰ
3036 696 3131 751 τοῦ
3152 715 3165 729 ο
3200 716 3228 750 -ι
3278 698 3338 751 '0
3370 701 3493 764 παῖς

1924 798 2019 837 σου
2043 783 2130 854 ζῇ,
2165 803 2183 836 ι
2226 784 2628 856 εὐφραίνοντες,
2663 786 2746 840 ὅτι
2799 788 2899 840 οὐκ
2934 788 3193 861 ἐφρόνουν
3234 789 3497 860 πρότερον

1922 876 2051 946 περὶ
2079 877 2172 930 τοῦ
2205 878 2417 932 παιδίου
2446 877 2541 933 τοῦ
2564 879 2844 942 δεσπότου,
2878 881 2957 934 ὅτι
2987 880 3104 952 ἔζη.
3137 882 3212 934 Οὐ
3243 882 3422 953 μάτην
3442 882 3497 936 δέ

1921 962 2072 1036 ὥραν
2138 965 2373 1037 ἑϐδόμην
2425 968 2654 1037 ἀφίησιν
2704 968 2869 1023 αὐτὸν
2918 970 2947 1022 6
2995 960 3260 1043 πυρετόςο
3310 974 3341 1026 6
3389 972 3496 1044 γὰρ

1920 1057 2152 1128 ἀριθμὸς
2177 1059 2532 1124 ἀναπαύσεως
2551 1057 2638 1133 ἦν.
2681 1062 2738 1116 Ὁ
2760 1063 2817 1115 ἐν
2844 1062 3222 1136 Καφαρναοὺμ
3250 1063 3498 1136 μέντοιτι

1922 1148 2037 1211 υἱός
2067 1150 2214 1202 ἐστιν
2236 1151 2264 1202 6
2294 1149 2466 1204 νοσῶν
2499 1151 2595 1204 καὶ
2633 1151 3091 1225 θεραπευόμενος,
3135 1155 3164 1207 6
3198 1155 3256 1207 ἐν
3291 1153 3371 1225 τῷ
3401 1154 3493 1225 τῆς

1919 1241 2315 1314 παρακλήσεως
2351 1241 2526 1314 ἀγρῷ,
2569 1244 2725 1317 γένος
2768 1262 2820 1300 τι
2870 1245 3230 1318 κεκμηκότων
3270 1247 3392 1318 μὲν,
3436 1247 3498 1302 οὐ

1923 1334 2098 1407 πάντη
2130 1334 2187 1388 δέ
2223 1335 2330 1400 ἔξω
2364 1336 2591 1408 καρπῶν
2623 1336 3009 1407 γεγενημένον,
3049 1338 3145 1391 καὶ
3186 1338 3496 1411 τελειοτάτη

1919 1424 2099 1494 γνόντι
2131 1425 2209 1497 τῷ
2246 1428 2414 1499 πατρὶ
2463 1427 2561 1499 τὴν
2610 1426 2707 1481 τοῦ
2751 1428 2869 1481 υίοῦ
2924 1430 3198 1502 σωτηρίαν
3245 1433 3279 1501 ἡ
3319 1431 3506 1495 πίστις.

1919 1516 2148 1584 γίνεται,
2182 1517 2431 1571 πανοικεὶ
2474 1519 2783 1571 πιστεύοντι
2822 1518 3062 1590 Χριστῷ.
3117 1519 3412 1574 Κατελθὼν
3441 1521 3498 1575 δὲ

1921 1611 1987 1664 ἐκ
2015 1611 2115 1681 τῆς
2158 1610 2416 1675 ἰουδαίας
2448 1613 2528 1676 είς
2556 1612 2654 1683 τὴν
2699 1611 2985 1681 Γαλιλαίαν
3021 1612 3138 1676 πῶς
3179 1613 3340 1668 τοῦτο
3378 1612 3468 1667 δεύ

1918 1719 2076 1776 τερον
2116 1704 2339 1774 σημεῖον
2378 1703 2674 1775 πεποίηκεν
2704 1705 2733 1757 6
2773 1703 2997 1775 Ἰησοῦς,
3024 1704 3164 1758 κατὰ
3191 1704 3253 1758 τὸ
3275 1704 3488 1759 δυνατδε.

1920 1798 1977 1848 ἐν
2010 1797 2122 1857 τοῖς
2159 1795 2285 1865 ἑξῆς
2304 1795 2587 1866 γενόμενοι
2614 1794 2757 1849 κατὰ
2792 1796 2892 1867 τὴν
2919 1795 3066 1862 λέξιν
3108 1798 3494 1868 ἐρευνήσομεν.

1919 1889 1982 1940 El
2009 1887 2064 1941 δέ
2099 1888 2192 1941 καὶ
2227 1885 2508 1957 δυνάμεώς
2553 1904 2695 1951 τινος
2736 1886 2901 1941 εἰκών
2948 1888 3094 1941 ἐστιν
3140 1891 3168 1942 6
3221 1887 3497 1958 βασιλικὸς

1917 1980 2026 2033 τῶν
2048 1980 2325 2052 ἀρχόντων
2361 1979 2549 2034 τούτου
2582 1976 2677 2034 τοῦ
2718 1979 2931 2043 αἰῶνος,
2986 1982 3080 2034 καὶ
3116 1983 3144 2034 6
3179 1983 3295 2045 υἱὸς
3329 1979 3496 2034 αὐτοῦ

1917 2070 2025 2124 τῶν
2047 2071 2152 2125 ὑπὸ
2173 2070 2272 2142 τὴν
2304 2071 2550 2136 ἐξουσίαν
2593 2072 2759 2127 αὑτοῦ
2798 2072 3146 2144 διαφέροντος
3182 2075 3313 2142 παρ’
3347 2069 3495 2142 αὒτῷ

1918 2162 2070 2224 λαοῦ,
2096 2163 2293 2224 καὶ,ἴν’
2309 2162 2482 2227 οὕτως
2510 2164 2668 2228 εἴπω,
2693 2164 2855 2217 οἱονεὶ
2876 2165 2973 2234 τῆς
3001 2166 3131 2236 παρ’
3164 2164 3317 2235 αὐτῷ
3342 2163 3495 2218 satio-

1919 2256 2021 2326 γῆς
2053 2256 2186 2325 (65),
2203 2256 2238 2327 ἦ
2256 2273 2315 2310 τε
2335 2255 2587 2311 ἀσθένεια
2613 2258 2779 2312 αὑτοῦ
2809 2259 2841 2328 ἡ
2871 2256 3023 2329 παρὰ
3043 2259 3143 2329 τὴν
3176 2258 3494 2330 προαίρεσιν

1918 2345 2011 2399 τοῦ
2041 2347 2298 2418 ἄρχοντος
2335 2345 2573 2411 διάθεσις
2613 2349 2881 2420 μοχθηρὰ,
2913 2349 3006 2404 καὶ
3039 2351 3070 2421 ἡ
3116 2349 3496 2421 Καφαρναοὺμ

1916 2438 2011 2491 τοῦ
2043 2438 2244 2510 χωρίου
2276 2438 2376 2507 τῆς
2411 2439 2578 2509 μονῆς
2606 2439 2713 2493 τῶν
2741 2441 2833 2494 ὑπ’
2869 2440 3030 2495 αὐτὸν
3060 2442 3093 2511 ἡ
3121 2439 3287 2494 εἰκών
3320 2440 3492 2503 ἐστιν,

1920 2531 2239 2602 σκοπητέον.
2278 2528 2441 2602 Οἶμαι
2471 2531 2578 2602 γὰρ
2614 2532 2709 2586 καὶ
2741 2532 2848 2586 τῶν
2879 2533 3155 2603 ἀρχόντων
3184 2532 3298 2604 (64)
3338 2532 3493 2599 τινὰς

1917 2623 2408 2696 καταπεπληγότας
2429 2624 2528 2694 τὴν
2547 2624 2774 2695 δύναμιν
2790 2623 2976 2687 αὐτοῦ,
2997 2624 3092 2678 καὶ
3105 2625 3203 2696 τὴν
3218 2623 3493 2695 θειότητα,

1915 2717 2392 2789 προσπεφευγέναι
2431 2716 2598 2788 αὐτῷ,
2632 2718 2726 2771 καὶ
2758 2717 3053 2786 ἠξιωκέναι
3098 2717 3228 2789 περὶ
3258 2717 3370 2771 τῶν
3400 2717 3493 2771 ὑπ’

1914 2808 2099 2872 αὐτοῖς
2149 2807 2614 2878 οἰκονομουμένων
2632 2824 2646 2838 ·
2700 2808 2822 2861 ἐπεὶ
2873 2807 2925 2860 τί
2969 2807 3165 2878 δήποτε
3212 2807 3492 2879 ἄνθρωποι

1918 2897 2016 2971 μὲν
2078 2896 2365 2967 μετάνοιαν
2425 2896 2763 2966 ἐπιδέχονται
2783 2936 2796 2958 ,
2853 2895 2947 2947 καὶ
2998 2894 3059 2957 ἐξ
3107 2893 3368 2957 ἀπιστίας
3412 2894 3493 2957 εἰς

1915 2988 2098 3043 πίστιν
2129 2987 2573 3060 μεταϐάλλουσιν,
2610 2987 2704 3041 ἐπὶ
2741 2986 2798 3039 δὲ
2826 2985 2935 3039 τῶν
2971 2985 3253 3056 δυνάμεων
3285 2985 3349 3039 τὸ
3394 3003 3495 3040 πα-

237 3065 303 3116 ad
337 3065 492 3120 fidem
524 3077 851 3134 transeunt;
894 3071 1035 3126 idem
1084 3087 1217 3127 vero
1250 3073 1303 3127 in
1344 3076 1605 3144 potentiis
1630 3077 1791 3132 dicen

237 3161 526 3183 ..Αηιυμημα
553 3159 648 3183 1141
685 3163 835 3183 ..-1-9-
906 3164 1032 3183 19-..
1076 3166 1175 3183 -Io,,
1223 3169 1235 3179 -
1312 3182 1347 3183 κ.
1719 3171 1732 3183 ι

1971 3078 2214 3150 ιπλήσιον
2237 3078 2415 3148 λέγειν
2442 3079 2743 3150 όκνήσομεν
2765 3095 2780 3145 ;
2819 3079 2892 3131 Ἢ
2936 3076 3141 3145 λεγέτω
3167 3096 3251 3142 τις
3279 3080 3415 3151 ἡμῖν
3439 3078 3493 3135 τί

236 3161 526 3214 veremur?
553 3159 648 3216 Vel
683 3163 838 3219 nobis
889 3164 1035 3220 dicat
1069 3166 1267 3236 aliquis
1298 3182 1518 3223 causam
1568 3186 1668 3225 cur
1718 3171 1791 3227 ho

1971 3203 1972 3216 ι
2007 3174 2177 3227 αἴτιον
2196 3172 2289 3227 τοῦ
2317 3172 2576 3226 δύνασθαι
2609 3173 2706 3243 μὲν
2743 3173 2867 3237 τοὺς
2898 3171 3273 3242 ὲνδεδομένους
3323 3171 3494 3245 σαρκὶ

236 3250 407 3305 mines
438 3267 658 3307 carnem
690 3265 744 3309 et
779 3258 1093 3327 sanguinem
1131 3260 1301 3315 induti
1347 3260 1644 3333 confugere
1680 3279 1806 3328 pos-

235 3341 345 3395 sint
377 3344 568 3398 mutati
596 3347 662 3399 ad
698 3347 864 3402 Deum
915 3364 1013 3417 per
1045 3350 1361 3418 Christum;
1398 3368 1492 3408 eos
1535 3369 1666 3408 vero
1710 3357 1806 3426 qui

239 3433 445 3500 puriori
479 3445 672 3490 natura
709 3447 947 3501 utantur.
984 3440 1152 3513 [idem
1185 3459 1291 3497 non
1326 3459 1507 3512 posse,
1543 3445 1665 3518 sed]
1690 3462 1807 3501 om-

238 3546 336 3585 nos
378 3535 664 3604 incapaces
698 3552 820 3591 esse
850 3539 1107 3594 credendi
1141 3541 1193 3595 in
1239 3540 1614 3609 Servatoreni,
1643 3546 1807 3601 mini-

234 3640 429 3696 meque
476 3627 869 3699 obstupescere
919 3644 1143 3702 propter
1187 3634 1528 3704 prodigiosas
1581 3638 1807 3694 virtutes

233 3732 368 3786 quas
399 3718 510 3789 ipse
549 3719 758 3775 fecerit.
803 3723 872 3777 At
909 3739 1011 3795 ego
1038 3738 1162 3778 reor
1188 3725 1350 3779 ctiam
1391 3727 1536 3781 circa
1582 3743 1677 3782 eas
1711 3744 1805 3797 po-

235 3811 451 3877 tentias,
501 3815 838 3885 principatus
884 3831 1021 3885 quos
1065 3828 1285 3882 vocant,
1342 3818 1548 3889 aliquid
1600 3822 1803 3876 factum

232 3903 420 3968 fuisse,
453 3904 767 3960 immutatas
798 3908 851 3961 in
881 3907 1076 3963 melius
1121 3907 1328 3962 Christi
1364 3911 1600 3965 adventu
1626 3928 1639 3964 :
1670 3914 1805 3967 adeo

232 4004 291 4048 nt
319 3998 562 4065 quaedam
606 3998 826 4069 integrae
855 4001 1039 4064 urbes,
1085 3999 1171 4054 Vel
1228 4001 1393 4055 etiam
1421 4011 1612 4074 gentes
1648 4020 1802 4058 com-

232 4088 440 4144 modius
490 4104 651 4160 qnam
699 4093 850 4145 multi
906 4093 1195 4147 habuerint
1257 4108 1378 4162 qua:
1409 4096 1477 4148 ad
1526 4094 1801 4151 Christum

231 4179 523 4239 pertinent.
580 4181 645 4236 Et
692 4181 941 4251 profecto
986 4183 1139 4254 juxta
1187 4185 1329 4241 hanc
1390 4186 1802 4257 intelligentiam

234 4272 366 4325 nihil
404 4272 623 4329 absurdi
667 4276 796 4339 erit,
839 4287 898 4331 ut
940 4279 1007 4331 ad
1054 4278 1297 4348 regulum
1339 4279 1596 4334 dicatur:
1627 4299 1646 4330 ι
1690 4281 1802 4338 Nisi

231 4364 381 4433 signa
404 4377 457 4421 et
494 4369 734 4438 prodigia
772 4370 1038 4434 videritis,
1070 4386 1174 4424 non
1204 4372 1443 4427 credetis
1463 4371 1531 4427 ⁸⁸.
1566 4391 1585 4424 ι
1621 4372 1804 4428 Potest

1908 3266 2003 3323 καὶ
2035 3266 2228 3336 αἵματι
2277 3265 2683 3335 μεταϐαλόντας
2719 3265 2832 3335 (65)
2880 3264 3357 3334 καταπεφευγέναι
3399 3265 3495 3319 ἐπὶ

1906 3358 2000 3413 τὸν
2030 3358 2163 3413 Θεὸν
2199 3357 2287 3412 διὰ
2312 3355 2568 3429 Χριστοῦ,
2603 3358 2729 3421 τοὺς
2759 3356 2815 3409 δὲ
2845 3356 3203 3429 καθαρωτέρᾳ
3229 3359 3297 3427 τῇ
3330 3356 3493 3427 φύσει

1907 3449 2223 3520 χρωμένους
2268 3449 2478 3512 πάντας
2525 3448 2906 3510 ἀνεπιδέκτους
2949 3446 3058 3517 (66)
3088 3443 3229 3500 εἶναι
3259 3448 3361 3519 τῆς
3412 3449 3494 3512 εἰς

1905 3540 1997 3593 τὸν
2042 3538 2270 3609 Σωτῆρα
2313 3538 2569 3602 πίστεως,
2614 3539 2708 3592 καί
2746 3538 2845 3607 τῆς
2887 3538 2979 3590 ἐπὶ
3019 3541 3138 3601 ταῖς
3183 3539 3494 3611 τεραστίοις

1906 3629 2195 3700 δυνάμεσιν
2228 3629 2321 3682 ὑπ’
2351 3627 2516 3682 αὐτοῦ
2546 3629 2860 3699 γινομέναις
2894 3628 3308 3699 καταπλήξεως.
3346 3628 3491 3698 Ἐγὼ

1904 3721 1961 3774 δὲ
1990 3720 2195 3792 νομίζω
2229 3721 2322 3775 καὶ
2359 3722 2487 3790 περὶ
2516 3718 2630 3792 (67)
2670 3720 2798 3784 τοὺς
2843 3720 3108 3791 ἄρχοντάς
3135 3738 3189 3774 τι
3215 3719 3486 3790 γίνεσθαι,

1908 3813 2307 3884 μεταϐαλόντας
2342 3811 2450 3882 (68)
2501 3814 2595 3866 ἐπὶ
2652 3812 2713 3865 τὸ
2769 3811 2976 3882 βέλτιον
3025 3814 3083 3865 ἐν
3132 3813 3200 3882 τῇ
3244 3810 3487 3882 Χριστοῦ

1904 3901 2199 3973 ἐπιδημίᾳ·
2243 3902 2384 3956 ὥστε
2428 3901 2580 3965 τινὰς
2626 3900 2753 3965 ὅλας
2803 3901 3005 3965 πόλεις,
3042 3900 3074 3972 ἢ
3105 3901 3198 3955 καὶ
3240 3900 3374 3971 ἔθνη
3411 3902 3490 3954 οξ-

1903 3996 2177 4065 κειότερον
2223 3992 2431 4047 πολλῶν
2468 3992 2764 4063 ἐσχηκέναι
2807 3993 2877 4047 τὰ
2925 3993 3061 4064 πρὸς
3105 3992 3197 4047 τὸν
3226 3992 3486 4065 Χριστόν.

1902 4091 2014 4145 Καὶ
2037 4091 2188 4144 οὐδέν
2217 4108 2280 4160 γε
2313 4091 2512 4145 ἄτοπον
2538 4086 2680 4142 κατὰ
2714 4086 2917 4157 ταύτην
2948 4085 3047 4157 τὴν
3076 4086 3303 4157 ἐκδοχὴν
3333 4086 3486 4139 ἔσται

1902 4182 1963 4234 τὸ
1977 4181 2226 4249 λέγεσθαι
2274 4180 2411 4252 πρὸς
2444 4179 2535 4232 τὸν
2588 4174 2891 4248 βασιλικόν·
2933 4195 2952 4227 ι
3009 4174 3133 4230 Ἐὰν
3171 4177 3244 4246 μὴ
3283 4176 3487 4247 σημεῖα

1903 4274 1999 4327 καὶ
2030 4274 2232 4345 τέρατα
2275 4272 2438 4344 ἴδητε,
2484 4271 2545 4324 οὐ
2594 4269 2668 4341 μὴ
2721 4267 3072 4338 πιστεύσητε.
3108 4286 3128 4320 ι
3162 4266 3395 4320 Δύναται
3431 4264 3491 4320 δὲ

1904 4370 2032 4439 περὶ
2049 4367 2147 4437 τῆς
2173 4365 2452 4436 δυνάμεως
2466 4364 2559 4417 τοῦ
2586 4362 2722 4416 Θεοῦ
2752 4359 3092 4432 παρακαλεῖν
3121 4361 3148 4413 6
3174 4358 3484 4429 βασιλικὸς,

231 4467 411 4511 autem
436 4469 489 4513 ct
516 4461 582 4516 de
609 4462 849 4531 potentia
878 4464 969 4517 Dei
1004 4467 1222 4531 regulus
1244 4465 1559 4532 obsecrare,
1612 4467 1791 4537 profe‘

1975 4462 2196 4533 νόμενος
2236 4459 2373 4530 πρὸς
2416 4457 2599 4521 αὐτὸν,
2646 4456 2795 4518 ὅπως
2833 4453 3044 4524 καταϐῇ
3078 4453 3158 4516 εἰς
3192 4451 3253 4504 τὸ
3284 4451 3487 4523 χωρίον

228 4558 350 4604 ctus
373 4550 436 4603 ad
455 4550 651 4621 ipsum,
676 4555 1037 4612 utdescendat
1055 4558 1120 4613 ad
1137 4558 1310 4612 locum
1330 4556 1662 4613 infirmitatis
1684 4558 1801 4623 filii,

228 4647 284 4695 et
316 4642 589 4697 medeatur
616 4649 927 4714 aegrotanti:
953 4651 1047 4703 sed
1075 4666 1181 4704 non
1201 4652 1424 4705 omnino
1454 4652 1804 4708 descendisse

227 4747 363 4802 Opus
381 4742 465 4788 est
489 4736 553 4789 ad
575 4735 742 4791 filium
775 4741 944 4810 reguli
972 4741 1381 4797 febrii-itantem
1401 4760 1416 4807 ;
1434 4743 1631 4798 suﬂicit
1653 4746 1798 4799 enim

228 4825 359 4880 illud
385 4842 399 4879 :
437 4845 456 4878 ι
477 4825 648 4883 Filius
676 4840 799 4885 tuus
823 4832 954 4887 vivit
972 4835 1038 4901 ⁸⁸,
1072 4854 1090 4887 i
1112 4836 1317 4890 dictum
1338 4835 1403 4890 ad
1422 4835 1651 4890 salutem
1673 4835 1792 4903 filii,

294 4982 343 5017 ⁸⁸
365 4980 522 5040 Joan.
550 4998 625 5047 tv,
658 4982 749 5042 48.
826 4984 1016 5041 "ibid.
1037 4985 1126 5041 50.

295 5121 406 5189 (65)
446 5120 637 5175 υἱον-εὶ
671 5119 780 5191 τῆς
807 5123 942 5193 παρ’
976 5123 1136 5189 αὐτῷ
1159 5122 1434 5193 ἐκλογῆς.
1452 5122 1788 5179 Valentinia-

225 5208 419 5247 norum
451 5208 613 5247 voces
648 5193 738 5265 hic
768 5210 1033 5263 usurpare
1075 5197 1388 5265 Origenem,
1427 5204 1486 5248 ut
1512 5196 1789 5264 spiritales

152 5320 159 5327 ,
224 5264 473 5317 homines
508 5264 761 5330 appellet,
824 5265 1093 5332 coniectat
1121 5264 1426 5320 Ferrarius.
1475 5265 1540 5317 At
1593 5265 1793 5321 electos

226 5343 433 5406 tamen,
457 5333 710 5406 ἐκλογήν.
743 5343 867 5391 ante
896 5336 1240 5391 Valentinum
1265 5334 1555 5406 appellavit
1595 5334 1791 5392 Paulus

226 5402 532 5463 Boni.x1,7.
560 5402 821 5462 llus-rtus.

295 5472 410 5541 (64)
441 5472 611 5545 οἶμαι
636 5476 747 5545 γὰρ
775 5477 871 5532 καὶ
899 5475 1017 5531 τῶν
1057 5477 1385 5546 ἀρχόντων,
1434 5487 1540 5532 etc.
1590 5474 1794 5543 Nempe

224 5541 318 5594 hic
350 5541 588 5615 quoque,
626 5541 685 5599 tit
706 5541 857 5601 'alibi
913 5541 1107 5615 δίψος
1135 5541 1461 5611 resipiscere
1518 5561 1697 5612 posse.
1730 5541 1788 5599 et

229 5612 546 5675 paenitentia
580 5616 698 5669 duci
722 5612 1200 5673 daemones-tradit.
1228 5616 1344 5682 Quo
1381 5617 1597 5669 nomine
1624 5617 1790 5668 casti-

155 5727 175 5745 “
234 5688 418 5754 gutturi
460 5696 604 5754 saepe
637 5700 667 5737 a
719 5685 991 5744 Patrilnts.
1042 5700 1095 5741 et
1148 5687 1412 5740 conviciis
1462 5687 1790 5754 proscissum

238 5746 389 5799 illum
426 5746 553 5803 alibi
601 5758 927 5814 notavimus.
979 5760 1077 5813 Adi
1108 5758 1320 5811 Sixtum
1348 5746 1600 5821 Scaena,
1632 5754 1725 5809 lib.
1763 5770 1793 5807 ν

1909 4556 2008 4624 τῆς
2034 4554 2188 4607 νόσου
2223 4551 2318 4604 τοῦ
2358 4549 2589 4611 παιδίου,
2628 4547 2719 4600 καὶ
2755 4546 2971 4617 ἰάσηται
3000 4545 3092 4599 τὸν
3119 4545 3481 4617 νενοσηκόταο

1908 4647 2021 4702 ἀλλ’
2066 4646 2127 4699 οὺ
2176 4645 2392 4706 πάντως
2447 4639 2888 4711 καταϐεϐηκέναι
2935 4637 3017 4691 δεῖ
3045 4636 3156 4707 (69)
3200 4635 3340 4707 πρὸς
3389 4634 3483 4689 τὸν

1908 4740 2017 4792 υἱὸν
2049 4738 2141 4791 τοῦ
2172 4734 2447 4808 βασιλικοῦ
2471 4732 2804 4804 πυρέττοντα
2823 4748 2835 4760 ·
2876 4731 3036 4802 ἀρκεῖ
3062 4728 3169 4800 γὰρ
3202 4728 3293 4781 τό·
3342 4745 3365 4778 ι
3420 4727 3481 4782 Ὀ

1903 4834 2016 4899 υἱός
2040 4848 2134 4886 σου
2150 4831 2240 4902 ζῇ,
2279 4848 2298 4882 ι
2323 4827 2456 4899 πρὸς
2478 4824 2752 4896 σωτηρίαν
2801 4823 3088 4893 λεγόμενον
3119 4818 3214 4905 τοῦ
3266 4819 3477 4885 παιδὸς,

1898 5120 2176 5181 Βίόίὶυιίιη
2204 5120 2387 5173 adnot.
2419 5118 2541 5174 131.
2577 5116 2653 5171 lu.

1970 5191 2083 5261 (65)
2135 5190 2317 5246 Codex
2371 5188 2716 5251 Bodleianus,
2778 5183 3213 5257 μεταϐαλόντας·
3241 5181 3471 5256 Regius,

1901 5261 2351 5334 μεταϐάλλοντας.

1971 5334 2081 5402 (66)
2132 5323 2321 5387 Codex
2377 5328 2721 5391 Bodleianus,
2781 5325 3199 5387 ἀνεπιδέκτους·
3247 5323 3469 5396 Regius,

1897 5404 2296 5465 ἀνεπιλέκτους.

1972 5474 2084 5546 (67)
2121 5463 2267 5546 Ideni
2293 5468 2835 5546 codex__Botlleiantts,
2859 5463 3465 5546 napis-RegiusLmtpd.

1972 5527 2082 5612 (68)
2134 5542 2313 5595 Codex
2368 5540 2715 5601 Bodleianus,
2778 5527 3209 5607 μεταϐαλόντας·
3246 5527 3468 5605 Regius,

1905 5612 2358 5686 μεταϐάλλοντας2

1972 5686 2084 5752 (69)
2124 5672 2560 5755 (Σούολήοεὶιιε,
2595 5680 2760 5745 male,
2795 5675 2994 5741 παντὸς
3036 5672 3469 5747 καταϐεϐηκέναι

1899 5755 1984 5826 δή,
2020 5766 2125 5810 etc.
