3702 6142
249 293 354 348 515

1691 288 2016 348 ORIGENIS

3409 294 3507 349 516

249 427 332 468 δεδι
367 422 595 484 propter
619 412 1022 477 remissionem,
1050 411 1255 467 dixerit
1294 428 1308 464 :
1349 429 1366 463 ι
1400 410 1567 466 Filius
1591 419 1713 466 tuus
1745 413 1802 466 vi

1986 408 2122 481 υτὴρ
2180 409 2274 464 καὶ
2326 409 2399 481 μὴ
2434 410 2624 482 παρὼν
2669 411 3008 481 θεραπεύειν·
3051 412 3271 480 δούλους
3315 415 3374 470 δὲ
3417 419 3508 472 τοῦ

251 506 362 568 vit;
409 524 426 556 ι
463 505 719 572 additque
753 503 877 558 huic
899 504 1074 558 dicto:
1115 521 1135 554 ‹
1168 502 1398 557 credidit
1421 503 1644 566 homo,»
1681 503 1822 571 quod

248 594 425 649 facilis
454 595 519 648 ad
553 593 885 648 credendum
911 594 985 648 sit
1010 594 1174 648 etiam
1200 594 1381 646 mundi
1412 591 1626 661 Opifex,
1649 594 1822 662 quod-

246 701 354 754 que
399 686 568 755 possit
607 685 872 740 Servator
925 686 1087 740 etiam
1130 701 1238 740 non
1283 701 1522 755 praesens
1563 701 1756 742 curare
1805 705 1818 741 :

245 793 544 848 servosque
576 778 746 848 reguli
780 779 1174 845 interpretatus
1219 789 1301 834 est
1341 779 1562 848 angelos
1602 778 1822 850 Opilicis

247 873 454 936 tnundi,
504 871 875 926 renuntiantes
919 871 1026 926 illis
1073 873 1298 927 verbis:
1340 891 1359 924 ι
1392 873 1557 927 Filius
1593 884 1714 928 tuus
1749 873 1822 927 vi-

244 965 342 1031 vit,
379 983 397 1017 ι
425 965 564 1034 quod
593 966 877 1020 commode
910 974 964 1019 et
991 967 1156 1034 probe
1191 967 1433 1032 haberet,
1456 983 1560 1022 non
1593 968 1822 1037 amplius

246 1071 412 1126 agens
439 1071 470 1109 a
513 1072 570 1111 se
621 1057 830 1120 aliena;
863 1065 920 1110 et
971 1057 1114 1110 hanc
1153 1057 1221 1110 ob
1268 1072 1488 1111 causam
1542 1058 1819 1112 existimat

245 1163 431 1203 servos
458 1149 770 1204 renuntiare
801 1148 992 1218 regulo
1040 1163 1158 1216 quae
1204 1148 1270 1201 ad
1302 1149 1532 1202 salutem
1564 1148 1656 1202 ﬁlii
1699 1165 1820 1215 per-

245 1243 492 1295 tinebant
548 1257 564 1294 :
623 1241 928 1310 primosque
1003 1241 1277 1294 existimat
1343 1241 1562 1309 angelos
1634 1241 1819 1294 videre

245 1332 487 1386 actiones
531 1332 808 1385 hominum
859 1331 911 1384 in
955 1332 1175 1395 mundo,
1223 1331 1388 1401 276
1417 1346 1484 1384 an
1521 1329 1736 1384 fortiter
1765 1338 1819 1384 et

243 1427 458 1480 sincere
490 1425 652 1477 vitam
694 1423 894 1492 degant
920 1422 988 1476 ah
1029 1437 1094 1476 eo
1135 1432 1380 1489 tempore
1420 1437 1525 1491 quo
1571 1421 1818 1476 Christus

243 1515 479 1570 advenit.
521 1514 599 1567 Ad
633 1514 747 1568 haec
789 1528 888 1581 per
926 1512 1114 1565 horam
1156 1512 1441 1581 septimam
1496 1513 1626 1570 dicit
1673 1514 1818 1569 desi-

240 1605 396 1676 gnari
429 1615 671 1659 naturam
702 1605 901 1659 sanati.
938 1605 1162 1658 Demum
1197 1622 1210 1657 :
1249 1621 1268 1654 ι
1301 1603 1542 1658 Credidit
1591 1606 1727 1673 ipse,
1761 1618 1817 1662 et

238 1701 436 1755 domus
468 1699 584 1768 ejus
622 1710 752 1765 tota,
787 1718 806 1749 ι
839 1699 1226 1766 interpretatus
1255 1707 1337 1751 est
1377 1698 1484 1752 dici
1515 1699 1581 1752 de
1606 1699 1813 1767 angeli-

1927 502 2202 573 βασιλικοῦ
2235 503 2483 574 ἐξείληφε
2537 505 2662 568 τοὺς
2696 506 2960 574 ἀγγέλους
3000 506 3093 560 τοῦ
3142 499 3508 580 Δημιουργοῦ,

1924 594 2365 662 ἀπαγγέλλοντας
2404 597 2462 649 ὲν
2498 595 2594 666 τῷ·
2637 616 2656 648 ι
2723 598 2781 650 '0
2815 601 2944 662 παῖς
2992 615 3086 650 σου
3121 599 3211 670 ζῇ,
3262 619 3280 652 ι
3316 601 3399 653 ὅτι
3430 603 3509 655 ol-

1924 686 2084 749 κείως
2133 687 2227 739 καὶ
2281 687 2422 741 κατὰ
2468 688 2669 759 τρόπον
2716 687 2850 758 ἔχει,
2899 693 3160 762 πράσσων
3215 692 3512 763 μηκέτιτά

1922 778 2184 832 ἀνοίκεια·
2223 783 2316 834 καὶ
2356 780 2444 834 διά
2475 781 2635 834 τοῦτο
2666 783 2875 854 νομίζει
2905 784 3273 854 ἀπαγγέλλειν
3305 784 3385 856 τῷ
3419 784 3512 855 βα-

1925 869 2116 940 σιλικῷ
2145 873 2270 936 τοὺς
2298 872 2515 937 δούλους
2538 873 2606 928 τὰ
2639 878 2765 946 περὶ
2792 878 2890 947 τῆς
2941 876 3034 930 τοῦ
3060 877 3176 930 υἱοῦ
3211 878 3508 948 σωτηρίαςο

1922 962 2044 1014 ἐπεὶ
2073 963 2167 1016 καὶ
2197 963 2446 1035 πρώτους
2469 965 2638 1020 οἴεται
2680 968 2897 1039 βλέπειν
2919 970 3022 1032 τὰς
3049 969 3277 1040 πράξεις
3307 969 3418 1022 τῶν
3449 970 3508 1021 ἐν

1919 1053 1998 1124 τῷ
2027 1055 2216 1127 κόσμῳ
2244 1056 2545 1128 ἀνθρώπων
2594 1061 2720 1124 τοὺς
2767 1061 3051 1130 ἀγγέλους,
3097 1063 3145 1114 εἰ
3177 1060 3510 1132 ἐρρωμένως

1922 1146 2016 1198 καὶ
2048 1145 2352 1217 εἰλικρινῶς
2380 1148 2744 1203 πολιτεύοιντο
2782 1151 2893 1221 ('75)
2917 1151 3025 1204 ἀπὸ
3045 1152 3144 1222 τῆς
3184 1150 3278 1204 τοῦ
3319 1151 3508 1222 Σωτῆ-

1923 1253 2015 1306 ρος
2057 1237 2368 1308 ἐπιδημίας.
2405 1241 2524 1293 Ἔτι
2561 1240 2697 1310 πρὸς
2742 1242 2840 1312 τὴν
2891 1242 3126 1314 ἑϐδόμην
3157 1242 3307 1314 ὥραν
3336 1242 3507 1311 λέγει,

1919 1328 2002 1380 ὅτι
2031 1327 2121 1382 διὰ
2153 1331 2250 1400 τῆς
2277 1329 2426 1401 ῶρας
2458 1333 2918 1406 χαρακτηρίζεται
2945 1337 2977 1405 ἡ
3011 1335 3172 1402 φύσις
3199 1335 3292 1388 τοῦ
3331 1333 3511 1389 ίαθέν-

1919 1438 2030 1484 τος.
2077 1422 2199 1474 Ἐπὶ
2234 1425 2367 1476 πᾶσι
2387 1423 2464 1476 τό·
2515 1443 2534 1475 ‹
2579 1425 2926 1479 Ἐπίστευσεν
2969 1426 3129 1490 αὐτὸς
3165 1425 3260 1482 καὶ
3291 1429 3324 1498 ἡ
3359 1427 3510 1480 οἰκία

1919 1511 2084 1564 αὑτοῦ
2122 1512 2239 1582 ὅλη,
2295 1532 2314 1564 »
2351 1513 2646 1586 διηγήσατο
2681 1517 2774 1568 ἐπὶ
2803 1517 2904 1587 τῆς
2929 1517 3224 1589 ἀγγελικῆς
3252 1519 3509 1590 εἰρῆσθαι

1917 1601 2141 1668 τάξεως,
2173 1603 2267 1655 καὶ
2313 1603 2616 1676 ἀνθρώπων
2665 1604 2774 1659 τῶν
2803 1605 3146 1678 οίκειοτέρων
3189 1604 3361 1676 αὐτῷ.
3401 1607 3508 1676 Ζη-

1916 1693 2127 1747 τεῖσθαι
2169 1695 2226 1747 δέ
2253 1713 2386 1767 φησι
2438 1698 2566 1768 περί
2598 1715 2760 1751 τινων
2795 1698 3040 1766 ἀγγέλων
3069 1699 3117 1751 εί
3144 1697 3506 1768 σωθήσονται,

238 1803 307 1844 co
345 1789 558 1856 ordine,
590 1791 763 1858 deque
785 1789 1093 1843 hominibus
1139 1788 1237 1856 ipsi
1289 1787 1565 1859 [Ell'ectori
1603 1791 1802 1845 mundi'

1986 1807 2026 1842 ιν
2053 1789 2420 1843 κατελθόντων
2453 1790 2544 1842 ἐπὶ
2578 1791 2675 1854 τὰς
2706 1790 2814 1846 τῶν
2846 1789 3145 1861 ἀνθρώπων
3177 1789 3503 1861 θυγατέρας.

237 1882 724 1952 conjunctioribus.
752 1882 932 1952 lnquit
965 1881 1130 1936 etiam
1171 1882 1368 1950 inquiri
1397 1882 1811 1952 de,quibusdam

238 1973 464 2043 angelis,
504 1983 690 2027 utrum—
732 1973 1096 2028 servabuntur
1154 1988 1362 2036 necne,
1412 1989 1603 2042 nempe
1633 1975 1700 2029 de
1728 1975 1814 2029 his

237 2065 328 2133 qui
358 2066 756 2120 descenderunt
782 2065 847 2118 ad
886 2064 1023 2120 ﬁlias
1065 2066 1344 2120 hominum
1374 2066 1442 2123 ⁸³.
1499 2066 1810 2133 Quinetiam

235 2159 474 2212 virorum
527 2157 809 2212 Ell'ectoris
873 2158 1060 2212 mundi
1119 2159 1480 2228 perditionem
1547 2159 1812 2214 declarari

234 2252 510 2306 existimat
551 2253 649 2306 hoc
679 2253 822 2306 dicto
851 2269 866 2306 :
901 2270 920 2303 ι
954 2251 1076 2306 Filii
1133 2255 1284 2320 regni
1312 2253 1538 2306 exibunt
1580 2254 1631 2305 in
1668 2261 1815 2307 tene-

235 2344 362 2397 bras
400 2343 694 2399 exteriores
731 2343 805 2410 ”,
856 2365 874 2396 ι
913 2343 1216 2414 lsaiamque
1259 2345 1324 2398 de
1361 2344 1443 2398 Itis
1490 2345 1814 2414 prophetare

233 2434 363 2490 illml
392 2451 404 2488 :
441 2454 459 2486 ι
488 2435 652 2490 Filios
691 2436 873 2506 genui,
918 2446 970 2489 et
998 2437 1232 2490 exaltavi
1258 2452 1272 2498 ;
1315 2437 1415 2504 ipsi
1446 2445 1625 2489 autem
1655 2451 1807 2505 spre--

233 2535 427 2580 verunt
456 2541 542 2580 me
575 2527 654 2592 °';
708 2545 726 2579 ι
763 2540 901 2596 quos
937 2527 1076 2580 ﬁlios
1125 2527 1365 2593 alienos,
1403 2536 1457 2580 et
1496 2542 1678 2582 semen
1713 2544 1808 2583 ne-

232 2632 419 2687 quam,
453 2625 506 2672 et
537 2617 791 2685 injustum
847 2617 1105 2688 appellat,
1156 2619 1434 2689 vitemque
1478 2636 1598 2690 qua:
1622 2621 1814 2676 fecerit

231 2709 417 2779 spinas
445 2708 513 2764 “.
546 2709 612 2763 Et
640 2711 721 2764 lue
752 2711 971 2779 quidem
1009 2719 1134 2765 sunt
1191 2712 1673 2767 commentationes
1705 2710 1812 2767 He-

231 2799 520 2863 raeleonis,
569 2814 704 2869 quas
730 2810 784 2854 et
828 2800 1089 2856 audacius
1121 2810 1176 2855 et
1219 2801 1390 2870 magis
1430 2801 1592 2869 impie
1633 2802 1809 2857 dictas

229 2902 542 2963 oportuerat
579 2892 749 2948 multo
788 2903 1049 2964 apparatu
1099 2893 1487 2961 demonstrari,
1540 2894 1805 2964 siquidem

229 2999 373 3040 vera:
395 2993 572 3039 erant.
611 2985 716 3039 Sed
760 2985 945 3040 nescio
985 2986 1258 3056 quomodo
1286 2985 1452 3040 etiam
1506 2986 1573 3040 de
1611 2987 1807 3042 animre

1915 1881 2023 1934 Καὶ
2053 1881 2162 1934 τῶν
2189 1880 2489 1954 ἀνθρώπων
2515 1882 2573 1935 δὲ
2606 1881 2700 1935 τοῦ
2735 1881 3075 1954 Δημιουργοῦ
3107 1882 3205 1954 τὴν
3226 1879 3507 1934 ἀπώλειαν

1912 1973 2202 2044 δηλοῦσθαι
2259 1974 2470 2045 νομίζει
2503 1972 2686 2045 ἐντῷ·
2739 1993 2758 2026 ι
2808 1976 2871 2028 Οἱ
2921 1974 3029 2028 υἱοὶ
3077 1975 3175 2046 τῆς
3222 1973 3505 2044 βασιλείας

1914 2051 2286 2129 ἐξελεύσονται
2319 2068 2398 2129 είς
2436 2066 2497 2119 τὸ
2529 2066 2717 2130 σκότος
2762 2067 2822 2120 τὸ
2852 2065 3134 2137 ἐξώτερον,
3179 2085 3196 2118 ι
3244 2067 3339 2120 καὶ
3372 2065 3507 2138 περὶ

1913 2155 2117 2209 τούτων
2135 2157 2226 2210 τὸν
2261 2158 2484 2210 Ἡσαΐαν
2508 2157 2867 2232 προφητεύειν
2898 2159 2976 2212 τόο
3018 2177 3038 2210 ι
3079 2159 3241 2222 Υἱοὺς
3273 2157 3503 2228 ἐγέννη-

1914 2265 2003 2311 σα,
2050 2251 2146 2301 xui.
2195 2247 2406 2319 ῦιζνωσα·
2444 2251 2598 2304 αὐτοὶ
2637 2251 2693 2303 δέ
2741 2268 2808 2322 με
2849 2251 3139 2322 ἠθέτησανο
3191 2269 3209 2302 ι
3248 2251 3504 2315 οὕστινας

1913 2339 2063 2402 υἱοὺς
2090 2338 2425 2411 ἀλλοτρίους,
2460 2341 2554 2394 καὶ
2603 2341 2824 2412 σπέρμα
2873 2341 3128 2411 πονηρὸν,
3163 2344 3258 2393 καὶ
3297 2339 3503 2411 ἄνομον

1911 2431 2086 2496 καλεῖ,
2122 2434 2215 2486 καὶ
2239 2433 2534 2505 ἀμπελῶνα
2566 2433 2806 2497 ἀκάνθας
2844 2435 3161 2504 ποιήσαντα.
3193 2433 3303 2485 Καὶ
3324 2431 3502 2485 ταῦτα

1915 2528 2014 2598 μὲν
2033 2529 2102 2582 τά
2148 2527 2542 2600 Ἡρακλέωνος,
2577 2528 2720 2599 άπερ
2752 2525 3148 2598 τολμηρότερον
3180 2526 3275 2579 καὶ
3305 2526 3502 2579 ἀσεϐέ-

1913 2637 2100 2692 στερον
2160 2619 2427 2692 εἰρημένα
2477 2619 2644 2692 ἐχρῆν
2710 2619 2851 2691 μετά
2901 2618 3100 2688 πολλῆς
3148 2617 3502 2689 κατασκευῆς

1910 2711 2303 2782 ἀποδεδεῖχθαι,
2347 2711 2506 2783 εἴπερ
2546 2707 2614 2782 ἦν
2651 2711 2844 2782 ἀληθῆ.
2877 2712 2991 2765 Οὐκ
3013 2709 3129 2764 οἶδα
3170 2709 3226 2763 δὲ
3251 2711 3369 2772 πῶς
3400 2708 3502 2778 καὶ

1909 2805 2037 2877 περὶ
2084 2805 2380 2869 ἀθανασίας
2421 2803 2598 2876 ψυχῆς
2641 2804 2878 2870 ἀπιστεῖ,
2939 2804 3012 2875 μὴ
3054 2802 3301 2858 ἐκλαϐὼν
3341 2802 3500 2856 -πόσα

1911 2897 2311 2968 σημαίνεταιὲκ
2327 2897 2422 2968 τῆς
2447 2916 2465 2947 ι
2492 2897 2739 2960 θάνατος,
2767 2916 2785 2949 ι
2814 2896 3015 2967 φωνῆς.
3034 2895 3368 2967 Καθορῶντα
3385 2895 3500 2966 γὰρ

1909 2989 2017 3043 ἔδει
2043 2991 2105 3043 τὸ
2129 2990 2524 3061 σημαινόμενον
2549 2990 2662 3060 μετ’
2702 2987 3044 3058 ἐπισκέψεως
3075 2988 3171 3041 καὶ
3209 2987 3498 3060 ἀκριϐείας

230 3076 635 3132 immortalitate
685 3077 916 3144 dubitat,
979 3093 1102 3133 cum
1152 3095 1259 3135 non
1301 3080 1621 3149 exposuerit
1673 3091 1802 3151 quot

1986 3083 2042 3135 ,ῖν
2074 3084 2123 3134 εἰ
2146 3081 2286 3136 κατά
2306 3082 2376 3135 τὰ
2407 3081 2584 3135 πάντα
2616 3080 2988 3151 σημαινόμενα
3029 3079 3194 3150 θνητή
3229 3081 3398 3133 ἐστιν.
3431 3081 3496 3133 Ei

229 3169 341 3224 sint
374 3185 440 3224 ex
495 3169 688 3225 mortis
736 3184 869 3225 voce
904 3171 1352 3240 signiﬁcationes.
1411 3173 1612 3228 Verum
1659 3174 1804 3229 enim

229 3261 591 3334 signiﬁcatum
632 3264 915 3332 oportebat
945 3277 1068 3318 cum
1098 3265 1540 3320 consideratione
1597 3275 1650 3320 et
1685 3267 1808 3320 dili-

230 3354 412 3423 gentia
451 3355 666 3419 videre;
717 3363 771 3409 et
821 3370 888 3408 an
924 3354 1077 3424 juxta
1114 3369 1306 3410 omnes
1353 3355 1804 3424 signiﬁcationes,

229 3449 406 3501 anima
437 3449 504 3504 sit
532 3448 796 3511 mortalis,
837 3463 1007 3502 necne
1040 3465 1053 3500 :
1083 3463 1206 3501 nam
1233 3448 1274 3501 si
1319 3463 1386 3502 ex
1417 3465 1480 3502 eo
1509 3452 1654 3518 quod
1682 3466 1807 3518 pec-

229 3553 360 3592 care
389 3547 562 3605 potest
593 3539 798 3604 anima,
831 3539 945 3607 ipsa
987 3552 1108 3607 quae
1142 3547 1338 3609 peccat
1373 3540 1803 3605 moritur,etiam

229 3647 328 3686 nos
383 3633 628 3687 eamdem
663 3632 763 3686 hoc
795 3633 954 3687 modo
1003 3630 1289 3686 mortalem
1350 3631 1584 3688 dicimus
1619 3653 1630 3688 :
1662 3636 1806 3702 quod

228 3724 274 3778 si
305 3739 431 3778 vero
457 3723 820 3779 universalem
852 3722 1264 3778 dissolutionem
1318 3733 1373 3780 et
1400 3725 1804 3781 demolitionem

228 3814 368 3883 ejus,
406 3825 634 3870 mortem
684 3815 985 3880 existimat,
1035 3831 1134 3870 nos
1174 3831 1280 3870 non
1333 3817 1705 3883 admittemus,
1739 3831 1806 3872 ne

228 3910 414 3963 animo
433 3911 651 3977 quidem
685 3908 954 3977 dispicere
988 3908 1232 3963 valentes
1258 3909 1610 3963 substantiam
1658 3927 1808 3966 mor-

227 4001 392 4056 talem
428 4009 802 4055 transeuntem
832 4000 884 4053 in
944 4000 1273 4067 immortale,
1303 4009 1360 4056 et
1403 4011 1650 4056 naturam
1679 4019 1804 4058 cor-

227 4091 536 4164 ruptibilem
578 4092 631 4146 in
661 4091 713 4146 id
737 4093 881 4160 quod
915 4100 998 4145 est
1045 4092 1459 4162 incorruptibile
1484 4110 1498 4146 :
1528 4094 1628 4148 hoc
1661 4097 1803 4149 enim

227 4198 311 4243 est
335 4185 556 4257 perinde
589 4199 654 4239 ac
693 4184 738 4238 si
767 4185 1075 4240 diceremus
1111 4186 1344 4241 transire
1389 4187 1592 4256 aliquid
1623 4203 1651 4241 a
1678 4204 1805 4242 cor-

226 4295 359 4350 pore
379 4280 431 4334 in
467 4294 579 4332 rem
610 4279 982 4346 incorpoream
1010 4295 1023 4341 ;
1063 4280 1290 4348 perinde
1317 4281 1470 4347 quasi
1500 4279 1800 4347 subjectum

226 4372 443 4442 aliquod
496 4385 790 4427 commune
839 4372 910 4425 sit
961 4379 1171 4426 naturae
1207 4387 1497 4442 corporum
1537 4384 1592 4428 et
1622 4390 1803 4428 rerum

1915 3172 2012 3244 μὲν
2041 3172 2170 3243 γὰρ,
2209 3173 2291 3224 ὃτι
2319 3170 2540 3242 δεκτικὴ
2569 3171 2860 3241 ἁμαρτίας,
2900 3169 3047 3241 ψυχὴ
3075 3169 3131 3222 δὲ
3164 3171 3198 3241 ἡ
3238 3169 3494 3242 ἁμαρτά-

1909 3282 2074 3319 νουσα
2117 3265 2255 3336 αὐτὴ
2307 3263 2679 3326 ἀποθανεῖται,
2715 3264 2809 3316 καὶ
2860 3264 3020 3334 ἡμεῖς
3049 3261 3280 3335 ἐροῦμεν
3321 3263 3494 3334 αὐτὴν

1910 3358 2131 3430 θνητήν·
2167 3359 2214 3411 εί
2248 3359 2306 3412 δὲ
2338 3358 2437 3428 τὴν
2467 3356 2703 3427 παντελῆ
2734 3356 2973 3409 διάλυσιν
3004 3356 3098 3409 καὶ
3123 3354 3491 3427 ἐξαφανισμδν

1909 3453 2079 3522 αὐτῆς
2108 3451 2332 3506 θάνατον
2366 3451 2593 3522 νομίζει,
2638 3452 2796 3521 ἡμεῖς
2825 3451 2886 3503 οὐ
2933 3449 3336 3521 προσησόμεθα,
3368 3449 3491 3502 οὐδὲ

1912 3543 2074 3614 μέχρι
2115 3543 2357 3605 ἐπινοίας
2395 3539 2522 3594 ίδεῖν
2554 3541 2839 3610 δυνάμενοι
2875 3539 3060 3592 ούσίαν
3098 3538 3296 3610 θνητὴν
3328 3555 3490 3606 μετα-

1911 3631 2210 3686 ϐάλλουσαν
2266 3634 2344 3694 είς
2376 3631 2641 3685 ἀθάνατον
2678 3631 2772 3684 καὶ
2811 3630 2970 3699 φύσιν
3003 3628 3246 3701 φθαρτὴν
3281 3630 3374 3682 ἐπὶ
3429 3628 3491 3683 τὺ

1908 3723 2203 3795 ἄφθαρτονο
2228 3724 2408 3794 ὅμοιον
2430 3723 2536 3792 γὰρ
2565 3723 2721 3776 τοῦτο
2746 3722 2823 3793 τῷ
2851 3722 3028 3790 λέγειν
3057 3720 3408 3792 μεταϐάλλειν
3433 3737 3489 3773 τι

1907 3815 2015 3868 άπὸ
2052 3815 2299 3886 σώματος
2342 3817 2421 3878 εἰς
2457 3813 2766 3885 ἀσώματον,
2809 3814 2885 3877 ὡς
2930 3813 3290 3883 ὑποκειμένου
3343 3811 3485 3876 τινὸς

1908 3905 2090 3958 κοινοῦ
2135 3905 2234 3976 τῆς
2280 3905 2388 3957 τῶν
2439 3904 2706 3974 σωμάτων
2755 3904 2849 3956 καὶ
2893 3902 3198 3972 ἀσωμάτων
3249 3902 3479 3970 φύσεως·

1908 3999 2044 4069 ὅπερ
2075 3998 2243 4069 μένει,
2279 3997 2468 4068 ῶσπερ
2499 3997 2676 4068 μένειν
2703 3998 2833 4066 φασὶ⁵
2853 3997 2913 4048 τὸ
2933 3996 3112 4049 ὑλικὸν
3141 3998 3188 4049 οἱ
3206 3996 3332 4064 περὶ
3354 3994 3482 4048 ταῦ-

1906 4107 1974 4143 τα
2005 4091 2187 4152 δεινοὶ,
2219 4090 2326 4142 τῶν
2350 4090 2650 4160 ποιοτήτων
2686 4087 3131 4160 μεταϐαλλουσῶν
3165 4091 3244 4151 είς
3273 4086 3481 4157 ἀφθαρ-

1910 4183 2050 4235 σίαν.
2089 4183 2163 4234 Οὐ
2192 4180 2384 4234 ταυτὸν
2407 4180 2466 4233 δέ
2497 4183 2611 4232 ἐστι
2633 4179 2730 4249 τὴν
2749 4177 2993 4249 φθαρτὴν
3017 4177 3178 4246 φύσιν
3208 4177 3482 4230 ἐνδύεσθαι

1907 4275 2230 4347 ἀφθαρσίαν,
2261 4273 2354 4326 καὶ
2382 4271 2444 4323 τὸ
2469 4271 2566 4342 τὴν
2600 4270 2843 4340 φθαρτὴν
2881 4270 3232 4339 μεταϐάλλειν
3271 4272 3349 4333 εἰς
3381 4269 3481 4337 ἀφ-

1909 4368 2154 4440 θαρσίαν.
2184 4368 2264 4420 Τά
2287 4367 2330 4418 δ’
2365 4365 2502 4417 αὐτὰ
2526 4365 2618 4418 καὶ
2647 4364 2898 4435 περὶτῆς
2934 4363 3130 4435 θνητῆς
3161 4363 3399 4424 λεκτέον,
3423 4363 3480 4415 ού

227 4467 664 4537 incorporearum
705 4478 722 4518 :
757 4463 900 4536 quod
951 4472 1154 4530 manet,
1197 4466 1653 4534 quemadmodum
1700 4483 1802 4520 ma-

1986 4458 2343 4529 ταόαλλούσης
2372 4458 2469 4528 μὲν
2491 4460 2569 4520 εἰς
2601 4456 2917 4520 ἀθανασίαν,
2949 4456 3273 4528 ἐνδυομένης
3299 4456 3356 4509 δὲ
3386 4455 3482 4509 αύ-

226 4574 358 4612 nere
396 4557 584 4612 dicunt
642 4554 922 4610 materiale
969 4555 1120 4611 hisce
1173 4556 1225 4609 in
1277 4559 1439 4610 rebus
1479 4556 1801 4623 clarissime,

225 4649 578 4720 qualitatibus
638 4647 1048 4703 transeuntibus
1103 4647 1154 4701 in
1211 4646 1802 4717 incorruptibilitatetn.

224 4743 491 4798 Caeterum
523 4756 624 4794 non
653 4741 793 4794 idem
839 4750 926 4796 est
971 4739 1378 4809 corruptibilem
1431 4749 1686 4793 naturam
1717 4740 1804 4793 in-

227 4835 394 4891 duere
442 4833 929 4900 incorruptionem,
980 4842 1036 4886 et
1079 4829 1487 4900 corruptibilem
1553 4841 1804 4885 naturam

224 4927 462 4982 transire
503 4928 556 4978 in
606 4923 1066 4992 incorruptionem
1098 4924 1165 4976 ⁸⁷.
1198 4923 1396 4978 Eadem
1441 4924 1602 4978 etiam
1651 4933 1707 4978 et
1737 4925 1804 4980 de

222 5031 417 5078 natura
463 5017 675 5074 mortali
717 5017 942 5071 dicenda
987 5027 1134 5082 sunt,
1185 5033 1304 5084 quae
1343 5031 1448 5072 non
1486 5017 1805 5072 immutatur

223 5117 275 5170 in
306 5109 789 5173 immortalitatem,
818 5108 912 5163 sed
943 5124 1062 5164 eam
1097 5109 1294 5163 induit.
1331 5108 1602 5164 Prazterca
1629 5124 1803 5180 quan-

223 5207 510 5275 doquidem
543 5201 832 5257 animalem
862 5203 1095 5255 animam
1143 5202 1474 5256 existimavit
1507 5217 1603 5268 per
1634 5217 1796 5272 opera

221 5312 275 5353 et
307 5312 524 5354 sensum
556 5296 801 5358 credere,
829 5309 932 5348 non
963 5305 1142 5348 autem
1169 5311 1265 5364 per
1293 5295 1579 5360 rationem,
1631 5295 1800 5348 inter-

225 5406 476 5460 rogemus
507 5404 628 5443 eum
660 5389 726 5440 de
757 5385 944 5450 Paulo,
976 5385 1128 5456 cujus
1155 5395 1361 5440 natura:
1400 5395 1516 5440 erat
1547 5401 1564 5442 :
1599 5402 1720 5438 nam
1753 5387 1794 5440 si

1901 4555 2017 4625 τήν.
2055 4553 2194 4616 Ἔτι,
2236 4551 2464 4620 ἐπείπερ
2496 4549 2594 4620 τὴν
2635 4547 2871 4620 ψυχικὴν
2899 4548 3057 4618 φύσιν
3088 4547 3243 4619 ᾠήθη
3280 4547 3390 4618 (76)
3419 4547 3482 4600 δι’

1901 4646 2076 4718 ἔργων
2105 4644 2200 4698 καὶ
2225 4643 2529 4714 αἰσθήσεως
2559 4641 2861 4705 πείθεσθαι,
2890 4641 3010 4711 οὐχὶ
3037 4640 3095 4693 δὲ
3125 4639 3322 4708 λόγων,
3357 4657 3485 4693 πευ-

1903 4734 2123 4806 σὼμεθα
2146 4733 2309 4787 αὑτοῦ
2333 4733 2460 4802 περὶ
2488 4731 2722 4796 Παύλου,
2758 4732 2916 4794 ποίας
2945 4729 3160 4799 φύσεως
3187 4727 3276 4802 ἦν·
3301 4734 3351 4784 εί
3389 4731 3484 4801 μὲν

1903 4827 2012 4898 γάρ
2032 4825 2428 4895 πνευματικῆς,
2454 4823 2571 4887 πῶς
2599 4821 2688 4875 διὰ
2715 4823 2816 4892 τῆς
2845 4821 3128 4893 τεραστίου
3163 4823 3484 4890 ἐπιφανείας

1909 4917 2301 4979 πεπίστευκενς
2330 4917 2376 4968 εί
2397 4914 2439 4966 δ’
2467 4915 2566 4966 οὐκ
2581 4912 2754 4976 ἄλλως
2786 4913 3006 4966 ἐδύνατο
3032 4912 3314 4966 πιστεύειν
3341 4913 3375 4984 ἦ
3401 4912 3485 4965 διὰ

1907 5011 2007 5082 τῆς
2029 5009 2310 5080 τεραστίου
2343 5007 2678 5077 ἐπιφανείας,
2711 5004 2994 5060 ἀκολουθεῖ
3021 5005 3138 5058 κατ’
3172 5007 3370 5069 αὐτοὺς
3395 5007 3483 5060 καὶ

1909 5102 2070 5157 αὐτὸν
2101 5098 2241 5156 εἶναι
2267 5100 2516 5170 ψυχικόν.
2565 5100 2688 5162 Πῶς
2720 5098 2777 5152 δὲ
2810 5099 2904 5150 καὶ
2945 5096 3140 5161 άσεὸὲς
3161 5097 3227 5150 τὸ
3257 5099 3366 5169 πρὸ
3393 5098 3483 5152 τοῦ

1908 5193 2249 5266 Δημιουργοῦ
2278 5195 2403 5256 τοὺς
2451 5191 2710 5260 ἀγγέλους
2750 5189 2912 5243 αὐτοῦ
2947 5189 3170 5262 θεωρεῖν
3217 5189 3280 5243 τδ
3315 5193 3483 5263 spem-

1909 5289 2067 5359 μένον
2102 5291 2197 5342 καὶ
2228 5287 2286 5340 τὸ
2316 5286 2602 5356 εἰλικρινὲς
2651 5284 2750 5355 τῆς
2791 5282 3064 5347 πολιτείας
3101 5285 3208 5337 τῶν
3241 5284 3346 5338 ὑπὸ
3391 5287 3482 5355 τῆς

1902 5383 2180 5452 δυνάμεως
2230 5378 2323 5432 τοῦ
2361 5379 2611 5449 Σωτῆρος
2650 5375 3067 5448 βελτιωθέντων,
3105 5378 3198 5429 καὶ
3225 5377 3373 5448 παρά
3424 5376 3479 5428 τὸ

290 5503 335 5533 ’³
363 5501 501 5556 Gen.
537 5515 612 5564 v1,
643 5499 698 5551 2.
770 5499 816 5530 ”
851 5496 1039 5551 Matth.
1075 5513 1197 5561 vm,
1248 5497 1337 5551 ιε.
1411 5499 1456 5531 ⁹⁵
1483 5499 1584 5553 lsa.
1615 5513 1652 5561 l,
1682 5498 1734 5552 2.

1986 5498 2014 5549 l.
2047 5496 2101 5550 4.
2175 5495 2218 5525 θ’
2249 5495 2264 5546 Ι
2293 5491 2416 5547 Cor.
2453 5507 2542 5556 xv,
2572 5490 2660 5544 55.

319 5617 408 5678 75)
433 5616 602 5670 Codd.
639 5617 964 5672 Bodleianus
1004 5625 1058 5670 et
1083 5617 1434 5681 Barberinus,
1474 5619 1802 5682 πολιτεύοιν-

225 5705 319 5738 τοι
365 5687 585 5752 Regius,
634 5704 950 5756 perperam,
986 5687 1290 5740 πολιτεύειν
1336 5691 1427 5752 τό,
1485 5689 1641 5756 cujus
1690 5691 1804 5746 loco

231 5757 458 5810 lluetius
491 5768 557 5807 ex
589 5757 900 5826 conjectura
926 5757 1137 5828 legebat
1161 5757 1525 5814 πολιτεύουσι.

1986 5617 2096 5688 (76)
2123 5616 2300 5688 Codex
2328 5614 2678 5688 Bodleianus,
2711 5622 2878 5683 recte,
2911 5613 3061 5688 ᾠήθη
3083 5632 3096 5644 ·
3125 5613 3323 5688 Regius
3352 5629 3471 5688 vero

1909 5683 2112 5757 νοηθῆ,
2147 5687 2299 5755 cujus
2317 5686 2444 5757 loco
2466 5683 2694 5757 lluetius
2722 5699 2789 5740 ex
2839 5683 3150 5755 conjectura
3198 5683 3299 5756 legi
3337 5684 3462 5740 vole-

1912 5754 2004 5814 bat
2033 5754 2222 5830 ἐνόησε
2246 5756 2328 5812 vel
2360 5754 2576 5828 ἐνοήθη.
