3702 6142
220 292 319 349 517

1279 290 1642 347 COMMENT.
1685 290 1748 344 IN
1785 290 1973 345 JUAN.
2011 289 2250 345 TOMUS
2288 288 2428 346 XIII.

3357 294 3462 349 518

217 406 432 480 ἐναργές
471 406 565 461 τοῦ
595 406 739 479 περὶ
761 406 857 461 τοῦ
896 405 1240 479 Δημιουργοῦ
1276 406 1455 475 λόγου,
1479 405 1558 459 ἔτι
1586 406 1643 459 δὲ
1696 423 1722 459 κ

1935 416 2104 460 aturxe
2125 405 2442 475 spiritualis,
2469 390 2743 477 quomodo
2776 419 2872 476 per
2898 404 3262 477 prodigiosam
3294 424 3462 477 appa—

217 499 361 572 παρὰ
389 499 488 572 τὴν
521 499 740 572 Γραφὴν
766 498 866 571 τὴν
880 498 1161 567 λέγουσανο
1198 518 1217 549 ι
1255 499 1318 551 Εἰ
1336 497 1667 569 κρυϐήσεται
1694 497 1785 551 ἄνα·

216 588 419 660 θρωπος
447 590 504 641 ἐν
530 588 836 660 κρυφαίοις,
865 585 1021 656 κάγὼ
1048 587 1148 641 οὐκ
1168 588 1368 659 ὄψομαι
1400 587 1595 652 adadv;
1627 606 1646 638 ι
1666 586 1781 640 καί’

218 699 236 731 ι
276 678 470 751 Κύριος
497 678 705 743 ἐτάζων
734 679 966 751 νεφροὺς
998 679 1093 733 καὶ
1121 678 1376 750 καρδίας;
1413 697 1433 731 ι
1471 676 1585 731 καί·
1628 697 1646 729 ι
1670 676 1784 730 Κύ-

217 790 320 845 ριος
362 771 644 841 γινώσκων
690 773 821 837 τοὺς
864 772 1247 844 διαλογισμοὺς
1294 770 1403 825 τῶν
1456 768 1778 842 ἀνθρώπων,

215 865 308 919 κᾶν
335 858 433 918 ὦσι
460 866 714 935 μάταιοι;
758 883 777 916 ι
814 864 940 929 Πῶς
967 864 1025 919 δὲ
1054 862 1217 918 σώσει
1250 863 1345 916 καὶ
1372 864 1453 917 τό·
1481 882 1500 914 ι
1537 863 1595 916 Ὀ
1626 858 1783 926 εἰδὼς

212 955 274 1008 τὰ
293 955 464 1009 πάντα
490 956 618 1027 πρὶν
645 954 912 1023 γενέσεως
938 953 1118 1007 αὐτῶν
1133 970 1149 1019 ;
1194 973 1213 1007 ι
1242 952 1323 1006 ἔτι
1365 953 1423 1007 δέ
1453 951 1651 1024 μᾶλλον
1672 954 1720 1006 εί
1746 954 1781 1024 ἡ

212 1044 357 1114 φύσις
379 1044 843 1118 χαρακτηρίζεται
876 1045 968 1098 τοῦ
1013 1045 1253 1109 ίαθέντος
1275 1045 1382 1099 ἀπὸ
1416 1044 1509 1098 τοῦ
1548 1044 1779 1117 ἀριθμοῦ

210 1136 301 1205 τῆς
334 1135 500 1207 ὥρας,
533 1138 619 1207 εῐη
650 1136 812 1207 φύσις
836 1137 936 1208 τῆς
966 1138 1162 1201 ἰάσεως
1201 1137 1460 1208 γινομένη
1486 1136 1564 1208 τῷ
1593 1138 1780 1208 οἰκείῳ

209 1228 268 1297 τῇ
301 1226 601 1281 ἀναπαύσει
632 1226 885 1300 ἀριθμῷ;
918 1228 991 1281 Τὸ
1032 1228 1090 1282 δὲ
1131 1227 1427 1300 διαφθορᾶς
1462 1224 1601 1282 εἶναι
1624 1228 1782 1300 ψυχι-

209 1318 328 1383 κῶν,
355 1320 445 1371 ἐπὶ
470 1318 614 1373 τέλει
649 1312 723 1372 ὧν
758 1319 1073 1392 ἐξεθέμεθα,
1104 1321 1197 1373 ὑπ’
1242 1319 1408 1373 αὐτοῦ
1451 1321 1777 1393 εἰρημένων,

206 1407 701 1480 ἀναγεγραμμένον,
737 1410 1021 1481 ὁμωνυμία
1054 1410 1335 1482 χρωμένου
1374 1411 1510 1475 ἐστὶ,
1536 1413 1630 1465 καὶ
1659 1412 1778 1465 ἐτέ-

210 1516 300 1570 ραν
326 1501 482 1569 φύσιν
509 1504 824 1572 εἰσάγοντος
849 1503 1136 1576 τετάρτην,
1171 1504 1308 1576 ὅπερ
1337 1504 1397 1557 οὐ
1431 1502 1699 1574 βούλεται.

1896 499 2147 554 ritionem
2202 498 2473 554 credidit?
2532 498 2674 568 quod
2730 498 2777 553 si
2836 514 2942 553 non
2978 499 3138 555 aliter
3170 516 3331 570 quam
3367 518 3465 571 per

1881 576 2283 658 apparitionem
2341 587 2705 659 prodigiosam
2751 590 2975 644 credere
3019 601 3251 659 poterat,
3274 606 3466 647 conse-

1895 682 2078 749 quitur
2103 681 2254 751 juxta
2282 680 2496 735 illorum
2527 682 2835 751 opinionem
2864 682 3029 736 etiam
3059 682 3234 752 ipsum
3258 684 3463 738 anima-

1895 770 1998 825 lem
2048 771 2235 827 fuisse.
2279 772 2442 843 277
2493 772 2599 828 Sed
2640 775 2912 842 quomodo
2961 790 3066 829 non
3100 775 3320 845 impium
3352 787 3460 842 est,

1892 873 1945 917 et
1969 873 2166 931 praeter
2190 867 2493 920 evidentem
2537 865 2801 919 rationem
2857 867 2921 920 de
2982 867 3169 920 mundi
3230 865 3460 938 Opiﬁce,

1889 955 2032 1023 quod
2060 964 2189 1009 ante
2224 957 2397 1024 ipsum
2428 956 2611 1009 mundi
2653 955 2913 1025 Opificem
2963 957 3136 1028 angeli
3163 958 3280 1028 ejus
3310 960 3463 1013 vide-

1888 1047 1997 1102 rint
2031 1062 2220 1102 sanmn
2253 1056 2307 1104 ct
2334 1047 2604 1104 sincerum
2654 1049 2869 1103 modum
2894 1049 3112 1106 vivendi
3147 1067 3333 1107 eorum
3366 1053 3460 1124 qui

1888 1149 2106 1207 propter
2155 1141 2445 1210 potentiam
2496 1139 2808 1196 Servatoris
2856 1142 3109 1198 meliores
3161 1143 3288 1198 facti
3344 1145 3462 1200 fue-

1889 1230 2018 1293 rint,
2068 1240 2254 1285 contra
2299 1230 2633 1301 Scripturam
2693 1233 2963 1288 dicentem
2998 1250 3011 1285 :
3042 1252 3061 1286 ι
3098 1234 3231 1289 Num
3278 1236 3464 1290 occul-

1888 1320 2090 1375 tabitur
2119 1324 2281 1378 homo
2307 1324 2359 1378 in
2393 1323 2528 1378 locis
2561 1324 2898 1391 latentibus,,
2915 1334 2969 1380 et
2994 1341 3097 1396 ego
3131 1343 3236 1383 non
3262 1328 3461 1382 videbo

1886 1427 2009 1466 eum
2038 1412 2117 1466 ³δῖ
2165 1433 2184 1465 ι
2219 1425 2274 1468 et
2305 1431 2321 1467 :
2379 1433 2398 1465 ι
2448 1414 2709 1471 Dominus
2760 1425 3013 1473 scrutaus
3046 1434 3222 1484 renes,
3251 1429 3303 1474 et
3334 1436 3461 1476 cor-

1886 1507 1950 1558 da
1981 1506 2062 1570 ’νς
2106 1524 2123 1557 ι
2155 1517 2209 1560 et
2235 1521 2250 1558 :
2299 1525 2317 1559 ι
2354 1507 2612 1563 Dominus
2638 1523 2966 1579 cognoscens
2987 1512 3339 1581 cogitationes
3364 1511 3460 1567 ho-

207 1597 418 1661 minum,
474 1599 734 1667 quoniam
783 1614 935 1655 rana:
987 1612 1113 1655 sunt
1141 1600 1194 1653 “.7
1225 1619 1245 1653 ι
1283 1600 1569 1668 Quomodo
1611 1602 1775 1655 etiam
1822 1611 2006 1656 servat
2049 1602 2179 1655 illud
2224 1617 2239 1655 :
2278 1621 2299 1655 ι
2331 1603 2433 1671 Qui
2484 1605 2631 1660 videt
2684 1606 2869 1662 omnia
2920 1619 3050 1664 ante
3089 1620 3267 1665 ortum
3316 1609 3460 1681 ipso-

205 1705 312 1744 rum
338 1695 380 1757 ²,
423 1712 441 1744 ι
475 1695 712 1750 maxime
736 1696 781 1751 si
812 1707 1003 1750 natura
1041 1697 1213 1751 sanati
1246 1697 1521 1765 designata
1568 1698 1636 1753 ab
1667 1698 1813 1752 horae
1849 1714 2091 1764 numero,
2129 1701 2201 1755 sit
2247 1710 2437 1757 natura
2486 1703 2867 1759 medicamenti
2905 1704 3046 1760 facta
3086 1721 3309 1760 numero
3368 1707 3462 1776 qui

203 1786 635 1840 armutmodatus
681 1798 768 1843 est
810 1788 877 1842 ad
909 1790 1186 1859 quietem?
1234 1789 1386 1857 Quod
1446 1805 1574 1845 vero
1626 1794 1891 1862 scriptum
1935 1803 2019 1849 est
2054 1805 2275 1866 propter
2335 1797 2736 1865 corruptionem
2792 1812 3003 1865 eorum,
3048 1798 3135 1867 qui
3179 1810 3305 1854 sunt
3338 1801 3462 1854 ani-

201 1877 390 1945 males,
448 1878 501 1933 in
548 1879 655 1935 (lue
708 1896 900 1936 eorum
950 1898 1069 1952 quae
1113 1883 1462 1954 exposuimus
1514 1885 1582 1939 ab
1635 1900 1702 1941 eo
1749 1886 1892 1940 dicta
1945 1888 2134 1953 luisse,
2175 1890 2533 1960 mquivocatio
2570 1890 2772 1945 utentis
2821 1901 2930 1957 est,
2969 1901 3023 1945 et
3064 1890 3462 1949 iutroducentis

197 1972 345 2026 aliam
399 1986 653 2043 quartam
706 1989 978 2041 naturam,
1039 1978 1183 2047 quod
1235 1980 1348 2048 ipse
1381 1995 1485 2033 non
1543 1982 1832 2049 approbat.

261 2062 344 2118 60.
376 2084 395 2115 ι
427 2065 601 2120 Τοῦτο
626 2066 682 2120 δὲ
716 2067 876 2121 πάλιν
919 2068 1168 2140 δεύτερον
1199 2073 1423 2141 σημεῖον
1459 2071 1713 2142 ἐποίησεν

1947 2077 2066 2133 60.‹
2101 2077 2210 2132 Hoc
2234 2086 2413 2131 autem
2438 2092 2627 2132 rursus
2652 2077 2867 2145 signum
2888 2077 3016 2134 fecit
3040 2084 3340 2137 secundum
3362 2080 3456 2138 Je-

208 2155 422 2226 Ἰησοῦς,
450 2156 626 2212 ἐλθὼν
652 2161 716 2213 ἐκ
745 2161 846 2233 τῆς
890 2160 1147 2225 Ἰουδαίας
1179 2163 1260 2226 είς
1287 2163 1389 2235 τὴν
1408 2162 1721 2221 Γαλιλαίαν.
1748 2184 1768 2218 ι

198 2247 266 2301 Τὸ
292 2250 449 2320 ῥητὸν
466 2249 770 2319 ἀμφίϐολόν
791 2253 928 2305 ἐστι’
966 2252 1220 2324 σημαίνει
1242 2254 1351 2326 γὰρ
1388 2253 1450 2307 τὸ
1479 2254 1577 2326 μὲν
1604 2254 1777 2309 τοιοῦ-

197 2356 300 2405 τον,
325 2342 382 2394 ἐν
419 2344 485 2412 τῇ
516 2342 628 2395 ἀπὸ
655 2342 755 2413 τῆς
808 2343 1067 2409 Ἰουδαίας
1094 2347 1175 2409 εἰς
1212 2345 1313 2417 τὴν
1336 2344 1626 2400 Γαλιλαίαν
1651 2348 1774 2399 ἐπι-

197 2430 358 2502 δημία
386 2434 415 2485 ό
462 2432 672 2503 Ἰησοῦς
710 2434 803 2488 δύο
844 2438 1046 2504 σημεῖα
1091 2437 1415 2507 πεποίηκεν,
1458 2431 1533 2490 ὧν
1558 2437 1621 2490 τὸ
1648 2439 1775 2511 περὶ

197 2520 284 2576 τὸν
310 2522 422 2576 υίδν
461 2523 560 2578 τοῦ
609 2523 889 2595 βασιλικοῦ
933 2526 1182 2600 δεύτερόν
1224 2530 1361 2582 ἐστι·
1398 2529 1490 2582 δύο
1522 2530 1630 2600 γὰρ
1680 2547 1776 2602 ση-

202 2616 362 2686 μείων
394 2617 508 2688 (77)
537 2616 710 2671 ὄντων
742 2618 777 2672 ἃ
801 2620 1056 2691 ἐποίησεν
1104 2622 1162 2674 ἐν
1204 2625 1268 2693 τῇ
1324 2622 1580 2694 Γαλιλαίᾳ
1612 2625 1641 2676 ό
1673 2624 1775 2693 Ἰη-

202 2707 338 2773 σοῦς,
361 2710 421 2762 τὸ
456 2708 710 2780 δεύτερον
726 2711 1026 2782 πεποίηκεν
1053 2711 1221 2766 ἐλθὼν
1239 2714 1347 2766 ἀπὸ
1378 2715 1477 2785 τῆς
1513 2714 1774 2779 Ἰουδαίας

198 2786 272 2860 ε’ἰς
312 2797 406 2869 τὴν
454 2799 768 2853 Γαλιλαίαν
800 2802 891 2855 καὶ
929 2801 1087 2855 τοῦτό
1118 2804 1181 2871 γέ
1211 2806 1322 2857 ἐστι
1351 2805 1413 2858 τὸ
1454 2804 1639 2858 δεκτὸν
1680 2807 1775 2859 καὶ

198 2888 385 2960 ἀληθές
414 2891 545 2961 (78)'
579 2892 644 2945 οὐ
692 2892 799 2964 γὰρ
825 2892 884 2946 τὸ
920 2893 1182 2965 πρότερον
1229 2896 1338 2950 ἀπὸ
1375 2897 1475 2966 τῆς
1515 2896 1773 2961 Ἰουδαίας

199 2983 273 3045 εἰς
301 2984 395 3054 τὴν
425 2984 722 3038 Γαλιλαίαν
772 2985 938 3039 ἐλθὼν
986 2988 1276 3058 πεποίηκε·
1312 2988 1374 3043 τὸ
1421 2989 1476 3042 δὲ
1511 2990 1773 3062 πρότερόν

199 3075 306 3129 ἐστι
334 3077 391 3130 τὸ
420 3079 551 3150 περὶ
566 3079 667 3150 τὴν
690 3080 989 3154 μεταϐολὴν
1010 3082 1105 3137 τοῦ
1136 3083 1328 3147 ὓδατος
1357 3085 1437 3148 εἰς
1457 3079 1619 3148 οἶνον,
1636 3085 1773 3156 ὅπερ

197 3170 405 3237 γέγονεν
436 3173 494 3224 ἐν
525 3174 594 3243 τῇ
624 3172 904 3245 ἐπαύριον·
935 3175 1074 3246 ὅπερ
1102 3174 1274 3228 αἴτιον
1299 3176 1513 3244 ἐγένετο
1538 3176 1631 3230 καὶ
1662 3176 1770 3245 (79)

195 3259 283 3314 τοῦ
318 3262 570 3334 Ἀνδρέαν
602 3265 696 3318 τὸν
724 3266 953 3335 ἀδελφὸν
987 3267 1230 3338 Σίμωνος
1267 3268 1495 3339 Πέτρου,
1532 3266 1773 3338 πυθόμε-

193 3369 275 3407 νον
306 3354 407 3408 ποῦ
440 3356 618 3426 μένει,
666 3358 791 3441 περὶ
838 3358 1072 3431 δεκάτην
1106 3359 1255 3431 ὤραν
1302 3359 1401 3430 τῆς
1434 3360 1643 3432 ἡμέρας
1677 3377 1773 3430 με·

1876 2184 1991 2233 sus,
2016 2170 2240 2224 veniens
2261 2184 2292 2223 a
2310 2166 2494 2223 Iudaea
2515 2170 2567 2223 in
2591 2168 2870 2225 Galilream
2898 2170 2941 2226 ³.
2985 2189 3004 2224 ι
3035 2171 3133 2227 llic
3171 2185 3459 2230 contextus

1875 2270 1960 2316 est
1991 2261 2315 2332 ambiguus;
2358 2262 2522 2315 habet
2577 2260 2721 2315 enim
2765 2261 2926 2316 talem
2974 2262 3455 2333 significationem.

1875 2354 2028 2423 quasi
2061 2351 2221 2408 Iesus
2254 2352 2363 2406 duo
2391 2352 2544 2423 signa
2576 2351 2788 2416 fecerit,
2819 2367 2941 2407 cum
2977 2354 3187 2409 veniret
3216 2371 3243 2407 a
3267 2354 3452 2411 Judzea

1877 2445 1929 2498 in
1959 2442 2259 2510 Galilaeam,
2287 2457 2518 2512 quorum
2553 2443 2766 2512 signum
2801 2444 2868 2497 de
2901 2445 3016 2498 lilio
3047 2446 3217 2516 reguli
3247 2447 3319 2501 sit
3360 2463 3453 2503 se-

1875 2535 2107 2587 cundum
2141 2549 2156 2586 :
2190 2544 2244 2587 et
2277 2534 2422 2603 quod
2454 2534 2559 2590 dtto
2590 2534 2743 2604 signa
2771 2551 2892 2588 cum
2930 2537 3039 2590 sint
3082 2552 3203 2606 quae
3258 2538 3455 2595 fecerit

1873 2621 2034 2678 Jesus
2070 2622 2122 2676 in
2163 2621 2414 2687 Galilaea,
2456 2624 2751 2677 secundum
2800 2622 3008 2690 fecerit,
3054 2625 3274 2678 veniens
3301 2639 3331 2681 a
3357 2622 3454 2681 Iu-

1875 2716 1986 2768 daea
2018 2714 2070 2767 in
2111 2711 2425 2767 Galilaeam:
2463 2720 2652 2781 estque
2687 2716 2788 2765 hoc
2819 2723 3090 2781 receptum
3128 2723 3182 2767 et
3212 2728 3442 2777 verum;

1874 2820 2051 2875 neque
2099 2804 2245 2859 enim
2284 2818 2406 2857 cmn
2444 2804 2884 2873 proﬁcisceretur
2911 2819 2940 2857 a
2977 2802 3164 2858 Iudaea
3214 2806 3266 2858 in
3306 2804 3451 2859 Gali-

1873 2897 2048 2960 laeam,
2102 2896 2334 2966 primum
2391 2896 2540 2961 fecit,
2597 2898 2690 2950 sed
2753 2896 2982 2964 primttm
3046 2895 3174 2951 fecit
3233 2897 3454 2964 quando

1875 2991 2102 3043 mutavit
2145 3006 2340 3060 aquam
2378 2990 2430 3043 in
2460 2991 2640 3042 vinum
2680 3004 2695 3040 :
2730 2986 3044 3054 factumque
3092 2997 3177 3041 est
3228 2999 3447 3055 postera

1874 3078 1981 3146 die,
2011 3077 2217 3147 fuitque
2256 3078 2421 3132 etiam
2450 3077 2503 3131 in
2537 3093 2697 3132 causa
2727 3091 2783 3131 ut
2825 3076 3096 3141 Andreas,
3156 3077 3325 3133 frater
3359 3077 3450 3133 Si-

1872 3174 2048 3227 monis
2082 3171 2248 3238 Pelri,
2287 3171 2632 3241 interrogans
2665 3170 2754 3225 ubi
2804 3177 3069 3236 maneret,
3118 3170 3265 3225 circa
3303 3170 3454 3227 deci-

1872 3280 2015 3319 mam
2051 3264 2154 3319 diei
2186 3264 2374 3320 horam
2413 3263 2556 3332 apud
2598 3261 2882 3316 Dominum
2925 3271 3172 3317 maneret
3207 3262 3260 3330 ‘;
3307 3263 3449 3318 scri-

1873 3367 2025 3427 ptum
2069 3367 2153 3411 est
2194 3356 2389 3412 enim:
2425 3372 2444 3405 ι
2479 3354 2757 3409 Postridie
2805 3354 2973 3410 voluit
3011 3355 3166 3409 exire
3213 3357 3267 3408 In
3300 3352 3451 3410 Gali-

195 3451 478 3521 μενηκέναι
521 3452 678 3525 παρὰ
724 3436 802 3525 τῷ
844 3455 1055 3527 Κυρίῳο
1104 3456 1414 3528 γέγραπται
1459 3456 1588 3528 γάρ’
1633 3476 1650 3507 ι
1688 3457 1722 3509 Ἰ

1935 3464 2048 3513 ram,
2077 3457 2133 3503 et
2163 3447 2370 3501 invenit
2408 3445 2716 3513 Philippum
2745 3445 2788 3499 ⁸.
2822 3462 2843 3498 ι
2878 3442 2987 3499 Sed
3028 3444 3148 3500 vide
3196 3460 3324 3500 num
3365 3445 3450 3500 in-

191 3538 440 3611 ἐπαύριον
483 3543 755 3615 ἠθέλησεν
804 3542 1037 3610 ἐξελθεῖν
1075 3550 1158 3611 είς
1184 3548 1285 3619 τὴν
1314 3547 1626 3609 Γαλιλαίαν,
1674 3547 1770 3600 καὶ

193 3630 426 3701 εὑρίσκει
451 3634 737 3688 Φίλιππον.
788 3655 806 3686 ι
844 3636 986 3706 Ὅρα
1027 3636 1091 3709 δὴ
1118 3638 1217 3709 τὴν
1250 3637 1560 3708 οἰκονομίαν
1592 3637 1639 3689 εἰ
1675 3636 1763 3688 δῖα

192 3720 394 3790 νάμεθα
420 3725 634 3795 νοῆσαι,
654 3725 731 3797 τῷ
764 3725 860 3779 καὶ
895 3725 1393 3798 ἐπισεσημειῶσθαι
1424 3726 1515 3779 τὸν
1546 3726 1770 3794 εὐαγγε-

189 3811 366 3886 λιστὴν
396 3816 524 3888 περὶ
562 3817 656 3870 τοῦ
690 3816 939 3889 δεύτερον
972 3818 1131 3872 τοῦτο
1169 3818 1231 3871 τὸ
1273 3821 1498 3889 σημεῖον
1550 3817 1769 3886 γεγονέ-

191 3923 293 3972 ναι,
316 3909 671 3973 κατελθόντος
695 3911 803 3964 ἀπὸ
818 3911 918 3982 τῆς
955 3910 1214 3974 Ἰουδαίας
1243 3912 1322 3976 εἰς
1348 3912 1446 3982 τὴν
1478 3907 1768 3965 Γαλιλαίαν

188 3996 275 4051 τοῦ
305 3999 533 4071 Κυρίου.
578 4000 869 4074 Ἐλέγομεν
896 4002 954 4056 δὲ
981 4004 1040 4055 ἐν
1071 4005 1184 4066 τοῖς
1212 4002 1474 4072 ἀνωτέρω
1510 3999 1767 4055 δύνασθαι

188 4091 278 4154 τὰς
304 4091 395 4144 δύο
437 4095 517 4156 εἰς
546 4093 648 4164 τὴν
685 4091 839 4149 Κανᾶ
881 4088 971 4142 τοῦ
1005 4095 1257 4166 Σωτῆρος
1291 4094 1447 4166 ἡμῶν
1474 4092 1768 4165 ἐπιδημίας

188 4182 262 4243 εἰς
300 4182 565 4253 ώμόολον
590 4184 963 4261 ,λαμϐάνεσθαι
987 4187 1096 4240 τῶν
1121 4186 1213 4240 δύο
1243 4184 1406 4239 αὑτοῦ
1434 4189 1512 4249 εἰς
1537 4184 1633 4255 τὴν
1663 4183 1766 4255 γῆν

188 4273 503 4345 ἐπιδημῶν,
548 4277 674 4347 ἥτις
716 4275 870 4348 παρὰ
908 4276 968 4330 τὸ
1012 4277 1198 4349 κτῆμα
1243 4277 1408 4331 αὑτοῦ
1460 4275 1764 4345 γεγονέναι,

188 4364 463 4435 εἰληφότος
492 4370 675 4423 πᾶσαν
708 4369 956 4436 ἐξουσίαν
986 4369 1062 4433 t'o;
1087 4372 1146 4423 ἐν
1165 4369 1378 4442 οὐρανῷ
1403 4370 1497 4424 καὶ
1526 4370 1619 4422 ἐπὶ
1640 4369 1763 4440 γῆς,

188 4456 338 4512 Κανᾶ
360 4459 656 4533 ὠνομάσθη
683 4460 818 4530 (80).
850 4462 928 4533 Τῇ
966 4461 1064 4531 μὲν
1104 4457 1198 4514 οὖν
1227 4461 1469 4533 προτέρᾳ
1502 4460 1766 4532 ἐπιδημίᾳ.

191 4548 321 4617 μετὰ
368 4550 430 4603 τὸ
482 4550 707 4623 λουτρὸν
762 4552 909 4622 ἡμᾶς
950 4552 1230 4624 εὐφραίνει
1281 4551 1766 4622 συνδιαιτωμένους

189 4639 350 4711 αὐτῷ,
400 4642 495 4696 καὶ
544 4642 719 4708 διδοὺς
748 4644 843 4698 τοῦ
873 4646 939 4699 ἐκ
973 4645 1073 4717 τῆς
1104 4643 1385 4715 δυνάμεως
1424 4642 1589 4697 αὑτοῦ
1624 4643 1764 4696 οἴνου

1873 3540 2113 3611 telligere
2167 3538 2438 3609 possimus
2492 3536 2850 3593 (economiam
2886 3552 2899 3587 :
2933 3550 2997 3591 eo
3045 3537 3190 3606 quod
3242 3537 3452 3593 portarit

1868 3634 2033 3688 etiam
2076 3632 2408 3702 evangelista
2452 3632 2556 3687 hoc
2613 3630 2909 3687 secundum
2964 3630 3181 3699 signum
3232 3628 3440 3684 factum

1868 3724 2039 3779 fuisse
2065 3737 2190 3778 cum
2220 3723 2577 3794 descenderet
2620 3720 2884 3776 Dominus
2914 3737 2945 3776 a
2975 3719 3157 3776 Iudaea
3206 3722 3258 3776 in
3290 3719 3445 3778 Gali-

1871 3816 2045 3872 laeam.
2082 3815 2328 3871 Diximus
2357 3824 2537 3870 autem
2574 3814 2629 3869 in
2665 3814 3042 3883 superioribus
3074 3816 3208 3869 duos
3241 3814 3442 3870 Serva-

1870 3909 2005 3965 toris
2028 3908 2198 3965 nostri
2247 3908 2514 3962 adventus
2560 3906 2617 3961 in
2660 3905 2866 3962 Canam
2918 3904 3092 3972 accipi
3126 3919 3288 3973 posse
3340 3919 3445 3974 pro

1869 4000 2078 4053 duobus
2109 3998 2278 4068 ipsius
2321 4011 2488 4066 super
2520 4007 2719 4051 terram
2763 3996 3085 4051 adventibus
3120 4011 3133 4047 :
3166 4010 3285 4065 quae
3319 3996 3445 4066 qui-

1868 4089 1988 4144 dem
2021 4099 2187 4153 tcrra,
2215 4088 2343 4157 quia
2371 4088 2512 4143 facta
2545 4088 2619 4143 sit
2645 4087 2925 4159 possessio
2950 4083 3087 4153 ejus,
3116 4086 3208 4154 qui
3234 4086 3448 4156 accepit

1866 4190 2193 4251 potestatem
2225 4194 2464 4245 onmem,
2499 4179 2572 4235 ita
2605 4180 2658 4233 in
2695 4188 2862 4242 terra,
2886 4178 3340 4249 quemadmolum
3389 4177 3444 4233 in

1867 4272 2006 4327 caelo
2038 4271 2082 4335 ',
2124 4271 2327 4325 idcirco
2360 4271 2519 4324 Κανᾶ
2575 4269 2840 4340 appellata
2874 4277 2978 4325 est.
3034 4267 3218 4323 Primo
3260 4269 3448 4339 itaque

1866 4363 2099 4417 adventu
2133 4376 2230 4416 nos
2266 4371 2387 4431 post
2427 4362 2700 4415 lavacrum
2752 4376 2875 4415 cum
2929 4360 3049 4430 ipso
3084 4360 3441 4416 convivantes

1866 4452 2161 4521 exhilarat,
2196 4454 2357 4506 etiam
2393 4452 2604 4507 donans
2635 4459 2693 4504 ut
2736 4451 2985 4522 bibamus
3029 4465 3061 4506 e
3098 4450 3227 4505 vino
3259 4460 3446 4521 poten-

1868 4548 1956 4601 tiae
1989 4561 2120 4614 suae,
2148 4545 2292 4616 quod
2318 4544 2541 4613 quidem
2572 4557 2715 4613 aqua
2743 4552 2864 4597 erat
2905 4541 3121 4611 quando
3155 4541 3446 4596 haurieba-

1868 4649 1955 4695 tur
1985 4649 2180 4701 antea;
2231 4635 2399 4707 278
2425 4636 2521 4690 sed
2573 4636 2753 4688 vinum
2787 4633 2934 4689 facta
2967 4646 3072 4698 est,
3104 4634 3319 4704 quando
3348 4633 3446 4687 im-

191 4736 346 4800 πιεῖν,
399 4732 593 4799 ὕδατος
627 4737 726 4806 μὲν
769 4739 1144 4809 τυγχάνοντος,
1177 4737 1266 4790 ὅτε
1312 4734 1541 4807 ἠντλητο
1572 4734 1722 4805 πρότε

1935 4728 2100 4782 ntavit
2156 4726 2305 4780 illam
2372 4723 2553 4781 Jesus.
2610 4724 2824 4779 Etenim
2877 4739 3004 4779 vere
3079 4734 3207 4778 ante
3255 4720 3442 4778 Jesum

192 4840 297 4893 poV°
342 4826 486 4880 οἴνου
516 4826 575 4880 δὲ
622 4828 939 4899 γενομένου,
966 4830 1054 4883 ὅτε
1097 4827 1230 4882 αὐτὸ
1261 4826 1371 4899 (81)
1406 4826 1722 4898 μετεποίησε

1935 4820 2154 4889 :riptura
2202 4825 2321 4873 erat
2348 4831 2519 4887 aqua;
2550 4815 2713 4871 simul
2757 4825 2939 4870 autem
2965 4823 3129 4885 atque
3161 4816 3306 4871 venit
3345 4812 3443 4869 Je~

199 4915 418 4987 Ἰησοῦς.
454 4918 568 4972 Καὶ
606 4919 717 4991 γάρ
745 4919 961 4992 ἀληθῶς
1001 4920 1109 4991 πρὸ
1143 4920 1241 4990 μὲν
1283 4917 1458 4989 Ἰησοῦ
1506 4918 1540 4987 ἡ
1571 4917 1762 4989 Γραφὴ

188 5002 324 5077 ὕδωρ
372 5003 462 5078 ἦν·
496 5008 689 5063 ἀπὸδὲ
720 5008 816 5063 τοῦ
870 5009 1046 5081 Ἰησοῦ
1089 5005 1231 5071 οἶνος
1266 5010 1401 5079 ἡμῖν
1447 5006 1755 5078 γεγένηται.

186 5095 261 5168 Τῇ
304 5097 360 5152 δέ
385 5098 618 5172 δευτέρᾳ
646 5100 756 5172 (82)
789 5101 1053 5173 ἐπιδημίᾳ
1103 5100 1329 5155 ἀπολύει
1360 5099 1453 5154 τοῦ
1502 5099 1759 5171 πυρετοῦ,

1869 4928 1984 4977 sus,
2014 4913 2153 4967 facta
2192 4926 2277 4966 εει
2318 4909 2473 4965 nobis
2502 4909 2709 4968 vinum.
2739 4908 2987 4965 Secundo
3022 4924 3152 4964 vero
3198 4908 3438 4963 adventu

1867 5004 2061 5087 liberat
2116 5018 2147 5057 a
2178 5002 2335 5070 febri,
2396 5013 2639 5071 tempore
2666 5001 2892 5071 judicii,
2948 5001 3092 5072 quod
3142 4999 3216 5055 illi
3257 5015 3287 5053 a
3327 4997 3439 5054 Deo

1869 5096 2241 5155 concreditum
2267 5095 2372 5152 fuit
2397 5103 2456 5152 ut
2475 5095 2709 5167 judicet,
2739 5094 2979 5151 liberans
3004 5109 3034 5148 a
3068 5092 3205 5149 febri
3237 5101 3293 5147 et
3311 5104 3440 5161 per-

253 5235 299 5268 ⁹⁶
318 5232 522 5290 Jerem.
552 5250 709 5300 mu,
738 5237 829 5290 24.
878 5236 923 5269 ’³
947 5235 1087 5290 Psal.
1114 5252 1208 5303 vn,
1238 5235 1321 5289 10.
1400 5235 1417 5267 ⁸
1445 5234 1586 5291 I’sal.
1615 5249 1722 5291 xcu

1950 5233 2262 5304 ’Dan.xut,
2283 5235 2377 5291 42.
2451 5234 2474 5268 ³
2494 5233 2653 5291 Joan.
2676 5233 2859 5303 tv,5I.
2937 5231 3134 5288 ‘Joan.
3156 5246 3196 5296 ι,
3224 5229 3314 5296 38,
3343 5229 3435 5288 39.

186 5305 211 5341 ⁵
241 5305 366 5360 ibid.
390 5306 484 5361 «I5.
565 5304 586 5336 ⁸
607 5305 798 5361 Mattb.
828 5321 1018 5372 xxvut,
1044 5305 1130 5361 I8.

256 5444 364 5517 (7?)
385 5444 577 5517 Codex_
595 5444 936 5517 Bodleianus,
958 5444 1051 5499 δύο
1082 5445 1190 5517 γὰρ
1220 5444 1460 5516 σημείων
1484 5459 1500 5475 ·
1533 5442 1749 5514 Regius,

188 5511 640 5594 'nbfé‘ctfrotoﬁco
674 5516 933 5594 σημείων.
972 5584 996 5594 _
1162 5511 1173 5517 ’
1409 5583 1463 5594 Π
1674 5583 1686 5594 _

189 5665 221 5707 ο
390 5586 573 5707 Cotile);
596 5582 939 5652 Bodléianus,
968 5584 1153 5640 δεκτὸν
1180 5586 1273 5639 καὶ
1299 5583 1527 5656 ἀληθές·
1553 5582 1757 5649 Regius

226 5669 338 5708 IIIISI
381 5671 453 5707 κα
482 5693 499 5709 .

260 5744 370 5818 (ἳ9)
399 5746 586 5817 Ὅπερ
611 5749 803 5804 αἴτιον
825 5748 1062 5819 ἐγένετο
1087 5747 1207 5802 καί.
1258 5747 1417 5804 Deest
1463 5746 1517 5801 in
1564 5744 1757 5802 codice

1870 5440 2063 5510 Regio,
2098 5442 2191 5495 sed
2223 5441 2420 5510 legitur
2449 5442 2504 5497 in
2545 5441 2860 5500 Bodleiano.

1934 5511 2045 5583 (80)
2074 5511 2241 5567 Κανᾶ
2261 5511 2601 5583 ὠνομάσθη.
2639 5517 2681 5568 Α
2706 5524 2831 5601 mp,
2860 5530 2881 5565 ι
2914 5512 3170 5583 possedit.
3210 5532 3231 5568 ι

1934 5603 2048 5674 (8i)
2070 5603 2407 5676 Bodleianus
2437 5607 2608 5661 codex
2634 5607 2786 5671 αὑτό,
2820 5606 3021 5676 Regius
3063 5618 3119 5661 et
3178 5606 3433 5664 Barbert-

1863 5690 1987 5735 nus,
2022 5673 2207 5731 αὐτόν.
2424 5688 2439 5695 ‘

1936 5743 2045 5816 (εἳ)
2084 5743 2161 5815 Τῇ
2199 5744 2267 5800 δὲ
2294 5744 2560 5816 δευτέρᾳ.
2594 5746 2650 5802 In
2679 5746 2849 5817 Regio
2883 5748 3071 5804 codice
3103 5749 3247 5806 deest
3282 5748 3363 5805 δέ.
