3702 6142
283 289 388 344 519

1732 286 2054 346 ORIGENIS

3417 292 3518 346 5‘20

227 476 230 479 λ
278 418 414 467 l'ccte
445 426 643 465 sanans
672 409 842 481 reguli
876 408 1070 476 lilium,
1097 411 1213 466 sive
1244 411 1498 478 Abrahae,
1547 411 1659 466 sive
1688 411 1838 481 prin-

2033 408 2084 461 τὰ
2121 407 2210 460 τὸν
2244 406 2435 476 καιρὸν
2484 407 2582 478 τῆς
2633 406 2867 477 κρίσεως
2891 396 2958 478 ἣν
2984 407 3276 479 ἐπιστεύθη
3319 410 3518 480 κρίνειν

202 502 210 518 ³
246 503 410 573 _cipis
463 499 688 570 alicujus
743 501 834 571 qui
872 501 1091 572 regulus
1126 501 1452 559 nominetur.
1486 502 1553 558 Et
1579 503 1695 559 haec
1725 503 1846 573 qui-

226 570 395 662 idem
448 592 612 647 veluti
661 570 1038 662 prmitereundo
1088 592 1398 661 superiores
1440 570 1842 664 expositiones;

276 701 508 756 quarum
535 687 791 756 quoniam
825 699 1096 741 memores
1119 700 1219 741 nos
1244 699 1366 742 esse
1394 695 1629 755 oportet,
1660 686 1847 742 dicen-

275 778 401 831 dum
436 787 520 832 est
570 777 687 832 ﬁeri
716 792 877 848 posse
907 787 964 831 ut
993 779 1173 833 omnis
1198 788 1453 833 creatura
1486 777 1751 848 duplicem
1781 778 1846 832 il-

274 868 379 923 lius
411 874 700 923 adventum
749 867 892 923 hunc
921 869 987 921 ad
1027 883 1086 924 se
1111 868 1435 925 consideret.
1488 869 1726 924 Proinde
1765 868 1847 923 in-

272 959 472 1029 spicies
530 975 659 1014 num
715 960 1035 1030 principalis
1069 961 1335 1015 dicendus
1368 961 1440 1015 sit
1489 959 1591 1015 hac
1637 960 1844 1014 ratione

272 1054 504 1124 primus,
534 1067 767 1122 sequens
792 1067 920 1108 vero
950 1054 1222 1108 secundus
1255 1067 1270 1106 :
1296 1053 1431 1108 adeo
1459 1063 1517 1106 ut
1541 1052 1593 1106 in
1640 1051 1843 1121 princi-

273 1153 379 1220 pali
412 1150 783 1205 exhilarentnr
808 1151 860 1204 hi
889 1151 979 1219 qui
1008 1164 1131 1205 eum
1156 1152 1493 1220 receperint;
1519 1151 1570 1203 iu
1603 1149 1842 1205 secundo

272 1256 402 1296 vero
438 1241 735 1296 liberentur
763 1245 834 1296 ab
867 1240 1013 1295 omni
1044 1241 1233 1295 morbo
1264 1248 1319 1295 et
1346 1240 1414 1295 ab
1449 1239 1632 1311 ignitis
1662 1240 1844 1292 inimi-

271 1334 319 1387 ci
347 1334 564 1405 sagittis
601 1333 656 1388 hi
695 1333 785 1402 qui
831 1332 1121 1387 noluerant
1169 1340 1326 1385 antea
1366 1335 1432 1386 de
1458 1331 1576 1400 ejus
1610 1332 1733 1387 vino
1760 1331 1844 1387 bi-

272 1425 421 1509 bere;
456 1425 520 1478 Et
549 1424 780 1494 primum
811 1425 1033 1494 quidem
1063 1424 1384 1478 miraculum
1413 1423 1702 1479 indivisutn
1734 1431 1839 1487 est,

272 1531 398 1570 nam
425 1516 586 1570 Cana:
610 1526 692 1571 est
722 1527 775 1570 et
800 1516 890 1585 qui
924 1531 1120 1586 aquam
1151 1516 1315 1569 vertit
1341 1515 1394 1570 in
1422 1515 1629 1580 viuum,
1662 1526 1717 1568 et
1749 1516 1840 1583 qui

270 1608 498 1672 bibunt;
529 1608 828 1663 secundum
855 1623 981 1663 vero
1010 1607 1332 1662 miraculum
1360 1609 1649 1675 quamdam
1679 1606 1839 1662 veluti

271 1701 669 1770 separatiouem
723 1700 934 1761 habet:
977 1715 1102 1753 nam
1154 1698 1296 1754 [ilius
1350 1698 1521 1766 reguli
1567 1708 1840 1770 aegrotans

270 1807 377 1847 non
408 1801 525 1846 erat
561 1793 650 1846 ubi
684 1789 844 1846 Jcsus
877 1807 890 1843 :
929 1806 1033 1845 non
1063 1789 1206 1844 enim
1232 1798 1352 1843 erat
1386 1790 1438 1843 in
1464 1788 1634 1855 Cana,
1661 1791 1754 1844 sed
1787 1790 1838 1844 in

267 1884 589 1952 Capharnao
625 1900 639 1936 :
670 1893 726 1938 et
780 1898 965 1937 sermo
1015 1882 1231 1951 quidem
1290 1881 1552 1950 potentiae
1606 1896 1635 1935 a
1690 1880 1839 1937 Caua

268 1974 565 2044 egreditur,
608 1988 729 2027 nam
761 1992 778 2025 ι
800 1971 972 2028 Filius
997 1982 1120 2026 tuus
1149 1971 1317 2026 vivit'
1338 1990 1356 2023 ι
1386 1971 1439 2025 in
1461 1971 1607 2027 Cana
1635 1971 1838 2026 dictum

268 2076 380 2132 est;
410 2080 546 2135 opus
578 2079 707 2119 vero
729 2065 992 2119 sermonis
1019 2062 1318 2118 eilicituriu
1344 2063 1700 2134 Capharuao;
1732 2064 1841 2118 illic

269 2156 413 2210 enim
447 2164 681 2224 :rgrotus
733 2155 900 2224 reguli
932 2154 1074 2209 [ilius
1125 2170 1379 2210 sermone
1441 2154 1570 2210 .Iesu
1620 2169 1842 2212 curatus

269 2255 350 2298 est
396 2264 413 2296 ι
447 2245 579 2298 hora
607 2245 833 2313 septima
866 2243 888 2275 ⁸
918 2261 934 2310 ;
972 2262 988 2295 ι
1039 2245 1450 2315 invenimnsque
1483 2248 1624 2299 hunc
1664 2261 1692 2300 a
1724 2262 1843 2301 ser-

270 2351 432 2391 mone
476 2346 749 2402 curatum,
784 2337 871 2391 cui
924 2351 1029 2391 non
1085 2338 1379 2406 putabatur
1431 2336 1593 2394 Jesus
1622 2340 1837 2403 adesse,

270 2438 432 2496 atque
453 2428 616 2481 etiam
657 2429 990 2483 centurionis
1028 2443 1269 2486 servum.
1307 2431 1518 2485 Etenim
1553 2435 1739 2503 procul
1772 2433 1842 2488 ab

272 2520 365 2574 illo
386 2535 506 2574 cum
534 2527 701 2586 esset,
726 2535 832 2574 non
856 2520 1213 2589 proﬁciscitur
1243 2522 1505 2579 Dominus
1530 2527 1597 2581 ad
1622 2528 1838 2581 donmm

270 2605 628 2670 centurionis,
662 2605 753 2675 qui
777 2606 953 2660 dixit:
990 2624 1009 2659 ι
1040 2607 1287 2674 Domine,
1320 2625 1423 2663 non
1448 2627 1568 2666 sum
1595 2612 1840 2682 idoneus,

273 2706 333 2752 ut
359 2696 462 2752 sub
497 2706 696 2752 tectum
726 2713 903 2751 meum
961 2698 1155 2761 intres.
1187 2703 1281 2755 sed
1330 2712 1536 2756 tantum
1580 2704 1669 2758 dic
1715 2719 1839 2760 ver-

272 2791 423 2856 bum,
449 2799 505 2845 et
527 2791 812 2846 sanabitur
835 2807 967 2860 puer
992 2807 1144 2848 meus
1172 2794 1193 2827 °
1223 2810 1239 2859 ;
1276 2812 1297 2847 ι
1328 2805 1551 2864 propter
1574 2797 1717 2866 quod
1761 2800 1841 2853 in-

273 2882 475 2952 quitad
499 2883 701 2952 ipsum:
733 2901 751 2935 (
786 2883 956 2949 Vade,
985 2893 1042 2939 et
1062 2894 1120 2937 ut
1146 2884 1449 2953 credidisti,
1479 2887 1574 2942 liat
1600 2889 1697 2944 tibi
1721 2888 1788 2944 ¹⁶.
1815 2907 1836 2942 ι

272 2972 689 3030 Observavimus
739 2985 919 3030 autem
982 2984 1240 3044 utrosque
1285 2988 1614 3048 aegrotantes
1655 2982 1709 3036 in
1739 2981 1845 3037 Ca-

272 3069 518 3140 pharnao
549 3066 729 3128 fuisse,
760 3068 973 3123 scilicet
999 3071 1167 3140 reguli
1212 3070 1377 3124 lilium
1422 3085 1476 3127 et
1505 3074 1841 3130 centurionis

273 3174 507 3214 servum.
557 3159 697 3225 Quin
729 3174 920 3214 socrus
946 3161 1109 3216 etiam
1160 3161 1302 3216 Petri
1348 3173 1643 3233 prostrata,
1703 3164 1841 3220 febri

274 3250 554 3304 laborabat
601 3252 653 3305 in
711 3251 1055 3321 Capharnao,
1110 3253 1262 3322 cujus
1321 3270 1514 3310 manus
1553 3271 1674 3310 cum
1716 3258 1842 3313 atti-

273 3342 461 3410 gisset,
523 3352 847 3412 prostratam
880 3345 1118 3407 sanavit,
1168 3344 1302 3401 adeo
1351 3356 1408 3401 ut
1438 3360 1619 3402 erecta
1682 3345 1844 3401 mini-

283 3433 569 3491 straretilli
606 3433 674 3487 ¹¹.
740 3434 807 3488 Ει
840 3432 896 3488 1ιὶ
931 3436 1148 3505 quidem
1206 3438 1294 3492 die
1322 3438 1619 3494 ex'sisteute
1671 3441 1841 3495 curati

273 3526 425 3582 fuere
462 3528 514 3580 in
547 3526 889 3597 Capharnao,
920 3543 1044 3581 nam
1070 3530 1238 3599 reguli
1263 3530 1402 3585 lilins
1430 3531 1561 3585 hora
1588 3533 1838 3602 septima,

274 3621 611 3676 centurionis
636 3632 817 3676 autem
852 3635 1042 3677 servus
1084 3632 1138 3677 et
1164 3621 1312 3678 Petri
1358 3638 1546 3679 socrus
1598 3635 1725 3679 ante
1754 3640 1843 3679 ve-

272 3727 508 3783 speram.
536 3736 554 3765 |
583 3713 819 3783 Vespera
850 3728 980 3769 vero
1018 3713 1184 3778 facta,
1218 3733 1237 3767 ι
1271 3714 1417 3784 juxta
1450 3715 1758 3772 Matthteum
1778 3719 1843 3785 ⁸⁸,

280 3821 300 3855 ι
330 3805 629 3859 attulerunt
663 3806 737 3860 illi
769 3823 788 3858 ι
820 3806 872 3860 in
902 3805 1227 3876 Capharnao
1254 3827 1270 3859 ι
1307 3808 1508 3865 multos
1537 3824 1566 3862 a
1598 3810 1845 3865 dzemone

275 3900 495 3955 vexatos
519 3918 532 3952 :
564 3901 893 3972 spiritusque
912 3903 1070 3969 ejecit
1092 3917 1368 3971 sermone,
1389 3920 1686 3975 oumesque
1705 3904 1846 3961 male

274 3989 440 4060 279
476 3991 735 4046 habentes
759 3993 989 4048 curavit.
1016 4012 1034 4046 ι
1063 3993 1297 4049 Tardius
1325 4009 1455 4065 ergo
1489 3996 1730 4066 quidam,
1758 4010 1849 4052 ce-

275 4084 443 4137 lcrius
471 4082 559 4136 alii
595 4093 854 4137 curantur
882 4099 911 4136 a
937 4082 1063 4137 Jesu
1094 4101 1106 4137 :
1145 4084 1236 4153 qui
1270 4084 1414 4139 enim
1461 4101 1707 4156 vespere,
1734 4095 1848 4143 tar-

275 4176 396 4230 dius
414 4174 909 4245 curautur,quippe
947 4175 1036 4244 qui
1074 4175 1139 4229 iis
1172 4176 1264 4246 qui
1290 4177 1355 4230 in-
1374 4176 1461 4233 die
1488 4179 1663 4233 curati
1701 4189 1847 4247 sunt,

278 4265 564 4320 inferiores
589 4266 731 4330 sint;
768 4280 891 4319 nam
926 4281 954 4317 a
987 4266 1231 4319 daamoue
1274 4276 1560 4332 vexantur,
1597 4277 1653 4322 et
1709 4269 1850 4325 male

280 4357 501 4412 habent.
543 4355 781 4411 Proinde
833 4357 1266 4411 contendendum
1305 4358 1463 4413 nobis
1502 4368 1605 4426 est,
1639 4370 1695 4413 ut
1726 4374 1853 4415 con-

1945 499 2055 554 ἀπὸ
2097 498 2190 552 τοῦ
2240 496 2399 560 Θεοῦ,
2434 496 2683 551 ἀπολύων
2730 497 2825 550 τοῦ
2873 498 3130 570 πυρετοῦ,
3166 499 3260 552 καὶ
3299 500 3519 570 ἰώμενος,

1946 589 2220 654 παντελῶς
2252 590 2340 643 τὸν
2359 589 2453 642 τοῦ
2481 589 2757 660 βασιλικοῦ
2791 591 2925 654 υἱὸν,
2951 590 3064 644 εἴτε
3108 591 3379 663 Ἀϐραὰμ,
3413 592 3516 645 εἴτε

1945 682 2202 756 ἄρχοντός
2245 700 2386 746 τινος
2425 682 2829 754 ὀνομαζομένου
2863 682 3162 754 βασιλικοῦ.
3197 684 3308 738 Καὶ
3350 683 3518 739 ταῦτα

1948 775 2048 846 μὲν
2065 773 2142 837 ὡς
2169 774 2304 845 πρός
2331 791 2451 829 τινα
2468 775 2716 846 διήγησιν
2747 775 3107 847 παρεξιοῦσαν
3132 777 3243 847 (85)
3272 776 3374 839 τὰς
3402 793 3525 847 προ-

1944 866 2127 937 τέρας·
2160 866 2283 919 ἐπεὶ
2330 866 2388 919 δέ
2425 866 2732 938 μεμνῆσθαι
2761 869 2908 939 ἡμᾶς
2938 867 3115 920 αὐτῶν
3145 868 3256 941 (84)
3301 869 3404 931 δεῖ,
3440 869 3526 921 λε-

1945 959 2120 1023 κτέον,
2150 960 2232 1012 ὅτι
2259 959 2482 1014 δυνατὸν
2527 959 2674 1030 πάσῃ
2707 961 2773 1030 τῇ
2800 961 2988 1031 κτήσει
3014 958 3177 1014 αὑτοῦ
3214 962 3314 1031 τὴν
3340 959 3523 1031 διττὴν

1944 1052 2147 1125 ταύτην
2178 1052 2412 1106 νοεῖσθαι
2445 1051 2761 1123 ἐπιδημίαν.
2820 1050 3169 1123 Ἐπιστήσεις
3210 1056 3267 1106 δέ
3296 1052 3345 1107 ει
3390 1070 3525 1123 προ-

1944 1146 2253 1218 ηγιυμένην
2285 1145 2383 1215 μὲν
2399 1144 2540 1198 κατὰ
2570 1143 2728 1198 τοῦτο
2741 1142 2840 1216 τὴν
2866 1143 3088 1217 πρώτην
3119 1143 3359 1209 λεκτέον,
3392 1146 3523 1223 ἐπο-

1946 1238 2113 1309 μένην
2158 1237 2214 1291 δέ
2261 1236 2359 1309 τὴν
2405 1236 2683 1308 δευτέραν,
2722 1235 2861 1289 ὥστε
2891 1236 2987 1308 τὴν
3031 1237 3128 1307 μὲν
3174 1236 3524 1308 προηγουμέ-

1943 1346 2044 1400 νην
2092 1328 2205 1398 (85)
2246 1327 2631 1399 εὐφραίνεσθαι
2672 1328 2797 1389 τοὺς
2824 1326 3296 1399 παραδεξαμένους
3334 1327 3521 1389 αὑτὸν,

1941 1424 2007 1494 τῇ
2033 1421 2090 1475 δὲ
2111 1421 2339 1492 δευτέρᾳ
2369 1420 2548 1491 πάσης
2576 1419 2731 1472 νόσου
2768 1419 3119 1483 ἀπολύεσθαι,
3164 1421 3254 1473 καὶ
3280 1419 3391 1473 τῶν
3422 1436 3523 1472 πε-

1943 1511 2280 1583 πυρωμένων
2319 1509 2413 1563 τοῦ
2450 1510 2645 1583 ἐχθροῦ
2692 1510 2859 1580 βελῶν
2900 1512 3025 1573 τοὺς
3058 1510 3131 1581 μὴ
3163 1509 3523 1581 βουληθέντας

1943 1602 2206 1675 πρότερον
2258 1601 2352 1656 τοῦ
2398 1601 2540 1656 οἴνου
2601 1601 2766 1655 αὐτοῦ
2816 1605 2976 1656 πιεῖν.
3026 1603 3135 1656 Καὶ
3189 1604 3256 1657 τὰ
3291 1603 3389 1673 μὲν
3422 1601 3522 1671 τῆς

1944 1693 2166 1766 πρώτης
2190 1694 2468 1766 δυνάμεως
2519 1693 2791 1767 ἁμέριστά
2836 1696 3004 1759 ἐστιν,
3056 1696 3112 1748 ἐν
3148 1697 3301 1765 Κανᾷ
3349 1695 3459 1766 γὰρ
3493 1695 3523 1747 6

1871 1770 1915 1824 Β
1943 1785 2110 1839 ποιῶν
2132 1785 2193 1838 τὸ
2214 1785 2355 1857 ὕδωρ
2383 1781 2545 1845 οἶνον,
2589 1785 2681 1839 καὶ
2706 1786 2754 1838 οἱ
2790 1786 3054 1851 πίνοντες
3092 1786 3159 1839 τὰ
3183 1787 3239 1838 δέ
3268 1787 3368 1856 τῆς
3394 1787 3521 1838 δευ-

1940 1876 2105 1948 τέρας
2141 1876 2303 1928 οἰονεὶ
2331 1876 2443 1947 ἕχει
2467 1883 2588 1931 τινά
2618 1878 2901 1948 μερισμόν·
2928 1880 2956 1931 6
2984 1878 3091 1950 γὰρ
3117 1879 3209 1931 τοῦ
3235 1877 3518 1949 βασιλικοῦ

1941 1969 2054 2032 υἱὸς
2074 1968 2246 2023 νοσῶν
2267 1970 2367 2022 οὐκ
2390 1965 2459 2041 ἦν
2484 1969 2617 2023 ὅπου
2666 1971 2892 2041 Ἰησοῦς·
2922 1971 2983 2023 οὐ
3014 1970 3121 2043 γὰρ
3147 1967 3215 2041 ἦν
3245 1973 3302 2024 ἐν
3338 1972 3518 2043 Κανᾷ,

1941 2059 2057 2114 ἀλλ’
2091 2062 2147 2114 ἐν
2176 2060 2574 2133 Καφαρναούμ·
2607 2061 2701 2115 καὶ
2729 2061 2758 2114 6
2804 2062 2900 2132 μὲν
2931 2062 3030 2133 τῆς
3056 2062 3336 2134 δυνάμεως
3364 2062 3521 2130 λόγος

1942 2152 2050 2208 ἀπὸ
2077 2155 2176 2226 τῆς
2211 2156 2369 2208 Κανᾶ
2397 2154 2696 2226 ἐξέρχεται·
2733 2153 2791 2206 τὸ
2823 2154 2949 2225 γάρ·
2982 2172 3000 2205 ι
3048 2155 3104 2206 '0
3138 2153 3250 2217 υἱός
3280 2171 3374 2208 σου
3402 2154 3469 2225 ζῇ
3495 2173 3513 2206 ι

1941 2248 1999 2301 ἐν
2038 2246 2196 2317 Κανᾷ
2232 2247 2472 2317 εἴρηταιο
2521 2244 2580 2298 τὸ
2612 2244 2669 2297 δὲ
2697 2244 2789 2298 τοῦ
2822 2244 2982 2314 λόγου
3009 2245 3165 2316 ἔργον
3193 2247 3250 2297 ἐν
3283 2246 3518 2316 Καφαρ-

1941 2338 2118 2410 ναοὺμ
2151 2339 2381 2408 γίνεται-
2415 2338 2531 2391 ἐκεῖ
2558 2338 2669 2408 γὰρ
2693 2336 2861 2391 νοσῶν
2899 2340 2928 2391 6
2966 2337 3058 2391 τοῦ
3091 2337 3374 2410 βασιλικοῦ
3404 2337 3520 2402 υἱὸς

1942 2430 2086 2501 λόγῳ
2108 2429 2447 2501 ἐθεραπεύθη
2466 2428 2560 2482 τοῦ
2603 2430 2775 2501 Ἰησοῦ
2803 2427 2944 2482 κατὰ
2972 2427 3068 2500 τὴν
3096 2428 3326 2499 ἑϐδόμην
3343 2428 3516 2500 ῶρανο

1941 2520 2130 2575 τοῦτον
2155 2521 2213 2574 δὲ
2241 2521 2384 2592 λόγῳ
2412 2522 2734 2593 εὑρίσκομεν
2760 2519 3155 2591 θεραπευθέντα
3178 2518 3286 2573 άπὸ
3312 2519 3388 2590 μὴ
3416 2537 3521 2572 πα-

1945 2613 2115 2685 ρεῖναι
2147 2612 2497 2684 νομιζομένου
2520 2612 2667 2684 αὐτῷ
2693 2611 2786 2666 τοῦ
2809 2611 3004 2683 Ἰησοῦ,
3039 2612 3132 2665 καὶ
3155 2610 3247 2664 τὸν
3270 2610 3366 2664 τοῦ
3392 2613 3521 2665 ἐκα-

1943 2704 2235 2775 τοντάρχου
2263 2702 2464 2757 δοῦλοψ
2499 2704 2592 2758 καὶ
2622 2705 2731 2777 γὰρ
2754 2704 2847 2758 ἀπ’
2878 2703 3083 2756 ἐκείνου
3115 2703 3195 2766 εἰς
3215 2701 3314 2773 τὴν
3339 2702 3518 2755 οἰκίαν

1944 2794 2038 2850 τοῦ
2071 2795 2466 2867 ἑκατοντάρχου
2481 2796 2541 2850 οὺ
2561 2795 2920 2868 παραγίνεται
2945 2795 2974 2846 6
2999 2793 3222 2865 Κύριος,
3246 2794 3514 2857 εἰπόντος·

1949 2905 1970 2940 ι
2015 2886 2209 2961 Κύριε,
2257 2874 2355 2942 οὐκ
2395 2889 2510 2959 εἰμὶ
2546 2888 2748 2952 ἱκανὸς,
2782 2889 2868 2941 ἵνα
2905 2904 3006 2959 μου
3056 2886 3160 2940 ὑπὸ
3178 2886 3277 2958 τὴν
3322 2887 3519 2960 στέγην

1946 2981 2217 3055 εἰσέλθῃς,
2271 2981 2406 3036 ἀλλὰ
2457 2988 2614 3054 μόνον
2647 2982 2767 3036 εἰπὲ
2814 2981 3109 3054 λόγῳ,·καὶ
3158 2981 3439 3054 ἰαθήσεται
3490 2986 3521 3036 6

1870 3105 1913 3163 ρ
1947 3077 2077 3138 παῖς
2109 3088 2240 3146 μου*
2269 3092 2286 3126 ι
2323 3072 2402 3127 διό
2442 3092 2573 3145 φησι
2606 3075 2742 3146 πρὸς
2775 3075 2955 3129 αὐτόν·
2994 3093 3014 3128 ι
3056 3074 3296 3143 ’Υπαγε,
3327 3075 3420 3128 καὶ
3444 3076 3521 3140 ὡς

1945 3167 2273 3230 ἐπίστευσας
2303 3167 2583 3238 γενηθήτω
2617 3185 2718 3221 σοι.
2755 3187 2773 3219 ι
2809 3167 3201 3240 Τετηρὴκαμεν
3232 3167 3291 3221 δέ
3314 3169 3410 3222 καὶ
3437 3168 3518 3226 ὅτι

1942 3262 2001 3315 ἐν
2023 3259 2403 3331 Καφαρναοὺμ
2437 3259 2737 3332 ἀμφότεροι
2784 3254 3254 3332 ἦσαν’νοσοῦντες,
3288 3260 3317 3314 ὅ
3342 3278 3404 3314 τε
3424 3259 3517 3314 τοῦ

1944 3352 2336 3424 ἑκατοντάρχου
2387 3353 2514 3417 παῖς
2545 3353 2638 3406 καὶ
2667 3354 2695 3407 6
2738 3351 2832 3406 τοῦ
2864 3352 3138 3423 βασιλικοῦ
3167 3353 3307 3417 υἱός.
3340 3353 3450 3406 Καὶ
3483 3354 3518 3424 ἡ

1943 3442 2180 3515 πενθερὰ
2210 3443 2266 3497 δὲ
2290 3442 2496 3515 Πέτρου
2528 3443 2832 3516 βεϐλημένη
2867 3444 3166 3516 ἐπύρεσσεν
3205 3445 3262 3498 ἐν
3291 3445 3518 3517 Καφαρ-

1944 3535 2137 3605 ναοὺμ,
2159 3528 2228 3607 ἦς
2260 3532 2534 3605 ἁψάμενος
2568 3534 2667 3606 τῆς
2697 3533 2877 3605 χειρὸς
2903 3534 3086 3587 ἰάσατο
3115 3535 3215 3604 τὴν
3249 3533 3516 3605 βεϐλημέ-

1942 3642 2060 3698 νην,
2102 3625 2176 3689 ὡς
2214 3623 2529 3696 ὲγερθεῖσαν
2562 3624 2826 3679 διακονεῖν
2858 3623 3026 3695 αὐτῷ.
3083 3625 3192 3679 Καὶ
3229 3619 3373 3679 οῦτοι
3423 3624 3518 3696 μὲν

1943 3720 2153 3791 ἡμέρας
2193 3716 2636 3790 ἐθεραπεύθησαν
2668 3719 2731 3771 ἐν
2764 3716 3157 3790 Καφαρναούμο
3204 3719 3233 3770 6
3279 3716 3379 3789 μὲν
3424 3716 3516 3769 τοῦ

1946 3809 2223 3884 βασιλικοῦ
2245 3810 2359 3874 υἱὸς
2382 3809 2527 3881 ὥραν
2554 3808 2807 3881 ἑϐδόμην,
2847 3814 2875 3863 6
2908 3809 2965 3863 δὲ
2997 3809 3092 3862 τοῦ
3122 3810 3516 3882 ἑκατοντάρχου

1946 3907 2076 3969 παῖς
2114 3905 2275 3976 καὶὴ
2327 3902 2419 3957 τοῦ
2456 3903 2660 3974 Πέτρου
2730 3902 2964 3973 πενθερὰ
3013 3902 3119 3975 πρὸ
3171 3901 3273 3973 τῆς
3342 3903 3517 3972 ὀψίας.

1951 4015 1971 4047 ι
1995 3994 2252 4065 Ὀψίαςδὲ
2276 3992 2593 4065 γενομένης.
2620 4012 2639 4045 ι
2673 3993 2812 4047 κατὰ
2836 3993 2926 4047 τὸν
2952 3992 3250 4058 Ματθαῖον,
3288 4012 3308 4045 ι
3330 3994 3389 4047 ἐν
3412 3994 3520 4046 Κα-

1947 4089 2234 4160 φαρναοὺμ
2277 4087 2652 4159 προσήνεγκαν
2700 4084 2848 4157 αὐτῷ
2886 4082 3362 4157 δαιμονιζομένους
3397 4085 3522 4138 πολ-

1946 4180 2091 4244 λοὺς,
2119 4181 2214 4235 καὶ
2234 4179 2482 4245 ἐξέϐαλλε
2497 4178 2563 4232 τὰ
2580 4177 2862 4248 πνεύματα
2879 4176 3041 4247 λόγῳ,
3064 4176 3157 4231 καὶ
3178 4176 3385 4240 πάντας
3399 4177 3521 4239 τοὺς

1946 4271 2135 4337 κακῶς
2176 4272 2397 4343 ἔχοντας
2433 4270 2785 4343 ἐθεράπευσε.
2830 4269 3053 4341 Βράδιον
3087 4264 3180 4322 οὖν
3225 4286 3371 4333 τινες
3420 4267 3518 4322 ὑπὸ

1963 4361 2134 4431 Ἰησοῦ
2152 4360 2566 4433 θεραπεύονται,
2590 4361 2684 4414 καὶ
2705 4359 2881 4430 ἕτεροι
2908 4360 3091 4430 τάχιον
3107 4375 3120 4388 ·
3154 4359 3203 4412 οἱ
3232 4358 3342 4429 γὰρ
3366 4357 3521 4429 ὀψίας

274 4465 559 4522 gregemus
606 4450 724 4506 loca
768 4451 856 4505 ubi
882 4449 1090 4504 inventi
1127 4448 1278 4505 fuere
1300 4451 1391 4520 qui
1424 4453 1702 4508 curatione
1728 4468 1852 4525 ege-

2034 4453 2196 4518 άδιον,
2225 4453 2301 4517 ὡς
2331 4453 2608 4515 ἐλάττονες
2626 4451 2936 4523 (δαιμονῶσι
2961 4451 3090 4522 γὰρ,
3118 4467 3210 4504 και
3229 4449 3412 4521 έχουσι
3426 4468 3521 4504 κα·-

278 4546 430 4610 baut,
469 4544 870 4614 notandumque
916 4552 999 4599 est
1047 4545 1243 4613 quibus
1291 4546 1342 4598 in
1389 4544 1518 4601 locis
1566 4546 1671 4600 alia
1712 4546 1853 4603 facta

280 4633 483 4688 fuerint
518 4633 694 4704 signa,
740 4644 795 4687 et
824 4649 930 4688 non
987 4649 1050 4688 ea
1098 4649 1218 4703 quae
1266 4634 1333 4689 ad
1380 4646 1708 4706 aagmtantes
1737 4652 1854 4707 spe-

279 4734 462 4781 ctant:
486 4724 648 4780 veluti
673 4727 724 4778 in
743 4726 988 4780 Samaria
1008 4726 1218 4795 signum
1239 4735 1360 4781 erat
1380 4727 1508 4781 illud
1534 4743 1579 4779 τι
1602 4727 1852 4799 Quinque

281 4821 426 4872 viros
466 4818 723 4883 habuisti,
763 4828 818 4873 et
847 4832 988 4873 nunc
1018 4832 1182 4887 quem
1215 4818 1385 4873 habes
1408 4859 1424 4885 ,
1458 4834 1563 4873 non
1608 4829 1691 4875 est
1730 4830 1850 4877 tuus

280 4912 363 4963 vir
396 4909 473 4976 ης
513 4928 532 4960 ο
555 4918 839 4979 propterea
874 4926 996 4964 cum
1027 4912 1395 4980 obstupuisset
1427 4911 1635 4975 mulier,
1666 4913 1801 4968 dixit
1830 4933 1845 4969 :

286 5023 303 5054 ι
352 5003 519 5057 Video
563 5011 617 5056 te
674 5001 992 5070 prophetam
1027 5018 1177 5067 esse,
1219 5022 1238 5055 ι
1287 5003 1611 5074 civibusque
1649 5002 1783 5059 dicit
1832 5023 1848 5062 :

1957 4547 2070 4611 κῶς
2140 4545 2246 4600 τῶν
2262 4545 2372 4619 (86)
2395 4545 2501 4618 ἡμέ
2510 4563 2607 4618 ρας
2624 4543 2923 4619 τεθεραπευ
2933 4545 3128 4615 μένων.
3140 4543 3522 4616 Φιλοτιμητέον

1953 4640 2011 4694 δὲ
2042 4641 2368 4709 συναγαγεῖν
2413 4640 2540 4697 τοὺς
2583 4638 2781 4701 τόπους
2821 4635 2949 4690 ἔνθα
2995 4635 3294 4707 εὑρέθησαν
3320 4638 3375 4712 ⁴οἱ
3416 4636 3524 4689 δεό-

1958 4749 2107 4804 μενοι
2150 4730 2474 4805 θεραπείας,
2520 4730 2615 4783 καὶ
2662 4729 2987 4800 σημειωτέον
3032 4728 3089 4780 ἐν
3119 4726 3293 4791 ποίοις
3341 4727 3524 4789 τόποις

1955 4825 2089 4880 ἄλλα
2132 4823 2324 4893 γέγονε
2367 4824 2588 4893 σημεῖα,
2619 4822 2713 4874 καὶ
2740 4820 2802 4873 οὐ
2848 4818 2918 4873 τὰ
2952 4819 3082 4891 περὶ
3114 4818 3242 4882 τοὺς
3288 4818 3521 4890 κάμνον-

1954 4935 2052 4980 τας
2074 4916 2180 4988 (87)
2201 4933 2215 4946 ·
2239 4911 2348 4970 οἷον
2386 4915 2444 4968 ἐν
2469 4916 2536 4987 τῇ
2559 4913 2842 4985 Σαμαρείᾳ
2865 4913 3086 4984 σημεῖον
3107 4906 3174 4982 ἦν
3198 4911 3288 4965 τό·
3313 4930 3333 4963 ι
3360 4912 3524 4964 Πέντε

1957 5009 2154 5082 ἄνδρας
2181 5009 2355 5082 ἔσχες,
2383 5007 2477 5061 καὶ
2509 5005 2604 5060 νῦν
2634 5004 2693 5059 ὃν
2724 5005 2868 5077 ἔχεις
2902 5003 3002 5058 οὐκ
3032 5003 3148 5056 ἐστι
3176 5021 3271 5057 σου
3313 5004 3479 5074 ἁνήρ·
3499 5023 3519 5054 ι

353 5180 374 5211 τ
400 5168 558 5228 Joan.
583 5184 661 5234 tv,
689 5167 783 5223 50.
857 5167 879 5200 ⁸
913 5171 1042 5226 ibid.
1077 5169 1166 5226 52.
1242 5171 1264 5203 ⁹
1296 5170 1483 5226 Matth.
1513 5186 1633 5240 vnt,
1655 5172 1710 5227 8.
1789 5172 1832 5204 ¹⁰
1859 5172 1988 5229 ibid.
2022 5173 2106 5228 t3.
2183 5173 2224 5204 "
2259 5171 2423 5227 Marc.
2465 5186 2502 5235 ι,
2533 5168 2625 5225 50.
2702 5168 2746 5199 ⁸⁸
2775 5165 2963 5223 Matth.
2989 5180 3107 5232 vut,
3136 5163 3225 5220 16.
3305 5161 3520 5219 "Joan.

281 5256 357 5306 tv,
382 5241 470 5296 18.

356 5378 469 5451 (85)
504 5378 688 5434 Codex
726 5373 1075 5451 Bodleianns,
1110 5371 1504 5446 παρεξιοῦσαν·
1568 5373 1767 5444 Regius
1800 5385 1856 5430 et

288 5444 634 5518 Bai'berinus,
662 5444 1067 5518 παραξύουσαν.

362 5518 474 5587 (84)
504 5511 683 5572 Codex
710 5511 1032 5571 Bodleianus
1051 5552 1067 5578 ,
1092 5511 1298 5566 αὐτῶνθ
1342 5512 1544 5582 Regius
1568 5521 1620 5567 et
1654 5512 1859 5570 Barhe-

292 5589 465 5649 riuus,
490 5588 717 5641 ἑαυτῶν.

366 5647 479 5723 (85)
506 5657 623 5727 Τὴν
640 5657 757 5726 μὲν
791 5654 1268 5727 προηγουμένην.
1322 5647 1676 5710 δοιίὺθηάιιίιι
1709 5655 1859 5709 vide-

301 5736 387 5780 ιω·
417 5727 482 5795 τῇ
507 5726 603 5794 μὲν
636 5727 1037 5800 προηγουμένη.
1087 5761 1092 5764 -

2034 5374 2147 5447 (86)
2185 5376 2366 5430 Codex
2404 5374 2747 5438 Bodleianus,
2783 5374 2837 5456 οἱ
2861 5371 2971 5495 γὰρ
3001 5370 3162 5440 ὀψίας
3181 5409 3196 5434 ,
3226 5368 3259 5440 ἢ
3287 5368 3520 5441 βράδιον,

2034 5470 2035 5474 π
2065 5447 2342 5495 ἐλάττονες
2362 5446 2533 5495 ὄντες.
2561 5444 2875 5495 (δαιμονῶσι
2899 5460 2935 5495 γ
2978 5459 3040 5495 ο.
3085 5443 3179 5495 καὶ
3213 5441 3395 5495 ἐγουσι
3438 5454 3520 5491 και

1962 5441 2342 5517 ὡς’ἐλάττονες
2362 5446 2533 5517 ὄντες,
2561 5444 2875 5517 (δαιμονῶσι
2899 5441 3007 5513 γὰρ
3025 5482 3040 5505 ,
3085 5443 3179 5495 καὶ
3213 5441 3395 5511 έχουσι
3438 5454 3525 5491 κατ

1963 5518 2074 5579 κῶς
2095 5535 2108 5547 ·
2129 5516 2146 5587 )
2173 5516 2372 5587 μᾶλλον
2396 5516 2504 5587 τῶν
2520 5557 2531 5573 .
2555 5516 2663 5587 etc.

2033 5578 2272 5657 (8731171!
2298 5588 2370 5639 οὺ
2396 5581 2813 5657 fl'd_.7t€pi_10‘t')_c
2840 5580 3195 5657 κάμνοντας.
3240 5578 3518 5634 Ferrarius

1961 5653 2173 5727 legebat
2202 5657 2294 5709 καὶ
2316 5656 2419 5709 ποῦ
2447 5655 2517 5710 τὰ
2549 5654 2676 5726 περὶ
2701 5655 2827 5715 τοὺς
2857 5653 3182 5723 κάμνοντας.
