3702 6142
153 321 244 377 521

1188 331 1539 390 COMMENT.
1581 335 1647 390 IN
1686 335 1875 394 JOAN.
1915 339 2151 400 TOMUS
2183 343 2317 402 XIII.

3255 362 3358 421 Β·ἔῖ

142 437 222 506 ,ἐφ’
244 427 287 503 ᾧ
314 434 403 488 καὶ
435 435 839 506 καταπλαγεῖσα
868 441 901 512 ἡ
932 443 1065 515 γυνή
1101 463 1267 517 φησι·
1309 467 1326 499 ‹
1353 449 1573 520 Θεωρῶ,
1611 451 1633 504 6

1805 471 1820 503 t
1859 453 2015 524 Agite
2039 498 2054 520 ,
2092 459 2272 514 videte
2333 461 2635 531 hominem,
2670 466 2760 537 qui
2820 468 2956 526 dixit
2995 472 3124 528 mihi
3174 481 3354 535 omnia

149 532 412 601 προφήτης
445 526 496 582 εἴ
527 530 588 582 σύ
609 547 622 560 ·
651 551 670 584 ι
703 537 813 596 τοῖς
859 552 918 588 τε
949 537 1191 602 πολίταις
1234 539 1413 608 λέγει·
1457 561 1474 592 ι
1506 543 1689 608 Δεῦτε,

149 621 271 677 ἴδετε
318 622 594 692 ἄνθρωπον
642 623 700 686 ὃς
749 619 868 678 εἶπέ
906 644 996 698 μοι
1041 630 1217 684 πάντα
1267 633 1368 686 ὅσα
1424 635 1653 704 ἐποίησα
1674 654 1687 666 ·

149 713 267 783 μήτι
293 706 441 776 οὗτός
471 715 617 767 ἐστιν
646 716 674 767 6
707 717 969 787 Χριστός
999 739 1016 770 ι
1053 721 1473 795 Παρατηρητέον
1513 726 1570 779 δὲ
1597 729 1690 780 καὶ

143 806 256 866 τοὺς
295 804 482 873 λόγους
535 807 720 874 αὐτοῦ,
753 809 876 874 ποῦ,
927 812 1020 864 καὶ
1064 813 1151 866 διὰ
1195 814 1276 880 τί,
1322 817 1412 870 καὶ
1446 818 1538 871 ἐπὶ
1581 820 1690 873 τίσι

145 899 530 966 πεπραγμένοις
569 897 844 968 λέγονται·
881 900 985 955 ὑπὸ
1022 904 1129 976 γὰρ
1165 907 1339 977 μόνων
1381 909 1490 962 τῶν
1517 912 1688 964 τοιού-

141 1001 237 1038 των
283 990 709 1060 παρατηρήσεων
763 993 855 1044 καὶ
906 993 1202 1059 ἐξετάσεων
1261 1000 1360 1062 τὰς
1399 1000 1684 1070 βασάνους,

141 1076 371 1148 εὑρήσεις
403 1079 545 1132 κατά
573 1080 745 1152 βραχὺ
783 1083 909 1146 τοὺς
937 1087 1182 1156 καρποὺς
1208 1087 1318 1141 τῶν
1352 1090 1548 1159 πόνων,
1589 1093 1687 1165 τὴν

141 1168 191 1219 ὲν
231 1167 468 1237 Ψαλμοῖς
527 1170 778 1238 εὐλογίαν
854 1172 1152 1241 λέγουσαν.
1207 1196 1223 1228 ε
1257 1179 1394 1244 τοὺς
1445 1187 1687 1253 καρποὺς

139 1255 234 1306 τῶν
260 1256 426 1308 πόνων
468 1275 562 1310 σου
591 1263 845 1328 φάγεσαι.
868 1281 886 1313 ι
923 1263 1045 1317 Ἔτι
1086 1267 1222 1337 πρὸς
1258 1268 1338 1332 τὸ,
1380 1289 1397 1321 ι
1425 1273 1594 1327 Τοῦτο
1629 1275 1687 1328 δὲ

1795 563 2132 618 quaecunque
2160 551 2260 606 feci
2293 567 2307 606 :
2335 557 2570 624 nunquid
2602 559 2690 614 hic
2721 571 2802 615 est
2824 563 3070 622 Christus
3098 569 3219 625 “lt
3247 572 3357 630 Ob-

1795 641 2056 693 servanda
2101 651 2224 694 sunt
2255 645 2415 696 etiam
2465 646 2624 702 verba
2648 649 2833 718 ipsius,
2867 655 2979 720 ubi,
3013 666 3067 711 et
3097 664 3356 729 quamobo

1795 743 1930 794 rem,
1961 740 2016 785 et
2063 743 2284 802 propter
2324 751 2445 804 qua:
2493 736 2633 793 facta
2692 741 2965 799 dicuntur.
3001 747 3112 804 Sub
3165 753 3350 808 talium

1791 820 1934 872 enim
1983 821 2153 876 solum
2193 825 2627 882 Observationum
2658 840 2714 886 et
2760 835 3192 905 disquisitionum
3223 862 3352 900 exa-

1789 912 1956 976 mine,
1985 913 2132 968 brevi
2170 915 2412 970 laborum
2465 921 2671 976 fructus
2716 929 2986 996 reperies,
3028 932 3354 994 benedictio-

1789 1018 1912 1058 nem
1943 1006 2192 1062 nimirum
2218 1008 2268 1062 iu
2297 1009 2523 1067 Psalmis
2548 1027 2894 1074 memoratam
2923 1021 2994 1076 ¹⁸ε
3025 1041 3044 1074 ι
3079 1024 3346 1085 Laborum

1789 1104 2002 1152 tuorum
2047 1097 2254 1157 fructus
2288 1105 2558 1159 comedes.
2598 1126 2617 1158 ι
2664 1107 2932 1166 Prwterea
2984 1117 3109 1175 huic
3156 1121 3297 1178 dicto
3329 1163 3345 1190 ,

1792 1203 1811 1236 ι
1852 1184 1963 1240 lloc
2011 1198 2188 1244 autem
2245 1207 2436 1247 rursus
2483 1196 2773 1251 secundum
2831 1201 3045 1271 signum
3095 1207 3221 1262 fecit
3253 1184 3346 1266 ,1οζ

1787 1293 1878 1333 sus
1911 1279 2005 1343 “,9
2040 1282 2143 1336 hoc
2175 1283 2338 1338 etiam
2375 1285 2678 1343 addendum
2721 1302 2842 1358 est;
2875 1295 3065 1351 nullibi
3101 1303 3342 1372 prodigia

141 1342 281 1400 πάλιν
326 1348 573 1420 δεύτερον
627 1355 850 1423 σημεῖον
901 1356 1155 1428 ἐποίησεν
1188 1361 1216 1412 6
1261 1361 1486 1432 Ἰησοῦς,
1519 1384 1536 1416 ι
1592 1383 1633 1419 κε

1960 1342 1966 1343 ,
2728 1342 2801 1346 -ν-
2828 1342 2842 1358 ι
2875 1342 3065 1351 -------~-
3101 1342 3342 1372 νυν-οι·-

1805 1371 1895 1424 ;ola
1924 1373 2212 1440 nominari,
2238 1376 2329 1431 sed
2377 1379 2545 1434 sicubi
2578 1382 2903 1452 scribantur,
2942 1391 3139 1447 ascribi
3179 1396 3342 1450 etiam

137 1439 276 1491 τοῦτο
321 1438 559 1508 λεκτέον,
605 1443 684 1497 ὅτι
717 1445 952 1516 οὐδαμοῦ
989 1449 1089 1529 ttév
1110 1448 1400 1524 ὠνομάσθη
1443 1455 1580 1526 μόνα
1615 1475 1633 1510 Ί

137 1531 312 1555 -ι-..-..
347 1534 482 1555 1001-
521 1535 574 1555 ,ν
608 1553 660 1555 ζμ
737 1537 790 1555 ης
868 1537 885 1555 ἱ
913 1538 923 1555 ν
1251 1543 1262 1555 ι
1345 1544 1370 1555 ιι.
1595 1547 1606 1555 .

1805 1457 1958 1525 signa,
1989 1463 2441 1529 quemadmodum
2489 1467 2540 1522 in
2580 1469 2664 1523 his
2707 1473 2927 1529 verbis:
2969 1494 2989 1528 ι
3023 1477 3138 1536 Nisi
3188 1485 3337 1555 signa

134 1531 315 1602 τέρατα
345 1534 483 1604 (88)·
516 1535 574 1587 εῐ
602 1553 702 1589 που
732 1537 838 1608 γὰρ
868 1537 1101 1608 λέγεται,
1139 1543 1276 1614 μετὰ
1303 1544 1411 1599 τῶν
1445 1547 1633 1617 αημείιι

1805 1557 1835 1602 :t
1862 1551 2100 1620 prodigia
2126 1553 2390 1621 videritis,
2420 1573 2523 1612 non
2567 1562 2801 1618 credetis
2839 1563 2924 1632 ";
2966 1586 2984 1620 ι
3029 1531 3342 1643 ΐτεῳιειῖιθι·

134 1625 547 1698 ἀναγέγραπται,
576 1628 816 1701 ὡσπερεὶ
856 1631 934 1703 τῷ
956 1649 970 1663 ·
1008 1653 1026 1685 ι
1067 1634 1191 1690 Ἐὰν
1238 1636 1310 1708 μὴ
1360 1640 1557 1709 σημεῖα
1589 1658 1633 1694 κε

1805 1655 1908 1694 'ero
1939 1642 2089 1712 signa
2138 1645 2254 1701 sine
2293 1650 2550 1720 prodigiis
2587 1653 2838 1720 inveniri,
2887 1625 3335 1728 quemadmodum

133 1717 311 1786 τέρατα
362 1718 541 1790 ἴδητε,
583 1721 646 1774 ού
682 1722 756 1793 μὴ
787 1723 1140 1797 πιστεύσητε·
1167 1745 1185 1780 ι
1224 1729 1490 1800 πολλαχοῦ
1518 1731 1574 1786 δὲ
1614 1750 1633 1786 1

1805 1733 1939 1786 etiam
1971 1734 2074 1790 hoc
2102 1735 2156 1790 in
2185 1736 2323 1792 loco.
2346 1717 2577 1797 Proinde
2599 1717 2945 1812 quaerendum
2973 1762 3078 1816 est,
3101 1755 3338 1812 habeant

134 1809 311 1877 σημεῖα
350 1810 517 1878 χωρὶς
549 1809 656 1863 τῶν
686 1812 928 1883 τεράτων
971 1813 1197 1888 εὓρηται
1228 1818 1358 1890 (89),
1391 1821 1449 1873 ὃν
1479 1822 1633 1893 τρόπι

1805 1837 1948 1878 necne
1974 1824 2330 1884 differentiam
2359 1809 2772 1900 aliquam—inter
2810 1853 2869 1892 se
2904 1843 3145 1914 prodigia
3177 1857 3232 1901 et
3261 1849 3337 1903 si-

132 1899 211 1950 καὶ
233 1897 337 1952 νῦν.
371 1900 480 1953 Καὶ
513 1900 774 1973 ζητητέον
803 1921 864 1970 γε
892 1908 940 1958 εί
963 1906 1072 1978 ἔχει
1099 1910 1221 1962 τινὰ
1245 1911 1505 1985 διαφορὰν
1540 1913 1675 1986 πρὸς

130 1988 309 2060 ἄλληλα
345 1990 410 2044 τὰ
441 1991 646 2063 τέρατα
679 1996 773 2047 καὶ
802 1996 870 2050 τὰ
904 2001 1130 2068 σημεῖα·
1161 1995 1320 2073 οἶμαι
1352 2003 1409 2057 δὲ
1435 2005 1535 2070 τὰς
1577 2006 1675 2077 μὲν

130 2079 438 2152 παραδόξους
491 2085 587 2138 καὶ
616 2087 930 2156 τεραστίους
980 2088 1236 2160 δυνάμεις
1285 2094 1406 2146 κατ’
1449 2095 1578 2149 αὐτὸ
1613 2095 1675 2150 τὸ

129 2174 425 2243 παράδοξον,
457 2177 556 2230 καὶ
583 2177 880 2250 ἐκϐεϐηκὸς
909 2181 1004 2253 τὴν
1037 2183 1340 2254 συνήθειαν,
1376 2185 1673 2258 θαυμάσιόν

125 2278 193 2324 τε,
220 2263 306 2316 καὶ
342 2264 478 2336 ὑπὲρ
510 2266 798 2338 ἄνθρωπον
832 2269 1128 2340 γινόμενον,
1173 2274 1372 2344 τέρατα
1413 2275 1672 2348 ὀνομάξεη

126 2352 260 2406 σθαι·
286 2355 350 2409 τὰ
373 2355 428 2408 δὲ
467 2357 744 2428 δηλωτικὰ
782 2377 940 2414 τινων
980 2361 1181 2433 ἑτέρων
1225 2362 1376 2436 παρὰ
1416 2366 1484 2419 τὰ
1529 2367 1670 2434 γινό-

125 2461 265 2515 μενα,
298 2451 495 2518 σημεῖα
525 2448 797 2518 λέγεσθαι.
837 2453 1032 2524 Διόπερ
1071 2455 1160 2507 καὶ
1194 2456 1418 2510 ἐπὶτῶν
1452 2457 1526 2529 μὴ
1562 2477 1668 2513 πα-

125 2536 333 2606 ραδόξων
369 2540 428 2592 τὸ
472 2540 646 2612 ὄνομα
685 2541 778 2595 τοῦ
839 2545 1059 2613 σημείου
1101 2546 1454 2618 εὑρίσκομεν·
1504 2550 1669 2621 ἦγουν

122 2633 234 2697 περὶ
267 2630 324 2682 τὸ
357 2635 584 2702 σημεῖον
623 2633 731 2704 (90)
773 2632 986 2701 λέγεται
1022 2637 1126 2690 ὑπὸ
1168 2637 1260 2691 τοῦ
1289 2638 1422 2692 Θεοῦ
1455 2641 1510 2693 ὲν
1544 2642 1666 2695 τού-

121 2733 247 2783 τοις·
283 2741 299 2772 ι
323 2723 795 2797 Περιτμηθήσεται
829 2727 925 2799 τὴν
960 2728 1138 2800 σάρκα
1179 2729 1334 2800 ὑμῶν
1372 2733 1476 2783 πᾶν
1506 2733 1666 2804 ἀρσε-

120 2813 267 2877 νικὸν,
306 2817 397 2869 καὶ
445 2818 921 2890 περιτμηθήσεσθε
975 2819 1071 2892 τὴν
1126 2822 1303 2892 σάρκα
1349 2822 1448 2894 τῆς
1503 2826 1666 2897 ἀκρο-

117 2904 316 2970 ϐυστίας
354 2907 530 2979 ὑμῶν,
563 2910 656 2963 καὶ
707 2910 856 2965 ἔσται
900 2913 957 2966 ὲν
997 2911 1205 2984 σημείῳ
1238 2914 1512 2986 Διαθήκης
1561 2917 1663 2971 ἀνὰ

121 2997 262 3064 μέσον
288 2999 413 3070 ἐμοῦ
444 3001 543 3053 καὶ
572 3001 742 3070 ὑμῶν.
770 3022 787 3053 ι
825 3003 1071 3073 Οὐδαμοῦ
1104 3003 1158 3056 δὲ
1197 3005 1331 3075 μόνα
1361 3005 1429 3059 τὰ
1459 3006 1662 3078 τέρατα

116 3085 407 3161 ὠνομάσθη·
444 3092 677 3164 ἐπείπερ
720 3094 819 3147 οὐκ
851 3093 966 3147 ἔστι
999 3113 1050 3149 τι
1097 3097 1407 3172 παράδοξον.
1437 3099 1660 3170 γενόμε-

116 3194 192 3229 νον
227 3181 280 3232 ὲν
313 3159 375 3251 τῇ
405 3181 622 3252 Γραφῇ,
646 3159 690 3235 ⁷ὃ
735 3185 808 3254 μή
843 3186 956 3237 ἐστι
997 3159 1218 3255 σημεῖον
1263 3159 1357 3240 καὶ
1396 3159 1659 3258 σύμϐολον
1685 3159 1727 3217 C

114 3266 277 3339 ἑτέρου
324 3272 472 3340 παρὰ
521 3271 581 3324 τὺ
628 3271 896 3343 αἰσθητῶς
943 3275 1337 3344 γεγενημένον·
1387 3275 1462 3339 ὡς
1505 3276 1660 3350 εἴπερ

112 3354 170 3429 ἦν
213 3362 483 3434 τεράστιόν
530 3382 582 3417 τι
633 3365 920 3434 γενόμενον
966 3365 1026 3418 οὐ
1078 3366 1396 3436 συμϐολικὸν
1451 3369 1659 3442 ἐτέρου,

112 3451 393 3523 ἐγέγραπτο
427 3455 494 3509 ἂν
530 3455 688 3509 τοῦτο
718 3456 778 3509 τὸ
817 3457 982 3526 τέρας
1025 3458 1384 3528 πεποιηκέναι
1425 3460 1512 3514 τὸν
1555 3463 1660 3532 Ἰη-

113 3546 241 3611 σοῦν,
277 3549 330 3620 ἦ,
370 3551 503 3621 φέρε
546 3554 737 3617 εἰπεῖν,
779 3553 1014 3617 Μωσέα,
1055 3554 1088 3624 ἦ
1140 3571 1260 3608 τινα
1311 3554 1418 3608 τῶν
1467 3557 1654 3626 ἁγίων.

113 3637 224 3692 Ὅτε
273 3641 366 3711 μὲν
415 3638 510 3695 οὖν
557 3641 916 3714 διδασκόμεθα
965 3644 1072 3698 ἀπὸ
1118 3640 1220 3715 τῆς
1271 3646 1494 3718 Γραφῆς
1544 3647 1654 3703 δεῖν

109 3730 269 3804 ζητεῖν
319 3737 409 3801 τὸ,
473 3730 538 3789 οὗ
596 3738 816 3808 σημεῖόν
866 3741 980 3791 ἐστι
1021 3738 1084 3791 τὺ
1136 3741 1518 3810 γεγενημένον,
1566 3742 1654 3796 λέ-

109 3839 241 3892 γεται
259 3845 270 3856 ·
299 3846 316 3880 ι
339 3829 509 3882 Τοῦτο
534 3829 590 3882 δὲ
624 3830 784 3882 πάλιν
811 3829 1058 3900 δεύτερον
1087 3835 1305 3902 σημεῖον
1330 3833 1583 3904 ἐποίησεν
1627 3836 1654 3887 6

117 3917 330 3988 Ἰησοῦς·
363 3940 382 3972 ι
418 3922 510 3974 ὅτε
542 3920 599 3974 δὲ
627 3924 656 3974 6
690 3921 962 3992 βασιλικὸς
987 3921 1301 3987 ὀνειδίζεται
1343 3924 1418 3987 ὡς
1462 3925 1561 3978 οὐκ
1588 3926 1655 3978 ἂν

106 4011 381 4065 πιστεύσων
410 4013 579 4084 χωρὶς
617 4015 714 4084 τῆς
763 4014 890 4078 θέας
934 4013 1039 4067 τῶν
1089 4016 1423 4086 παραδόξων,
1470 4019 1652 4071 οὐκέτι

104 4105 326 4174 λέγεται·
381 4130 400 4162 ι
439 4111 567 4164 Ἐὰν
622 4111 696 4184 μὴ
748 4116 946 4184 σημεῖα
985 4115 1150 4185 ἴδητε,
1190 4117 1250 4168 ού
1304 4115 1378 4187 μὴ
1435 4119 1653 4171 πιστεύ-

105 4214 218 4269 σητε
236 4216 248 4230 ·
278 4220 296 4253 ι
329 4203 386 4255 οῦ
417 4202 528 4274 γὰρ
556 4203 622 4257 τὰ
651 4207 851 4275 σημεῖα
883 4207 1140 4276 γινόμενα
1179 4207 1527 4278 προκαλεῖται
1557 4212 1650 4264 ἐπὶ

101 4293 153 4343 τὸ
180 4295 461 4362 πιστεύειν,
556 4297 756 4367 σημεῖά
775 4299 939 4361 ἐστιν,
967 4299 1061 4352 ἐὰν
1087 4298 1220 4370 τύχῃ
1244 4299 1304 4352 τὸ
1327 4305 1545 4372 σημεῖον
1572 4303 1646 4375 μὴ

101 4377 222 4437 εἶναι
252 4387 339 4440 καὶ
369 4387 552 4459 τέρας·
585 4387 736 4442 ἀλλὰ·
766 4406 784 4439 ι
823 4389 949 4443 Ἐὰν
977 4389 1050 4462 μὴ
1084 4392 1284 4462 σημεῖα
1316 4392 1408 4445 καὶ
1447 4393 1647 4465 τέρατα

1775 1931 1900 1986 gna,
1932 1928 1986 1972 et
2030 1919 2267 1974 arbitror
2311 1937 2372 1974 ea
2417 1921 2556 1978 facta
2586 1940 2704 1994 qua?
2745 1941 2996 1997 superant
3026 1937 3332 2004 opinionem

1775 2019 2001 2075 qumque
2028 2008 2333 2078 prodigiosa
2359 2019 2506 2078 sunt,
2537 2027 2602 2067 eo
2629 2017 2771 2084 quod
2823 2018 2992 2087 ipsam
3025 2025 3329 2092 opinionem

1772 2107 1826 2151 et
1869 2099 2313 2154 consuetudinem
2367 2107 2839 2173 transcenderint,
2891 2111 3106 2182 sintque
3161 2118 3334 2172 admi-

1774 2191 1939 2244 randa
1969 2202 2022 2246 et
2049 2208 2209 2261 supra
2259 2193 2553 2262 hominem,
2596 2199 2836 2271 prodigia
2879 2205 3178 2271 nominari;
3213 2223 3332 2278 qua:

1772 2300 1901 2340 vero
1925 2285 2126 2356 aliquid
2155 2287 2384 2340 innttant
2411 2299 2604 2357 praeter
2617 2305 2677 2345 ea
2702 2307 2819 2360 quae
2845 2295 2999 2361 liunt,
3027 2299 3177 2367 signa
3203 2301 3327 2356 dici.

1772 2375 1942 2441 Quam
1982 2377 2148 2431 etiam
2191 2377 2260 2431 ob
2288 2393 2502 2434 causam
2547 2396 2740 2436 nomen
2778 2384 2912 2454 signi
2962 2387 3233 2445 invenitur
3275 2390 3327 2446 in

1772 2466 1858 2520 his
1879 2482 2000 2537 quae
2031 2484 2136 2524 non
2163 2479 2281 2524 sunt
2311 2482 2506 2541 praeter
2540 2475 2868 2543 opinionem,
2907 2479 3064 2534 veluti
3116 2481 3326 2552 signum

1769 2562 2088 2614 nominatur
2119 2577 2149 2616 a
2205 2563 2313 2618 Deo
2353 2564 2406 2618 in
2455 2564 2540 2621 his
2579 2581 2594 2618 :
2638 2585 2658 2617 ι
2705 2567 3134 2627 Circumcidetur
3176 2577 3326 2631 vobis

1769 2664 1928 2706 omne
1958 2651 2332 2719 masculinum,
2367 2664 2420 2708 et
2447 2655 2844 2713 circumcidetis
2872 2676 3089 2717 carnem
3114 2679 3324 2736 pratpu-

1769 2739 1824 2793 tii
1849 2742 2035 2806 vestri,
2061 2751 2116 2796 et
2145 2745 2247 2797 erit
2285 2744 2336 2798 in
2375 2746 2586 2816 signum
2620 2745 2946 2804 Testamenti
2977 2752 3118 2808 inter
3145 2770 3230 2810 me
3272 2769 3328 2812 et.

1766 2846 1859 2886 vos
1881 2832 1978 2885 η.»
2015 2832 2212 2889 Nullibi
2237 2844 2417 2889 autem
2451 2837 2562 2890 sola
2594 2840 2837 2910 prodigia
2874 2844 3150 2898 nominata
3178 2859 3321 2912 sunt,

1764 2921 2019 2989 quoniam
2074 2937 2177 2976 non
2220 2933 2303 2977 est
2340 2922 2541 2992 aliquid
2595 2929 2901 2994 paradoxon
2939 2930 2992 2982 in
3045 2931 3324 3002 Scriptura

1764 3013 1909 3082 quod
1941 3029 2046 3068 non
2084 3015 2153 3070 sit
2182 3015 2393 3084 signum
2420 3025 2476 3070 et
2504 3027 2627 3070 uota
2665 3018 2886 3074 alterius
2924 3021 3022 3086 rei,
3051 3033 3249 3092 praeter
3271 3024 3323 3078 id

1766 3105 1906 3175 quod
1935 3106 2260 3160 seusibiliter
2291 3108 2390 3161 lit:
2422 3109 2676 3176 quoniam
2709 3109 2755 3164 si
2791 3109 2981 3165 fuisset
3030 3112 3322 3184 prodigiosi

1761 3197 1960 3266 aliquid
2007 3197 2210 3252 factum
2269 3198 2495 3252 alterius
2543 3201 2623 3254 rei
2671 3215 2776 3255 nou
2829 3201 3026 3265 index,
3063 3203 3322 3271 scriptum

1762 3285 1954 3342 fuisset
1986 3288 2087 3342 hoc
2114 3288 2412 3359 prodigium
2441 3289 2634 3345 fecisse
2673 3289 2878 3357 Iesum,
2915 3291 2998 3348 vel
3029 3291 3234 3360 Mosen,
3267 3303 3326 3349 ut

1761 3379 1834 3433 ita
1873 3381 2068 3446 dicam,
2127 3381 2210 3436 vel
2257 3382 2488 3451 aliquem
2525 3391 2859 3438 sanctorum.
2906 3383 3134 3450 Quando
3161 3386 3324 3456 280

1760 3471 1923 3541 igitur
1953 3473 2245 3527 edocemur
2270 3488 2300 3525 a
2344 3472 2625 3543 Scriptura
2669 3484 2916 3543 oportere
2962 3490 3206 3544 quaerere
3231 3494 3323 3531 cu-

1751 3561 1842 3632 jus
1875 3564 2085 3635 signum
2107 3565 2177 3620 sit
2201 3566 2253 3620 id
2298 3566 2438 3635 quod
2491 3565 2695 3620 factum
2726 3577 2830 3630 est,
2876 3567 3074 3621 dicitur
3109 3583 3126 3622 :
3168 3586 3186 3619 ε
3214 3569 3323 3626 lloc

1757 3666 1934 3710 autem
1989 3672 2179 3713 rursus
2231 3658 2528 3712 secundum
2577 3657 2785 3726 signum
2831 3657 2957 3713 fecit
2983 3657 3140 3716 Jesus
3169 3661 3256 3728 “;
3295 3681 3316 3713 ι

1755 3749 1969 3817 quando
1993 3760 2174 3804 autem
2205 3749 2390 3818 regulo
2421 3760 2518 3803 ceu
2541 3748 2742 3818 probro
2768 3748 2928 3802 datur
2957 3749 3099 3817 quod
3146 3749 3324 3804 credi-

1757 3850 1909 3896 turus
1932 3856 2036 3896 non
2071 3841 2140 3896 sit
2168 3841 2374 3911 absque
2412 3841 2619 3896 visione
2651 3840 3042 3910 prodigiorum,
3068 3855 3173 3895 non
3199 3857 3321 3894 am-

1753 3934 1894 4004 plius
1918 3933 2116 3986 dicitur
2151 3950 2166 3986 :
2198 3951 2215 3984 ι
2243 3931 2354 3986 Nisi
2379 3933 2530 4000 signa
2562 3931 2829 3998 videritis,
2864 3945 2969 3986 non
3000 3932 3268 3998 credetis;
3295 3952 3314 3983 ι

1753 4039 1858 4077 non
1912 4021 2056 4077 enim
2101 4021 2254 4090 signa
2287 4020 2428 4075 facta
2477 4019 2705 4074 invitant
2754 4019 2819 4073 ad
2848 4018 3230 4081 credendum,
3265 4020 3318 4072 in

1751 4122 2010 4184 quantum
2035 4113 2190 4182 signa
2215 4121 2362 4175 sunt,
2401 4113 2446 4166 si
2473 4115 2753 4180 contingat
2774 4118 2832 4164 ut
2858 4110 3070 4180 signum
3110 4125 3217 4163 non
3247 4111 3320 4164 sit

1749 4209 1910 4264 etiam
1935 4207 2272 4277 prodigium;
2299 4207 2393 4261 sed
2417 4207 2618 4261 dicitur
2648 4222 2662 4260 :
2693 4224 2712 4256 ι
2747 4204 2856 4259 Nisi
2883 4204 3030 4274 signa
3057 4213 3111 4258 et
3137 4205 3319 4273 prodi-

1749 4302 1836 4373 gia
1875 4301 2140 4366 videritis,
2175 4316 2280 4356 non
2312 4300 2548 4355 credetis
2570 4299 2615 4330 ⁸ο
2649 4315 2663 4364 ;
2711 4316 2729 4348 ι
2765 4298 2922 4351 vobis
2962 4299 3178 4367 quidem
3207 4313 3318 4352 cre-

1748 4394 2000 4450 dentibus
2027 4404 2250 4464 propter
2272 4393 2594 4463 prodigium,
2612 4391 2768 4446 nobis
2792 4399 2968 4444 autem
2994 4398 3191 4459 praeter
3215 4392 3318 4444 hoc

102 4475 248 4546 ἴδητε,
283 4479 342 4532 οὐ
375 4480 451 4550 μὴ
504 4480 830 4550 πιστεύσητε
851 4521 865 4544 ,
895 4500 913 4532 ι
967 4481 1120 4552 ὑμῶν
1155 4484 1253 4553 μὲν
1283 4486 1633 4542 πιστευόντωι

1807 4490 1911 4541 iam
1951 4489 2209 4542 honorem
2239 4485 2310 4539 illi
2342 4483 2710 4539 deferentibus
2742 4489 2963 4551 propter
3005 4481 3131 4535 illud
3161 4481 3317 4550 cujus

99 4565 175 4618 διὰ
208 4569 264 4623 τὸ
291 4571 608 4642 παράδοξον,
640 4571 796 4642 ἡμῶν
833 4571 890 4625 δὲ
933 4573 1066 4644 πρὸς
1104 4573 1278 4645 τούτῳ
1310 4577 1402 4629 καὶ
1433 4576 1519 4631 διὰ
1559 4578 1638 4642 τὸ,

99 4654 150 4711 οὗ
178 4662 280 4714 ἐστι
313 4664 554 4733 σημεῖον,
582 4662 965 4716 ἐπιτελούντων
993 4665 1160 4734 αὐτῷ.
1197 4667 1460 4736 Ζητήσεις
1485 4668 1542 4721 δὲ
1582 4669 1641 4722 τὸ

34 4755 37 4758 ’
98 4750 148 4803 ὲν
172 4751 540 4824 ἑϐδομηκοστῷ
588 4754 798 4824 ἑϐδόμῳ
836 4753 1056 4826 ψαλμῷ,
1103 4775 1122 4806 ι
1162 4756 1248 4819 Ὠς
1276 4757 1426 4810 ἔθετο
1463 4759 1520 4812 ὲν
1547 4760 1642 4812 Αί-

97 4843 267 4914 γύπτῳ
306 4844 372 4897 τὰ
412 4847 611 4917 σημεῖα
653 4845 840 4911 αὑτοῦ,
890 4847 982 4901 καὶ¹
1018 4845 1086 4898 τὰ
1129 4847 1331 4920 τέρατα
1366 4849 1529 4902 αὐτοῦ
1581 4852 1638 4904 ὲν

99 4933 246 5005 πεδίῳ
288 4936 533 5001 Τὰνεως,
562 4957 580 4988 ι
628 4940 854 5010 πότερον
905 4939 984 5010 τῷ
1028 4941 1366 5014 ὑποκειμένῳ
1395 4943 1636 5014 διαφέρει

96 5026 154 5076 τὰ
187 5030 375 5096 σημεῖα
425 5029 520 5082 καὶ
563 5030 786 5100 τέρατα,
831 5029 864 5101 ἢ
903 5031 970 5085 τὰ
1004 5032 1162 5087 αὐτὰ.
1283 5035 1384 5108 μὲν
1434 5035 1636 5104 σημεῖά

97 5113 216 5180 ἐστι,
248 5115 463 5187 γέγονεν
492 5121 548 5173 ἐν
588 5120 869 5192 Αἰγύπτῳ,
902 5124 998 5176 καὶ
1027 5123 1194 5194 αὐτῆς
1223 5123 1322 5191 τῆς
1357 5125 1630 5192 Αἰγύπτου

157 5254 194 5285 ¹⁸
217 5253 364 5331 Joau.
396 5261 596 5331 mili),
633 5261 722 5317 ‘29.
813 5264 854 5294 ’⁸
881 5262 1024 5318 Psal.
1054 5279 1255 5331 cxxvtt,
1285 5265 1340 5319 2.
1419 5267 1462 5299 ¹⁶
1487 5266 1641 5322 Joan.

94 5319 169 5378 54.
239 5328 280 5358 ὀ
304 5329 430 5383 ibid.
459 5319 550 5385 ιδ.

155 5481 255 5553 {88)
273 5484 542 5560 Οὐδαμοῦ
567 5489 684 5560 μὲζ
731 5489 1043 5560 ὠνομάσθη
1082 5487 1240 5558 μόνα
1281 5487 1354 5560 τὰ
1397 5488 1628 5556 τέρατα.

94 5547 282 5605 Novum
332 5547 596 5612 duntaxat
645 5547 1050 5614 Testamentum
1082 5547 1204 5612 'hac
1249 5547 1632 5614 observatione

92 5623 610 5700 comprehendit,_in
653 5644 761 5697 quo
815 5628 1017 5700 τέρατα
1069 5629 1376 5700 οιΑ-σημεῖα
1419 5643 1634 5700 se_mper

91 5689 356 5762 conjuncta
378 5689 630 5762 reperies.
651 5689 818 5752 Secus
843 5689 896 5752 ἱιὶ
918 5699 1113 5753 Veteri.
1138 5689 1272 5752 Vide
1294 5698 1436 5752 enim
1459 5689 1630 5752 Exod.

88 5769 158 5823 tv,
180 5759 282 5829 21;
332 5778 422 5828 xv,
441 5759 544 5830 ⁷11,
571 5778 623 5820 et
654 5768 856 5836 psaltn.
903 5784 1030 5836 XLV,
1070 5768 1143 5835 8;
1194 5767 1319 5824 Isai.
1357 5783 1504 5837 XXIV,
1533 5768 1631 5836 ili;

345 5857 572 5923 Ριιιοι..
604 5863 723 5928 Gn.
756 5863 928 5926 XIV.

1748 4579 1876 4634 illud
1890 4578 2220 4648 estsignum.
2240 4576 2459 4643 Qumres
2472 4583 2648 4628 autem
2669 4574 2720 4626 in
2738 4573 3133 4641 septuagesimo
3149 4571 3318 4641 septi-

1748 4687 1836 4724 mo
1854 4670 2078 4740 psalmo,
2106 4689 2124 4722 ι
2152 4668 2304 4723 Sicut
2328 4666 2594 4736 disposuit
2616 4665 2667 4719 iu
2692 4663 2926 4734 Egypto
2939 4665 3092 4735 signa
3117 4679 3238 4731 sua,
3260 4675 3317 4720 et

1747 4757 1987 4827 prodigia
2018 4771 2112 4810 sua
2137 4756 2189 4809 iu
2213 4769 2402 4826 campo
2428 4754 2693 4817 Taneos,»
2715 4763 2897 4806 utrum
2928 4755 3166 4823 subjecto
3188 4754 3323 4809 nec-'

1749 4950 1857 4994 tum
1907 4942 2057 5010 signa
2103 4947 2266 5004 sunt,
2304 4937 2444 4993 facta
2504 4937 2614 4991 sint
2644 4937 2696 4990 in
2735 4935 2996 5007 Egypto,
3036 4953 3160 4991 cum
3196 4929 3326 5006 ips!
3353 4929 3361 4950 ²

1741 5033 1902 5086 etiam
1957 5031 2216 5100 [Egyptus
2260 5029 2328 5084 ad
2378 5026 2734 5096 intelligibilia
2791 5028 3035 5095 quaedam
3084 5024 3370 5100 reduca-{z

1743 5069 1902 5086 .........
1957 5069 2216 5100 manu...
2260 5069 2328 5084 ..υ
2379 5069 2734 5096 ....ν...,,..,.....
2794 5069 3035 5095 1-.."...
3084 5069 3292 5114 .-υπς’
3321 5069 3336 5078 τ

1743 5136 1868 5190 ιυι·;
1907 5124 1960 5177 in
2012 5131 2274 5192 quantum
2331 5131 2510 5174 autem
2574 5119 2838 5188 prodigia,
2898 5117 3042 5173 facta
3091 5119 3200 5173 sint
3251 5069 3395 5172 in?

1677 5285 1751 5336 tv,
1784 5267 1870 5321 54.
1947 5266 1987 5296 ¹⁷
2016 5263 2263 5334 ίυῑάηις.
2340 5261 2385 5293 ¹⁸
2409 5261 2604 5316 Genes.
2662 5257 2886 5324 “11,10.
2967 5259 3007 5290 ⁸³
3040 5255 3191 5312 Joan.
3228 5270 3302 5320 tv,

1733 5485 2044 5549 xxvttt,‘29;
2068 5483 2331 5538 Ezechiel.
2363 5498 2461 5542 XII,
2488 5481 2575 5540 Il.
2599 5483 2802 5539 cIJoel.
2826 5500 2882 5544 tt.
2917 5482 3298 5540 50.1Hutt'rtus.

1805 5558 1916 5629 (89)
1944 5556 2220 5642 Efpntat.
2247 5553 2321 5606 Ita
2353 5556 2520 5608 codex
2549 5554 2897 5620 Budleiauus;
2926 5553 3150 5624 Regius,
3176 5569 3299 5622 per-

1735 5626 2180 5768 pezgginﬁgﬁor
2207 5693 2339 5762 περὶ
2393 5692 2460 5768 τό
2508 5693 2780 5768 σημεῖον.
2832 5692 3058 5750 Videtur
3103 5695 3298 5764 legisse

1738 5765 2021 5823 Ferrarius
2055 5766 2218 5838 ἦγουν
2258 5781 2363 5836 περ
2408 5765 2468 5816 τὸ
2502 5767 2743 5835 σημεῖον.

2949 5866 3023 5923 17

1745 4826 1816 4904 ne
1853 4848 2101 4902 dilI‘erant
2133 4849 2286 4917 signa
2317 4856 2372 4901 et
2404 4844 2682 4916 prodigia;
2711 4859 2778 4896 an
2809 4845 3014 4906 eadem,
3047 4843 3098 4898 iu
3141 4831 3356 4915 (μίση-’⁸
