3702 6142
377 302 483 359 52⁵5
1816 305 2144 363 ORIGENIS

2055 306 2144 363 ιιε
3500 318 3591 374 ὗὲδ

376 436 567 493 campo
598 406 842 484 Taneos;
875 404 998 476 cum
1030 407 1281 490 alioquin.
1302 423 1565 494 prodigia,
1596 423 1648 478 in
1683 437 1942 494 quantum
1975 439 2018 493 Α
2046 429 2186 496 ἀναγ

2055 427 2388 498 ἀνοιγομένης
2418 428 2510 480 ἐπί
2539 447 2657 483 τινα
2688 430 2884 500 νοητά·
3014 432 3071 486 δὲ
3107 433 3330 506 τέρατα,
3364 435 3419 487 ὲν
3448 437 3593 510 πεδίῳ

374 513 641 584 prodigia,
694 528 873 582 neque
929 528 1152 584 campus
1179 514 1426 578 Taneos,
1464 517 1516 570 in
1550 525 1812 585 quantum
1865 529 1949 572 est
2050 521 2187 574 Τάνε

2055 521 2286 584 Τάνεως,
2313 521 2436 574 οὔτε
2481 521 2590 575 τῶν
2629 525 2894 595 τεράτων,
2994 525 3214 596 τέρατα,
3244 525 3364 580 οὔτε
3393 528 3480 582 τοῦ
3508 549 3590 584 πε-

376 619 596 675 campus
619 603 854 671 Taneos,
875 604 1187 674 allegoriam
1215 607 1453 674 capiant.
1475 605 1614 672 Quin
1639 607 1798 661 etiam
1825 621 1949 676 pro-
2047 611 2161 665 δίου

2055 611 2161 665 δίου
2211 613 2459 679 Τάνεως,
2585 615 2763 668 πεδίον
2812 617 3061 679 Τάνεως,
3111 616 3590 689 ἁλληγορουμένων,

375 699 539 769 digia,
579 698 631 752 in
681 708 942 768 quantum
1004 698 1160 766 signa
1215 707 1371 764 sunt,
1421 713 1586 754 sensu
1652 702 1948 770 anagogico

373 802 556 862 egent,
584 799 638 845 et
666 803 892 858 campus
924 786 1161 853 Tancos,
1183 789 1234 842 in
1270 799 1531 859 quantum
1558 800 1639 846 est
1659 791 1943 864 ngypIus.

373 884 767 941 Cteterumboc
795 882 848 935 in
879 880 996 936 loco
1041 879 1295 935 ﬁniamus
1326 883 1489 936 etiam
1533 883 1797 938 decimum
1843 895 1948 940 ter-

373 979 507 1032 tium
572 988 775 1031 tomum
839 974 1208 1030 continentem
1265 975 1701 1042 explanationem
1757 992 1944 1030 eorum

373 1083 495 1138 quae
525 1077 652 1122 sunt
682 1080 711 1119 a
744 1063 1012 1135 principio
1036 1078 1208 1132 usque
1231 1064 1297 1118 ad
1327 1064 1615 1132 septimum
1654 1065 1758 1119 iter
1779 1063 1940 1118 Jesu:

372 1174 497 1214 nam
535 1159 766 1227 primum
798 1156 1026 1210 Betbara
1055 1155 1438 1224 proﬁciscitur,
1477 1171 1598 1209 eum
1639 1157 1945 1225 baptizatur

373 1252 513 1322 apud
537 1250 821 1306 Jordanem
851 1266 867 1315 ;
894 1249 1130 1304 secundo
1169 1247 1445 1317 profectus
1477 1247 1679 1304 Canam
1712 1247 1944 1304 Galilmte

369 1355 434 1395 ex
465 1356 603 1408 aqua
649 1340 833 1393 vinum
886 1338 1049 1402 fecit;
1097 1339 1256 1394 tertio
1300 1337 1680 1406 Capliarnaum
1713 1338 1940 1394 descen-

367 1435 468 1498 dit,
497 1443 550 1489 et
579 1433 828 1502 congruit
857 1442 914 1485 ut
936 1432 1024 1486 ubi
1050 1432 1157 1487 sint
1182 1433 1392 1502 aegroti,
1418 1432 1712 1488 descendat
1736 1449 1751 1498 ;
1779 1448 1942 1503 quar-

367 1537 426 1582 ιο
450 1525 837 1597 Jerosolymam
869 1526 1046 1591 redit;
1074 1525 1264 1595 quinto
1311 1534 1683 1580 commoratur
1707 1541 1828 1581 cum
1857 1526 1939 1580 di-

367 1620 589 1688 scipulis
639 1619 692 1673 in
731 1628 874 1673 terra
926 1617 1144 1683 Judtea;
1184 1627 1340 1674 sexto
1393 1617 1446 1672 in
1502 1615 1747 1673 Samaria
1800 1619 1938 1688 apud

366 1711 570 1766 fontem
595 1711 762 1767 Jacob
781 1711 965 1766 docuit
998 1726 1119 1780 quae
1149 1726 1248 1780 pro
1280 1709 1486 1766 viribus
1517 1711 1934 1780 indagavimus;

2048 700 2184 755 ἀλλὰ
2245 703 2338 754 καὶ
2382 703 2449 756 τὰ
2491 703 2724 774 τέρατα,
2864 707 3064 776 σημεῖά
3105 709 3253 769 ἐστι,
3305 709 3464 764 δεῖται
3513 713 3591 765 ἀν-

2046 793 2289 862 αγωγῆς,
2335 795 2428 848 καὶ
2456 794 2517 846 τὸ
2545 795 2724 848 πεδίον
2752 796 2990 860 Τάνεως,
3091 798 3381 867 Αἴγυπτος.
3419 802 3590 857 Αὑτόθι

2046 885 2102 938 δὲ
2127 885 2565 957 καταπαύσωμεν
2594 888 2688 940 καὶ
2723 888 2814 940 τὸν
2841 890 3284 959 τρισκαιδέκατον
3313 890 3415 963 (91)
3447 895 3591 963 τόμον

2047 979 2367 1049 περιέχοντα
2415 979 2665 1051 διήγησιν
2715 980 2822 1033 τῶν
2877 981 3038 1052 μέχρι
3086 982 3185 1051 τῆς
3235 983 3461 1055 ἑϐδόμης
3507 987 3592 1057 ἀρ-

2045 1068 2209 1139 χῆθεν
2253 1069 2546 1141 ἐπιδημίας
2593 1068 2686 1122 τοῦ
2731 1069 2933 1140 Ἰησοῦ·
2992 1070 3208 1138 πρῶτον
3263 1074 3360 1142 μὲν
3405 1073 3505 1146 γὰρ
3545 1078 3594 1129 ὲν

2005 1206 2007 1210 .
2047 1159 2268 1232 Βαθαρᾷ
2301 1161 2451 1231 παρὰ
2507 1160 2583 1231 τῷ
2623 1160 2872 1232 Ἰορδάνῃ
2926 1160 3323 1233 βαπτιζόμενος
3373 1165 3591 1233 γίνεται·

2043 1251 2291 1323 δεύτερον
2323 1252 2378 1304 δὲ
2416 1255 2482 1324 τῇ
2518 1254 2672 1322 Κανᾷ
2709 1252 2808 1322 τῆς
2841 1252 3126 1316 Γαλιλαίας
3156 1256 3507 1326 ἐπιδημήσας,
3544 1257 3596 1310 τό

2045 1344 2186 1415 ὕδωρ
2208 1340 2348 1398 οἶνον
2378 1348 2550 1398 ποιεῖ·
2579 1346 2761 1416 τρίτον
2794 1347 2871 1406 είς
2906 1345 3008 1416 τὴν
3041 1347 3416 1419 Καφαρναοὺμ
3443 1366 3587 1402 κατα⁸

2043 1437 2235 1501 ϐαίνει,
2267 1436 2361 1491 καὶ
2405 1438 2632 1508 ἁρμόζει
2666 1454 2728 1506 γε
2759 1439 2890 1492 ὅπου
2937 1441 3252 1494 καταϐαίνει
3300 1436 3432 1493 εἶναι
3474 1442 3582 1502 τοὺς

2041 1527 2426 1591 ἀσθενοῦντας·
2471 1529 2725 1600 τέταρτον
2770 1531 2850 1591 εἰς
2893 1530 3234 1602 Ἱεροσόλυμα
3284 1531 3587 1601 ἀνέρχεταιο

2043 1621 2292 1692 πέμπτον
2339 1621 2419 1684 εἰς
2469 1621 2568 1691 τὴν
2624 1620 2880 1674 Ἰουδαίαν
2933 1622 3036 1692 γῆν
3087 1621 3449 1692 συνδιατρίϐει
3495 1623 3592 1684 τοῖς

2045 1711 2343 1782 μαθηταίςο
2376 1713 2530 1765 ἕκτον
2558 1714 2614 1765 ἐν
2645 1717 2711 1784 τῇ
2741 1713 3028 1784 Σαμαρείᾳ
3067 1713 3217 1784 παρὰ
3244 1715 3310 1784 τῇ
3344 1716 3484 1783 πηγῇ
3511 1713 3590 1764 τοῦ

366 1806 594 1875 septimo
620 1806 794 1860 denuo
821 1805 1186 1874 proﬁciscitur
1209 1804 1412 1859 Canam
1442 1803 1714 1868 Galilacze;
1757 1805 1810 1858 in
1848 1819 1936 1859 se-
1967 1801 2013 1860 Β
2055 1805 2187 1859 Ἰακε

2055 1805 2246 1859 Ἰακὼὸ
2287 1803 2394 1875 (92)
2434 1804 2687 1868 ἐδίδαξεν,
2719 1805 2754 1858 ἃ.
2799 1803 2940 1856 κατὰ
2980 1803 3206 1874 δύναμιν
3235 1805 3589 1874 ὲξητάσαμεν·

365 1897 656 1965 quentibus
681 1911 830 1960 vero,
873 1895 982 1951 Deo
1013 1897 1209 1961 dante,
1243 1895 1573 1952 disseremus
1603 1896 1670 1950 de
1699 1895 1782 1950 his
1819 1911 1938 1965 quae

368 1989 436 2041 ab
466 1989 580 2056 ipso
607 1987 746 2043 facta
775 1987 1027 2059 dictaque
1052 1997 1177 2043 sunt
1203 1985 1556 2055 Jerosolymis
1589 1986 1642 2040 in
1673 1986 1759 2041 die
1797 1986 1936 2042 festo

366 2077 696 2133 Judaeorum.

2043 1893 2135 1946 καὶ
2181 1893 2405 1962 ἕϐδομον
2432 1895 2488 1946 ἐν
2528 1895 2683 1964 Κανᾷ
2724 1896 2822 1966 τῆς
2866 1895 3152 1958 Γαλιλαίας
3183 1895 3431 1964 δεύτερον
3463 1895 3590 1962 γίνε-

2039 2001 2158 2037 ταιο
2191 1987 2247 2037 ἐν
2273 1985 2329 2037 δὲ
2362 1985 2438 2055 τῷ
2470 1985 2615 2054 ἑξῆς,
2645 1985 2776 2040 Θεοῦ
2805 1987 3053 2049 διδόντος,
3081 1985 3446 2058 διαληψόμεθα
3473 1987 3582 2056 περὶ

2037 2077 2146 2130 τῶν
2172 2079 2228 2130 ὲν
2260 2080 2324 2148 τῇ
2355 2079 2514 2148 ἑορτῇ
2553 2077 2658 2130 τῶν
2701 2078 2963 2132 Ἰουδαίων
2991 2080 3049 2133 ὲν
3091 2079 3476 2150 Ἰεροσολύμοις
3499 2094 3582 2129 πε-

2041 2167 2372 2238 πραγμένων
2397 2166 2545 2236 αὐτῷ
2568 2168 2661 2220 καὶ
2684 2169 3006 2240 εἰρημένων.

539 2267 866 2322 Δείπουσιν
897 2267 953 2318 οι
983 2265 1145 2335 τόμοι
1166 2261 1840 2384 τεσσαρεσκαιδέκαιὶοςέ,
1873 2261 2422 2386 πητεὲἕιιδέκατος,
2448 2261 2888 2329 ἑκκαιδέκατος,
2916 2263 3434 2330 ἑπτακαιδέκατος,

1662 2348 1734 2385 κα
1834 2349 2046 2385 κτωκαι
2123 2350 2318 2386 κατοο.

1662 2348 1758 2385 και
1798 2348 2318 2398 οκτωκαιοεκατος.

1505 2652 2445 2784 ΩΡΙΓΕΝΟΥΣ

959 2886 1095 2940 NN
1127 2887 1254 2939 ΕΙΣ
1294 2887 1369 2939 ΤΟ
1408 2887 1501 2938 ΚΑ
1516 2887 1595 2938 ΤΛ
1636 2886 1972 2938 ΙΩΑΝΝΗΝ
2004 2885 2481 2940 ΕΥΑΓΓΕΛΙΟΝ
2506 2884 2973 2943 ΕΞΗΓΗΤΙΚΩΝ

1699 3050 2079 3136 ΤΟΜΟΣ
2142 3039 2305 3138 ΙΘ’.

1637 3332 2311 3449 ORIGENIS

759 3556 1525 3624 COMMENTARIORUM
1598 3555 1678 3615 IN
1746 3553 2275 3616 EVANGELIUM
2338 3553 2762 3617 SECUNDUM
2831 3556 3192 3619 JOANNEM

1222 3735 1628 3828 TOMUS
1690 3733 2216 3824 DECIMUS
2289 3732 2726 3826 NONUS.

1924 3913 1990 3929 ρ

425 4014 585 4086 281
620 4012 671 4069 l.
706 4029 724 4062 ι
755 4008 1053 4080 Respondit
1078 4007 1235 4063 Jesus
1262 4023 1276 4063 :
1300 4006 1485 4078 Neque
1516 4023 1602 4064 me
1626 4008 1800 4074 scitis,
1832 4024 1925 4064 ne-
1950 4017 1994 4075 ο
2101 4011 2187 4081 (93

2101 4009 2212 4081 (95)
2242 4027 2260 4060 ι
2302 4005 2596 4076 Ἀπεκρίθη
2621 4005 2650 4057 6
2687 4003 2920 4076 Ἰησοῦς·
2951 4002 3085 4057 Οὔτε
3115 4001 3219 4073 ἐμὲ
3251 4003 3443 4067 οἴδατε,
3469 4000 3574 4056 οὔτε

355 4123 461 4179 que
487 4107 702 4161 Patrem
729 4119 938 4166 meum;
969 4103 1012 4157 si
1051 4117 1136 4156 me
1161 4101 1396 4164 sciretis,
1421 4112 1474 4156 et
1507 4101 1721 4156 Patrem
1745 4117 1923 4157 meum

353 4197 651 4257 sciretis“.
698 4215 719 4250 ι
754 4195 811 4250 Si
863 4196 1035 4248 oratio
1067 4194 1274 4253 dicens.
1315 4212 1333 4245 ι
1375 4193 1440 4246 Ει
1471 4208 1556 4248 me
1585 4193 1759 4260 scitis,
1785 4194 1926 4250 unde

352 4291 454 4345 sim
481 4291 552 4353 ",
587 4307 606 4340 ο
639 4295 693 4343 et
716 4301 802 4351 ea,
829 4299 948 4354 qua:
967 4283 1101 4338 dicit
1125 4298 1140 4336 :
1163 4301 1181 4334 ι
1214 4281 1399 4351 Neque
1428 4297 1514 4338 me
1543 4284 1714 4347 scitis,
1752 4299 1926 4354 neque

354 4380 565 4437 Patrem
601 4395 801 4443 meum,
839 4396 858 4430 ο
894 4378 958 4432 ad
1000 4377 1216 4431 eosdem
1249 4375 1548 4459 diceretur,
1577 4374 1750 4443 palam
1775 4377 1926 4430 vide-

352 4483 504 4528 retur
536 4472 868 4528 contrarium
907 4484 1026 4524 esse
1071 4469 1214 4538 quod
1261 4468 1455 4522 dicitur
1487 4485 1500 4532 ;
1529 4483 1668 4521 nunc
1699 4482 1827 4522 vero
1856 4467 1921 4521 il-

351 4563 466 4628 lud,
491 4581 511 4615 ι
545 4571 598 4618 et
625 4578 710 4618 me
742 4562 914 4627 scitis,
951 4580 971 4613 ι
1000 4561 1066 4614 ad
1106 4560 1367 4630 quosdam
1418 4558 1616 4613 dicitur
1652 4557 1925 4630 Jerosoly-

350 4655 512 4708 mitas
538 4653 628 4722 qui
657 4653 911 4708 dixerunt
942 4668 955 4704 :
995 4669 1014 4702 ι
1051 4649 1186 4705 Num
1225 4665 1350 4704 vere
1380 4643 1750 4718 cognoverunt
1771 4650 1923 4719 prin-

347 4746 498 4814 cipes
524 4747 667 4801 hunc
691 4759 811 4801 esse
837 4744 1112 4801 Christum
1139 4744 1162 4797 ?
1191 4745 1282 4798 sed
1321 4744 1464 4798 hunc
1507 4743 1711 4797 scimus
1734 4781 1749 4806 ,
1782 4731 1924 4797 unde

350 4837 456 4903 sit;
483 4846 537 4891 at
575 4835 822 4892 Christus
870 4851 992 4890 cum
1028 4833 1454 4899 venerit,nullus
1491 4840 1747 4904 agnoscet
1783 4833 1924 4888 unde

454 4957 502 4991 “
536 4957 692 5015 Joan.
723 4971 845 5020 vnt,
871 4955 959 5011 l9.
1037 4954 1256 5011 “Joan.
1291 4969 1385 5020 vn,
1415 4952 1508 5010 28.

421 5078 533 5148 (91)
570 5074 1080 5144 Τρισκαιδέκατον.
1122 5072 1300 5127 Codex
1349 5070 1694 5136 Bodleiantls,
1751 5070 1921 5124 ὀκτω-

347 5148 682 5204 καιδεκατον.

419 5220 531 5284 (92)
566 5216 683 5270 Τοῦ
721 5215 931 5271 Ἰακώϐ.
972 5216 1135 5284 Deest
1160 5214 1212 5266 in
1242 5212 1426 5284 codice
1463 5209 1774 5284 Bodleiano.

420 5280 532 5359 (97))
560 5283 1199 5359 Deesse‘videturbnjus
1251 5282 1378 5336 tomi
1425 5280 1914 5359 initium.__Nullum

348 5349 490 5415 enim
516 5349 718 5412 tomum
776 5355 969 5424 incipit
1017 5354 1301 5425 Otigenes,
1353 5351 1485 5421 quin
1539 5349 1793 5425 pluribus
1833 5350 1916 5404 vel

348 5427 536 5498 paucis
584 5420 908 5495 alloquatur'
949 5420 1268 5498 familiarem
1332 5420 1487 5476 suum
1542 5420 1916 5498 Ambrosium,

349 5491 509 5564 eique
543 5491 816 5565 expressis
857 5495 1037 5550 verbis
1069 5492 1313 5548 enuntiet
1347 5501 1546 5565 quotus
1585 5491 1655 5542 sit
1684 5506 1910 5565 numero

353 5560 531 5620 tomus
555 5560 665 5634 ille,
687 5583 846 5636 quem
871 5565 919 5619 ei
943 5571 1216 5636 nuncupat
1248 5577 1310 5617 ac
1338 5561 1524 5636 ntittit_,
1552 5560 1909 5636 quemadmo-

351 5636 476 5686 dum
512 5630 845 5691 videre'licet
873 5637 924 5690 in
973 5634 1188 5688 caeteris
1221 5642 1345 5686 octo
1386 5631 1543 5686 tomis
1567 5630 1682 5698 'qui
1719 5645 1908 5694 super-

355 5712 502 5771 sum,
539 5703 638 5756 Hic
675 5721 802 5760 vero
835 5707 909 5760 nil
943 5705 1120 5762 simile
1151 5701 1436 5771 reperitur.
1467 5700 1668 5771 Tomos
1713 5699 1907 5771 incipit

354 5773 420 5825 ab
462 5770 687 5841 abrupto
719 5784 906 5832 contra
963 5788 1167 5832 morum
1207 5768 1224 5826 ἱ
1263 5771 1406 5828 nulla
1454 5769 1717 5840 praefatio,
1757 5768 1900 5822 nulla

2026 4103 2117 4156 τὸν
2156 4100 2370 4171 Πατέρα
2405 4116 2503 4169 μου
2525 4115 2538 4129 ·
2574 4099 2624 4150 εἰ
2657 4098 2756 4167 ἐμὲ
2781 4097 2974 4168 ᾔδειτε,
3003 4097 3096 4150 καὶ
3125 4097 3218 4149 τὸν
3248 4096 3461 4166 Πατέρα
3487 4111 3574 4164 μου

2028 4194 2096 4248 ἂν
2124 4195 2320 4265 ᾔδειτε.
2353 4209 2372 4244 ι
2411 4194 2473 4245 Εἰ
2518 4192 2616 4262 μὲν
2666 4191 2800 4262 πρὸς
2829 4190 2952 4251 τοὺς
2997 4188 3105 4258 (94)
3150 4189 3351 4252 αὐτοὺς
3380 4192 3407 4242 ὁ
3438 4187 3574 4254 λόγος

2024 4283 2092 4359 ἦν
2115 4289 2145 4340 6
2178 4286 2379 4354 λέγων,
2411 4304 2430 4337 ι
2457 4283 2618 4354 Κάμὲ
2659 4283 2835 4336 οἴδατε
2867 4283 3027 4336 πόθεν
3065 4284 3212 4353 είμὶ,
3244 4303 3263 4335 ι
3311 4285 3405 4337 καὶ
3425 4283 3453 4334 6
3485 4279 3572 4347 φά-

2028 4395 2171 4434 σκων
2221 4377 2362 4449 (95),
2413 4395 2431 4428 ι
2461 4376 2598 4430 Οὖτε
2649 4376 2748 4446 ἐμὲ
2800 4375 3007 4441 οἴδατε,
3052 4376 3182 4430 οὔτε
3233 4377 3326 4429 τὸν
3377 4373 3570 4444 Πατέρα

2029 4486 2152 4540 μου,
2180 4489 2196 4521 r
2242 4470 2499 4540 ἄντικρυς
2547 4469 2614 4521 ἂν
2653 4465 2828 4532 ἔδοξεν
2872 4467 3114 4520 ἐναντίον
3156 4465 3300 4519 εἶναι
3348 4465 3406 4518 τὸ
3437 4462 3569 4528 λεγό-

2029 4577 2186 4631 μενον
2205 4576 2219 4590 ‘
2265 4560 2382 4614 νυνὶ
2413 4560 2469 4612 δὲ
2495 4559 2557 4618 τὸ
2592 4559 2709 4629 μὲν,
2743 4577 2761 4609 ι
2793 4559 2950 4628 Κάμὲ
2981 4559 3178 4621 οἴδατε,
3208 4577 3228 4609 ι
3279 4557 3412 4628 πρὸς
3443 4566 3570 4611 τινας

2022 4650 2132 4705 τῶν
2172 4651 2607 4722 Ἱεροσολυμιτῶν
2640 4649 3039 4718 ἀπαγγέλλεται
3068 4649 3390 4720 εἰρηκόταςο
3426 4663 3444 4697 ι
3470 4645 3570 4710 Mt":

2026 4758 2155 4795 ποτε
2185 4741 2416 4818 ἀληθῶς,
2438 4741 2678 4808 ἔγνωσαν
2709 4743 2756 4793 oi.
2800 4742 3088 4812 ἄρχοντες,
3120 4742 3202 4794 ὅτι
3242 4739 3404 4801 αὐτός
3443 4738 3567 4788 ἐστιν

2029 4835 2058 4886 6
2096 4835 2362 4906 Χριστός;
2401 4834 2559 4889 Ἀλλὰ
2586 4833 2770 4888 τοῦτον
2794 4834 3013 4905 οἴδαμεν
3055 4832 3218 4887 πόθεν
3251 4833 3425 4886 ἐστίν·
3463 4830 3487 4880 6
3520 4824 3568 4876 δὲ

2019 5071 2189 5140 ipsius
2213 5065 2346 5140 tomi
2376 5061 3017 5140 ennntiatio.__Pr:eterea
3048 5059 3098 5113 in
3126 5059 3234 5140 ﬁne
3269 5058 3558 5140 pilis-fluat!

2020 5127 2239 5196 dimidia
2267 5138 2348 5192 sui
2379 5144 2534 5204 parte
2589 5132 3001 5204 mntilnmueum
3053 5143 3175 5204 esse
3221 5129 3348 5204 inde
3396 5127 3556 5204 liquet:

2021 5194 2163 5278 onod
2212 5194 2518 5278 desinatAin
2567 5218 2784 5258 versum
2821 5199 2892 5254 25
2947 5201 3273 5278 ca_pit_is_vut
3307 5194 3556 5278 Evangelii

2018 5259 2586 5343 j'o‘a'rinis,‘vicesimus
2614 5288 2747 5343 vero,
2797 5281 2976 5343 tomus
3002 5259 3222 5343 incipiat
3245 5285 3283 5343 _a
3326 5259 3473 5325 versi
3499 5259 3558 5343 E57

2019 5332 2263 5417 ejusdem
2289 5346 2516 5416 capitis;
2549 5360 2612 5398 ac
2636 5341 2860 5417 proinde
2885 5332 3375 5417 _mani[e_'st_eﬂdeest
3403 5332 3560 5404 expla-

2021 5407 2171 5475 n'atio
2196 5407 2443 5472 undecim
2467 5407 2744 5473 versuum,
2771 5409 3024 5465 nimirum
3055 5407 3243 5463 26-36.

2092 5489 2203 5558 (94)
2236 5492 2302 5542 El
2336 5485 2452 5553 μὲν
2475 5485 2625 5558 πρὸς
2648 5484 2810 5558 τούς,
2841 5489 2948 5535 etc.
2976 5477 3157 5535 Codex
3194 5477 3416 5549 Regius,
3458 5484 3557 5542 pef-

2017 5553 2276 5630 peram.6
2311 5558 2407 5630 μὲν
2427 5556 2564 5630 πρρς
2593 5553 2868 5630 τούςκθιρ.
2898 5619 2936 5630 η
3035 5619 3073 5630 “
3150 5618 3161 5630 ⁸
3265 5619 3278 5630 _
3347 5617 3359 5629 .

2087 5630 2200 5703 (95)
2220 5616 2336 5684 ἰαιί
2365 5631 2399 5682 ό
2432 5616 2708 5696 solidatur;
2736 5625 2789 5680 In
2813 5619 3004 5679 codice
3035 5618 3202 5691 Regio
3246 5616 3559 5672 desideratur

2017 5701 2132 5756 καί.
