3702 6142
233 368 324 426 525
1256 359 1609 418 COMMENT.
1650 361 1716 415 IN
1749 359 1936 417 JOAN.
1980 360 2217 420 TOMUS
2253 359 2396 416 XIX.

3337 361 3440 420 526

231 481 441 556 Χριστὸς
463 479 590 534 ὅταν
618 478 863 552 ἔρχηται,
888 478 1060 543 οὐδεὶς
1088 477 1344 548 γινώσκει
1374 479 1536 533 πόθεν
1571 478 1686 532 ὲστί

1985 478 2046 546 ἐς
2077 497 2094 531 ι
2133 480 2235 534 hoc
2257 491 2408 542 vero,
2441 493 2460 528 ι
2504 487 2679 544 neque
2705 489 2794 531 me
2831 476 3008 546 scitis,
3047 495 3068 531 ι
3101 483 3157 532 et
3187 478 3331 546 quod
3356 492 3447 532 se-

229 577 284 631 τὺ
307 576 385 638 δὲ,
417 575 497 627 ὅτι
538 591 558 624 ι
586 571 722 626 Οῖιτε
760 573 860 643 ἐμὲ
903 571 1108 636 οἴδατε,
1132 589 1152 623 ι
1198 572 1294 626 καὶ
1337 571 1399 624 τὺ
1437 572 1590 642 ἑξῆς,
1640 570 1774 642 πρὸς

1877 569 2079 638 quitur,
2111 571 2178 623 ad
2204 569 2510 624 Pharisaaos
2535 568 2754 634 dicitur,
2772 569 2864 639 qui
2893 569 3148 624 dixerunt
3174 568 3250 624 illi
3279 586 3338 624 τί
3363 567 3444 624 Τιι

231 670 340 731 τοὺς
385 665 634 728 εἰπόντας
689 663 838 734 αὐτῷ
891 662 1246 734 Φαρισαίους·
1299 678 1319 714 t
1347 663 1420 716 Σὺ
1479 680 1693 735 μαρτυρ

1983 659 2192 716 ificaris
2215 662 2282 716 de
2311 671 2363 718 te
2401 664 2552 734 ipso,
2589 659 2952 715 testimonium
3001 669 3154 715 tuum
3204 674 3314 716 non
3357 670 3445 717 est

232 757 346 827 περὶ
385 752 692 824 σεαυτοῦ,ή
727 751 1004 823 μαρτυρία
1038 768 1132 805 σου
1171 752 1271 805 οὐκ
1313 751 1459 806 ἔστιν
1498 752 1723 824 ἀληθής.
1752 772 1770 805 ι

231 847 359 918 Πλὴν
399 846 492 898 καὶ
537 845 650 907 τοῖς
691 842 1142 916 Ἱεροσολυμίταις
1188 842 1277 896 διὰ
1319 843 1427 898 τῶν
1475 844 1774 916 προτέρων,

229 939 438 1001 καὶτοῖς
459 935 771 1008 Φαρισαίοις
793 935 881 988 διὰ
907 933 1014 988 τῶν
1044 935 1137 989 νῦν
1161 933 1560 1007 ἐξεταζομένων
1593 937 1774 1008 φησὶν,

230 1034 318 1094 ὅτι,
355 1050 371 1083 ι
395 1029 500 1084 Τδν
538 1028 759 1102 Πατέρα
791 1029 893 1081 οὐκ
919 1029 1125 1081 οἴδατε·
1153 1049 1170 1082 ι
1207 1032 1320 1093 τοῖς
1350 1029 1448 1100 μὲν
1489 1029 1776 1103 Ἱεροσολυ-

231 1121 395 1194 μίταις
443 1119 533 1174 διὰ
567 1118 804 1173 τούτων·
850 1138 870 1171 σ
909 1119 1026 1172 Ἀπ’
1075 1119 1310 1189 ἐμαυτοῦ
1363 1120 1464 1172 οὐκ
1513 1119 1776 1189 ἐλήλυθα,

228 1211 328 1266 ἀλλ’
353 1209 495 1263 ἔστιν
533 1208 785 1279 ἀληθινὸς
812 1210 841 1262 6
871 1206 1092 1278 πέμψας
1139 1225 1236 1278 με,
1263 1209 1322 1262 ὃν
1355 1209 1511 1280 ὑμεῖς
1552 1211 1652 1263 οὐκ
1697 1209 1777 1262 οῖ-

225 1303 338 1358 δατε
355 1318 368 1332 ·
394 1299 504 1370 ἐγὼ
534 1297 650 1354 οἶδα
673 1299 856 1364 αὐτὸν,
893 1301 973 1353 ὅτι
1000 1300 1130 1371 παρ’
1157 1300 1320 1354 αὐτοῦ
1359 1303 1492 1373 εἰμι,
1529 1303 1780 1368 κάκεῖνός

229 1408 290 1466 με
318 1392 601 1448 ἀπέστειλε
621 1409 635 1423 ·
661 1413 681 1445 ι
717 1395 828 1456 τοῖς
871 1392 929 1446 δὲ
958 1392 1271 1463 Φαρισαίοις
1297 1392 1386 1446 διὰ
1428 1393 1523 1448 τοῦ
1542 1410 1556 1424 ·
1594 1413 1615 1446 ‹
1641 1393 1778 1448 Οὔτε

225 1483 315 1556 ἐμὲ
346 1483 553 1547 οῖδατε,
588 1483 713 1537 οὔτε
757 1484 848 1537 τὸν
890 1485 1112 1555 Πατέρα
1157 1501 1291 1556 μου·
1326 1486 1375 1537 εί
1418 1485 1518 1557 ἐμὲ
1566 1485 1776 1556 ᾔδειτε,

225 1575 308 1628 καὶ
343 1573 430 1626 τὸν
481 1575 703 1646 Πατέρα
749 1593 850 1646 μου
897 1573 963 1628 ἂν
1012 1575 1209 1646 ᾔδειτε.
1235 1594 1254 1628 ι
1291 1576 1402 1630 Καὶ
1442 1577 1674 1648 ζητήσαι
1715 1579 1781 1632 ἄν

221 1683 296 1729 τις
317 1665 549 1734 εὐλόγως
574 1667 742 1732 ὅπως,
783 1667 939 1738 εἴπερ
961 1667 1158 1739 ἀληθὲς
1180 1667 1241 1720 τὺ
1257 1707 1271 1732 ,
1300 1685 1320 1719 t
1348 1669 1412 1720 Εί
1455 1669 1555 1738 ἐμὲ
1579 1669 1777 1739 ᾔδειτε,

222 1757 307 1809 καὶ
353 1755 444 1809 τὸν
495 1757 714 1828 Πατέρα
747 1775 847 1829 μου
892 1760 958 1813 ἂν
1003 1759 1198 1829 ᾔδειτε,
1224 1778 1243 1811 ›
1275 1761 1325 1812 οί
1365 1760 1779 1832 Ἱεροσολυμῖται

221 1847 346 1917 πρὸς
367 1846 463 1911 οὓς
507 1865 669 1919 φησι·
712 1865 732 1900 t
759 1849 916 1920 Κάμὲ
941 1850 1140 1916 οἴδατε,
1164 1869 1182 1902 ι
1214 1851 1314 1904 οὐκ
1341 1850 1513 1904 οἴδασι
1550 1853 1642 1906 τὸν
1672 1855 1782 1907 Πα-

218 1937 360 2008 τέρα.
398 1939 808 2010 Προσεπιτείνει
851 1943 908 1995 δὲ
952 1941 1051 2012 τὴν
1108 1943 1187 2005 είς
1218 1942 1310 1997 τὸν
1343 1943 1506 1996 τόπον
1548 1944 1780 2014 ἀπορίαν

217 2029 341 2082 καὶὸ
367 2031 620 2104 Ἰωάννης
635 2034 692 2087 ἐν
715 2036 780 2105 τῇ
799 2033 1074 2105 Καθολικῇ
1104 2035 1383 2106 Ἐπιστολῇ
1400 2034 1570 2090 ταῦτα
1587 2035 1775 2106 λέγων·

221 2138 238 2170 ι
259 2120 312 2174 '0
343 2122 674 2195 ἀρνούμενος
691 2124 780 2178 τὸν
799 2125 1036 2196 Πατέρα,
1065 2127 1159 2178 καὶ
1191 2126 1281 2179 τὸν
1303 2127 1430 2180 Υίόν
1446 2143 1459 2156 ·
1494 2129 1601 2192 πᾶς
1625 2129 1732 2200 γὰρ
1751 2130 1779 2182 6

214 2216 538 2286 ἀρνούμενος
561 2217 652 2270 τὸν
681 2217 830 2282 Υἰὸν,
863 2217 984 2270 οὐδὲ
1005 2218 1096 2272 τὸν
1125 2218 1344 2289 Πατέρα
1375 2218 1486 2290 ἔχει
1504 2237 1518 2250 ·
1541 2239 1561 2272 ι
1589 2223 1636 2275 εί
1671 2221 1779 2293 γὰρ

214 2311 240 2362 6
265 2310 594 2383 ἀρνούμενος
623 2309 717 2363 τὸν
762 2310 1002 2382 Πατέρα,
1025 2311 1216 2365 καὶτὸν
1237 2312 1385 2376 Υίὸν,
1455 2315 1581 2368 καὶ(
1609 2316 1778 2385 ὁόμο-

213 2395 377 2464 λογῶν
407 2399 502 2452 τὸν
539 2399 686 2465 Υἱὸν,
732 2401 827 2452 καὶ¹
862 2401 955 2454 τὸν
997 2401 1215 2472 Πατέρα
1259 2401 1390 2472 ἔχει,
1429 2421 1448 2454 ι
1478 2402 1653 2473 δῆλον,
1694 2403 1775 2456 ὅτι

211 2492 259 2542 οἱ
294 2490 734 2562 Ἱεροσολυμῖται,
774 2493 894 2546 ὅσον
931 2492 1025 2546 ἐπὶ
1064 2496 1132 2562 τῇ
1176 2492 1338 2559 λέξει,
1383 2493 1460 2563 τῷ
1505 2494 1580 2566 μὴ
1612 2495 1774 2564 γινώ-

213 2595 357 2634 σκειν
400 2581 493 2634 τὸν
557 2583 803 2652 Πατέρα,
854 2582 1174 2654 ἀρνούμενοι
1243 2584 1333 2636 τὸν
1380 2583 1632 2655 Πατέρα,
1679 2585 1778 2656 ἀρ-

211 2671 424 2727 νοῦνται
449 2676 548 2728 καὶ
577 2675 667 2728 τὸν
695 2675 820 2728 Υἱόν
840 2691 852 2704 ·
889 2677 938 2727 εἰ
965 2675 1023 2727 δὲ
1051 2675 1339 2747 ἀρνοῦνται
1367 2677 1456 2731 τὸν
1486 2677 1632 2740 Υίὸν,
1661 2678 1776 2742 πῶς

207 2765 302 2832 τὸ,
341 2785 359 2818 t
383 2767 552 2838 Κάμὲ
585 2767 783 2830 οἴδατε,
812 2785 832 2819 t
877 2767 1108 2838 ἀληθές;
1143 2769 1312 2822 Πάλιν
1354 2770 1402 2822 οἱ
1442 2769 1595 2823 αὐτοὶ
1624 2771 1671 2824 εἰ
1702 2774 1777 2825 οί-

206 2857 322 2912 δασι
365 2861 458 2913 τὸν
505 2859 655 2923 Υἱὸν,
700 2860 788 2913 διὰ
827 2859 923 2922 τὸ,
971 2879 990 2913 ι
1020 2863 1129 2916 Καὶ
1181 2862 1280 2931 ἐμὲ
1326 2861 1502 2915 οἴδατε
1549 2862 1568 2933 (
1583 2863 1702 2915 ἐπεὶ
1747 2863 1777 2916 ό

204 2950 480 3020 ὁμολογῶν
520 2951 612 3004 τὸν
648 2950 795 3014 Υἰὸν,
825 2951 917 3005 καὶ
961 2951 1051 3004 τὸν
1100 2952 1317 3023 Πατέρα
1348 2953 1502 3024 ἔχει),
1531 2973 1549 3004 ι
1583 2952 1774 3024 ὁμολο-

203 3041 379 3111 γοῦσι,
406 3043 501 3096 τὸν
550 3042 795 3114 Πατέρα·
829 3044 878 3096 εί
919 3042 975 3096 δὲ
1022 3042 1338 3114 ὁμολογοῦσι
1384 3044 1476 3098 τὸν
1521 3045 1773 3118 Πατέρα,

1877 767 2063 807 verum
2092 755 2159 808 ἰ.
2199 773 2219 806 ι
2265 755 2647 811 Verumtamen
2689 753 3085 825 Jerosolymitis
3127 753 3291 808 etiam
3346 768 3448 824 per

1878 847 2176 915 superiora,
2202 856 2257 902 et
2287 845 2575 904 Pharisazis
2629 861 2726 917 per
2772 846 3085 917 praesentia,
3133 860 3254 915 quae
3299 860 3446 902 nunc

1877 937 2268 1004 examinamus,
2305 939 2478 1009 inquit
2508 940 2650 1010 quod
2689 925 2906 994 Patrem
2953 953 3061 992 non
3093 939 3272 993 norint
3302 955 3318 1005 ;
3349 935 3442 992 Je-

1878 1029 2207 1100 rosolymitis
2238 1032 2578 1101 quidem_per
2599 1031 2687 1086 illa
2718 1047 2776 1084 τι
2811 1031 2857 1084 Α
2886 1044 2971 1084 me
3001 1030 3118 1100 ipso
3156 1043 3266 1085 non
3293 1029 3444 1096 veni,

1879 1120 1971 1175 sed
2002 1133 2084 1177 est
2105 1137 2291 1187 verax,
2321 1123 2414 1193 qui
2447 1137 2533 1177 me
2561 1123 2727 1187 misit,
2751 1136 2910 1192 quem
2937 1137 3035 1176 vos
3066 1135 3172 1175 non
3221 1121 3398 1176 nostis
3425 1139 3442 1178 :

1878 1227 1977 1276 ego
1996 1212 2121 1267 novi
2152 1213 2435 1282 eum,quia
2459 1214 2524 1268 ab
2552 1212 2670 1283 ipso
2698 1226 2840 1277 sum,
2868 1221 2922 1267 et
2948 1210 3037 1266 ille
3066 1225 3156 1267 me
3186 1206 3436 1277 misit";i

1878 1302 2166 1360 Pharisaeis
2198 1320 2329 1360 vero
2359 1291 2468 1374 per.
2491 1304 2604 1360 haec
2635 1320 2648 1356 :
2684 1322 2703 1356 ι
2735 1302 2920 1374 Neque
2944 1318 3032 1358 me
3067 1302 3240 1367 scitis,
3268 1317 3444 1373 neque

1843 1392 2091 1454 .Patrem
2142 1412 2355 1464 meum;
2389 1398 2433 1452 si
2482 1412 2570 1453 me
2599 1396 2818 1452 sciretis
2841 1435 2856 1461 ,
2903 1406 2958 1450 et
2990 1394 3204 1450 Patrem
3240 1410 3441 1453 meum

1879 1487 2112 1544 sciretis.
2151 1506 2170 1539 ι
2203 1488 2282 1543 Ac
2311 1496 2459 1542 certe
2503 1487 2697 1543 merito
2727 1487 2849 1557 quis
2875 1496 3142 1557 quaereret
3172 1488 3443 1557 quomodo

1879 1579 2288 1651 Jerosolymitte,
2323 1580 2388 1635 ad
2418 1595 2555 1650 quos
2581 1580 2770 1649 inquit,
2807 1597 2828 1630 ι
2861 1588 2916 1634 et
2957 1594 3042 1635 me
3071 1580 3243 1646 scitis,
3279 1598 3299 1632 ι
3334 1595 3441 1634 non

1881 1673 2066 1727 norint
2097 1671 2336 1738 Patrem,
2363 1674 2407 1726 si
2439 1685 2624 1726 verum
2648 1681 2732 1727 est
2761 1669 2926 1725 illud:
2963 1689 2980 1723 ι
3011 1669 3066 1724 Si
3097 1685 3181 1724 me
3207 1670 3442 1734 sciretis,

1882 1776 1936 1821 et
1961 1765 2173 1820 Patrem
2205 1780 2384 1820 meum
2417 1765 2649 1820 sciretis.
2684 1783 2703 1816 ι
2733 1764 2976 1832 Adauget
2998 1772 3176 1816 autem
3208 1761 3313 1817 loci
3339 1760 3444 1816 dif-

1883 1857 2177 1911 ficultatem
2226 1855 2464 1910 Joannes
2501 1855 2554 1908 in
2615 1852 2852 1923 Epistola
2884 1851 3158 1908 Catholica
3206 1852 3321 1906 haec
3355 1851 3442 1905 di-

1881 1963 2054 2003 cens:
2092 1966 2110 1999 ι
2151 1947 2252 2014 Qui
2283 1955 2470 2016 .negat
2521 1945 2756 2007 Patrem,
2792 1955 2956 2013 negat
2988 1943 3150 1998 etiam
3194 1941 3390 1997 Filium
3423 1961 3438 1996 :

1878 2042 2054 2093 omnis
2077 2039 2218 2092 enim
2251 2039 2340 2106 qui
2371 2047 2529 2108 negat
2555 2035 2747 2090 Filium
2766 2072 2782 2098 ,
2811 2033 2858 2087 is
2889 2048 2955 2087 ne
2983 2031 3196 2087 Patrem
3225 2032 3442 2102 quidem

1879 2127 2043 2182 habet
2066 2127 2144 2193 ²⁶;
2184 2145 2203 2179 ι
2251 2129 2394 2196 quod
2444 2129 2489 2181 si
2541 2125 2663 2194 quis
2718 2133 2880 2192 negat
2917 2121 3172 2187 Patrem,
3204 2122 3249 2177 is
3281 2129 3445 2191 negat

1849 2221 2040 2291 ,etiam
2066 2219 2296 2285 Filium;
2329 2227 2383 2274 et
2416 2236 2436 2270 ι
2469 2217 2558 2287 qui
2590 2215 2782 2271 Filium
2816 2215 3036 2278 fatetur,
3070 2213 3116 2268 is
3140 2213 3301 2268 etiam
3342 2212 3444 2268 Pa-

1881 2320 2017 2366 trem
2066 2311 2228 2366 habet
2258 2312 2345 2376 ’⁷,
2390 2328 2409 2361 ι
2462 2306 2806 2378 perspicuum
2858 2313 2941 2358 est
2997 2301 3440 2374 Jerosolymitas,

1877 2403 2019 2471 quod
2053 2402 2120 2457 ad
2150 2411 2464 2459 contextum
2509 2399 2736 2459 attinet,
2769 2404 3028 2466 negantes
3072 2394 3289 2450 Patrem
3314 2435 3330 2461 ,
3378 2411 3444 2451 eo

1877 2495 2019 2565 quod
2053 2495 2268 2550 Patrem
2299 2510 2404 2549 non
2435 2493 2986 2559 agnoscant,'negare
3013 2491 3178 2545 etiam
3200 2488 3396 2543 Filium
3423 2506 3438 2543 :

1876 2588 2101 2659 proinde
2139 2587 2187 2642 si
2243 2586 2435 2640 Filium
2483 2591 2700 2654 negant,
2730 2581 2892 2652 282
2939 2581 3208 2651 quomodo
3251 2596 3439 2636 verum

1875 2688 1981 2743 est,
2018 2699 2038 2732 ι
2072 2681 2139 2736 Ει
2193 2694 2276 2734 me
2307 2677 2500 2734 scitis?
2535 2696 2554 2729 ι
2586 2677 2792 2730 Rursus
2835 2675 2879 2728 si
2913 2673 2966 2727 hi
3018 2671 3210 2727 Filium
3243 2683 3442 2727 norunt

1875 2784 2096 2846 propter
2144 2772 2295 2838 illud,
2338 2789 2356 2821 ι
2396 2770 2461 2824 Ει
2495 2784 2581 2824 me
2614 2768 2768 2824 scitis
2798 2766 3073 2838 (quoniam
3104 2765 3194 2834 qui
3241 2764 3441 2819 fatetur

1875 2868 2091 2932 Filium,
2127 2865 2173 2919 is
2204 2863 2364 2918 etiam
2409 2861 2620 2916 Patrem
2649 2858 2812 2914 habet
2837 2857 2933 2923 ³³),
2971 2876 2990 2910 ι
3041 2857 3283 2912 fatentur
3337 2856 3440 2913 Pa-

1878 2969 2010 3013 trem
2047 2971 2062 3010 :
2097 2954 2243 3024 quod
2273 2953 2316 3008 si
2347 2951 2585 3006 fatentur
2613 2951 2851 3016 Patrem,
2883 2964 3116 3018 quonam
3146 2959 3304 3018 pacto
3345 2964 3439 3004 ve-

1877 3065 1994 3103 rum
2022 3055 2107 3102 est
2135 3043 2261 3098 illud
2291 3061 2305 3097 :
2339 3060 2356 3093 ι
2395 3039 2499 3096 Sed
2527 3052 2608 3096 est
2642 3055 2807 3094 verax
2829 3039 2923 3108 qui
2956 3053 3039 3094 me
3080 3039 3248 3104 misit,
3278 3053 3437 3107 quem

202 3133 314 3198 πῶς
339 3134 546 3206 ἀληθὲς
577 3135 637 3187 τὸ
657 3175 671 3199 ,
702 3153 721 3186 ι
760 3134 897 3186 Ἀλλ’
927 3134 1070 3190 ἐστιν
1096 3136 1343 3208 ἀληθινὸς
1371 3139 1399 3190 6
1427 3135 1648 3208 πέμψας

2023 3133 2365 3192 nescitis"?
2406 3153 2424 3187 ι
2457 3135 2663 3201 Quibus
2721 3132 3152 3205 respondendum
3202 3140 3284 3186 est
3334 3132 3436 3186 ali-

200 3226 254 3277 ὃν
286 3227 448 3296 ὑμεῖς
488 3227 594 3279 οὐκ
625 3225 798 3279 οίδατε
821 3245 834 3292 ;
859 3245 878 3279 ι
916 3228 1147 3282 Λεκτέον
1189 3228 1245 3280 δὲ
1288 3229 1423 3299 πρὸς
1460 3228 1652 3293 ταῦτα,
1692 3229 1774 3282 ὃτι

197 3320 225 3371 6
256 3318 447 3390 Σωτὴρ
493 3318 586 3370 ὁτὲ
633 3318 731 3389 μὲν
767 3320 893 3390 περὶ
945 3318 1138 3372 ἑαυτοῦ
1194 3318 1269 3382 ὼς
1309 3320 1437 3391 περὶ
1484 3317 1772 3391 ἀνθρώπου

196 3410 540 3481 διαλέγεται,
578 3412 665 3464 ὁτὲ
712 3411 769 3464 δὲ
809 3411 883 3476 ὡς
916 3413 1043 3483 περ)⁹
1078 3411 1355 3483 θειοτέρας
1401 3411 1632 3481 φύσεως,
1679 3414 1774 3466 καὶ

195 3505 484 3577 ήνωμένης
541 3508 606 3576 τῇ
660 3506 938 3577 ἀγεννήτῳ
985 3504 1094 3575 (96)
1159 3506 1251 3559 τοῦ
1308 3507 1520 3578 Πατρὸς
1590 3505 1770 3575 φύσει.

207 3596 377 3650 Ἐπάν
411 3599 514 3668 μὲν
545 3598 653 3669 γὰρ
680 3597 825 3666 λέγει
847 3617 916 3668 ,μ
947 3596 1061 3652 Νῦν
1093 3596 1301 3670 ζητεῖτέ
1335 3618 1401 3670 με
1435 3600 1771 3665 ἀποκτεῖναι,

191 3688 484 3761 ἄνθρωπον
520 3690 584 3752 ὃς
608 3689 706 3762 τὴν
753 3691 1009 3762 ἀλήθειαν
1053 3692 1181 3762 ὑμῖν
1233 3692 1524 3764 λελάληκα,
1551 3713 1568 3746 ι
1615 3694 1773 3748 τοῦτό

191 3797 358 3852 φησιν
409 3779 578 3845 εἰδὼς
623 3781 683 3834 τὸ
734 3782 1066 3853 ζητούμενον
1111 3783 1465 3858 ἀναιρεθῆναι
1513 3782 1656 3842 εἶναι
1709 3791 1771 3843 ού

184 3871 344 3939 Θεὸν,
370 3873 517 3928 ἀλλά
551 3873 833 3945 ἄνθρωπον
854 3892 866 3904 ·
905 3874 1000 3927 ἐὰν
1033 3875 1090 3928 δὲ
1113 3916 1128 3940 ,
1166 3893 1184 3926 ι
1226 3877 1365 3945 Ἐγὼ
1399 3879 1491 3930 καὶ
1516 3880 1543 3932 6
1582 3881 1772 3954 Πατὴρ

182 3969 244 4022 ἐν
270 3967 467 4037 ἐσμεν,
497 3985 516 4016 ι
563 3966 676 4029 καὶ,
709 3984 728 4016 ι
769 3965 908 4034 Ἐγώ
933 3969 1046 4038 εἰμι
1069 3967 1101 4037 ἡ
1124 3967 1346 4038 ἀλήθεια
1392 3971 1486 4023 καὶ
1516 3974 1548 4042 ἡ
1592 3972 1724 4044 ζωὴ,
1747 3992 1764 4025 ι

185 4059 312 4123 καὶ,
361 4077 382 4110 c
430 4057 585 4127 Ἐγώ
632 4060 745 4129 εἰμι
796 4060 828 4130 ἡ
881 4059 1204 4124 ἀνάστασις,
1232 4080 1250 4112 ι
1306 4061 1398 4114 καὶ
1446 4062 1514 4116 τὰ
1563 4064 1770 4130 τούτοις

181 4149 368 4222 ὃμοια,
395 4151 462 4203 οὐ
505 4149 762 4221 περὶτοῦ
797 4150 1124 4220 ζητουμένου
1163 4151 1514 4222 ἀναιρεθῆναι
1561 4153 1767 4224 ἀνθρώ-

180 4257 287 4294 που
319 4241 601 4296 διδάσκει.
632 4240 816 4303 Οὕτως
842 4235 935 4292 οὖν
969 4241 1061 4294 καὶ
1086 4239 1178 4293 ἐπὶ
1211 4240 1317 4295 τῶν
1347 4244 1488 4296 κατὰ
1511 4243 1570 4296 τὸ
1598 4245 1770 4316 παρὸν

179 4334 312 4404 ἡμῖν
356 4332 719 4404 ζητουμένων
757 4334 820 4385 ὲκ
866 4333 964 4402 τῆς
1001 4333 1361 4404 συμφράσεως
1390 4336 1767 4407 κατανοητέον,

182 4425 240 4478 τὸ
269 4426 374 4497 μὲν
396 4467 415 4490 ,
458 4443 478 4476 σ
505 4424 672 4494 Κάμὲ
695 4423 888 4488 οἴδατε,
919 4424 1013 4477 καὶ
1037 4425 1210 4478 οἴδατε
1237 4426 1398 4479 πόθεν
1425 4429 1558 4498 εἰμὶ,
1587 4447 1604 4478 ι
1643 4429 1769 4500 περὶ

1875 3232 2088 3304 quando
2120 3230 2468 3284 Servatorem
2494 3228 2560 3282 de
2595 3226 2775 3295 seipso
2820 3224 2984 3279 veluti
3016 3224 3234 3279 homine
3259 3224 3436 3280 disse-

1875 3338 2015 3388 rere,
2040 3319 2326 3389 aliquando
2351 3320 2416 3373 de
2438 3319 2688 3373 diviniori
2721 3326 2933 3380 natura,
2964 3331 3136 3386 eaque
3175 3318 3322 3371 unita
3351 3317 3436 3372 in-

1874 3415 2067 3484 genitae
2099 3410 2275 3466 Patris
2313 3421 2536 3464 naturae.
2565 3409 2697 3463 Cum
2729 3407 2873 3462 enim
2925 3407 3074 3471 dicit,
3109 3425 3130 3460 ι
3168 3407 3319 3464 Nunc
3347 3425 3438 3463 au-

1877 3517 1981 3561 tem
2006 3501 2250 3574 quaeritis
2290 3515 2377 3556 me
2433 3500 2763 3565 interficere,
2801 3499 3075 3554 hominem
3111 3501 3203 3570 qui
3237 3501 3438 3556 verita-

1875 3609 1980 3652 tem
2012 3596 2165 3651 vobis
2193 3593 2402 3648 locutus
2432 3607 2548 3647 smn
2569 3591 2636 3657 8°,
2664 3612 2682 3645 ι
2713 3593 2814 3647 hoc
2849 3591 3091 3661 loquitur
3120 3593 3297 3648 sciens
3327 3608 3434 3647 non

1873 3689 2066 3756 Deum,
2093 3683 2185 3743 sed
2227 3685 2497 3739 hominem
2548 3683 2713 3751 quaeri
2769 3683 2833 3736 ad
2867 3691 3132 3747 mortem;
3161 3697 3281 3737 cum
3309 3697 3436 3738 vero

1873 3780 2070 3850 inquit,
2105 3798 2124 3832 ι
2158 3778 2272 3849 Ego
2306 3784 2362 3830 et
2422 3774 2586 3828 Pater
2631 3789 2796 3828 unum
2830 3789 3018 3828 sumus
3042 3774 3084 3805 ³¹
3113 3789 3128 3840 ;
3168 3772 3280 3844 Ego
3317 3787 3435 3828 sum

1871 3873 2075 3928 veritas
2101 3879 2156 3926 et
2180 3871 2288 3924 vita
2311 3869 2353 3900 ³¹
2381 3885 2399 3935 ;
2435 3868 2546 3938 Ego
2578 3881 2697 3921 sum
2745 3866 3069 3920 resurrectio
3094 3865 3160 3930 ³³,
3195 3883 3214 3918 ι
3263 3873 3318 3920 et
3353 3864 3437 3919 liis

1873 3964 2092 4031 similia,
2122 3978 2230 4018 non
2285 3962 2442 4016 docet
2475 3961 2542 4016 de
2581 3975 2645 4015 eo
2690 3959 2909 4014 homine
2936 3957 3026 4025 qui
3070 3957 3431 4026 quaerebatur.

1871 4061 1980 4115 lsto
2001 4059 2164 4128 igitur
2192 4057 2350 4111 modo
2387 4056 2455 4112 de
2502 4056 2586 4110 his
2632 4043 2944 4124 etiam'qute
2969 4067 2998 4106 a
3027 4050 3182 4107 nobis
3209 4052 3260 4105 in
3293 4066 3434 4120 pra:-

1872 4153 2046 4208 sentia
2087 4160 2427 4221 quaeruntur,
2469 4159 2528 4204 ut
2568 4140 2822 4206 similiter
2854 4146 3157 4209 solvantur,
3188 4143 3435 4199 conside-

1871 4249 2101 4303 randum
2146 4254 2267 4314 est;
2322 4246 2452 4300 illud
2496 4246 2664 4309 enim,
2697 4261 2716 4294 ι
2763 4242 2827 4296 Ει
2861 4255 2948 4296 me
2983 4239 3154 4303 scitis,
3198 4248 3254 4292 et
3296 4236 3436 4291 unde

1871 4344 1972 4396 sim
2023 4340 2174 4396 scitis
2203 4340 2270 4406 “,
2312 4358 2333 4393 ι
2366 4339 2433 4393 de
2484 4352 2542 4392 se
2588 4336 2704 4405 ipso
2739 4334 2960 4389 homine
3015 4331 3290 4401 disputat;
3325 4329 3431 4384 hoc

1874 4447 2022 4497 vero,
2078 4451 2098 4484 ι
2140 4430 2324 4502 Neque
2358 4445 2445 4484 me
2477 4431 2656 4493 scitis,
2687 4443 2868 4496 neque
2887 4426 3100 4480 Patrem
3130 4437 3305 4477 meum
3331 4420 3428 4483 ",i

175 4487 282 4572 τοῦ.
310 4487 622 4589 ἀνθρώπου
651 4517 841 4570 ἑαυτοῦ
873 4517 1200 4586 διαλέγεται·
1235 4518 1296 4572 τὸ
1327 4519 1405 4583 δὲ,
1453 4487 1634 4574 (Ιούτε

1969 4487 2271 4579 divinitate.
2303 4521 2412 4577 Illis
2452 4523 2595 4575 enim
2642 4518 2848 4584 verbis,
2887 4534 2906 4569 ι
2945 4515 3010 4570 Ει
3038 4529 3126 4569 me
3173 4512 3346 4574 scitis,
3379 4521 3431 4564 el

172 4609 383 4678 οἴδατε,
421 4607 561 4663 οὔτε
597 4608 687 4662 τὸν
727 4609 944 4680 Πατέρα
979 4626 1100 4680 μου,
1127 4628 1145 4660 ›
1189 4611 1316 4681 περὶ
1361 4611 1456 4681 τῆς
1489 4610 1634 4681 θεόττ

1973 4617 2014 4672 le
2043 4617 2143 4671 sim
2176 4616 2345 4682 scitis,
2385 4633 2404 4668 ι
2438 4616 2552 4670 haec
2590 4611 2878 4681 praeposita
2907 4615 3074 4663 sunt:
3123 4623 3143 4658 ι
3177 4603 3435 4660 Dicebant

169 4702 264 4755 τοῦ
293 4702 402 4774 μὲν
441 4701 592 4773 γὰρ,
625 4718 642 4751 ι
673 4701 832 4772 Κάμὲ
849 4699 1050 4764 οἴδατε,
1080 4701 1171 4754 καὶ
1197 4700 1371 4753 οἴδατε
1402 4701 1562 4756 πόθεν
1587 4706 1631 4756 εί

1967 4723 1999 4763 o
2024 4683 2239 4778 quidam
2267 4722 2335 4762 ex
2365 4702 2758 4775 Jerosolymitis
2790 4720 2805 4756 :
2840 4699 3030 4756 Nonne
3051 4699 3138 4754 hic
3161 4705 3245 4752 est
3269 4711 3429 4768 quem

168 4793 351 4849 ταῦτα
407 4793 786 4866 προτέτακται
846 4791 990 4864 (97)·
1033 4811 1052 4843 ‹
1086 4792 1308 4860 Ἔλεγον
1377 4788 1471 4847 οὖν
1513 4812 1626 4848 τινε

1965 4810 2118 4856 erunt
2149 4801 2452 4856 interficere
2483 4801 2505 4852 ?
2537 4799 2600 4852 Et
2630 4811 2758 4852 ecce
2784 4810 2904 4849 cum
2946 4794 3135 4848 fiducia
3171 4792 3427 4861 loquitur,

165 4887 278 4941 τῶν
328 4883 822 4958 Ἱεροσολυμιτῶν·
870 4884 983 4953 Οὐχ
1021 4877 1174 4946 οὗτός
1226 4885 1373 4936 ἐστιν
1404 4882 1462 4938 ὃν
1515 4883 1627 4956 ζητι

1968 4912 1974 4947 :
2007 4893 2298 4964 quidquam
2337 4892 2409 4946 illi
2446 4892 2652 4946 dicunt.
2691 4887 2828 4942 Num
2876 4900 3002 4940 vere
3059 4892 3430 4954 cognoverunt

163 4981 508 5035 ἀποκτεῖναι
533 4995 549 5042 ;
584 4978 690 5030 Καὶ
721 4975 796 5029 ἴδε
830 4976 1111 5048 παρρησίᾳ
1140 4974 1306 5038 λαλεῖ,
1335 4977 1428 5029 καὶ
1450 4977 1625 5031 οὐδὲνε

1965 4985 2144 5053 ncipes
2179 4985 2320 5039 hunc
2376 4997 2496 5039 esse
2539 4982 2812 5037 Christum
2841 4979 2865 5032 ?
2893 4977 2988 5034 sed
3036 4977 3183 5032 hunc
3223 4974 3427 5030 scimus

163 5071 419 5141 λέγουσι.
449 5071 690 5139 Μήποτε
735 5067 947 5139 ἀληθῶς
982 5066 1226 5134 ἔγνωσαν
1266 5068 1316 5119 oi
1363 5068 1620 5139 ἄρχοντες

1969 5079 2012 5132 le
2049 5078 2120 5131 sit
2149 5093 2163 5129 :
2205 5084 2258 5130 at
2289 5074 2537 5130 Christus
2568 5089 2688 5132 cum
2721 5070 2961 5138 venerit,
2991 5082 3148 5124 nemo
3173 5073 3431 5137 agnoscet

159 5157 324 5230 οὗτός
369 5166 543 5218 ἐστιν
574 5161 601 5213 ὁ
631 5159 894 5232 Χριστός;
927 5158 1063 5212 ἀλλά
1108 5158 1296 5213 τοῦτον
1345 5159 1564 5231 οἴδαμεν
1604 5181 1621 5216 1

1966 5172 2014 5225 le
2038 5171 2109 5224 sit
2137 5170 2182 5202 “
2209 5187 2222 5232 ;
2256 5188 2275 5221 ι
2306 5171 2399 5224 his
2431 5184 2581 5235 vero,
2643 5185 2665 5221 ι
2711 5166 2897 5236 Neque
2927 5178 3013 5220 me
3040 5162 3223 5228 scitis,
3253 5173 3428 5228 neque

159 5258 350 5313 ιστίν·
391 5259 424 5311 ὁ
455 5255 521 5308 δὲ
559 5251 790 5324 Χριστὸς
831 5251 959 5304 ὅταν
1006 5249 1253 5321 ἔρχηται,
1296 5250 1468 5315 οὐδεὶς
1510 5257 1621 5320 γινιί

1965 5277 2083 5317 rem
2106 5275 2335 5326 meum,»
2359 5261 2472 5316 hinc
2499 5268 2624 5316 sunt
2643 5258 2961 5330 praeposita:
2982 5273 3002 5309 ι
3027 5256 3427 5320 Dixeruntergo

227 5381 279 5451 ν
307 5339 486 5435 δοαη.
511 5371 750 5451 νιιλλῖιϐ,
943 5372 988 5403 ³⁸
1020 5369 1174 5426 Joan.
1204 5386 1322 5451 Vll‘l,
1341 5371 1428 5451 li"):
1462 5439 1485 5451 υ
1505 5375 1550 5405 ’⁵
1569 5373 1689 5432 Joan

1989 5383 2080 5439 29.
2157 5381 2378 5451 “Joan.
2417 5367 2590 5451 ".22,
2665 5378 2870 5451 “ibid.
2944 5370 3423 5451 fflJoanJi,

155 5452 203 5484 ”
225 5449 400 5506 Joan.
444 5462 560 5505 vii,
780 5440 1025 5518 _'_°_Joan.
1058 5441 1308 5518 vmnﬁO.
1386 5441 1427 5472 “
1455 5439 1612 5502 Joan.

1969 5451 2121 5508 Joan.
2163 5468 2276 5516 xw,
2311 5450 2366 5506 6.
2441 5451 2485 5482 ³³
2512 5450 2670 5506 Joan.
2695 5449 2869 5518 11,95.
2945 5447 2991 5479 “
3017 5445 3174 5501 Joau.
3202 5457 3300 5509 vii,
3334 5443 3424 5496 28.

152 5519 404 5579 “Joan.
433 5531 572 5580 vni,
618 5513 704 5568 l9.
779 5511 1004 5567 “Joau.
1038 5525 1133 5574 vn,
1180 5512 1250 5566 25
1293 5526 1408 5581 seq.
1680 5511 1690 5515 '
1906 5550 1909 5551 ν

223 5613 346 5683 (96)
394 5606 751 5683 Ἠιςῳμένης
800 5604 874 5674 τῇ
924 5605 1249 5683 ἀγενθζήτῳ.
1291 5607 1476 5683 Codex
1534 5606 1682 5676 Regii

924 5605 1249 5683 drewfrinp.
1291 5607 1476 5683 Codex
1534 5606 1753 5676 Regius.
1862 5613 2015 5683 sedi)
2040 5611 2178 5681 αὐτή
2212 5613 2346 5683 ἐστι.

145 5677 442 5755 ἀγενήτῳ.
474 5678 756 5755 Caeterum
805 5691 1041 5755 erronea
1090 5679 1206 5755 haec
1254 5677 1542 5755 videntum
1583 5692 1607 5727 ri

1967 5677 2475 5755 l7)_npozézaxzat.
2505 5681 2598 5738 Sic
2629 5680 2791 5740 codex
2815 5678 3140 5738 Bodleianus
3164 5696 3180 5747 ;
3206 5678 3429 5752 Regius,

144 5745 560 5824 ειίἱιιιίιιέιιιιιςα
594 5747 779 5824 divina
803 5745 1050 5824 θειοτέρα
1067 5746 1244 5824 ’φύσις
1285 5746 1407 5802 Filii
1455 5747 1606 5824 uni_tn

815 5745 1244 5824 θειοτέρα-φύσις
1285 5746 1407 5802 Filii
1455 5747 1760 5824 uni_turua-
1860 5745 2277 5824 πρὸσέέτακται.

147 5838 293 5879 tota:
318 5819 613 5889 ingenitae
642 5815 835 5881 Patris,
864 5818 956 5874 sed
984 5815 1172 5874 eadem
1217 5828 1329 5886 est;
1386 5832 1490 5875 non
1531 5816 1759 5886 ἥνωται,
