3702 6142
218 392 321 450 327

1656 384 1975 444 ORIGENIS

3345 382 3445 436 523

215 516 263 568 ei
290 511 580 569 Pharismi:
609 510 688 568 Tu
715 512 784 568 de
814 511 989 577 teipso
1027 509 1333 567 testiﬁcaris
1366 529 1379 576 ;
1412 510 1776 567 testimonium

1997 527 2041 563 εν
2088 510 2237 564 ἐστί·
2269 529 2287 563 ι
2322 508 2416 565 τοῦ
2449 507 2540 576 δέ,
2574 529 2593 563 ι
2625 507 2764 565 Οὔτε
2798 511 2898 582 ἐμὲ
2945 509 3148 571 οἴδατε,
3197 505 3321 562 οὔτε
3363 507 3452 561 τδν

218 615 368 660 tuum
403 617 507 659 non
531 612 615 659 est
635 617 846 659 verum.
863 602 1163 672 Respondit
1188 601 1368 668 Iesus,
1394 613 1451 657 et
1477 602 1613 657 dixit
1636 600 1778 656 illis:

217 694 441 752 Etiamsi
492 710 594 765 ego
645 694 909 751 testificor
957 695 1023 749 de
1068 708 1158 749 me
1208 693 1358 763 ipso,
1411 692 1778 749 testimonium

217 790 397 842 meum
421 799 607 840 verum
631 794 735 850 est,
759 784 886 855 quia
917 783 1041 839 novi
1076 783 1218 839 unde
1240 785 1362 837 veni
1389 792 1444 837 et
1462 796 1572 851 quo
1602 781 1776 847 vado;

215 893 313 934 vos
349 877 647 933 secundum
697 888 917 930 carnem
966 873 1389 945 judicatis;ego
1436 886 1542 926 non
1593 870 1781 941 judico

217 982 582 1038 quemquam;
620 976 786 1035 atque
844 964 1060 1019 etiamsi
1111 964 1294 1033 judico
1345 976 1469 1033 ego,
1518 961 1779 1032 judicium

218 1076 394 1116 meum
424 1043 611 1114 verum
640 1065 744 1120 est,
776 1054 920 1125 quod
955 1054 1106 1111 solus
1145 1069 1253 1109 non
1283 1068 1424 1119 sum,
1457 1051 1550 1108 sed
1576 1066 1698 1122 ego,
1727 1059 1783 1106 et

219 1153 311 1222 qui
362 1151 513 1206 misit
543 1165 648 1216 me,
680 1149 844 1204 Pater
875 1149 948 1203 ³⁷.
983 1165 1003 1200 ι
1035 1145 1114 1202 Ex
1161 1145 1248 1201 bis
1285 1158 1414 1215 ergo
1441 1143 1781 1212 perspicuum

218 1256 301 1300 est
327 1258 356 1297 a
380 1240 780 1313 Jerosolymitis
825 1242 1028 1295 dictum
1085 1236 1270 1304 fuisse,
1311 1253 1332 1288 ι
1368 1234 1521 1290 Hunc
1555 1235 1778 1302 scimus,

217 1333 359 1388 unde
375 1335 494 1397 sit,»
517 1332 620 1387 hoc
649 1330 1007 1386 referentibus
1032 1330 1102 1384 ad
1127 1338 1303 1384 ortum
1332 1327 1501 1397 ipsius
1532 1327 1586 1382 in
1623 1326 1783 1380 Beth-

217 1424 375 1493 leem,
429 1423 778 1493 sciebantque
826 1423 970 1478 bunc
1017 1436 1158 1487 esse,
1203 1419 1356 1487 cujus
1405 1427 1578 1473 mater
1638 1417 1785 1472 dice-

218 1518 379 1574 batur
425 1515 630 1583 Maria,
659 1525 715 1571 et
765 1514 962 1570 fratres
1010 1511 1127 1582 ejus
1157 1511 1389 1569 Iacobus
1439 1522 1496 1567 et
1525 1509 1782 1574 Joannes,

216 1620 272 1670 et
321 1609 509 1667 Simon
554 1607 718 1664 Judas
763 1606 855 1671 ⁸⁸;
902 1620 1065 1676 quam
1110 1606 1181 1661 ob
1226 1617 1443 1660 causam
1495 1602 1787 1659 assentitur

217 1705 384 1758 etiam
433 1700 521 1756 his
569 1701 660 1769 qui
718 1699 992 1761 dixerant,
1054 1714 1072 1748 ι
1128 1695 1344 1752 Scimus
1402 1693 1543 1749 unde
1590 1693 1705 1757 sit,
1758 1709 1778 1744 ι

1879 601 2097 672 Πατέρα
2146 618 2268 672 μου,
2295 622 2314 655 ι
2368 602 2572 659 ταῦτα’
2610 620 2635 654 ι
2655 597 2831 656 Εἶπαν
2878 596 2972 655 οὖν
3018 599 3169 671 αὑτῷ
3201 599 3252 651 οἴ
3286 601 3449 671 Φαρι-

1881 691 2051 743 σαῖοι·
2116 691 2188 744 Σὺ
2254 690 2380 763 περὶ
2445 689 2672 745 σεαυτοῦ
2727 692 3053 762 μαρτυρεῖς,
3095 690 3130 760 ἡ
3182 688 3454 760 μαρτυρία

1882 798 1976 835 σου
2016 782 2116 835 οὑκ
2152 780 2298 836 ἔστιν
2330 783 2558 855 ἀληθής.
2603 782 2900 854 Ἀπεκρίθη
2932 784 2960 835 6
2996 781 3224 854 Ἰησοῦς,
3253 780 3348 835 καὶ
3379 774 3453 833 εἴ·

1881 890 1981 928 πεν
2013 875 2224 939 αὐτοῖς’
2275 873 2393 929 Κᾶν
2431 875 2540 946 ἐγὼ
2593 876 2855 949 μαρτυρῶ
2881 875 3008 947 περὶ
3038 873 3302 946 ἐμαυτοῦ,
3331 873 3458 945 ἀλη-

1881 965 1980 1037 θής
2013 967 2160 1020 ἐστιν
2186 967 2220 1038 ἡ
2248 967 2524 1039 μαρτυρία
2556 984 2678 1038 μου,
2704 968 2785 1020 ὅτι
2811 962 2929 1021 οῖδα
2958 966 3122 1033 πόθε-ν
3145 962 3332 1038 ἦλθον,
3360 964 3458 1018 καὶ

1882 1055 1987 1109 ποῦ
2014 1055 2210 1125 ὑπάγω
2228 1072 2242 1087 ο
2278 1058 2435 1129 ὑμεῖς
2464 1055 2606 1112 κατὰ
2634 1057 2732 1129 τὴν
2772 1058 2947 1131 σάρκα
2979 1058 3217 1130 κρίνετε,
3251 1056 3364 1126 ἐγὼ
3392 1058 3456 1111 οὑ

1880 1146 2050 1219 κρίνω
2095 1147 2314 1202 οὐδένα.⁸
2351 1148 2446 1202 καὶ⁵
2489 1148 2584 1203 ἐὰν
2629 1149 2799 1220 κρίνω
2843 1150 2901 1202 δὲ
2945 1148 3074 1219 ἐγὼ,
3120 1152 3154 1221 ή
3205 1149 3389 1221 κρίσις
3422 1151 3458 1220 ἡ

1882 1241 1989 1310 ἐμὴ
2040 1239 2265 1311 ἀληθινή
2311 1240 2482 1304 ἐστιν,
2535 1240 2616 1293 ὅτι
2668 1241 2829 1312 μόνος
2874 1240 2971 1294 οὐκ
3005 1242 3147 1312 εἰμὶ,
3187 1240 3303 1294 ἀλλ’
3342 1239 3459 1308 ἐγὼ

1882 1333 1978 1386 καὶ
2007 1335 2036 1386 6
2067 1332 2288 1403 πέμψας
2322 1349 2389 1403 με
2427 1333 2673 1404 Πατήρ.»
2704 1332 2871 1405 Δῆλον
2900 1328 2993 1386 οὖν
3015 1335 3078 1386 ἐκ
3116 1332 3344 1396 τούτων,
3372 1332 3461 1385 ὅτι

1883 1425 1986 1479 ὑπὸ
2032 1426 2129 1496 μὲν
2165 1424 2272 1481 τῶν
2310 1424 2748 1496 Ἱεροσολυμιτῶν
2791 1425 3006 1495 ἐλέγετο
3025 1464 3041 1488 ,
3091 1445 3110 1476 ι
3138 1424 3338 1479 Τοῦτον
3381 1425 3462 1479 οἴ-

1873 1514 2051 1586 ’δαμεν
2097 1514 2259 1570 πόθεν
2298 1516 2465 1580 ἐστὶν,
2492 1534 2511 1567 ι
2558 1514 2938 1587 ἀναφερόντων
2985 1516 3079 1568 ἐπὶ
3108 1514 3169 1567 τὸ
3211 1514 3270 1568 ἐν
3311 1513 3461 1586 B110-

1882 1608 2191 1681 λεὲμαύτὸν
2215 1609 2541 1681 γεγενῆσθαι
2573 1610 2666 1663 καὶ
2698 1610 3077 1681 ἐπισταμένων
3105 1605 3173 1681 ἦν
3194 1608 3356 1678 (97‘),
3374 1608 3463 1663 ὅτι

1883 1691 2038 1763 οὗτος
2063 1695 2131 1771 ἦν
2159 1693 2220 1754 οὗ
2250 1702 2284 1770 ἡ
2316 1701 2498 1773 μήτηρ
2529 1701 2742 1770 ἐλέγετο
2773 1702 2985 1774 Μαρία,
3025 1702 3120 1755 καὶ
3149 1703 3203 1755 οἱ
3236 1700 3464 1771 ἀδελφοὶ

218 1810 317 1866 per
366 1793 481 1849 haec
533 1791 717 1855 verba,
749 1808 768 1842 ι
813 1799 868 1845 et
920 1803 1007 1844 me
1036 1789 1187 1843 scitis
1233 1787 1375 1841 unde
1421 1786 1542 1842 sim.
1578 1782 1784 1854 »283

1997 1790 2049 1844 οῦ
2088 1789 2367 1854 Ἰάκωϐος,
2408 1791 2504 1844 καὶ¹
2545 1791 2828 1864 Ἰωάννης,
2861 1792 2956 1845 καὶ
2990 1791 3170 1862 Σίμων
3207 1789 3418 1853 Ἰούδας
3441 1806 3456 1821 ·

217 1853 287 1943 λι
345 1884 633 1941 Ρίιτιι-ἰεαιῑε
692 1853 759 1936 de
814 1881 1064 1936 diviniori
1114 1889 1305 1933 natura
1358 1853 1778 1939 disserens,reti,

1997 1898 2074 1953 :sp
2128 1880 2221 1935 καὶ
2284 1884 2553 1953 μαρτυρεῖ
2610 1885 2725 1945 τοῖς
2754 1853 3101 1953 ἐἴρηκόσιν,
3159 1899 3175 1933 ι
3220 1882 3464 1952 Οἴδαμεν

218 1991 276 2035 ιιι
319 1977 516 2048 aliquis
568 1977 799 2038 diceret,
849 1975 902 2027 in
949 1981 1208 2042 quantum
1258 1977 1342 2024 est
1393 1967 1781 2037 primogenilus

217 2070 394 2125 omnis
417 2078 703 2129 creatum,
728 2066 844 2119 haec
882 2063 1018 2119 dixit
1052 2081 1066 2116 :
1104 2059 1368 2116 «Etiamsi
1400 2073 1501 2129 ego
1524 2057 1783 2112 testiﬁcor

220 2163 286 2218 de
321 2176 408 2217 me
458 2162 598 2230 ipso,
653 2155 1024 2214 testimonium
1055 2166 1235 2207 meum
1284 2163 1474 2207 verum
1507 2158 1620 2212 est,
1654 2148 1780 2217 quia

220 2255 335 2310 scio
371 2252 514 2307 unde
542 2251 667 2306 veni
694 2256 748 2304 et
768 2263 876 2318 quo
907 2245 1046 2300 vado
1065 2244 1133 2297 ’°.
1158 2262 1178 2298 ι
1214 2240 1578 2310 Quamobrem
1613 2240 1784 2295 inter-

220 2345 535 2415 rogantibus
589 2356 716 2397 eum
748 2348 933 2394 contra
971 2337 1107 2400 haec,
1153 2343 1211 2388 et
1260 2332 1586 2396 dicentibus,
1625 2349 1644 2382 ι
1680 2330 1782 2387 Ubi

220 2444 305 2491 est
346 2433 509 2490 Pater
551 2441 675 2488 tuus
703 2430 783 2484 ⁸⁸2
817 2447 837 2481 ι
876 2426 1187 2499 respondet,
1220 2433 1278 2478 ut
1326 2421 1524 2493 aliquis
1552 2422 1781 2486 diceret,

222 2528 358 2583 alius
391 2526 658 2581 exsistens
685 2523 754 2577 ab
794 2536 860 2576 eo
904 2520 998 2592 qui
1031 2517 1198 2582 dicit,
1231 2534 1251 2568 ι
1276 2516 1341 2571 Et
1371 2529 1457 2570 me
1481 2513 1636 2570 scitis
1659 2512 1726 2578 δ’,
1756 2530 1775 2563 ι

222 2632 276 2675 et
313 2619 490 2689 inquit
519 2637 533 2673 :
569 2635 588 2669 ι
622 2615 807 2686 Neque
825 2629 911 2669 me
937 2612 1115 2676 scitis,
1149 2625 1323 2681 neque
1347 2609 1565 2664 Patrem
1602 2622 1778 2663 meum

222 2713 291 2766 ι’.
313 2731 334 2766 ι
360 2710 628 2766 Caeterum
654 2708 906 2762 ruditatis
945 2704 1349 2760 Pharisaeorum
1379 2710 1520 2768 erat,
1561 2698 1645 2754 vel
1673 2713 1779 2752 non

221 2802 523 2873 intelligere
565 2798 748 2855 Jesutn
781 2799 848 2853 de
880 2797 989 2852 Deo
1036 2795 1415 2851 universorum
1449 2790 1619 2862 loqui,
1651 2789 1780 2843 dum

222 2896 452 2959 diceret,
512 2912 533 2946 ι
561 2890 908 2946 Testiticatur
937 2890 1136 2952 deme,
1166 2887 1259 2956 qui
1293 2884 1440 2939 misit
1479 2898 1584 2944 me,
1619 2880 1781 2935 Pater

220 2988 298 3055 υς
325 3006 344 3039 ι
377 2987 461 3041 vel
485 2986 532 3041 si
554 2983 931 3038 intellexerant
951 2981 1017 3035 de
1044 2979 1151 3034 Deo
1180 2983 1293 3033 haec
1316 2977 1442 3039 dici,
1466 2974 1783 3029 existimare

222 3084 388 3138 Deum
419 3094 538 3136 esse
569 3079 622 3133 in
671 3079 812 3140 loco,
856 3085 911 3130 et
958 3075 1161 3130 idcirco
1217 3071 1589 3142 respondere:
1629 3082 1645 3118 ι
1679 3064 1779 3121 Ubi

219 3183 306 3230 est
348 3172 507 3228 Pater
544 3169 700 3226 tuus?
733 3187 751 3220 ι
782 3166 980 3222 Verum
1034 3165 1175 3221 scire
1216 3171 1433 3233 oportet
1478 3160 1619 3230 quod
1656 3158 1782 3214 hinc
1807 3190 1851 3248 ε

222 3264 509 3322 manifeste
535 3262 743 3318 ostendi
775 3267 967 3330 putent
1014 3255 1279 3319 haeretici,
1310 3253 1478 3308 Deum
1505 3293 1519 3318 ,
1547 3252 1632 3307 cui
1660 3265 1779 3306 ser-

220 3360 438 3415 viebant
483 3355 674 3420 Judaei,
709 3368 813 3409 non
848 3367 972 3408 esse
1012 3350 1228 3405 Patrem
1279 3345 1522 3401 Christi:
1551 3359 1676 3398 nam
1737 3341 1785 3397 si

223 3452 510 3509 Pharismis
550 3445 915 3505 servientibus
950 3443 1132 3497 mundi
1171 3438 1421 3494 Eﬂ'ectori
1450 3478 1466 3501 ,
1501 3438 1778 3505 inquiunt,

223 3545 435 3600 dicebat
458 3543 735 3603 Servatur,
769 3554 788 3588 ι
822 3536 1006 3604 Neque
1031 3547 1115 3585 me
1140 3531 1311 3593 scitis,
1355 3542 1528 3597 neque
1569 3526 1782 3580 Patrem

222 3650 428 3698 meum,
464 3653 484 3685 ι
524 3630 868 3687 manifestum
897 3638 983 3681 est
1009 3623 1315 3679 Pharisaaos
1347 3635 1454 3675 non
1484 3633 1645 3673 nosse
1684 3616 1786 3671 Pa-

225 3738 364 3784 trem
394 3727 521 3784 Jesu
555 3725 786 3779 alterum
820 3720 1172 3776 exsisteutem
1207 3729 1237 3767 a
1270 3712 1455 3768 mundi
1493 3710 1784 3766 Eii‘ectore.

225 3818 333 3877 Sed
386 3833 455 3874 ne
493 3812 885 3884 Jerosolymitte
918 3809 1158 3880 quidem,
1213 3804 1486 3875 inquiunt,
1526 3816 1649 3856 eum
1685 3815 1785 3854 no-

225 3920 371 3977 rant,
401 3910 598 3981 quibus
644 3917 807 3972 supra
859 3902 1110 3957 dixerat:
1147 3916 1168 3949 ι
1199 3895 1305 3951 Sed
1332 3905 1416 3949 est
1462 3907 1645 3956 verax,
1693 3891 1787 3962 qui

230 4004 376 4060 misit
406 4016 511 4066 me,
562 4013 724 4068 quem
763 4010 858 4051 vos
892 3991 1157 4048 nescitis:
1193 4008 1212 4043 ι
1266 4002 1388 4058 quae
1419 3986 1627 4053 dicunt,
1658 3984 1786 4053 quia

228 4110 334 4151 non
372 4094 620 4163 legerunt
647 4088 962 4157 Scripturas
990 4081 1224 4148 divinas,
1250 4093 1426 4149 neque
1457 4078 1786 4134 observave-

227 4196 356 4244 runt
407 4180 851 4241 consuetudinem
885 4175 1177 4230 iocutiouis
1212 4173 1474 4243 ipsarum.
1523 4167 1788 4236 Quamvis

227 4278 375 4335 enim
402 4273 696 4342 intelligere
720 4269 842 4339 quis
867 4266 1036 4338 possit
1057 4280 1177 4335 quae
1207 4266 1274 4319 ad
1300 4262 1465 4317 Deum
1492 4260 1785 4332 pertinent,

230 4386 259 4423 a
296 4366 539 4438 patribus
582 4363 807 4418 edoctus
856 4358 983 4416 huic
1020 4357 1121 4414 soli
1167 4353 1515 4411 serviendum
1564 4364 1704 4415 esse,
1743 4350 1789 4405 si

228 4460 375 4514 vivat
405 4459 452 4514 is
483 4472 588 4512 non
612 4456 771 4520 bene,
806 4453 952 4507 hunc
997 4449 1186 4506 dicunt
1218 4462 1324 4501 non
1362 4445 1563 4500 habere
1597 4442 1788 4514 cogni-

1882 1972 2045 2026 πόθεν
2080 1973 2216 2036 ἐστὶ,
2240 1992 2259 2024 ι
2299 1972 2387 2026 διὰ
2417 1973 2509 2026 τοῦ
2531 1990 2544 2003 ο
2584 1992 2603 2024 ι
2633 1973 2791 2044 Κάμὲ
2822 1973 3000 2028 οἴδατε
3034 1971 3198 2026 πόθεν
3244 1971 3363 2044 εἴμε
3387 1989 3403 2003 ο
3434 1991 3454 2025 ι

1880 2066 1992 2128 τοῖς
2040 2063 2097 2117 δέ
2144 2065 2455 2136 Φαρισαίοις
2501 2064 2596 2130 τὸ,
2643 2084 2662 2118 ι
2710 2067 2819 2120 Καὶ
2867 2065 2976 2135 ἐγὼ
3018 2066 3280 2137 μαρτυρῶ
3326 2066 3464 2138 πρὶ

1880 2155 2137 2226 ἐμαυτοῦ,
2163 2157 2368 2230 ἀληθής
2399 2159 2545 2212 ἐστιν
2572 2161 2605 2231 ἡ
2633 2160 2904 2231 μαρτυρία
2932 2176 3032 2231 μου
3054 2175 3068 2189 ο
3099 2160 3182 2213 ὅτι
3208 2153 3326 2212 οἴδα
3360 2159 3463 2213 πό-

1883 2246 1974 2301 θεν
2000 2243 2183 2319 ἦλθον,
2215 2249 2309 2302 καὶ
2337 2249 2438 2303 ποῦ
2469 2251 2685 2319 ὑπάγω,
2717 2270 2735 2304 ι
2773 2253 2842 2322 τῇ
2869 2249 3118 2323 θειοτέρα
3152 2253 3311 2320 φύσει
3337 2250 3459 2305 διαι

1880 2337 2168 2409 λεγόμενος
2201 2338 2404 2409 ἔφασκε
2433 2340 2623 2403 ταῦτα,
2647 2342 2763 2407 καὶ,
2796 2342 2872 2406 ὡς
2911 2343 2977 2396 ἂν
3010 2342 3156 2396 εἴποι
3195 2359 3302 2406 τις.
3334 2340 3465 2396 καθ’

1880 2428 1909 2482 ὃ
1944 2430 2284 2501 πρωτότοκος
2322 2434 2501 2505 πάσης
2536 2433 2762 2498 κτίσεως
2793 2430 2883 2506 ἦν.
2928 2434 3128 2507 Διόπερ
3164 2437 3278 2499 τοῖς
3321 2436 3464 2507 πρὸς

1880 2519 2049 2574 ταῦτα
2071 2521 2394 2592 πυθομένοις
2422 2523 2585 2577 αὐτοῦ
2618 2526 2711 2577 καὶ
2739 2526 3019 2597 εἴρηκόσι,
3054 2544 3073 2576 ι
3114 2525 3223 2580 Ποῦ
3255 2527 3408 2579 ἐστιν
3435 2528 3464 2578 6

1880 2609 2070 2681 Πατήρ
2101 2627 2234 2677 σονς
2272 2631 2291 2663 ι
2320 2613 2692 2684 ἀποκρίνεται,
2719 2615 2795 2676 ὡς
2843 2615 2909 2669 ἂν
2944 2616 3087 2670 εἴποι
3132 2633 3236 2680 τις,
3272 2616 3464 2688 ἔτερος

1879 2700 1956 2753 ὢν
1982 2701 2075 2754 τοῦ
2107 2701 2387 2769 λέγοντος,
2423 2721 2441 2753 ι
2471 2704 2632 2775 Κάμέ
2662 2705 2862 2769 οἴδατε,
2899 2725 2918 2759 ι
2959 2708 3053 2762 καί
3087 2724 3217 2779 φησι
3238 2726 3251 2738 ·
3286 2727 3306 2758 ι
3348 2708 3467 2761 Καὶ

1879 2790 2001 2843 οὑτε
2039 2791 2140 2861 ἐμὲ
2162 2791 2359 2858 οἴδατε,
2385 2792 2506 2846 οὔτε
2532 2793 2622 2846 τὸν
2651 2795 2867 2867 Πατέρα
2898 2813 3019 2867 μου.
3057 2814 3081 2848 ι
3114 2794 3274 2849 Κατὰ
3302 2794 3365 2848 δέ
3398 2794 3465 2848 τὸ

1878 2881 2133 2934 ταπεινὸν
2162 2880 2269 2934 τῶν
2296 2883 2603 2954 Φαρισαίων
2629 2881 2716 2957 ἦν,
2749 2888 2865 2956 ἦτοι
2900 2888 2974 2959 μὴ
3007 2890 3181 2952 νοεῖν,
3217 2888 3300 2942 ὅτι
3330 2889 3467 2961 περὶ

1880 2973 1973 3026 τοῦ
2001 2974 2134 3028 Θεοῦ
2166 2975 2272 3028 τῶν
2299 2975 2435 3029 ὅλων
2466 2975 2616 3046 ἔλεγε
2640 2978 2700 3031 τό
2719 3019 2732 3039 ,
2762 2998 2778 3029 ι
2806 2982 3091 3053 Μαρτυρεῖ
3117 2980 3245 3052 περὶ
3271 2980 3411 3052 ἐμοῦ
3434 2983 3465 3034 ό

1882 3066 2102 3138 πέμψας
2120 3084 2187 3138 με
2210 3068 2419 3140 Πατὴρ,
2433 3087 2451 3120 ι
2473 3069 2528 3141 ἢ,
2547 3072 2595 3123 εί
2610 3069 2908 3144 ἐξεδέχοντο
2934 3074 3059 3145 περὶ
3080 3073 3189 3145 (98)
3210 3074 3302 3128 τοῦ
3322 3074 3469 3128 θεοῦ

1881 3158 2052 3213 ταῦτα
2077 3158 2360 3229 λέγεσθαι,
2394 3161 2630 3230 νομίζειν
2651 3205 2667 3229 ,
2696 3164 2776 3217 ὅτι
2809 3165 2867 3218 ἐν
2892 3165 3040 3236 τόπῳ
3064 3167 3210 3219 ἐστὶν
3244 3171 3273 3220 6
3304 3167 3468 3232 Θεὸς,

1884 3252 1978 3305 καὶ
2025 3251 2113 3306 διὰ
2161 3251 2318 3305 τοῦτο
2362 3253 2783 3324 ἀποκρίνεσθαιο
2820 3276 2838 3308 ι
2869 3258 2979 3311 Ποῦ
3020 3258 3167 3312 ἐστιν
3203 3262 3231 3312 6
3264 3260 3470 3334 Πατήρ

1885 3361 2014 3411 σονς
2052 3362 2072 3395 ι
2102 3344 2221 3418 Χρὴ
2250 3345 2431 3416 μέντοι
2473 3362 2537 3413 γε
2563 3347 2779 3413 εἰδέναι,
2812 3350 2894 3402 ὅτι
2939 3351 2988 3403 οἱ
3018 3351 3313 3425 ἑτερόδοξοι
3346 3353 3465 3425 (99)

1884 3433 2161 3504 νομίζουσι
2224 3433 2412 3504 σαφῶς
2446 3436 2692 3491 ἐντεῦθεν
2737 3439 3101 3510 παρίστασθαι
3138 3441 3200 3495 τὺ
3246 3445 3323 3514 μὴ
3369 3444 3472 3499 τὸν

1884 3525 2015 3579 Θεὸν
2035 3520 2080 3594 ᾧ
2099 3525 2384 3585 ἐλάτρευον
2416 3527 2655 3581 Ἰουδαῖοι
2679 3529 2898 3602 Πατέρα
2916 3527 3053 3586 εἴναι
3078 3534 3169 3588 τοῦ
3196 3536 3469 3605 Χριστοῦ.

1884 3618 1950 3671 Εἴ
1989 3617 2096 3690 γὰρ
2120 3621 2231 3682 τοῖς
2278 3619 2587 3690 Φαρισαίοις
2631 3618 2947 3691 λατρεύουσι
2992 3624 3067 3696 τῷ
3112 3626 3468 3700 Δημιουργῷ,

1888 3711 2071 3777 φασὶν,
2096 3709 2278 3778 ἔλεγεν
2303 3712 2330 3764 ὁ
2356 3710 2546 3783 Σωτὴρ
2565 3752 2580 3775 ,
2619 3729 2637 3762 ι
2674 3710 2811 3765 Οὔτε
2839 3713 2938 3785 ἐμὲ
2970 3715 3143 3769 οἴδατε
3162 3758 3176 3783 ,
3207 3716 3334 3772 οὔτε
3371 3721 3468 3776 τὸν

1886 3800 2106 3871 Πατέρα
2141 3818 2263 3871 μου,
2290 3819 2309 3853 ι
2346 3803 2533 3871 σαφὲς,
2569 3802 2649 3856 ὅτι
2673 3803 2858 3875 ἕτερον
2906 3806 3031 3860 ὄντα
3063 3807 3155 3861 τοῦ
3192 3811 3471 3882 Δημιουρ-

1888 3892 1984 3961 γοῦ
2023 3893 2113 3946 τὸν
2142 3893 2358 3965 Πατέρα
2392 3895 2584 3967 Ἰησοῦ,
2615 3897 2893 3968 Φαρισαῖοι
2931 3899 3032 3952 οὐκ
3072 3898 3290 3971 ᾔδεσαν.
3322 3902 3472 3955 Ἀλλ’

1886 3987 2008 4041 οὐδὲ
2053 3987 2508 4060 Ἱεροσολυμῖται,
2551 3983 2630 4051 οἷς
2678 3990 3030 4061 προειρήκει,
3072 4010 3090 4042 ι
3115 3990 3253 4045 Ἀλλ’
3316 3993 3473 4048 ἔστιν

1887 4077 2136 4150 ἀληθινὸς
2163 4082 2193 4134 6
2225 4078 2447 4150 πέμψας
2479 4097 2567 4150 με,
2594 4080 2652 4132 ὃν
2678 4081 2835 4151 ὑμεῖς
2862 4083 2961 4135 οὑκ
2994 4083 3191 4149 οἴδατε,
3236 4106 3255 4137 ι
3288 4086 3469 4141 ταῦτα

1888 4170 2156 4239 λέγουσιν,
2173 4169 2269 4225 ἅτε
2288 4170 2362 4243 μὴ
2382 4170 2747 4238 ἀνεγνωκότες
2768 4171 2867 4236 τὰς
2889 4173 3038 4237 θείας
3061 4174 3306 4245 Γραφὰς,
3326 4179 3467 4249 μηδὲ

1888 4262 1988 4335 τὴν
2036 4261 2320 4334 συνήθειαν
2360 4261 2460 4332 τῆς
2505 4263 2564 4315 ἐν
2609 4263 2799 4326 αὑταῖς
2841 4263 3039 4330 λέξεως
3074 4269 3464 4338 τετηρηκότες.

1890 4354 2012 4410 Κᾶν
2033 4353 2141 4426 γὰρ
2165 4353 2476 4420 διεξοδεύειν
2498 4372 2581 4418 τις
2601 4355 2820 4427 δύνηται
2842 4357 2909 4409 τὰ
2931 4358 3055 4427 περὶ
3085 4357 3242 4422 Θεοῦ,
3273 4360 3337 4413 ἐκ
3363 4379 3471 4414 πα-

1889 4446 2061 4519 τέρων
2092 4446 2445 4518 μεμαθηκὼς,
2471 4449 2553 4501 ὅτι
2577 4448 2750 4520 τούτῳ
2776 4448 3057 4521 λατρεύειν
3082 4451 3229 4522 μόνῳ
3261 4452 3358 4515 δεῖ,
3387 4455 3470 4524 μὴ

231 4553 433 4607 tionem
468 4549 585 4604 Dei.
619 4546 675 4603 Si
718 4545 1002 4616 quisquam
1038 4540 1367 4614 igituraiius
1395 4540 1543 4594 novit
1568 4550 1690 4606 quae
1721 4535 1786 4589 ad

2025 4536 2082 4589 δὲ
2114 4535 2323 4601 καλῶς,
2358 4536 2542 4591 τοῦτόν
2576 4555 2736 4607 φασιν
2765 4540 2863 4592 οὑκ
2902 4536 3044 4609 ἔχειν
3077 4538 3280 4609 γνῶσιν
3307 4541 3467 4595 Θεοῦ.

232 4644 417 4699 mundi
442 4639 762 4696 Eil‘ectorem
794 4635 1090 4708 pertinent,
1118 4642 1173 4689 et
1201 4646 1322 4702 quae
1362 4631 1429 4685 ad
1460 4628 1666 4684 cultum
1696 4640 1789 4680 sa-

234 4732 583 4798 cerdotalem,
608 4730 958 4802 perspicuum
990 4732 1141 4780 certe
1175 4733 1262 4779 est
1312 4722 1455 4776 inter
1485 4722 1585 4775 Iros
1624 4718 1792 4772 fuisse

234 4825 376 4881 illius
399 4822 516 4878 Heli
546 4820 867 4886 sacerdotis,
897 4816 991 4886 qui
1027 4814 1217 4870 nutriti
1247 4812 1400 4867 fuere
1423 4811 1475 4866 in
1499 4809 1591 4864 Dei
1623 4808 1791 4863 cultu.

1890 4627 1961 4683 Εἴ
1983 4644 2067 4691 τις
2094 4626 2224 4696 γοῦν
2266 4627 2422 4691 ἄλλος
2451 4628 2565 4699 ᾔδει
2605 4629 2673 4682 τὰ
2701 4630 2828 4698 περὶ
2867 4629 2961 4683 τοῦ
2990 4630 3334 4703 Δημιουργοῦ
3373 4634 3474 4688 καὶ

1893 4721 1991 4791 τῆς
2035 4720 2313 4793 ἱερατικῆς
2357 4720 2520 4774 αὑτοῦ
2565 4720 2855 4791 θεραπείας
2876 4763 2892 4787 ,
2941 4722 3100 4793 δῆλον
3125 4764 3139 4789 ,
3175 4725 3258 4778 ὅτι
3289 4725 3382 4779 καὶ
3412 4725 3471 4778 οι

1905 4809 2062 4866 Ἠλεὶ
2083 4811 2176 4866 τοῦ
2208 4811 2399 4883 ἱερέως
2426 4813 2563 4876 υἱοὶ,
2600 4812 2747 4886 παρὰ
2776 4816 2840 4885 τῇ
2875 4813 3097 4885 λατρεία
3125 4815 3472 4890 ἀνατεθραμ-

235 4917 487 4971 Attamen
517 4927 583 4968 eo
607 4912 748 4982 quod
777 4908 1143 4981 peccaverint,
1180 4905 1381 4973 scripta
1413 4911 1542 4959 sunt
1582 4900 1699 4955 hac
1728 4900 1795 4955 de

1997 4921 2050 4958 οι
2073 4921 2088 4936 ·
2117 4903 2232 4958 ἀλλ’
2270 4905 2449 4975 ὅμως,
2483 4904 2605 4958 ἐπεὶ
2632 4905 2906 4977 ἥμαρτον,
2944 4908 3254 4978 γέγραπται
3297 4908 3472 4962 ταῦτα

235 5008 345 5065 illis
387 5008 441 5063 in
475 5007 648 5077 primo
683 5005 886 5076 Regum
911 5002 959 5035 “
989 5019 1003 5055 :
1037 5018 1057 5052 ι
1081 5000 1147 5054 Et
1196 4998 1290 5053 lilii
1331 4997 1469 5061 Heli,
1497 4995 1592 5050 [iiii
1623 4995 1793 5064 pesti-

234 5103 432 5158 lentes.
460 5113 566 5156 n0u
604 5103 972 5167 cognoverunt
1016 5093 1322 5150 Dominum.
1354 5107 1373 5140 ι
1411 5087 1525 5161 [(1)
1554 5087 1793 5142 Interro-

235 5210 424 5267 gemus
447 5192 591 5247 enim
610 5204 704 5244 eos
726 5189 816 5259 qui
843 5188 1005 5242 etiam
1034 5193 1237 5241 sectam
1267 5189 1590 5250 sequuntur,
1607 5192 1786 5233 annon

306 5335 349 5367 ³⁷
380 5335 506 5388 ibid.
536 5332 602 5387 15
619 5346 734 5400 seq.

238 5403 440 5466 l"ibid,
481 5404 570 5459 l8.
641 5396 898 5470 “'IReg.
936 5413 1008 5463 ιι,
1034 5396 1123 5453 12.

310 5541 625 5612 (91*)Lege
673 5537 1187 5612 hicemc‘rattevwv
1235 5535 1339 5612 ὅτι,
1391 5539 1661 5612 θξβιιιιειο
1699 5525 1793 5601 ἦν’

242 5599 480 5678 quinque
510 5599 688 5664 autem
714 5609 912 5665 abhinc
941 5599 1118 5670 lin'eis,
1146 5604 1359 5673 corrige
1381 5601 1483 5656 κᾶν
1514 5599 1642 5670 ἐγώ,
1676 5599 1798 5670 pro,

243 5680 336 5732 καὶ
367 5678 497 5746 ἐγώ.
531 5678 688 5734 Eutr.
720 5678 961 5735 Pin-twn.

315 5739 436 5818 (98),
453 5748 529 5818 Ἢ
540 5748 978 5818 εὶνέξεδέχοντο.
1003 5748 1095 5805 Sic
1114 5746 1284 5803 codex
1312 5740 1669 5807 Bodleianus;
1695 5739 1801 5795 ne.

247 5816 387 5884 gitts,
423 5816 544 5867 ἐπεὶ
565 5816 885 5888 ἐξεδέχοντο.

810 5329 855 5360 ³⁸
892 5327 1077 5381 Matth.
1115 5340 1235 5389 xm,
1261 5321 1351 5378 55.
1427 5321 1470 5353 ³⁹
1496 5318 1652 5375 Joan.
1675 5336 1793 5385 vm,
1826 5320 1915 5374 ιι.

1899 4994 2029 5066 περὶ
2058 4993 2237 5047 αὐτῶν
2262 4994 2319 5048 ἐν
2351 4995 2415 5065 τῇ
2455 4992 2563 5046 τῶν
2606 4994 2901 5048 Βασιλειῶν
2935 4994 3160 5070 πρὼτῃσ
3214 5015 3234 5048 ι
3269 4998 3375 5051 Καὶ
3411 4998 3471 5050 οῖ

1898 5085 2003 5138 υίοὶ
2045 5084 2232 5150 Ἠλεὶ,
2277 5084 2382 5138 υἱοὶ
2405 5083 2580 5155 λοιμοὶ
2602 5125 2618 5151 ,
2650 5085 2749 5137 οὑκ
2784 5084 3025 5154 ἔγνωσαν
3070 5085 3161 5141 τὸν
3192 5086 3410 5159 Κύριον.
3442 5106 3465 5138 ο

1895 5177 2230 5250 Πευσὼμεθα
2251 5178 2361 5248 γὰρ
2390 5178 2495 5231 τῶν
2525 5176 2862 5246 ἑτεροδόξων,
2897 5179 2945 5230 εἴ
2984 5178 3058 5249 μὴ
3087 5179 3216 5251 περὶ
3240 5177 3335 5232 τοῦ
3358 5181 3471 5251 Δη-

2023 5319 2068 5351 ⁸⁸
2086 5319 2215 5374 ibid.
2249 5319 2334 5373 19.
2438 5318 2651 5374 M.luan.
2683 5333 2781 5387 vn,
2809 5318 2902 5375 28.
2977 5314 3198 5375 “Joan.
3224 5336 3342 5388 rm,
3373 5320 3470 5375 i9.

1972 5530 2084 5602 (99)
2104 5531 2228 5601 Χρὴ
2254 5527 2541 5602 μέντοιγε
2555 5529 2794 5602 ειδέναι,
2809 5529 2897 5584 ὅτι
2918 5531 2972 5583 οἱ
2988 5528 3339 5602 ἑτερόδοξοι,
3351 5533 3471 5602 etc.

1900 5598 2633 5667 Cerduniani,Marcin’nitae,
2666 5600 3056 5670 Valentiniani,
3094 5600 3294 5671 aliique
3318 5598 3473 5667 ejus-

1902 5672 2231 5743 ᾱθιιιμζὺμης
2261 5671 2525 5743 haeretici.
2553 5671 2792 5728 Hunnus

1972 5740 2049 5815 (l)
2081 5740 2209 5800 nec
2234 5758 2263 5799 e
2288 5741 2559 5799 Periouio.
