3702 6142
261 319 360 373 529

1303 320 1660 376 COMMENT.
1694 319 1760 374 IN
1795 318 1986 374 JOAN.
2023 320 2264 377 TOM~US
2304 321 2442 375 XIX.

3383 325 3486 379 550

260 431 512 506 μιουργοῦ
541 433 847 505 γέγραπται
877 435 957 488 τόο
995 455 1012 487 ι
1043 437 1155 490 Οὐκ
1178 437 1417 507 ἔγνωσαν
1446 441 1537 494 τὸν
1556 439 1722 512 Κύριο

2036 441 2220 496 mundi
2275 439 2479 510 Opilice
2507 441 2611 496 hoc
2644 441 2902 512 scriptum
2931 442 3039 500 sit:
3079 461 3098 496 ι
3127 442 3242 498 Non
3291 457 3482 513 cogno-

261 524 347 578 καὶ
387 525 828 596 ἀποκρινομένων
857 567 871 590 ,
911 527 993 581 ὅτι
1029 531 1158 599 περὶ
1195 529 1288 582 106
1324 531 1665 603 Δημιουργοῦ
1707 534 1823 584 ἐστι

255 615 444 677 ταῦτα,
459 615 762 688 ζητήσομεν
775 619 836 688 (1⁵.
861 620 1029 692 σωμ-)
1043 621 1192 675 διὰτί
1204 622 1416 692 εἴρηται
1427 638 1496 674 πε
1505 623 1556 693 ρ¹ι
1569 623 1676 676 τῶν
1692 621 1823 677 υἱῶν

267 707 454 767 Ἡλείοι
483 712 595 765 Οὐκ
627 712 870 780 ἔγνωσαν
897 714 988 768 τὸν
1012 715 1234 786 Κύριον·
1273 736 1290 769 ι
1323 718 1548 790 πότερον
1579 719 1667 772 διὰ
1695 720 1822 782 τοὺς

253 802 378 873 περὶ
396 801 528 856 Θεοῦ
548 802 642 856 τοῦ
662 805 1004 878 Δημιουργοῦ
1035 806 1242 876 λόγους,
1269 809 1302 880 ἢ
1332 809 1420 864 διὰ
1441 809 1539 881 τὴν
1563 811 1822 882 πονηρίαν

253 895 446 949 αὐτῶν.
482 897 657 966 Σαφὲς
693 897 769 962 δὲ,
805 899 887 952 ὃτι
923 898 1013 954 διά
1047 899 1146 972 τὴν
1176 902 1438 973 πονηρίαν
1466 903 1712 972 λέγονται
1747 903 1820 975 μὴ

253 988 548 1058 ἐγνωκέναι
588 990 680 1044 τὸν
716 991 946 1064 Κύριοψ
983 995 1076 1047 καὶ
1115 993 1176 1048 οὐ
1219 996 1347 1067 περὶ
1374 996 1482 1050 τῶν
1508 997 1640 1050 υίῶν
1677 996 1827 1051 Ἠλεί

255 1081 408 1152 μόνον
432 1081 548 1136 ἐστι
581 1083 738 1137 τοῦτο
762 1084 966 1157 εὑρεῖν,
996 1086 1132 1140 ἀλλά
1156 1089 1251 1142 καὶ
1282 1089 1408 1159 περὶ
1449 1088 1621 1143 ἄλλων
1667 1089 1820 1160 βασι-

251 1171 549 1228 λευσάντων
583 1176 641 1227 ὲν
677 1177 895 1247 Ἰσραὴλ
935 1179 1030 1230 καὶ
1074 1179 1242 1234 Ἰούδα
1285 1181 1644 1252 ἁμαρτωλῶν.
1667 1180 1821 1234 Οὕτω

248 1264 421 1317 τοίνυν
446 1267 542 1320 καὶ
562 1269 609 1319 οἱ
633 1268 914 1337 Φαρισαῖοι
944 1270 1035 1324 τὸν
1068 1271 1288 1343 Πατέρα
1314 1272 1415 1324 οὐκ
1442 1273 1638 1344 ᾔδεσαν
1657 1289 1670 1302 ·
1702 1273 1820 1326 οὐδὲ

247 1360 352 1429 γὰρ
383 1359 564 1412 ὲϐίουν
595 1361 736 1414 κατὰ.
768 1361 828 1414 τὸ
851 1360 943 1414 106
990 1363 1332 1434 Δημιουργοῦ
1368 1363 1630 1434 βούλημα.
1663 1365 1820 1417 Ἐστι

247 1447 300 1501 δὲ
337 1451 429 1502 καὶ
475 1451 606 1505 ἄλλο
649 1453 1044 1525 σημαινόμενον
1073 1455 1165 1508 106
1208 1454 1494 1523 γινώσκειν
1541 1457 1632 1510 τὸν
1663 1457 1816 1523 Θεὸν,

247 1540 430 1613 ἑτέρου
477 1543 631 1608 δντος
671 1545 766 1598 106
807 1546 1093 1614 γινώσκειν
1134 1548 1224 1602 τὸν
1259 1549 1390 1604 Θεὸν
1445 1550 1593 1622 παρά
1629 1549 1690 1604 τὸ
1729 1569 1819 1604 πι-

250 1631 454 1686 στεύειν
485 1633 661 1704 ψιλῶς
692 1638 772 1700 είς
794 1637 886 1691 τὸν
915 1637 1066 1703 Θεὸν,
1102 1639 1178 1704 ὼς
1204 1640 1361 1712 δῆλον
1395 1643 1457 1694 ὲκ
1486 1641 1579 1696 106
1604 1659 1618 1673 ο
1650 1642 1818 1696 «Ὅσα

243 1723 272 1777 ό
293 1725 453 1794 νόμος
467 1725 640 1792 λαλεῖ,
663 1731 778 1792 τοῖς
805 1730 862 1781 ὲν
883 1729 960 1800 τῷ
987 1732 1135 1804 νόμῳ
1159 1731 1308 1786 λαλεῖ
1327 1736 1458 1788 αὐτό
1478 1734 1542 1807 [Ῑ.
1561 1735 1744 1807 αὐτά].
1770 1741 1817 1786 ι’

249 1815 316 1869 Ἦ
339 1816 517 1886 δῆλον,
537 1820 618 1872 ὃτι
649 1820 884 1886 καὶτοὺς
911 1825 1215 1894 προφήτας,
1245 1819 1320 1879 ῶν
1338 1831 1352 1849 ⁶
1371 1826 1440 1880 τὰ
1471 1816 1710 1900 ῥήματα,
1739 1828 1814 1893 ὡς

243 1907 298 1960 ἐν
329 1907 508 1972 ἄλλοις
547 1911 907 1982 ἀπεδείξαμεν
928 1953 943 1977 ,
987 1913 1151 1985 νόμος
1179 1915 1393 1984 λέγεται
1417 1934 1430 1947 ο
1467 1916 1678 1989 εἴρηται
1701 1920 1812 1972 τοί-

243 2016 332 2054 νυν
362 2001 420 2052 ὲν
450 2001 728 2072 Ψαλμοῖς·
772 2021 791 2053 ι
832 2003 1158 2073 Σχολάσατε,
1196 2007 1288 2060 καὶ
1339 2006 1546 2076 γνῶτε,
1583 2011 1666 2062 ὅτι
1706 2009 1816 2078 ἐγώ

245 2091 354 2160 εἰμι
382 2093 410 2144 ὁ
439 2090 604 2156 Θεός.
649 2112 666 2142 ι
700 2093 796 2157 Τίς
831 2095 876 2147 δ’
919 2095 1018 2149 οὐκ
1061 2096 1126 2150 ἂν
1168 2098 1498 2170 ὁμολογήσαι
1530 2100 1814 2154 πιστεῦσαι

243 2181 544 2252 γεγράφθαι
566 2182 736 2235 ταῦτα
765 2183 876 2252 λαῷ
904 2184 1204 2238 πιστεύοντι
1235 2187 1314 2249 εἰς
1345 2185 1436 2239 τὸν
1457 2188 1812 2259 Δημιουργὸν,

243 2273 418 2327 ὅντινα
440 2274 646 2342 γνῶναι
672 2275 770 2328 οὐκ
801 2275 916 2328 ἔστι
958 2277 1030 2348 μὴ
1059 2277 1394 2347 σχολάσαντα
1412 2318 1426 2340 ,
1460 2280 1553 2332 καὶ
1578 2279 1815 2333 ἐκκαθά-

249 2382 410 2437 ραντα
473 2365 566 2419 τὸν
628 2365 784 2431 νοῦν,
850 2367 960 2420 τῶν
1027 2368 1288 2424 νοούντων
1351 2371 1446 2424 καὶ
1527 2370 1817 2442 Θειοτέροις

244 2456 533 2528 ὀφθαλμοῖς
571 2457 876 2527 βλεπόντων
905 2460 994 2514 τὸν
1031 2460 1164 2513 Θεὸν
1194 2500 1208 2523 ,
1242 2461 1330 2516 διὰ
1360 2464 1420 2516 τὸ
1447 2463 1694 2541 καθαράν
1719 2464 1816 2535 τὴν

246 2551 465 2622 καρδίαν
487 2551 865 2624 πεποιηκέναι,
885 2553 983 2623 τῆς
1001 2553 1219 2624 χάριτος
1234 2553 1436 2626 ταύτης
1463 2555 1813 2626 ἀξιουμένων,

247 2642 317 2708 ὡς
347 2645 375 2696 ὁ
397 2645 591 2717 Σωτὴρ
621 2647 888 2716 μαρτυρεί
914 2644 1087 2714 λέγων
1110 2663 1123 2676 ·
1160 2665 1178 2697 ι
1209 2647 1487 2719 Μακάριοι
1511 2651 1559 2701 οί
1587 2648 1818 2721 καθαροὶ

247 2738 310 2807 τῇ
340 2735 558 2808 καρδίᾳ,
588 2737 669 2790 ὅτι
692 2735 846 2788 αὐτοὶ
869 2735 960 2789 τὸν
987 2736 1120 2789 Θεὸν
1147 2736 1386 2806 ὀψοντακ
1419 2757 1439 2790 ι
1469 2739 1620 2809 Ἅμα
1643 2739 1698 2791 δὲ
1722 2741 1816 2793 καὶ

249 2827 379 2898 πρὸς
409 2828 496 2891 τὸ,
530 2847 549 2878 ι
589 2827 779 2890 Οὐδεὶς
808 2825 946 2894 ἔγνω
988 2826 1078 2881 τὸν
1108 2827 1326 2898 Πατέρα
1360 2831 1408 2881 εί
1439 2828 1512 2899 μὴ
1543 2831 1570 2882 ό
1598 2830 1745 2892 Υἱὸς,
1793 2849 1810 2880 ι

249 2921 508 2992 φήσομεν,
525 2920 690 2974 ὅτιού
707 2919 901 2972 ταυτόν
927 2922 1042 2973 ἐστι
1073 2919 1132 2972 τὸ
1157 2919 1445 2989 γινώσκειν
1467 2921 1557 2974 τὸν
1577 2921 1814 2993 Πατέρα,

248 3015 334 3067 καὶ
365 3012 646 3067 πιστεύειν
693 3011 860 3084 αὐτῷ.
903 3014 978 3066 Οὐ
1034 3013 1263 3084 μάχεται
1303 3009 1396 3067 οὖν
1445 3013 1528 3073 τὸ,
1575 3034 1592 3066 ι
1631 3015 1818 3080 Οὐδεὶς

246 3106 381 3176 ἔγνω
407 3108 498 3160 τὸν
531 3106 757 3177 Πατέρα
815 3109 862 3160 εί
899 3107 972 3178 μὴ
1003 3109 1030 3160 ό
1071 3107 1231 3172 Υἱὸς,
1281 3126 1302 3160 ο
1335 3105 1463 3176 τῷοί
1501 3108 1816 3162 Ἐπίστευσε
1845 3137 1888 3194 C

245 3197 298 3250 δὲ
332 3197 584 3269 Ἀϐραάμ
605 3197 683 3268 τῷ
707 3196 844 3267 Θεῷ,
864 3197 958 3250 καὶ
980 3197 1231 3268 ἐλογίσθη
1264 3196 1412 3268 αὐτῷ
1436 3200 1515 3262 εἰς
1547 3199 1820 3253 δικαιοσύ-

246 3307 356 3360 νην.
397 3309 415 3343 ι
447 3291 511 3343 Εἰ
545 3290 608 3343 δέ
641 3307 725 3353 τις
773 3287 942 3342 οἴεται
967 3290 1114 3360 ἡμᾶς
1153 3289 1437 3360 βιάζεσθαι
1469 3289 1720 3360 λέγοντας
1747 3291 1820 3363 μὴ

244 3381 430 3435 ταυτὸν
457 3378 603 3435 εἶναι
632 3381 692 3434 τὸ
721 3381 997 3435 πιστεύειν
1024 3381 1100 3452 τῷ
1129 3381 1448 3449 γινώσκειν,
1479 3383 1574 3436 καὶ
1608 3383 1818 3453 ἐνδέχε-

247 3475 363 3529 σθαι
394 3473 681 3528 πιστεύειν
714 3473 947 3544 μὲν,οὐκ
971 3472 1114 3543 ἔχειν
1143 3473 1199 3526 δὲ
1224 3471 1425 3542 γνῶσιν
1454 3473 1547 3527 106
1567 3491 1819 3528 πιστευο-

249 3567 404 3636 μένου
433 3569 524 3620 ὑπ’
567 3565 756 3631 αὐτοῦ,
787 3565 880 3618 τοῦ
909 3564 1084 3635 Ἰησοῦ
1103 3564 1388 3619 ἀκουσάτω
1417 3565 1664 3632 λέγοντος
1686 3567 1822 3639 πρὸς

245 3661 364 3724 τοὺς
389 3659 826 3722 πεπιστευκότας
849 3657 998 3729 αὐτῷ
1041 3658 1328 3722 Ἰουδαίους
1347 3676 1360 3689 ο
1398 3677 1418 3710 ‹
1442 3658 1566 3712 Ἐάν
1603 3660 1820 3732 μείνητε

246 3753 304 3806 ιν
331 3752 408 3824 τῷ
435 3753 584 3822 λόγῳ
612 3750 692 3821 τῷ
723 3750 840 3821 ἐμῷ
857 3791 871 3816 ,
895 3749 1167 3820 γνώσεσθε
1201 3751 1298 3822 τὴν
1338 3750 1595 3820 ἀλήθειαν
1618 3789 1634 3816 ,
1668 3751 1762 3804 καὶ
1789 3754 1822 3822 ἡ

247 3845 471 3916 ἀλήθεια
512 3841 870 3914 ἐλευθερώσει
926 3844 1089 3914 ὑμᾶς.
1135 3862 1153 3893 ι
1204 3843 1518 3915 Παρατήρει
1553 3843 1696 3916 γὰρ,
1740 3845 1823 3898 δτι

250 3935 353 4006 πρὸ
377 3935 492 3999 106,
523 3954 542 3987 ι
584 3934 709 3988 Ἐὰν
734 3934 951 4006 μείνητε
984 3936 1040 3987 ὲν
1065 3933 1143 4005 τῷ
1168 3933 1309 4005 λόγῳ
1336 3934 1415 4006 τῷ
1445 3933 1583 4006 ἐμῷ,
1615 3937 1821 4006 γνώσε-

249 4026 338 4080 σθε
369 4027 468 4099 τὴν
493 4025 777 4096 ἀλήθειαν,
809 4045 826 4077 ι
859 4025 1202 4094 γέγραπται·
1240 4025 1496 4094 «Ἔλεγεν
1523 4022 1614 4080 οὖν
1641 4029 1670 4081 ὁ
1715 4029 1822 4102 Ἰη-

249 4119 370 4182 σοῢς
407 4120 543 4191 πρὸς
587 4119 714 4182 τοὺς
757 4118 1106 4183 πιστεύοντας
1142 4118 1290 4190 αὐτῷ
1331 4119 1640 4184 Ἰουδαίουςο
1679 4140 1697 4172 ι
1732 4124 1826 4176 καὶ

249 4211 280 4264 ἃ
314 4210 496 4278 ἔλεγεν
533 4207 639 4282 ἦν’
697 4229 715 4261 ι
752 4209 876 4264 Ἐὰν
923 4210 1142 4282 μείνητε
1174 4211 1230 4262 ὲν
1264 4208 1342 4279 τῷ
1385 4210 1526 4281 λόγῳ
1567 4210 1645 4282 τῷ
1684 4213 1822 4284 ἐμῷ,

252 4302 518 4370 γνώσεσθε
551 4302 654 4374 τὴν
689 4302 965 4374 ἀλήθειαν.
1001 4323 1019 4356 ι
1059 4303 1199 4356 Πολὺ
1238 4303 1294 4356 δὲ
1326 4303 1571 4376 διαφέρει
1599 4305 1660 4359 τὸ
1689 4307 1825 4379 πρὸς

249 4393 324 4466 τῷ
347 4396 626 4450 πιστεύειν
652 4395 981 4464 ἐγνωκέναι,
1022 4395 1116 4450 106
1163 4397 1439 4452 πιστεύειν
1476 4399 1665 4470 μόνον’
1703 4419 1720 4453 ι
1754 4396 1824 4474 ᾮ

254 4487 348 4557 μὲν
384 4488 492 4562 γάρ
536 4488 630 4542 διὰ
664 4488 756 4541 τοῦ
806 4488 1120 4560 Πνεύματος
1168 4489 1366 4544 δίδοται
1408 4490 1563 4560 λόγος
1611 4494 1821 4562 σοφίας,
1855 4474 1901 4539 D

251 4575 390 4648 ἄλλῳ
412 4578 468 4632 δξ
491 4577 650 4646 λόγος
675 4578 926 4648 γνώσεως
954 4579 1094 4630 κατὰ
1121 4578 1181 4632 τὸ
1217 4579 1349 4633 αὐτὸ
1377 4579 1622 4652 Πνεῦμα,
1653 4583 1824 4655 ἑτέρῳ

253 4669 430 4734 πίστις
463 4672 522 4723 ὲν
551 4669 630 4742 τῷ
655 4668 802 4740 αὐτῷ
827 4669 1124 4740 Πνεύματι.
1159 4689 1176 4721 ι
1214 4672 1324 4724 Καὶ
1348 4671 1518 4726 ταῦτα
1557 4673 1656 4744 μὲν
1686 4675 1826 4747 ὑπὲρ

251 4761 340 4815 τοῦ
368 4763 714 4834 παραστῆσαι
742 4763 926 4833 ἕτερον
957 4759 1094 4815 εἶναι
1119 4762 1179 4815 τὸ
1203 4763 1563 4831 γινώσκεσθαι
1581 4766 1670 4820 τὸν
1692 4768 1824 4822 Θεὸν

252 4855 342 4906 106
388 4855 759 4909 πιστεύεσθαι.
811 4855 898 4918 Ὠς
937 4855 994 4908 δὲ
1031 4855 1169 4926 πρὸς
1198 4855 1260 4908 τὸ
1290 4856 1510 4926 ἀκριϐὲς
1545 4858 1639 4912 καὶ
1669 4858 1829 4916 τοῦτο

254 4949 360 5012 τοῖς
380 4947 690 5018 εἰρημένοις
715 4946 1227 5019 προσαποδώσομεν,
1245 4949 1327 5001 ὅτι
1356 4949 1492 5018 πρὸς
1516 4948 1608 5013 οὓς
1641 4967 1823 5024 φησιν,

261 5056 276 5088 ι
309 5036 443 5090 Οὔτε
485 5038 591 5109 ἐμὲ
632 5038 808 5091 οἴδατε
831 5077 847 5101 ,
890 5036 1014 5090 οὔτε
1056 5038 1146 5090 τὸν
1187 5037 1409 5110 Πατέρα
1443 5056 1579 5108 μου,
1610 5060 1629 5092 ι
1665 5043 1830 5116 Φαρι-

256 5126 455 5190 σαίους,
491 5125 730 5194 εὐλόγως
771 5126 839 5179 ἂν
877 5121 998 5179 εἶπέ
1041 5143 1156 5190 τις·
1198 5125 1336 5179 Ἀλλ’
1383 5128 1502 5180 οὐδὲ
1545 5131 1830 5186 πιστεύετε

255 5219 330 5280 είς
374 5217 466 5270 τὸν
516 5218 738 5290 Πατέρα
783 5234 911 5289 μου’
953 5216 1033 5288 τῷ
1066 5219 1173 5289 γὰρ
1202 5217 1556 5273 ἀποσταλέντι
1585 5222 1694 5276 ἀπὸ
1736 5224 1830 5286 τοῦ

259 5308 466 5380 Πατρὸς
520 5310 625 5362 οὐκ
662 5309 1018 5364 ἐπίστευσαν·
1076 5329 1094 5362 ‹
1147 5310 1203 5363 '0
1254 5309 1312 5363 δὲ
1348 5311 1677 5383 ἀρνούμενος
1739 5315 1834 5370 τὸν

261 5397 403 5464 Υίὸν,
441 5419 458 5450 ι
493 5399 741 5470 οὐδαμῶς
776 5419 795 5452 ι
834 5401 925 5454 τὸν
966 5400 1184 5472 Πατέρα
1227 5399 1338 5470 ἔχει
1365 5417 1378 5431 ·
1417 5420 1436 5454 ι
1468 5403 1561 5456 καὶ
1586 5404 1834 5475 οὐδαμῶς

263 5509 434 5565 φημι,
465 5493 548 5547 ὅτι
597 5491 719 5546 οὔτε
749 5493 889 5547 κατά
922 5491 1255 5563 πίστιν,οὐτε
1279 5494 1418 5548 κατὰ
1446 5494 1663 5566 γνῶσιν.
1692 5497 1832 5569 Ὅρα

263 5585 319 5638 δι
348 5587 397 5639 εί
428 5588 504 5657 μὴ
533 5587 630 5640 καὶ
659 5585 831 5651 ἄλλως
872 5596 906 5665 ἡ
943 5586 1133 5658 Γραφὴ
1189 5587 1315 5651 τοὺς
1360 5588 1832 5661 ἀνακεκραμένους

333 5703 376 5735 ⁸³
409 5701 566 5774 Rom.
607 5719 687 5772 ιιι,
714 5705 798 5761 19.
873 5706 922 5737 ⁸⁸
944 5705 1088 5760 Psal.
1126 5722 1244 5772 τιν,
1273 5706 1359 5761 10.
1434 5708 1478 5739 ³⁷
1509 5708 1697 5763 Matth.
1721 5727 1771 5774 ν,
1800 5713 1856 5769 8.

1924 541 2120 587 verunt
2149 530 2594 604 Domiouln;r]et
2635 534 3083 602 respondentibus
3123 535 3232 590 illis
3275 535 3390 590 hmo
3419 533 3484 588 ad

1924 623 2107 676 mundi
2143 620 2457 677 El'fectorem
2484 623 2776 691 pertinere,
2797 637 3102 692 quaeremus
3135 623 3483 692 quamobrem

1923 716 1990 770 de
2045 715 2168 770 [iliis
2198 716 2308 772 Heli
2333 717 2538 772 dictum
2563 718 2636 772 sit
2663 736 2678 772 :
2713 737 2732 770 ι
2762 715 2878 773 Non
2903 726 3276 787 cognoverunt
3303 714 3486 770 Domi-

1927 825 2092 875 num;
2130 828 2148 862 ι
2189 820 2366 865 utrum
2401 820 2619 880 propter
2657 811 2898 866 rationes
2949 810 3016 865 de
3047 809 3154 864 Deo
3187 808 3369 863 mundi
3399 805 3484 860 fa-

1922 903 2216 967 bricatore,
2239 921 2308 958 an
2339 914 2556 975 propter
2591 904 2852 960 malitiam
2881 903 3143 972 ipsorum.
3181 901 3285 956 Sed
3317 900 3485 970 liquet

1922 1004 2143 1065 propter
2160 995 2442 1057 malitiam,
2469 1010 2564 1051 eos
2589 996 2694 1050 dici
2722 1010 2826 1050 non
2856 995 3140 1066 agnovisse
3159 993 3440 1048 Dominum
3467 1009 3480 1045 :

1921 1099 2080 1152 quam
2113 1098 2226 1138 rem
2269 1099 2373 1138 non
2427 1085 2600 1140 solum
2635 1087 2690 1140 in
2723 1085 2851 1140 ﬁliis
2891 1083 3006 1139 lleli
3056 1083 3302 1138 invenire
3336 1081 3484 1143 licet,

1923 1191 2109 1229 verum
2137 1176 2302 1229 etiam
2339 1176 2390 1229 in
2421 1175 2563 1239 aliis,
2595 1177 2836 1244 quicum
2868 1174 3144 1247 regnarint
3167 1173 3220 1227 in
3251 1170 3487 1224 I.raelet

1919 1265 2127 1330 Judzea,
2173 1277 2486 1336 peccatores
2533 1266 2702 1322 fuere.
2757 1267 2862 1322 Isto
2915 1266 3078 1336 igitur
3125 1263 3284 1318 modo
3319 1261 3484 1317 etiam

1920 1355 2176 1411 Pharisaei
2212 1356 2424 1412 Patrem
2459 1371 2564 1410 non
2611 1367 2828 1416 norant.
2861 1371 2981 1411 cum
3012 1371 3116 1409 non
3148 1354 3392 1407 viverent
3418 1362 3486 1406 ex

1920 1449 2188 1506 sententia
2208 1450 2394 1504 mundi
2417 1448 2726 1504 Eﬂ‘ectoris.
2759 1447 2924 1520 284
2944 1449 3078 1503 Cum
3107 1456 3290 1501 autem
3313 1445 3488 1500 diver-

1921 1558 1994 1598 sae
2022 1543 2132 1598 sint
2159 1541 2588 1612 signiﬁcationes
2637 1541 2964 1610 agnoscendi
2997 1538 3187 1603 Deum,
3210 1539 3484 1594 diversum

1919 1650 2134 1706 quoque
2186 1644 2270 1690 est
2318 1649 2618 1705 agnoscere
2667 1633 2832 1687 Deum
2886 1643 2941 1686 et
2984 1632 3214 1686 credere
3259 1630 3400 1684 nude
3432 1628 3482 1682 in

1926 1734 2116 1798 Deum,
2150 1742 2210 1786 ut
2247 1731 2417 1802 liquet
2461 1747 2528 1787 ex
2583 1746 2647 1786 eo
2671 1730 2718 1762 "
2749 1746 2764 1784 :
2802 1749 2822 1782 ι
2859 1729 3074 1784 Scimus
3111 1735 3293 1782 autem
3341 1723 3482 1793 quod

1919 1837 2251 1893 quaecunque
2287 1823 2372 1878 lex
2404 1822 2660 1893 loquitur,
2699 1822 2783 1876 his
2815 1821 2927 1874 haec
2960 1819 3214 1890 loquatur
3237 1817 3330 1886 qui
3359 1820 3482 1869 sunt

1920 1919 2019 1973 sub
2053 1917 2220 1987 lege.»
2254 1919 2272 1939 ‘
2301 1917 2382 1970 An
2419 1930 2524 1970 non
2569 1914 2906 1983 perspicuum
2945 1921 3028 1967 est
3055 1911 3220 1966 etiam
3252 1907 3484 1979 prophe-

1921 2021 2026 2074 tos,
2077 2024 2305 2079 quorum
2333 2013 2350 2032 ‘
2381 2008 2566 2070 verba,
2621 2006 2767 2060 utin
2810 2003 2931 2058 aliis
2978 2002 3342 2065 ostendimus,
3396 1997 3483 2054 lex

1921 2098 2192 2152 dicuntur.
2221 2097 2432 2152 Dictum
2463 2106 2546 2152 est
2577 2097 2740 2166 igitur
2770 2096 2822 2150 in
2850 2093 3138 2150 Psalmis“
3166 2111 3180 2146 :
3221 2109 3241 2143 ι
3262 2083 3482 2152 Vacate,

1921 2199 1978 2244 et
2010 2189 2312 2260 agnoscite,
2335 2187 2478 2259 quod
2506 2202 2606 2257 ego
2633 2201 2752 2242 sum
2788 2186 2948 2240 Deus.
2973 2202 2992 2236 ι
3013 2183 3146 2251 Quis
3169 2191 3349 2237 autem
3375 2196 3482 2237 non

1923 2284 2182 2337 fateretur
2215 2297 2276 2338 se
2301 2283 2527 2336 credere
2557 2282 2670 2336 haec
2696 2278 2901 2348 scripta
2931 2275 3103 2332 fuisse
3134 2272 3331 2344 populo
3365 2286 3484 2326 cre-

1921 2375 2067 2431 denti
2103 2375 2154 2428 in
2191 2374 2375 2428 mundi
2401 2373 2694 2442 Opiﬁcem;
2742 2384 2906 2440 quem
2933 2380 3226 2438 agnoscere
3255 2379 3360 2420 non
3392 2378 3486 2418 va-

1922 2466 2048 2532 leat,
2091 2465 2184 2535 qui
2219 2479 2326 2521 non
2359 2464 2585 2530 vacarit,
2635 2461 3047 2531 puriﬁcaritque
3080 2464 3350 2521 mentem;
3403 2454 3484 2509 di-

1921 2560 2042 2628 gnis
2091 2561 2194 2615 hoc
2228 2573 2457 2614 munere
2493 2555 2692 2611 habitis
2730 2554 2817 2610 his
2862 2554 2956 2619 qui
2995 2551 3170 2608 oculis
3202 2547 3485 2604 diviniori-

1923 2653 2022 2708 bus
2049 2653 2215 2709 Deum
2251 2652 2620 2712 considerant,
2645 2649 2936 2716 videntque
2959 2643 3089 2715 quia
3105 2658 3202 2697 cor
3227 2646 3482 2696 mundum

1923 2746 2180 2811 fecerint,
2235 2743 2690 2814 quemadmodum
2743 2749 2971 2796 testatur
3001 2736 3261 2792 Dominus
3301 2734 3486 2788 dicens

1922 2841 2000 2894 “z
2031 2857 2049 2890 ι
2079 2837 2230 2893 Beati
2259 2837 2461 2891 mundo
2485 2835 2808 2905 corde,quia
2830 2834 2932 2904 ipsi
2965 2834 3134 2888 Deum
3153 2827 3480 2885 videbunt?»

1923 2929 2096 2985 Simul
2139 2929 2304 2984 etiam
2344 2930 2395 2982 iu
2433 2942 2496 2983 eo
2549 2928 2693 2982 dicto
2711 2926 2778 2982 ⁸⁸.
2843 2943 2862 2977 ι
2917 2925 3086 2979 Nemo
3123 2920 3339 2992 agnovit
3386 2919 3488 2974 Pa-

1922 3027 2084 3085 trem,
2115 3020 2221 3075 nisi
2259 3018 2488 3083 Filius,»
2541 3017 2738 3071 dicturi
2798 3029 3004 3074 sumus.
3051 3029 3155 3068 non
3193 3013 3331 3067 idem
3365 3025 3488 3065 esse

1923 3123 2220 3183 agnoscere
2259 3109 2478 3165 Patrem
2529 3117 2584 3161 et
2645 3105 2720 3160 illi
2764 3105 3008 3159 credere.
3047 3102 3196 3158 Unde
3239 3100 3368 3155 illud
3404 3099 3489 3154 di-

1922 3213 2070 3260 ctum
2104 3242 2120 3268 ,
2153 3221 2173 3255 ι
2202 3199 2372 3256 Nemo
2425 3197 2644 3270 agnovit
2687 3196 2922 3258 Patrem,
2958 3194 3060 3249 nisi
3101 3192 3290 3257 Filius,
3323 3209 3340 3242 ι
3380 3204 3485 3246 nou

1919 3304 2123 3368 pugnat
2159 3308 2281 3350 cum
2308 3294 2450 3348 hoc:
2489 3309 2508 3343 ι
2539 3289 2782 3347 Credidit
2815 3299 2994 3343 autem
3040 3286 3319 3341 Abraham
3353 3285 3484 3350 Deo,

1920 3396 1974 3442 et
2004 3387 2328 3455 imputatum
2353 3391 2438 3437 est
2464 3381 2537 3436 illi
2571 3381 2640 3436 ad
2661 3379 2927 3450 justitiam
2953 3377 3020 3433 ”.
3052 3395 3071 3428 ι
3105 3376 3260 3445 Quod
3293 3376 3338 3432 si
3366 3375 3490 3445 quis

1920 3477 2194 3534 existimet
2227 3492 2327 3532 nos
2357 3475 2467 3530 vim
2510 3473 2710 3541 facere,
2745 3474 2836 3542 qui
2893 3474 3141 3527 dicamus
3192 3485 3299 3524 non
3341 3468 3486 3524 idem

1918 3585 2043 3628 esse
2090 3572 2316 3627 credere
2351 3571 2494 3642 quod
2540 3585 2858 3639 agnoscere,
2913 3570 3339 3637 contingercque
3390 3561 3490 3616 ali-

1923 3667 2140 3736 quando
2170 3675 2227 3720 ut
2258 3665 2456 3735 aliquis
2488 3667 2675 3719 credat
2724 3664 2817 3735 qui
2857 3679 2962 3718 non
2993 3662 3194 3718 habeat
3219 3658 3488 3730 cognitio-

1922 3773 2046 3814 nem
2077 3758 2157 3814 rei
2185 3760 2254 3814 ab
2285 3757 2404 3828 ipso
2429 3759 2674 3822 creditae,
2710 3756 2899 3814 Iesum
2924 3756 3106 3812 audiat
3127 3755 3395 3810 dicentem
3421 3749 3489 3805 ad

1922 3851 2157 3921 eos.qui
2210 3851 2264 3904 in
2328 3851 2504 3920 ipsum
2559 3851 2923 3917 crediderant,
2973 3850 3313 3920 Iudaeos“:
3354 3865 3373 3900 ι
3429 3846 3487 3902 Si

1925 3945 2236 3999 manseritis
2266 3943 2321 3997 in
2359 3959 2611 3999 sermone
2650 3959 2794 4009 meo,
2843 3943 3153 4014 agnoscetis
3183 3941 3487 4005 veritatem,

1923 4039 1978 4087 et
2001 4031 2206 4087 veritas
2235 4031 2490 4087 liberabit
2525 4046 2645 4087 vos.
2671 4051 2691 4085 ›
2722 4031 2962 4088 Observa
2997 4032 3142 4088 enim
3189 4031 3330 4102 quod
3366 4039 3492 4085 ante

1926 4137 1987 4177 ea
2041 4124 2230 4190 verba,
2277 4142 2296 4175 ι
2331 4122 2388 4178 Si
2417 4124 2730 4180 manseritis
2758 4125 2810 4181 in
2845 4138 3100 4179 sermone
3132 4138 3274 4192 meo,
3319 4137 3490 4192 agno-

1926 4216 2090 4270 scetis
2135 4216 2482 4282 veritatem,»
2529 4217 2791 4287 scriptum
2849 4216 2962 4272 sit:
3002 4234 3022 4267 ε
3053 4214 3278 4271 Dicebat
3331 4213 3492 4284 igitur

1924 4304 2079 4360 Jesus
2102 4305 2166 4358 ad
2198 4319 2290 4360 eos
2318 4306 2410 4376 qui
2441 4306 2790 4362 crediderant
2818 4305 2918 4371 illi,
2940 4304 3188 4372 Iudaeos;
3215 4324 3234 4358 ι
3269 4314 3322 4360 et
3344 4303 3487 4375 quod

1926 4413 2044 4466 quae
2076 4397 2425 4460 dixerit,h:ec
2453 4405 2649 4454 erant:
2690 4417 2709 4450 ι
2745 4397 2802 4453 Si
2824 4397 3135 4453 manseritis
3165 4397 3218 4452 in
3243 4410 3492 4452 sermone

1929 4501 2070 4552 meo,
2099 4487 2403 4558 aguoscelis
2443 4487 2748 4543 veritatem.
2778 4505 2796 4540 ι
2831 4487 2995 4542 Multa
3031 4496 3209 4543 autem
3233 4495 3319 4542 est
3342 4484 3493 4542 diﬂ'e-

1930 4581 2101 4636 rentia
2129 4581 2273 4635 inter
2304 4595 2632 4651 cognoscere
2663 4578 2994 4648 coniunctim
3027 4595 3149 4636 cum
3185 4579 3409 4635 credere
3439 4589 3494 4633 et

1929 4674 2070 4729 inter
2106 4674 2328 4730 credere
2366 4673 2538 4728 solum
2567 4692 2582 4729 :
2613 4692 2633 4726 ι
2673 4673 2774 4728 Alii
2807 4673 2950 4728 enim
2980 4687 3077 4742 per
3103 4669 3364 4739 Spiritum
3399 4668 3496 4722 da-

1919 4776 2018 4822 tur
2049 4781 2228 4823 sermo
2280 4767 2582 4838 sapientiae,
2616 4766 2706 4820 alii
2732 4775 2914 4820 autem
2959 4779 3142 4820 sermo
3166 4761 3494 4833 cognitionis

1928 4861 2222 4914 secundum
2277 4858 2524 4912 eumdem
2574 4856 2860 4926 Spiritum,
2891 4854 2980 4911 alii
3031 4855 3164 4910 ﬁdes
3211 4855 3262 4908 in
3303 4852 3493 4908 eodem

1927 4951 2134 5021 Spiritu
2160 4952 2228 5004 ⁸⁸.
2251 4970 2270 5003 ι
2296 4950 2365 5004 Et
2401 4950 2514 5004 btec
2541 4947 2784 5019 quidem,
2814 4959 2875 5003 ut
2902 4947 3322 5003 ostenderemus
3346 4944 3494 4998 aliud

1925 5051 2048 5092 esse
2081 5050 2377 5107 agnoscere
2421 5036 2625 5099 Deum,
2658 5034 2727 5090 ab
2779 5049 2846 5090 eo
2879 5035 3024 5106 quod
3061 5042 3150 5087 est
3186 5028 3410 5086 credere
3438 5029 3492 5084 in

1929 5129 2118 5184 Deum.
2150 5127 2264 5184 Hoc
2292 5143 2420 5183 vero
2446 5128 2589 5197 quod
2623 5129 2690 5182 ad
2738 5133 3052 5182 accuratam
3093 5121 3495 5193 interpretatio-

1931 5234 2053 5275 nem
2077 5221 2291 5288 attinet,
2325 5219 2415 5275 his
2439 5233 2561 5289 quae
2595 5219 2833 5274 diximus
2860 5219 3122 5274 addemus
3144 5255 3160 5281 ,
3193 5213 3391 5270 merito
3425 5215 3494 5268 ad

1927 5310 2254 5376 Pharisaaos,
2283 5311 2480 5380 quibus
2510 5311 2686 5382 inquit
2713 5310 2890 5377 Jesus,
2927 5329 2946 5363 ι
2980 5309 3166 5379 Neque
3202 5322 3288 5362 me
3317 5306 3491 5374 scitis,

1928 5419 2103 5474 neque
2129 5404 2343 5460 Patrem
2371 5419 2548 5460 meum
2567 5405 2912 5475 ",ialiquem
2935 5404 3245 5459 dicturum:
3271 5399 3378 5456 Sed
3402 5416 3498 5454 ne-
3568 5443 3570 5447 .

1929 5513 2034 5568 que
2063 5497 2116 5552 in
2149 5495 2366 5552 Patrem
2395 5513 2571 5554 meum
2601 5498 2860 5562 creditis;
2888 5511 3012 5549 cum
3040 5495 3113 5561 ei,
3137 5492 3228 5564 qui
3260 5507 3289 5547 a
3332 5491 3497 5546 Patre

1928 5588 2127 5645 missus
2170 5586 2372 5651 fuerat.
2429 5602 2553 5644 non.
2587 5589 2956 5656 crediderint;
3000 5595 3056 5643 et
3089 5605 3104 5644 :
3145 5606 3162 5638 ι
3193 5585 3294 5654 Qui
3335 5593 3497 5655 negat

1936 5712 1980 5743 ⁸⁸
2008 5711 2195 5766 Matth.
2230 5711 2413 5774 v.27.
2489 5710 2534 5742 "
2556 5709 2693 5767 Gen.
2727 5711 2899 5780 “,6;
2935 5709 3093 5769 Rom.
3120 5726 3194 5780 IV,
3218 5709 3281 5777 ὃς
3321 5707 3493 5764 Galat.

269 5787 345 5839 ιιι,
375 5774 437 5842 6;
466 5772 584 5832 Jac.
623 5790 678 5843 ιι,
710 5777 801 5832 2‘5.
876 5777 923 5809 "
951 5775 1106 5833 Joan.
1137 5791 1256 5845 vtn,
1294 5778 1384 5848 51,
1408 5778 1502 5838 32.
1577 5781 1621 5812 ⁵⁸
1653 5780 1672 5835 1
1699 5783 1731 5837 C

1227 5795 1256 5845 ι,
1294 5778 1384 5848 51,
1408 5778 1502 5838 32.
1577 5781 1621 5812 ⁸⁸
1653 5780 1672 5835 1
1699 5772 1824 5840 Cor.
1860 5798 1953 5852 ιίιι,
1991 5781 2118 5851 8,9.
2195 5783 2238 5815 ⁸⁸
2263 5772 2418 5839 Joau.
2452 5795 2568 5852 VIII,
2604 5781 2689 5839 l9.
