3702 6142
219 323 317 378 531

1660 330 1982 388 ORIGENIS

3353 332 3465 387 552

222 435 443 501 Filium,
466 435 511 491 is
537 449 604 490 ne
627 433 846 492 Patrem
877 454 895 487 ι
925 438 1144 494 omnino
1177 459 1195 491 ι
1215 443 1433 511 quidem
1464 445 1624 502 habet
1645 447 1694 478 ³³
1722 466 1776 502 ε»
1811 495 1818 509 Α

1978 465 1988 502 ι
2018 447 2111 500 καὶ
2149 446 2445 509 ἃνωθέντας
2477 444 2778 514 ’γινώσκειν
2813 443 2988 497 ἐκεῖνό
3034 461 3196 514 φασιν
3217 484 3231 509 ,
3283 439 3329 508 ᾧ
3361 449 3462 502 ἀν-

219 529 570 597 omninoque,
597 527 839 596 inquam,
869 531 995 599 quia
1042 545 1220 601 neque
1267 537 1564 590 secundum
1597 537 1774 602 fidem,

221 634 397 690 neque
443 621 736 676 secundum
781 624 1166 693 cognitionem.
1211 627 1346 682 Vide
1384 643 1514 686 vero
1556 645 1622 685 an
1675 647 1781 686 non

222 713 329 767 alio
355 712 521 768 etiam
551 713 711 771 modo
738 713 1022 786 Scriptura
1071 717 1218 772 dicat
1265 733 1360 774 eos
1387 721 1477 790 qui
1510 721 1673 777 alicui
1704 723 1781 778 rei

221 807 494 862 commisti
547 807 792 875 unitique
849 807 1068 874 fuerint,
1123 809 1271 865 illam
1325 827 1642 883 agnoscere,
1696 815 1784 870 cui

223 898 495 954 commisti
543 899 743 954 fuerint
781 903 1442 972 communicaverintque;
1472 914 1598 960 ante
1627 906 1786 962 talem

220 1003 356 1044 vero
383 989 662 1056 unionem,
694 999 748 1045 et
775 991 1233 1058 communionem,
1280 995 1496 1049 etiamsi
1545 997 1785 1053 rationes

223 1080 402 1150 aliqua
431 1081 499 1136 de
527 1096 585 1136 re
613 1089 993 1151 assequamur,
1013 1097 1118 1136 non
1144 1097 1438 1154 agnoscere
1460 1087 1629 1143 illam.
1651 1089 1790 1145 Hinc

225 1169 388 1240 285
421 1169 590 1224 Adam
630 1186 753 1224 cum
792 1171 996 1226 diceret
1037 1173 1104 1228 de
1147 1173 1277 1241 Eva,
1315 1194 1334 1227 ι
1369 1177 1484 1232 Ηοσ
1529 1195 1674 1236 nunc
1727 1197 1791 1236 os

225 1275 293 1316 ex
319 1261 532 1317 ossibus
570 1262 724 1327 meis,
759 1272 812 1317 et
861 1277 992 1318 caro
1037 1263 1105 1319 de
1144 1280 1310 1322 carne
1358 1284 1474 1324 mea
1501 1270 1568 1337 ⁸⁸,
1614 1291 1634 1324 ι
1684 1287 1790 1326 non

228 1351 558 1424 agnoscebat
585 1353 906 1424 coniugem;
950 1368 1075 1408 cum
1111 1369 1242 1412 vero
1280 1356 1357 1412 illi
1395 1361 1642 1426 adhesit,
1678 1373 1789 1416 tum

227 1443 430 1498 dictum
455 1453 538 1499 est
565 1445 690 1499 Illud
718 1463 731 1498 :
771 1462 790 1495 ι
811 1445 1042 1515 Agnovit
1070 1456 1250 1502 autem
1280 1451 1452 1505 Adam
1476 1452 1639 1507 Evam
1663 1470 1795 1508 con-

223 1534 408 1606 iugem
430 1551 582 1590 suam
604 1536 673 1591 ".
703 1553 721 1588 ι
752 1533 905 1601 Quod
933 1535 980 1591 si
1009 1537 1131 1606 quis
1162 1537 1403 1606 irrideat,
1428 1545 1571 1612 quod
1597 1543 1663 1600 de
1697 1546 1789 1601 Dei

229 1627 538 1698 cognitione
567 1636 862 1684 tractantes
884 1629 1258 1697 acceperimus
1302 1629 1432 1687 illud
1462 1637 1792 1706 exemplum.

235 1718 528 1789 «Cognovit
551 1730 728 1775 autem
754 1721 921 1776 Adam
947 1719 1111 1774 Evam
1137 1721 1423 1793 coniugem
1451 1740 1659 1792 suam,»
1680 1728 1792 1795 pri-

1883 539 2194 610 εκράθησαν
2221 536 2314 590 καὶ
2338 536 2766 606 κεκοινωνήκασι
2785 553 2797 564 ο
2842 535 2946 605 πρὸ
2985 534 3042 588 δὲ
3077 535 3173 606 τῆς
3201 536 3466 608 τοιαύτης

1885 629 2130 692 ἑνώσεως
2154 629 2247 681 καὶ
2276 625 2572 690 κοινωνίας,
2602 625 2705 680 κᾶν
2730 625 2857 689 τοὺς
2885 625 3074 694 λόγους
3106 625 3467 697 καταλαμϐά-

1884 736 2015 774 νωσι
2061 720 2188 791 περί
2232 735 2411 783 τινος,
2457 719 2518 771 οὐ
2565 716 2923 786 γινώσκουσιν
2965 719 3159 772 έκεῖνο.
3222 717 3281 772 '0
3328 716 3466 786 γοῦν

1899 810 2069 881 Ἀδὰμ
2100 811 2228 882 περὶ⁸
2257 810 2358 880 τῆς
2384 807 2527 873 Εὔας
2549 808 2722 878 λέγων
2747 849 2761 873 ,
2799 826 2818 860 ι
2847 805 3016 861 Τοῦτο
3047 807 3141 861 νῦν
3167 806 3359 862 ὀστοῦν
3395 810 3469 861 ὲκ

1885 901 1993 955 τῶν
2020 901 2221 954 ὀστέων
2251 917 2372 972 μου,
2406 899 2502 953 καὶ
2531 898 2668 971 σὰρξ
2698 901 2764 952 ὲκ
2790 899 2890 969 τῆς
2915 898 3115 970 σαρκός
3145 915 3269 969 μου,
3301 916 3322 950 s
3357 898 3468 951 οὐκ

1887 993 2004 1065 ᾔδει
2034 993 2134 1064 τὴν
2161 995 2424 1062 γυναῖκαο
2461 991 2549 1044 ὅτε
2583 990 2692 1063 γὰρ
2735 991 2871 1062 αὐτῇ
2904 990 3167 1061 ἐκολλήθη
3188 1029 3202 1054 ,
3228 989 3350 1042 τότε
3383 990 3469 1042 εἷς

1891 1099 2049 1154 ρηται
2069 1098 2083 1112 ο
2120 1083 2334 1150 (Ἔγνω
2359 1081 2418 1135 δὲ
2453 1081 2624 1152 Ἀδὰμ
2648 1081 2791 1134 Εὕαν
2819 1082 2919 1153 τὴν
2945 1083 3176 1149 γυναῖκα
3211 1079 3396 1134 αὐτοῦ.
3440 1099 3463 1130 ι

1890 1176 1999 1228 Καὶ
2027 1175 2082 1226 εἴ
2105 1174 2188 1238 τίς
2211 1191 2274 1242 γε
2305 1175 2638 1246 προσκόπτοι
2677 1173 2766 1228 διὰ
2791 1174 2852 1226 τὸ
2885 1173 3281 1244 παρειληφέναι
3316 1175 3473 1244 ἡμᾶς

1890 1267 1970 1327 είς
1987 1263 2086 1334 τὴν
2115 1265 2243 1334 περὶ
2267 1263 2401 1316 Θεοῦ
2434 1263 2635 1332 γνῶσιν
2665 1263 3012 1334 παράδειγμα
3039 1262 3100 1314 τὸ
3118 1302 3135 1326 ,
3165 1263 3383 1330 «Ἔγνω
3405 1262 3472 1315 δὲ

1905 1355 2074 1426 Ἀδὰμ
2097 1356 2198 1427 τὴν
2237 1357 2468 1424 γυναῖκα
2515 1353 2679 1407 αὐτοῦ
2699 1395 2715 1419 ,
2759 1375 2777 1406 ι
2812 1354 3026 1425 πρῶτον
3055 1353 3152 1424 μὲν
3183 1353 3296 1423 τῷ,
3335 1372 3355 1404 ι
3390 1353 3473 1405 Τὸ

1896 1447 2191 1518 μυστήριον
2219 1445 2375 1499 τοῦτο
2406 1445 2546 1516 μέγα
2571 1446 2718 1499 ἐστὶν
2749 1463 2768 1497 ι
2799 1447 3143 1517 ἐπιστησάτω
3163 1463 3179 1477 ο
3213 1445 3477 1519 δεύτερον

1892 1538 1949 1591 δὲ
1989 1537 2400 1609 ἀντιπαραθέτω
2438 1537 2499 1590 τὸ
2525 1538 2653 1609 περὶ
2679 1538 2905 1610 ἄρρενος
2940 1537 3035 1591 καὶ
3061 1537 3281 1610 θηλείας
3312 1539 3475 1607 λεγό-

1897 1646 2058 1700 μενον
2103 1629 2258 1700 παρὰ
2301 1629 2381 1699 τῷ
2428 1628 2730 1698 Ἀποστόλῳ
2758 1631 2848 1700 (τῇ
2903 1629 3038 1699 αὐτῇ
3081 1627 3224 1694 λέξει
3270 1631 3477 1700 χρῆται

1898 1721 2025 1792 περὶ
2048 1718 2332 1790 ἀνθρώπου
2367 1721 2461 1772 καὶ
2491 1720 2693 1790 Κυρίου
2718 1712 2798 1786 [2]
2827 1723 2869 1788 )·
2904 1739 2922 1772 ι
2961 1719 3020 1774 '0
3051 1719 3409 1790 κολλώμενος,
3450 1739 3472 1770 a

235 1823 380 1863 mum
411 1809 630 1879 quidem
672 1809 799 1864 illud
833 1811 877 1864 is
917 1818 1066 1865 notet
1096 1829 1108 1863 :
1144 1829 1164 1862 ι
1195 1809 1307 1868 lloc
1336 1817 1653 1884 mysterium
1679 1834 1794 1872 ma-

1978 1813 2029 1864 σὶ
2060 1813 2158 1881 (5),
2193 1829 2212 1863 ι
2247 1815 2312 1882 τῇ
2349 1811 2518 1882 πόρνῃ
2550 1811 2608 1864 ἓν
2631 1811 2790 1882 σῶμά
2817 1812 2933 1866 ἐστι
2956 1829 2970 1842 ’
3009 1812 3102 1865 καὶ
3130 1813 3158 1864 ό
3189 1811 3475 1884 κολλώμε-

232 1914 396 1972 gnum
429 1910 511 1956 est
536 1900 615 1968 ⁸⁶;
655 1920 674 1953 ι
707 1901 905 1957 deinde
943 1911 1125 1956 autem
1163 1913 1394 1972 apponat
1447 1915 1502 1961 et
1549 1909 1795 1964 conferat

236 1992 380 2064 quod
411 1993 614 2048 dicitur
647 1993 787 2063 apud
820 1993 1136 2062 Apostolum
1179 1996 1247 2048 de
1292 2011 1442 2052 mare
1488 2006 1544 2053 et
1591 1999 1792 2056 femina

233 2085 382 2155 (nam
407 2086 594 2140 eadem
628 2085 865 2141 dictione
893 2085 1063 2138 utitur
1091 2085 1156 2138 de
1193 2087 1410 2143 homine
1433 2100 1488 2146 et
1508 2091 1576 2146 de
1607 2093 1792 2148 Domi-

234 2180 374 2246 no),
427 2194 447 2228 ι
487 2175 588 2242 Qui
649 2176 924 2242 adhaeret,
958 2197 978 2230 ι
1036 2179 1286 2249 inquiens
1305 2180 1371 2246 ",
1433 2186 1792 2250 «meretrici,

233 2283 402 2322 unum
439 2279 522 2324 est
548 2283 786 2339 corpus;
814 2279 867 2325 et
892 2271 983 2341 qui
1007 2272 1250 2327 adhaeret
1281 2273 1530 2342 Domino,
1551 2293 1690 2332 unus
1712 2286 1797 2333 est

231 2355 480 2423 spiritus.
504 2374 524 2408 ι
558 2355 745 2427 Itaque
775 2362 864 2428 qui
916 2360 1155 2414 adhaeret
1210 2364 1503 2432 meretrici,
1541 2368 1794 2425 meretri-

234 2459 352 2500 cem
365 2458 654 2518 agnoscat;
679 2450 770 2519 qui
797 2451 1036 2509 adhaeret
1056 2455 1296 2528 coniugi,
1325 2457 1604 2529 coniugem
1630 2473 1796 2529 agno-

235 2546 372 2605 seat,
404 2541 535 2607 imo,
564 2543 748 2612 potius
781 2559 943 2613 quam
975 2547 1102 2614 hoc,
1137 2548 1225 2618 qui
1261 2550 1500 2604 adhaeret
1541 2549 1794 2618 Domino,

234 2639 291 2683 et
322 2639 508 2686 sancte
561 2643 821 2701 agnoscat
846 2634 1153 2692 Dominum.
1187 2638 1342 2706 Quod
1392 2641 1436 2694 si
1479 2642 1594 2698 haec
1631 2643 1703 2698 ita
1736 2661 1794 2700 se

236 2723 458 2787 habent,
487 2724 741 2781 Pharisaei
781 2742 886 2782 non
920 2739 1115 2784 norant
1144 2745 1320 2801 neque
1372 2731 1584 2788 Patrem
1622 2751 1798 2805 neque

233 2812 468 2881 Filium,
509 2829 772 2886 verusque
801 2828 882 2874 est
910 2833 1088 2876 sermo
1125 2821 1311 2877 dicens
1337 2820 1418 2876 "z
1451 2841 1470 2875 ι
1495 2823 1679 2894 Neque
1712 2842 1798 2882 me

234 2906 408 2973 scitis,
445 2923 618 2979 neque
649 2911 862 2967 Patrem
903 2928 1101 2969 meum.
1145 2935 1164 2968 ι
1211 2915 1267 2971 Si
1295 2930 1424 2971 vero
1486 2918 1590 2972 isto
1639 2920 1798 2974 modo

236 3014 344 3054 non
376 3013 728 3070 exponamus,
755 3003 878 3060 dico
903 3013 1081 3059 autem
1109 3007 1408 3061 secundum
1439 3007 1684 3062 ultimam
1717 3009 1801 3062 in-

238 3090 612 3162 telligentiam,
654 3096 882 3152 verbum
929 3114 1244 3169 agnoscere;
1290 3112 1388 3170 pro
1424 3113 1488 3154 eo
1520 3098 1666 3170 quod
1712 3109 1800 3155 est

233 3185 578 3240 commisceri
609 3195 664 3241 et
689 3189 853 3256 uniri,
889 3199 1126 3260 exponat
1153 3192 1350 3262 aliquls
1377 3189 1504 3246 illud
1539 3209 1552 3246 :
1593 3207 1614 3242 ι
1645 3190 1800 3248 Nunc

236 3284 415 3331 autem
449 3289 808 3347 agnoscentes
861 3281 1050 3348 Deum,
1093 3282 1263 3352 magis
1315 3291 1498 3338 autem
1551 3283 1720 3352 agniti
1769 3298 1801 3338 a

236 3364 349 3420 Deo
371 3365 449 3429 ⁸ος
485 3383 508 3418 ι
547 3376 603 3422 et
633 3367 765 3424 illud
793 3387 808 3424 :
859 3385 879 3421 ι
899 3370 1130 3439 Agnovit
1162 3369 1422 3425 Dominus
1445 3384 1540 3425 eos
1563 3369 1653 3439 qui
1676 3379 1802 3424 sunt

238 3459 358 3529 eius
374 3447 446 3513 ³⁸.
470 3479 491 3514 ι
529 3458 739 3516 Judicio
777 3463 920 3517 enim
966 3476 1108 3525 meo.
1143 3463 1364 3534 agnovit
1408 3462 1666 3518 Dominus
1707 3475 1801 3516 eos

241 3551 333 3619 qui
357 3559 486 3608 sunt
514 3550 654 3621 eius,
690 3557 1004 3610 commistus
1030 3555 1157 3622 illis,
1193 3565 1246 3610 et
1275 3571 1428 3612 suam
1463 3555 1635 3625 ipsius
1661 3555 1801 3610 divi-

240 3644 470 3700 nitatem
507 3640 632 3702 'illis
680 3647 1048 3718 participans,
1090 3661 1481 3718 assumensque
1528 3648 1696 3716 ipsos,
1744 3654 1803 3700 ut

241 3735 553 3807 evangelica
577 3737 742 3793 lectio
768 3738 954 3805 habet,
979 3739 1030 3794 in
1047 3755 1143 3796 sua
1171 3741 1342 3810 ipsius
1364 3754 1526 3792 manu
1556 3756 1572 3793 :
1602 3740 1804 3808 qnippe

242 3842 366 3882 cum
392 3829 446 3883 in
480 3828 732 3886 manibus
757 3831 870 3885 sint
891 3829 1561 3901 Patris,quicrediderunt
1587 3830 1642 3884 in
1671 3829 1801 3885 Ser-

238 3924 483 3972 vatorem
513 3936 528 3972 :
577 3920 930 3989 quamobrem
961 3920 1128 3974 etiam
1165 3934 1272 3974 non
1307 3919 1608 3988 rapientur,
1636 3919 1692 3972 ni
1734 3919 1802 3974 ab

243 4007 360 4077 ipsa
387 4007 586 4062 cadant
615 4008 930 4080 clongantes
953 4025 1013 4068 se
1034 4025 1067 4065 a
1092 4025 1255 4065 manu
1298 4010 1428 4075 Dei;
1455 4009 1635 4066 nullus
1655 4010 1804 4064 enim

241 4113 336 4153 cas
368 4099 509 4168 rapit
545 4100 612 4155 de
642 4116 803 4155 manu
833 4101 1012 4156 Patris
1033 4101 1102 4160 δι.
1137 4104 1266 4159 Post
1308 4103 1424 4158 haec
1475 4103 1717 4172 iuquires
1750 4103 1802 4156 in

241 4189 376 4247 illud
427 4192 668 4257 dictum,
722 4194 944 4264 «Neque
997 4211 1084 4251 me
1125 4196 1321 4261 nostis,
1354 4210 1531 4266 neque
1583 4194 1804 4251 Patrem

242 4297 424 4339 meum
451 4285 514 4349 ⁸³,
548 4302 566 4336 ι
606 4299 734 4340 num
778 4286 849 4341 sit
888 4286 1081 4356 aliquis
1107 4288 1198 4356 qui
1244 4296 1506 4357 agnoscat
1549 4285 1718 4341 Deum
1749 4295 1806 4341 et

245 4372 462 4429 Patrem
491 4390 598 4431 non
633 4388 941 4446 cognoscat.
974 4377 1112 4431 Nam
1135 4377 1180 4432 si
1219 4376 1321 4431 alia
1347 4376 1492 4431 illius
1521 4377 1669 4430 notio
1699 4387 1802 4440 est,

1825 3149 1872 3214 C

1897 1921 1988 1967 νος
2036 1903 2115 1974 τῷ
2152 1905 2343 1974 Κυρίῳ
2382 1902 2438 1957 ἓν
2473 1903 2690 1974 πνεῦμά
2736 1906 2900 1958 ἐστιν.
2941 1922 2960 1956 ι
3011 1905 3328 1972 Ἐγνωκέτω
3371 1904 3478 1974 μὲν

1896 1993 1988 2050 οῦν
2006 1999 2035 2050 ό
2058 1995 2393 2068 κολλώμενος
2424 1998 2490 2067 τῇ
2521 1996 2693 2068 πόρνῃ
2720 1995 2817 2067 τὴν
2845 1997 3072 2068 πόρνην,
3102 1997 3196 2050 καὶ⁸
3219 1999 3248 2051 ὁ
3277 1996 3480 2050 κολλώ-

1899 2107 2058 2161 μενος
2089 2092 2154 2160 τῇ
2179 2087 2398 2157 γυναικὶ
2428 2088 2526 2159 τὴν
2552 2091 2803 2156 γυναῖκα,
2835 2088 3032 2159 μᾶλλον
3064 2088 3122 2142 δὲ
3150 2087 3341 2142 τούτου
3373 2089 3476 2142 καὶ

1897 2183 2065 2251 ἁγίως
2093 2182 2378 2251 ὲγνωκέτω
2399 2183 2426 2236 ό
2449 2179 2782 2251 κολλώμενος
2804 2179 2880 2249 τῷ
2911 2180 3099 2250 Κυρίῳ
3128 2179 3218 2232 τὸν
3241 2179 3475 2250 Κύριον.

1895 2275 1958 2328 El
2000 2273 2057 2326 δὲ
2102 2273 2244 2327 τοῦθ’
2275 2273 2446 2337 οὕτως
2477 2272 2623 2342 ἔχει,
2665 2274 2943 2344 Φαρισαῖοι
2985 2272 3078 2324 τὸν
3118 2271 3340 2342 Πατέρα
3369 2271 3478 2324 οὐκ

1895 2366 2110 2438 ⁴ᾔδεσαν,
2132 2364 2251 2418 οὐδὲ
2277 2365 2368 2418 τὸν
2398 2364 2544 2429 Υίὸν,
2564 2365 2658 2418 καὶ
2675 2363 2878 2435 ἀληθὴς
2898 2359 2967 2435 ἦν
2989 2365 3018 2416 ό
3062 2363 3236 2430 λέγων
3259 2379 3272 2392 ·
3300 2361 3476 2415 ιυῦτε

1896 2459 1997 2528 ἐμὲ
2026 2458 2202 2511 οἴδατε
2221 2496 2236 2520 ,
2267 2456 2389 2510 οὔτε
2415 2457 2508 2510 τὸν
2538 2455 2755 2526 Πατέρα
2785 2473 2905 2527 μου.
2949 2475 2968 2508 ›
2999 2456 3062 2509 ΕΞ
3100 2454 3156 2508 δὲ
3189 2455 3263 2525 μὴ
3295 2453 3478 2518 οὕτως

1898 2549 2351 2622 έκλαμϐάνοιμεν,
2369 2549 2510 2617 λέγω
2529 2547 2584 2602 δὲ
2609 2547 2749 2600 κατὰ
2769 2547 2865 2618 τὴν
2887 2547 3199 2600 τελευταίαν
3218 2547 3478 2617 ἐκδοχὴν,

1896 2643 1958 2696 τὸ
1980 2641 2316 2712 γινώσκειν,
2358 2640 2478 2693 am
2506 2637 2622 2704 τοῦ,
2656 2637 3059 2710 ἀνακεκρᾶσθαι
3084 2637 3178 2691 καὶ
3207 2637 3478 2708 ἡνῶσθαι,

1897 2734 2186 2806 διηγείσθω
2215 2750 2301 2796 τις
2337 2731 2398 2784 τὸ
2419 2769 2433 2794 ,
2463 2750 2482 2782 ι
2520 2730 2631 2784 Νῦν
2656 2730 2713 2783 δὲ
2743 2729 2963 2798 γνόντες
2992 2729 3125 2782 Θεὸν
3143 2768 3158 2792 ,
3193 2729 3392 2800 μᾶλλον
3415 2729 3480 2783 δι

1897 2825 2227 2894 γνωσθέντες
2253 2823 2358 2876 ὑπὸ
2383 2821 2474 2875 τοῦ
2501 2821 2664 2886 Θεοῦ,
2703 2840 2721 2873 ι
2756 2821 2851 2874 καὶ
2883 2820 2943 2874 τό
2961 2837 2976 2851 ο
3008 2839 3030 2872 ι
3060 2821 3241 2889 Ἔγνω
3269 2819 3477 2890 Κύριος

1897 2919 2024 2980 τοὺς
2069 2917 2226 2979 ὄντας
2276 2913 2442 2968 αὐτοῦ
2467 2931 2482 2943 ·
2523 2933 2542 2964 ι
2576 2913 2718 2966 κατὰ
2760 2911 2870 2984 γὰρ
2909 2914 3057 2983 ἡμᾶς
3089 2911 3229 2980 ἔγνω
3269 2911 3481 2981 Κύριος

1897 3011 2023 3074 τοὺς
2046 3009 2204 3072 ὄντας
2238 3006 2400 3061 αὑτοῦ
2429 3005 2756 3077 ἀνακραθεὶς
2795 3007 3005 3069 αὐτοῖς,
3042 3005 3136 3059 καὶ
3179 3004 3484 3076 μεταδεδω-

1900 3102 2010 3167 κὼς
2036 3102 2217 3165 αὐτοῖς
2243 3101 2344 3170 τῆς
2379 3097 2568 3152 ἑαυτοῦ
2599 3098 2890 3170 θειότητος,
2924 3099 3019 3152 καὶ
3051 3097 3353 3168 ἀνειληφὼς
3376 3099 3483 3151 αῦ-

1901 3197 2047 3258 τοὺς,
2071 3193 2146 3256 ὡς
2170 3195 2204 3263 ἡ
2237 3191 2332 3246 τοῦ
2360 3191 2691 3260 Εὐαγγελίου
2723 3190 2868 3254 λέξις
2895 3191 3078 3262 φησὶν,
3111 3193 3192 3253 είς
3218 3190 3319 3260 τὴν
3350 3192 3481 3242 ἑαυ-

1900 3283 1994 3338 τοῦ
2021 3285 2199 3354 χεῖρα,
2227 3283 2285 3335 έν
2313 3284 2378 3352 τῇ
2413 3281 2554 3353 χειρὶ
2578 3280 2672 3334 τοῦ
2698 3280 2906 3351 Πατρὸς
2939 3280 3108 3333 ὄντων
3135 3279 3240 3334 τῶν
3271 3279 3351 3341 είς
3382 3279 3484 3330 τὸν

1901 3375 2127 3445 Σωτῆρα
2169 3373 2644 3426 πεπιστευκότων
2684 3372 2765 3425 διὸ
2809 3371 2903 3425 καὶ
2943 3373 2992 3424 εί
3029 3371 3102 3442 μὴ
3134 3371 3348 3424 πέσοιεν
3375 3371 3482 3422 ἀπ’

1901 3465 2092 3536 αὐτῆς,
2117 3465 2342 3528 ἑαυτοὺς
2366 3463 2728 3535 μακρύνοντες
2753 3462 2862 3516 ἀπὸ
2883 3462 2980 3534 τῆς
3001 3462 3178 3533 χειρὸς
3199 3460 3292 3514 τοῦ
3314 3460 3481 3525 Θεοῦ,

1899 3557 1997 3626 οὺχ
2021 3556 2428 3628 ἁρπαγήσονται
2451 3572 2464 3585 ·
2497 3555 2670 3618 οὐδεὶς
2695 3553 2804 3625 γὰρ
2825 3552 3058 3624 ἁρπάζει
3079 3557 3141 3607 ἐκ
3166 3553 3263 3622 τῆς
3292 3551 3483 3622 χειρὸς

1900 3648 1994 3702 τοῦ
2023 3647 2250 3718 Πατρός.
2275 3646 2430 3701 Μετὰ
2452 3645 2622 3700 ταῦτα
2636 3643 2888 3717 ζητήσεις
2904 3647 2982 3708 είς
2997 3647 3058 3698 τὸ
3072 3645 3220 3708 αὐτὸ,
3239 3644 3383 3711 λέγω
3395 3643 3480 3708 δὲ,

1907 3738 2070 3793 «Οὔτε
2089 3738 2188 3808 ἐμὲ
2201 3738 2396 3801 οἴδατε,
2409 3737 2526 3790 οὐδὲ
2541 3738 2604 3807 (Ῑ.
2622 3736 2767 3808 οὔτε)
2784 3736 2873 3790 τὸν
2888 3736 3103 3806 Πατέρα
3125 3752 3247 3806 μου,
3261 3754 3278 3784 ι
3294 3736 3344 3788 εί
3360 3733 3482 3787 ἔστι

1903 3829 2239 3900 γινώσκοντα
2263 3847 2386 3884 τινα
2411 3830 2504 3884 τὸν
2528 3829 2662 3883 Θεὸν
2695 3828 2768 3900 μὴ
2799 3826 3088 3897 γινώσκειν
3112 3827 3200 3880 τὸν
3219 3826 3446 3896 Πατέρα
3461 3839 3478 3856 ·

1903 3925 1954 3976 εί
1984 3921 2092 3994 γὰρ
2124 3923 2286 3994 έτέρα
2318 3921 2481 3976 αὐτοῦ
2511 3921 2721 3976 ἐπίνοιά
2745 3924 2883 3986 ἐστι,
2913 3920 3034 3974 καθ’
3066 3920 3096 3972 ὃ
3121 3923 3234 3972 ἐστι
3262 3918 3479 3988 Πατὴρ,

1905 4009 1998 4062 κει)⁸
2037 4009 2197 4079 ἑτέρα
2240 4009 2361 4062 καθ’
2389 4009 2418 4060 ὅ
2448 4011 2593 4062 ἐστιν
2620 4011 2649 4062 ό
2677 4008 2830 4072 Θεὸς,
2856 4009 2994 4078 τάχα
3023 4007 3137 4061 ἐστι
3164 4006 3284 4060 τινὰ
3307 4005 3479 4074 γινώ-

1907 4119 2058 4156 σκειν
2101 4102 2200 4173 μὲν
2247 4102 2337 4156 τὸν
2376 4101 2542 4167 Θεὸν,
2594 4102 2670 4172 μὴ
2712 4101 3000 4171 γινώσκειν
3029 4101 3086 4154 δὲ
3114 4101 3206 4154 τὸν
3231 4101 3479 4171 Πατέρα,

1906 4195 2058 4267 παρὰ
2092 4193 2152 4247 τὸ
2179 4189 2318 4248 εἷναι
2343 4195 2504 4248 αὑτὸν
2541 4196 2702 4260 Θεὸν,
2737 4195 2810 4266 μὴ
2840 4193 3126 4263 γινώσκειν
3157 4192 3212 4244 δὲ
3239 4192 3328 4244 τὸν
3363 4193 3480 4244 Πα-

1906 4287 2058 4358 τέρα.
2103 4287 2271 4358 Φησὶν
2309 4283 2401 4340 οὖν
2449 4289 2478 4340 ό
2526 4287 2718 4358 Σωτὴρ
2765 4285 2901 4358 μετὰ.
2945 4285 3041 4354 τὴν
3072 4283 3364 4336 ἀνάστασιν
3410 4286 3478 4353 τῇ

1907 4378 2125 4450 Μαρίᾳ·
2161 4396 2180 4428 ι
2214 4378 2452 4450 Πορεύου
2496 4377 2552 4430 δὲ
2587 4379 2721 4449 πρὸς
2751 4379 2874 4440 τοὺς
2911 4374 3168 4445 ἀδελφούς
3201 4391 3300 4445 μου
3324 4415 3340 4439 ,
3384 4376 3482 4426 καὶ

245 4466 304 4520 in
334 4477 592 4536 quantum
622 4468 803 4537 Pater,
837 4470 938 4524 alia
975 4471 1028 4525 in
1058 4479 1320 4540 quantum
1353 4470 1526 4536 Deus,
1555 4469 1806 4525 fortassis

1978 4471 2028 4524 τὲ
2065 4469 2278 4532 αὐτοῖς·
2318 4468 2628 4541 Πορεύομαι
2676 4469 2811 4541 πρὸς
2839 4468 2928 4522 τὸν
2968 4467 3187 4537 Πατέρα
3221 4483 3355 4537 μου,
3386 4467 3483 4518 καὶ

248 4557 449 4628 aliquis
489 4571 782 4630 cognoscat
801 4562 1211 4631 Deum,fnullam
1239 4561 1415 4617 Patris
1441 4561 1806 4632 cognitionem

1978 4563 2133 4633 ιτέρα
2157 4560 2330 4634 ὑμῶν,
2358 4563 2452 4616 καὶ
2489 4562 2620 4616 Θεόν
2649 4579 2749 4633 μου
2768 4602 2782 4628 ,
2814 4562 2906 4614 κα³ι
2943 4560 3077 4613 Θεὸν
3109 4558 3280 4629 ὑμῶν.
3317 4577 3336 4609 ι
3367 4557 3482 4611 Καὶ

246 4647 478 4716 habens,
505 4650 605 4706 nisi
633 4652 758 4723 quia
786 4655 860 4708 sit
882 4653 997 4722 ipse
1027 4652 1195 4706 Deus.
1217 4649 1396 4722 lnquit
1425 4651 1586 4721 igitur
1607 4649 1808 4705 Serva-

249 4751 363 4807 tor,
391 4751 517 4812 post
544 4744 1028 4806 resurrectionem,
1055 4743 1240 4798 Maria:
1265 4761 1280 4798 :
1320 4762 1340 4795 ι
1371 4741 1515 4798 Vade
1535 4752 1717 4796 autem
1739 4741 1808 4796 ad

251 4832 448 4889 fratres
474 4847 644 4903 meos,
680 4845 734 4892 et
781 4837 870 4892 die
901 4836 1010 4892 illis
1035 4855 1049 4891 :
1076 4835 1230 4891 Vado
1257 4836 1324 4890 ad
1354 4835 1569 4890 Patrem
1602 4849 1803 4900 meum,

357 4973 405 5008 ³³
427 4973 446 5028 l
468 4973 620 5030 Joan.
654 4990 713 5040 ιι,
740 4973 831 5030 23.
923 4976 972 5007 “
1005 4975 1139 5031 Gen.
1173 4991 1231 5040 ιι,
1253 4973 1342 5028 25.

1451 4975 1496 5006 ⁸⁵
1525 4973 1661 5030 Gen.
1703 4991 1778 5043 Iv,
1809 4976 1860 5043 1.

1914 4655 2029 4708 ἐστι
2061 4671 2124 4724 γε
2150 4658 2263 4719 τοῖς
2304 4653 2630 4726 έτεροδόξοις
2660 4653 2734 4725 (4)
2767 4654 2942 4722 λέγειν
2974 4650 3344 4722 χαριζομένων
3385 4649 3483 4702 αὖ·

1913 4750 2024 4812 τοῖς
2047 4787 2062 4812 ,
2094 4750 2176 4802 ὅτι
2210 4749 2310 4802 οὐκ
2344 4748 2586 4817 ἔγνωσαν
2616 4748 2708 4800 τὸν
2753 4747 2972 4817 Πατέρα
3009 4744 3249 4815 Μωῦσῆς
3291 4741 3388 4795 καὶ
3426 4743 3478 4793 ol.

1913 4842 2210 4915 προφῆται·
2235 4842 2372 4912 ὅπερ
2402 4841 2540 4911 τάχα
2573 4841 2674 4893 οὐκ
2700 4838 2845 4892 ἐστιν
2878 4837 3072 4905 ἀληθὲς
3099 4835 3196 4907 (5),
3230 4835 3311 4888 ὅτι
3343 4831 3482 4886 πάν-

1961 4977 2008 5008 ⁸⁸
2045 4975 2241 5044 Ephes.
2273 4973 2447 5044 νηὸε.
2552 4974 2599 5006 ⁸⁷
2640 4973 2655 5026 l
2687 4972 2813 5044 Cor.
2843 4988 2919 5038 VI,
2955 4970 3155 5036 16,17.
3247 4964 3472 5023 “Joan.

246 5057 362 5114 VIII,
388 5045 473 5101 19.
547 5045 593 5076 ⁸³
616 5043 795 5099 Galat.
829 5061 902 5112 Iv,
939 5047 990 5102 9.
1065 5045 1113 5077 “
1131 5045 1174 5100 11
1201 5045 1340 5099 Tim.
1364 5060 1420 5112 II,
1467 5045 1548 5102 l9.
1626 5046 1668 5078 ⁸⁸
1701 5041 1818 5101 JoaI

1978 5045 2067 5113 28,
2090 5041 2182 5101 29.
2256 5045 2300 5078 ⁸³
2329 5043 2485 5099 Joan.
2517 5059 2630 5108 vni,
2658 5042 2744 5096 19.

322 5193 398 5266 (ἓ)
440 5189 769 5260 Ἀνθρώπου
797 5190 896 5266 καὶ
922 5192 1162 5260 Κυρίου.
1185 5189 1263 5246 Ita
1282 5189 1450 5247 codex
1479 5191 1819 5247 Bodleianus.

251 5261 520 5342 lnigegio
548 5267 695 5342 deest
728 5261 851 5342 acati.

350 5334 406 5402 5)
432 5329 608 5401 (incl.
639 5329 1109 5402 Deest;in_codice
1146 5330 1336 5402 Regio.

350 5336 385 5388 5
432 5336 608 5401 Φησι.
639 5336 891 5400 Deest;in
923 5336 1109 5386 codice
1146 5336 1336 5402 Regio.

322 5336 406 5475 ίιί
427 5403 536 5459 Καὶ
568 5403 699 5458 ἐστι
731 5417 798 5472 τε
820 5399 1355 5475 Ατρῖςρτερρδόξοις.
1384 5399 1733 5475 Cerdoniani,
1762 5407 1817 5475 e_t

254 5469 622 5547 Harcionitaz,
645 5469 780 5547 quos
820 5471 924 5547 hic_
955 5469 1190 5539 lacessit,
1242 5469 1820 5547 dqpioupyov_cog_iii-

256 5553 396 5609 tum,
422 5544 623 5599 Christi
657 5539 871 5596 Patrem
909 5541 1152 5610 ignotum
1174 5539 1560 5612 opinabaniur.
1585 5539 1813 5610 Epipha-

259 5614 384 5681 nius
415 5613 552 5668 haer.
583 5629 695 5677 xu,
726 5626 847 5681 cap.
885 5612 939 5675 1,
971 5620 1026 5664 et
1054 5627 1185 5678 xui,
1216 5611 1340 5680 cap.
1370 5611 1425 5664 2.
1453 5611 1572 5667 Mox
1603 5625 1703 5681 pro
1723 5625 1822 5678 χα-

262 5679 810 5754 ριζομὲνωνῗαύτοὶξς,
861 5681 1151 5754 legendum
1204 5679 1420 5754 videtur
1476 5679 1820 5754 χαριζόμενοι

263 5748 466 5817 αὐτοῖς,
501 5753 586 5810 vel
613 5748 981 5823 χαριζομένων
1013 5748 1170 5823 ἡμῶν
1201 5751 1399 5814 αὐτοῖς.

1995 5187 2071 5259 (5)
2109 5188 2283 5253 Ὅπερ
2327 5181 2620 5259 τάχει-οὐκ
2645 5181 2816 5259 ἐστιν
2838 5179 3080 5259 ἀτληᾷἐς,
3119 5188 3226 5232 etc.
3264 5179 3353 5232 Sic
3385 5180 3480 5259 ha-

1925 5249 2269 5313 heiit'omne's
2299 5249 2702 5320 mstegandi
2754 5250 3072 5319 particulam
3126 5249 3476 5320 ριέαιιετιιιὶειι

1922 5327 2230 5390 Ferrarius,
2257 5333 2314 5378 et
2347 5337 2467 5392 quae
2516 5318 3096 5392 proximesequuntur
3143 5319 3300 5371 aliter
3330 5318 3472 5386 legit.

1920 5389 2426 5451 Perionius'aute'm
2473 5389 2710 5460 priorem
2739 5389 2887 5444 illam
2937 5389 3214 5460 pericopes
3271 5397 3474 5460 partem

1921 5466 2178 5535 neglexit.
2209 5464 2284 5517 Τὸ
2310 5468 2420 5518 οὐκ
2451 5456 2793 5524 retinuimus,
2813 5461 2882 5535 ita
2905 5456 3324 5535 volentesensu.
3343 5456 3474 5535 μοςί

1920 5527 2101 5590 autem
2154 5536 2320 5589 t0tius
2366 5535 2479 5586 haec
2509 5539 2591 5585 est
2641 5530 2913 5583 sententia
2964 5528 3090 5580 :Ac
3133 5527 3474 5580 heterodoxis

1927 5607 2161 5676 quidem,
2179 5604 2548 5676 gratificantes
2585 5599 2887 5654 concedere
2928 5612 3213 5676 possumus
3234 5595 3474 5676 _lloysen

1928 5665 1984 5729 ἐι
2014 5665 2304 5744 prophetas
2340 5671 2550 5726 Patrem
2593 5683 2699 5723 non
2736 5667 3052 5744 cognovisse
3085 5665 3246 5735 (quod
3295 5674 3472 5718 tamen

1932 5735 2161 5803 loriasse
2181 5759 2368 5800 verum
2406 5755 2514 5798 non
2538 5749 2658 5803 est;
2692 5735 2825 5795 nant
2859 5739 2905 5794 si
2931 5735 3148 5794 Patrem
3180 5751 3285 5792 non
3311 5749 3476 5809 agno-
