  <div class='ocr_page' id='page_1' title='image "/cluster/home/n/w/nwhite01/storage/ocr_20150623/14/mdp.39015052831362/292.png"; bbox 0 0 3702 6142; ppageno 0'>
   <div class='ocr_carea' id='block_1_1' title="bbox 151 306 260 363">
    <p class='ocr_par' dir='ltr' id='par_1_1' title="bbox 151 306 260 363">
     <span class='ocr_line' id='line_1_1' title="bbox 151 306 260 363; baseline -0.028 0"><span class='ocrx_word' id='word_1_1' title='bbox 151 306 260 363; x_wconf 72' lang='grc'><strong>833</strong></span> 
     </span>
    </p>
   </div>
   <div class='ocr_carea' id='block_1_2' title="bbox 1207 307 2335 366">
    <p class='ocr_par' dir='ltr' id='par_1_2' title="bbox 1207 307 2335 366">
     <span class='ocr_line' id='line_1_2' title="bbox 1207 307 2335 366; baseline 0 -2"><span class='ocrx_word' id='word_1_2' title='bbox 1207 307 1561 366; x_wconf 77' lang='lat' dir='ltr'><strong>COMMENT.</strong></span> <span class='ocrx_word' id='word_1_3' title='bbox 1597 309 1661 363; x_wconf 72' lang='lat' dir='ltr'><strong>IN</strong></span> <span class='ocrx_word' id='word_1_4' title='bbox 1696 307 1885 364; x_wconf 76' lang='lat' dir='ltr'><strong>JOAN.</strong></span> <span class='ocrx_word' id='word_1_5' title='bbox 1916 307 2154 364; x_wconf 79' lang='lat' dir='ltr'><strong>TOMUS</strong></span> <span class='ocrx_word' id='word_1_6' title='bbox 2193 307 2335 364; x_wconf 76' lang='lat' dir='ltr'><strong>XIX.</strong></span> 
     </span>
    </p>
   </div>
   <div class='ocr_carea' id='block_1_3' title="bbox 3284 314 3390 370">
    <p class='ocr_par' dir='ltr' id='par_1_3' title="bbox 3284 314 3390 370">
     <span class='ocr_line' id='line_1_3' title="bbox 3284 314 3390 370; baseline 0 0"><span class='ocrx_word' id='word_1_7' title='bbox 3284 314 3390 370; x_wconf 56' lang='lat'><strong>534</strong></span> 
     </span>
    </p>
   </div>
   <div class='ocr_carea' id='block_1_4' title="bbox 149 427 1706 500">
    <p class='ocr_par' dir='ltr' id='par_1_4' title="bbox 149 427 1687 500">
     <span class='ocr_line' id='line_1_4' title="bbox 149 427 1687 500; baseline 0.003 -19"><span class='ocrx_word' id='word_1_8' title='bbox 149 443 256 490; x_wconf 82' lang='grc' dir='ltr'><strong>τως</strong></span> <span class='ocrx_word' id='word_1_9' title='bbox 283 429 314 481; x_wconf 86' lang='lat'><strong>6</strong></span> <span class='ocrx_word' id='word_1_10' title='bbox 347 427 424 500; x_wconf 80' lang='grc' dir='ltr'><strong>μὴ</strong></span> <span class='ocrx_word' id='word_1_11' title='bbox 453 427 702 495; x_wconf 77' lang='grc' dir='ltr'>ἐγνωκὼς</span> <span class='ocrx_word' id='word_1_12' title='bbox 736 428 826 482; x_wconf 91' lang='grc' dir='ltr'><strong>τὸν</strong></span> <span class='ocrx_word' id='word_1_13' title='bbox 852 427 1070 500; x_wconf 81' lang='grc' dir='ltr'><strong>Πατέρα</strong></span> <span class='ocrx_word' id='word_1_14' title='bbox 1111 428 1210 483; x_wconf 79' lang='grc' dir='ltr'><strong>οὐκ</strong></span> <span class='ocrx_word' id='word_1_15' title='bbox 1252 429 1392 499; x_wconf 84' lang='grc' dir='ltr'><strong>ἔγνω</strong></span> <span class='ocrx_word' id='word_1_16' title='bbox 1423 431 1512 484; x_wconf 88' lang='grc' dir='ltr'><strong>τὸν</strong></span> <span class='ocrx_word' id='word_1_17' title='bbox 1561 431 1687 486; x_wconf 85' lang='grc' dir='ltr'>Υίόν</span> 
     </span>
    </p>
   </div>
   <div class='ocr_carea' id='block_1_5' title="bbox 1864 427 3394 500">
    <p class='ocr_par' dir='ltr' id='par_1_5' title="bbox 1869 429 3394 496">
     <span class='ocr_line' id='line_1_5' title="bbox 1869 429 3394 496; baseline 0.003 -12"><span class='ocrx_word' id='word_1_18' title='bbox 1869 441 1888 484; x_wconf 92' lang='grc' dir='ltr'><strong>ι</strong></span> <span class='ocrx_word' id='word_1_19' title='bbox 1933 431 2143 487; x_wconf 84' lang='lat' dir='ltr'><strong>Patrem</strong></span> <span class='ocrx_word' id='word_1_20' title='bbox 2188 438 2446 496; x_wconf 82' lang='lat' dir='ltr'><strong>vestrum,</strong></span> <span class='ocrx_word' id='word_1_21' title='bbox 2478 438 2532 484; x_wconf 93' lang='lat' dir='ltr'><strong>et</strong></span> <span class='ocrx_word' id='word_1_22' title='bbox 2573 430 2738 484; x_wconf 90' lang='lat' dir='ltr'><strong>Deum</strong></span> <span class='ocrx_word' id='word_1_23' title='bbox 2773 443 2982 496; x_wconf 87' lang='lat' dir='ltr'><strong>meum,</strong></span> <span class='ocrx_word' id='word_1_24' title='bbox 3011 437 3068 485; x_wconf 91' lang='lat' dir='ltr'><strong>et</strong></span> <span class='ocrx_word' id='word_1_25' title='bbox 3097 429 3264 486; x_wconf 89' lang='lat' dir='ltr'><strong>Deum</strong></span> <span class='ocrx_word' id='word_1_26' title='bbox 3297 447 3394 490; x_wconf 76' lang='lat' dir='ltr'><strong>ve-</strong></span> 
     </span>
    </p>
   </div>
   <div class='ocr_carea' id='block_1_6' title="bbox 147 519 1726 593">
    <p class='ocr_par' dir='ltr' id='par_1_6' title="bbox 147 519 1726 593">
     <span class='ocr_line' id='line_1_6' title="bbox 147 519 1726 593; baseline 0.001 -20"><span class='ocrx_word' id='word_1_27' title='bbox 147 521 176 573; x_wconf 94' lang='lat'><strong>6</strong></span> <span class='ocrx_word' id='word_1_28' title='bbox 208 519 310 590; x_wconf 79' lang='grc' dir='ltr'>μὲν</span> <span class='ocrx_word' id='word_1_29' title='bbox 340 519 450 590; x_wconf 81' lang='grc' dir='ltr'><strong>γάρ</strong></span> <span class='ocrx_word' id='word_1_30' title='bbox 479 519 606 583; x_wconf 80' lang='grc' dir='ltr'>Υἱὸς</span> <span class='ocrx_word' id='word_1_31' title='bbox 641 519 780 589; x_wconf 82' lang='grc' dir='ltr'><strong>ἔγνω</strong></span> <span class='ocrx_word' id='word_1_32' title='bbox 807 519 898 573; x_wconf 89' lang='grc' dir='ltr'><strong>τὸν</strong></span> <span class='ocrx_word' id='word_1_33' title='bbox 938 520 1178 592; x_wconf 81' lang='grc' dir='ltr'><strong>Πατέρα,</strong></span> <span class='ocrx_word' id='word_1_34' title='bbox 1203 524 1232 575; x_wconf 98' lang='lat'><strong>6</strong></span> <span class='ocrx_word' id='word_1_35' title='bbox 1268 523 1323 575; x_wconf 84' lang='grc' dir='ltr'><strong>δὲ</strong></span> <span class='ocrx_word' id='word_1_36' title='bbox 1357 522 1606 593; x_wconf 81' lang='grc' dir='ltr'><strong>θεράπων</strong></span> <span class='ocrx_word' id='word_1_37' title='bbox 1634 523 1726 575; x_wconf 85' lang='grc' dir='ltr'><strong>τὸν</strong></span> 
     </span>
    </p>
   </div>
   <div class='ocr_carea' id='block_1_7' title="bbox 148 609 1723 686">
    <p class='ocr_par' dir='ltr' id='par_1_7' title="bbox 148 609 1723 686">
     <span class='ocr_line' id='line_1_7' title="bbox 148 609 1723 686; baseline 0.004 -24"><span class='ocrx_word' id='word_1_38' title='bbox 148 609 352 681; x_wconf 84' lang='grc' dir='ltr'>Κύριον</span> <span class='ocrx_word' id='word_1_39' title='bbox 377 629 392 642; x_wconf 79' lang='grc' dir='ltr'><strong>ο</strong></span> <span class='ocrx_word' id='word_1_40' title='bbox 424 611 518 665; x_wconf 73' lang='grc' dir='ltr'><strong>καὶ</strong></span> <span class='ocrx_word' id='word_1_41' title='bbox 541 611 728 682; x_wconf 81' lang='grc' dir='ltr'>ὥσπερ</span> <span class='ocrx_word' id='word_1_42' title='bbox 747 612 846 664; x_wconf 84' lang='grc' dir='ltr'><strong>οὐκ</strong></span> <span class='ocrx_word' id='word_1_43' title='bbox 871 611 936 664; x_wconf 82' lang='grc' dir='ltr'><strong>ἂν</strong></span> <span class='ocrx_word' id='word_1_44' title='bbox 966 613 1336 686; x_wconf 80' lang='grc' dir='ltr'>ἀσεϐήσαιμεν</span> <span class='ocrx_word' id='word_1_45' title='bbox 1354 615 1624 684; x_wconf 88' lang='grc' dir='ltr'>λέγοντες,</span> <span class='ocrx_word' id='word_1_46' title='bbox 1642 617 1723 669; x_wconf 84' lang='grc' dir='ltr'>ὅτι</span> 
     </span>
    </p>
   </div>
   <div class='ocr_carea' id='block_1_8' title="bbox 147 703 1713 780">
    <p class='ocr_par' dir='ltr' id='par_1_8' title="bbox 147 703 1713 780">
     <span class='ocr_line' id='line_1_8' title="bbox 147 703 1713 780; baseline 0.003 -25"><span class='ocrx_word' id='word_1_47' title='bbox 147 704 178 755; x_wconf 86' lang='lat'><strong>6</strong></span> <span class='ocrx_word' id='word_1_48' title='bbox 201 703 326 765; x_wconf 86' lang='grc' dir='ltr'>Υίὸς</span> <span class='ocrx_word' id='word_1_49' title='bbox 355 703 458 757; x_wconf 87' lang='grc' dir='ltr'><strong>οὐκ</strong></span> <span class='ocrx_word' id='word_1_50' title='bbox 489 703 630 772; x_wconf 73' lang='grc' dir='ltr'>ἔγνω</span> <span class='ocrx_word' id='word_1_51' title='bbox 657 704 748 758; x_wconf 89' lang='grc' dir='ltr'><strong>τὸν</strong></span> <span class='ocrx_word' id='word_1_52' title='bbox 772 704 975 776; x_wconf 81' lang='grc' dir='ltr'><strong>Κύριον</strong></span> <span class='ocrx_word' id='word_1_53' title='bbox 996 722 1010 736; x_wconf 85' lang='lat'><strong><em>°</em></strong></span> <span class='ocrx_word' id='word_1_54' title='bbox 1042 707 1171 770; x_wconf 77' lang='grc' dir='ltr'>Υἱὸς</span> <span class='ocrx_word' id='word_1_55' title='bbox 1211 709 1320 780; x_wconf 73' lang='grc' dir='ltr'>γὰρ</span> <span class='ocrx_word' id='word_1_56' title='bbox 1341 707 1415 761; x_wconf 83' lang='grc' dir='ltr'>ὣν</span> <span class='ocrx_word' id='word_1_57' title='bbox 1437 710 1498 761; x_wconf 82' lang='grc' dir='ltr'><strong>οὐ</strong></span> <span class='ocrx_word' id='word_1_58' title='bbox 1531 707 1713 762; x_wconf 73' lang='grc' dir='ltr'>πεπείι</span> 
     </span>
    </p>
   </div>
   <div class='ocr_carea' id='block_1_9' title="bbox 151 792 1725 870">
    <p class='ocr_par' dir='ltr' id='par_1_9' title="bbox 151 792 1725 870">
     <span class='ocr_line' id='line_1_9' title="bbox 151 792 1725 870; baseline 0.004 -25"><span class='ocrx_word' id='word_1_59' title='bbox 151 809 307 863; x_wconf 89' lang='grc' dir='ltr'>ραται</span> <span class='ocrx_word' id='word_1_60' title='bbox 331 792 432 847; x_wconf 90' lang='grc' dir='ltr'><strong>τοῦ</strong></span> <span class='ocrx_word' id='word_1_61' title='bbox 463 793 672 865; x_wconf 90' lang='grc' dir='ltr'>Πατρὸς</span> <span class='ocrx_word' id='word_1_62' title='bbox 693 794 951 849; x_wconf 80' lang='grc' dir='ltr'><strong>δεσπότου</strong></span> <span class='ocrx_word' id='word_1_63' title='bbox 972 814 986 829; x_wconf 89' lang='grc'><strong>·</strong></span> <span class='ocrx_word' id='word_1_64' title='bbox 1019 797 1162 851; x_wconf 78' lang='grc' dir='ltr'>οὕτω</span> <span class='ocrx_word' id='word_1_65' title='bbox 1196 797 1486 870; x_wconf 87' lang='grc' dir='ltr'>τηροῦντες</span> <span class='ocrx_word' id='word_1_66' title='bbox 1517 799 1606 852; x_wconf 91' lang='grc' dir='ltr'><strong>τὸν</strong></span> <span class='ocrx_word' id='word_1_67' title='bbox 1627 799 1725 852; x_wconf 84' lang='grc' dir='ltr'>αὐ-</span> 
     </span>
    </p>
   </div>
   <div class='ocr_carea' id='block_1_10' title="bbox 146 883 1722 960">
    <p class='ocr_par' dir='ltr' id='par_1_10' title="bbox 146 883 1722 960">
     <span class='ocr_line' id='line_1_10' title="bbox 146 883 1722 960; baseline 0.004 -24"><span class='ocrx_word' id='word_1_68' title='bbox 146 883 236 936; x_wconf 82' lang='grc' dir='ltr'><strong>τὸν</strong></span> <span class='ocrx_word' id='word_1_69' title='bbox 257 884 414 949; x_wconf 90' lang='grc' dir='ltr'>Θεὸν,</span> <span class='ocrx_word' id='word_1_70' title='bbox 461 885 611 937; x_wconf 83' lang='grc' dir='ltr'>οὐδὲν</span> <span class='ocrx_word' id='word_1_71' title='bbox 653 885 854 939; x_wconf 78' lang='grc' dir='ltr'>ἄτοπον</span> <span class='ocrx_word' id='word_1_72' title='bbox 903 887 1314 959; x_wconf 83' lang='grc' dir='ltr'>παραδεξόμεθα</span> <span class='ocrx_word' id='word_1_73' title='bbox 1346 888 1422 960; x_wconf 76' lang='grc'><strong>(6)</strong></span> <span class='ocrx_word' id='word_1_74' title='bbox 1455 889 1722 958; x_wconf 90' lang='grc' dir='ltr'>λέγοντες,</span> 
     </span>
    </p>
   </div>
   <div class='ocr_carea' id='block_1_11' title="bbox 144 975 1726 1053">
    <p class='ocr_par' dir='ltr' id='par_1_11' title="bbox 144 975 1726 1053">
     <span class='ocr_line' id='line_1_11' title="bbox 144 975 1726 1053; baseline 0.003 -24"><span class='ocrx_word' id='word_1_75' title='bbox 144 976 227 1030; x_wconf 78' lang='grc' dir='ltr'>ὅτι</span> <span class='ocrx_word' id='word_1_76' title='bbox 373 976 476 1047; x_wconf 82' lang='grc' dir='ltr'><strong>μὲν</strong></span> <span class='ocrx_word' id='word_1_77' title='bbox 507 976 619 1048; x_wconf 84' lang='grc' dir='ltr'><strong>Υίῷ</strong></span> <span class='ocrx_word' id='word_1_78' title='bbox 665 977 870 1047; x_wconf 74' lang='grc' dir='ltr'>ἔπρεπε</span> <span class='ocrx_word' id='word_1_79' title='bbox 900 979 1187 1047; x_wconf 79' lang='grc' dir='ltr'><strong>γινώσκειν</strong></span> <span class='ocrx_word' id='word_1_80' title='bbox 1236 982 1326 1036; x_wconf 89' lang='grc' dir='ltr'><strong>τὸν</strong></span> <span class='ocrx_word' id='word_1_81' title='bbox 1361 983 1577 1052; x_wconf 81' lang='grc' dir='ltr'>Πατέρα</span> <span class='ocrx_word' id='word_1_82' title='bbox 1600 1023 1614 1045; x_wconf 92' lang='grc'><strong>,</strong></span> <span class='ocrx_word' id='word_1_83' title='bbox 1648 981 1726 1053; x_wconf 85' lang='grc' dir='ltr'>τῷ</span> 
     </span>
    </p>
   </div>
   <div class='ocr_carea' id='block_1_12' title="bbox 146 1065 1726 1143">
    <p class='ocr_par' dir='ltr' id='par_1_12' title="bbox 146 1065 1726 1143">
     <span class='ocr_line' id='line_1_12' title="bbox 146 1065 1726 1143; baseline 0.004 -23"><span class='ocrx_word' id='word_1_84' title='bbox 146 1065 203 1120; x_wconf 84' lang='grc' dir='ltr'>δὲ</span> <span class='ocrx_word' id='word_1_85' title='bbox 229 1067 520 1137; x_wconf 78' lang='grc' dir='ltr'><strong>θεράποντι</strong></span> <span class='ocrx_word' id='word_1_86' title='bbox 544 1067 634 1120; x_wconf 89' lang='grc' dir='ltr'><strong>τὸν</strong></span> <span class='ocrx_word' id='word_1_87' title='bbox 678 1066 900 1136; x_wconf 80' lang='grc' dir='ltr'>Κύριον,</span> <span class='ocrx_word' id='word_1_88' title='bbox 938 1071 1032 1123; x_wconf 73' lang='grc' dir='ltr'>καὶ</span> <span class='ocrx_word' id='word_1_89' title='bbox 1057 1069 1179 1123; x_wconf 77' lang='grc' dir='ltr'>οὔτε</span> <span class='ocrx_word' id='word_1_90' title='bbox 1207 1073 1236 1124; x_wconf 93' lang='lat'><strong>6</strong></span> <span class='ocrx_word' id='word_1_91' title='bbox 1283 1072 1535 1143; x_wconf 79' lang='grc' dir='ltr'>Θεράπων</span> <span class='ocrx_word' id='word_1_92' title='bbox 1585 1072 1726 1141; x_wconf 79' lang='grc' dir='ltr'>ἔγνω</span> 
     </span>
    </p>
   </div>
   <div class='ocr_carea' id='block_1_13' title="bbox 148 1157 1724 1235">
    <p class='ocr_par' dir='ltr' id='par_1_13' title="bbox 148 1157 1724 1235">
     <span class='ocr_line' id='line_1_13' title="bbox 148 1157 1724 1235; baseline 0.004 -25"><span class='ocrx_word' id='word_1_93' title='bbox 148 1161 235 1211; x_wconf 84' lang='grc' dir='ltr'><strong>τὸν</strong></span> <span class='ocrx_word' id='word_1_94' title='bbox 276 1159 538 1230; x_wconf 79' lang='grc' dir='ltr'>Πατέρα,</span> <span class='ocrx_word' id='word_1_95' title='bbox 567 1157 688 1212; x_wconf 83' lang='grc' dir='ltr'>ούτε</span> <span class='ocrx_word' id='word_1_96' title='bbox 721 1160 750 1212; x_wconf 92' lang='lat'><strong>6</strong></span> <span class='ocrx_word' id='word_1_97' title='bbox 791 1160 918 1224; x_wconf 81' lang='grc' dir='ltr'>Υἱὸς</span> <span class='ocrx_word' id='word_1_98' title='bbox 948 1161 1038 1214; x_wconf 85' lang='grc' dir='ltr'><strong>τὸν</strong></span> <span class='ocrx_word' id='word_1_99' title='bbox 1071 1161 1291 1233; x_wconf 86' lang='grc' dir='ltr'>Κύριον.</span> <span class='ocrx_word' id='word_1_100' title='bbox 1334 1163 1557 1235; x_wconf 85' lang='grc' dir='ltr'>Μυρίων</span> <span class='ocrx_word' id='word_1_101' title='bbox 1593 1163 1724 1232; x_wconf 91' lang='grc' dir='ltr'>γοῦν</span> 
     </span>
    </p>
   </div>
   <div class='ocr_carea' id='block_1_14' title="bbox 147 1251 1724 1326">
    <p class='ocr_par' dir='ltr' id='par_1_14' title="bbox 147 1251 1724 1326">
     <span class='ocr_line' id='line_1_14' title="bbox 147 1251 1724 1326; baseline 0.003 -22"><span class='ocrx_word' id='word_1_102' title='bbox 147 1252 317 1305; x_wconf 78' lang='grc' dir='ltr'>οὐσῶν</span> <span class='ocrx_word' id='word_1_103' title='bbox 343 1252 522 1322; x_wconf 80' lang='grc' dir='ltr'>εὐχῶν</span> <span class='ocrx_word' id='word_1_104' title='bbox 551 1251 1050 1324; x_wconf 81' lang='grc' dir='ltr'>ἀναγεγραμμένων</span> <span class='ocrx_word' id='word_1_105' title='bbox 1079 1257 1138 1308; x_wconf 83' lang='grc' dir='ltr'><strong>ὲν</strong></span> <span class='ocrx_word' id='word_1_106' title='bbox 1178 1258 1292 1319; x_wconf 89' lang='grc' dir='ltr'>τοῖς</span> <span class='ocrx_word' id='word_1_107' title='bbox 1327 1255 1598 1326; x_wconf 78' lang='grc' dir='ltr'><strong>Ψαλμοῖς,</strong></span> <span class='ocrx_word' id='word_1_108' title='bbox 1631 1257 1724 1310; x_wconf 77' lang='grc' dir='ltr'><strong>καὶ</strong></span> 
     </span>
    </p>
   </div>
   <div class='ocr_carea' id='block_1_15' title="bbox 145 1347 1725 1420">
    <p class='ocr_par' dir='ltr' id='par_1_15' title="bbox 145 1347 1725 1420">
     <span class='ocr_line' id='line_1_15' title="bbox 145 1347 1725 1420; baseline 0.001 -21"><span class='ocrx_word' id='word_1_109' title='bbox 145 1351 254 1410; x_wconf 74' lang='grc' dir='ltr'>τοῖς</span> <span class='ocrx_word' id='word_1_110' title='bbox 278 1347 609 1418; x_wconf 80' lang='grc' dir='ltr'>προφήταις,</span> <span class='ocrx_word' id='word_1_111' title='bbox 643 1347 777 1401; x_wconf 88' lang='grc' dir='ltr'><strong>ἀλλά</strong></span> <span class='ocrx_word' id='word_1_112' title='bbox 804 1349 898 1402; x_wconf 69' lang='grc' dir='ltr'><strong>καὶ</strong></span> <span class='ocrx_word' id='word_1_113' title='bbox 921 1348 1000 1419; x_wconf 82' lang='grc' dir='ltr'>τῷ</span> <span class='ocrx_word' id='word_1_114' title='bbox 1021 1348 1190 1418; x_wconf 90' lang='grc' dir='ltr'>νόμῳ,</span> <span class='ocrx_word' id='word_1_115' title='bbox 1224 1348 1286 1401; x_wconf 80' lang='grc' dir='ltr'><strong>οὐ</strong></span> <span class='ocrx_word' id='word_1_116' title='bbox 1324 1349 1462 1401; x_wconf 87' lang='grc' dir='ltr'>πάνυ</span> <span class='ocrx_word' id='word_1_117' title='bbox 1491 1366 1546 1401; x_wconf 90' lang='grc' dir='ltr'><strong>τι</strong></span> <span class='ocrx_word' id='word_1_118' title='bbox 1570 1348 1725 1420; x_wconf 84' lang='grc' dir='ltr'>εὖρο-</span> 
     </span>
    </p>
   </div>
   <div class='ocr_carea' id='block_1_16' title="bbox 154 1437 1719 1514">
    <p class='ocr_par' dir='ltr' id='par_1_16' title="bbox 154 1437 1719 1514">
     <span class='ocr_line' id='line_1_16' title="bbox 154 1437 1719 1514; baseline 0.003 -23"><span class='ocrx_word' id='word_1_119' title='bbox 154 1455 248 1511; x_wconf 83' lang='grc' dir='ltr'><strong>μεν</strong></span> <span class='ocrx_word' id='word_1_120' title='bbox 268 1437 566 1510; x_wconf 82' lang='grc' dir='ltr'>εὐξάμενόν</span> <span class='ocrx_word' id='word_1_121' title='bbox 592 1441 668 1511; x_wconf 90' lang='grc'><strong>(7)</strong></span> <span class='ocrx_word' id='word_1_122' title='bbox 691 1459 832 1508; x_wconf 92' lang='grc' dir='ltr'>τινα,</span> <span class='ocrx_word' id='word_1_123' title='bbox 857 1443 950 1495; x_wconf 82' lang='grc' dir='ltr'><strong>καὶ</strong></span> <span class='ocrx_word' id='word_1_124' title='bbox 973 1441 1198 1510; x_wconf 89' lang='grc' dir='ltr'>λέγοντα</span> <span class='ocrx_word' id='word_1_125' title='bbox 1217 1441 1308 1494; x_wconf 89' lang='grc' dir='ltr'><strong>τὸν</strong></span> <span class='ocrx_word' id='word_1_126' title='bbox 1330 1441 1462 1494; x_wconf 86' lang='grc' dir='ltr'>Θεὸν</span> <span class='ocrx_word' id='word_1_127' title='bbox 1477 1442 1622 1494; x_wconf 90' lang='grc' dir='ltr'>Πατέ</span> <span class='ocrx_word' id='word_1_128' title='bbox 1632 1458 1719 1514; x_wconf 78' lang='grc' dir='ltr'>ραο</span> 
     </span>
    </p>
   </div>
   <div class='ocr_carea' id='block_1_17' title="bbox 151 1531 1717 1606">
    <p class='ocr_par' dir='ltr' id='par_1_17' title="bbox 151 1531 1717 1606">
     <span class='ocr_line' id='line_1_17' title="bbox 151 1531 1717 1606; baseline 0.003 -22"><span class='ocrx_word' id='word_1_129' title='bbox 151 1533 240 1584; x_wconf 73' lang='grc' dir='ltr'><strong>καὶ</strong></span> <span class='ocrx_word' id='word_1_130' title='bbox 262 1531 369 1604; x_wconf 82' lang='grc' dir='ltr'><strong>γάρ</strong></span> <span class='ocrx_word' id='word_1_131' title='bbox 413 1532 698 1604; x_wconf 81' lang='grc' dir='ltr'>εὐχόμενοι</span> <span class='ocrx_word' id='word_1_132' title='bbox 734 1533 814 1604; x_wconf 80' lang='grc' dir='ltr'>τῷ</span> <span class='ocrx_word' id='word_1_133' title='bbox 842 1533 962 1603; x_wconf 87' lang='grc' dir='ltr'><strong>Θεῷ</strong></span> <span class='ocrx_word' id='word_1_134' title='bbox 1000 1535 1060 1587; x_wconf 81' lang='grc' dir='ltr'><strong>οὐ</strong></span> <span class='ocrx_word' id='word_1_135' title='bbox 1097 1534 1346 1603; x_wconf 83' lang='grc' dir='ltr'>λέγουσι,</span> <span class='ocrx_word' id='word_1_136' title='bbox 1389 1533 1579 1603; x_wconf 82' lang='grc' dir='ltr'>Πάτερ</span> <span class='ocrx_word' id='word_1_137' title='bbox 1605 1535 1678 1606; x_wconf 88' lang='grc'><strong>(8)</strong></span> <span class='ocrx_word' id='word_1_138' title='bbox 1705 1553 1717 1565; x_wconf 91' lang='grc'>·</span> 
     </span>
    </p>
   </div>
   <div class='ocr_carea' id='block_1_18' title="bbox 1828 522 3393 594">
    <p class='ocr_par' dir='ltr' id='par_1_18' title="bbox 1828 522 3393 594">
     <span class='ocr_line' id='line_1_18' title="bbox 1828 522 3393 594; baseline 0.003 -17"><span class='ocrx_word' id='word_1_139' title='bbox 1828 533 1999 578; x_wconf 90' lang='lat' dir='ltr'><strong>slrum</strong></span> <span class='ocrx_word' id='word_1_140' title='bbox 2030 525 2096 578; x_wconf 79' lang='grc'><strong>⁸³.</strong></span> <span class='ocrx_word' id='word_1_141' title='bbox 2121 543 2140 576; x_wconf 76' lang='grc' dir='ltr'><strong>ι</strong></span> <span class='ocrx_word' id='word_1_142' title='bbox 2170 523 2249 578; x_wconf 87' lang='lat' dir='ltr'><strong>Ac</strong></span> <span class='ocrx_word' id='word_1_143' title='bbox 2274 522 2520 592; x_wconf 79' lang='lat' dir='ltr'><strong>profecto</strong></span> <span class='ocrx_word' id='word_1_144' title='bbox 2541 523 2901 594; x_wconf 81' lang='lat' dir='ltr'><strong>gratilicando</strong></span> <span class='ocrx_word' id='word_1_145' title='bbox 2928 523 3034 579; x_wconf 83' lang='lat' dir='ltr'><strong>illis</strong></span> <span class='ocrx_word' id='word_1_146' title='bbox 3064 525 3155 593; x_wconf 90' lang='lat' dir='ltr'><strong>qui</strong></span> <span class='ocrx_word' id='word_1_147' title='bbox 3186 527 3256 582; x_wconf 89' lang='lat' dir='ltr'><strong>ab</strong></span> <span class='ocrx_word' id='word_1_148' title='bbox 3287 527 3393 582; x_wconf 81' lang='lat' dir='ltr'><strong>Ec-</strong></span> 
     </span>
    </p>
   </div>
   <div class='ocr_carea' id='block_1_19' title="bbox 1827 615 3393 688">
    <p class='ocr_par' dir='ltr' id='par_1_19' title="bbox 1827 615 3393 688">
     <span class='ocr_line' id='line_1_19' title="bbox 1827 615 3393 688; baseline 0.001 -18"><span class='ocrx_word' id='word_1_149' title='bbox 1827 617 2004 672; x_wconf 68' lang='lat' dir='ltr'><strong>clesia:</strong></span> <span class='ocrx_word' id='word_1_150' title='bbox 2035 617 2267 671; x_wconf 88' lang='lat' dir='ltr'><strong>decretis</strong></span> <span class='ocrx_word' id='word_1_151' title='bbox 2296 615 2580 679; x_wconf 93' lang='lat' dir='ltr'><strong>dissident,</strong></span> <span class='ocrx_word' id='word_1_152' title='bbox 2637 617 2818 671; x_wconf 86' lang='lat' dir='ltr'><strong>dicere</strong></span> <span class='ocrx_word' id='word_1_153' title='bbox 2851 631 3136 685; x_wconf 84' lang='lat' dir='ltr'><strong>possumus</strong></span> <span class='ocrx_word' id='word_1_154' title='bbox 3171 617 3393 688; x_wconf 76' lang='lat' dir='ltr'><strong>Moysen</strong></span> 
     </span>
    </p>
   </div>
   <div class='ocr_carea' id='block_1_20' title="bbox 1824 707 3392 780">
    <p class='ocr_par' dir='ltr' id='par_1_20' title="bbox 1824 707 3392 780">
     <span class='ocr_line' id='line_1_20' title="bbox 1824 707 3392 780; baseline 0.003 -19"><span class='ocrx_word' id='word_1_155' title='bbox 1824 718 1873 762; x_wconf 91' lang='lat' dir='ltr'><strong>et</strong></span> <span class='ocrx_word' id='word_1_156' title='bbox 1921 707 2210 777; x_wconf 78' lang='lat' dir='ltr'><strong>prepltetas</strong></span> <span class='ocrx_word' id='word_1_157' title='bbox 2258 707 2467 761; x_wconf 82' lang='lat' dir='ltr'><strong>Patrem</strong></span> <span class='ocrx_word' id='word_1_158' title='bbox 2520 721 2628 762; x_wconf 89' lang='lat' dir='ltr'><strong>non</strong></span> <span class='ocrx_word' id='word_1_159' title='bbox 2682 707 3017 776; x_wconf 90' lang='lat' dir='ltr'><strong>agnovisse:</strong></span> <span class='ocrx_word' id='word_1_160' title='bbox 3051 708 3218 780; x_wconf 73' lang='lat'><strong>286</strong></span> <span class='ocrx_word' id='word_1_161' title='bbox 3247 710 3392 779; x_wconf 89' lang='lat' dir='ltr'><strong>quod</strong></span> 
     </span>
    </p>
   </div>
   <div class='ocr_carea' id='block_1_21' title="bbox 1826 798 3394 871">
    <p class='ocr_par' dir='ltr' id='par_1_21' title="bbox 1826 798 3394 871">
     <span class='ocr_line' id='line_1_21' title="bbox 1826 798 3394 871; baseline 0.003 -19"><span class='ocrx_word' id='word_1_162' title='bbox 1826 798 2058 852; x_wconf 79' lang='lat' dir='ltr'><strong>fortasse</strong></span> <span class='ocrx_word' id='word_1_163' title='bbox 2081 813 2270 853; x_wconf 85' lang='lat' dir='ltr'><strong>verum</strong></span> <span class='ocrx_word' id='word_1_164' title='bbox 2301 813 2409 852; x_wconf 92' lang='lat' dir='ltr'><strong>non</strong></span> <span class='ocrx_word' id='word_1_165' title='bbox 2442 807 2548 862; x_wconf 88' lang='lat' dir='ltr'><strong>est,</strong></span> <span class='ocrx_word' id='word_1_166' title='bbox 2569 807 2848 867; x_wconf 85' lang='lat' dir='ltr'><strong>propterea</strong></span> <span class='ocrx_word' id='word_1_167' title='bbox 2882 801 3024 869; x_wconf 91' lang='lat' dir='ltr'><strong>quod</strong></span> <span class='ocrx_word' id='word_1_168' title='bbox 3048 803 3272 856; x_wconf 79' lang='lat' dir='ltr'><strong>omnino</strong></span> <span class='ocrx_word' id='word_1_169' title='bbox 3299 802 3394 871; x_wconf 87' lang='lat' dir='ltr'><strong>qui</strong></span> 
     </span>
    </p>
   </div>
   <div class='ocr_carea' id='block_1_22' title="bbox 1825 888 3393 960">
    <p class='ocr_par' dir='ltr' id='par_1_22' title="bbox 1825 888 3393 960">
     <span class='ocr_line' id='line_1_22' title="bbox 1825 888 3393 960; baseline 0.003 -17"><span class='ocrx_word' id='word_1_170' title='bbox 1825 888 2040 945; x_wconf 78' lang='lat' dir='ltr'><strong>Patrem</strong></span> <span class='ocrx_word' id='word_1_171' title='bbox 2075 905 2178 944; x_wconf 91' lang='lat' dir='ltr'><strong>non</strong></span> <span class='ocrx_word' id='word_1_172' title='bbox 2213 891 2384 954; x_wconf 90' lang='lat' dir='ltr'><strong>novit,</strong></span> <span class='ocrx_word' id='word_1_173' title='bbox 2407 905 2577 960; x_wconf 89' lang='lat' dir='ltr'><strong>neque</strong></span> <span class='ocrx_word' id='word_1_174' title='bbox 2611 889 2806 944; x_wconf 83' lang='lat' dir='ltr'><strong>Filium</strong></span> <span class='ocrx_word' id='word_1_175' title='bbox 2833 891 3016 957; x_wconf 88' lang='lat' dir='ltr'><strong>novit;</strong></span> <span class='ocrx_word' id='word_1_176' title='bbox 3044 890 3212 946; x_wconf 87' lang='lat' dir='ltr'><strong>Filius</strong></span> <span class='ocrx_word' id='word_1_177' title='bbox 3241 894 3393 947; x_wconf 89' lang='lat' dir='ltr'><strong>enim</strong></span> 
     </span>
    </p>
   </div>
   <div class='ocr_carea' id='block_1_23' title="bbox 1826 981 3389 1053">
    <p class='ocr_par' dir='ltr' id='par_1_23' title="bbox 1826 981 3389 1053">
     <span class='ocr_line' id='line_1_23' title="bbox 1826 981 3389 1053; baseline 0.001 -16"><span class='ocrx_word' id='word_1_178' title='bbox 1826 983 1976 1037; x_wconf 88' lang='lat' dir='ltr'><strong>novit</strong></span> <span class='ocrx_word' id='word_1_179' title='bbox 1999 981 2237 1047; x_wconf 82' lang='lat' dir='ltr'><strong>Patrem,</strong></span> <span class='ocrx_word' id='word_1_180' title='bbox 2265 997 2454 1036; x_wconf 89' lang='lat' dir='ltr'><strong>servus</strong></span> <span class='ocrx_word' id='word_1_181' title='bbox 2484 993 2663 1037; x_wconf 88' lang='lat' dir='ltr'><strong>autem</strong></span> <span class='ocrx_word' id='word_1_182' title='bbox 2697 982 3018 1038; x_wconf 88' lang='lat' dir='ltr'><strong>Dominum:</strong></span> <span class='ocrx_word' id='word_1_183' title='bbox 3043 993 3098 1038; x_wconf 90' lang='lat' dir='ltr'><strong>et</strong></span> <span class='ocrx_word' id='word_1_184' title='bbox 3118 986 3389 1053; x_wconf 85' lang='lat' dir='ltr'><strong>quemad-</strong></span> 
     </span>
    </p>
   </div>
   <div class='ocr_carea' id='block_1_24' title="bbox 1825 1078 3390 1153">
    <p class='ocr_par' dir='ltr' id='par_1_24' title="bbox 1825 1078 3390 1153">
     <span class='ocr_line' id='line_1_24' title="bbox 1825 1078 3390 1153; baseline 0.005 -23"><span class='ocrx_word' id='word_1_185' title='bbox 1825 1078 2040 1130; x_wconf 85' lang='lat' dir='ltr'><strong>modum</strong></span> <span class='ocrx_word' id='word_1_186' title='bbox 2074 1079 2236 1147; x_wconf 90' lang='lat' dir='ltr'><strong>impie</strong></span> <span class='ocrx_word' id='word_1_187' title='bbox 2275 1093 2380 1132; x_wconf 89' lang='lat' dir='ltr'><strong>non</strong></span> <span class='ocrx_word' id='word_1_188' title='bbox 2422 1080 2728 1133; x_wconf 86' lang='lat' dir='ltr'><strong>diceremus</strong></span> <span class='ocrx_word' id='word_1_189' title='bbox 2746 1079 2943 1133; x_wconf 88' lang='lat' dir='ltr'><strong>Filium</strong></span> <span class='ocrx_word' id='word_1_190' title='bbox 2971 1096 3074 1136; x_wconf 92' lang='lat' dir='ltr'><strong>non</strong></span> <span class='ocrx_word' id='word_1_191' title='bbox 3103 1083 3390 1153; x_wconf 77' lang='lat' dir='ltr'><strong>agnovisse</strong></span> 
     </span>
    </p>
   </div>
   <div class='ocr_carea' id='block_1_25' title="bbox 1827 1168 3391 1240">
    <p class='ocr_par' dir='ltr' id='par_1_25' title="bbox 1827 1168 3391 1240">
     <span class='ocr_line' id='line_1_25' title="bbox 1827 1168 3391 1240; baseline 0.005 -20"><span class='ocrx_word' id='word_1_192' title='bbox 1827 1168 2132 1235; x_wconf 87' lang='lat' dir='ltr'><strong>Dominum,</strong></span> <span class='ocrx_word' id='word_1_193' title='bbox 2173 1170 2297 1238; x_wconf 88' lang='lat' dir='ltr'><strong>quia</strong></span> <span class='ocrx_word' id='word_1_194' title='bbox 2332 1169 2502 1224; x_wconf 88' lang='lat' dir='ltr'><strong>Filius</strong></span> <span class='ocrx_word' id='word_1_195' title='bbox 2551 1187 2671 1224; x_wconf 89' lang='lat' dir='ltr'><strong>cmn</strong></span> <span class='ocrx_word' id='word_1_196' title='bbox 2709 1170 2804 1236; x_wconf 89' lang='lat' dir='ltr'><strong>sit,</strong></span> <span class='ocrx_word' id='word_1_197' title='bbox 2840 1186 2947 1225; x_wconf 91' lang='lat' dir='ltr'><strong>non</strong></span> <span class='ocrx_word' id='word_1_198' title='bbox 2981 1175 3260 1240; x_wconf 83' lang='lat' dir='ltr'><strong>experitur</strong></span> <span class='ocrx_word' id='word_1_199' title='bbox 3287 1173 3391 1228; x_wconf 86' lang='lat' dir='ltr'><strong>Pa-</strong></span> 
     </span>
    </p>
   </div>
   <div class='ocr_carea' id='block_1_26' title="bbox 1827 1257 3390 1328">
    <p class='ocr_par' dir='ltr' id='par_1_26' title="bbox 1827 1257 3390 1328">
     <span class='ocr_line' id='line_1_26' title="bbox 1827 1257 3390 1328; baseline 0.005 -18"><span class='ocrx_word' id='word_1_200' title='bbox 1827 1265 1960 1310; x_wconf 87' lang='lat' dir='ltr'><strong>trem</strong></span> <span class='ocrx_word' id='word_1_201' title='bbox 1989 1257 2304 1324; x_wconf 87' lang='lat' dir='ltr'><strong>dominum;</strong></span> <span class='ocrx_word' id='word_1_202' title='bbox 2343 1259 2414 1312; x_wconf 82' lang='lat' dir='ltr'><strong>ita</strong></span> <span class='ocrx_word' id='word_1_203' title='bbox 2443 1267 2724 1314; x_wconf 81' lang='lat' dir='ltr'><strong>servantes</strong></span> <span class='ocrx_word' id='word_1_204' title='bbox 2747 1262 2998 1314; x_wconf 85' lang='lat' dir='ltr'><strong>eumdem</strong></span> <span class='ocrx_word' id='word_1_205' title='bbox 3034 1263 3222 1328; x_wconf 83' lang='lat' dir='ltr'><strong>Deum,</strong></span> <span class='ocrx_word' id='word_1_206' title='bbox 3253 1263 3390 1318; x_wconf 85' lang='lat' dir='ltr'><strong>nihil</strong></span> 
     </span>
    </p>
   </div>
   <div class='ocr_carea' id='block_1_27' title="bbox 1825 1348 3392 1425">
    <p class='ocr_par' dir='ltr' id='par_1_27' title="bbox 1825 1348 3392 1425">
     <span class='ocr_line' id='line_1_27' title="bbox 1825 1348 3392 1425; baseline 0.005 -24"><span class='ocrx_word' id='word_1_207' title='bbox 1825 1348 2044 1402; x_wconf 89' lang='lat' dir='ltr'><strong>absurdi</strong></span> <span class='ocrx_word' id='word_1_208' title='bbox 2075 1349 2423 1404; x_wconf 77' lang='lat' dir='ltr'><strong>admittemus</strong></span> <span class='ocrx_word' id='word_1_209' title='bbox 2451 1351 2697 1406; x_wconf 87' lang='lat' dir='ltr'><strong>dicentes</strong></span> <span class='ocrx_word' id='word_1_210' title='bbox 2728 1353 2920 1407; x_wconf 83' lang='lat' dir='ltr'><strong>decere</strong></span> <span class='ocrx_word' id='word_1_211' title='bbox 2941 1365 2996 1406; x_wconf 92' lang='lat' dir='ltr'><strong>ut</strong></span> <span class='ocrx_word' id='word_1_212' title='bbox 3027 1353 3194 1408; x_wconf 78' lang='lat' dir='ltr'><strong>Filius</strong></span> <span class='ocrx_word' id='word_1_213' title='bbox 3225 1369 3392 1425; x_wconf 87' lang='lat' dir='ltr'><strong>agno-</strong></span> 
     </span>
    </p>
   </div>
   <div class='ocr_carea' id='block_1_28' title="bbox 1822 1439 3390 1515">
    <p class='ocr_par' dir='ltr' id='par_1_28' title="bbox 1822 1439 3390 1515">
     <span class='ocr_line' id='line_1_28' title="bbox 1822 1439 3390 1515; baseline 0.004 -23"><span class='ocrx_word' id='word_1_214' title='bbox 1822 1448 1940 1493; x_wconf 89' lang='lat' dir='ltr'><strong>scat</strong></span> <span class='ocrx_word' id='word_1_215' title='bbox 1980 1439 2216 1506; x_wconf 81' lang='lat' dir='ltr'><strong>Patrem,</strong></span> <span class='ocrx_word' id='word_1_216' title='bbox 2249 1456 2436 1496; x_wconf 89' lang='lat' dir='ltr'><strong>servus</strong></span> <span class='ocrx_word' id='word_1_217' title='bbox 2497 1444 2788 1496; x_wconf 91' lang='lat' dir='ltr'><strong>Dominum</strong></span> <span class='ocrx_word' id='word_1_218' title='bbox 2823 1461 2835 1496; x_wconf 93' lang='lat'>:</span> <span class='ocrx_word' id='word_1_219' title='bbox 2877 1455 2930 1497; x_wconf 89' lang='lat' dir='ltr'><strong>et</strong></span> <span class='ocrx_word' id='word_1_220' title='bbox 2987 1459 3160 1515; x_wconf 82' lang='lat' dir='ltr'><strong>neque</strong></span> <span class='ocrx_word' id='word_1_221' title='bbox 3197 1461 3390 1500; x_wconf 85' lang='lat' dir='ltr'><strong>servus</strong></span> 
     </span>
    </p>
   </div>
   <div class='ocr_carea' id='block_1_29' title="bbox 1822 1534 3390 1603">
    <p class='ocr_par' dir='ltr' id='par_1_29' title="bbox 1822 1534 3390 1603">
     <span class='ocr_line' id='line_1_29' title="bbox 1822 1534 3390 1603; baseline 0.004 -18"><span class='ocrx_word' id='word_1_222' title='bbox 1822 1543 2076 1600; x_wconf 82' lang='lat' dir='ltr'><strong>agnoscat</strong></span> <span class='ocrx_word' id='word_1_223' title='bbox 2117 1534 2355 1599; x_wconf 86' lang='lat' dir='ltr'><strong>Patrem,</strong></span> <span class='ocrx_word' id='word_1_224' title='bbox 2396 1550 2570 1603; x_wconf 90' lang='lat' dir='ltr'><strong>neque</strong></span> <span class='ocrx_word' id='word_1_225' title='bbox 2598 1534 2765 1590; x_wconf 88' lang='lat' dir='ltr'><strong>Filius</strong></span> <span class='ocrx_word' id='word_1_226' title='bbox 2795 1535 3101 1592; x_wconf 82' lang='lat' dir='ltr'><strong>Dominum.</strong></span> <span class='ocrx_word' id='word_1_227' title='bbox 3133 1538 3266 1592; x_wconf 85' lang='lat' dir='ltr'><strong>Cum</strong></span> <span class='ocrx_word' id='word_1_228' title='bbox 3305 1539 3390 1594; x_wconf 78' lang='lat' dir='ltr'><strong>in-</strong></span> 
     </span>
    </p>
   </div>
   <div class='ocr_carea' id='block_1_30' title="bbox 150 1624 1706 1697">
    <p class='ocr_par' dir='ltr' id='par_1_30' title="bbox 150 1624 1706 1696">
     <span class='ocr_line' id='line_1_30' title="bbox 150 1624 1706 1696; baseline 0.001 -19"><span class='ocrx_word' id='word_1_229' title='bbox 150 1625 283 1694; x_wconf 82' lang='grc' dir='ltr'>τάχα</span> <span class='ocrx_word' id='word_1_230' title='bbox 312 1625 434 1679; x_wconf 78' lang='grc' dir='ltr'>ἐπεὶ</span> <span class='ocrx_word' id='word_1_231' title='bbox 471 1625 571 1678; x_wconf 83' lang='grc' dir='ltr'>οὐκ</span> <span class='ocrx_word' id='word_1_232' title='bbox 594 1624 838 1693; x_wconf 78' lang='grc' dir='ltr'>ἔγνωσαν</span> <span class='ocrx_word' id='word_1_233' title='bbox 865 1625 956 1678; x_wconf 90' lang='grc' dir='ltr'><strong>τὸν</strong></span> <span class='ocrx_word' id='word_1_234' title='bbox 979 1625 1230 1696; x_wconf 83' lang='grc' dir='ltr'>Πατέρα·</span> <span class='ocrx_word' id='word_1_235' title='bbox 1262 1624 1510 1696; x_wconf 84' lang='grc' dir='ltr'>εῦχονται</span> <span class='ocrx_word' id='word_1_236' title='bbox 1537 1625 1594 1678; x_wconf 82' lang='grc' dir='ltr'>δὲ</span> <span class='ocrx_word' id='word_1_237' title='bbox 1626 1625 1706 1679; x_wconf 77' lang='grc' dir='ltr'>αὑ·</span> 
     </span>
    </p>
   </div>
   <div class='ocr_carea' id='block_1_31' title="bbox 1864 1624 3386 1697">
    <p class='ocr_par' dir='ltr' id='par_1_31' title="bbox 1864 1624 3386 1697">
     <span class='ocr_line' id='line_1_31' title="bbox 1864 1624 3386 1697; baseline 0.003 -19"><span class='ocrx_word' id='word_1_238' title='bbox 1864 1639 2066 1679; x_wconf 64' lang='grc' dir='ltr'>αιτιοι-αι</span> <span class='ocrx_word' id='word_1_239' title='bbox 2107 1624 2270 1693; x_wconf 77' lang='lat' dir='ltr'><strong>igitur</strong></span> <span class='ocrx_word' id='word_1_240' title='bbox 2292 1626 2640 1694; x_wconf 88' lang='lat' dir='ltr'><strong>precationes</strong></span> <span class='ocrx_word' id='word_1_241' title='bbox 2672 1627 2726 1681; x_wconf 91' lang='lat' dir='ltr'><strong>in</strong></span> <span class='ocrx_word' id='word_1_242' title='bbox 2754 1626 2983 1682; x_wconf 82' lang='lat' dir='ltr'><strong>Psalmis</strong></span> <span class='ocrx_word' id='word_1_243' title='bbox 3009 1629 3120 1682; x_wconf 90' lang='lat' dir='ltr'><strong>sint</strong></span> <span class='ocrx_word' id='word_1_244' title='bbox 3147 1628 3386 1697; x_wconf 67' lang='lat' dir='ltr'><strong>scriptae,</strong></span> 
     </span>
    </p>
   </div>
   <div class='ocr_carea' id='block_1_32' title="bbox 147 1716 1706 1789">
    <p class='ocr_par' dir='ltr' id='par_1_32' title="bbox 147 1716 1706 1788">
     <span class='ocr_line' id='line_1_32' title="bbox 147 1716 1706 1788; baseline 0.003 -20"><span class='ocrx_word' id='word_1_245' title='bbox 147 1717 222 1787; x_wconf 81' lang='grc' dir='ltr'>τῷ</span> <span class='ocrx_word' id='word_1_246' title='bbox 243 1717 316 1779; x_wconf 87' lang='grc' dir='ltr'>ὼς</span> <span class='ocrx_word' id='word_1_247' title='bbox 337 1716 462 1787; x_wconf 85' lang='grc' dir='ltr'>Θεῷ</span> <span class='ocrx_word' id='word_1_248' title='bbox 485 1719 580 1770; x_wconf 75' lang='grc' dir='ltr'><strong>καὶ</strong></span> <span class='ocrx_word' id='word_1_249' title='bbox 609 1717 820 1788; x_wconf 83' lang='grc' dir='ltr'>Κυρίῳ,</span> <span class='ocrx_word' id='word_1_250' title='bbox 858 1718 1249 1788; x_wconf 82' lang='grc' dir='ltr'>περιμένοντες</span> <span class='ocrx_word' id='word_1_251' title='bbox 1283 1718 1373 1771; x_wconf 91' lang='grc' dir='ltr'><strong>τὸν</strong></span> <span class='ocrx_word' id='word_1_252' title='bbox 1401 1719 1462 1770; x_wconf 91' lang='grc' dir='ltr'><strong>τὸ</strong></span> <span class='ocrx_word' id='word_1_253' title='bbox 1505 1717 1706 1788; x_wconf 78' lang='grc' dir='ltr'>πνεῦμα</span> 
     </span>
    </p>
   </div>
   <div class='ocr_carea' id='block_1_33' title="bbox 1864 1716 3390 1789">
    <p class='ocr_par' dir='ltr' id='par_1_33' title="bbox 1864 1717 3390 1789">
     <span class='ocr_line' id='line_1_33' title="bbox 1864 1717 3390 1789; baseline 0.003 -19"><span class='ocrx_word' id='word_1_254' title='bbox 1864 1726 1876 1770; x_wconf 82' lang='lat' dir='ltr'><strong>t</strong></span> <span class='ocrx_word' id='word_1_255' title='bbox 1909 1717 2201 1787; x_wconf 87' lang='lat' dir='ltr'><strong>prophetis,</strong></span> <span class='ocrx_word' id='word_1_256' title='bbox 2245 1727 2411 1786; x_wconf 88' lang='lat' dir='ltr'><strong>atque</strong></span> <span class='ocrx_word' id='word_1_257' title='bbox 2465 1720 2626 1772; x_wconf 90' lang='lat' dir='ltr'><strong>etiam</strong></span> <span class='ocrx_word' id='word_1_258' title='bbox 2662 1719 2798 1789; x_wconf 83' lang='lat' dir='ltr'><strong>lege,</strong></span> <span class='ocrx_word' id='word_1_259' title='bbox 2838 1735 2942 1775; x_wconf 92' lang='lat' dir='ltr'><strong>non</strong></span> <span class='ocrx_word' id='word_1_260' title='bbox 2985 1721 3272 1775; x_wconf 84' lang='lat' dir='ltr'><strong>admodum</strong></span> <span class='ocrx_word' id='word_1_261' title='bbox 3304 1721 3390 1775; x_wconf 78' lang='lat' dir='ltr'><strong>in-</strong></span> 
     </span>
    </p>
   </div>
   <div class='ocr_carea' id='block_1_34' title="bbox 150 1790 1706 1882">
    <p class='ocr_par' dir='ltr' id='par_1_34' title="bbox 150 1807 1706 1880">
     <span class='ocr_line' id='line_1_34' title="bbox 150 1807 1706 1880; baseline -0.001 -18"><span class='ocrx_word' id='word_1_262' title='bbox 150 1807 243 1876; x_wconf 77' lang='grc' dir='ltr'>τῆς</span> <span class='ocrx_word' id='word_1_263' title='bbox 270 1807 544 1872; x_wconf 74' lang='grc' dir='ltr'>υἱοθεσίας</span> <span class='ocrx_word' id='word_1_264' title='bbox 587 1809 848 1880; x_wconf 75' lang='grc' dir='ltr'>ἐκχέοντα</span> <span class='ocrx_word' id='word_1_265' title='bbox 879 1809 978 1863; x_wconf 85' lang='grc' dir='ltr'><strong>οὑκ</strong></span> <span class='ocrx_word' id='word_1_266' title='bbox 1009 1809 1228 1863; x_wconf 80' lang='grc' dir='ltr'>ἔλαττον</span> <span class='ocrx_word' id='word_1_267' title='bbox 1276 1809 1363 1862; x_wconf 83' lang='grc' dir='ltr'><strong>ἐπ’</strong></span> <span class='ocrx_word' id='word_1_268' title='bbox 1405 1810 1643 1873; x_wconf 78' lang='grc' dir='ltr'>ἐκείνους</span> <span class='ocrx_word' id='word_1_269' title='bbox 1684 1809 1706 1877; x_wconf 62' lang='grc' dir='ltr'>ἦ</span> 
     </span>
    </p>
   </div>
   <div class='ocr_carea' id='block_1_35' title="bbox 1864 1790 3385 1882">
    <p class='ocr_par' dir='ltr' id='par_1_35' title="bbox 1864 1808 3385 1882">
     <span class='ocr_line' id='line_1_35' title="bbox 1864 1808 3385 1882; baseline 0.001 -19"><span class='ocrx_word' id='word_1_270' title='bbox 1864 1809 2073 1863; x_wconf 83' lang='lat' dir='ltr'><strong>enimus</strong></span> <span class='ocrx_word' id='word_1_271' title='bbox 2095 1808 2329 1879; x_wconf 86' lang='lat' dir='ltr'><strong>aliquem</strong></span> <span class='ocrx_word' id='word_1_272' title='bbox 2359 1809 2451 1878; x_wconf 90' lang='lat' dir='ltr'><strong>qui</strong></span> <span class='ocrx_word' id='word_1_273' title='bbox 2477 1809 2642 1863; x_wconf 89' lang='lat' dir='ltr'><strong>Deum</strong></span> <span class='ocrx_word' id='word_1_274' title='bbox 2662 1811 2894 1879; x_wconf 86' lang='lat' dir='ltr'><strong>appellet</strong></span> <span class='ocrx_word' id='word_1_275' title='bbox 2920 1810 3176 1876; x_wconf 83' lang='lat' dir='ltr'><strong>Patrem;</strong></span> <span class='ocrx_word' id='word_1_276' title='bbox 3208 1812 3385 1882; x_wconf 82' lang='lat' dir='ltr'><strong>siqui-</strong></span> 
     </span>
    </p>
   </div>
   <div class='ocr_carea' id='block_1_36' title="bbox 149 1901 1717 1976">
    <p class='ocr_par' dir='ltr' id='par_1_36' title="bbox 149 1901 1717 1976">
     <span class='ocr_line' id='line_1_36' title="bbox 149 1901 1717 1976; baseline 0.002 -24"><span class='ocrx_word' id='word_1_277' title='bbox 149 1901 234 1952; x_wconf 77' lang='grc' dir='ltr'>ὲπὶ</span> <span class='ocrx_word' id='word_1_278' title='bbox 262 1903 387 1965; x_wconf 76' lang='grc' dir='ltr'>τοὺς</span> <span class='ocrx_word' id='word_1_279' title='bbox 414 1902 555 1972; x_wconf 83' lang='grc' dir='ltr'><strong>μετά</strong></span> <span class='ocrx_word' id='word_1_280' title='bbox 590 1903 690 1974; x_wconf 69' lang='grc' dir='ltr'><strong>την</strong></span> <span class='ocrx_word' id='word_1_281' title='bbox 718 1904 1020 1976; x_wconf 83' lang='grc' dir='ltr'>παρουσίαν</span> <span class='ocrx_word' id='word_1_282' title='bbox 1053 1903 1134 1966; x_wconf 87' lang='grc' dir='ltr'><strong>είς</strong></span> <span class='ocrx_word' id='word_1_283' title='bbox 1163 1902 1296 1956; x_wconf 85' lang='grc' dir='ltr'>Θεὸν</span> <span class='ocrx_word' id='word_1_284' title='bbox 1333 1903 1400 1956; x_wconf 85' lang='grc' dir='ltr'><strong>δι’</strong></span> <span class='ocrx_word' id='word_1_285' title='bbox 1435 1901 1599 1956; x_wconf 86' lang='grc' dir='ltr'>αὐτοῦ</span> <span class='ocrx_word' id='word_1_286' title='bbox 1627 1920 1717 1955; x_wconf 87' lang='grc' dir='ltr'>πι-</span> 
     </span>
    </p>
   </div>
   <div class='ocr_carea' id='block_1_37' title="bbox 149 1991 1717 2067">
    <p class='ocr_par' dir='ltr' id='par_1_37' title="bbox 149 1991 1717 2067">
     <span class='ocr_line' id='line_1_37' title="bbox 149 1991 1717 2067; baseline 0.003 -25"><span class='ocrx_word' id='word_1_287' title='bbox 149 1991 429 2056; x_wconf 85' lang='grc' dir='ltr'>στεύοντας</span> <span class='ocrx_word' id='word_1_288' title='bbox 456 1992 534 2064; x_wconf 88' lang='lat'><strong>(9)</strong></span> <span class='ocrx_word' id='word_1_289' title='bbox 561 2010 575 2024; x_wconf 89' lang='grc'><strong>·</strong></span> <span class='ocrx_word' id='word_1_290' title='bbox 609 1996 657 2048; x_wconf 86' lang='grc' dir='ltr'><strong>εί</strong></span> <span class='ocrx_word' id='word_1_291' title='bbox 709 1994 782 2066; x_wconf 83' lang='grc' dir='ltr'>μὴ</span> <span class='ocrx_word' id='word_1_292' title='bbox 815 1995 923 2067; x_wconf 80' lang='grc' dir='ltr'>ἄρα</span> <span class='ocrx_word' id='word_1_293' title='bbox 953 1997 986 2066; x_wconf 83' lang='grc' dir='ltr'>ἠ</span> <span class='ocrx_word' id='word_1_294' title='bbox 1015 1994 1180 2066; x_wconf 83' lang='grc' dir='ltr'>νοητὴ</span> <span class='ocrx_word' id='word_1_295' title='bbox 1223 1995 1406 2058; x_wconf 79' lang='grc' dir='ltr'>αὐτοῖς</span> <span class='ocrx_word' id='word_1_296' title='bbox 1427 1994 1717 2066; x_wconf 86' lang='grc' dir='ltr'>γεγένηται</span> 
     </span>
    </p>
   </div>
   <div class='ocr_carea' id='block_1_38' title="bbox 150 2085 1719 2158">
    <p class='ocr_par' dir='ltr' id='par_1_38' title="bbox 150 2085 1719 2158">
     <span class='ocr_line' id='line_1_38' title="bbox 150 2085 1719 2158; baseline 0.003 -22"><span class='ocrx_word' id='word_1_297' title='bbox 150 2085 402 2156; x_wconf 73' lang='grc' dir='ltr'>ἐπιδημία</span> <span class='ocrx_word' id='word_1_298' title='bbox 448 2087 718 2158; x_wconf 83' lang='grc' dir='ltr'>Χριστοῦ,</span> <span class='ocrx_word' id='word_1_299' title='bbox 745 2090 838 2142; x_wconf 81' lang='grc' dir='ltr'><strong>καὶ</strong></span> <span class='ocrx_word' id='word_1_300' title='bbox 882 2088 1040 2158; x_wconf 73' lang='grc' dir='ltr'>ἔσχον</span> <span class='ocrx_word' id='word_1_301' title='bbox 1074 2089 1204 2142; x_wconf 85' lang='grc' dir='ltr'>ποτὲ</span> <span class='ocrx_word' id='word_1_302' title='bbox 1243 2087 1613 2151; x_wconf 82' lang='grc' dir='ltr'>τελειωθέντες</span> <span class='ocrx_word' id='word_1_303' title='bbox 1658 2088 1719 2141; x_wconf 88' lang='grc' dir='ltr'><strong>τὸ</strong></span> 
     </span>
    </p>
   </div>
   <div class='ocr_carea' id='block_1_39' title="bbox 149 2175 1715 2253">
    <p class='ocr_par' dir='ltr' id='par_1_39' title="bbox 149 2175 1715 2253">
     <span class='ocr_line' id='line_1_39' title="bbox 149 2175 1715 2253; baseline 0.006 -25"><span class='ocrx_word' id='word_1_304' title='bbox 149 2175 239 2247; x_wconf 84' lang='grc' dir='ltr'>τῆς</span> <span class='ocrx_word' id='word_1_305' title='bbox 264 2177 538 2242; x_wconf 87' lang='grc' dir='ltr'>υἱοθεσίας</span> <span class='ocrx_word' id='word_1_306' title='bbox 566 2179 780 2250; x_wconf 89' lang='grc' dir='ltr'>πνεῦμα</span> <span class='ocrx_word' id='word_1_307' title='bbox 805 2199 819 2210; x_wconf 75' lang='grc'><em>’</em></span> <span class='ocrx_word' id='word_1_308' title='bbox 845 2182 903 2234; x_wconf 80' lang='grc' dir='ltr'><strong>ἐν</strong></span> <span class='ocrx_word' id='word_1_309' title='bbox 929 2181 1225 2253; x_wconf 77' lang='grc' dir='ltr'>ἀπορρήτῳ</span> <span class='ocrx_word' id='word_1_310' title='bbox 1256 2181 1313 2233; x_wconf 84' lang='grc' dir='ltr'><strong>δὲ</strong></span> <span class='ocrx_word' id='word_1_311' title='bbox 1356 2181 1452 2234; x_wconf 67' lang='grc' dir='ltr'><strong>καὶ¹</strong></span> <span class='ocrx_word' id='word_1_312' title='bbox 1483 2181 1543 2234; x_wconf 81' lang='grc' dir='ltr'><strong>οὐ</strong></span> <span class='ocrx_word' id='word_1_313' title='bbox 1573 2198 1715 2250; x_wconf 91' lang='grc' dir='ltr'>γνω-</span> 
     </span>
    </p>
   </div>
   <div class='ocr_carea' id='block_1_40' title="bbox 150 2268 1718 2346">
    <p class='ocr_par' dir='ltr' id='par_1_40' title="bbox 150 2268 1718 2346">
     <span class='ocr_line' id='line_1_40' title="bbox 150 2268 1718 2346; baseline 0.004 -26"><span class='ocrx_word' id='word_1_314' title='bbox 150 2268 282 2332; x_wconf 82' lang='grc' dir='ltr'>στῶς</span> <span class='ocrx_word' id='word_1_315' title='bbox 307 2271 474 2322; x_wconf 79' lang='grc' dir='ltr'>πᾶσιν</span> <span class='ocrx_word' id='word_1_316' title='bbox 515 2270 700 2340; x_wconf 82' lang='grc' dir='ltr'>έλεγον</span> <span class='ocrx_word' id='word_1_317' title='bbox 733 2273 766 2343; x_wconf 85' lang='grc' dir='ltr'>ἢ</span> <span class='ocrx_word' id='word_1_318' title='bbox 796 2272 1032 2346; x_wconf 71' lang='grc' dir='ltr'>ἔγραφον</span> <span class='ocrx_word' id='word_1_319' title='bbox 1056 2273 1146 2327; x_wconf 89' lang='grc' dir='ltr'><strong>τὸν</strong></span> <span class='ocrx_word' id='word_1_320' title='bbox 1175 2273 1307 2327; x_wconf 86' lang='grc' dir='ltr'>Θεὸν</span> <span class='ocrx_word' id='word_1_321' title='bbox 1340 2273 1562 2345; x_wconf 90' lang='grc' dir='ltr'>Πατέρα</span> <span class='ocrx_word' id='word_1_322' title='bbox 1581 2314 1596 2339; x_wconf 95' lang='grc'><strong>,</strong></span> <span class='ocrx_word' id='word_1_323' title='bbox 1632 2274 1718 2328; x_wconf 78' lang='grc' dir='ltr'><strong>ἵνα</strong></span> 
     </span>
    </p>
   </div>
   <div class='ocr_carea' id='block_1_41' title="bbox 155 2359 1720 2437">
    <p class='ocr_par' dir='ltr' id='par_1_41' title="bbox 155 2359 1720 2437">
     <span class='ocr_line' id='line_1_41' title="bbox 155 2359 1720 2437; baseline 0.003 -25"><span class='ocrx_word' id='word_1_324' title='bbox 155 2359 222 2431; x_wconf 82' lang='grc' dir='ltr'>μὴ</span> <span class='ocrx_word' id='word_1_325' title='bbox 260 2362 718 2430; x_wconf 77' lang='grc' dir='ltr'>προκαταλάϐωσι</span> <span class='ocrx_word' id='word_1_326' title='bbox 759 2365 858 2436; x_wconf 82' lang='grc' dir='ltr'><strong>τὴν</strong></span> <span class='ocrx_word' id='word_1_327' title='bbox 909 2365 996 2420; x_wconf 87' lang='grc' dir='ltr'>διὰ</span> <span class='ocrx_word' id='word_1_328' title='bbox 1037 2365 1132 2418; x_wconf 90' lang='grc' dir='ltr'><strong>τοῦ</strong></span> <span class='ocrx_word' id='word_1_329' title='bbox 1179 2363 1352 2437; x_wconf 82' lang='grc' dir='ltr'>Ἰησοῦ</span> <span class='ocrx_word' id='word_1_330' title='bbox 1398 2365 1720 2436; x_wconf 78' lang='grc' dir='ltr'>ἐκκενουμέ-</span> 
     </span>
    </p>
   </div>
   <div class='ocr_carea' id='block_1_42' title="bbox 148 2451 1718 2528">
    <p class='ocr_par' dir='ltr' id='par_1_42' title="bbox 148 2451 1718 2528">
     <span class='ocr_line' id='line_1_42' title="bbox 148 2451 1718 2528; baseline 0.006 -28"><span class='ocrx_word' id='word_1_331' title='bbox 148 2467 240 2520; x_wconf 83' lang='grc' dir='ltr'><strong>νην</strong></span> <span class='ocrx_word' id='word_1_332' title='bbox 266 2451 374 2518; x_wconf 76' lang='grc' dir='ltr'>(ιο)</span> <span class='ocrx_word' id='word_1_333' title='bbox 405 2455 572 2507; x_wconf 82' lang='grc' dir='ltr'>παντὶ</span> <span class='ocrx_word' id='word_1_334' title='bbox 609 2454 688 2526; x_wconf 83' lang='grc' dir='ltr'>τῷ</span> <span class='ocrx_word' id='word_1_335' title='bbox 727 2456 917 2528; x_wconf 89' lang='grc' dir='ltr'>κόσμῳ</span> <span class='ocrx_word' id='word_1_336' title='bbox 959 2457 1148 2528; x_wconf 82' lang='grc' dir='ltr'>χάριν,</span> <span class='ocrx_word' id='word_1_337' title='bbox 1185 2457 1393 2520; x_wconf 83' lang='grc' dir='ltr'>πάντας</span> <span class='ocrx_word' id='word_1_338' title='bbox 1426 2456 1718 2520; x_wconf 83' lang='grc' dir='ltr'>καλοῦντος</span> 
     </span>
    </p>
   </div>
   <div class='ocr_carea' id='block_1_43' title="bbox 150 2541 1715 2619">
    <p class='ocr_par' dir='ltr' id='par_1_43' title="bbox 150 2541 1715 2619">
     <span class='ocr_line' id='line_1_43' title="bbox 150 2541 1715 2619; baseline 0.005 -27"><span class='ocrx_word' id='word_1_339' title='bbox 150 2541 234 2593; x_wconf 78' lang='grc' dir='ltr'><strong>ἐπὶ</strong></span> <span class='ocrx_word' id='word_1_340' title='bbox 262 2541 356 2614; x_wconf 83' lang='grc' dir='ltr'>τὴν</span> <span class='ocrx_word' id='word_1_341' title='bbox 385 2543 682 2610; x_wconf 80' lang='grc' dir='ltr'>υἱοθεσίαν,</span> <span class='ocrx_word' id='word_1_342' title='bbox 713 2547 798 2600; x_wconf 85' lang='grc' dir='ltr'><strong>ἵνα</strong></span> <span class='ocrx_word' id='word_1_343' title='bbox 828 2547 1153 2619; x_wconf 85' lang='grc' dir='ltr'>διηγήσηται</span> <span class='ocrx_word' id='word_1_344' title='bbox 1181 2547 1242 2600; x_wconf 93' lang='grc' dir='ltr'><strong>τὸ</strong></span> <span class='ocrx_word' id='word_1_345' title='bbox 1273 2547 1442 2617; x_wconf 84' lang='grc' dir='ltr'>ὄνομα</span> <span class='ocrx_word' id='word_1_346' title='bbox 1463 2546 1558 2600; x_wconf 90' lang='grc' dir='ltr'><strong>τοῦ</strong></span> <span class='ocrx_word' id='word_1_347' title='bbox 1581 2546 1715 2600; x_wconf 92' lang='grc' dir='ltr'>Θεοῦ</span> 
     </span>
    </p>
   </div>
   <div class='ocr_carea' id='block_1_44' title="bbox 149 2633 1716 2712">
    <p class='ocr_par' dir='ltr' id='par_1_44' title="bbox 149 2633 1716 2712">
     <span class='ocr_line' id='line_1_44' title="bbox 149 2633 1716 2712; baseline 0.008 -30"><span class='ocrx_word' id='word_1_348' title='bbox 149 2635 251 2694; x_wconf 80' lang='grc' dir='ltr'>τοῖς</span> <span class='ocrx_word' id='word_1_349' title='bbox 278 2633 528 2704; x_wconf 84' lang='grc' dir='ltr'>ἀδελφοῖς</span> <span class='ocrx_word' id='word_1_350' title='bbox 548 2637 735 2701; x_wconf 77' lang='grc' dir='ltr'>αὐτοῦ,</span> <span class='ocrx_word' id='word_1_351' title='bbox 763 2640 858 2692; x_wconf 56' lang='grc' dir='ltr'><strong>καὶ⁵</strong></span> <span class='ocrx_word' id='word_1_352' title='bbox 878 2640 936 2692; x_wconf 84' lang='grc' dir='ltr'><strong>ὲν</strong></span> <span class='ocrx_word' id='word_1_353' title='bbox 973 2640 1123 2710; x_wconf 84' lang='grc' dir='ltr'>μέσῳ</span> <span class='ocrx_word' id='word_1_354' title='bbox 1152 2639 1473 2710; x_wconf 85' lang='grc' dir='ltr'>Ἐκκλησίας</span> <span class='ocrx_word' id='word_1_355' title='bbox 1501 2641 1716 2712; x_wconf 77' lang='grc' dir='ltr'>ὑμνῄσῃ</span> 
     </span>
    </p>
   </div>
   <div class='ocr_carea' id='block_1_45' title="bbox 152 2720 1717 2801">
    <p class='ocr_par' dir='ltr' id='par_1_45' title="bbox 152 2720 1717 2801">
     <span class='ocr_line' id='line_1_45' title="bbox 152 2720 1717 2801; baseline 0.005 -27"><span class='ocrx_word' id='word_1_356' title='bbox 152 2720 233 2775; x_wconf 86' lang='grc' dir='ltr'><strong>τὸν</strong></span> <span class='ocrx_word' id='word_1_357' title='bbox 262 2724 477 2796; x_wconf 82' lang='grc' dir='ltr'>Πατέρα</span> <span class='ocrx_word' id='word_1_358' title='bbox 512 2726 653 2780; x_wconf 88' lang='grc' dir='ltr'><strong>κατά</strong></span> <span class='ocrx_word' id='word_1_359' title='bbox 677 2729 739 2781; x_wconf 88' lang='grc' dir='ltr'><strong>τὸ</strong></span> <span class='ocrx_word' id='word_1_360' title='bbox 771 2729 1153 2800; x_wconf 82' lang='grc' dir='ltr'>γεγραμμένον</span> <span class='ocrx_word' id='word_1_361' title='bbox 1172 2746 1186 2758; x_wconf 90' lang='grc'><strong>·</strong></span> <span class='ocrx_word' id='word_1_362' title='bbox 1229 2745 1247 2780; x_wconf 81' lang='grc' dir='ltr'><strong>ι</strong></span> <span class='ocrx_word' id='word_1_363' title='bbox 1287 2731 1628 2801; x_wconf 83' lang='grc' dir='ltr'>Διηγήσομαι</span> <span class='ocrx_word' id='word_1_364' title='bbox 1655 2729 1717 2782; x_wconf 89' lang='grc' dir='ltr'><strong>τὸ</strong></span> 
     </span>
    </p>
   </div>
   <div class='ocr_carea' id='block_1_46' title="bbox 151 2814 1716 2892">
    <p class='ocr_par' dir='ltr' id='par_1_46' title="bbox 151 2814 1716 2892">
     <span class='ocr_line' id='line_1_46' title="bbox 151 2814 1716 2892; baseline 0.005 -26"><span class='ocrx_word' id='word_1_365' title='bbox 151 2814 308 2885; x_wconf 78' lang='grc' dir='ltr'>ὄνομά</span> <span class='ocrx_word' id='word_1_366' title='bbox 349 2834 442 2870; x_wconf 87' lang='grc' dir='ltr'><strong>σου</strong></span> <span class='ocrx_word' id='word_1_367' title='bbox 487 2821 604 2882; x_wconf 90' lang='grc' dir='ltr'>τοῖς</span> <span class='ocrx_word' id='word_1_368' title='bbox 649 2819 895 2889; x_wconf 80' lang='grc' dir='ltr'>ἀδελφοῖς</span> <span class='ocrx_word' id='word_1_369' title='bbox 941 2837 1063 2892; x_wconf 89' lang='grc' dir='ltr'>μου,</span> <span class='ocrx_word' id='word_1_370' title='bbox 1114 2822 1173 2875; x_wconf 87' lang='grc' dir='ltr'><strong>ὲν</strong></span> <span class='ocrx_word' id='word_1_371' title='bbox 1209 2819 1358 2892; x_wconf 86' lang='grc' dir='ltr'>μέσῳ</span> <span class='ocrx_word' id='word_1_372' title='bbox 1397 2820 1716 2892; x_wconf 79' lang='grc' dir='ltr'>Ἐκκλησίας</span> 
     </span>
    </p>
   </div>
   <div class='ocr_carea' id='block_1_47' title="bbox 153 2905 1716 2983">
    <p class='ocr_par' dir='ltr' id='par_1_47' title="bbox 153 2905 1716 2983">
     <span class='ocr_line' id='line_1_47' title="bbox 153 2905 1716 2983; baseline 0.006 -26"><span class='ocrx_word' id='word_1_373' title='bbox 153 2905 365 2980; x_wconf 78' lang='grc' dir='ltr'>ὑμνήσω</span> <span class='ocrx_word' id='word_1_374' title='bbox 393 2928 471 2964; x_wconf 90' lang='grc' dir='ltr'>σε.</span> <span class='ocrx_word' id='word_1_375' title='bbox 517 2931 536 2964; x_wconf 74' lang='grc' dir='ltr'><strong>ι</strong></span> <span class='ocrx_word' id='word_1_376' title='bbox 577 2911 696 2966; x_wconf 79' lang='grc' dir='ltr'>Ὀτι</span> <span class='ocrx_word' id='word_1_377' title='bbox 728 2912 909 2983; x_wconf 85' lang='grc' dir='ltr'>μέντοι</span> <span class='ocrx_word' id='word_1_378' title='bbox 950 2930 1013 2982; x_wconf 88' lang='grc' dir='ltr'>γε</span> <span class='ocrx_word' id='word_1_379' title='bbox 1047 2916 1076 2967; x_wconf 93' lang='lat'><strong>6</strong></span> <span class='ocrx_word' id='word_1_380' title='bbox 1118 2914 1276 2977; x_wconf 82' lang='grc' dir='ltr'>αὐτός</span> <span class='ocrx_word' id='word_1_381' title='bbox 1311 2915 1426 2966; x_wconf 79' lang='grc' dir='ltr'>ἐστι</span> <span class='ocrx_word' id='word_1_382' title='bbox 1455 2914 1588 2976; x_wconf 85' lang='grc' dir='ltr'>Θεὸς</span> <span class='ocrx_word' id='word_1_383' title='bbox 1609 2913 1716 2966; x_wconf 86' lang='grc' dir='ltr'><strong>τῶν</strong></span> 
     </span>
    </p>
   </div>
   <div class='ocr_carea' id='block_1_48' title="bbox 155 3003 1716 3078">
    <p class='ocr_par' dir='ltr' id='par_1_48' title="bbox 155 3003 1716 3078">
     <span class='ocr_line' id='line_1_48' title="bbox 155 3003 1716 3078; baseline 0.005 -28"><span class='ocrx_word' id='word_1_384' title='bbox 155 3005 433 3072; x_wconf 78' lang='grc' dir='ltr'>προφητῶν</span> <span class='ocrx_word' id='word_1_385' title='bbox 453 3042 467 3068; x_wconf 91' lang='grc'><strong>,</strong></span> <span class='ocrx_word' id='word_1_386' title='bbox 509 3005 605 3058; x_wconf 79' lang='grc' dir='ltr'><strong>καὶ</strong></span> <span class='ocrx_word' id='word_1_387' title='bbox 639 3004 734 3058; x_wconf 92' lang='grc' dir='ltr'><strong>τοῦ</strong></span> <span class='ocrx_word' id='word_1_388' title='bbox 766 3005 970 3076; x_wconf 90' lang='grc' dir='ltr'>κόσμου</span> <span class='ocrx_word' id='word_1_389' title='bbox 994 3005 1325 3078; x_wconf 86' lang='grc' dir='ltr'>δημιουργὸς</span> <span class='ocrx_word' id='word_1_390' title='bbox 1348 3045 1362 3071; x_wconf 95' lang='grc'><strong>,</strong></span> <span class='ocrx_word' id='word_1_391' title='bbox 1393 3003 1716 3076; x_wconf 84' lang='grc' dir='ltr'>πολλαχόθεν</span> 
     </span>
    </p>
   </div>
   <div class='ocr_carea' id='block_1_49' title="bbox 1821 1899 3386 1970">
    <p class='ocr_par' dir='ltr' id='par_1_49' title="bbox 1821 1899 3386 1970">
     <span class='ocr_line' id='line_1_49' title="bbox 1821 1899 3386 1970; baseline 0.003 -17"><span class='ocrx_word' id='word_1_392' title='bbox 1821 1903 1940 1955; x_wconf 90' lang='lat' dir='ltr'><strong>dem</strong></span> <span class='ocrx_word' id='word_1_393' title='bbox 1981 1901 2322 1970; x_wconf 87' lang='lat' dir='ltr'><strong>precationes</strong></span> <span class='ocrx_word' id='word_1_394' title='bbox 2347 1900 2454 1954; x_wconf 93' lang='lat' dir='ltr'><strong>Deo</strong></span> <span class='ocrx_word' id='word_1_395' title='bbox 2480 1899 2769 1956; x_wconf 82' lang='lat' dir='ltr'><strong>fundentes</strong></span> <span class='ocrx_word' id='word_1_396' title='bbox 2797 1917 2901 1956; x_wconf 89' lang='lat' dir='ltr'><strong>non</strong></span> <span class='ocrx_word' id='word_1_397' title='bbox 2932 1903 3144 1968; x_wconf 85' lang='lat' dir='ltr'><strong>dicunt,</strong></span> <span class='ocrx_word' id='word_1_398' title='bbox 3179 1901 3386 1957; x_wconf 79' lang='lat' dir='ltr'><strong>Pater:</strong></span> 
     </span>
    </p>
   </div>
   <div class='ocr_carea' id='block_1_50' title="bbox 1821 1990 3384 2061">
    <p class='ocr_par' dir='ltr' id='par_1_50' title="bbox 1821 1990 3384 2061">
     <span class='ocr_line' id='line_1_50' title="bbox 1821 1990 3384 2061; baseline 0.001 -16"><span class='ocrx_word' id='word_1_399' title='bbox 1821 1990 2089 2057; x_wconf 76' lang='lat' dir='ltr'><strong>fortassis,</strong></span> <span class='ocrx_word' id='word_1_400' title='bbox 2137 1992 2392 2061; x_wconf 88' lang='lat' dir='ltr'><strong>quoniam</strong></span> <span class='ocrx_word' id='word_1_401' title='bbox 2441 2007 2546 2046; x_wconf 87' lang='lat' dir='ltr'><strong>non</strong></span> <span class='ocrx_word' id='word_1_402' title='bbox 2581 2002 2920 2060; x_wconf 86' lang='lat' dir='ltr'><strong>agnoverunt</strong></span> <span class='ocrx_word' id='word_1_403' title='bbox 2962 1993 3218 2049; x_wconf 87' lang='lat' dir='ltr'><strong>Patrem:</strong></span> <span class='ocrx_word' id='word_1_404' title='bbox 3255 1993 3384 2048; x_wconf 81' lang='lat' dir='ltr'><strong>fun-</strong></span> 
     </span>
    </p>
   </div>
   <div class='ocr_carea' id='block_1_51' title="bbox 1819 2083 3384 2153">
    <p class='ocr_par' dir='ltr' id='par_1_51' title="bbox 1819 2083 3384 2153">
     <span class='ocr_line' id='line_1_51' title="bbox 1819 2083 3384 2153; baseline 0.001 -14"><span class='ocrx_word' id='word_1_405' title='bbox 1819 2085 1954 2139; x_wconf 89' lang='lat' dir='ltr'><strong>dunt</strong></span> <span class='ocrx_word' id='word_1_406' title='bbox 1980 2094 2158 2140; x_wconf 88' lang='lat' dir='ltr'><strong>autem</strong></span> <span class='ocrx_word' id='word_1_407' title='bbox 2191 2085 2263 2138; x_wconf 91' lang='lat' dir='ltr'><strong>illi</strong></span> <span class='ocrx_word' id='word_1_408' title='bbox 2295 2099 2486 2153; x_wconf 88' lang='lat' dir='ltr'><strong>preces</strong></span> <span class='ocrx_word' id='word_1_409' title='bbox 2523 2084 2690 2138; x_wconf 88' lang='lat' dir='ltr'><strong>veluti</strong></span> <span class='ocrx_word' id='word_1_410' title='bbox 2740 2083 2876 2151; x_wconf 89' lang='lat' dir='ltr'><strong>Deo,</strong></span> <span class='ocrx_word' id='word_1_411' title='bbox 2920 2094 2975 2138; x_wconf 88' lang='lat' dir='ltr'><strong>et</strong></span> <span class='ocrx_word' id='word_1_412' title='bbox 3005 2086 3258 2150; x_wconf 86' lang='lat' dir='ltr'><strong>Domino.</strong></span> <span class='ocrx_word' id='word_1_413' title='bbox 3283 2100 3384 2140; x_wconf 77' lang='lat' dir='ltr'><strong>ex-</strong></span> 
     </span>
    </p>
   </div>
   <div class='ocr_carea' id='block_1_52' title="bbox 1817 2175 3383 2248">
    <p class='ocr_par' dir='ltr' id='par_1_52' title="bbox 1817 2175 3383 2248">
     <span class='ocr_line' id='line_1_52' title="bbox 1817 2175 3383 2248; baseline 0.002 -16"><span class='ocrx_word' id='word_1_414' title='bbox 1817 2186 2123 2248; x_wconf 84' lang='lat' dir='ltr'><strong>spectantes</strong></span> <span class='ocrx_word' id='word_1_415' title='bbox 2148 2192 2294 2240; x_wconf 89' lang='lat' dir='ltr'><strong>emn,</strong></span> <span class='ocrx_word' id='word_1_416' title='bbox 2325 2175 2414 2245; x_wconf 85' lang='lat' dir='ltr'><strong>qui</strong></span> <span class='ocrx_word' id='word_1_417' title='bbox 2463 2175 2652 2231; x_wconf 80' lang='lat' dir='ltr'><strong>eﬂ‘udit</strong></span> <span class='ocrx_word' id='word_1_418' title='bbox 2686 2175 2940 2242; x_wconf 87' lang='lat' dir='ltr'><strong>spiritum</strong></span> <span class='ocrx_word' id='word_1_419' title='bbox 2966 2176 3273 2246; x_wconf 80' lang='lat' dir='ltr'><strong>adoptionis</strong></span> <span class='ocrx_word' id='word_1_420' title='bbox 3313 2181 3383 2236; x_wconf 85' lang='lat' dir='ltr'><strong>ﬁ-</strong></span> 
     </span>
    </p>
   </div>
   <div class='ocr_carea' id='block_1_53' title="bbox 1819 2265 3384 2338">
    <p class='ocr_par' dir='ltr' id='par_1_53' title="bbox 1819 2265 3384 2338">
     <span class='ocr_line' id='line_1_53' title="bbox 1819 2265 3384 2338; baseline 0.001 -14"><span class='ocrx_word' id='word_1_421' title='bbox 1819 2269 2015 2324; x_wconf 91' lang='lat' dir='ltr'><strong>liorum</strong></span> <span class='ocrx_word' id='word_1_422' title='bbox 2046 2267 2116 2332; x_wconf 73' lang='lat'><strong>“,</strong></span> <span class='ocrx_word' id='word_1_423' title='bbox 2147 2281 2252 2322; x_wconf 87' lang='lat' dir='ltr'><strong>non</strong></span> <span class='ocrx_word' id='word_1_424' title='bbox 2289 2269 2466 2321; x_wconf 90' lang='lat' dir='ltr'><strong>minus</strong></span> <span class='ocrx_word' id='word_1_425' title='bbox 2504 2281 2670 2329; x_wconf 85' lang='lat' dir='ltr'><strong>super</strong></span> <span class='ocrx_word' id='word_1_426' title='bbox 2724 2265 2846 2321; x_wconf 89' lang='lat' dir='ltr'><strong>illos</strong></span> <span class='ocrx_word' id='word_1_427' title='bbox 2878 2280 3040 2336; x_wconf 89' lang='lat' dir='ltr'><strong>quam</strong></span> <span class='ocrx_word' id='word_1_428' title='bbox 3073 2284 3236 2338; x_wconf 87' lang='lat' dir='ltr'><strong>super</strong></span> <span class='ocrx_word' id='word_1_429' title='bbox 3259 2285 3384 2326; x_wconf 67' lang='grc' dir='ltr'>(ιι-ου</span> 
     </span>
    </p>
   </div>
   <div class='ocr_carea' id='block_1_54' title="bbox 1819 2357 3381 2430">
    <p class='ocr_par' dir='ltr' id='par_1_54' title="bbox 1819 2357 3381 2430">
     <span class='ocr_line' id='line_1_54' title="bbox 1819 2357 3381 2430; baseline 0 -15"><span class='ocrx_word' id='word_1_430' title='bbox 1819 2362 2010 2416; x_wconf 86' lang='lat' dir='ltr'><strong>dentes</strong></span> <span class='ocrx_word' id='word_1_431' title='bbox 2043 2374 2140 2430; x_wconf 92' lang='lat' dir='ltr'><strong>per</strong></span> <span class='ocrx_word' id='word_1_432' title='bbox 2177 2375 2300 2414; x_wconf 91' lang='lat' dir='ltr'><strong>eum</strong></span> <span class='ocrx_word' id='word_1_433' title='bbox 2355 2359 2409 2412; x_wconf 92' lang='lat' dir='ltr'><strong>in</strong></span> <span class='ocrx_word' id='word_1_434' title='bbox 2447 2357 2641 2423; x_wconf 88' lang='lat' dir='ltr'><strong>Deum,</strong></span> <span class='ocrx_word' id='word_1_435' title='bbox 2673 2367 2794 2426; x_wconf 76' lang='lat' dir='ltr'><strong>post</strong></span> <span class='ocrx_word' id='word_1_436' title='bbox 2840 2358 3010 2427; x_wconf 89' lang='lat' dir='ltr'><strong>ipsius</strong></span> <span class='ocrx_word' id='word_1_437' title='bbox 3047 2359 3381 2416; x_wconf 88' lang='lat' dir='ltr'><strong>adventum:</strong></span> 
     </span>
    </p>
   </div>
   <div class='ocr_carea' id='block_1_55' title="bbox 1818 2449 3384 2521">
    <p class='ocr_par' dir='ltr' id='par_1_55' title="bbox 1818 2449 3384 2521">
     <span class='ocr_line' id='line_1_55' title="bbox 1818 2449 3384 2521; baseline 0.002 -17"><span class='ocrx_word' id='word_1_438' title='bbox 1818 2451 1922 2504; x_wconf 88' lang='lat' dir='ltr'><strong>nisi</strong></span> <span class='ocrx_word' id='word_1_439' title='bbox 1954 2450 2095 2506; x_wconf 77' lang='lat' dir='ltr'><strong>forte</strong></span> <span class='ocrx_word' id='word_1_440' title='bbox 2139 2449 2530 2518; x_wconf 88' lang='lat' dir='ltr'><strong>intelligibilem</strong></span> <span class='ocrx_word' id='word_1_441' title='bbox 2559 2451 2849 2504; x_wconf 88' lang='lat' dir='ltr'><strong>adventum</strong></span> <span class='ocrx_word' id='word_1_442' title='bbox 2894 2449 3096 2506; x_wconf 90' lang='lat' dir='ltr'><strong>Christi</strong></span> <span class='ocrx_word' id='word_1_443' title='bbox 3133 2451 3232 2521; x_wconf 82' lang='lat' dir='ltr'><strong>ipsi</strong></span> <span class='ocrx_word' id='word_1_444' title='bbox 3282 2453 3384 2507; x_wconf 87' lang='lat' dir='ltr'><strong>ha-</strong></span> 
     </span>
    </p>
   </div>
   <div class='ocr_carea' id='block_1_56' title="bbox 1817 2540 3387 2612">
    <p class='ocr_par' dir='ltr' id='par_1_56' title="bbox 1817 2540 3387 2612">
     <span class='ocr_line' id='line_1_56' title="bbox 1817 2540 3387 2612; baseline 0.003 -16"><span class='ocrx_word' id='word_1_445' title='bbox 1817 2543 2070 2604; x_wconf 85' lang='lat' dir='ltr'><strong>buerunt,</strong></span> <span class='ocrx_word' id='word_1_446' title='bbox 2099 2541 2337 2610; x_wconf 79' lang='lat' dir='ltr'><strong>factique</strong></span> <span class='ocrx_word' id='word_1_447' title='bbox 2360 2540 2583 2610; x_wconf 84' lang='lat' dir='ltr'><strong>perfecti</strong></span> <span class='ocrx_word' id='word_1_448' title='bbox 2611 2541 2918 2596; x_wconf 86' lang='lat' dir='ltr'><strong>habuerunt</strong></span> <span class='ocrx_word' id='word_1_449' title='bbox 2940 2542 3233 2612; x_wconf 89' lang='lat' dir='ltr'><strong>aliquando</strong></span> <span class='ocrx_word' id='word_1_450' title='bbox 3254 2545 3387 2600; x_wconf 82' lang='lat' dir='ltr'><strong>ado-</strong></span> 
     </span>
    </p>
   </div>
   <div class='ocr_carea' id='block_1_57' title="bbox 1818 2631 3384 2702">
    <p class='ocr_par' dir='ltr' id='par_1_57' title="bbox 1818 2631 3384 2702">
     <span class='ocr_line' id='line_1_57' title="bbox 1818 2631 3384 2702; baseline 0.004 -16"><span class='ocrx_word' id='word_1_451' title='bbox 1818 2633 2014 2702; x_wconf 88' lang='lat' dir='ltr'><strong>ptionis</strong></span> <span class='ocrx_word' id='word_1_452' title='bbox 2062 2634 2356 2702; x_wconf 91' lang='lat' dir='ltr'><strong>spiritum:</strong></span> <span class='ocrx_word' id='word_1_453' title='bbox 2394 2631 2530 2686; x_wconf 87' lang='lat' dir='ltr'><strong>clam</strong></span> <span class='ocrx_word' id='word_1_454' title='bbox 2577 2642 2782 2699; x_wconf 91' lang='lat' dir='ltr'><strong>autem,</strong></span> <span class='ocrx_word' id='word_1_455' title='bbox 2831 2643 2888 2688; x_wconf 89' lang='lat' dir='ltr'><strong>et</strong></span> <span class='ocrx_word' id='word_1_456' title='bbox 2939 2649 3044 2688; x_wconf 91' lang='lat' dir='ltr'><strong>non</strong></span> <span class='ocrx_word' id='word_1_457' title='bbox 3099 2638 3384 2694; x_wconf 80' lang='lat' dir='ltr'><strong>manifeste</strong></span> 
     </span>
    </p>
   </div>
   <div class='ocr_carea' id='block_1_58' title="bbox 1818 2721 3380 2794">
    <p class='ocr_par' dir='ltr' id='par_1_58' title="bbox 1818 2721 3380 2794">
     <span class='ocr_line' id='line_1_58' title="bbox 1818 2721 3380 2794; baseline 0.003 -16"><span class='ocrx_word' id='word_1_458' title='bbox 1818 2724 2072 2779; x_wconf 90' lang='lat' dir='ltr'><strong>omnibus</strong></span> <span class='ocrx_word' id='word_1_459' title='bbox 2101 2724 2352 2779; x_wconf 85' lang='lat' dir='ltr'><strong>dicebant</strong></span> <span class='ocrx_word' id='word_1_460' title='bbox 2381 2723 2464 2778; x_wconf 88' lang='lat' dir='ltr'><strong>vel</strong></span> <span class='ocrx_word' id='word_1_461' title='bbox 2493 2722 2806 2778; x_wconf 85' lang='lat' dir='ltr'><strong>scribebant</strong></span> <span class='ocrx_word' id='word_1_462' title='bbox 2852 2721 3043 2789; x_wconf 91' lang='lat' dir='ltr'><strong>Deum,</strong></span> <span class='ocrx_word' id='word_1_463' title='bbox 3065 2734 3121 2779; x_wconf 90' lang='lat' dir='ltr'><strong>et</strong></span> <span class='ocrx_word' id='word_1_464' title='bbox 3142 2725 3380 2794; x_wconf 84' lang='lat' dir='ltr'><strong>Patrem,</strong></span> 
     </span>
    </p>
   </div>
   <div class='ocr_carea' id='block_1_59' title="bbox 1815 2818 3383 2890">
    <p class='ocr_par' dir='ltr' id='par_1_59' title="bbox 1815 2818 3383 2890">
     <span class='ocr_line' id='line_1_59' title="bbox 1815 2818 3383 2890; baseline 0.004 -18"><span class='ocrx_word' id='word_1_465' title='bbox 1815 2833 1886 2873; x_wconf 92' lang='lat' dir='ltr'><strong>ne</strong></span> <span class='ocrx_word' id='word_1_466' title='bbox 1936 2827 2379 2888; x_wconf 70' lang='lat' dir='ltr'><strong>praeoccuparem</strong></span> <span class='ocrx_word' id='word_1_467' title='bbox 2425 2819 2655 2888; x_wconf 88' lang='lat' dir='ltr'><strong>gratiam</strong></span> <span class='ocrx_word' id='word_1_468' title='bbox 2694 2821 2788 2873; x_wconf 93' lang='lat' dir='ltr'><strong>toti</strong></span> <span class='ocrx_word' id='word_1_469' title='bbox 2845 2819 3046 2874; x_wconf 90' lang='lat' dir='ltr'><strong>mundo</strong></span> <span class='ocrx_word' id='word_1_470' title='bbox 3071 2835 3168 2890; x_wconf 91' lang='lat' dir='ltr'><strong>per</strong></span> <span class='ocrx_word' id='word_1_471' title='bbox 3195 2818 3383 2878; x_wconf 68' lang='lat' dir='ltr'><strong>Iesum</strong></span> 
     </span>
    </p>
   </div>
   <div class='ocr_carea' id='block_1_60' title="bbox 1817 2910 3385 2982">
    <p class='ocr_par' dir='ltr' id='par_1_60' title="bbox 1817 2910 3385 2982">
     <span class='ocr_line' id='line_1_60' title="bbox 1817 2910 3385 2982; baseline 0.001 -17"><span class='ocrx_word' id='word_1_472' title='bbox 1817 2910 2061 2976; x_wconf 77' lang='lat' dir='ltr'><strong>eﬂusam,</strong></span> <span class='ocrx_word' id='word_1_473' title='bbox 2091 2910 2186 2981; x_wconf 91' lang='lat' dir='ltr'><strong>qui</strong></span> <span class='ocrx_word' id='word_1_474' title='bbox 2223 2925 2415 2966; x_wconf 90' lang='lat' dir='ltr'><strong>omnes</strong></span> <span class='ocrx_word' id='word_1_475' title='bbox 2446 2911 2682 2966; x_wconf 88' lang='lat' dir='ltr'><strong>vocabat</strong></span> <span class='ocrx_word' id='word_1_476' title='bbox 2738 2910 2804 2966; x_wconf 81' lang='lat' dir='ltr'><strong>ad</strong></span> <span class='ocrx_word' id='word_1_477' title='bbox 2859 2911 3092 2966; x_wconf 84' lang='lat' dir='ltr'><strong>ﬁliorum</strong></span> <span class='ocrx_word' id='word_1_478' title='bbox 3133 2912 3385 2982; x_wconf 76' lang='lat' dir='ltr'><strong>adoptio-</strong></span> 
     </span>
    </p>
   </div>
   <div class='ocr_carea' id='block_1_61' title="bbox 1818 3003 3385 3070">
    <p class='ocr_par' dir='ltr' id='par_1_61' title="bbox 1818 3003 3385 3070">
     <span class='ocr_line' id='line_1_61' title="bbox 1818 3003 3385 3070; baseline 0 -12"><span class='ocrx_word' id='word_1_479' title='bbox 1818 3017 1961 3069; x_wconf 85' lang='lat' dir='ltr'><strong>nem,</strong></span> <span class='ocrx_word' id='word_1_480' title='bbox 1997 3014 2054 3058; x_wconf 94' lang='lat' dir='ltr'><strong>ut</strong></span> <span class='ocrx_word' id='word_1_481' title='bbox 2083 3014 2370 3058; x_wconf 87' lang='lat' dir='ltr'><strong>enarraret</strong></span> <span class='ocrx_word' id='word_1_482' title='bbox 2419 3004 2510 3059; x_wconf 92' lang='lat' dir='ltr'><strong>Dei</strong></span> <span class='ocrx_word' id='word_1_483' title='bbox 2553 3021 2754 3060; x_wconf 88' lang='lat' dir='ltr'><strong>nomen</strong></span> <span class='ocrx_word' id='word_1_484' title='bbox 2789 3003 3049 3058; x_wconf 80' lang='lat' dir='ltr'><strong>fratribus</strong></span> <span class='ocrx_word' id='word_1_485' title='bbox 3089 3006 3232 3070; x_wconf 85' lang='lat' dir='ltr'><strong>suis,</strong></span> <span class='ocrx_word' id='word_1_486' title='bbox 3277 3004 3385 3059; x_wconf 77' lang='lat' dir='ltr'><strong>Pa-</strong></span> 
     </span>
    </p>
   </div>
   <div class='ocr_carea' id='block_1_62' title="bbox 155 3090 1706 3191">
    <p class='ocr_par' dir='ltr' id='par_1_62' title="bbox 155 3090 1706 3169">
     <span class='ocr_line' id='line_1_62' title="bbox 155 3090 1706 3169; baseline 0.004 -26"><span class='ocrx_word' id='word_1_487' title='bbox 155 3090 245 3159; x_wconf 79' lang='grc' dir='ltr'><strong>μὲν</strong></span> <span class='ocrx_word' id='word_1_488' title='bbox 269 3091 380 3147; x_wconf 73' lang='grc' dir='ltr'>ἐστι</span> <span class='ocrx_word' id='word_1_489' title='bbox 406 3093 725 3168; x_wconf 83' lang='grc' dir='ltr'>θεωρῆσαι·</span> <span class='ocrx_word' id='word_1_490' title='bbox 761 3097 922 3169; x_wconf 70' lang='grc' dir='ltr'>ἀργεῖ</span> <span class='ocrx_word' id='word_1_491' title='bbox 944 3096 1002 3150; x_wconf 85' lang='grc' dir='ltr'><strong>δὲ</strong></span> <span class='ocrx_word' id='word_1_492' title='bbox 1036 3096 1132 3149; x_wconf 73' lang='grc' dir='ltr'><strong>ἐπὶ</strong></span> <span class='ocrx_word' id='word_1_493' title='bbox 1170 3095 1264 3150; x_wconf 91' lang='grc' dir='ltr'><strong>τοῦ</strong></span> <span class='ocrx_word' id='word_1_494' title='bbox 1298 3097 1562 3167; x_wconf 83' lang='grc' dir='ltr'>παρόντος</span> <span class='ocrx_word' id='word_1_495' title='bbox 1585 3095 1706 3149; x_wconf 88' lang='grc' dir='ltr'>θεω-</span> 
     </span>
    </p>
   </div>
   <div class='ocr_carea' id='block_1_63' title="bbox 1864 3090 3387 3191">
    <p class='ocr_par' dir='ltr' id='par_1_63' title="bbox 1864 3094 3387 3165">
     <span class='ocr_line' id='line_1_63' title="bbox 1864 3094 3387 3165; baseline 0.002 -16"><span class='ocrx_word' id='word_1_496' title='bbox 1864 3109 2064 3163; x_wconf 77' lang='lat' dir='ltr'><strong>&#39;emque</strong></span> <span class='ocrx_word' id='word_1_497' title='bbox 2083 3094 2136 3148; x_wconf 91' lang='lat' dir='ltr'><strong>in</strong></span> <span class='ocrx_word' id='word_1_498' title='bbox 2162 3094 2420 3150; x_wconf 85' lang='lat' dir='ltr'><strong>Ecclesiae</strong></span> <span class='ocrx_word' id='word_1_499' title='bbox 2447 3097 2624 3152; x_wconf 90' lang='lat' dir='ltr'><strong>medio</strong></span> <span class='ocrx_word' id='word_1_500' title='bbox 2641 3097 2908 3156; x_wconf 85' lang='lat' dir='ltr'><strong>laudaret,</strong></span> <span class='ocrx_word' id='word_1_501' title='bbox 2925 3095 3220 3150; x_wconf 88' lang='lat' dir='ltr'><strong>secundum</strong></span> <span class='ocrx_word' id='word_1_502' title='bbox 3243 3096 3387 3165; x_wconf 86' lang='lat' dir='ltr'><strong>quod</strong></span> 
     </span>
    </p>
   </div>
   <div class='ocr_carea' id='block_1_64' title="bbox 155 3183 1716 3262">
    <p class='ocr_par' dir='ltr' id='par_1_64' title="bbox 155 3183 1716 3262">
     <span class='ocr_line' id='line_1_64' title="bbox 155 3183 1716 3262; baseline 0.003 -24"><span class='ocrx_word' id='word_1_503' title='bbox 155 3183 302 3252; x_wconf 82' lang='grc' dir='ltr'>ρῆσαι</span> <span class='ocrx_word' id='word_1_504' title='bbox 328 3187 425 3259; x_wconf 76' lang='grc' dir='ltr'>τήν</span> <span class='ocrx_word' id='word_1_505' title='bbox 459 3205 524 3240; x_wconf 89' lang='grc' dir='ltr'><strong>τε</strong></span> <span class='ocrx_word' id='word_1_506' title='bbox 561 3188 832 3258; x_wconf 76' lang='grc' dir='ltr'>Στεφάνου</span> <span class='ocrx_word' id='word_1_507' title='bbox 870 3191 978 3244; x_wconf 88' lang='grc' dir='ltr'><strong>ἀπὸ</strong></span> <span class='ocrx_word' id='word_1_508' title='bbox 1015 3191 1122 3244; x_wconf 92' lang='grc' dir='ltr'><strong>τῶν</strong></span> <span class='ocrx_word' id='word_1_509' title='bbox 1157 3189 1416 3262; x_wconf 79' lang='grc' dir='ltr'>Πράξεων</span> <span class='ocrx_word' id='word_1_510' title='bbox 1451 3190 1586 3262; x_wconf 90' lang='grc' dir='ltr'>πρὸς</span> <span class='ocrx_word' id='word_1_511' title='bbox 1625 3189 1716 3244; x_wconf 91' lang='grc' dir='ltr'><strong>τὸν</strong></span> 
     </span>
    </p>
   </div>
   <div class='ocr_carea' id='block_1_65' title="bbox 156 3272 1719 3354">
    <p class='ocr_par' dir='ltr' id='par_1_65' title="bbox 156 3272 1719 3354">
     <span class='ocr_line' id='line_1_65' title="bbox 156 3272 1719 3354; baseline 0.014 -27"><span class='ocrx_word' id='word_1_512' title='bbox 156 3272 270 3330; x_wconf 83' lang='grc' dir='ltr'>λαὸν</span> <span class='ocrx_word' id='word_1_513' title='bbox 306 3278 670 3350; x_wconf 84' lang='grc' dir='ltr'>δημηγορίαν,</span> <span class='ocrx_word' id='word_1_514' title='bbox 703 3281 844 3334; x_wconf 86' lang='grc' dir='ltr'>οῦτω</span> <span class='ocrx_word' id='word_1_515' title='bbox 880 3282 1124 3351; x_wconf 83' lang='grc' dir='ltr'>λέγοντος</span> <span class='ocrx_word' id='word_1_516' title='bbox 1144 3300 1157 3314; x_wconf 80' lang='grc'><strong><em>⁸</em></strong></span> <span class='ocrx_word' id='word_1_517' title='bbox 1196 3301 1213 3333; x_wconf 75' lang='grc' dir='ltr'><strong>ι</strong></span> <span class='ocrx_word' id='word_1_518' title='bbox 1240 3282 1463 3354; x_wconf 81' lang='grc' dir='ltr'>Ἀνδρες</span> <span class='ocrx_word' id='word_1_519' title='bbox 1501 3281 1719 3350; x_wconf 59' lang='grc' dir='ltr'>ἀδελφοὶ</span> 
     </span>
    </p>
   </div>
   <div class='ocr_carea' id='block_1_66' title="bbox 156 3366 1720 3445">
    <p class='ocr_par' dir='ltr' id='par_1_66' title="bbox 156 3366 1720 3445">
     <span class='ocr_line' id='line_1_66' title="bbox 156 3366 1720 3445; baseline 0.014 -26"><span class='ocrx_word' id='word_1_520' title='bbox 156 3366 241 3418; x_wconf 73' lang='grc' dir='ltr'><strong>καὶ</strong></span> <span class='ocrx_word' id='word_1_521' title='bbox 287 3370 555 3441; x_wconf 87' lang='grc' dir='ltr'>πατέρες,</span> <span class='ocrx_word' id='word_1_522' title='bbox 604 3371 902 3426; x_wconf 83' lang='grc' dir='ltr'>ἀκούσατε·</span> <span class='ocrx_word' id='word_1_523' title='bbox 961 3374 1020 3427; x_wconf 80' lang='lat'><strong>&#39;0</strong></span> <span class='ocrx_word' id='word_1_524' title='bbox 1071 3374 1202 3437; x_wconf 85' lang='grc' dir='ltr'>Θεὸς</span> <span class='ocrx_word' id='word_1_525' title='bbox 1227 3375 1326 3445; x_wconf 83' lang='grc' dir='ltr'><strong>τῆς</strong></span> <span class='ocrx_word' id='word_1_526' title='bbox 1365 3373 1522 3445; x_wconf 81' lang='grc' dir='ltr'>δόξης</span> <span class='ocrx_word' id='word_1_527' title='bbox 1561 3372 1720 3442; x_wconf 77' lang='grc' dir='ltr'>ὤφθη</span> 
     </span>
    </p>
   </div>
   <div class='ocr_carea' id='block_1_67' title="bbox 155 3457 1720 3538">
    <p class='ocr_par' dir='ltr' id='par_1_67' title="bbox 155 3457 1720 3538">
     <span class='ocr_line' id='line_1_67' title="bbox 155 3457 1720 3538; baseline 0.004 -25"><span class='ocrx_word' id='word_1_528' title='bbox 155 3457 227 3528; x_wconf 80' lang='grc' dir='ltr'>τῷ</span> <span class='ocrx_word' id='word_1_529' title='bbox 284 3464 446 3534; x_wconf 78' lang='grc' dir='ltr'>πατρὶ</span> <span class='ocrx_word' id='word_1_530' title='bbox 513 3465 669 3535; x_wconf 83' lang='grc' dir='ltr'>ἡμῶν</span> <span class='ocrx_word' id='word_1_531' title='bbox 729 3465 978 3537; x_wconf 78' lang='grc' dir='ltr'>Ἀϐραὰμ</span> <span class='ocrx_word' id='word_1_532' title='bbox 1038 3466 1152 3520; x_wconf 73' lang='grc' dir='ltr'>ὄντι</span> <span class='ocrx_word' id='word_1_533' title='bbox 1213 3467 1272 3521; x_wconf 80' lang='grc' dir='ltr'><strong>έν</strong></span> <span class='ocrx_word' id='word_1_534' title='bbox 1337 3470 1403 3538; x_wconf 80' lang='grc' dir='ltr'>τῇ</span> <span class='ocrx_word' id='word_1_535' title='bbox 1472 3468 1720 3520; x_wconf 87' lang='grc' dir='ltr'>Μεσοπο-</span> 
     </span>
    </p>
   </div>
   <div class='ocr_carea' id='block_1_68' title="bbox 155 3553 1720 3630">
    <p class='ocr_par' dir='ltr' id='par_1_68' title="bbox 155 3553 1720 3630">
     <span class='ocr_line' id='line_1_68' title="bbox 155 3553 1720 3630; baseline 0.006 -30"><span class='ocrx_word' id='word_1_536' title='bbox 155 3553 330 3624; x_wconf 80' lang='grc' dir='ltr'>ταμίᾳ,</span> <span class='ocrx_word' id='word_1_537' title='bbox 396 3556 532 3628; x_wconf 77' lang='grc' dir='ltr'>πρὶν</span> <span class='ocrx_word' id='word_1_538' title='bbox 587 3557 620 3627; x_wconf 80' lang='grc' dir='ltr'>ἢ</span> <span class='ocrx_word' id='word_1_539' title='bbox 683 3557 900 3628; x_wconf 84' lang='grc' dir='ltr'>οίκῆσαι</span> <span class='ocrx_word' id='word_1_540' title='bbox 961 3558 1123 3612; x_wconf 84' lang='grc' dir='ltr'>αὑτὸν</span> <span class='ocrx_word' id='word_1_541' title='bbox 1187 3561 1244 3612; x_wconf 84' lang='grc' dir='ltr'>ὲν</span> <span class='ocrx_word' id='word_1_542' title='bbox 1300 3558 1522 3630; x_wconf 73' lang='grc' dir='ltr'>Χαρράν</span> <span class='ocrx_word' id='word_1_543' title='bbox 1548 3575 1563 3588; x_wconf 70' lang='grc'><strong>⁸</strong></span> <span class='ocrx_word' id='word_1_544' title='bbox 1623 3559 1720 3611; x_wconf 74' lang='grc' dir='ltr'><strong>καὶ</strong></span> 
     </span>
    </p>
   </div>
   <div class='ocr_carea' id='block_1_69' title="bbox 156 3637 1720 3720">
    <p class='ocr_par' dir='ltr' id='par_1_69' title="bbox 156 3637 1720 3720">
     <span class='ocr_line' id='line_1_69' title="bbox 156 3637 1720 3720; baseline 0.006 -26"><span class='ocrx_word' id='word_1_545' title='bbox 156 3637 268 3696; x_wconf 77' lang='grc' dir='ltr'>εἶπε</span> <span class='ocrx_word' id='word_1_546' title='bbox 303 3646 434 3718; x_wconf 84' lang='grc' dir='ltr'>πρὸς</span> <span class='ocrx_word' id='word_1_547' title='bbox 503 3648 693 3701; x_wconf 84' lang='grc' dir='ltr'>αὐτόν·</span> <span class='ocrx_word' id='word_1_548' title='bbox 734 3649 954 3716; x_wconf 83' lang='grc' dir='ltr'>Ἔξελθε</span> <span class='ocrx_word' id='word_1_549' title='bbox 1020 3651 1084 3703; x_wconf 75' lang='grc' dir='ltr'>ἐκ</span> <span class='ocrx_word' id='word_1_550' title='bbox 1149 3650 1251 3720; x_wconf 84' lang='grc' dir='ltr'><strong>τῆς</strong></span> <span class='ocrx_word' id='word_1_551' title='bbox 1309 3649 1412 3720; x_wconf 84' lang='grc' dir='ltr'>γῆς</span> <span class='ocrx_word' id='word_1_552' title='bbox 1460 3666 1574 3713; x_wconf 90' lang='grc' dir='ltr'>σου,</span> <span class='ocrx_word' id='word_1_553' title='bbox 1623 3649 1720 3702; x_wconf 81' lang='grc' dir='ltr'><strong>καὶ</strong></span> 
     </span>
    </p>
   </div>
   <div class='ocr_carea' id='block_1_70' title="bbox 158 3731 1717 3808">
    <p class='ocr_par' dir='ltr' id='par_1_70' title="bbox 158 3731 1717 3808">
     <span class='ocr_line' id='line_1_70' title="bbox 158 3731 1717 3808; baseline 0.004 -23"><span class='ocrx_word' id='word_1_554' title='bbox 158 3731 218 3785; x_wconf 71' lang='grc' dir='ltr'>ὲκ</span> <span class='ocrx_word' id='word_1_555' title='bbox 271 3736 365 3805; x_wconf 83' lang='grc' dir='ltr'>τῆς</span> <span class='ocrx_word' id='word_1_556' title='bbox 417 3739 739 3806; x_wconf 88' lang='grc' dir='ltr'>συγγενείας</span> <span class='ocrx_word' id='word_1_557' title='bbox 775 3757 870 3793; x_wconf 87' lang='grc' dir='ltr'><strong>σου</strong></span> <span class='ocrx_word' id='word_1_558' title='bbox 896 3779 910 3802; x_wconf 92' lang='grc'><strong>,</strong></span> <span class='ocrx_word' id='word_1_559' title='bbox 949 3758 968 3790; x_wconf 76' lang='grc' dir='ltr'><strong>ι</strong></span> <span class='ocrx_word' id='word_1_560' title='bbox 1012 3739 1106 3793; x_wconf 81' lang='grc' dir='ltr'><strong>καὶ</strong></span> <span class='ocrx_word' id='word_1_561' title='bbox 1152 3739 1221 3793; x_wconf 74' lang='grc' dir='ltr'>τὰ</span> <span class='ocrx_word' id='word_1_562' title='bbox 1267 3738 1428 3808; x_wconf 73' lang='grc' dir='ltr'>ἐξῆςο</span> <span class='ocrx_word' id='word_1_563' title='bbox 1484 3739 1550 3792; x_wconf 87' lang='grc' dir='ltr'><strong>δι’</strong></span> <span class='ocrx_word' id='word_1_564' title='bbox 1594 3737 1717 3793; x_wconf 85' lang='grc' dir='ltr'>ὅλου</span> 
     </span>
    </p>
   </div>
   <div class='ocr_carea' id='block_1_71' title="bbox 157 3827 1718 3907">
    <p class='ocr_par' dir='ltr' id='par_1_71' title="bbox 157 3827 1718 3907">
     <span class='ocr_line' id='line_1_71' title="bbox 157 3827 1718 3907; baseline 0.003 -27"><span class='ocrx_word' id='word_1_565' title='bbox 157 3827 260 3899; x_wconf 75' lang='grc' dir='ltr'><strong>γὰρ</strong></span> <span class='ocrx_word' id='word_1_566' title='bbox 304 3829 393 3883; x_wconf 90' lang='grc' dir='ltr'><strong>τοῦ</strong></span> <span class='ocrx_word' id='word_1_567' title='bbox 431 3831 594 3900; x_wconf 88' lang='grc' dir='ltr'>λόγου</span> <span class='ocrx_word' id='word_1_568' title='bbox 630 3835 1036 3907; x_wconf 75' lang='grc' dir='ltr'>ἀναντιῤῥήτως</span> <span class='ocrx_word' id='word_1_569' title='bbox 1069 3833 1182 3886; x_wconf 78' lang='grc' dir='ltr'>ἔστι</span> <span class='ocrx_word' id='word_1_570' title='bbox 1241 3832 1451 3903; x_wconf 89' lang='grc' dir='ltr'>μαθεῖν,</span> <span class='ocrx_word' id='word_1_571' title='bbox 1485 3831 1576 3884; x_wconf 91' lang='grc' dir='ltr'><strong>τὸν</strong></span> <span class='ocrx_word' id='word_1_572' title='bbox 1609 3831 1718 3885; x_wconf 87' lang='grc' dir='ltr'><strong>τῶν</strong></span> 
     </span>
    </p>
   </div>
   <div class='ocr_carea' id='block_1_72' title="bbox 161 3921 1720 3996">
    <p class='ocr_par' dir='ltr' id='par_1_72' title="bbox 161 3921 1720 3996">
     <span class='ocr_line' id='line_1_72' title="bbox 161 3921 1720 3996; baseline 0.003 -25"><span class='ocrx_word' id='word_1_573' title='bbox 161 3921 439 3992; x_wconf 84' lang='grc' dir='ltr'>προφητῶν</span> <span class='ocrx_word' id='word_1_574' title='bbox 481 3924 638 3987; x_wconf 88' lang='grc' dir='ltr'>Θεὸν,</span> <span class='ocrx_word' id='word_1_575' title='bbox 672 3926 893 3996; x_wconf 88' lang='grc' dir='ltr'>Πατέρα</span> <span class='ocrx_word' id='word_1_576' title='bbox 925 3921 1064 3979; x_wconf 75' lang='grc' dir='ltr'>εἶναι</span> <span class='ocrx_word' id='word_1_577' title='bbox 1098 3922 1335 3995; x_wconf 86' lang='grc' dir='ltr'>Χριστοῦ</span> <span class='ocrx_word' id='word_1_578' title='bbox 1382 3922 1552 3994; x_wconf 89' lang='grc' dir='ltr'>Ἰησοῦ</span> <span class='ocrx_word' id='word_1_579' title='bbox 1572 3964 1587 3988; x_wconf 93' lang='grc'><strong>,</strong></span> <span class='ocrx_word' id='word_1_580' title='bbox 1625 3923 1720 3976; x_wconf 76' lang='grc' dir='ltr'><strong>καὶ</strong></span> 
     </span>
    </p>
   </div>
   <div class='ocr_carea' id='block_1_73' title="bbox 162 3997 1719 4087">
    <p class='ocr_par' dir='ltr' id='par_1_73' title="bbox 162 3997 1719 4087">
     <span class='ocr_line' id='line_1_73' title="bbox 162 3997 1719 4087; baseline 0.003 -24"><span class='ocrx_word' id='word_1_581' title='bbox 162 4011 221 4064; x_wconf 76' lang='grc' dir='ltr'>ὲκ</span> <span class='ocrx_word' id='word_1_582' title='bbox 255 4013 349 4082; x_wconf 85' lang='grc' dir='ltr'>τῆς</span> <span class='ocrx_word' id='word_1_583' title='bbox 382 4015 518 4086; x_wconf 89' lang='grc' dir='ltr'>πρὸς</span> <span class='ocrx_word' id='word_1_584' title='bbox 563 4016 860 4087; x_wconf 83' lang='grc' dir='ltr'>Ῥωμαίους</span> <span class='ocrx_word' id='word_1_585' title='bbox 917 4015 1235 4086; x_wconf 77' lang='grc' dir='ltr'>Ἐπιστολῆς</span> <span class='ocrx_word' id='word_1_586' title='bbox 1265 3997 1358 4068; x_wconf 80' lang='grc' dir='ltr'><strong>τοῦ</strong></span> <span class='ocrx_word' id='word_1_587' title='bbox 1400 4014 1719 4068; x_wconf 88' lang='grc' dir='ltr'>Ἀποστόλου</span> 
     </span>
    </p>
   </div>
   <div class='ocr_carea' id='block_1_74' title="bbox 162 4115 1721 4193">
    <p class='ocr_par' dir='ltr' id='par_1_74' title="bbox 162 4115 1721 4193">
     <span class='ocr_line' id='line_1_74' title="bbox 162 4115 1721 4193; baseline 0.004 -27"><span class='ocrx_word' id='word_1_588' title='bbox 162 4115 216 4167; x_wconf 65' lang='grc' dir='ltr'>ἐν</span> <span class='ocrx_word' id='word_1_589' title='bbox 235 4117 463 4183; x_wconf 78' lang='grc' dir='ltr'>τούτοιςο</span> <span class='ocrx_word' id='word_1_590' title='bbox 501 4119 761 4186; x_wconf 78' lang='grc' dir='ltr'>«Παῦλος,</span> <span class='ocrx_word' id='word_1_591' title='bbox 795 4120 976 4185; x_wconf 88' lang='grc' dir='ltr'>δοῦλος</span> <span class='ocrx_word' id='word_1_592' title='bbox 1008 4119 1242 4193; x_wconf 88' lang='grc' dir='ltr'>Χριστοῦ</span> <span class='ocrx_word' id='word_1_593' title='bbox 1282 4119 1484 4191; x_wconf 81' lang='grc' dir='ltr'>Ἰησοῦ,</span> <span class='ocrx_word' id='word_1_594' title='bbox 1526 4120 1721 4191; x_wconf 87' lang='grc' dir='ltr'>κλητὸς</span> 
     </span>
    </p>
   </div>
   <div class='ocr_carea' id='block_1_75' title="bbox 162 4221 1718 4298">
    <p class='ocr_par' dir='ltr' id='par_1_75' title="bbox 162 4221 1718 4298">
     <span class='ocr_line' id='line_1_75' title="bbox 162 4221 1718 4298; baseline 0.004 -25"><span class='ocrx_word' id='word_1_595' title='bbox 162 4221 458 4294; x_wconf 87' lang='grc' dir='ltr'>ἀπόστολος,</span> <span class='ocrx_word' id='word_1_596' title='bbox 489 4228 873 4298; x_wconf 80' lang='grc' dir='ltr'>ἀφωρισμένος</span> <span class='ocrx_word' id='word_1_597' title='bbox 891 4229 970 4291; x_wconf 85' lang='grc' dir='ltr'><strong>είς</strong></span> <span class='ocrx_word' id='word_1_598' title='bbox 999 4225 1327 4296; x_wconf 83' lang='grc' dir='ltr'>Εὐαγγέλιον</span> <span class='ocrx_word' id='word_1_599' title='bbox 1353 4226 1508 4289; x_wconf 89' lang='grc' dir='ltr'>Θεοῦ,</span> <span class='ocrx_word' id='word_1_600' title='bbox 1530 4226 1557 4279; x_wconf 84' lang='grc' dir='ltr'>ὃ</span> <span class='ocrx_word' id='word_1_601' title='bbox 1583 4243 1718 4298; x_wconf 81' lang='grc' dir='ltr'>προ·-</span> 
     </span>
    </p>
   </div>
   <div class='ocr_carea' id='block_1_76' title="bbox 163 4331 1720 4405">
    <p class='ocr_par' dir='ltr' id='par_1_76' title="bbox 163 4331 1720 4405">
     <span class='ocr_line' id='line_1_76' title="bbox 163 4331 1720 4405; baseline 0.003 -25"><span class='ocrx_word' id='word_1_602' title='bbox 163 4332 512 4400; x_wconf 77' lang='grc' dir='ltr'>επηγγείλατο</span> <span class='ocrx_word' id='word_1_603' title='bbox 543 4332 631 4386; x_wconf 79' lang='grc' dir='ltr'>διὰ</span> <span class='ocrx_word' id='word_1_604' title='bbox 661 4333 768 4388; x_wconf 86' lang='grc' dir='ltr'><strong>τῶν</strong></span> <span class='ocrx_word' id='word_1_605' title='bbox 811 4332 1101 4405; x_wconf 84' lang='grc' dir='ltr'>προφητῶν</span> <span class='ocrx_word' id='word_1_606' title='bbox 1143 4331 1306 4386; x_wconf 78' lang='grc' dir='ltr'>αὑτοῦ</span> <span class='ocrx_word' id='word_1_607' title='bbox 1366 4335 1423 4385; x_wconf 77' lang='grc' dir='ltr'><strong>ἐν</strong></span> <span class='ocrx_word' id='word_1_608' title='bbox 1479 4333 1720 4404; x_wconf 75' lang='grc' dir='ltr'>Γραφαῖς</span> 
     </span>
    </p>
   </div>
   <div class='ocr_carea' id='block_1_77' title="bbox 1819 3184 3383 3256">
    <p class='ocr_par' dir='ltr' id='par_1_77' title="bbox 1819 3184 3383 3256">
     <span class='ocr_line' id='line_1_77' title="bbox 1819 3184 3383 3256; baseline 0.001 -16"><span class='ocrx_word' id='word_1_609' title='bbox 1819 3186 2077 3256; x_wconf 90' lang='lat' dir='ltr'><strong>scriptum</strong></span> <span class='ocrx_word' id='word_1_610' title='bbox 2101 3193 2215 3240; x_wconf 89' lang='lat' dir='ltr'><strong>est:</strong></span> <span class='ocrx_word' id='word_1_611' title='bbox 2239 3204 2256 3238; x_wconf 80' lang='grc' dir='ltr'><strong>ι</strong></span> <span class='ocrx_word' id='word_1_612' title='bbox 2277 3184 2520 3240; x_wconf 87' lang='lat' dir='ltr'><strong>Narrabo</strong></span> <span class='ocrx_word' id='word_1_613' title='bbox 2547 3201 2746 3241; x_wconf 89' lang='lat' dir='ltr'><strong>nomen</strong></span> <span class='ocrx_word' id='word_1_614' title='bbox 2770 3196 2917 3240; x_wconf 91' lang='lat' dir='ltr'><strong>tuum</strong></span> <span class='ocrx_word' id='word_1_615' title='bbox 2941 3186 3201 3242; x_wconf 83' lang='lat' dir='ltr'><strong>fratribus</strong></span> <span class='ocrx_word' id='word_1_616' title='bbox 3226 3187 3383 3249; x_wconf 85' lang='lat' dir='ltr'><strong>meis,</strong></span> 
     </span>
    </p>
   </div>
   <div class='ocr_carea' id='block_1_78' title="bbox 1819 3276 3384 3348">
    <p class='ocr_par' dir='ltr' id='par_1_78' title="bbox 1819 3276 3384 3348">
     <span class='ocr_line' id='line_1_78' title="bbox 1819 3276 3384 3348; baseline 0.001 -17"><span class='ocrx_word' id='word_1_617' title='bbox 1819 3279 1871 3332; x_wconf 92' lang='lat' dir='ltr'><strong>iu</strong></span> <span class='ocrx_word' id='word_1_618' title='bbox 1905 3279 2079 3334; x_wconf 90' lang='lat' dir='ltr'><strong>medio</strong></span> <span class='ocrx_word' id='word_1_619' title='bbox 2103 3276 2355 3334; x_wconf 71' lang='lat' dir='ltr'><strong>Ecclesia:</strong></span> <span class='ocrx_word' id='word_1_620' title='bbox 2379 3278 2610 3333; x_wconf 88' lang='lat' dir='ltr'><strong>laudabo</strong></span> <span class='ocrx_word' id='word_1_621' title='bbox 2642 3288 2693 3334; x_wconf 91' lang='lat' dir='ltr'><strong>te</strong></span> <span class='ocrx_word' id='word_1_622' title='bbox 2715 3279 2780 3332; x_wconf 83' lang='grc'><strong>⁸⁵.</strong></span> <span class='ocrx_word' id='word_1_623' title='bbox 2803 3297 2822 3331; x_wconf 74' lang='grc' dir='ltr'><strong>ι</strong></span> <span class='ocrx_word' id='word_1_624' title='bbox 2847 3278 3000 3347; x_wconf 84' lang='lat' dir='ltr'><strong>Quod</strong></span> <span class='ocrx_word' id='word_1_625' title='bbox 3026 3280 3138 3348; x_wconf 89' lang='lat' dir='ltr'><strong>ipse</strong></span> <span class='ocrx_word' id='word_1_626' title='bbox 3167 3279 3384 3348; x_wconf 85' lang='lat' dir='ltr'><strong>quidem</strong></span> 
     </span>
    </p>
   </div>
   <div class='ocr_carea' id='block_1_79' title="bbox 1818 3370 3384 3440">
    <p class='ocr_par' dir='ltr' id='par_1_79' title="bbox 1818 3370 3384 3440">
     <span class='ocr_line' id='line_1_79' title="bbox 1818 3370 3384 3440; baseline -0.002 -14"><span class='ocrx_word' id='word_1_627' title='bbox 1818 3374 1890 3427; x_wconf 88' lang='lat' dir='ltr'><strong>sit</strong></span> <span class='ocrx_word' id='word_1_628' title='bbox 1921 3373 2062 3426; x_wconf 89' lang='lat' dir='ltr'><strong>Deus</strong></span> <span class='ocrx_word' id='word_1_629' title='bbox 2099 3371 2507 3440; x_wconf 87' lang='lat' dir='ltr'><strong>pr0phetarum,</strong></span> <span class='ocrx_word' id='word_1_630' title='bbox 2546 3371 2839 3440; x_wconf 90' lang='lat' dir='ltr'><strong>mundique</strong></span> <span class='ocrx_word' id='word_1_631' title='bbox 2865 3381 3204 3440; x_wconf 84' lang='lat' dir='ltr'><strong>procreatur,</strong></span> <span class='ocrx_word' id='word_1_632' title='bbox 3246 3370 3384 3424; x_wconf 78' lang='lat' dir='ltr'><strong>mul-</strong></span> 
     </span>
    </p>
   </div>
   <div class='ocr_carea' id='block_1_80' title="bbox 1819 3462 3381 3532">
    <p class='ocr_par' dir='ltr' id='par_1_80' title="bbox 1819 3462 3381 3532">
     <span class='ocr_line' id='line_1_80' title="bbox 1819 3462 3381 3532; baseline 0 -15"><span class='ocrx_word' id='word_1_633' title='bbox 1819 3465 1889 3519; x_wconf 87' lang='lat' dir='ltr'><strong>tis</strong></span> <span class='ocrx_word' id='word_1_634' title='bbox 1949 3479 2015 3517; x_wconf 80' lang='lat' dir='ltr'><strong>ex</strong></span> <span class='ocrx_word' id='word_1_635' title='bbox 2071 3463 2203 3518; x_wconf 90' lang='lat' dir='ltr'><strong>locis</strong></span> <span class='ocrx_word' id='word_1_636' title='bbox 2260 3463 2448 3517; x_wconf 91' lang='lat' dir='ltr'><strong>videre</strong></span> <span class='ocrx_word' id='word_1_637' title='bbox 2500 3477 2814 3532; x_wconf 87' lang='lat' dir='ltr'><strong>possumus;</strong></span> <span class='ocrx_word' id='word_1_638' title='bbox 2864 3463 2957 3517; x_wconf 90' lang='lat' dir='ltr'><strong>sed</strong></span> <span class='ocrx_word' id='word_1_639' title='bbox 3003 3463 3056 3516; x_wconf 92' lang='lat' dir='ltr'><strong>in</strong></span> <span class='ocrx_word' id='word_1_640' title='bbox 3091 3462 3381 3530; x_wconf 77' lang='lat' dir='ltr'><strong>praesentia</strong></span> 
     </span>
    </p>
   </div>
   <div class='ocr_carea' id='block_1_81' title="bbox 1819 3555 3385 3627">
    <p class='ocr_par' dir='ltr' id='par_1_81' title="bbox 1819 3555 3385 3627">
     <span class='ocr_line' id='line_1_81' title="bbox 1819 3555 3385 3627; baseline -0.003 -12"><span class='ocrx_word' id='word_1_641' title='bbox 1819 3557 2047 3615; x_wconf 81' lang='lat' dir='ltr'><strong>suﬂiciat</strong></span> <span class='ocrx_word' id='word_1_642' title='bbox 2096 3557 2280 3612; x_wconf 86' lang='lat' dir='ltr'><strong>videre</strong></span> <span class='ocrx_word' id='word_1_643' title='bbox 2334 3558 2652 3613; x_wconf 89' lang='lat' dir='ltr'><strong>concionem</strong></span> <span class='ocrx_word' id='word_1_644' title='bbox 2705 3555 2968 3627; x_wconf 83' lang='lat' dir='ltr'><strong>Stephani</strong></span> <span class='ocrx_word' id='word_1_645' title='bbox 3022 3573 3090 3613; x_wconf 79' lang='lat' dir='ltr'><strong>ex</strong></span> <span class='ocrx_word' id='word_1_646' title='bbox 3138 3558 3290 3612; x_wconf 82' lang='lat' dir='ltr'><strong>Actis</strong></span> <span class='ocrx_word' id='word_1_647' title='bbox 3314 3558 3385 3611; x_wconf 89' lang='lat' dir='ltr'><strong>ad</strong></span> 
     </span>
    </p>
   </div>
   <div class='ocr_carea' id='block_1_82' title="bbox 1818 3646 3386 3723">
    <p class='ocr_par' dir='ltr' id='par_1_82' title="bbox 1818 3646 3386 3723">
     <span class='ocr_line' id='line_1_82' title="bbox 1818 3646 3386 3723; baseline -0.002 -17"><span class='ocrx_word' id='word_1_648' title='bbox 1818 3651 2070 3723; x_wconf 90' lang='lat' dir='ltr'><strong>populum</strong></span> <span class='ocrx_word' id='word_1_649' title='bbox 2096 3649 2240 3704; x_wconf 91' lang='lat' dir='ltr'><strong>hunc</strong></span> <span class='ocrx_word' id='word_1_650' title='bbox 2277 3648 2327 3702; x_wconf 92' lang='lat' dir='ltr'><strong>in</strong></span> <span class='ocrx_word' id='word_1_651' title='bbox 2357 3649 2572 3703; x_wconf 86' lang='lat' dir='ltr'><strong>modum</strong></span> <span class='ocrx_word' id='word_1_652' title='bbox 2620 3648 2956 3704; x_wconf 84' lang='lat' dir='ltr'><strong>dicentis“:</strong></span> <span class='ocrx_word' id='word_1_653' title='bbox 2989 3666 3008 3699; x_wconf 76' lang='grc' dir='ltr'><strong>ι</strong></span> <span class='ocrx_word' id='word_1_654' title='bbox 3049 3646 3156 3703; x_wconf 88' lang='lat' dir='ltr'><strong>Viri</strong></span> <span class='ocrx_word' id='word_1_655' title='bbox 3191 3649 3386 3704; x_wconf 81' lang='lat' dir='ltr'><strong>fratres</strong></span> 
     </span>
    </p>
   </div>
   <div class='ocr_carea' id='block_1_83' title="bbox 1817 3737 3384 3813">
    <p class='ocr_par' dir='ltr' id='par_1_83' title="bbox 1817 3737 3384 3813">
     <span class='ocr_line' id='line_1_83' title="bbox 1817 3737 3384 3813; baseline -0.001 -15"><span class='ocrx_word' id='word_1_656' title='bbox 1817 3754 1873 3798; x_wconf 91' lang='lat' dir='ltr'><strong>et</strong></span> <span class='ocrx_word' id='word_1_657' title='bbox 1897 3752 2103 3813; x_wconf 86' lang='lat' dir='ltr'><strong>patres,</strong></span> <span class='ocrx_word' id='word_1_658' title='bbox 2126 3740 2308 3795; x_wconf 88' lang='lat' dir='ltr'><strong>audite</strong></span> <span class='ocrx_word' id='word_1_659' title='bbox 2335 3755 2348 3792; x_wconf 91' lang='lat'><strong>:</strong></span> <span class='ocrx_word' id='word_1_660' title='bbox 2379 3737 2522 3794; x_wconf 90' lang='lat' dir='ltr'><strong>Deus</strong></span> <span class='ocrx_word' id='word_1_661' title='bbox 2544 3739 2729 3810; x_wconf 67' lang='lat' dir='ltr'><strong>gloriae</strong></span> <span class='ocrx_word' id='word_1_662' title='bbox 2757 3742 3007 3810; x_wconf 89' lang='lat' dir='ltr'><strong>apparuit</strong></span> <span class='ocrx_word' id='word_1_663' title='bbox 3031 3739 3172 3808; x_wconf 89' lang='lat' dir='ltr'><strong>patri</strong></span> <span class='ocrx_word' id='word_1_664' title='bbox 3196 3748 3384 3796; x_wconf 77' lang='lat' dir='ltr'><strong>noslno</strong></span> 
     </span>
    </p>
   </div>
   <div class='ocr_carea' id='block_1_84' title="bbox 1818 3831 3384 3899">
    <p class='ocr_par' dir='ltr' id='par_1_84' title="bbox 1818 3831 3384 3899">
     <span class='ocr_line' id='line_1_84' title="bbox 1818 3831 3384 3899; baseline -0.003 -10"><span class='ocrx_word' id='word_1_665' title='bbox 1818 3834 2070 3898; x_wconf 68' lang='lat' dir='ltr'><strong>Abrahae,</strong></span> <span class='ocrx_word' id='word_1_666' title='bbox 2099 3847 2220 3887; x_wconf 90' lang='lat' dir='ltr'><strong>cum</strong></span> <span class='ocrx_word' id='word_1_667' title='bbox 2249 3841 2396 3886; x_wconf 89' lang='lat' dir='ltr'><strong>esset</strong></span> <span class='ocrx_word' id='word_1_668' title='bbox 2423 3832 2474 3885; x_wconf 92' lang='lat' dir='ltr'><strong>in</strong></span> <span class='ocrx_word' id='word_1_669' title='bbox 2502 3831 2912 3899; x_wconf 79' lang='lat' dir='ltr'><strong>Mesopotamia,</strong></span> <span class='ocrx_word' id='word_1_670' title='bbox 2945 3841 3238 3899; x_wconf 85' lang='lat' dir='ltr'><strong>antequam</strong></span> <span class='ocrx_word' id='word_1_671' title='bbox 3281 3831 3384 3885; x_wconf 72' lang='lat' dir='ltr'><strong>ha-</strong></span> 
     </span>
    </p>
   </div>
   <div class='ocr_carea' id='block_1_85' title="bbox 1818 3922 3387 3993">
    <p class='ocr_par' dir='ltr' id='par_1_85' title="bbox 1818 3922 3387 3993">
     <span class='ocr_line' id='line_1_85' title="bbox 1818 3922 3387 3993; baseline -0.004 -11"><span class='ocrx_word' id='word_1_672' title='bbox 1818 3927 2017 3982; x_wconf 89' lang='lat' dir='ltr'><strong>bitaret</strong></span> <span class='ocrx_word' id='word_1_673' title='bbox 2037 3925 2088 3978; x_wconf 93' lang='lat' dir='ltr'><strong>in</strong></span> <span class='ocrx_word' id='word_1_674' title='bbox 2112 3925 2321 3989; x_wconf 78' lang='lat' dir='ltr'><strong>Cliara;</strong></span> <span class='ocrx_word' id='word_1_675' title='bbox 2348 3923 2595 3992; x_wconf 79' lang='lat' dir='ltr'><strong>dixitque</strong></span> <span class='ocrx_word' id='word_1_676' title='bbox 2610 3922 2677 3976; x_wconf 86' lang='lat' dir='ltr'><strong>ad</strong></span> <span class='ocrx_word' id='word_1_677' title='bbox 2698 3937 2820 3976; x_wconf 89' lang='lat' dir='ltr'><strong>eum</strong></span> <span class='ocrx_word' id='word_1_678' title='bbox 2851 3923 3156 3993; x_wconf 80' lang='lat' dir='ltr'><strong>:Egredere</strong></span> <span class='ocrx_word' id='word_1_679' title='bbox 3185 3937 3216 3977; x_wconf 90' lang='lat' dir='ltr'><strong>e</strong></span> <span class='ocrx_word' id='word_1_680' title='bbox 3241 3930 3387 3977; x_wconf 74' lang='lat' dir='ltr'><strong>terra</strong></span> 
     </span>
    </p>
   </div>
   <div class='ocr_carea' id='block_1_86' title="bbox 1822 4014 3388 4084">
    <p class='ocr_par' dir='ltr' id='par_1_86' title="bbox 1822 4014 3388 4084">
     <span class='ocr_line' id='line_1_86' title="bbox 1822 4014 3388 4084; baseline -0.005 -13"><span class='ocrx_word' id='word_1_681' title='bbox 1822 4028 1933 4082; x_wconf 89' lang='lat' dir='ltr'><strong>tua,</strong></span> <span class='ocrx_word' id='word_1_682' title='bbox 1959 4028 2013 4071; x_wconf 89' lang='lat' dir='ltr'><strong>et</strong></span> <span class='ocrx_word' id='word_1_683' title='bbox 2039 4029 2070 4070; x_wconf 92' lang='lat' dir='ltr'><strong>e</strong></span> <span class='ocrx_word' id='word_1_684' title='bbox 2108 4014 2430 4084; x_wconf 83' lang='lat' dir='ltr'><strong>cognatione</strong></span> <span class='ocrx_word' id='word_1_685' title='bbox 2473 4023 2586 4079; x_wconf 87' lang='lat' dir='ltr'><strong>tua,</strong></span> <span class='ocrx_word' id='word_1_686' title='bbox 2615 4031 2634 4065; x_wconf 73' lang='grc' dir='ltr'><strong>ι</strong></span> <span class='ocrx_word' id='word_1_687' title='bbox 2679 4022 2733 4067; x_wconf 93' lang='lat' dir='ltr'><strong>et</strong></span> <span class='ocrx_word' id='word_1_688' title='bbox 2769 4028 2888 4083; x_wconf 73' lang='lat' dir='ltr'><strong>qua:</strong></span> <span class='ocrx_word' id='word_1_689' title='bbox 2929 4022 3262 4081; x_wconf 89' lang='lat' dir='ltr'><strong>sequuntur;</strong></span> <span class='ocrx_word' id='word_1_690' title='bbox 3288 4025 3388 4081; x_wconf 80' lang='lat' dir='ltr'><strong>per</strong></span> 
     </span>
    </p>
   </div>
   <div class='ocr_carea' id='block_1_87' title="bbox 1819 4104 3387 4164">
    <p class='ocr_par' dir='ltr' id='par_1_87' title="bbox 1819 4104 3387 4164">
     <span class='ocr_line' id='line_1_87' title="bbox 1819 4104 3387 4164; baseline -0.005 -1"><span class='ocrx_word' id='word_1_691' title='bbox 1819 4118 1984 4164; x_wconf 90' lang='lat' dir='ltr'><strong>totam</strong></span> <span class='ocrx_word' id='word_1_692' title='bbox 2006 4107 2151 4161; x_wconf 92' lang='lat' dir='ltr'><strong>enim</strong></span> <span class='ocrx_word' id='word_1_693' title='bbox 2170 4107 2473 4161; x_wconf 88' lang='lat' dir='ltr'><strong>orationem</strong></span> <span class='ocrx_word' id='word_1_694' title='bbox 2507 4105 2643 4160; x_wconf 90' lang='lat' dir='ltr'><strong>citra</strong></span> <span class='ocrx_word' id='word_1_695' title='bbox 2663 4104 3144 4158; x_wconf 86' lang='lat' dir='ltr'><strong>contradictionem</strong></span> <span class='ocrx_word' id='word_1_696' title='bbox 3161 4115 3387 4157; x_wconf 86' lang='lat' dir='ltr'><strong>cernere</strong></span> 
     </span>
    </p>
   </div>
   <div class='ocr_carea' id='block_1_88' title="bbox 1821 4185 3383 4270">
    <p class='ocr_par' dir='ltr' id='par_1_88' title="bbox 1821 4185 3383 4270">
     <span class='ocr_line' id='line_1_88' title="bbox 1821 4185 3383 4270; baseline -0.004 -16"><span class='ocrx_word' id='word_1_697' title='bbox 1821 4201 1945 4255; x_wconf 88' lang='lat' dir='ltr'><strong>licet</strong></span> <span class='ocrx_word' id='word_1_698' title='bbox 1979 4200 2363 4270; x_wconf 80' lang='lat' dir='ltr'><strong>prepltetarum</strong></span> <span class='ocrx_word' id='word_1_699' title='bbox 2394 4197 2560 4251; x_wconf 89' lang='lat' dir='ltr'><strong>Deum</strong></span> <span class='ocrx_word' id='word_1_700' title='bbox 2605 4194 2817 4250; x_wconf 89' lang='lat' dir='ltr'><strong>Patrem</strong></span> <span class='ocrx_word' id='word_1_701' title='bbox 2848 4185 2970 4250; x_wconf 81' lang='lat' dir='ltr'><strong>esse</strong></span> <span class='ocrx_word' id='word_1_702' title='bbox 3005 4194 3205 4250; x_wconf 82' lang='lat' dir='ltr'><strong>Christi</strong></span> <span class='ocrx_word' id='word_1_703' title='bbox 3233 4191 3383 4248; x_wconf 84' lang='lat' dir='ltr'><strong>Jesu.</strong></span> 
     </span>
    </p>
   </div>
   <div class='ocr_carea' id='block_1_89' title="bbox 1820 4281 3386 4356">
    <p class='ocr_par' dir='ltr' id='par_1_89' title="bbox 1820 4281 3386 4356">
     <span class='ocr_line' id='line_1_89' title="bbox 1820 4281 3386 4356; baseline -0.006 -9"><span class='ocrx_word' id='word_1_704' title='bbox 1820 4293 1963 4347; x_wconf 90' lang='lat' dir='ltr'><strong>Idem</strong></span> <span class='ocrx_word' id='word_1_705' title='bbox 1978 4303 2206 4344; x_wconf 89' lang='lat' dir='ltr'><strong>cernere</strong></span> <span class='ocrx_word' id='word_1_706' title='bbox 2230 4287 2393 4341; x_wconf 88' lang='lat' dir='ltr'><strong>etiam</strong></span> <span class='ocrx_word' id='word_1_707' title='bbox 2416 4286 2540 4340; x_wconf 91' lang='lat' dir='ltr'><strong>licet</strong></span> <span class='ocrx_word' id='word_1_708' title='bbox 2558 4301 2626 4340; x_wconf 80' lang='lat' dir='ltr'><strong>ex</strong></span> <span class='ocrx_word' id='word_1_709' title='bbox 2654 4285 2895 4356; x_wconf 81' lang='lat' dir='ltr'><strong>Apostoli</strong></span> <span class='ocrx_word' id='word_1_710' title='bbox 2922 4283 3158 4353; x_wconf 86' lang='lat' dir='ltr'><strong>Epistola</strong></span> <span class='ocrx_word' id='word_1_711' title='bbox 3181 4283 3249 4337; x_wconf 90' lang='lat' dir='ltr'><strong>ad</strong></span> <span class='ocrx_word' id='word_1_712' title='bbox 3273 4281 3386 4337; x_wconf 73' lang='lat' dir='ltr'><strong>Ro-</strong></span> 
     </span>
    </p>
   </div>
   <div class='ocr_carea' id='block_1_90' title="bbox 1823 4375 3386 4448">
    <p class='ocr_par' dir='ltr' id='par_1_90' title="bbox 1823 4375 3386 4448">
     <span class='ocr_line' id='line_1_90' title="bbox 1823 4375 3386 4448; baseline -0.004 -11"><span class='ocrx_word' id='word_1_713' title='bbox 1823 4383 2086 4448; x_wconf 86' lang='lat' dir='ltr'><strong>manos,in</strong></span> <span class='ocrx_word' id='word_1_714' title='bbox 2111 4382 2194 4436; x_wconf 88' lang='lat' dir='ltr'><strong>bis</strong></span> <span class='ocrx_word' id='word_1_715' title='bbox 2209 4381 2253 4411; x_wconf 69' lang='grc' dir='ltr'><strong>ετ</strong></span> <span class='ocrx_word' id='word_1_716' title='bbox 2274 4399 2290 4434; x_wconf 77' lang='grc' dir='ltr'><strong>ι</strong></span> <span class='ocrx_word' id='word_1_717' title='bbox 2312 4398 2332 4432; x_wconf 81' lang='grc' dir='ltr'><strong>ι</strong></span> <span class='ocrx_word' id='word_1_718' title='bbox 2355 4379 2556 4434; x_wconf 87' lang='lat' dir='ltr'><strong>Paulus</strong></span> <span class='ocrx_word' id='word_1_719' title='bbox 2567 4393 2760 4433; x_wconf 84' lang='lat' dir='ltr'><strong>servus</strong></span> <span class='ocrx_word' id='word_1_720' title='bbox 2779 4376 2907 4434; x_wconf 78' lang='lat' dir='ltr'><strong>Jesu</strong></span> <span class='ocrx_word' id='word_1_721' title='bbox 2929 4375 3386 4442; x_wconf 84' lang='lat' dir='ltr'><strong>Christi,vocatus</strong></span> 
     </span>
    </p>
   </div>
   <div class='ocr_carea' id='block_1_91' title="bbox 165 4429 1706 4545">
    <p class='ocr_par' dir='ltr' id='par_1_91' title="bbox 165 4429 1706 4507">
     <span class='ocr_line' id='line_1_91' title="bbox 165 4429 1706 4507; baseline 0.001 -24"><span class='ocrx_word' id='word_1_722' title='bbox 165 4429 349 4499; x_wconf 80' lang='grc' dir='ltr'>ἁγίαις,</span> <span class='ocrx_word' id='word_1_723' title='bbox 391 4435 519 4507; x_wconf 70' lang='grc' dir='ltr'>περὶ</span> <span class='ocrx_word' id='word_1_724' title='bbox 563 4434 656 4488; x_wconf 87' lang='grc' dir='ltr'><strong>τοῦ</strong></span> <span class='ocrx_word' id='word_1_725' title='bbox 682 4434 812 4489; x_wconf 78' lang='grc' dir='ltr'>Υίοῦ</span> <span class='ocrx_word' id='word_1_726' title='bbox 855 4433 1017 4490; x_wconf 79' lang='grc' dir='ltr'>αὑτοῦ</span> <span class='ocrx_word' id='word_1_727' title='bbox 1051 4433 1144 4487; x_wconf 89' lang='grc' dir='ltr'><strong>τοῦ</strong></span> <span class='ocrx_word' id='word_1_728' title='bbox 1168 4434 1456 4504; x_wconf 83' lang='grc' dir='ltr'>γενομένου</span> <span class='ocrx_word' id='word_1_729' title='bbox 1480 4434 1542 4485; x_wconf 82' lang='grc' dir='ltr'><strong>ἐκ</strong></span> <span class='ocrx_word' id='word_1_730' title='bbox 1562 4433 1706 4504; x_wconf 82' lang='grc' dir='ltr'>σπέρ-</span> 
     </span>
    </p>
   </div>
   <div class='ocr_carea' id='block_1_92' title="bbox 1864 4429 3384 4545">
    <p class='ocr_par' dir='ltr' id='par_1_92' title="bbox 1864 4429 3384 4545">
     <span class='ocr_line' id='line_1_92' title="bbox 1864 4429 3384 4545; baseline -0.006 -16"><span class='ocrx_word' id='word_1_731' title='bbox 1864 4429 2342 4545; x_wconf 58' lang='lat' dir='ltr'><strong>gg&#39;a&quot;;;.3&#39;.1...;.&#39;,</strong></span> <span class='ocrx_word' id='word_1_732' title='bbox 2355 4429 2839 4542; x_wconf 48' lang='grc' dir='ltr'><strong>ὶὲξς⁷τζςᾎῖιιῖίέι⁷</strong></span> <span class='ocrx_word' id='word_1_733' title='bbox 2856 4429 3215 4534; x_wconf 29' lang='grc' dir='ltr'><strong>ένξιηεειίιὶωί</strong></span> <span class='ocrx_word' id='word_1_734' title='bbox 3263 4466 3384 4534; x_wconf 88' lang='lat' dir='ltr'><strong>Dei,</strong></span> 
     </span>
    </p>
   </div>
   <div class='ocr_carea' id='block_1_93' title="bbox 165 4537 1712 4612">
    <p class='ocr_par' dir='ltr' id='par_1_93' title="bbox 165 4537 1712 4612">
     <span class='ocr_line' id='line_1_93' title="bbox 165 4537 1712 4612; baseline 0.001 -24"><span class='ocrx_word' id='word_1_735' title='bbox 165 4550 320 4600; x_wconf 78' lang='grc' dir='ltr'>ματος</span> <span class='ocrx_word' id='word_1_736' title='bbox 346 4539 508 4593; x_wconf 79' lang='grc' dir='ltr'><strong>Δαὸὶδ</strong></span> <span class='ocrx_word' id='word_1_737' title='bbox 540 4539 681 4594; x_wconf 87' lang='grc' dir='ltr'><strong>κατά</strong></span> <span class='ocrx_word' id='word_1_738' title='bbox 709 4541 906 4612; x_wconf 84' lang='grc' dir='ltr'>σάρκα,</span> <span class='ocrx_word' id='word_1_739' title='bbox 935 4539 1028 4594; x_wconf 91' lang='grc' dir='ltr'><strong>τοῦ</strong></span> <span class='ocrx_word' id='word_1_740' title='bbox 1071 4538 1372 4611; x_wconf 85' lang='grc' dir='ltr'>ὁρισθέντος</span> <span class='ocrx_word' id='word_1_741' title='bbox 1415 4537 1543 4591; x_wconf 89' lang='grc' dir='ltr'>Υίοῦ</span> <span class='ocrx_word' id='word_1_742' title='bbox 1577 4537 1712 4590; x_wconf 89' lang='grc' dir='ltr'>Θεοῦ</span> 
     </span>
    </p>
   </div>
   <div class='ocr_carea' id='block_1_94' title="bbox 164 4635 1718 4712">
    <p class='ocr_par' dir='ltr' id='par_1_94' title="bbox 164 4635 1718 4712">
     <span class='ocr_line' id='line_1_94' title="bbox 164 4635 1718 4712; baseline 0.001 -20"><span class='ocrx_word' id='word_1_743' title='bbox 164 4635 218 4689; x_wconf 65' lang='grc' dir='ltr'>ἐν</span> <span class='ocrx_word' id='word_1_744' title='bbox 243 4639 480 4711; x_wconf 77' lang='grc' dir='ltr'>δυνάμει,</span> <span class='ocrx_word' id='word_1_745' title='bbox 513 4641 654 4696; x_wconf 85' lang='grc' dir='ltr'><strong>κατά</strong></span> <span class='ocrx_word' id='word_1_746' title='bbox 676 4643 897 4712; x_wconf 89' lang='grc' dir='ltr'>Πνεῦμα</span> <span class='ocrx_word' id='word_1_747' title='bbox 925 4642 1247 4712; x_wconf 83' lang='grc' dir='ltr'>ἁγιωσύνης,</span> <span class='ocrx_word' id='word_1_748' title='bbox 1279 4639 1339 4705; x_wconf 76' lang='grc' dir='ltr'><strong>ἐξ</strong></span> <span class='ocrx_word' id='word_1_749' title='bbox 1375 4639 1718 4704; x_wconf 85' lang='grc' dir='ltr'>ἀναστάσεως</span> 
     </span>
    </p>
   </div>
   <div class='ocr_carea' id='block_1_95' title="bbox 167 4738 1721 4820">
    <p class='ocr_par' dir='ltr' id='par_1_95' title="bbox 167 4738 1721 4820">
     <span class='ocr_line' id='line_1_95' title="bbox 167 4738 1721 4820; baseline 0.002 -25"><span class='ocrx_word' id='word_1_750' title='bbox 167 4745 358 4813; x_wconf 85' lang='grc' dir='ltr'>νεκρῶν</span> <span class='ocrx_word' id='word_1_751' title='bbox 395 4747 568 4818; x_wconf 83' lang='grc' dir='ltr'>Ἰησοῦ</span> <span class='ocrx_word' id='word_1_752' title='bbox 602 4747 834 4820; x_wconf 85' lang='grc' dir='ltr'>Χριστοῦ</span> <span class='ocrx_word' id='word_1_753' title='bbox 876 4747 971 4800; x_wconf 83' lang='grc' dir='ltr'><strong>τοῦ</strong></span> <span class='ocrx_word' id='word_1_754' title='bbox 992 4747 1194 4819; x_wconf 85' lang='grc' dir='ltr'>Κυρίου</span> <span class='ocrx_word' id='word_1_755' title='bbox 1216 4745 1390 4816; x_wconf 81' lang='grc' dir='ltr'>ἡμῶν,</span> <span class='ocrx_word' id='word_1_756' title='bbox 1419 4744 1485 4798; x_wconf 83' lang='grc' dir='ltr'><strong>δι’</strong></span> <span class='ocrx_word' id='word_1_757' title='bbox 1512 4738 1574 4800; x_wconf 74' lang='grc' dir='ltr'>οὗ</span> <span class='ocrx_word' id='word_1_758' title='bbox 1597 4743 1721 4798; x_wconf 76' lang='grc' dir='ltr'>ἐλά-</span> 
     </span>
    </p>
   </div>
   <div class='ocr_carea' id='block_1_96' title="bbox 168 4847 1724 4925">
    <p class='ocr_par' dir='ltr' id='par_1_96' title="bbox 168 4847 1724 4925">
     <span class='ocr_line' id='line_1_96' title="bbox 168 4847 1724 4925; baseline 0.003 -24"><span class='ocrx_word' id='word_1_759' title='bbox 168 4847 322 4920; x_wconf 75' lang='grc' dir='ltr'>σομεν</span> <span class='ocrx_word' id='word_1_760' title='bbox 349 4853 506 4925; x_wconf 87' lang='grc' dir='ltr'>χάριν</span> <span class='ocrx_word' id='word_1_761' title='bbox 547 4856 640 4907; x_wconf 76' lang='grc' dir='ltr'>καὶ</span> <span class='ocrx_word' id='word_1_762' title='bbox 670 4853 993 4925; x_wconf 78' lang='grc' dir='ltr'>ἀποστολὴν,</span> <span class='ocrx_word' id='word_1_763' title='bbox 1025 4854 1106 4918; x_wconf 85' lang='grc' dir='ltr'><strong>είς</strong></span> <span class='ocrx_word' id='word_1_764' title='bbox 1137 4850 1380 4922; x_wconf 80' lang='grc' dir='ltr'>ὑπακοὴν</span> <span class='ocrx_word' id='word_1_765' title='bbox 1408 4851 1642 4915; x_wconf 88' lang='grc' dir='ltr'>πίστεως</span> <span class='ocrx_word' id='word_1_766' title='bbox 1665 4851 1724 4905; x_wconf 81' lang='grc' dir='ltr'>ὲν</span> 
     </span>
    </p>
   </div>
   <div class='ocr_carea' id='block_1_97' title="bbox 231 4935 1706 5008">
    <p class='ocr_par' dir='ltr' id='par_1_97' title="bbox 231 4939 1684 5008">
     <span class='ocr_line' id='line_1_97' title="bbox 231 4939 1684 5008; baseline 0 -12"><span class='ocrx_word' id='word_1_767' title='bbox 231 4939 444 4998; x_wconf 69' lang='lat' dir='ltr'><strong>“10am</strong></span> <span class='ocrx_word' id='word_1_768' title='bbox 480 4959 569 5008; x_wconf 82' lang='lat' dir='ltr'><strong>xx,</strong></span> <span class='ocrx_word' id='word_1_769' title='bbox 594 4945 682 4998; x_wconf 82' lang='grc'><strong>17.</strong></span> <span class='ocrx_word' id='word_1_770' title='bbox 761 4945 806 4976; x_wconf 67' lang='grc'><strong>⁸⁸</strong></span> <span class='ocrx_word' id='word_1_771' title='bbox 832 4944 987 4999; x_wconf 80' lang='lat' dir='ltr'><strong>Rotn.</strong></span> <span class='ocrx_word' id='word_1_772' title='bbox 1016 4960 1124 5008; x_wconf 84' lang='lat' dir='ltr'><strong>vm.</strong></span> <span class='ocrx_word' id='word_1_773' title='bbox 1161 4945 1250 5000; x_wconf 77' lang='lat'><strong>23.</strong></span> <span class='ocrx_word' id='word_1_774' title='bbox 1327 4945 1371 4977; x_wconf 75' lang='grc'><strong>⁸³</strong></span> <span class='ocrx_word' id='word_1_775' title='bbox 1399 4943 1541 4998; x_wconf 88' lang='lat' dir='ltr'><strong>Psal.</strong></span> <span class='ocrx_word' id='word_1_776' title='bbox 1573 4958 1684 5008; x_wconf 75' lang='lat' dir='ltr'><strong>ut,</strong></span> 
     </span>
    </p>
   </div>
   <div class='ocr_carea' id='block_1_98' title="bbox 1864 4935 2426 5008">
    <p class='ocr_par' dir='ltr' id='par_1_98' title="bbox 1892 4935 2426 5005">
     <span class='ocr_line' id='line_1_98' title="bbox 1892 4935 2426 5005; baseline -0.006 -14"><span class='ocrx_word' id='word_1_777' title='bbox 1892 4940 1937 4970; x_wconf 76' lang='lat'><strong>‘°</strong></span> <span class='ocrx_word' id='word_1_778' title='bbox 1968 4940 2090 4991; x_wconf 81' lang='lat' dir='ltr'><strong>Act.</strong></span> <span class='ocrx_word' id='word_1_779' title='bbox 2127 4951 2218 5000; x_wconf 82' lang='lat' dir='ltr'><strong>vn,</strong></span> <span class='ocrx_word' id='word_1_780' title='bbox 2243 4935 2278 4988; x_wconf 78' lang='grc'>2</span> <span class='ocrx_word' id='word_1_781' title='bbox 2307 4949 2426 5005; x_wconf 89' lang='lat' dir='ltr'><strong>seq.</strong></span> 
     </span>
    </p>
   </div>
   <div class='ocr_carea' id='block_1_99' title="bbox 1820 4555 3386 4636">
    <p class='ocr_par' dir='ltr' id='par_1_99' title="bbox 1820 4555 3386 4636">
     <span class='ocr_line' id='line_1_99' title="bbox 1820 4555 3386 4636; baseline -0.006 -16"><span class='ocrx_word' id='word_1_782' title='bbox 1820 4567 1963 4636; x_wconf 90' lang='lat' dir='ltr'><strong>quod</strong></span> <span class='ocrx_word' id='word_1_783' title='bbox 2009 4573 2135 4620; x_wconf 89' lang='lat' dir='ltr'><strong>ante</strong></span> <span class='ocrx_word' id='word_1_784' title='bbox 2171 4564 2500 4634; x_wconf 83' lang='lat' dir='ltr'><strong>promiserat</strong></span> <span class='ocrx_word' id='word_1_785' title='bbox 2530 4579 2630 4632; x_wconf 86' lang='lat' dir='ltr'><strong>per</strong></span> <span class='ocrx_word' id='word_1_786' title='bbox 2660 4562 2951 4632; x_wconf 85' lang='lat' dir='ltr'><strong>prophetas</strong></span> <span class='ocrx_word' id='word_1_787' title='bbox 2983 4574 3111 4615; x_wconf 87' lang='lat' dir='ltr'><strong>suos</strong></span> <span class='ocrx_word' id='word_1_788' title='bbox 3145 4558 3203 4613; x_wconf 91' lang='lat' dir='ltr'><strong>in</strong></span> <span class='ocrx_word' id='word_1_789' title='bbox 3235 4555 3386 4613; x_wconf 86' lang='lat' dir='ltr'><strong>Scri-</strong></span> 
     </span>
    </p>
   </div>
   <div class='ocr_carea' id='block_1_100' title="bbox 1823 4649 3387 4729">
    <p class='ocr_par' dir='ltr' id='par_1_100' title="bbox 1823 4649 3387 4729">
     <span class='ocr_line' id='line_1_100' title="bbox 1823 4649 3387 4729; baseline -0.006 -16"><span class='ocrx_word' id='word_1_790' title='bbox 1823 4659 1999 4729; x_wconf 91' lang='lat' dir='ltr'><strong>pturis</strong></span> <span class='ocrx_word' id='word_1_791' title='bbox 2031 4657 2238 4714; x_wconf 83' lang='lat' dir='ltr'><strong>sanctis</strong></span> <span class='ocrx_word' id='word_1_792' title='bbox 2267 4657 2334 4712; x_wconf 92' lang='lat' dir='ltr'><strong>de</strong></span> <span class='ocrx_word' id='word_1_793' title='bbox 2357 4655 2498 4711; x_wconf 87' lang='lat' dir='ltr'><strong>Filio</strong></span> <span class='ocrx_word' id='word_1_794' title='bbox 2531 4668 2629 4710; x_wconf 85' lang='lat' dir='ltr'><strong>suo</strong></span> <span class='ocrx_word' id='word_1_795' title='bbox 2663 4654 2845 4724; x_wconf 89' lang='lat' dir='ltr'><strong>genito</strong></span> <span class='ocrx_word' id='word_1_796' title='bbox 2870 4667 2939 4707; x_wconf 81' lang='lat' dir='ltr'><strong>ex</strong></span> <span class='ocrx_word' id='word_1_797' title='bbox 2964 4652 3170 4707; x_wconf 87' lang='lat' dir='ltr'><strong>semine</strong></span> <span class='ocrx_word' id='word_1_798' title='bbox 3214 4649 3387 4705; x_wconf 81' lang='lat' dir='ltr'><strong>David</strong></span> 
     </span>
    </p>
   </div>
   <div class='ocr_carea' id='block_1_101' title="bbox 1825 4743 3390 4814">
    <p class='ocr_par' dir='ltr' id='par_1_101' title="bbox 1825 4743 3390 4814">
     <span class='ocr_line' id='line_1_101' title="bbox 1825 4743 3390 4814; baseline -0.008 -6"><span class='ocrx_word' id='word_1_799' title='bbox 1825 4752 2122 4809; x_wconf 90' lang='lat' dir='ltr'><strong>secundum</strong></span> <span class='ocrx_word' id='word_1_800' title='bbox 2165 4764 2408 4814; x_wconf 90' lang='lat' dir='ltr'><strong>carnem,</strong></span> <span class='ocrx_word' id='word_1_801' title='bbox 2443 4748 2717 4803; x_wconf 85' lang='lat' dir='ltr'><strong>declarato</strong></span> <span class='ocrx_word' id='word_1_802' title='bbox 2764 4745 2905 4802; x_wconf 84' lang='lat' dir='ltr'><strong>Filio</strong></span> <span class='ocrx_word' id='word_1_803' title='bbox 2949 4746 3040 4801; x_wconf 91' lang='lat' dir='ltr'><strong>Dei</strong></span> <span class='ocrx_word' id='word_1_804' title='bbox 3082 4745 3137 4800; x_wconf 94' lang='lat' dir='ltr'><strong>in</strong></span> <span class='ocrx_word' id='word_1_805' title='bbox 3183 4743 3390 4798; x_wconf 88' lang='lat' dir='ltr'><strong>virtute</strong></span> 
     </span>
    </p>
   </div>
   <div class='ocr_carea' id='block_1_102' title="bbox 1830 4836 3394 4912">
    <p class='ocr_par' dir='ltr' id='par_1_102' title="bbox 1830 4836 3394 4912">
     <span class='ocr_line' id='line_1_102' title="bbox 1830 4836 3394 4912; baseline -0.008 -9"><span class='ocrx_word' id='word_1_806' title='bbox 1830 4845 2122 4903; x_wconf 89' lang='lat' dir='ltr'><strong>secundum</strong></span> <span class='ocrx_word' id='word_1_807' title='bbox 2179 4843 2441 4912; x_wconf 91' lang='lat' dir='ltr'><strong>Spiritum</strong></span> <span class='ocrx_word' id='word_1_808' title='bbox 2501 4838 2967 4902; x_wconf 80' lang='lat' dir='ltr'><strong>sanctiﬁcationis,</strong></span> <span class='ocrx_word' id='word_1_809' title='bbox 3020 4853 3088 4892; x_wconf 78' lang='lat' dir='ltr'><strong>ex</strong></span> <span class='ocrx_word' id='word_1_810' title='bbox 3139 4851 3205 4893; x_wconf 88' lang='lat' dir='ltr'><strong>eo</strong></span> <span class='ocrx_word' id='word_1_811' title='bbox 3244 4836 3394 4906; x_wconf 84' lang='lat' dir='ltr'><strong>quod</strong></span> 
     </span>
    </p>
   </div>
   <div class='ocr_carea' id='block_1_103' title="bbox 2502 4929 3123 4999">
    <p class='ocr_par' dir='ltr' id='par_1_103' title="bbox 2502 4929 3123 4999">
     <span class='ocr_line' id='line_1_103' title="bbox 2502 4929 3123 4999; baseline -0.01 -11"><span class='ocrx_word' id='word_1_812' title='bbox 2502 4933 2546 4964; x_wconf 77' lang='grc'><strong>⁸⁷</strong></span> <span class='ocrx_word' id='word_1_813' title='bbox 2582 4933 2740 4988; x_wconf 82' lang='lat' dir='ltr'><strong>Rom.</strong></span> <span class='ocrx_word' id='word_1_814' title='bbox 2777 4946 2818 4997; x_wconf 85' lang='grc' dir='ltr'><strong>ι,</strong></span> <span class='ocrx_word' id='word_1_815' title='bbox 2849 4930 2900 4998; x_wconf 84' lang='grc'>1,</span> <span class='ocrx_word' id='word_1_816' title='bbox 2935 4929 2972 4982; x_wconf 75' lang='grc'>2</span> <span class='ocrx_word' id='word_1_817' title='bbox 3007 4943 3123 4999; x_wconf 89' lang='lat' dir='ltr'><strong>seq.</strong></span> 
     </span>
    </p>
   </div>
   <div class='ocr_carea' id='block_1_104' title="bbox 173 5030 2712 5108">
    <p class='ocr_par' dir='ltr' id='par_1_104' title="bbox 173 5030 2712 5108">
     <span class='ocr_line' id='line_1_104' title="bbox 173 5030 2712 5108; baseline 0.001 -23"><span class='ocrx_word' id='word_1_818' title='bbox 173 5035 301 5088; x_wconf 86' lang='lat' dir='ltr'><strong>visse</strong></span> <span class='ocrx_word' id='word_1_819' title='bbox 321 5037 585 5102; x_wconf 88' lang='lat' dir='ltr'><strong>daremus,</strong></span> <span class='ocrx_word' id='word_1_820' title='bbox 615 5040 844 5093; x_wconf 86' lang='lat' dir='ltr'><strong>dandum</strong></span> <span class='ocrx_word' id='word_1_821' title='bbox 871 5049 1015 5094; x_wconf 88' lang='lat' dir='ltr'><strong>esset</strong></span> <span class='ocrx_word' id='word_1_822' title='bbox 1042 5042 1226 5108; x_wconf 85' lang='lat' dir='ltr'><strong>utique</strong></span> <span class='ocrx_word' id='word_1_823' title='bbox 1253 5056 1352 5095; x_wconf 79' lang='lat' dir='ltr'><strong>nec</strong></span> <span class='ocrx_word' id='word_1_824' title='bbox 1381 5039 1575 5094; x_wconf 81' lang='lat' dir='ltr'><strong>Filium</strong></span> <span class='ocrx_word' id='word_1_825' title='bbox 1609 5055 1700 5094; x_wconf 92' lang='lat' dir='ltr'><strong>co-</strong></span> <span class='ocrx_word' id='word_1_826' title='bbox 1811 5030 2514 5108; x_wconf 42' lang='grc' dir='ltr'>Κρείοιπαραδεξάμεθα,</span> <span class='ocrx_word' id='word_1_827' title='bbox 2552 5031 2712 5108; x_wconf 66' lang='lat' dir='ltr'><strong>male.</strong></span> 
     </span>
    </p>
   </div>
   <div class='ocr_carea' id='block_1_105' title="bbox 171 5107 1703 5179">
    <p class='ocr_par' dir='ltr' id='par_1_105' title="bbox 171 5107 1703 5179">
     <span class='ocr_line' id='line_1_105' title="bbox 171 5107 1703 5179; baseline 0.003 -21"><span class='ocrx_word' id='word_1_828' title='bbox 171 5107 428 5179; x_wconf 25' lang='lat' dir='ltr'><strong>gnoniss-e,</strong></span> <span class='ocrx_word' id='word_1_829' title='bbox 461 5123 580 5161; x_wconf 88' lang='lat' dir='ltr'><strong>cum</strong></span> <span class='ocrx_word' id='word_1_830' title='bbox 611 5111 887 5179; x_wconf 86' lang='lat' dir='ltr'><strong>cognitum</strong></span> <span class='ocrx_word' id='word_1_831' title='bbox 923 5113 988 5164; x_wconf 82' lang='lat' dir='ltr'><strong>ab</strong></span> <span class='ocrx_word' id='word_1_832' title='bbox 1021 5107 1155 5178; x_wconf 71' lang='lat' dir='ltr'><strong>ipsis</strong></span> <span class='ocrx_word' id='word_1_833' title='bbox 1187 5110 1404 5174; x_wconf 83' lang='lat' dir='ltr'><strong>Filium,</strong></span> <span class='ocrx_word' id='word_1_834' title='bbox 1431 5119 1486 5163; x_wconf 88' lang='lat' dir='ltr'><strong>et</strong></span> <span class='ocrx_word' id='word_1_835' title='bbox 1514 5110 1703 5163; x_wconf 89' lang='lat' dir='ltr'><strong>vatici-</strong></span> 
     </span>
    </p>
   </div>
   <div class='ocr_carea' id='block_1_106' title="bbox 176 5172 1705 5250">
    <p class='ocr_par' dir='ltr' id='par_1_106' title="bbox 176 5172 1705 5250">
     <span class='ocr_line' id='line_1_106' title="bbox 176 5172 1705 5250; baseline 0.005 -25"><span class='ocrx_word' id='word_1_836' title='bbox 176 5172 273 5228; x_wconf 89' lang='lat' dir='ltr'><strong>niis</strong></span> <span class='ocrx_word' id='word_1_837' title='bbox 298 5176 621 5250; x_wconf 87' lang='lat' dir='ltr'><strong>celebratum</strong></span> <span class='ocrx_word' id='word_1_838' title='bbox 654 5172 820 5250; x_wconf 75' lang='lat' dir='ltr'><strong>fuisse</strong></span> <span class='ocrx_word' id='word_1_839' title='bbox 856 5172 1114 5249; x_wconf 71' lang='lat' dir='ltr'><strong>constet),</strong></span> <span class='ocrx_word' id='word_1_840' title='bbox 1149 5181 1319 5235; x_wconf 82' lang='lat' dir='ltr'><strong>Filius</strong></span> <span class='ocrx_word' id='word_1_841' title='bbox 1356 5172 1556 5250; x_wconf 82' lang='lat' dir='ltr'><strong>quippe</strong></span> <span class='ocrx_word' id='word_1_842' title='bbox 1604 5179 1705 5233; x_wconf 89' lang='lat' dir='ltr'><strong>Pa-</strong></span> 
     </span>
    </p>
   </div>
   <div class='ocr_carea' id='block_1_107' title="bbox 178 5249 1704 5315">
    <p class='ocr_par' dir='ltr' id='par_1_107' title="bbox 178 5249 1704 5315">
     <span class='ocr_line' id='line_1_107' title="bbox 178 5249 1704 5315; baseline 0.005 -20"><span class='ocrx_word' id='word_1_843' title='bbox 178 5250 299 5297; x_wconf 77' lang='lat' dir='ltr'><strong>trem</strong></span> <span class='ocrx_word' id='word_1_844' title='bbox 354 5249 648 5314; x_wconf 77' lang='lat' dir='ltr'><strong>cognoscit,</strong></span> <span class='ocrx_word' id='word_1_845' title='bbox 703 5249 936 5304; x_wconf 82' lang='lat' dir='ltr'><strong>famulus</strong></span> <span class='ocrx_word' id='word_1_846' title='bbox 983 5251 1190 5303; x_wconf 79' lang='lat' dir='ltr'><strong>lterum.</strong></span> <span class='ocrx_word' id='word_1_847' title='bbox 1241 5249 1704 5315; x_wconf 82' lang='lat' dir='ltr'><strong>Quemadmodum</strong></span> 
     </span>
    </p>
   </div>
   <div class='ocr_carea' id='block_1_108' title="bbox 175 5318 1705 5389">
    <p class='ocr_par' dir='ltr' id='par_1_108' title="bbox 175 5318 1705 5389">
     <span class='ocr_line' id='line_1_108' title="bbox 175 5318 1705 5389; baseline 0.005 -26"><span class='ocrx_word' id='word_1_848' title='bbox 175 5322 336 5368; x_wconf 88' lang='lat' dir='ltr'><strong>autem</strong></span> <span class='ocrx_word' id='word_1_849' title='bbox 367 5318 545 5372; x_wconf 81' lang='lat' dir='ltr'><strong>dicere</strong></span> <span class='ocrx_word' id='word_1_850' title='bbox 585 5318 710 5389; x_wconf 82' lang='lat' dir='ltr'><strong>licet</strong></span> <span class='ocrx_word' id='word_1_851' title='bbox 754 5318 949 5372; x_wconf 87' lang='lat' dir='ltr'><strong>Filium</strong></span> <span class='ocrx_word' id='word_1_852' title='bbox 980 5335 1087 5372; x_wconf 91' lang='lat' dir='ltr'><strong>non</strong></span> <span class='ocrx_word' id='word_1_853' title='bbox 1121 5334 1450 5389; x_wconf 79' lang='lat' dir='ltr'><strong>cognoscere</strong></span> <span class='ocrx_word' id='word_1_854' title='bbox 1483 5320 1705 5383; x_wconf 89' lang='lat' dir='ltr'><strong>herum;</strong></span> 
     </span>
    </p>
   </div>
   <div class='ocr_carea' id='block_1_109' title="bbox 179 5388 1707 5456">
    <p class='ocr_par' dir='ltr' id='par_1_109' title="bbox 179 5388 1707 5456">
     <span class='ocr_line' id='line_1_109' title="bbox 179 5388 1707 5456; baseline 0.007 -25"><span class='ocrx_word' id='word_1_855' title='bbox 179 5393 289 5456; x_wconf 78' lang='lat' dir='ltr'><strong>nam</strong></span> <span class='ocrx_word' id='word_1_856' title='bbox 319 5395 578 5456; x_wconf 85' lang='lat' dir='ltr'><strong>quatenus</strong></span> <span class='ocrx_word' id='word_1_857' title='bbox 606 5388 772 5442; x_wconf 86' lang='lat' dir='ltr'><strong>Filius</strong></span> <span class='ocrx_word' id='word_1_858' title='bbox 799 5399 902 5449; x_wconf 84' lang='lat' dir='ltr'><strong>est,</strong></span> <span class='ocrx_word' id='word_1_859' title='bbox 939 5389 1116 5442; x_wconf 85' lang='lat' dir='ltr'><strong>Patris</strong></span> <span class='ocrx_word' id='word_1_860' title='bbox 1142 5388 1409 5456; x_wconf 83' lang='lat' dir='ltr'><strong>quatenus</strong></span> <span class='ocrx_word' id='word_1_861' title='bbox 1433 5391 1596 5442; x_wconf 90' lang='lat' dir='ltr'><strong>herus</strong></span> <span class='ocrx_word' id='word_1_862' title='bbox 1623 5399 1707 5442; x_wconf 83' lang='lat' dir='ltr'><strong>est</strong></span> 
     </span>
    </p>
   </div>
   <div class='ocr_carea' id='block_1_110' title="bbox 178 5449 1710 5528">
    <p class='ocr_par' dir='ltr' id='par_1_110' title="bbox 178 5449 1710 5528">
     <span class='ocr_line' id='line_1_110' title="bbox 178 5449 1710 5528; baseline 0.007 -26"><span class='ocrx_word' id='word_1_863' title='bbox 178 5449 443 5528; x_wconf 68' lang='lat' dir='ltr'><strong>imperium</strong></span> <span class='ocrx_word' id='word_1_864' title='bbox 467 5473 573 5511; x_wconf 89' lang='lat' dir='ltr'><strong>non</strong></span> <span class='ocrx_word' id='word_1_865' title='bbox 610 5462 891 5528; x_wconf 82' lang='lat' dir='ltr'><strong>experitur</strong></span> <span class='ocrx_word' id='word_1_866' title='bbox 925 5476 939 5512; x_wconf 88' lang='lat'><strong>:</strong></span> <span class='ocrx_word' id='word_1_867' title='bbox 976 5460 1049 5512; x_wconf 90' lang='lat' dir='ltr'><strong>ita</strong></span> <span class='ocrx_word' id='word_1_868' title='bbox 1084 5449 1264 5514; x_wconf 75' lang='lat' dir='ltr'><strong>dicere</strong></span> <span class='ocrx_word' id='word_1_869' title='bbox 1294 5474 1580 5528; x_wconf 78' lang='lat' dir='ltr'><strong>possumus</strong></span> <span class='ocrx_word' id='word_1_870' title='bbox 1612 5473 1710 5512; x_wconf 87' lang='lat' dir='ltr'><strong>nec</strong></span> 
     </span>
    </p>
   </div>
   <div class='ocr_carea' id='block_1_111' title="bbox 185 5519 1708 5600">
    <p class='ocr_par' dir='ltr' id='par_1_111' title="bbox 185 5519 1708 5600">
     <span class='ocr_line' id='line_1_111' title="bbox 185 5519 1708 5600; baseline 0.009 -32"><span class='ocrx_word' id='word_1_871' title='bbox 185 5519 391 5600; x_wconf 74' lang='lat' dir='ltr'><strong>famulos</strong></span> <span class='ocrx_word' id='word_1_872' title='bbox 419 5519 742 5595; x_wconf 80' lang='lat' dir='ltr'><strong>cognoscere</strong></span> <span class='ocrx_word' id='word_1_873' title='bbox 773 5527 987 5600; x_wconf 64' lang='lat' dir='ltr'><strong>Patrem</strong></span> <span class='ocrx_word' id='word_1_874' title='bbox 1013 5545 1030 5595; x_wconf 93' lang='lat'><strong>;</strong></span> <span class='ocrx_word' id='word_1_875' title='bbox 1061 5544 1182 5583; x_wconf 88' lang='lat' dir='ltr'><strong>nam</strong></span> <span class='ocrx_word' id='word_1_876' title='bbox 1207 5519 1474 5600; x_wconf 78' lang='lat' dir='ltr'><strong>quatenus</strong></span> <span class='ocrx_word' id='word_1_877' title='bbox 1526 5529 1708 5582; x_wconf 84' lang='lat' dir='ltr'><strong>famuli</strong></span> 
     </span>
    </p>
   </div>
   <div class='ocr_carea' id='block_1_112' title="bbox 182 5595 1707 5712">
    <p class='ocr_par' dir='ltr' id='par_1_112' title="bbox 182 5595 1707 5712">
     <span class='ocr_line' id='line_1_112' title="bbox 182 5595 1707 5712; baseline 0.007 -70"><span class='ocrx_word' id='word_1_878' title='bbox 182 5601 314 5712; x_wconf 56' lang='lat' dir='ltr'><strong>amt,</strong></span> <span class='ocrx_word' id='word_1_879' title='bbox 340 5595 522 5649; x_wconf 83' lang='lat' dir='ltr'><strong>lterum</strong></span> <span class='ocrx_word' id='word_1_880' title='bbox 555 5606 820 5666; x_wconf 80' lang='lat' dir='ltr'><strong>quatenus</strong></span> <span class='ocrx_word' id='word_1_881' title='bbox 865 5599 1030 5654; x_wconf 81' lang='lat' dir='ltr'><strong>Pater</strong></span> <span class='ocrx_word' id='word_1_882' title='bbox 1060 5609 1165 5664; x_wconf 85' lang='lat' dir='ltr'><strong>est,</strong></span> <span class='ocrx_word' id='word_1_883' title='bbox 1209 5595 1316 5654; x_wconf 74' lang='lat' dir='ltr'><strong>non</strong></span> <span class='ocrx_word' id='word_1_884' title='bbox 1349 5611 1707 5669; x_wconf 84' lang='lat' dir='ltr'><strong>cognoscunt.</strong></span> 
     </span>
     <span class='ocr_line' id='line_1_113' title="bbox 227 5675 422 5712; baseline 0 0"><span class='ocrx_word' id='word_1_885' title='bbox 227 5675 422 5712; x_wconf 72' lang='lat' dir='ltr'><strong>uerius.</strong></span> 
     </span>
    </p>
   </div>
   <div class='ocr_carea' id='block_1_113' title="bbox 227 5675 422 5719">
    <p class='ocr_par' dir='ltr' id='par_1_113' title="bbox 227 5675 422 5719">
     <span class='ocr_line' id='line_1_114' title="bbox 227 5675 422 5719; baseline 0.015 -8"><span class='ocrx_word' id='word_1_886' title='bbox 227 5675 422 5719; x_wconf 71' lang='lat' dir='ltr'><strong>UE&#39;I&#39;IUS.</strong></span> 
     </span>
    </p>
   </div>
   <div class='ocr_carea' id='block_1_114' title="bbox 249 5729 1712 5808">
    <p class='ocr_par' dir='ltr' id='par_1_114' title="bbox 249 5729 1712 5808">
     <span class='ocr_line' id='line_1_115' title="bbox 249 5729 1712 5808; baseline -0.003 -10"><span class='ocrx_word' id='word_1_887' title='bbox 249 5729 320 5800; x_wconf 76' lang='grc'><strong>(6)</strong></span> <span class='ocrx_word' id='word_1_888' title='bbox 374 5737 830 5808; x_wconf 74' lang='grc' dir='ltr'>ηαραδεεέμεθα.</span> <span class='ocrx_word' id='word_1_889' title='bbox 857 5741 932 5794; x_wconf 87' lang='lat' dir='ltr'><strong>Ita</strong></span> <span class='ocrx_word' id='word_1_890' title='bbox 959 5739 1124 5795; x_wconf 83' lang='lat' dir='ltr'><strong>habet</strong></span> <span class='ocrx_word' id='word_1_891' title='bbox 1146 5740 1314 5796; x_wconf 78' lang='lat' dir='ltr'><strong>codex</strong></span> <span class='ocrx_word' id='word_1_892' title='bbox 1349 5738 1712 5804; x_wconf 77' lang='lat' dir='ltr'><strong>Bodleianus;</strong></span> 
     </span>
    </p>
   </div>
   <div class='ocr_carea' id='block_1_115' title="bbox 1849 5097 3382 5241">
    <p class='ocr_par' dir='ltr' id='par_1_115' title="bbox 1849 5097 3382 5241">
     <span class='ocr_line' id='line_1_116' title="bbox 1893 5097 3382 5174; baseline -0.004 -16"><span class='ocrx_word' id='word_1_893' title='bbox 1893 5097 1954 5174; x_wconf 68' lang='grc'><strong>’³1)</strong></span> <span class='ocrx_word' id='word_1_894' title='bbox 1986 5097 2368 5172; x_wconf 64' lang='grc' dir='ltr'>Εὑξάξιιενονξ</span> <span class='ocrx_word' id='word_1_895' title='bbox 2413 5104 2506 5156; x_wconf 85' lang='lat' dir='ltr'><strong>Sic</strong></span> <span class='ocrx_word' id='word_1_896' title='bbox 2555 5102 2725 5156; x_wconf 76' lang='lat' dir='ltr'><strong>codex</strong></span> <span class='ocrx_word' id='word_1_897' title='bbox 2757 5097 3120 5166; x_wconf 89' lang='lat' dir='ltr'><strong>Bodleianus;</strong></span> <span class='ocrx_word' id='word_1_898' title='bbox 3160 5097 3382 5168; x_wconf 81' lang='lat' dir='ltr'><strong>Regius,</strong></span> 
     </span>
     <span class='ocr_line' id='line_1_117' title="bbox 1849 5106 3362 5241; baseline -0.005 -11"><span class='ocrx_word' id='word_1_899' title='bbox 1849 5106 2124 5241; x_wconf 56' lang='grc' dir='ltr'>ὒὲόμενον,</span> <span class='ocrx_word' id='word_1_900' title='bbox 2155 5173 2316 5228; x_wconf 86' lang='lat' dir='ltr'><strong>male.</strong></span> <span class='ocrx_word' id='word_1_901' title='bbox 2657 5239 2679 5241; x_wconf 88' lang='lat'><em>_</em></span> <span class='ocrx_word' id='word_1_902' title='bbox 2804 5238 2827 5241; x_wconf 93' lang='lat'><strong><em>_</em></strong></span> <span class='ocrx_word' id='word_1_903' title='bbox 3022 5237 3032 5241; x_wconf 27' lang='grc' dir='ltr'><strong>Α</strong></span> 
     </span>
    </p>
   </div>
   <div class='ocr_carea' id='block_1_116' title="bbox 1812 5195 1870 5230">
    <p class='ocr_par' dir='ltr' id='par_1_116' title="bbox 1812 5195 1870 5230">
     <span class='ocr_line' id='line_1_118' title="bbox 1812 5195 1870 5230; baseline 0 0"><span class='ocrx_word' id='word_1_904' title='bbox 1812 5195 1870 5230; x_wconf 82' lang='grc' dir='ltr'><strong>ευ</strong></span> 
     </span>
    </p>
   </div>
   <div class='ocr_carea' id='block_1_117' title="bbox 1907 5173 2316 5239">
    <p class='ocr_par' dir='ltr' id='par_1_117' title="bbox 1907 5173 2316 5239">
     <span class='ocr_line' id='line_1_119' title="bbox 1907 5173 2316 5239; baseline 0 -11"><span class='ocrx_word' id='word_1_905' title='bbox 1907 5177 1934 5228; x_wconf 89' lang='grc' dir='ltr'><strong>ό</strong></span> <span class='ocrx_word' id='word_1_906' title='bbox 1942 5192 2124 5239; x_wconf 88' lang='grc' dir='ltr'>μενον,</span> <span class='ocrx_word' id='word_1_907' title='bbox 2155 5173 2316 5228; x_wconf 86' lang='lat' dir='ltr'><strong>male.</strong></span> 
     </span>
    </p>
   </div>
   <div class='ocr_carea' id='block_1_118' title="bbox 1885 5193 3389 5317">
    <p class='ocr_par' dir='ltr' id='par_1_118' title="bbox 1885 5193 3389 5317">
     <span class='ocr_line' id='line_1_120' title="bbox 1885 5193 2316 5246; baseline 0 -18"><span class='ocrx_word' id='word_1_908' title='bbox 1885 5193 2124 5246; x_wconf 76' lang='grc' dir='ltr'>ςομενον,</span> <span class='ocrx_word' id='word_1_909' title='bbox 2155 5193 2316 5228; x_wconf 73' lang='lat' dir='ltr'><strong>utare.</strong></span> 
     </span>
     <span class='ocr_line' id='line_1_121' title="bbox 1885 5235 3389 5317; baseline -0.005 -19"><span class='ocrx_word' id='word_1_910' title='bbox 1885 5249 1959 5317; x_wconf 84' lang='lat'><strong>(8)</strong></span> <span class='ocrx_word' id='word_1_911' title='bbox 1983 5245 2093 5314; x_wconf 76' lang='grc' dir='ltr'>Καὶ</span> <span class='ocrx_word' id='word_1_912' title='bbox 2123 5243 2230 5315; x_wconf 76' lang='grc' dir='ltr'>γὰρ</span> <span class='ocrx_word' id='word_1_913' title='bbox 2259 5242 2574 5317; x_wconf 64' lang='grc' dir='ltr'>εὐχόμενοι</span> <span class='ocrx_word' id='word_1_914' title='bbox 2591 5239 2687 5317; x_wconf 52' lang='lat' dir='ltr'><strong>Et?)</strong></span> <span class='ocrx_word' id='word_1_915' title='bbox 2709 5238 2834 5317; x_wconf 74' lang='grc' dir='ltr'>Θεῷ</span> <span class='ocrx_word' id='word_1_916' title='bbox 2859 5241 2930 5317; x_wconf 71' lang='grc' dir='ltr'>οὐ</span> <span class='ocrx_word' id='word_1_917' title='bbox 2964 5237 3232 5317; x_wconf 56' lang='grc' dir='ltr'>λέγουσι,</span> <span class='ocrx_word' id='word_1_918' title='bbox 3275 5235 3389 5290; x_wconf 84' lang='grc' dir='ltr'>Πά-</span> 
     </span>
    </p>
   </div>
   <div class='ocr_carea' id='block_1_119' title="bbox 1814 5310 3388 5384">
    <p class='ocr_par' dir='ltr' id='par_1_119' title="bbox 1814 5310 3388 5384">
     <span class='ocr_line' id='line_1_122' title="bbox 1814 5310 3388 5384; baseline -0.007 -12"><span class='ocrx_word' id='word_1_919' title='bbox 1814 5310 2057 5384; x_wconf 73' lang='grc' dir='ltr'><strong>τεῤ.’8ἰο</strong></span> <span class='ocrx_word' id='word_1_920' title='bbox 2094 5310 2235 5368; x_wconf 79' lang='lat' dir='ltr'><strong>hunc</strong></span> <span class='ocrx_word' id='word_1_921' title='bbox 2273 5310 2474 5384; x_wconf 81' lang='lat' dir='ltr'><strong>locum,</strong></span> <span class='ocrx_word' id='word_1_922' title='bbox 2502 5315 2554 5384; x_wconf 89' lang='lat' dir='ltr'><strong>i_n</strong></span> <span class='ocrx_word' id='word_1_923' title='bbox 2591 5311 2757 5381; x_wconf 81' lang='lat' dir='ltr'><strong>Regio</strong></span> <span class='ocrx_word' id='word_1_924' title='bbox 2777 5311 2970 5384; x_wconf 75' lang='lat' dir='ltr'><strong>codice</strong></span> <span class='ocrx_word' id='word_1_925' title='bbox 2998 5310 3266 5384; x_wconf 74' lang='lat' dir='ltr'><strong>laxatum,</strong></span> <span class='ocrx_word' id='word_1_926' title='bbox 3299 5323 3388 5361; x_wconf 83' lang='lat' dir='ltr'><strong>sa-</strong></span> 
     </span>
    </p>
   </div>
   <div class='ocr_carea' id='block_1_120' title="bbox 1819 5379 3289 5440">
    <p class='ocr_par' dir='ltr' id='par_1_120' title="bbox 1819 5379 3289 5440">
     <span class='ocr_line' id='line_1_123' title="bbox 1819 5379 3289 5440; baseline -0.007 0"><span class='ocrx_word' id='word_1_927' title='bbox 1819 5379 1969 5440; x_wconf 68' lang='lat' dir='ltr'><strong>nitati</strong></span> <span class='ocrx_word' id='word_1_928' title='bbox 1997 5387 2287 5439; x_wconf 85' lang='lat' dir='ltr'><strong>restituunt</strong></span> <span class='ocrx_word' id='word_1_929' title='bbox 2317 5383 2475 5435; x_wconf 87' lang='lat' dir='ltr'><strong>codd.</strong></span> <span class='ocrx_word' id='word_1_930' title='bbox 2509 5379 2833 5435; x_wconf 73' lang='lat' dir='ltr'><strong>Botlleiauus</strong></span> <span class='ocrx_word' id='word_1_931' title='bbox 2855 5390 2909 5434; x_wconf 86' lang='lat' dir='ltr'><strong>et</strong></span> <span class='ocrx_word' id='word_1_932' title='bbox 2936 5379 3289 5430; x_wconf 78' lang='lat' dir='ltr'><strong>Barberiuus.</strong></span> 
     </span>
    </p>
   </div>
   <div class='ocr_carea' id='block_1_121' title="bbox 1883 5447 3384 5527">
    <p class='ocr_par' dir='ltr' id='par_1_121' title="bbox 1883 5447 3384 5527">
     <span class='ocr_line' id='line_1_124' title="bbox 1883 5447 3384 5527; baseline -0.005 -18"><span class='ocrx_word' id='word_1_933' title='bbox 1883 5456 1958 5527; x_wconf 88' lang='lat'><strong>(9)</strong></span> <span class='ocrx_word' id='word_1_934' title='bbox 1981 5456 2058 5508; x_wconf 88' lang='grc' dir='ltr'><strong>Δι’</strong></span> <span class='ocrx_word' id='word_1_935' title='bbox 2080 5451 2267 5527; x_wconf 75' lang='grc' dir='ltr'>αὑτοῦ</span> <span class='ocrx_word' id='word_1_936' title='bbox 2293 5453 2708 5527; x_wconf 55' lang='grc' dir='ltr'>πιστεύοντας,</span> <span class='ocrx_word' id='word_1_937' title='bbox 2727 5450 2817 5505; x_wconf 87' lang='lat' dir='ltr'><strong>Sic</strong></span> <span class='ocrx_word' id='word_1_938' title='bbox 2848 5451 3013 5527; x_wconf 76' lang='lat' dir='ltr'><strong>codex</strong></span> <span class='ocrx_word' id='word_1_939' title='bbox 3042 5447 3384 5514; x_wconf 81' lang='lat' dir='ltr'><strong>Bodleianus,</strong></span> 
     </span>
    </p>
   </div>
   <div class='ocr_carea' id='block_1_122' title="bbox 1813 5519 3158 5596">
    <p class='ocr_par' dir='ltr' id='par_1_122' title="bbox 1813 5519 3158 5596">
     <span class='ocr_line' id='line_1_125' title="bbox 1813 5519 3158 5596; baseline -0.006 -17"><span class='ocrx_word' id='word_1_940' title='bbox 1813 5519 2045 5596; x_wconf 77' lang='lat' dir='ltr'><strong>optime;</strong></span> <span class='ocrx_word' id='word_1_941' title='bbox 2085 5526 2304 5592; x_wconf 75' lang='lat' dir='ltr'><strong>Regius,</strong></span> <span class='ocrx_word' id='word_1_942' title='bbox 2333 5525 2490 5596; x_wconf 81' lang='lat' dir='ltr'><strong>male,</strong></span> <span class='ocrx_word' id='word_1_943' title='bbox 2516 5521 2603 5596; x_wconf 60' lang='grc' dir='ltr'><strong>διά</strong></span> <span class='ocrx_word' id='word_1_944' title='bbox 2630 5525 2754 5587; x_wconf 79' lang='grc' dir='ltr'>τοὺς</span> <span class='ocrx_word' id='word_1_945' title='bbox 2789 5519 3158 5596; x_wconf 75' lang='grc' dir='ltr'>πιστεύοντας.</span> 
     </span>
    </p>
   </div>
   <div class='ocr_carea' id='block_1_123' title="bbox 1887 5585 3387 5667">
    <p class='ocr_par' dir='ltr' id='par_1_123' title="bbox 1887 5585 3387 5667">
     <span class='ocr_line' id='line_1_126' title="bbox 1887 5585 3387 5667; baseline -0.013 -4"><span class='ocrx_word' id='word_1_946' title='bbox 1887 5597 1999 5667; x_wconf 65' lang='grc'><strong>(10)</strong></span> <span class='ocrx_word' id='word_1_947' title='bbox 2032 5585 2534 5665; x_wconf 54' lang='grc' dir='ltr'>’Ὲκλῖενοινμέλνηνκ</span> <span class='ocrx_word' id='word_1_948' title='bbox 2563 5585 2794 5652; x_wconf 78' lang='lat' dir='ltr'><strong>Oznuiuo</strong></span> <span class='ocrx_word' id='word_1_949' title='bbox 2824 5591 3102 5662; x_wconf 84' lang='lat' dir='ltr'><strong>legendum</strong></span> <span class='ocrx_word' id='word_1_950' title='bbox 3127 5585 3387 5662; x_wconf 75' lang='grc' dir='ltr'>ἐκχεομέ-</span> 
     </span>
    </p>
   </div>
   <div class='ocr_carea' id='block_1_124' title="bbox 1818 5684 1934 5739">
    <p class='ocr_par' dir='ltr' id='par_1_124' title="bbox 1818 5684 1934 5739">
     <span class='ocr_line' id='line_1_127' title="bbox 1818 5684 1934 5739; baseline -0.009 -17"><span class='ocrx_word' id='word_1_951' title='bbox 1818 5684 1934 5739; x_wconf 78' lang='grc' dir='ltr'>νην.</span> 
     </span>
    </p>
   </div>
  </div>
