3702 6142
350 253 457 314 ιιι

1791 250 2109 307 ORIGENIS

3477 253 3564 312 $56

351 372 646 433 resurrexit
683 387 712 426 a
747 372 976 427 mortuis
1016 370 1174 427 Jesus
1220 373 1470 429 Christus
1517 375 1774 430 Domi-nus
1815 389 1953 433 Ito-1

2049 377 2147 428 πᾶσι
2177 377 2287 437 τοῖς
2326 375 2553 443 ἔθνεσιν,
2587 377 2730 448 ὑπὲρ
2762 376 2855 431 τοῦ
2883 378 3142 449 ὀνόματος
3184 375 3375 439 αὑτοῦ,
3406 376 3462 430 ἐν
3498 374 3566 443 οἷς

353 477 488 534 ster,
523 481 620 537 per
639 479 802 534 quem
830 466 1146 533 accepimus
1172 466 1402 534 gratiam
1439 476 1494 519 et
1527 466 1911 535 apostolatum,

353 571 413 615 ut
446 559 733 615 obediatur
756 557 878 612 lidei
909 558 963 612 in
989 557 1242 613 omnibus
1264 557 1534 628 gentibus,
1574 573 1671 626 pro
1699 558 1917 614 nomine

354 653 490 720 ejus,
519 653 572 706 in
596 651 792 722 quibus
819 650 953 705 estis
980 660 1034 704 et
1060 664 1160 704 vos
1181 651 1356 704 vocati
1385 648 1512 704 Jesu
1539 649 1736 706 Christi
1762 670 1776 706 :
1800 666 1917 706 om-

356 746 515 800 nibus
545 744 637 814 qui
669 751 799 798 sunt
835 743 1038 806 Romae,
1076 740 1285 797 dilectis
1307 741 1421 809 Dei,
1451 743 1658 798 vocatis
1684 744 1914 809 sanctis,

356 838 529 909 gratia
566 835 746 900 vobis,
779 844 829 890 et
865 850 966 904 pax
1002 850 1031 887 a
1066 835 1174 889 Deo
1204 834 1366 890 Patre
1396 846 1585 891 nostro
1611 847 1667 890 et
1690 836 1918 891 Domino

355 927 484 986 Josu
517 927 756 984 Christo.
789 947 807 979 ι
833 926 908 980 Ex
939 926 1022 981 his
1045 927 1189 981 enim
1215 926 1392 995 palam
1417 926 1708 982 didicimus
1734 927 1919 982 mundi

361 1029 803 1091 procreatorem,
866 1019 1034 1074 Deum
1091 1019 1520 1088 prophetarum,
1584 1029 1640 1075 et
1704 1019 1919 1074 Patrem

360 1111 588 1174 Christi,
621 1109 785 1164 Deum
827 1118 882 1164 et
922 1107 1134 1164 Patrem
1189 1117 1432 1162 nostrum
1474 1125 1612 1165 esse.
1659 1109 1919 1164 Pharisaei

361 1202 526 1272 igitur
559 1217 666 1256 non
698 1200 870 1256 solum
897 1200 1254 1268 cognitionem
1289 1216 1393 1254 non
1429 1199 1701 1255 habebant
1744 1202 1922 1256 Patris

361 1293 587 1360 Christi,
623 1295 714 1362 qui
747 1293 921 1362 legem
960 1291 1127 1353 dedit,
1172 1302 1438 1360 quatenus
1477 1292 1640 1347 Pater
1673 1304 1777 1360 est,
1826 1308 1921 1348 seu

360 1394 630 1453 quatenus
658 1385 834 1448 Deus;
869 1383 963 1437 sed
992 1396 1058 1437 ne
1081 1385 1218 1436 citra
1244 1385 1677 1437 controversiam
1705 1385 1922 1454 quidem

361 1475 462 1544 ipsi
497 1475 807 1537 credebant,
847 1482 1114 1542 quatenus
1153 1473 1313 1528 Pater
1358 1483 1478 1528 erat
1520 1471 1672 1540 Jesu,
1701 1486 1758 1530 et
1783 1475 1926 1533 Dcus

361 1567 556 1636 ipsius,
597 1575 762 1634 atque
813 1564 975 1619 etiam
1022 1564 1252 1620 fortasse
1299 1575 1570 1635 quatenus
1625 1568 1767 1624 Deus
1809 1580 1926 1624 erat

365 1658 456 1727 qni
493 1658 678 1713 omnia
708 1664 1006 1712 creaverat.
1042 1656 1147 1712 Sed
1181 1675 1247 1713 ne
1272 1660 1550 1714 Christum
1586 1661 1804 1728 quidem
1835 1675 1926 1714 uo—

363 1758 487 1804 rant
528 1766 545 1816 ;
596 1757 651 1804 et
703 1748 840 1802 bene
874 1747 1134 1804 Servator
1158 1763 1252 1804 eos
1286 1751 1585 1820 redarguit,
1625 1751 1814 1805 dicens
1841 1750 1920 1804 ⁶⁸ι

367 1859 390 1894 ι
418 1840 604 1910 Neque
633 1855 720 1895 me
743 1841 918 1906 scitis,
952 1856 1128 1910 neque
1149 1840 1362 1896 Patrem
1390 1857 1565 1896 meum
1595 1843 1765 1898 scitis.
1792 1863 1812 1896 ›
1843 1841 1930 1897 ln-

363 1948 525 2004 super
557 1933 672 1987 haec
700 1948 883 2002 quaero
909 1952 922 1988 :
949 1943 1124 1988 utrum
1164 1937 1268 1989 hoc
1296 1934 1658 2004 proloquium,
1697 1954 1714 1986 ι
1738 1936 1793 1991 Si
1823 1936 1927 1990 Pa-

367 2035 503 2080 trem
552 2039 728 2080 meum
773 2027 1007 2088 sciretis,
1035 2036 1092 2080 et
1136 2042 1222 2081 me
1252 2027 1488 2093 sciretis,
1524 2045 1542 2078 ι
1585 2027 1725 2081 idem
1751 2029 1930 2082 valeat

367 2133 490 2174 cum
547 2118 661 2183 illo,
703 2137 722 2169 ι
766 2118 823 2173 Si
864 2133 951 2172 me
984 2118 1226 2181 sciretis,
1261 2125 1316 2172 et
1347 2117 1563 2175 Patrem
1607 2134 1786 2173 meum
1823 2122 1931 2174 sci-

366 2210 521 2274 retis,
558 2227 578 2262 ι
616 2211 684 2264 an
717 2224 844 2264 non.
875 2207 942 2262 Et
967 2209 1203 2263 arbitror
1232 2208 1348 2264 haec
1379 2209 1522 2263 inter
1553 2224 1616 2265 se
1637 2225 1744 2264 non
1763 2212 1930 2280 arqui-

366 2302 598 2372 pollere,
621 2317 687 2356 eo
717 2301 858 2369 quod
917 2301 1008 2370 qui
1043 2300 1257 2355 Patrem
1297 2302 1565 2371 agnoscit,
1613 2304 1866 2357 ascendat
1899 2319 1930 2358 a

366 2394 676 2463 cognitione
724 2392 844 2446 Filii
896 2394 961 2446 ad
1007 2393 1371 2462 cognitionem
1422 2390 1620 2455 Patris,
1669 2406 1771 2446 nec
1825 2393 1931 2448 alio

368 2486 528 2540 modo
575 2485 821 2538 videatur
869 2483 1029 2538 Pater
1079 2498 1241 2551 quam
1289 2483 1496 2538 visione
1547 2483 1713 2547 Filii;
1761 2501 1781 2535 ι
1829 2483 1929 2549 Qui

368 2577 511 2632 enim
558 2576 694 2631 vidit
743 2591 864 2642 me,
919 2576 1114 2645 inquit,
1163 2575 1296 2628 vidit
1327 2585 1382 2628 et
1429 2573 1644 2629 Patrem
1675 2575 1740 2640 ⁸³,
1771 2576 1931 2644 ι,ηυί

369 2669 518 2723 misit
557 2683 643 2722 me
672 2686 685 2731 ;
715 2683 815 2722 nec
852 2677 1030 2722 tamen
1072 2667 1301 2722 dixisset
1333 2685 1347 2721 :
1383 2666 1489 2734 Qui
1530 2668 1666 2722 vidit
1692 2667 1930 2734 Patrem,

373 2759 504 2814 vidit
535 2771 640 2820 me,
677 2757 933 2826 quoniam
968 2756 1057 2825 qui
1089 2755 1407 2811 Sermonem
1439 2756 1528 2811 Dei
1573 2758 1744 2824 videt,
1787 2757 1934 2812 videt

371 2849 561 2913 Deum,
617 2851 920 2904 ascendens
957 2864 988 2902 a
1024 2848 1160 2904 Filio
1199 2849 1266 2904 ad
1299 2849 1514 2903 Patrem
1558 2865 1575 2914 ;
1628 2847 1745 2904 ﬁeri
1787 2851 1931 2905 enim

367 2941 559 3009 nequit
612 2951 671 2993 ut
720 2941 899 2994 videat
941 2941 1062 3010 quis
1112 2939 1275 2995 Deum
1327 2955 1432 2993 non
1486 2939 1694 2995 habens
1742 2941 1932 2997 ducem

2015 466 2137 517 ἐστε
2165 468 2256 518 καὶ
2285 467 2442 537 ὑμεῖς
2476 467 2662 538 κλητοὶ
2693 467 2864 540 Ἰησοῦ
2893 467 3150 539 Χριστοῦ·
3186 470 3319 521 πᾶσι
3347 469 3457 532 τοῖς
3484 466 3565 521 οὗ·

2018 574 2100 610 σιν
2129 560 2186 610 ἐν
2225 554 2408 632 Ῥώμῃ
2443 561 2744 631 ἀγαπητοῖς
2759 560 2914 624 Θεοῦ,
2950 561 3173 632 κλητοῖς
3196 560 3397 628 ἁγίοις,
3427 561 3568 631 χάρις

2017 650 2142 720 ὑμῖν
2164 650 2255 703 καὶ
2283 653 2468 722 εἰρήνη
2499 652 2606 706 ἀπὸ
2631 653 2766 706 Θεοῦ
2792 654 3003 724 Πατρὸς
3029 652 3206 724 ἡμῶν,
3235 653 3336 706 καὶ
3381 653 3564 722 Κυρίου

2029 742 2199 813 Ἰησοῦ
2228 743 2483 814 Χριστοῦ.
2525 749 2552 794 ἰ
2603 743 2794 812 Σαφῶς
2822 745 2930 814 γὰρ
2965 745 3073 798 ἀπὸ
3097 743 3303 796 τούτων
3337 742 3568 814 "quoﬁ-

2017 851 2211 905 καμεν,
2251 835 2333 887 ὅτι
2366 835 2395 886 6
2422 836 2776 906 Δημιουργὸς,
2813 837 2906 890 καὶ
2937 835 3068 899 Θεὸς
3116 835 3223 887 τῶν
3267 833 3566 905 προφητῶν,

2018 926 2112 979 καὶ
2143 926 2332 998 Πατὴρ
2374 926 2468 980 τοῦ
2499 928 2752 999 Χριστοῦ,
2795 928 2926 990 Θεός
2971 945 3029 980 τε
3064 928 3156 980 καὶ
3198 927 3392 998 Πατὴρ
3435 926 3569 997 ἡμῶν

2020 1019 2155 1071 ἐστι.
2209 1020 2488 1090 Φαρισαῖοι
2533 1019 2708 1073 τοίνυν
2739 1020 2799 1072 οὑ
2847 1019 3003 1090 μόνον
3045 1019 3245 1087 γνῶσιν
3289 1019 3393 1071 οὐκ
3426 1013 3567 1088 εἶχον,

2019 1109 2142 1164 οὔτε
2174 1111 2294 1164 καθ’
2321 1112 2349 1165 6
2381 1113 2591 1184 Πατὴρ,
2630 1112 2752 1166 οὔτε
2779 1113 2900 1166 καθ’
2929 1114 2957 1166 ὃ
2988 1112 3140 1176 Θεὸς,
3170 1111 3263 1164 τοῦ
3302 1111 3573 1172 δεδωκότος

2021 1201 2112 1254 τὸν
2139 1202 2300 1272 νόμον
2332 1203 2543 1274 Πατρὸς
2581 1203 2675 1255 τοῦ
2726 1203 2980 1274 Χριστοῦ·
3017 1203 3129 1256 ἀλλ’
3170 1201 3279 1254 οὐδ’
3315 1201 3573 1253 ἐπίστευον

2023 1292 2172 1363 αὐτῷ
2203 1293 2647 1365 ὁμολογουμένως
2702 1295 2796 1364 μὲν
2850 1294 2972 1347 καθ’
3015 1293 3045 1346 ὂ
3087 1293 3277 1364 Πατὴρ
3309 1288 3378 1362 ἦν
3422 1292 3572 1362 ’1ησοῦ

2023 1386 2117 1440 κα)⁵
2149 1386 2280 1449 Θεὸς
2329 1387 2514 1449 αὑτοῦ,
2549 1387 2688 1456 τάχα
2719 1386 2777 1439 δὲ
2803 1386 2922 1439 καθ’
2955 1385 2984 1438 6
3021 1388 3048 1438 6
3077 1386 3206 1447 Θεὸς
3233 1386 3261 1436 6
3286 1384 3477 1447 κτίσας
3517 1384 3574 1438 τὰ

2026 1478 2202 1531 πάντα
2231 1473 2318 1549 ἦν·
2357 1477 2468 1530 ἀλλ’
2492 1478 2614 1530 οὐδὲ
2651 1477 2741 1530 τὸν
2765 1477 2995 1547 Χριστὸν
3025 1476 3266 1546 ᾔδεισανσ
3296 1477 3389 1528 καὶ
3417 1475 3575 1539 καλῶς

2027 1570 2234 1639 ἐλέγχει
2279 1570 2526 1632 αὐτοὺςὸ
2570 1569 2759 1639 Σωτὴρ
2804 1569 2993 1636 λέγων·
3042 1586 3060 1618 ι
3102 1567 3238 1620 Οὔτε
3273 1567 3374 1637 ἐμὲ
3399 1567 3572 1628 οἴδατε,

2027 1660 2150 1714 οὔτε
2178 1662 2269 1714 τὸν
2294 1661 2510 1732 Πατέρα
2534 1678 2633 1732 μου
2667 1661 2861 1714 οἴδατε,
2901 1680 2921 1712 ι
2959 1659 3142 1713 Ταῦτα
3167 1658 3338 1729 ζητῶ,
3373 1658 3574 1732 πότερον

2032 1753 2141 1806 ἴσον
2167 1752 2386 1806 δύναται
2409 1751 2506 1823 τῷ,
2539 1772 2558 1803 ι
2583 1754 2646 1804 Ei
2674 1753 2770 1822 ἐμὲ
2802 1752 2996 1822 ᾔδειτε,
3019 1751 3219 1804 καὶτὸν
3242 1749 3460 1819 Πατέρα
3491 1767 3574 1820 μου

2031 1843 2096 1896 ἂν
2115 1844 2310 1914 ᾔδειτε,
2347 1861 2366 1894 ι
2399 1842 2478 1906 τὸ,
2513 1862 2531 1895 ι
2566 1844 2629 1896 Ei
2660 1843 2749 1894 τὸν
2784 1843 3000 1913 Πατέρα
3029 1858 3129 1912 μου
3151 1841 3353 1910 ᾔδειτε,
3386 1839 3474 1892 καὶ
3494 1838 3574 1907 ἐμὲ

2030 1936 2096 1990 ἂν
2116 1937 2314 2007 ᾔδειτε,
2357 1956 2375 1988 ι
2409 1934 2540 2006 ἢοΰ.
2577 1935 2686 1989 Καὶ
2711 1934 2952 2006 ἠγοῦμαι
2985 1934 3059 2006 μὴ
3096 1935 3207 1987 ἴσον
3235 1932 3410 1986 ταῦτα
3445 1930 3575 1983 δύνα-

2031 2029 2152 2082 σθαι
2199 2027 2463 2099 ἀλλήλοις,
2494 2027 2572 2098 τῷ
2599 2026 2904 2080 ἀναϐαίνειν
2933 2026 3038 2079 ἀπὸ
3085 2025 3184 2095 τῆς
3212 2022 3464 2092 γνώσεως
3498 2020 3575 2074 τοῦ

2030 2120 2161 2173 Υίοῦ
2194 2121 2287 2174 ἐπὶ
2319 2122 2416 2192 τὴν
2448 2119 2647 2189 γνῶσιν
2677 2120 2772 2173 τοῦ
2796 2119 3005 2190 Πατρὸς
3034 2119 3124 2172 τὸν
3147 2115 3481 2184 γινώσκοντα
3502 2110 3574 2162 τὸν

2030 2213 2268 2282 Πατέρα,
2303 2213 2398 2266 καὶ¹
2449 2212 2522 2282 μὴ
2567 2211 2741 2275 ἄλλως
2789 2211 3018 2281 ὁρᾶσθαι
3059 2208 3148 2262 τὸν
3195 2202 3475 2276 Πατέραῆ
3512 2199 3573 2269 τῷ

2029 2305 2255 2379 ὁρᾶσθαι
2288 2305 2377 2359 τὸν
2423 2304 2568 2357 Υἱόν·
2613 2304 2710 2357 «Ὀ
2754 2303 2862 2374 γὰρ
2917 2299 3210 2373 ἑωρακὼς,
3248 2297 3432 2368 φησὶν,
3476 2293 3571 2362 ἐμὲ,

2031 2399 2240 2471 ἐώρακε
2265 2398 2356 2451 τὸν
2387 2396 2606 2467 Πατέρα
2649 2415 2670 2447 ι
2707 2395 2798 2449 τὸν
2832 2392 3119 2464 πέμψαντά
3168 2407 3258 2460 με·
3306 2388 3405 2440 οὐκ
3436 2385 3494 2439 ἂν
3530 2383 3574 2436 δὲ

2030 2492 2237 2562 εἰρήκει
2258 2489 2337 2543 τόο
2357 2489 2412 2542 '0
2433 2486 2690 2559 ἑωρακὼς
2720 2485 2810 2538 τὸν
2832 2483 3072 2554 Πατέρα,
3090 2480 3306 2552 ἑώρακέ
3335 2494 3421 2549 με’
3450 2475 3574 2528 ἐπεὶ·

2032 2597 2136 2651 περ
2168 2583 2196 2634 6
2235 2580 2324 2633 τὸν
2362 2579 2530 2646 Λόγον
2567 2576 2922 2648 τεθεωρηκὼς
2962 2573 3056 2626 τοῦ
3089 2570 3246 2635 Θεοῦ,
3284 2570 3471 2640 θεωρεῖ
3504 2565 3576 2620 τὸν

2031 2673 2184 2738 Θεὸν,
2217 2671 2522 2726 ἀναϐαίνων
2547 2671 2656 2723 ἀπὸ
2681 2668 2775 2721 τοῦ
2802 2667 2976 2735 Λόγου
3008 2664 3142 2736 πρὸς
3165 2663 3258 2716 τὸν
3287 2661 3434 2714 Θεόν·
3459 2658 3577 2727 ἀμήο

2033 2783 2190 2836 χανον
2215 2765 2272 2818 δέ
2287 2766 2402 2816 ἐστι
2435 2764 2507 2834 μὴ
2543 2761 2649 2815 ἀπὸ
2675 2759 2770 2813 τοῦ
2797 2759 2970 2826 Λόγου
3006 2755 3286 2827 θεωρῆσαι
3319 2753 3408 2805 τὸν
3447 2749 3572 2802 Θεόν’

2033 2860 2126 2911 καὶ
2152 2859 2181 2910 6
2209 2855 2426 2927 θεωρῶν
2455 2855 2553 2925 τὴν
2585 2853 2774 2920 σοφίαν
2807 2853 2872 2921 ἢν
2909 2851 3118 2903 ἔκτισεν
3143 2850 3172 2901 6
3198 2847 3336 2908 Θεὸς
3365 2843 3464 2909 πρὸ
3489 2840 3576 2895 τῶν

2035 2950 2243 3006 αἰώνων
2268 2951 2346 3013 είς
2363 2949 2498 3020 ἔργα
2531 2947 2718 3011 αὑτοῦ,
2737 2945 3016 2999 ἀναϐαίνει
3050 2942 3156 2996 ἀπὸ
3185 2938 3282 2994 τοῦ
3311 2934 3576 3007 ἐγνωκέναι

371 3030 566 3101 Λόγοι,
600 3031 735 3104 {-seu
798 3031 1136 3100 Sermonem,
1192 3042 1247 3086 et
1294 3032 1489 3086 Filium
1536 3033 1630 3088 Dei
1662 3032 1720 3104 :]
1758 3042 1812 3089 et
1843 3037 1934 3104 qui

2049 3041 2134 3112 τὴν
2162 3040 2351 3109 σοφίαν
2377 3040 2469 3092 ἐπὶ
2495 3038 2585 3091 τὸν
2602 3037 2820 3107 Πατέρα
2853 3034 3042 3104 αὑτῆςσ
3075 3031 3336 3086 ἀδύνατον
3359 3027 3414 3080 δὲ
3437 3023 3577 3095 χωρὶς

373 3127 628 3194 cognovit
655 3125 1010 3196 Sapientiam,
1059 3141 1221 3196 quam
1261 3127 1468 3180 creavit
1503 3128 1646 3183 Deus
1687 3139 1812 3184 ante
1838 3145 1938 3184 sae-

369 3219 491 3273 cula
521 3221 589 3273 ad
617 3235 784 3291 opera
811 3236 907 3274 sua
931 3219 1001 3285 ”,
1034 3237 1062 3274 a
1093 3221 1404 3290 cognitione
1432 3223 1730 3292 Sapientiae
1756 3236 1940 3276 ascen-

374 3312 455 3366 dit
479 3313 546 3367 ad
575 3312 743 3382 ipsius
775 3313 1067 3380 Sapientim
1091 3312 1306 3369 Patrem
1336 3335 1352 3372 :
1379 3315 1498 3368 ﬂeri
1531 3316 1694 3370 etiam
1731 3315 1935 3384 nequit,

375 3412 436 3461 ut
458 3404 577 3460 sine
607 3405 768 3473 huius
796 3405 1085 3474 Sapientiae
1121 3408 1283 3461 ductu
1324 3407 1662 3477 intelligatur
1713 3405 1941 3476 Sapien-

377 3498 466 3552 tia:
496 3497 658 3551 Deus.
689 3495 842 3564 Quod
873 3496 1012 3551 idem
1047 3496 1114 3551 de
1146 3497 1376 3552 veritate
1413 3497 1562 3552 dices
1598 3517 1613 3554 :
1656 3514 1761 3552 non
1796 3499 1938 3553 enim

375 3589 627 3660 intelligit
660 3589 856 3656 aliquis
893 3589 1080 3652 Deum,
1125 3589 1213 3644 vel
1251 3587 1398 3644 videt
1440 3589 1638 3659 ipsum,
1665 3600 1721 3644 et
1749 3602 1940 3660 postea

375 3681 702 3746 veritatem;
738 3679 830 3734 sed
866 3691 1020 3733 antea
1053 3679 1365 3743 veritatem,
1401 3687 1460 3732 ut
1503 3679 1607 3734 isto
1660 3681 1816 3734 modo
1853 3695 1944 3734 ve-

373 3773 490 3827 niat
520 3771 590 3826 ad
615 3770 1085 3838 contcniplandam
1109 3770 1428 3834 essentiam,
1461 3769 1545 3824 vel
1582 3770 1820 3824 essentia
1850 3785 1941 3824 su-

373 3864 644 3934 periorem
681 3864 978 3933 potentiam
1031 3871 1086 3917 et
1131 3871 1382 3916 naturam
1433 3861 1549 3916 Dei.
1587 3864 1667 3916 Ac
1699 3862 1943 3930 profecto

375 3955 628 4019 fortasse,
661 3953 1112 4023 quemadmodum
1162 3953 1362 4023 gradus
1404 3953 1622 4022 quidam
1675 3963 1834 4008 erant
1890 3955 1941 4007 in

377 4046 574 4113 templo
617 4061 714 4115 per
757 4060 892 4114 quos
933 4046 1337 4114 ingrediebatur
1385 4046 1582 4116 aliquis
1634 4047 1686 4100 in
1739 4046 1939 4102 Sancta

377 4144 714 4201 sanctorum,
751 4138 825 4191 ita
860 4150 1048 4190 omnes
1074 4139 1272 4206 gradus
1300 4141 1472 4193 nostri
1509 4141 1819 4210 unigenitus
1857 4148 1943 4194 est

376 4227 546 4283 Filius
591 4229 685 4283 Dei
725 4245 740 4294 ;
781 4237 838 4284 et
884 4229 1026 4284 sicut
1068 4232 1272 4300 primus
1323 4232 1588 4300 graduum
1627 4231 1942 4302 Unigenitus

377 4331 462 4377 est
493 4323 548 4376 in
591 4324 750 4379 rebus
778 4322 985 4387 inferis,
1013 4323 1181 4394 283
1206 4325 1440 4395 itemque
1461 4325 1729 4380 secundus
1767 4324 1942 4394 primo

377 4415 647 4482 superior,
683 4425 739 4470 et
765 4415 846 4469 sic
872 4415 1125 4485 deinceps
1156 4432 1327 4487 usque
1365 4418 1430 4472 ad
1461 4431 1771 4487 supremum
1815 4434 1828 4484 ;
1863 4417 1942 4470 sic

377 4523 565 4564 omnes
589 4514 786 4582 gradus
808 4525 937 4568 sunt
963 4514 1220 4574 Servatur
1241 4538 1256 4574 :
1281 4519 1436 4590 cujus
1477 4519 1788 4574 humanitas
1822 4533 1945 4586 gra-

2038 3135 2136 3206 τῆς
2153 3133 2343 3202 σοφίας
2375 3129 2737 3202 προσαγωγῆς
2771 3128 2882 3197 (Η)
2911 3124 3167 3196 νοηθῆναι
3188 3121 3281 3174 τὸν
3311 3120 3403 3189 τῆς
3419 3115 3576 3184 σοφίας

2038 3226 2189 3279 Θεόν.
2219 3224 2291 3277 Τὸ
2321 3225 2365 3276 δ’
2394 3223 2523 3277 αὐτὸ
2548 3225 2692 3292 ἐρεῖς
2713 3220 2805 3273 καὶ
2833 3219 2960 3288 περὶ
2987 3217 3084 3286 τῆς
3109 3213 3383 3284 ἀληθείας
3411 3210 3464 3261 οὺ
3492 3206 3576 3275 γὰρ

2041 3317 2152 3370 νοεῖ
2171 3333 2251 3379 τις
2277 3315 2368 3367 τὸν
2400 3311 2553 3378 Θεὸν,
2585 3313 2619 3383 ἢ
2667 3311 2860 3382 θεωρεῖ
2901 3306 3082 3372 αὐτὸν,
3126 3305 3222 3357 καὶ
3273 3299 3406 3373 μετά
3432 3296 3576 3350 ταῦτα

2039 3409 2137 3480 τὴν
2170 3407 2443 3478 ἀλήθειανο
2471 3405 2604 3459 ἀλλά
2628 3404 2888 3476 πρότερον
2913 3401 3014 3474 τὴν
3038 3396 3318 3468 ἀλήθειαν,
3340 3393 3404 3446 ἵν’
3434 3389 3575 3449 οὕτως

2042 3479 2169 3574 ἔλθῃ
2199 3499 2290 3551 ἐπὶ
2309 3497 2370 3550 τὸ
2393 3497 2584 3552 ἐνιδεῖν
2600 3499 2662 3565 τῇ
2690 3494 2868 3564 οὐσία,
2893 3492 2926 3563 ἢ
2948 3493 3013 3560 τῇ
3037 3488 3364 3559 ὑπερέκεινα
3393 3481 3482 3549 τῆς
3503 3479 3576 3531 οὑ-

2044 3596 2164 3658 σίας
2190 3593 2434 3664 δυνάμει,
2461 3591 2552 3644 καὶ
2571 3589 2728 3658 φύσει
2747 3587 2840 3641 τοῦ
2865 3585 3018 3639 Θεοῦ.
3051 3584 3158 3637 Καὶ
3189 3580 3333 3650 τάχα
3349 3595 3407 3646 γε
3422 3575 3578 3642 ὥσπερ

2043 3688 2182 3741 κατά
2199 3686 2289 3740 τὸν
2315 3684 2440 3738 ναὸν
2465 3680 2766 3751 ἀναϐαθμοί
2800 3696 2942 3741 τινες
2955 3673 3193 3748 ἦσαν,δι’
3220 3668 3299 3726 ὧν
3332 3669 3489 3740 εἰσῄει
3512 3680 3578 3724 τις

2043 3782 2122 3845 είς
2148 3779 2214 3834 τὰ
2239 3781 2402 3847 ’Ἅγια
2433 3775 2541 3829 τῶν
2571 3775 2760 3843 ἁγίων,
2795 3771 2967 3834 οὕτως
2992 3773 3038 3822 oi
3069 3768 3270 3829 πάντες
3293 3762 3440 3834 ἡμῶν
3468 3761 3576 3812 ἁνα-

2045 3873 2145 3926 ϐαθ
2155 3874 2242 3944 μοὶ
2263 3872 2290 3922 6
2306 3870 2614 3939 Μονογενής
2638 3869 2752 3920 ἐστι
2784 3865 2876 3918 τοῦ
2893 3862 3027 3917 Θεοῦ
3046 3860 3177 3933 (12)·
3193 3860 3292 3913 καὶ
3306 3857 3480 3924 ὥσπερ
3491 3850 3576 3903 τῶν

2044 3963 2372 4034 ἀναϐαθμῶν
2411 3965 2440 4015 6
2465 3959 2775 4028 Μονογενής
2797 3958 2914 4009 ἐστι
2946 3954 3160 4026 πρῶτος
3202 3952 3300 4003 ἐπὶ
3335 3949 3401 4001 τὰ
3434 3945 3575 4034 κάτοθ

2043 4059 2072 4110 ὁ
2099 4057 2156 4110 δὲ
2204 4032 2393 4108 τούτου
2433 4052 2710 4122 ἀνωτέρω,
2756 4049 2851 4102 καὶ
2888 4047 3060 4110 οὕτως
3085 4043 3287 4113 ἐφεξῆς
3326 4041 3473 4111 μέχρι
3500 4032 3573 4088 τοῦ

2044 4148 2322 4200 ἀνωτάτωο
2366 4144 2537 4206 οὕτως
2587 4145 2636 4195 οἰ
2690 4142 2787 4212 μὲν
2835 4141 3032 4200 πάντες
3072 4137 3207 4189 εἰσιν
3257 4126 3576 4199 ἀναϐαθμοὶό

2045 4239 2251 4308 Σωτήρ·
2287 4237 2314 4287 6
2342 4235 2397 4288 δὲ
2429 4231 2538 4287 οἷον
2584 4232 2798 4304 πρῶτος
2845 4229 3135 4299 κατωτέρω
3179 4226 3240 4278 τὸ
3283 4221 3573 4308 ἀνθρώπινον

2046 4329 2234 4392 αὐτοῦ,
2275 4321 2319 4396 ᾧ
2357 4326 2724 4388 ἐπιϐαίνοντες
2763 4322 3036 4391 όδεύομεν,
3066 4317 3160 4372 καὶ
3194 4317 3265 4369 τὰ
3292 4314 3413 4383 ἑξῆς
3441 4304 3570 4363 αὑτοῦ

2045 4423 2193 4485 ὄντα,
2229 4421 2328 4491 τὴν
2351 4421 2531 4472 πᾶσαν
2554 4421 2611 4469 ἐν
2638 4419 2751 4478 τοῖς
2782 4411 2985 4467 ἅναϐαθ
2995 4413 3114 4482 μοῖς
3145 4408 3286 4472 ὁδὸν,
3309 4406 3436 4458 ὥστε
3465 4401 3569 4491 ἁνα-

2042 4515 2202 4585 ϐῆναι
2244 4513 2310 4566 δι’
2343 4511 2504 4564 αὐτοῦ
2538 4509 2689 4572 ὄντος
2735 4510 2826 4560 καὶ
2859 4505 3110 4574 ἀγγέλου,
3153 4503 3248 4556 καὶ
3278 4498 3380 4552 τῶν
3409 4488 3572 4547 λοιπῶν

379 4603 482 4659 dus
508 4605 736 4663 inferior
761 4601 929 4664 veluti
955 4611 1164 4681 primus
1180 4622 1265 4667 est
1287 4631 1303 4673 :
1328 4588 1427 4682 per
1451 4627 1612 4682 quam
1637 4612 1948 4682 gradientes

2049 4605 2337 4675 δυνάμεων.
2400 4602 2509 4656 Καὶ
2559 4600 2700 4653 κατά
2737 4597 2834 4660 τὰς
2867 4595 3107 4658 ἐπινοίας
3145 4595 3204 4648 δέ
3244 4590 3397 4645 αὐτοῦ
3429 4588 3570 4682 (εἴπερ

377 4699 667 4753 emetimur
714 4714 930 4756 omnem
965 4704 1233 4772 graduum
1266 4705 1433 4768 viam,
1481 4713 1539 4757 ct
1587 4704 1842 4772 deinceps
1882 4719 1943 4758 ea

379 4801 500 4855 quae
548 4790 664 4858 ipse
701 4801 783 4847 est
809 4809 824 4857 ;
852 4793 922 4847 ita
963 4802 1022 4849 ut
1062 4797 1420 4851 ascendamus
1461 4811 1557 4861 per
1602 4795 1803 4864 ipsum,
1854 4797 1945 4864 qui

378 4875 618 4946 Angelus
646 4890 804 4934 estet
828 4894 1039 4939 camerae
1068 4888 1344 4954 potentias.
1373 4885 1514 4952 Quin
1537 4888 1702 4941 etiam
1729 4896 1945 4956 propter

383 4969 850 5028 considerationes
899 4975 965 5028 de
1013 4974 1129 5042 ipso
1161 4974 1624 5044 (quandoquidem
1671 4976 1815 5031 aliud
1864 4987 1948 5032 est

381 5067 468 5120 via
517 5075 572 5120 et
610 5064 752 5120 aliud
793 5064 1300 5134 ostium),-primum
1337 5081 1625 5136 pergamus
1674 5083 1770 5138 per
1805 5069 1944 5122 viam

382 5172 605 5213 necesse
651 5165 754 5225 est,
799 5166 859 5210 ut
903 5167 1089 5226 postea
1123 5161 1226 5214 isto
1265 5161 1422 5214 modo
1457 5160 1835 5228 perveniamus
1875 5161 1940 5216 ad

381 5250 579 5304 ostium
614 5264 632 5317 ;
679 5257 734 5304 et
777 5249 844 5303 ad
889 5251 1142 5305 utendum
1189 5265 1274 5316 eo,
1305 5252 1575 5322 praecipue
1601 5252 1654 5305 in
1681 5263 1940 5320 quantum

2042 4698 2226 4768 ἕτερόν
2277 4698 2423 4747 ἐστιν
2475 4694 2592 4756 ὁδὸς
2631 4691 2725 4745 καὶ
2767 4689 2951 4762 θύρα),
2995 4686 3403 4760 προαπαντῆσαι
3431 4681 3498 4732 δεῖ
3520 4675 3568 4742 τῇ

2051 4788 2175 4858 ὁδῷ,
2201 4788 2287 4842 ἵνα
2317 4786 2454 4858 μετά
2477 4785 2646 4838 ταῦτα
2663 4783 2834 4844 οὕτως
2865 4780 3047 4851 φθάσῃ
3075 4795 3158 4841 τις
3189 4777 3281 4830 ἐπὶ
3301 4777 3391 4845 τὴν
3414 4769 3564 4838 θύραν.

2053 4876 2147 4929 καὶ
2189 4876 2404 4947 ἄρχοντι
2449 4871 2751 4944 χρήσασθαι
2794 4868 2942 4938 αὐτῷ
2981 4867 3100 4922 καθ’
3139 4867 3168 4920 ὃ
3211 4864 3404 4934 ποιμήν
3436 4860 3565 4913 ἐστιν,

2054 4969 2141 5022 ἵνα
2177 4985 2259 5030 τις
2285 4965 2484 5036 δυνηθῇ
2520 4964 2683 5019 αὑτοῦ
2721 4962 3024 5018 ἀπολαῦσαι
3057 4961 3149 5013 καὶ
3185 4957 3446 5029 βασιλέως,
3468 4950 3564 5002 ὄνα-

2055 5061 2176 5114 σθαί
2197 5077 2255 5113 τε
2281 5058 2442 5112 αὐτοῦ
2460 5058 2673 5128 πρῶτον
2693 5057 2767 5119 ὡς
2790 5053 2984 5126 ἀμνοῦ,
3012 5053 3098 5106 ἵνα
3115 5051 3324 5124 πρῶτον
3340 5049 3433 5116 ἄρῃ
3446 5037 3566 5112 ἡμῶν

2051 5159 2149 5229 τὴν
2193 5155 2483 5228 ἁμαρτίαν,
2527 5154 2620 5206 καὶ
2665 5152 2800 5223 μετά
2823 5149 2996 5204 ταῦτα
3023 5131 3565 5233 κεκαθαρισμένοιρὸ)

2048 5256 2308 5325 φάγωμεν
2351 5246 2516 5304 αὒτοῦ
2565 5246 2663 5316 τῆς
2702 5243 2921 5314 σαρκὸς,
2952 5241 3052 5310 τῆς
3094 5237 3345 5309 ἀληθινῆς
3382 5235 3562 5302 τροφης·

455 5413 503 5447 ⁸⁸
520 5413 676 5470 Joan.
696 5428 814 5477 vm,
843 5412 931 5468 l9.
1010 5412 1054 5443 ⁶⁹
1085 5410 1240 5467 Joan.
1267 5427 1382 5479 xw,
1411 5410 1465 5466 9.
1539 5412 1583 5443 ⁷ο
1606 5410 1761 5466 Prov.
1809 5427 1930 5479 vui,
1955 5411 2044 5466 ‘22.

458 5559 570 5636 (ll
593 5556 1020 5636 17,909an
1049 5555 1410 5636 scribentium
1444 5554 1796 5636 προαγωγῇς.

471 5628 580 5697 (1‘2)
620 5631 672 5681 '0
701 5626 1044 5698 Μονοτενής
1067 5628 1198 5680 ἐστι
1228 5626 1333 5679 τοῦ
1371 5626 1538 5690 Θεοῦ,
1562 5637 1673 5698 etc._
1701 5626 1787 5677 Sic
1811 5627 1953 5698 hunc

396 5697 599 5766 locum,
630 5700 684 5754 in
721 5696 889 5770 Regio
922 5701 1109 5756 codice
1136 5698 1406 5762 vitiatum,
1454 5696 1677 5752 sanitati
1717 5696 1953 5752 reStituit
2059 5709 2140 5750 νοι
2165 5708 2177 5722 ·

2061 5550 2229 5606 codex
2258 5546 2604 5600 Bodleianus.

2707 5618 2761 5689 et
2807 5607 3160 5689 Bai-hermus,
3212 5584 3556 5666 κεκαθαρισμέ-

2264 5680 2572 5753 odlciauus,
2587 5680 2996 5753 κεκαθαρμένος..
