3702 6142
122 300 220 361 537
1167 304 1524 361 COMMENT.
1561 302 1628 360 IN
1661 303 1858 361 JOAN.
1897 304 2139 363 TOMUS
2164 308 2306 364 XIX.
3247 303 3355 365 358

120 422 205 475 mi
245 419 660 493 ὲπιμιλέστερόν
700 438 761 476 τε
800 421 872 476 τὰ
913 424 1292 495 παρακείμενα
1342 423 1553 489 τούτοις

1917 436 2123 497 pastor,
2154 439 2212 485 ut
2247 430 2372 499 quis
2406 427 2572 482 etiam
2617 440 2685 481 eo
2723 434 2785 481 ut
2816 424 2965 498 Rege
3013 424 3120 481 frui
3164 426 3354 495 possit,

118 511 365 578 ἔξετάσας
396 512 494 566 καὶ
528 513 881 584 παραλαϐὼν,
915 515 1210 571 ἀκούσεται
1252 515 1386 589 (id),
1426 536 1444 567 ι
1486 518 1549 571 Ei
1579 558 1580 563 η

1892 518 2069 585 trique
2099 518 2168 572 ab
2202 519 2343 588 ipso,
2399 518 2573 587 primo
2606 514 2803 584 gradu,
2856 530 2954 570 ceu
2998 529 3160 586 agno,
3200 525 3260 571 ut
3299 515 3354 569 in

116 605 301 669 οἴδατε,
323 604 420 657 καὶ
447 605 538 657 τὸν
571 605 792 676 Πατέρα
822 624 924 677 μου
949 606 1151 671 οἴδατε,
1199 626 1219 660 ι
1251 608 1366 673 καὶ,
1403 608 1554 662 Ἐπεὶ

1894 606 1975 662 nis
2008 609 2162 662 tollat
2189 618 2469 679 peccatum
2500 617 2747 671 nostrum
2773 607 2815 639 “
2850 623 2866 673 ;
2891 622 2956 662 ac
2987 616 3181 677 postea
3206 607 3356 676 puri-

118 696 300 760 οἴδατε,
323 694 420 748 καὶ
450 694 541 748 τὸν
570 694 788 767 Πατέρα
823 713 925 766 μου
951 695 1149 750 οἴδατε.

1893 701 1931 754 ti
1963 703 2312 757 cotuedamus
2345 703 2515 772 ipsius
2551 718 2797 765 carnem,
2827 714 3021 768 nempe
3052 715 3243 755 rerum
3272 699 3354 755 cio-

118 789 233 843 bnm
258 807 273 845 :
300 804 532 858 cumque
571 789 695 859 quis
734 789 1047 859 diligentius
1088 798 1457 859 perscrutatus
1499 788 1663 846 fuerit
1725 791 1812 848 his
1861 798 2107 863 proxima
2153 798 2584 866 perceperitque,
2649 796 2780 849 illud
2815 794 3048 848 audiet:
3084 810 3104 845 ι
3166 792 3225 847 Si
3267 804 3357 849 me

118 882 339 946 sciretis,
386 890 444 936 et
481 881 696 937 Patrem
743 898 920 938 meum
957 885 1170 939 sciretis
1212 886 1258 918 ⁷⁸
1292 903 1306 949 ;
1335 905 1367 941 ι.
1390 894 1472 941 et:
1511 884 1776 952 Quoniam
1809 903 1899 943 me
1928 891 2099 955 scitis,
2126 901 2180 946 et
2214 890 2427 946 Patrem
2463 904 2639 946 meum
2669 891 2844 945 scitis.

175 972 227 1027 2.
264 990 284 1023 ι
319 973 506 1027 Ταῦτα
535 973 602 1028 τὰ
642 973 864 1045 ῥήματα
899 973 1158 1045 ἐλάλησεν
1183 976 1240 1028 ὲν
1266 974 1345 1046 τῷ
1376 973 1637 1044 γαζοφυλο

1896 1019 1910 1033 .
1945 997 1966 1031 ι
2002 980 2125 1035 llaec
2159 983 2320 1035 verba
2354 980 2571 1034 locutus
2630 991 2714 1035 est
2747 979 2800 1033 in
2839 979 3232 1050 gazOphylaclo
3259 978 3357 1035 de-

117 1065 230 1136 κίῳ.
256 1064 520 1119 διδάσκων
543 1068 601 1118 ὲν
630 1066 708 1137 τῷ
738 1065 889 1139 ίερῷ,
915 1066 1009 1121 καὶ
1040 1067 1215 1131 οὐδεὶς
1247 1067 1472 1122 ἐπίασεν
1494 1068 1579 1122 αὖοι

1890 1086 1916 1125 s
1945 1071 1997 1125 in
2032 1072 2232 1141 templo
2271 1089 2287 1127 :
2331 1081 2387 1126 et
2424 1073 2604 1127 nullus
2648 1087 2772 1128 eum
2801 1071 3180 1141 apprehendit,
3211 1074 3352 1141 quod

116 1158 189 1210 ὃτι
218 1155 364 1209 οὔπω
401 1156 650 1228 ἐληλύθει
694 1158 726 1229 ἡ
770 1155 891 1228 ὥρα
926 1157 1117 1211 αὐτοῦ’
1153 1177 1173 1211 ι
1201 1159 1264 1212 Εί
1303 1159 1376 1230 μή
1409 1176 1461 1212 τι
1490 1162 1578 1230 χρ4

1892 1162 2027 1216 ldum
2084 1173 2312 1219 venerat
2346 1163 2481 1217 hora
2510 1161 2625 1231 ejus
2665 1163 2733 1216 ⁷³.
2784 1181 2803 1215 ο
2851 1160 2963 1216 Nisi
3000 1160 3179 1230 aliqua
3210 1168 3354 1217 esset

119 1244 299 1319 μονὴν
331 1246 527 1318 μαθεῖν
573 1252 637 1304 ὲκ
681 1250 777 1304 τοῦ
819 1249 889 1304 τά
922 1252 1291 1322 προειρημένα
1336 1253 1581 1323 ἀπηγγέλ

1892 1254 2015 1319 itas,
2052 1268 2117 1310 eo
2149 1255 2292 1324 quod
2324 1255 2579 1324 prmdicla
2616 1252 2862 1307 nuntiata
2904 1251 3061 1307 fuere
3103 1266 3169 1307 ac
3208 1252 3352 1307 dicta

116 1341 210 1394 ὑπὸ
236 1340 327 1394 τοῦ
361 1341 614 1414 Σωτῆρος
644 1343 739 1397 καὶ
767 1341 1091 1413 λελαλῆσθαι
1114 1342 1225 1416 (15)
1256 1346 1314 1397 ὲν
1340 1343 1418 1415 τῷ
1444 1342 1577 1414 γαζο

1890 1355 2134 1401 ervatore
2166 1347 2220 1400 in
2247 1343 2659 1417 gazophylacio,
2686 1342 3107 1412 haudquaquam
3133 1342 3352 1398 additu-

113 1431 287 1503 λακίῳ,
319 1432 420 1486 οὐκ
449 1432 518 1487 ἂν
544 1434 883 1505 προσέθηκεν
921 1436 952 1488 ό
991 1436 1393 1509 Εὐαγγελιστὴς
1417 1431 1500 1502 οἷς
1526 1435 1575 1491 si

1893 1436 2069 1493 fuerat
2089 1438 2422 1508 evangelista
2447 1438 2533 1491 his
2558 1451 2682 1507 quae
2708 1436 2917 1489 dixerat
2941 1433 3103 1489 Jesus
3128 1453 3143 1489 :
3179 1447 3198 1480 ι
3226 1432 3354 1490 Haec

113 1525 140 1578 δ
174 1524 394 1596 Ἰησοῦς,
423 1526 508 1580 τό·
553 1545 573 1579 ι
611 1526 797 1581 Ταῦτα
835 1526 907 1582 τά
948 1529 1167 1600 ῥήματα
1214 1528 1472 1602 ἐλάλησεν
1511 1530 1571 1585 ἐν

1890 1530 1947 1585 ba
1988 1530 2198 1586 locutus
2230 1531 2399 1586 estin
2459 1527 2845 1599 gazophylacio
2888 1528 3088 1583 docens
3127 1527 3181 1582 in
3215 1537 3352 1582 tem-

113 1614 484 1687 γαζοφυλακίῳ
530 1616 797 1672 διδάσκων
822 1620 881 1672 ὲν
910 1619 991 1692 τῷ
1019 1618 1169 1691 ἱερῷ·
1220 1637 1241 1673 ι
1282 1622 1376 1675 καὶ
1405 1639 1575 1675 παντα

1899 1641 1913 1689 ;
1945 1642 1965 1676 ι
1999 1633 2056 1677 et
2094 1622 2410 1693 frequenter
2432 1623 2526 1678 ubi
2557 1620 2775 1676 additur
2802 1639 2816 1676 :
2845 1618 2973 1675 Hzec
3001 1619 3165 1674 verba
3195 1619 3349 1673 locu-

113 1722 170 1777 γε
191 1709 317 1763 ὅπου
337 1710 681 1782 πρόσκειται·
713 1709 898 1766 Ταῦτα
926 1710 1002 1765 τὰ
1026 1713 1245 1783 ῥήματα
1268 1712 1305 1767 ἀ
1335 1711 1575 1784 ἐλάλησετ

1896 1726 1979 1772 est
2014 1718 2067 1771 in
2103 1716 2192 1770 tali
2228 1716 2369 1778 loco.
2406 1718 2451 1772 si
2493 1714 2841 1786 indagaveris
2873 1711 3163 1778 rationem,
3194 1713 3351 1766 inve-

113 1793 204 1868 ᾦδὲ
220 1818 319 1856 τινι
344 1801 521 1873 τόπῳ,
547 1802 846 1874 ἐπιστήσας
867 1803 1123 1875 εὑρήσεις
1145 1802 1206 1857 τὸ
1228 1803 1329 1873 τῆς
1360 1802 1569 1876 προσθή

1889 1809 2073 1878 squod
2105 1809 2177 1863 sit
2207 1809 2282 1863 illi
2316 1809 2683 1863 additamento
2713 1815 3109 1861 consentanea.
3141 1802 3210 1859 Ut
3250 1802 3351 1871 igi-

114 1891 332 1961 εὔλογον.
373 1895 471 1950 Ἰν’
526 1890 637 1949 οὖν·
668 1894 832 1965 νοηθῇ
873 1894 925 1947 τί
969 1894 1033 1948 τὸ
1074 1895 1134 1949 ὲν
1175 1893 1256 1966 τῷ
1299 1895 1574 1965 γαζοφυλα

1899 1900 2239 1969 intelligatur
2270 1899 2500 1968 aliquid,
2533 1910 2704 1968 quare
2751 1913 2781 1951 a
2811 1895 2939 1952 Jesu
2977 1894 3121 1949 dicta
3151 1892 3352 1946 fuerint

112 1984 268 2039 ταῦτα
297 1984 367 2039 τά
394 1986 618 2057 ῥήματα
639 1985 707 2040 τὰ
735 1985 842 2039 ὑπὸ
867 1984 962 2039 τοῦ
1009 1984 1182 2056 Ἰησοῦ
1205 1984 1476 2057 εἰρῆσθαι,
1503 2002 1574 2040 πα

1890 1990 2093 2044 :verba
2134 1989 2189 2043 in
2222 1987 2633 2059 gazophylacio,
2675 2000 3012 2056 apponemus
3053 1998 3119 2039 ea
3166 1996 3286 2052 quae
3318 1995 3352 2036 a

114 2075 376 2149 θησόμεθα
412 2076 562 2150 ἀπερ
605 2077 713 2132 ἀπὸ
746 2078 934 2132 Λουκᾶ
960 2078 1056 2131 καὶ⁸
1093 2078 1322 2149 Μάρκου
1359 2077 1574 2149 μεμαθή

1895 2096 1923 2134 a
1948 2090 2005 2136 et
2038 2079 2223 2135 Marco
2254 2080 2570 2143 didicimus,
2608 2079 2700 2147 qui
2730 2076 3057 2132 mentionem
3086 2075 3355 2145 gazophy-

117 2183 228 2239 μεν,
273 2169 661 2239 όνομασάντων
703 2169 766 2223 τὸ
805 2168 1224 2238 γαζοφυλάκιονο
1276 2168 1384 2222 ἀπὸ
1431 2168 1530 2239 μὲν

1891 2174 1903 2227 i
1938 2173 2201 2227 fecerunt.
2234 2173 2299 2227 Et
2328 2173 2443 2226 haec
2471 2171 2688 2241 quidem
2716 2167 2876 2224 Luca:
2901 2178 3027 2222 sunt
3060 2168 3228 2222 verba
3255 2165 3346 2221 ’δι

110 2260 281 2315 Δουκᾶ
329 2260 529 2315 ταῦτα’
565 2280 584 2313 t
631 2261 968 2332 Ἀναϐλέψας
1015 2262 1073 2315 δὲ
1123 2263 1203 2325 είς
1232 2261 1360 2323 τοὺς
1391 2259 1572 2331 βάλλον

1889 2262 2158 2332 espiciens
2190 2274 2368 2318 autem
2406 2262 2459 2316 in
2488 2261 2687 2315 divites
2725 2274 2951 2313 munera
2981 2274 3078 2313 sua
3111 2258 3163 2311 in
3196 2271 3351 2327 gazo-

112 2350 184 2414 είς
210 2349 269 2405 τὸ
297 2351 703 2422 γαςοςρυλάκιον
727 2352 798 2407 τά
828 2353 975 2428 δῶρα
1022 2352 1203 2407 αὐτῶν
1224 2351 1533 2416 πλουσίους,
1573 2390 1574 2398 η

1886 2355 2090 2410 Ιοοίυω
2126 2353 2429 2420 mittentes,
2474 2353 2608 2406 vidit
2644 2350 3025 2421 pauperculam
3057 2350 3348 2419 quamdam

111 2458 221 2497 τινα
247 2445 419 2515 χήραν
443 2444 711 2517 πενιχρὰν
745 2443 1043 2515 βάλλουσαν
1058 2443 1229 2498 λεπτά
1253 2442 1368 2508 δύο,
1397 2443 1490 2497 καὶ
1503 2437 1573 2496 εἴτ

1890 2463 1998 2501 iam
2025 2447 2332 2502 mittentem
2362 2448 2567 2501 minuta
2608 2447 2735 2509 duo,
2766 2454 2821 2500 et
2857 2444 2995 2501 dixit
3023 2462 3036 2498 :
3071 2443 3209 2499 Vere
3230 2445 3352 2500 dico

122 2535 345 2608 Ἀληθῶς
371 2536 520 2607 λέγω
533 2538 685 2609 ὑμῖν,
714 2538 799 2591 ὅτι
831 2539 866 2610 ὴ
893 2539 1037 2609 χήρα
1068 2538 1102 2609 ή
1130 2536 1320 2608 πτωχὴ
1341 2534 1481 2605 αὕτη
1497 2534 1584 2588 πλε

1893 2539 1938 2592 is
1968 2537 2108 2593 hanc
2132 2552 2424 2607 pauperem
2451 2538 2667 2593 viduam
2699 2537 2822 2606 plus
2846 2550 3010 2607 quam
3041 2549 3231 2590 omnes
3256 2535 3355 2590 mi-

112 2627 313 2682 πάντων
340 2627 526 2681 ἔϐαλεο
545 2629 744 2692 πάντες
775 2628 886 2701 γὰρ
900 2623 1046 2683 οὗτοι
1062 2630 1128 2682 ὲκ
1157 2626 1251 2681 τοῦ
1269 2626 1574 2699 περισσεύω

1892 2644 1919 2683 e
1943 2646 1956 2682 :
1984 2644 2109 2684 nam
2140 2644 2337 2684 omnes
2368 2629 2421 2683 hi
2449 2644 2516 2684 ex
2538 2643 2604 2685 eo
2630 2629 2775 2699 quod
2802 2628 2905 2684 sibi
2936 2626 3228 2694 redundat,
3251 2628 3354 2681 mi-

112 2719 280 2783 αὐτοῖς
299 2719 493 2774 ἔϐαλον
524 2721 605 2784 είς
636 2719 704 2774 τὰ
734 2720 883 2793 δῶρα
918 2720 1013 2775 τοῦ
1043 2718 1198 2783 Θεοῖν
1235 2718 1374 2788 αὕτη
1408 2717 1466 2771 δὲ
1495 2720 1560 2771 ὲκ

1888 2730 1968 2776 mt
2008 2722 2062 2775 in
2097 2722 2239 2777 dona
2304 2721 2442 2787 Dei;
2489 2722 2608 2776 haec
2656 2729 2837 2774 autem
2880 2733 2945 2773 ex
2983 2721 3208 2789 penuria
3252 2732 3350 2773 sua

112 2810 467 2882 ὑστερήματος
484 2811 657 2882 αὐτῆς
668 2811 846 2865 πάντα
855 2812 947 2866 τὸν
961 2812 1076 2882 βίον
1088 2810 1307 2881 ἑαυτῆς,
1318 2809 1377 2862 ὃν
1389 2804 1531 2880 εἶχεν
1544 2811 1574 2877 (ι

1890 2827 2093 2867 versam
2135 2812 2498 2868 substantiam
2541 2827 2721 2875 suam,
2768 2824 2931 2881 quam
2961 2808 3215 2872 habebat,
3252 2807 3352 2860 mi—

115 2901 307 2957 ἔϐαλεν.
362 2922 383 2957 ι
415 2903 559 2961 Ἀπὸ
588 2903 644 2959 δὲ
674 2905 770 2958 τοῦ
805 2904 947 2959 κατά
973 2904 1217 2976 Μάρκον·
1257 2922 1276 2954 ι
1319 2902 1430 2956 Καὶ
1458 2899 1577 2955 seed

1912 2925 1932 2959 ι
1971 2903 2139 2960 Marci
2172 2920 2301 2961 vcro
2328 2905 2492 2961 verba
2523 2904 2605 2960 sic
2634 2919 2693 2959 se
2725 2904 2926 2958 habent
2960 2902 3006 2933 "
3035 2920 3049 2956 :
3088 2920 3106 2952 ι
3136 2899 3202 2955 Ει
3228 2913 3349 2953 cum

113 2994 307 3067 Ἰησοῦς
325 2996 615 3051 κατέναντι
631 2996 726 3050 τοῦ
754 2996 1155 3066 γαζοφυλακίου
1180 2993 1422 3066 ἐθεώρει,
1446 2994 1539 3047 καὶ
1571 3013 1575 3027 ε

1890 3003 1995 3050 cret
2042 2993 2204 3050 Jesus
2255 3010 2323 3050 ex
2372 2995 2603 3050 adverso
2634 2991 3033 3064 gazophylacii,
3066 2988 3352 3059 spectabat

114 3086 285 3143 ἔϐαλλε
308 3089 417 3161 (17)
448 3089 656 3161 χαλκὸς
702 3087 765 3160 [ι.
797 3087 1019 3161 χαλκὸν]
1061 3090 1141 3152 είς
1174 3088 1234 3142 τὸ
1261 3085 1576 3156 γαζοφυλάκ

1886 3089 2057 3142 modo
2082 3087 2372 3141 multitudo
2402 3087 2646 3141 mitteret
2669 3100 2745 3140 aes
2769 3086 2821 3138 in
2859 3082 3306 3155 gazophylacium
3330 3098 3348 3136 :

114 3179 201 3234 καὶ
223 3180 400 3235 πολλοὶ
431 3180 680 3235 πλούσιοι
719 3180 942 3234 ἔϐαλλον
987 3179 1176 3233 πολλὰ·
1216 3175 1442 3232 ἐλθοῦσα
1479 3176 1538 3230 δὲ

1881 3178 2014 3232 uulti
2044 3177 2246 3233 divites
2272 3177 2556 3231 mittebant
2592 3175 2756 3255 ritulta
2781 3191 2798 3241 ;
2826 3188 2949 3228 cum
2980 3172 3220 3227 venisset
3253 3185 3343 3226 au-

113 3272 245 3343 χήρα
277 3271 464 3344 πτωχὴ
490 3271 652 3326 ἔϐαλε
680 3271 852 3325 λεπτά
871 3271 985 3335 δύο,
1012 3272 1041 3326 ὃ
1073 3273 1190 3324 ἐστι
1219 3269 1532 3341 κοδράντης·

1917 3271 2164 3340 quaedam
2190 3268 2353 3325 vidua
2384 3283 2611 3339 pauper,
2638 3266 2789 3322 misit
2820 3266 3024 3319 minuta
3051 3265 3183 3329 duo,
3206 3260 3350 3333 quod

114 3362 612 3435 προσκαλεσάμενος
644 3364 770 3428 τοὺς
802 3362 1051 3435 μαθητὰς
1077 3360 1244 3416 αὑτοῦ
1287 3358 1438 3415 εἶπεν
1471 3361 1576 3415 αύτ

1914 3362 2192 3432 quadrans
2237 3378 2254 3428 ;
2300 3362 2619 3432 vocatisque
2656 3362 2724 3415 ad
2770 3373 2830 3415 se
2867 3357 3037 3429 289
3074 3355 3354 3426 discipulis

115 3450 273 3526 ’Δμὴν
299 3453 443 3524 λέγω
475 3455 628 3528 ὑμῖν,
659 3454 741 3508 ὅτι
782 3456 982 3526 ήχήρα
1020 3456 1053 3525 ὴ
1094 3452 1283 3525 πτωχὴ
1323 3451 1462 3524 αὕτη
1495 3452 1577 3505 πλε

1889 3476 1915 3523 ι,
1945 3456 2078 3511 dicit
2110 3454 2223 3510 illis
2251 3473 2265 3511 :
2300 3456 2471 3511 Amen
2502 3455 2623 3509 dico
2649 3453 2829 3520 vobis,
2869 3453 2999 3523 quia
3034 3450 3200 3505 vidua
3234 3448 3351 3503 hac

116 3546 315 3601 πάντων
344 3547 507 3601 ἔϐαλε
534 3546 646 3602 τῶν
692 3545 992 3618 βαλλόντων
1032 3548 1114 3610 εἰς
1156 3545 1220 3598 τὸ
1257 3543 1573 3613 γαζοφυλάκ

1889 3564 1983 3620 per
2010 3550 2132 3620 plus
2157 3547 2307 3603 misit
2335 3562 2499 3616 quam
2533 3560 2726 3600 omnes
2751 3543 2845 3615 qui
2871 3545 3139 3598 miserunt
3168 3542 3222 3595 iu
3252 3554 3351 3609 ga-

115 3637 299 3702 πάντες
316 3638 426 3712 γὰρ
447 3641 514 3693 ἐκ
544 3637 641 3692 τοῦ
674 3637 1087 3713 περισσεύοντος
1124 3638 1311 3702 αὐτοῖς
1338 3636 1549 3692 ἔϐαλονο

1887 3641 2160 3712 hylaclum
2193 3662 2207 3697 :
2234 3654 2360 3695 nam
2411 3653 2606 3695 omnes
2639 3652 2708 3692 ex
2748 3652 2815 3692 eo
2842 3636 2988 3706 quod
3016 3633 3126 3689 illis
3154 3646 3349 3701 super-

113 3732 173 3803 τη
215 3731 268 3785 δὲ
302 3733 366 3785 ὲκ
405 3732 505 3803 τῆς
554 3731 898 3802 ὑστερήσεως
940 3730 1111 3801 αὐτῆς
1162 3729 1342 3783 πάντα
1385 3729 1486 3782 ὅσα
1534 3724 1575 3782 εἳ

1891 3747 1920 3799 l,
1952 3736 2219 3791 miserunt
2243 3752 2257 3799 ;
2283 3743 2341 3788 at
2390 3734 2513 3788 huic
2544 3747 2574 3786 e
2606 3730 2831 3802 penuria
2861 3743 2959 3784 sua
2989 3727 3171 3783 omnia
3204 3740 3353 3797 quae-

114 3821 310 3890 ῐϐαλεν,
358 3823 481 3878 ὅλον
515 3822 612 3877 τὸν
661 3820 774 3893 βίον
806 3822 995 3893 αὐτῆς.
1034 3840 1055 3874 a
1096 3820 1161 3874 Τί
1202 3820 1258 3874 δέ
1296 3838 1388 3892 μοι
1431 3819 1576 3892 βούλε

1888 3843 1994 3898 que
2033 3825 2293 3893 habebat,
2322 3825 2495 3889 misit,
2528 3833 2695 3880 totum
2725 3820 3089 3878 substantiam
3115 3833 3293 3875 suam.
3330 3837 3350 3870 ο

111 3916 143 3986 ἡ
168 3916 270 3969 τῶν
297 3916 476 3988 ῥητῶν
507 3914 811 3987 παράθεσις
833 3915 1155 3986 τηρήσαντι,
1180 3913 1342 3967 ὅτιτὸ
1373 3911 1573 3983 γαζοφυ

1896 3921 1918 3977 d
1958 3929 2141 3975 autem
2181 3934 2283 3991 ego
2318 3917 2477 3974 velim
2517 3916 2816 3971 observans
2866 3912 3199 3967 additionem
3232 3925 3358 3964 ven-

112 4023 219 4061 κιον
241 4010 296 4061 ὲν
331 4007 410 4079 τῷ
437 4006 572 4080 ἱερῷ
592 4002 681 4079 ἦν,
709 4006 851 4079 ὑπὲρ
867 4005 962 4059 τοῦ
979 4006 1166 4075 νοῆσαι
1185 4004 1283 4077 τὴν
1313 4004 1574 4078 προκειμέ

1892 4028 1996 4078 um,
2026 4026 2225 4082 nempe
2253 4012 2398 4082 quod
2428 4007 2875 4081 gazophylacium
2906 4014 3027 4059 erat
3054 4004 3105 4057 in
3136 4002 3354 4071 templo,

111 4092 197 4149 τοῦ
235 4094 477 4150 Ἰωάννου
511 4094 678 4161 λέξιν,
726 4095 826 4167 ἤδη
868 4094 1115 4167 λέξομεν.
1161 4095 1225 4148 Εἰ
1273 4094 1334 4147 τὸ
1382 4095 1523 4167 ἱερὸν
1564 4103 1573 4161 4

1910 4102 2266 4174 intelligentia
2304 4109 2601 4157 contextus
2637 4097 2887 4162 Joannis,
2916 4109 3025 4166 quo
3052 4095 3119 4149 de
3147 4095 3353 4164 agitur,

112 4186 368 4259 ἀνάγομεν
419 4186 518 4242 τοῦ
569 4186 728 4252 Θεοῦ,
772 4188 865 4241 καὶ
918 4187 1060 4241 κατὰ
1105 4188 1196 4240 τὸν
1233 4187 1379 4252 ναὸν,
1433 4186 1544 4241 εἴτε

1917 4193 2183 4249 dicemus.
2215 4192 2343 4248 Sive
2383 4189 2642 4261 templum
2679 4188 2797 4255 Dei,
2828 4197 2885 4244 et
2913 4202 3035 4257 quae
3072 4186 3125 4240 in
3154 4184 3357 4253 templo

114 4280 465 4350 πνευματικὸν
511 4280 690 4348 λόγον,
726 4278 903 4350 τούτῳ
935 4277 1243 4342 ἀκολούθως
1285 4279 1380 4333 καὶ
1427 4278 1490 4332 τὸ
1516 4281 1573 4332 ὲν

1892 4295 1927 4350 ι,
1953 4298 2115 4338 sensu
2147 4282 2447 4352 anagogico
2472 4279 2817 4349 exponimus,
2849 4278 2967 4332 sive
3009 4274 3354 4344 spiritualem

114 4369 233 4441 ίερῷ
270 4369 672 4442 γαζοφυλάκιον
716 4372 1160 4443 κατανοήσωμεν,
1187 4372 1327 4443 ὅπερ
1366 4371 1483 4425 ἐστὶ
1515 4370 1575 4425 τό

1894 4372 2255 4439 nonem,lmic
2275 4381 2678 4442 consequenter
2695 4366 3141 4441 gazophylacium
3165 4365 3356 4432 etiam,

112 4464 446 4533 νομισμάτων
482 4465 565 4526 εἰς
596 4463 760 4534 τιμὴν
790 4460 927 4517 Θεοῦ
966 4461 1059 4516 καὶ
1089 4463 1399 4533 οίκονομὶαν
1428 4464 1574 4517 ἀναπ

1894 4467 1929 4519 d
1965 4465 2020 4520 in
2055 4464 2256 4533 templo
2304 4473 2447 4529 erat,
2500 4462 2793 4533 diligenter
2839 4459 3356 4517 considerabimus:

114 4568 239 4617 σῑως
259 4556 508 4627 πενήτων
538 4555 1014 4627 προσφερομένων.
1046 4553 1199 4609 Τάδὲ
1225 4554 1536 4624 νομίσματα
1555 4570 1576 4606 τ

1896 4557 1926 4611 d
1955 4557 2176 4625 quidem
2223 4554 2671 4625 gazophylacium
2700 4553 2852 4607 locus
2880 4567 3004 4606 eum
3032 4551 3103 4604 sit
3144 4548 3358 4605 numis—

113 4642 174 4698 ἀν
199 4647 279 4717 εἴη
308 4646 341 4718 ἢ
370 4648 419 4700 oi
441 4646 573 4701 θεῖοι
603 4646 753 4715 λόγοι
783 4646 880 4717 τὴν
918 4645 1100 4701 εἰκόνα
1119 4645 1214 4699 τοῦ
1258 4643 1491 4715 μεγάλου
1527 4643 1575 4715 βε

1900 4664 2017 4715 um,
2050 4661 2172 4718 qua:
2210 4645 2515 4704 offeruntur
2548 4648 2614 4701 ad
2646 4648 2907 4702 honorem
2936 4644 3031 4698 Dei
3065 4652 3121 4697 et
3152 4642 3220 4697 ad
3247 4640 3361 4696 dis-

113 4733 239 4801 λέως
259 4738 706 4810 ὲντετυπωμένην
743 4737 975 4809 ἔχοντες,
1015 4738 1121 4792 ὑπὸ
1157 4737 1395 4808 δοκίμων
1418 4752 1575 4807 τραπι

1899 4740 2162 4797 sationem
2193 4738 2398 4807 requiei
2427 4753 2752 4808 pauperum,
2783 4737 2913 4805 quid
2940 4734 3085 4789 aliud
3108 4743 3234 4788 sunt
3258 4747 3361 4787 uu—

114 4828 214 4882 τῶν
263 4829 641 4903 θεωρούμενοι,
694 4831 802 4886 τῶν
847 4830 1098 4903 χωρίζειν
1139 4828 1521 4900 ἐπισταμένων
1567 4850 1576 4882 ι

1898 4842 2041 4887 mata
2064 4846 2228 4902 quam
2243 4829 2411 4885 divini
2433 4844 2715 4885 sermones
2736 4828 3026 4897 imaginem
3050 4828 3228 4892 magni
3254 4824 3360 4878 Ro-

113 4917 213 4974 τῶν
239 4920 474 4994 δοκίμων
505 4921 575 4977 τὰ
598 4922 850 4994 ἀδόκιμα,
883 4920 1327 4995 προσποιούμενα
1349 4920 1407 4974 δὲ
1423 4915 1558 4974 εἶναι

1904 4921 2225 4992 impressam
2251 4921 2537 4986 habentes,
2570 4919 2661 4988 qui
2693 4918 3117 4974 considerantur
3143 4933 3175 4970 a
3202 4930 3357 4970 mcu-

181 5107 400 5166 "Joan.
434 5127 482 5187 1,
517 5080 602 5169 ΞΩ.
680 5113 725 5145 ⁷⁸
748 5111 905 5168 Joan.
932 5111 1166 5176 vm,19.
1244 5108 1290 5144 ⁷⁸
1314 5110 1443 5165 ibid.
1473 5109 1564 5165 εο.
1639 5112 1643 5125 '

1549 5148 1564 5164 .
1639 5109 1685 5143 "
1707 5110 1842 5166 Luc.
1872 5121 1992 5174 xxI,
2018 5107 2072 5174 l,
2106 5106 2144 5161 ’Ξ
2187 5121 2307 5176 seq.
2380 5108 2428 5139 ⁷⁵
2467 5106 2633 5161 Marc.
2675 5121 2775 5171 xu,
2801 5105 2865 5160 ιι
2894 5121 3009 5177 seq.

188 5269 294 5341 (l4)
324 5271 510 5328 Codex
537 5273 887 5341 Bodleianus,
916 5274 1208 5328 ἀκούσεται
1226 5291 1239 5306 ο
1277 5273 1502 5345 Regius,
1524 5272 1650 5328 ἀκού

1899 5286 1961 5345 [ιν
1992 5266 2495 5345 μέϐαλλβεεῇγυιεοιο
2544 5266 2710 5323 Marci
2767 5265 3100 5337 exemplaria
3145 5262 3361 5329 Graeca,

124 5338 207 5411 σειῖ
227 5338 304 5407 τε,
874 5338 881 5341 ⁷
1362 5338 1388 5345 ⁷
1490 5338 1496 5340 “
1782 5340 1900 5403 πῶς
1939 5342 1967 5394 ὁ
1990 5340 2145 5411 δχλος
2166 5338 2370 5410 βάλλει.

189 5400 302 5487 ςιδῐ
334 5412 474 5487 Καὶ*
518 5411 912 5487 λελωβῆσθαι.
963 5413 1022 5469 In
1072 5414 1257 5470 codice
1307 5414 1478 5487 Regio
1524 5415 1651 5470 deos

1904 5410 1938 5477 ἱ)
1971 5400 2054 5462 Εἴ
2086 5400 2367 5487 τδξὶερόν,
2398 5418 2504 5487 ett.
2524 5407 2738 5487 _Cndex
2786 5404 3268 5487 βοιίιείοηηεηεῐτε
3301 5400 3366 5487 τὸ

127 5472 232 5554 καί,
255 5472 346 5554 sed
377 5483 571 5554 legitur
606 5485 657 5538 in
687 5472 998 5538 Bodleiano.
1390 5472 1421 5487 υ

1901 5472 2089 5547 ν,εῑο.
2136 5472 2425 5554 Eeirarius
2450 5480 2669 5554 videtur
2709 5478 2903 5554 legisse
2954 5475 3066 5554 είτε
3108 5474 3176 5554 το
3220 5472 3363 5554 ἱερᾲν

191 5543 298 5619 (l6)
331 5543 457 5623 A‘Of
472 5548 651 5622 εἶχεν.
681 5555 779 5608 ’ον
820 5556 1026 5610 excidit
1062 5568 1093 5610 e
1139 5555 1324 5610 codice
1358 5554 1552 5623 Regio,
1581 5568 1653 5610 sei

1902 5543 2055 5622 τομεν
2096 5549 2377 5623 τοῦΑΘεοῦ,
2410 5549 2504 5623 καὶ
2532 5548 2599 5601 τά
2623 5543 2786 5623 -κατᾷ
2816 5546 2906 5599 τὸν
2939 5546 3087 5623 ναὸν,
3124 5545 3232 5623 εἴτε
3272 5543 3364 5623 τον

126 5613 724 5696 θιὲἓὲἱὲῐιβοεῧέίξξηο·
867 5693 913 5696 -ε
974 5694 1057 5696 μ
1280 5694 1307 5696 ρ
1434 5613 1469 5696 ."

1903 5613 2371 5696 ὀματικδνκλόγονέ
2419 5613 2726 5696 Lugendum
2761 5619 2992 5696 fortasse
3021 5618 3070 5696 εξ
3110 5613 3365 5696 τὸλερδν

187 5688 298 5759 (1⁷)
318 5691 427 5765 rgat
448 5690 570 5765 πᾶς
595 5694 830 5752 smus.
862 5693 952 5749 Sic
973 5694 1171 5748 habent
1193 5694 1408 5750 codices
1431 5694 1644 5749 Bodleia

1902 5684 2053 5765 τὸμεν
2090 5688 2201 5765 τοῦ-
2234 5684 2367 5765 6εοῦ
2415 5684 2509 5745 καί
2538 5686 2607 5743 τὰ
2657 5691 2801 5742 κατά
2843 5687 2932 5742 τὸν
2987 5686 3113 5744 ναὸν
3153 5686 3233 5751 εἰς
3272 5684 3364 5739 τὸν

131 5772 229 5816 nus
250 5767 306 5816 et
334 5762 680 5825 Barberinus.
715 5769 806 5823 ubi
840 5765 1044 5828 Regius
1078 5777 1360 5832 perperam
1392 5766 1593 5823 habet:

1781 5761 2158 5833 πνευματικὸν
2188 5761 2366 5831 λόγον.
3160 5774 3164 5781 ’
