3702 6142
342 299 449 358 δῖθ

1795 297 2118 356 ORIGENIS

3478 293 3582 348 540

342 424 506 478 sariis
536 423 797 492 probatis,
829 424 1014 493 gnaris
1049 423 1320 480 dividendi
1345 425 1572 494 probata
1611 425 1679 478 ab
1708 423 1804 494 imi

2117 437 2168 482 α,
2192 418 2284 473 καὶ
2299 417 2604 490 τηρούντων
2623 417 2721 488 τὴν
2738 416 2953 487 ἐντολὴν
2979 412 3153 486 Ἰησοῦ
3175 414 3438 482 λέγουσαν
3452 410 3579 484 (19),

342 515 509 577 batis,
545 530 668 584 qua
700 517 1038 571 mentiuntur
1078 533 1139 574 se
1173 533 1295 574 esse
1327 518 1574 588 probata,
1605 527 1660 572 et
1686 532 1908 572 servan-

347 605 490 660 tibus
524 605 658 660 illud
695 605 823 661 Jesu
880 610 1219 674 mandatum,
1259 628 1278 662 ‹
1309 609 1496 664 Estote
1535 610 1686 677 probi
1734 619 1912 678 trape-

345 695 468 749 zita
494 714 513 761 ;-
541 716 559 749 ι
602 709 657 752 et
707 697 855 753 Pauli
909 700 1213 754 doctrinam
1256 701 1488 756 dicentis
1528 701 1574 732 ⁷⁸
1618 719 1632 754 :
1669 718 1688 752 ι
1719 699 1911 756 Omnia

347 787 576 854 probate
607 805 621 853 ;
648 791 790 853 quod
828 790 1030 844 bonum
1075 802 1160 846 est
1203 801 1419 857 tenete;
1461 792 1530 846 ab
1555 792 1702 848 omni
1734 793 1915 862 specie

345 873 482 926 mala
524 874 796 930 abstinete
825 878 966 931 vos?
1007 897 1026 930 ι
1065 879 1448 949 Unusquisque
1489 891 1669 936 autem
1718 881 1915 937 inferat

344 965 412 1016 ad
448 963 859 1020 aedificationem
906 967 1184 1034 Ecclesia,
1227 971 1412 1027 ferens
1463 973 1530 1025 ad
1578 973 1913 1042 gazophyla—

345 1051 508 1116 cium,
542 1056 685 1124 quod
731 1067 910 1112 mente
950 1061 1215 1125 cernitur,
1249 1077 1586 1132 quacunque
1629 1072 1806 1132 potest
1847 1061 1914 1115 ad

347 1144 604 1200 honorem
654 1146 772 1212 Dci,
823 1158 878 1203 et
914 1151 1202 1204 utilitatem
1247 1167 1610 1206 communem.
1650 1154 1914 1219 Quoniam

346 1251 476 1290 vero
520 1240 880 1294 communitas
921 1240 1130 1296 duobus
1177 1243 1618 1313 modisjuvatur,
1653 1244 1832 1298 verbis
1862 1253 1918 1298 et

344 1325 604 1392 operibus
642 1342 760 1394 qua
781 1328 959 1394 justus
984 1331 1096 1398 agit
1121 1351 1134 1395 -,
1163 1333 1388 1399 pulchre
1416 1333 1530 1388 hac
1555 1334 1715 1387 etiam
1747 1350 1914 1403 opera

347 1409 662 1468 referuntur
692 1414 756 1467 ad
785 1417 1256 1487 gazophylacium,
1280 1422 1424 1490 quod
1451 1431 1632 1478 mente
1653 1424 1912 1480 cernitur.

346 1501 455 1563 Sed
495 1504 750 1570 quoniam
795 1521 903 1560 non
945 1508 1208 1576 aquales,
1251 1526 1316 1564 ac
1355 1527 1422 1565 ne
1452 1512 1674 1567 omnino
1700 1515 1915 1582 quidem

346 1591 552 1646 similes
606 1597 1030 1652 omnibussunt
1076 1599 1222 1654 vires
1255 1601 1306 1654 in
1347 1601 1447 1655 hac
1489 1603 1594 1656 vita
1631 1602 1911 1674 (qu-ando-

346 1685 561 1753 quidem
613 1686 760 1740 dedit
808 1689 1204 1757 paterfamilias
1248 1693 1341 1746 uni
1403 1695 1643 1763 quinque
1690 1695 1914 1761 talenta,

2018 532 2038 564 ι
2079 513 2299 581 Δόκιμοι
2334 510 2654 582 τραπεζῖται
2681 509 2916 577 γίνεσθε,
2957 527 2974 559 t
3022 508 3113 560 καὶ
3138 507 3237 574 τὴν
3270 504 3482 556 Παύλου
3513 504 3584 556 δι-

2011 605 2179 675 δαχὴν
2209 605 2527 673 φάσκοντος,
2563 621 2581 654 ι
2611 603 2794 656 Πάντα
2823 598 3164 670 δοκιμάζετε,
3182 597 3241 648 τὸ
3266 594 3428 648 καλὸν
3456 611 3582 646 κατ-

2013 696 2188 764 έχετε,
2250 694 2358 747 ἀπὸ
2415 694 2616 756 παντὸς
2671 693 2843 754 εἴδους
2906 688 3141 759 πονηροῦ
3213 684 3520 754 ἀπέχεσθε;
3564 703 3578 734 ι

2015 785 2284 847 Ἕκαστος
2311 783 2374 853 δὴ
2412 782 2711 854 εἰσφερέτω
2753 781 2864 853 (20)
2905 782 2985 842 εἰς
3017 777 3301 848 οἰκοδομὴν
3333 775 3434 846 τῆς
3465 776 3584 827 Ἐκ-

2013 876 2261 947 κλησίας,
2288 876 2467 946 φέρων
2498 877 2589 928 ἐπὶ
2623 874 2681 926 τὸ
2711 873 2898 943 νοητὸν
2937 869 3337 939 γαζοφυλάκιον
3369 868 3397 920 ὃ
3435 865 3587 919 δύνα-

2011 985 2099 1019 ται
2133 966 2266 1038 (21),
2291 969 2371 1031 εἰς
2401 967 2565 1038 τιμὴν
2587 965 2679 1018 τοῦ
2710 964 2843 1018 Θεοῦ
2872 964 2966 1016 καὶ
2979 961 3242 1030 ὠφέλειαν
3267 958 3362 1012 τοῦ
3387 957 3585 1011 κοινοῦ.

2023 1060 2175 1118 ,Ἐπεὶ
2219 1059 2276 1112 δὲ
2317 1059 2463 1112 ἔστιν
2497 1057 2844 1128 ὠφεληθῆναι
2876 1056 2937 1108 τὸ
2969 1055 3144 1109 κοινὸν
3181 1052 3366 1122 διχῶς,
3400 1048 3510 1102 ἀπό
3533 1065 3587 1101 τε

2012 1152 2184 1221 λόγων
2206 1153 2299 1204 καὶ
2331 1151 2439 1204 ἀπὸ
2477 1149 2748 1222 πράξεων,
2785 1142 2858 1202 ὧν
2886 1148 2914 1200 ό
2954 1148 3157 1208 δίκαιος
3193 1145 3425 1215 πράττει
3458 1142 3588 1211 (22),

2013 1242 2194 1306 καλῶς
2229 1242 2322 1294 καὶ
2350 1240 2511 1294 αὐτα)¹
2536 1239 2895 1311 ἀναφέρονται
2924 1240 3002 1301 εἰς
3037 1237 3099 1290 τὸ
3139 1236 3326 1305 νοητὸν
3356 1232 3590 1302 γαζοφυο

2012 1334 2218 1388 λάκιον.
2254 1332 2391 1386 Ἀλλ’
2422 1333 2544 1386 ἐπεὶ
2572 1333 2672 1385 οὐκ
2707 1331 2795 1404 ἴση
2838 1329 2944 1382 οὐδ’
2975 1329 3135 1400 ὁμοία
3168 1328 3386 1380 πάντων
3422 1324 3532 1396 (25)
3559 1325 3589 1394 ἠ

2010 1424 2236 1494 δύναμις
2263 1425 2317 1476 έν
2338 1422 2416 1493 τῷ
2452 1421 2550 1492 βίῳ
2575 1417 2828 1492 τούτῳ(εῐ
2845 1437 2906 1488 γε
2922 1419 3119 1473 ἔδωκεν
3143 1419 3171 1470 ό
3206 1414 3588 1482 οἰκοδεσπότης

2010 1517 2089 1588 τῷ
2124 1518 2219 1587 μὲν
2254 1516 2415 1569 πέντε
2443 1515 2700 1579 τάλαντα,
2731 1513 2810 1583 τῷ
2837 1513 2894 1566 δὲ
2925 1511 3038 1573 δύο,
3071 1509 3148 1582 τῷ
3173 1509 3228 1562 δὲ
3262 1509 3343 1573 ἓν,
3380 1507 3591 1576 ἑκάστῳ

2012 1609 2154 1662 κατά
2169 1609 2266 1680 τὴν
2299 1609 2432 1662 ἰδίαν
2459 1607 2731 1678 δύναμιν),
2749 1606 3066 1676 ἀποδέχεται
3088 1607 3114 1656 ὁ
3135 1603 3377 1674 ἔμψυχος
3408 1599 3590 1653 τούτου

2012 1701 2202 1767 Λόγος,
2243 1699 2444 1772 ἐνορῶν
2477 1702 2542 1770 τῇ
2595 1699 2819 1769 δυνάμει
2855 1697 2963 1750 τῶν
3019 1696 3311 1767 βαλλόντων
3349 1694 3432 1756 εἰς
3463 1692 3491 1744 ὃ
3517 1692 3591 1744 δι-

347 1777 498 1831 aiteri
531 1788 712 1832 autem
745 1779 871 1849 duo,
900 1782 994 1836 alii
1023 1799 1152 1837 vero
1188 1800 1350 1837 unttm
1397 1786 1466 1850 ⁷⁷,
1497 1786 1787 1855 unicuique

2129 1790 2338 1862 σάμεθα
2362 1789 2792 1860 γαζοφυλάκιον,
2813 1788 2907 1852 οὓς
2939 1787 3277 1857 ἀποδέχεται,
3300 1785 3364 1837 οὐ
3399 1786 3467 1853 τῇ
3502 1799 3591 1835 πο-

345 1868 578 1923 cundum
610 1870 772 1940 290
797 1875 1069 1941 propriam
1099 1877 1441 1944 potentiam),
1464 1879 1734 1932 animatus
1756 1879 1914 1945 hujus

348 1957 542 2012 Sermo
577 1959 759 2013 laudat
794 1977 929 2029 quos
955 1963 1161 2027 laudat,
1193 1965 1490 2032 respiciens
1517 1964 1582 2017 ad
1615 1965 1912 2034 potentiam

347 2051 673 2104 mittentium
707 2052 760 2106 in
794 2052 942 2118 illud,
974 2055 1116 2122 quod
1158 2055 1494 2124 interpretati
1529 2070 1718 2111 sumus
1749 2071 1914 2125 gazo-

347 2141 653 2211 phylacium
691 2158 841 2208 ;uon
887 2145 1182 2212 respiciens
1225 2149 1291 2200 ad
1337 2147 1504 2200 solam
1548 2149 1912 2216 quantitatem

350 2248 530 2287 rerum
583 2250 702 2303 qua
734 2235 1056 2290 offeruntur.
1096 2238 1158 2291 Et
1185 2241 1441 2306 quoniam
1488 2249 1572 2294 est
1603 2240 1798 2309 aliquis
1822 2240 1913 2310 qui

349 2321 504 2389 plura
563 2334 759 2392 potest,
830 2327 1086 2394 pauciora
1125 2329 1340 2397 quidem
1373 2329 1576 2384 faciens
1620 2346 1782 2399 quam
1816 2344 1914 2399 pro

347 2418 591 2488 potentia
637 2419 689 2472 in
727 2434 788 2474 se
843 2421 1148 2485 exsistenti,
1190 2421 1282 2474 sed
1323 2422 1475 2489 plura
1512 2422 1917 2492 comparatione

348 2518 535 2560 eorum
563 2508 653 2576 qui
689 2510 868 2563 minus
896 2521 1161 2578 possunt;
1195 2513 1366 2580 magis
1400 2513 1686 2567 laudantur
1733 2515 1784 2568 hi
1821 2515 1916 2583 qui

349 2600 478 2653 totis
512 2601 723 2654 viribus
755 2602 870 2655 suis
914 2601 1164 2656 fecerunt
1199 2605 1476 2671 pauciora,
1511 2620 1670 2672 quam
1723 2605 1776 2660 hi
1822 2607 1914 2674 qui

347 2690 502 2758 plura
535 2690 814 2746 intulerint
841 2708 908 2746 ex
946 2696 1205 2762 potentia,
1232 2709 1352 2763 qua
1379 2695 1523 2750 ferre
1549 2696 1728 2749 valeat
1758 2697 1917 2768 longe

347 2784 683 2850 copiosiora;
737 2800 899 2854 quam
953 2787 1117 2840 etiam
1170 2788 1239 2841 ob
1290 2802 1509 2842 causam
1551 2789 1755 2858 scripta
1791 2799 1917 2844 sunt

346 2893 468 2945 qua
492 2892 558 2930 ex
599 2876 744 2931 Luca
791 2888 846 2932 et
874 2877 1058 2933 Marco
1089 2880 1460 2948 apposuimus.
1502 2880 1712 2935 Pariter
1751 2883 1913 2937 etiam

347 2971 571 3022 docetur
601 2969 685 3024 his
729 2969 887 3024 dictis
918 2970 964 3025 is
998 2971 1086 3040 qui
1117 2971 1474 3040 spiritualiter
1514 2973 1631 3026 hac
1665 2973 1913 3028 conside-

348 3061 499 3124 rarit,
533 3059 675 3132 quod
715 3062 806 3131 qui
859 3072 1121 3130 putantur
1172 3063 1502 3133 praecellere,
1550 3064 1811 3121 extollere
1854 3080 1914 3122 se

415 3212 462 3244 "
490 3212 722 3267 lThess.
752 3227 802 3275 v,
839 3211 928 3272 21,
953 3209 1044 3264 22.
1121 3212 1165 3242 ⁷⁷
1191 3210 1385 3272 Matth.
1429 3227 1558 3279 xxv,
1587 3212 1672 3266 15.

2015 1883 2200 1954 σότητι
2241 1882 2351 1936 τῶν
2382 1882 2882 1954 συνεισφερομένων
2924 1877 3123 1950 ὲνορῶν
3173 1878 3330 1948 μόνῃ.
3374 1877 3589 1945 Διόπερ,

2012 1975 2134 2028 ὲπεί
2175 1975 2290 2028 ἐστί
2337 1992 2422 2038 τις
2455 1975 2674 2028 πλείονα
2713 1974 3025 2043 δυνάμενος,
3059 1969 3358 2040 ὀλιγώτερα
3392 1968 3492 2038 μὲν
3522 1967 3590 2030 ὡς

2013 2068 2150 2138 πρὸς
2178 2067 2276 2138 τὴν
2309 2068 2716 2139 ἐνυπάρχουσαν
2739 2065 2887 2135 αὐτῷ
2901 2065 3126 2133 δύναμιν
3151 2061 3344 2126 ποιῶν,
3376 2060 3591 2112 πλείονα

2013 2159 2069 2212 δὲ
2098 2159 2172 2222 ὼς
2205 2158 2340 2231 πρὸς
2383 2159 2584 2230 ἑτέρων
2632 2157 2915 2228 σύγκρισιν
2957 2155 3213 2208 ἐλάττονα
3257 2151 3588 2223 δυναμένων,

2014 2252 2108 2303 καὶ
2141 2250 2461 2321 ἀποδέχεται
2488 2250 2614 2312 τοὺς
2637 2249 2732 2321 ὅλῃ
2751 2249 2974 2319 δυνάμει
2990 2247 3056 2299 τά
3080 2245 3337 2299 ἐλάττονα
3368 2259 3590 2311 πεποιη-

2015 2341 2177 2404 κότας
2204 2340 2354 2412 παρὰ
2385 2341 2510 2403 τοὺς
2549 2339 2768 2392 πλείονα
2798 2336 3304 2406 συνεισενεγκόντας
3332 2337 3403 2388 ὲκ
3438 2331 3588 2385 δυνά-

1979 2483 1993 2504 κ
2018 2451 2162 2503 μεως
2193 2431 2628 2486 πολλαπλασίονα
2657 2431 2841 2502 φέρειν
2866 2430 3187 2500 δυναμένης,
3221 2423 3590 2496 γέγραπταιά

2016 2522 2364 2594 παρεθέμεθα
2387 2523 2481 2576 τοῦ
2513 2541 2572 2578 τε
2603 2524 2785 2575 Λουκᾶ
2817 2521 2913 2574 καὶ
2942 2520 3035 2574 τοῦ
3069 2521 3319 2592 Μάρκου.
3349 2519 3506 2587 ’Ἅμα
3539 2516 3588 2568 δὲ

2014 2613 2254 2668 διδάσκει
2273 2613 2345 2668 τὰ
2375 2613 2514 2686 ρητά
2540 2613 2712 2666 ταῦτα
2731 2613 2820 2665 τὸν
2849 2612 3113 2682 νοήσαντα
3137 2609 3310 2663 ταῦτα
3347 2624 3590 2678 πνευμα-

2014 2702 2200 2768 τικῶς,
2221 2703 2576 2774 μηδεπώποτε
2598 2705 2724 2767 τοὺς
2742 2702 3122 2773 νομιζομένους
3143 2700 3424 2772 διαφέρειν
3448 2700 3594 2753 ἐπαί-

2019 2795 2204 2866 ρεσθαι
2238 2794 2378 2850 κατὰ
2426 2795 2533 2848 τῶν
2576 2796 2652 2860 ὡς
2693 2795 2829 2866 πρὸς
2881 2794 3178 2866 ἀνθρώπων
3223 2793 3411 2866 κρίσιν
3461 2794 3586 2847 ὑπο-

2013 2887 2330 2960 δεεστέρωνο
2381 2890 2441 2941 οὐ
2496 2887 2604 2960 γὰρ
2649 2887 2935 2940 πέπεισται
2969 2886 3172 2941 πιστῶν
3211 2885 3588 2956 ὑπολαμϐανο-

2018 2980 2193 3048 μένων
2227 2979 2336 3049 (24)
2367 2980 2587 3034 πλείονα
2629 2981 2722 3034 καὶ
2752 2979 3033 3050 κρείττονα
3059 2981 3250 3044 ποιεῖν,
3286 2978 3590 3049 συγκρίνων

2017 3068 2207 3122 ἑαυτὸν
2257 3071 2369 3133 τοῖς
2419 3069 2541 3123 ὅσον
2593 3070 2686 3123 ἐπὶ
2729 3069 3044 3141 ἀνθρωπίνῃ
3097 3069 3276 3139 κρίσει
3337 3068 3593 3138 ἐλάχιστα

417 3357 528 3429 (19)
569 3359 685 3432 Thr
708 3357 966 3432 ἐντολὴν
999 3359 1191 3427 Ἰησοῦ
1215 3359 1542 3432 λέγουσαν.
1578 3364 1656 3418 Ad
1705 3363 1810 3418 hoc
1832 3365 1879 3417 el

2125 3362 2223 3432 lqtti
2295 3359 2484 3432 Patres
2545 3358 2747 3432 Christi
2801 3353 3454 3432 apostolortimve_dicta
3509 3352 3587 3432 vei

353 3428 523 3482 fatum
559 3429 750 3482 alludit
791 3429 1054 3496 Origenes
1085 3431 1272 3485 homil.
1298 3428 1375 3486 ‘49
1418 3435 1471 3485 t'n
1505 3432 1726 3491 ..ἴεν-ειη..
1761 3450 1910 3486 num.

349 3497 425 3572 Si:
464 3498 519 3551 '0
547 3499 748 3572 Κύριος
778 3497 1057 3572 δοκιμάζει
1091 3499 1185 3570 μὲν
1217 3500 1418 3565 δίκαια,
1451 3503 1839 3572 ἀποδοκιμάζει
1863 3503 1919 3556 δὲ

349 3567 530 3644 ἄδικα,
567 3567 658 3644 καὶ
689 3569 854 3644 ἔστιν,
886 3567 985 3644 ἵνα
999 3567 1172 3633 οὕτως
1195 3567 1820 3644 ὀνομάσω,-τραπεξίτής
1843 3573 1919 3644 δι-

349 3638 520 3710 καίων
560 3640 653 3693 καὶ
687 3639 903 3693 ἀδίκων.
949 3641 1011 3692 Ει
1044 3651 1174 3693 ιοιιι.
1221 3638 1299 3693 κη’
1325 3643 1379 3694 in
1425 3638 1650 3710 Matth"
1679 3638 1829 3698 num.
1861 3643 1916 3708 2,

353 3708 428 3782 μῂ
455 3708 665 3782 δόκιμοι
698 3711 1046 3782 τραπεζῖταιτ
1067 3712 1206 3782 etin
1235 3710 1424 3764 Matth.
1449 3723 1578 3765 tom.
1607 3708 1741 3774 xv",
1767 3728 1916 3766 num.

349 3778 477 3854 δίζε-
503 3780 559 3832 '0
580 3778 848 3852 κατάτὴν
873 3779 1091 3852 Γραφὴν
1126 3781 1520 3854 ὀνομαζόμενος
1547 3781 1765 3853 δόκιμος
1789 3799 1921 3854 τρα-

351 3849 611 3922 πεζίτης·
649 3864 704 3905 et
733 3849 946 3922 tractat.
978 3849 1104 3905 ιιιγι
1157 3849 1495 3905 ἰιιειιιιὶιιειιι
1527 3849 1917 3922 evangelistam

352 3935 502 3976 num.
532 3921 602 3976 28
633 3941 644 3975 :
681 3938 703 3972 ι
754 3921 955 3975 Tamen
1007 3930 1224 3988 pr0pter
1250 3936 1345 3975 eos
1395 3922 1485 3989 qui
1537 3937 1642 3975 non
1677 3921 1920 3990 possunt

352 3990 506 4058 quasi
543 3993 821 4060 trapezita
857 3993 1000 4045 inter
1049 3992 1212 4045 verba
1258 3992 1596 4058 discernere,
1643 4007 1769 4046 vera
1821 3993 1919 4045 ha-

354 4060 607 4125 beantur,
647 4076 716 4114 an
772 4060 941 4126 falsa;
983 4079 1002 4112 ι
1039 4071 1094 4114 et
1126 4070 1340 4116 tractat.
1389 4076 1566 4123 xxv“,
1607 4079 1755 4116 num.
1795 4061 1865 4117 55
1901 4078 1913 4115 :

359 4130 550 4200 ¢_Vere
580 4132 722 4182 enim
753 4131 844 4198 qui
877 4132 1062 4200 implet
1092 4129 1218 4183 illud
1255 4131 1596 4191 mandatum,
1627 4134 1768 4200 quod
1800 4133 1913 4185 ait:

356 4197 544 4270 Estote
577 4197 860 4265 prudentes
886 4197 1250 4270 nuntmularii,
1292 4219 1309 4252 ι
1338 4210 1444 4253 etc.
1495 4197 1806 4270 Pamphilus
1863 4203 1918 4256 itt

354 4267 698 4338 Apologetico
731 4288 749 4319 :
784 4289 801 4320 ‹
850 4271 930 4321 Ab
957 4269 1042 4322 his
1064 4285 1191 4323 vero
1225 4271 1315 4337 qui
1351 4270 1603 4337 Origenis
1630 4267 1920 4326 libros-le-

357 4347 512 4406 gunt,
563 4339 705 4392 istud
736 4339 951 4408 penitus
978 4339 1256 4409 exclusum
1299 4355 1422 4394 esse
1456 4350 1643 4409 putant
1693 4343 1920 4396 manda-

361 4417 495 4478 tum,
543 4425 675 4478 quo
705 4409 1011 4477 probabiles
1062 4408 1198 4464 efﬁci
1249 4408 1507 4478 iubentur
1560 4413 1856 4478 trapezita.
1893 4432 1912 4463 ι

355 4475 503 4530 Idem
555 4475 838 4542 proferunt
884 4479 1073 4532 iisdem
1106 4475 1285 4534 verbis
1316 4480 1568 4535 Clemens
1619 4475 1913 4536 Alexandr.

357 4546 504 4619 libi}
538 4547 826 4612 Stromat.,
877 4548 1207 4618 Epiphanius
1247 4551 1443 4605 hares.
1497 4566 1647 4614 xuv,
1684 4566 1804 4619 cap.
1858 4552 1915 4615 2,

358 4625 415 4670 et
440 4617 481 4671 H
508 4634 806 4688 eronymus
846 4617 932 4685 ep.
964 4622 1030 4689 ad
1059 4619 1189 4675 Min.
1222 4630 1276 4673 et
1313 4621 1496 4689 Alex.,
1529 4622 1670 4689 quod
1713 4617 1916 4676 frustra

2019 3422 2166 3487 facta
2189 3431 2463 3484 memoria
2483 3422 2850 3496 prodiderunt,
2869 3443 2988 3496 qua
3017 3429 3069 3480 in
3099 3423 3231 3477 Novi
3255 3422 3588 3496 Testameuti

2020 3503 2177 3555 libris
2228 3516 2331 3554 non
2392 3493 2743 3566 comparent;
2795 3493 3022 3567 quaeque
3053 3511 3121 3549 ex
3169 3510 3232 3549 eo
3284 3493 3583 3567 secundum

2020 3572 2273 3626 llcbraos
2305 3564 2598 3638 Evangelio
2625 3564 2947 3637 propagata,
2972 3567 3051 3638 vel
3083 3580 3147 3617 ex
3168 3635 3178 3638 _
3202 3564 3584 3638 traditionibus

2018 3642 2259 3708 profecta
2301 3632 2596 3694 srnnthos
2626 3632 2848 3708 quidem
2894 3636 3126 3704 plurima
3167 3632 3484 3708 h_njusmodi
3532 3633 3583 3708 in

2020 3703 2261 3784 Origene
2295 3703 2772 3784 deprehendimus.
2811 3703 2952 3773 Quot
2984 3715 3142 3784 putas
3190 3703 3585 3784 facinora

2019 3775 2162 3835 disse
2192 3775 2494 3842 Christum,
2542 3777 2625 3831 vel
2659 3777 2801 3830 dicta
2851 3775 3167 3844 protulisse,
3196 3790 3318 3840 quae
3367 3775 3584 3844 scriptis

2020 3851 2215 3905 tradita
2263 3863 2369 3902 non
2422 3861 2596 3901 sunt:
2631 3861 2753 3913 qua
2802 3843 2861 3899 si
2893 3847 3015 3913 quis
3066 3845 3274 3914 singula
3326 3843 3584 3914 voluisset

2017 3920 2274 3990 persequi
2306 3919 2622 3990 iitteris,__ne
2650 3909 3180 3990 mundus'quidem,
3220 3923 3280 3967 ut
3319 3914 3404 3966 ait
3425 3909 3586 3990 ῥοιαί

2018 3981 2114 4045 nes
2150 3981 2265 4053 xit,
2297 3989 2390 4052 25,
2417 3998 2494 4042 tot
2525 3987 2692 4040 libros
2716 4001 2912 4052 capere
2945 3981 3253 4038 bniversus
3285 3981 3585 4053 potuisset?

2018 4060 2156 4126 Quid
2189 4065 2332 4128 quod
2359 4059 2644 4132 innumera
2672 4065 2934 4132 vete_ruttt_
2963 4055 3353 4132 prophetarum
3383 4053 3582 4132 apoph-

2022 4125 2293 4199 thegmata
2321 4129 2617 4199 meritoria,
2635 4139 2739 4178 non
2769 4126 2967 4199 litteris
2993 4125 3269 4188 mandata,
3291 4125 3583 4199 scriptores

2022 4189 2166 4254 sacri
2221 4199 2497 4268 praphetis
2545 4197 2652 4250 illis
2692 4197 3026 4268 recentiores
3069 4189 3426 4268 usurparunt.

2021 4271 2199 4323 minus
2222 4263 2520 4322 verisimile
2540 4274 2623 4321 est
2663 4265 2844 4335 aliqua
2874 4266 2925 4318 itt
2964 4264 3269 4335 Evaugeiiis
3305 4263 3580 4335 canonicis

2019 4339 2145 4393 olim
2176 4338 2341 4393 fuisse
2372 4337 2578 4399 habita,
2615 4351 2736 4405 qua
2754 4332 2972 4389 demum
3007 4332 3388 4405 interciderint
3419 4350 3433 4386 :
3479 4347 3574 4385 non

2019 4409 2281 4478 ejusmodi
2313 4404 2681 4478 sane,quibtis
2713 4406 2834 4459 fidei
2863 4406 3109 4472 dogmata
3135 4404 3575 4466 continerentur;

2019 4477 2204 4532 ecrum
2235 4477 2430 4548 quippe
2460 4495 2478 4528 ‹
2502 4480 2618 4548 iota
2651 4490 2834 4548 unum,
2869 4485 3122 4548 aut_unus
3147 4488 3290 4548 apex
3314 4486 3425 4548 non
3445 4486 3577 4548 pra-

2022 4548 2227 4603 teribit.
2252 4543 2286 4598 ἰ
2317 4543 2398 4600 Ad
2436 4547 2644 4613 reliqua
2692 4546 2834 4615 quod
2872 4543 3104 4615 attinet,
3163 4544 3354 4610 quidni
3407 4545 3574 4615 aliqua

2019 4618 2289 4672 excidisse
2315 4611 2597 4671 credamus
2621 4632 2634 4681 ;
2662 4611 2785 4669 cum
2815 4628 2846 4668 e
2871 4612 3006 4667 Novi
3030 4611 3364 4667 Testamenti
3401 4613 3572 4667 diver-

360 4695 536 4768 tatnen
569 4681 1225 4768 itLEvangel'iis‘Novoqtie
1253 4681 1744 4768 adeo'i‘esia'metlto
1773 4708 1916 4760 qua-
1949 4710 1994 4768 υ
2023 4689 2097 4768 s_i_s
2133 4687 2451 4768 lectionibus
2491 4696 2752 4768 appareat
2798 4685 2960 4765 multa
2998 4685 3122 4737 inde
3165 4684 3276 4768 sive
3324 4681 3574 4768 iemporis

359 4756 570 4811 siveris.
613 4756 895 4812 Existimat
926 4759 1117 4813 Croius
1138 4756 1375 4814 '0bserv.
1410 4760 1462 4812 in
1490 4757 1625 4813 Nov.
1657 4756 1912 4827 Testrinu,

358 4840 480 4894 cap.
513 4828 603 4890 28,
630 4831 789 4881 verba
818 4829 929 4882 hac
955 4845 1058 4882 non
1087 4829 1360 4892 αὐτολεξεί
1405 4845 1434 4882 a
1474 4829 1724 4884 Patriltus
1757 4830 1915 4885 Chri-

358 4904 444 4969 διο
483 4897 666 4969 tribui,
701 4898 792 4951 sed
822 4913 851 4951 e
884 4900 1138 4969 parabola
1173 4901 1238 4954 de
1271 4899 1507 4962 talentis,
1533 4915 1654 4969 qua
1687 4902 1914 4955 habetur

361 4965 548 5039 Matth.
581 4983 700 5034 cap.
727 4983 833 5039 xxv
865 4965 919 5039 et
952 4967 1083 5023 Luc.
1115 4985 1235 5039 cap.
1269 4986 1360 5023 xtx
1382 4965 1706 5025 sententiam
1742 4969 1914 5025 fuisse

359 5037 644 5110 collectam
677 5055 706 5110 a_
737 5037 986 5110 Patribus
1007 5049 1061 5092 et
1088 5037 1396 5110 conflatam.
1443 5039 1555 5110 Ego
1593 5055 1752 5096 secus
1782 5056 1910 5094 sen-

363 5108 437 5161 tio
469 5125 481 5161 :
514 5121 634 5178 nam
664 5106 710 5160 si
739 5107 1058 5178 sententiam
1089 5109 1260 5164 solum
1311 5106 1514 5163 Patres
1545 5112 1906 5178 excepissent,

360 5176 631 5242 quomodo
669 5178 720 5230 in
748 5177 933 5245 eadem
969 5179 1124 5245 plane
1153 5181 1316 5234 verba
1348 5179 1567 5235 Cb‘risto
1623 5176 1908 5236 tribuenda

361 5248 806 5320 conspirassent}
835 5243 1198 5320 Verisimilius
1234 5264 1366 5320 ergo
1397 5248 1538 5320 mihi
1580 5251 1639 5303 fit
1685 5259 1913 5319 excepta

362 5317 474 5388 hac
489 5318 657 5388 fuisse
675 5331 738 5388 ex
767 5315 1056 5388 Evangelio
1075 5315 1366 5372 secundum
1395 5318 1665 5384 Hebraos,
1695 5320 1747 5372 in
1771 5315 1913 5388 quod

363 5387 592 5456 plurima
621 5387 967 5457 inseruerunt
1002 5387 1263 5450 Nazarai,
1286 5403 1404 5455 qua
1429 5389 1530 5457 sibi
1558 5391 1626 5442 ab
1652 5387 1914 5457 apostolis

359 5470 619 5510 eorumve
649 5455 1056 5510 successoribus
1082 5472 1177 5512 ore
1209 5459 1416 5511 tradita
1457 5455 1702 5512 fuerant.
1746 5457 1912 5512 Multa

363 5537 512 5578 certe
543 5541 609 5580 ex
657 5526 757 5580 hoc
787 5526 1076 5594 Evangelio
1104 5529 1417 5594 deprompta
1449 5526 1744 5595 fragmenta
1793 5526 1915 5580 Hie-

363 5609 617 5665 rouyinus
649 5597 803 5649 nobis
833 5596 1061 5663 sparsim
1087 5598 1138 5649 in
1170 5596 1322 5649 libris
1342 5598 1454 5650 suis
1485 5599 1911 5665 reprasentavit,

364 5662 754 5733 quiEvangelii
787 5662 944 5733 hujus
969 5665 1312 5720 exscribeudi
1359 5662 1665 5720 facultatem
1688 5681 1718 5717 a
1742 5662 1915 5719 Naza-

369 5731 487 5784 rais
514 5729 760 5789 Bertieaut
789 5729 1160 5793 habitantibus
1206 5735 1610 5802 impetraverat.
1644 5735 1910 5792 Sexceuta

2023 4759 2459 4818 diuturnitatem,
2513 4752 2627 4810 sive
2676 4755 3018 4808 librariorum
3071 4752 3452 4822 negligentiam
3490 4768 3573 4807 ex-

2023 4828 2315 4898 punxisse?
2352 4825 2615 4898 llus-rtus.

2092 4898 2202 4967 (20)
2237 4898 2416 4951 Codex
2447 4897 2667 4967 liegius.
2715 4892 2898 4967 συνεὶς
2927 4893 3162 4967 φερέτω,
3220 4892 3568 4960 Barberinus,

2019 4964 2451 5038 συνεισφερέτω,
2475 4964 2833 5038 ΒιῇιιιεὶίιιιιιεΣ
2855 4964 3199 5038 εἰσφερέτωζ.

2090 5038 2200 5111 (21)
2219 5033 2416 5111 Codex
2439 5037 2778 5100 Bodleiauus,
2810 5033 2839 5087 ὃ
2860 5033 3112 5088 δύναται·
3149 5033 3345 5104 Regius
3367 5043 3422 5089 et
3449 5034 3568 5088 Bar-

2016 5106 2258 5169 berinus,
2274 5107 2334 5170 ὃς
2359 5106 2599 5159 δύναται.

2092 5178 2206 5249 (22)
2232 5178 2410 5249 Codex
2435 5175 2779 5242 Bodleianus,
2813 5173 3073 5245 πράττει·
3112 5173 3336 5244 Regius,
3377 5187 3564 5246 perpe-

2015 5245 2172 5318 ratit,
2188 5245 2329 5318 apo;
2351 5245 2508 5318 ἄττη.

2087 5317 2199 5388 (25)
2224 5311 2405 5388 Codex
2431 5311 2786 5381 Barberinus,
2816 5312 3032 5368 πάντων
3055 5331 3071 5344 ο
3105 5313 3306 5382 Regius
3347 5323 3403 5368 et
3440 5311 3566 5366 Bod-

2017 5385 2248 5449 leiauus.
2273 5385 2508 5447 πάντως.
3169 5389 3172 5392 '

2089 5457 2201 5527 (24)
2227 5454 2464 5510 Πιστῶν
2509 5453 3110 5527 ὑπολαμϐανομένων.
3135 5454 3314 5510 Codex
3339 5452 3566 5527 Bodieia-

2019 5523 2119 5580 nus
2154 5523 2204 5579 iu
2248 5529 2492 5594 margine
2521 5525 2687 5578 habet
2717 5541 2784 5577 ex
2827 5527 3162 5592 conjectura,
3205 5525 3393 5586 πιστὸς
3446 5523 3564 5575 ὑπο-

2017 5596 2330 5666 λαμϐάνων,
2372 5597 2719 5666 Barberiuus,
2756 5595 2885 5666 item
2930 5599 2982 5648 in
3031 5598 3298 5663 margine,
3328 5595 3431 5648 ὑπὸ
3484 5608 3564 5666 πι-

2021 5661 2160 5719 στῶν
2214 5663 3089 5737 ὑπολαμϐανομένων.ΑΡει-ᾼνετῇυε
3143 5661 3352 5721 videtur
3405 5661 3564 5734 conji-

2019 5738 2215 5794 ciendo
2247 5734 2440 5805 legisse
2461 5734 2650 5800 πιστὸς
2673 5734 3201 5803 ὑπολαμόανόμενος.
