3702 6142
34 258 126 315 541

1093 257 1448 318 COMMENT.
1490 259 1556 314 IN
1594 258 1787 316 JOAN.
1825 259 2064 317 TOMUS
2100 260 2249 318 XIX.

3206 263 3312 317 ΜΞ

35 373 398 446 πράττουσιν,
462 375 552 429 ὅτι
611 375 786 428 πάντα
829 374 864 429 ἃ
911 375 1190 446 δεδύνηται
1241 377 1557 448 πεποίηκεν,

1753 393 1854 434 non
1883 379 2117 434 debeant
2149 386 2342 434 contra
2382 390 2478 432 eos
2513 376 2606 446 qui
2641 375 2847 445 judicio
2875 375 3154 432 hominum
3187 388 3314 436 sunt

33 469 238 531 ἐκεῖνος
283 468 352 519 οὐ
406 469 600 522 πάντα
644 464 755 534 οἷός
799 488 857 523 τε
897 466 968 541 ἦν
1012 469 1358 524 ἀπαιτεῖσθαι
1393 471 1502 524 ἀπὸ
1546 487 1595 523 τι

1753 473 2065 527 tenuiores:
2107 488 2213 528 non
2248 471 2394 527 enim
2433 481 2615 526 certus
2644 479 2725 526 est
2759 469 2953 535 lidelis,
2989 471 3312 529 existimans

33 561 203 630 Λόγου
236 559 275 613 ἃ
302 560 668 616 ἀποδέδωκεν
719 561 877 632 (24⁵).
926 560 1239 629 Ἀνέϐλεψεν
1270 556 1362 614 οὖν
1397 563 1476 624 είς
1517 559 1595 614 toi

1753 579 1800 619 se
1829 565 2053 620 meliora
2087 575 2143 619 et
2182 564 2485 633 copiosiora
2519 561 2716 625 facere,
2750 562 3035 618 conferens
3072 565 3310 634 seipsum

36 650 329 719 βάλλοντας
363 651 458 714 είς
486 651 553 704 τὸ
579 651 974 721 γαζοφυλάκιον
1000 652 1069 705 τά
1090 651 1237 722 δῶρα
1270 650 1450 705 αὐτῶν
1480 650 1643 705 πλου-

1743 669 1866 709 cum
1898 656 2119 709 minima
2152 655 2460 725 agentibus,
2488 654 2633 723 quod
2659 653 2839 706 omnia
2864 668 2983 720 qua:
3020 657 3194 723 potuit
3224 653 3309 708 fe-

37 742 177 803 σὶους
208 741 238 793 6
293 741 546 811 Ἰησοῦς·
578 743 672 795 καὶ
700 741 821 795 ἰδὼν
855 743 953 813 τὴν
986 741 1249 813 πενιχρὰν
1280 743 1456 813 χήραν
1469 742 1595 795 λεπτ

1753 747 1818 802 cit
1851 765 1865 812 ;
1905 747 1990 800 vel
2020 748 2163 818 quod
2213 761 2309 815 per
2365 745 2709 809 Sermonem,
2748 755 2804 798 et
2843 743 3038 798 Filium
3075 747 3166 800 Dei
3202 761 3308 801 non

39 830 304 903 βαλοῦσαν
349 830 476 902 (25)
517 831 642 896 δύο,
664 833 804 902 τάχα
828 831 906 902 τῷ
933 833 1216 904 γνωστικῷ
1256 833 1406 903 τόπῳ
1432 835 1526 886 κα)⁵
1561 833 1640 904 τῷ

37 922 327 994 πρακτικῷ
380 923 763 996 ἁπλούστερον
813 925 942 995 περὶ
971 923 1081 977 τῶν
1120 925 1280 979 θείων
1315 925 1634 995 φρονοῦσαν,

39 1016 123 1068 καὶ
153 1016 430 1084 ἀνάλογον
460 1015 680 1078 τούτοις
727 1013 968 1084 βιοῦσαν,
998 1011 1170 1068 εἶπενο
1210 1035 1230 1068 ι
1279 1015 1517 1086 Ἀληθῶς
1549 1017 1636 1070 λέ-

36 1127 110 1178 γω
143 1109 296 1178 ύμῖν,
328 1109 418 1161 ὅτι
453 1110 490 1179 ἡ
529 1112 672 1181 χήρα
718 1114 750 1182 ή
804 1113 992 1183 πτωχὴ
1026 1111 1162 1184 αῦτη
1210 1113 1391 1166 πλεῖον
1420 1111 1636 1164 πάντων

41 1199 206 1253 ἔϐαλε.
253 1219 272 1250 ι
301 1200 420 1252 Καὶ
477 1201 640 1254 τοῦτο
678 1199 799 1255 εἶπε
848 1202 959 1273 (26)
995 1203 1240 1276 καθορῶν
1277 1205 1398 1257 τίνα
1437 1203 1635 1271 τρόπον

39 1288 485 1342 πολλαπλασίονα
553 1291 837 1362 δυνάμενοι
891 1295 1076 1366 φέρειν
1130 1296 1208 1357 είς
1248 1294 1310 1348 τὸ
1350 1294 1545 1355 κοινὸν,
1583 1296 1633 1347 οἱ

41 1383 154 1434 ὅσον
188 1383 282 1434 ὲπὶ
311 1385 380 1451 τῇ
425 1383 662 1453 δυνάμει
703 1385 946 1438 πλούσιοι
983 1387 1046 1439 ἐκ
1080 1385 1174 1439 τοῦ
1217 1387 1634 1458 περισσεύοντος

40 1470 213 1532 αὐτοῖς
237 1469 438 1524 ἔϐαλον
465 1473 552 1536 είς
584 1472 652 1525 τά
684 1473 830 1546 δῶρα
861 1474 954 1527 τοῦ
994 1473 1128 1528 Θεοῦ
1203 1475 1480 1546 ἐλάχιστον
1519 1475 1630 1546 (27)

48 1559 221 1630 μόριον
253 1555 328 1612 ὧν
357 1555 470 1612 οἷοί
503 1577 564 1614 τε
594 1557 734 1632 ἦσαν
758 1564 1152 1634 συνεισφέρειν.
1175 1565 1440 1618 Κατανόει
1460 1564 1516 1616 δὲ
1539 1564 1632 1617 καὶ

43 1646 107 1698 τὰ
149 1647 245 1716 τῆς
285 1649 474 1720 χήρας
519 1650 896 1724 ὑστερήματα,
933 1653 1026 1706 καὶ
1057 1655 1138 1706 ὅτι
1170 1653 1471 1726 βιασαμένη
1500 1657 1628 1708 ἑαυ-

1738 847 1990 910 poterant
2016 839 2158 909 exigi
2191 839 2260 892 ab
2286 852 2350 892 eo
2380 839 2561 892 omnia
2593 852 2711 904 quae
2759 837 3010 891 reddidit.
3052 835 3309 904 Respexit

1738 944 1869 1002 ergo
1897 932 1965 986 ad
1995 946 2090 986 eos
2113 930 2306 984 divites
2323 928 2502 991 Jesus,
2532 929 2623 997 qui
2653 943 2873 982 munera
2900 941 2994 980 sua
3021 926 3307 980 mittebant

1739 1023 1793 1076 in
1827 1020 2266 1093 gazophylacium
2303 1037 2316 1072 :
2346 1029 2400 1074 et
2424 1019 2652 1072 intuitus
2671 1015 3054 1084 pauperculam
3085 1014 3304 1068 viduam

1737 1112 1946 1166 minuta
1979 1113 2083 1166 duo
2119 1111 2421 1163 mittentem
2477 1107 2762 1176 (fortassis
2807 1105 3138 1173 cOgitanIem
3169 1105 3303 1156 sim-

1736 1203 1934 1271 plicius
1962 1202 2028 1256 de
2062 1200 2222 1254 rebus
2249 1198 2449 1252 divinis
2476 1194 2955 1262 contemplatione,
2981 1202 3035 1246 et
3064 1193 3300 1256 actione,

1735 1301 1791 1346 et
1818 1301 2217 1359 consequenter
2257 1290 2340 1344 his
2371 1289 2687 1354 viventem),
2724 1285 2864 1338 dixit
2907 1303 2918 1337 :
2966 1303 2985 1335 ι
3023 1283 3157 1338 Vere
3182 1283 3304 1338 dico

1734 1383 1891 1437 vobis
1925 1382 2144 1435 viduam
2199 1381 2340 1436 hanc
2392 1393 2685 1449 pauperem
2742 1377 2860 1446 plus
2907 1391 3065 1444 quam
3111 1390 3304 1430 omnes

1735 1472 1950 1526 misisse
1987 1473 2033 1504 ⁷⁸
2074 1491 2087 1526 :
2134 1490 2152 1523 ›
2182 1472 2327 1540 quod
2385 1471 2518 1524 dixit
2560 1469 2863 1537 despiciens
2905 1467 3301 1535 quodammodo

1733 1561 1951 1626 divites,
1989 1562 2078 1630 qui
2131 1561 2300 1614 multo
2349 1559 2655 1626 capiosiora
2716 1557 2858 1609 ferre
2909 1557 2963 1610 in
3009 1569 3299 1609 commune

1731 1652 1996 1718 valentes,
2050 1651 2196 1719 quod
2230 1652 2297 1705 ad
2329 1650 2626 1719 potentiam
2675 1649 2888 1714 attinet,
2928 1662 2994 1702 ex
3039 1662 3104 1702 eo
3151 1648 3298 1716 quod

47 1738 135 1809 τὴν
177 1739 351 1793 πάντα
392 1740 457 1793 ὃν
498 1735 647 1812 εἶχεν
691 1743 805 1813 βίον
839 1745 1065 1816 ἤνεγκεν
1098 1747 1179 1809 είς
1219 1745 1278 1798 τὸ
1312 1748 1368 1798 ὲν
1389 1745 1466 1815 τῷ
1499 1748 1595 1817 ἱερέ

1753 1743 1837 1796 llis
1867 1744 2226 1807 redundabat,
2277 1743 2566 1796 mittebant
2607 1741 2660 1795 in
2703 1753 2925 1794 munera
2958 1739 3051 1795 Dei
3085 1749 3294 1808 partem

49 1827 463 1895 γαζοφυλάκιον,
498 1832 883 1903 προσφέρουσα
905 1835 1082 1888 πᾶσαν
1111 1833 1207 1905 τὴν
1242 1833 1466 1904 δύναμιν
1499 1836 1628 1887 εαυ-

48 1919 135 1987 τῆς
157 1918 231 1989 τῷ
248 1918 391 1990 Θεῷ.
431 1921 553 1974 Ἀεὶ
570 1924 746 1977 τοίνυν
767 1925 794 1976 6
825 1923 1052 1994 Ἰησοῦς,
1081 1925 1221 1978 κατὰ
1256 1926 1351 1996 μὲν
1371 1927 1464 1979 τὸν
1494 1929 1629 1980 Λου-

51 2012 156 2070 κᾶν,
191 2010 520 2065 ἀναϐλέπων
561 2016 640 2077 είς
665 2016 791 2079 τοὺς
815 2015 1101 2084 βάλλοντας
1127 2019 1204 2080 είς
1225 2017 1284 2069 τὸ
1317 2016 1626 2086 γαζοφυλά-

53 2114 154 2150 κιον
181 2099 466 2165 πλουσίους
498 2102 572 2156 τὰ
599 2104 744 2176 δῶρα
778 2105 976 2169 αὐτῶν,
1002 2109 1102 2178 ὁρᾷ
1121 2107 1216 2160 καὶ
1245 2109 1341 2178 τὴν
1365 2111 1626 2180 πενιχράν

53 2188 206 2256 χήραν
244 2188 555 2257 βάλλουσαν
586 2191 758 2246 λεπτὰ
800 2193 910 2246 δύο-
963 2194 1105 2246 κατὰ
1148 2195 1205 2247 δὲ
1236 2198 1326 2247 τὸν
1376 2196 1622 2268 Μάρκον,

55 2277 204 2342 ἑστὼς
241 2281 536 2335 κατέναντι
570 2282 661 2336 τοῦ
691 2283 1088 2354 γαζοφυλακίου
1126 2287 1320 2356 θεωρεῖ
1351 2287 1470 2340 τίνα
1500 2289 1625 2358 τρό-

55 2386 142 2422 πον
170 2373 274 2434 πᾶς
301 2372 476 2438 ὁλαὸς
510 2374 695 2444 βάλλει
728 2377 867 2430 κατὰ
891 2376 1118 2447 δύναμιν
1158 2378 1249 2430 τὸν
1282 2378 1469 2449 νοητὸν
1496 2379 1624 2450 χαλ-

57 2458 137 2512 κὸν
181 2465 257 2525 είς
286 2462 350 2517 τὸ
399 2462 831 2535 γαζοφυλάκιον*
880 2469 973 2520 καὶ
1002 2469 1078 2531 ὡς
1121 2469 1280 2538 μόνος
1327 2469 1622 2541 δυνάμενος

57 2550 254 2619 βλέπειν
309 2557 440 2621 τοὺς
497 2558 791 2622 πλουσίους
811 2600 825 2623 ,
877 2555 1014 2612 εἶδεν
1079 2555 1166 2614 οἷά
1231 2578 1359 2613 ποτε
1431 2564 1619 2635 πτωχὴ

56 2642 184 2716 ψυχὴ
234 2647 329 2700 καὶ
377 2649 756 2721 ὑστερουμένη
823 2649 934 2723 (28)
993 2652 1174 2722 βάλλει
1223 2653 1321 2726 ὅλῃ
1375 2653 1616 2726 δυνάμει,

59 2735 138 2786 καὶ
171 2735 253 2789 διὰ
292 2738 451 2792 τοῦτο
483 2741 602 2812 (29)
638 2741 984 2814 δικαιουμένη
1031 2744 1181 2816 παρὰ
1224 2748 1348 2809 τοὺς
1393 2747 1619 2812 πολλοὺς

61 2826 338 2893 πλουσίους.
375 2832 523 2885 "Arce:
534 2850 565 2904 ρ
593 2834 654 2886 οὐ
678 2838 790 2898 τοῖς
814 2837 1037 2906 τυχοῦσι
1068 2837 1234 2906 λέγει,
1265 2839 1377 2892 ἀλλ’
1399 2839 1472 2905 ὥς
1511 2858 1616 2913 φη-

64 2931 133 2967 σιν
157 2918 182 2969 6
209 2920 450 2991 Μάρκος,
495 2926 615 2987 τοῖς
662 2925 930 2997 μαθηταῖς
963 2928 1161 2981 αὐτοῦ·
1195 2931 1290 2982 καὶ
1340 2931 1436 2985 νῦν
1484 2933 1613 3004 γὰρ,

1732 1835 2008 1888 minimam
2056 1849 2243 1888 eorum
2287 1847 2407 1901 qua:
2445 1832 2646 1886 inferre
2690 1840 2958 1900 poterant.
2999 1830 3296 1886 Causidera

1728 1924 1888 1980 etiam
1918 1924 2092 1978 viduae
2121 1923 2400 1992 penurias,
2447 1931 2500 1975 et
2544 1922 2689 1991 quod
2721 1921 2830 1975 vim
2875 1922 2977 1976 sibi
3027 1922 3292 1986 inferens,

1727 2029 1942 2068 onmem
1974 2028 2137 2081 quam
2168 2011 2404 2065 habebat
2436 2012 2800 2066 substantiam
2839 2011 3026 2066 tulerit
3061 2012 3115 2064 in
3157 2021 3294 2066 tem—

1727 2105 1894 2174 plum,
1943 2104 1995 2157 in
2054 2101 2522 2173 gazophylacium,
2574 2101 2805 2158 oll‘erens
2845 2118 3059 2157 omnem
3105 2115 3294 2172 poten-

1728 2200 1852 2250 tiam
1875 2211 2027 2250 suam
2063 2197 2193 2250 Deo.
2221 2194 2449 2262 Semper
2477 2193 2641 2262 igitur
2673 2193 2854 2257 Jesus.
2878 2193 3034 2262 juxta
3064 2195 3290 2263 Lucam,

1715 2289 2028 2356 respiciens
2068 2287 2122 2340 in
2152 2286 2347 2341 divites
2392 2285 2670 2340 mittentes
2709 2300 2935 2340 munera
2975 2301 3071 2340 sua
3101 2286 3154 2340 in
3199 2300 3294 2354 ga-

1725 2380 2122 2450 zophylacium,
2150 2378 2296 2432 videt
2319 2377 2484 2431 etiam
2515 2377 2894 2446 pauperculam
2920 2379 3138 2432 viduam
3167 2379 3295 2431 mit-

1725 2483 1925 2528 tentem
1961 2468 2170 2525 minuta
2201 2469 2331 2524 duo.
2368 2465 2529 2522 Juxta
2564 2467 2800 2522 Marcum
2839 2483 2991 2531 vero,
3034 2484 3157 2522 cum
3205 2485 3293 2524 se-

1721 2566 1863 2620 derit
1886 2579 1952 2620 ex
1984 2563 2213 2617 adverso
2244 2560 2635 2631 gazophylacii,
2682 2561 2827 2614 videt
2864 2575 3097 2628 quonam
3129 2551 3290 2614 modo

1719 2657 1897 2710 omnis
1919 2653 2148 2724 populus
2173 2653 2335 2706 mittit
2357 2668 2455 2720 pro
2474 2651 2678 2705 viribus
2698 2651 2809 2706 suis
2830 2667 2902 2705 aes
2925 2651 3209 2714 spirituale
3230 2653 3287 2706 in

1697 2749 2162 2819 gazophylacium
2189 2765 2202 2800 :
2231 2757 2308 2813 et,
2338 2756 2592 2814 tanquam
2621 2745 2713 2812 qui
2741 2744 2890 2798 solus
2913 2744 3097 2797 videre
3119 2745 3291 2812 possit

1719 2842 1936 2904 divites,
1985 2839 2129 2892 videt
2166 2853 2411 2906 quamam
2443 2835 2676 2897 ,tandem
2719 2835 2896 2887 mittat
2928 2833 2981 2887 in
3013 2824 3141 2886 illud
3187 2848 3286 2902 pro

1717 2931 1926 2984 viribus
1962 2912 2089 2983 suis
2139 2928 2303 2980 etiam
2357 2927 2534 2979 anima
2591 2924 2914 2993 paupercula
2967 2932 3021 2977 et
3065 2939 3285 2992 egena:

547 3017 674 3122 τοὺς
707 3017 953 3122 μαθητάς
993 3020 1360 3122 αὑτοῦ,Δλέγει
1389 3024 1595 3090 αὐτοῖς

1753 3021 1876 3091 ιθι
1920 3035 2040 3088 quae
2074 3018 2203 3087 quia
2235 3016 2375 3086 quod
2404 3023 2580 3084 potest
2612 3014 2796 3079 mittit,
2828 3029 2937 3082 pra}
2968 3013 3155 3067 multis
3202 3015 3288 3068 di-

63 3097 300 3156 διδάσκων
338 3105 586 3174 βλέπειν,
623 3111 720 3180 οὐχ
753 3109 829 3174 ὼς
875 3111 1064 3181 ὄψεται
1117 3113 1441 3186 ἄνθρωπος,
1497 3117 1610 3171 ἀλλ’

66 3189 128 3252 ὡς
155 3191 328 3262 δψεται
355 3198 383 3249 6
406 3198 543 3262 Θεὸς
587 3199 891 3273 (ἄνθρωπος
946 3203 1054 3275 γὰρ
1103 3205 1291 3274 δψεται
1334 3209 1415 3272 είς
1451 3209 1616 3281 πρόσ-

65 3295 211 3346 ωπον,
230 3287 257 3337 6
279 3286 336 3339 δὲ
364 3288 495 3354 Θεὸς
521 3290 716 3360 ὄψεται
735 3294 813 3356 είς
835 3294 1107 3365 καρδίαν),
1124 3297 1203 3348 τό·
1229 3315 1248 3348 ι
1271 3297 1439 3369 Ἀμὴν
1473 3299 1615 3368 λέγω

70 3369 196 3439 ὑμῖν,
228 3376 303 3430 ὅτι
336 3379 368 3450 ὴ
402 3382 548 3452 χήρα
571 3382 604 3452 ή
627 3383 816 3454 πτωχὴ
843 3383 979 3456 αὕτη
1011 3385 1192 3439 πλεῖον
1213 3388 1428 3441 πάντων
1455 3389 1612 3443 ἔϐαλε

71 3461 159 3516 τῶν
187 3464 471 3534 βαλλόντων
518 3475 603 3536 εἰς
634 3473 692 3528 τὸ
719 3475 1137 3544 γαζοφυλάκιον,
1168 3497 1187 3530 ι
1222 3479 1315 3532 καὶ
1358 3480 1426 3534 τὰ
1464 3481 1609 3552 ἑξῆς.

70 3552 124 3604 Τί
144 3555 200 3628 δή
229 3576 312 3628 μοι
338 3562 510 3618 ταῦτα
533 3565 710 3618 πάντα
741 3566 1006 3636 βούλεται,
1035 3571 1393 3641 προκειμένου
1423 3572 1613 3644 διηγή-

71 3647 238 3702 σασθαι
265 3651 342 3716 τὺ,
389 3673 408 3705 r
457 3654 644 3710 Ταῦτα
694 3657 762 3710 τά
811 3661 1028 3731 ῥήματα
1060 3660 1097 3714 ἃ
1128 3661 1386 3734 ἐλάλησεν
1430 3664 1488 3716 ὲν
1533 3663 1611 3735 τῷ

70 3735 432 3816 γαζοφυλακίῳ,
467 3747 736 3803 διδάσκων
767 3752 823 3804 ὲν
849 3751 926 3823 τῷ
957 3752 1104 3825 ἱερῷ,
1136 3770 1155 3803 ι
1185 3752 1606 3826 ἢπαραστῆσαιν

72 3829 140 3881 ὅτι
161 3833 360 3890 πάντων
398 3842 864 3913 συνεισφερόντων
908 3843 966 3896 ὲν
994 3842 1072 3914 τῷ
1097 3843 1481 3916 γαζοφυλακίῳ
1511 3845 1606 3899 τοῦ

73 3921 194 3991 ἱεροῦ
235 3925 322 3979 τοῦ
365 3931 504 4004 ὑπὲρ
543 3933 639 3986 τοῦ
672 3933 850 3986 κοινοῦ
876 3933 944 3986 τὰ
973 3933 1238 4005 θρέψοντα
1273 3936 1398 3998 τοὺς
1421 3936 1608 4006 δεομέ-

74 4024 196 4075 νους.
228 4016 413 4085 μᾶλλον
465 4022 684 4077 πάντων
728 4025 894 4095 ἐχρῆν
935 4025 1027 4077 τὸν
1063 4025 1270 4095 Ἰησοῦν
1303 4026 1486 4098 φέρειν
1537 4027 1604 4080 τά

73 4098 418 4188 ᾠφελήσαντα,
472 4114 619 4186 άπερ
669 4111 737 4186 ἦν
773 4102 994 4186 ῥήματα
1039 4115 1184 4188 ζωῆς
1235 4119 1475 4183 αἰωνίου,
1509 4120 1603 4174 καὶ

76 4185 349 4249 διδασκαλία
380 4201 411 4270 ἡ
438 4203 566 4274 περὶ
589 4185 881 4269 Θεοῦ,καὶ
905 4205 1100 4259 ἑαυτοῦ
1121 4185 1148 4272 ;-
1170 4209 1278 4262 Καὶ
1311 4210 1509 4273 παντός
1537 4229 1602 4280 γε

77 4280 368 4370 νοιξίσματος
392 4293 816 4368 τιμαλφέστερον
843 4293 911 4368 ἦν
937 4298 1019 4362 τὸ,
1047 4315 1066 4348 ‹
1109 4297 1247 4366 Ἐγώ
1271 4301 1388 4369 είμι
1409 4300 1469 4353 τὸ
1489 4300 1602 4370 φῶς

1719 3115 1917 3168 vitibus
1957 3110 2291 3180 justiﬁeatur
2323 3109 2507 3163 etiam.
2549 3106 2659 3160 Nec
2703 3106 2817 3160 haec
2846 3107 3082 3176 loquitur
3125 3105 3286 3162 Jesus

1715 3205 2051 3276 vulgaribus,
2109 3204 2246 3265 sed,
2306 3199 2761 3269 quemadmodum
2814 3197 3028 3253 Marcus
3083 3199 3282 3269 inquit,

1713 3294 1994 3363 discipulis
2045 3293 2178 3347 suis.
2209 3288 2430 3345 Etenim
2468 3302 2610 3342 nunc
2659 3302 2973 3343 convocans
3015 3289 3080 3341 ad
3117 3304 3176 3344 se
3202 3289 3285 3344 di-

1713 3385 1947 3455 scipulos
1995 3399 2144 3450 suos,
2188 3381 2450 3449 dicitlillis
2474 3379 2628 3444 illud,
2687 3381 2925 3434 edocens
2963 3394 3056 3434 eos
3088 3390 3148 3434 ut
3203 3381 3284 3436 vi-

1712 3481 1892 3544 deant,
1911 3493 2013 3532 non
2031 3475 2485 3547 quemadmodum
2515 3474 2698 3540 homo,
2716 3473 2808 3527 sed
2831 3472 3280 3541 quemadmodum

1709 3572 1858 3626 videt
1911 3571 2053 3625 Deus
2094 3571 2280 3642 (homo
2317 3567 2464 3623 enim
2494 3563 2642 3619 videt
2687 3568 2742 3620 in
2792 3564 2950 3629 facie,
2980 3563 3120 3618 Deus
3150 3579 3281 3619 vero

1708 3663 1762 3715 in
1784 3661 1946 3716 corde
1969 3661 2036 3730 ⁷⁸)
2066 3679 2081 3714 :
2108 3677 2129 3712 ι
2152 3661 2324 3714 Amen
2348 3661 2472 3714 dico
2500 3658 2651 3713 vobis
2677 3657 2892 3710 viduam
2922 3655 3062 3710 hanc
3080 3670 3280 3724 paupe-

1710 3766 1824 3807 rem
1851 3752 1972 3823 plus
1987 3752 2238 3807 omnibus
2261 3752 2494 3816 misisse,
2526 3749 2620 3818 qui
2644 3749 2906 3802 miserunt
2927 3749 2978 3802 in
3004 3749 3281 3818 gazophy-

1707 3844 1925 3908 lacium,
1939 3863 1959 3896 ι
1985 3853 2184 3912 etquae
2199 3853 2519 3913 sequuntur.
2537 3840 2642 3895 Sed
2656 3840 2930 3910 quidnam,
2946 3852 3151 3908 quaeso,
3174 3853 3278 3907 pu-

1709 3948 1790 3992 tas
1812 3953 1896 3992 me
1912 3937 2047 3992 velle
2062 3937 2164 3992 hoc.
2192 3935 2349 4005 longo
2371 3934 2689 4006 hyperbato,
2715 3949 2835 3988 cum
2854 3931 3187 4001 propositum
3206 3929 3276 3984 sit

1704 4030 1835 4084 illud
1869 4029 2072 4084 dictum
2102 4043 2403 4095 exponere:
2428 4047 2446 4078 ι
2474 4027 2599 4081 llaec
2628 4025 2792 4080 verba
2815 4040 2936 4094 quas
2959 4024 3167 4079 locutus
3192 4032 3276 4076 est

1702 4122 1923 4178 Jesusin
1941 4119 2322 4192 gazophylacio
2345 4120 2614 4174 docensin
2654 4117 2872 4188 templo,
2905 4135 2922 4168 ι
2956 4116 3058 4170 nisi
3089 4123 3276 4169 osten-

1704 4217 1832 4268 dere
1861 4212 2004 4282 quod
2039 4211 2296 4267 omnibus
2346 4208 2706 4264 intereuntibus
2729 4209 2782 4262 in
2827 4205 3270 4278 gazophylacium

1707 4304 1889 4375 templi
1940 4319 2060 4374 qua:
2112 4303 2168 4358 in
2214 4303 2491 4357 communi
2549 4302 2806 4355 alimento
2852 4298 3037 4353 futura
3089 4308 3272 4352 essent

80 4366 156 4466 “tot?
183 4373 398 4446 κόσμου,
428 4402 447 4435 ›
498 4387 558 4440 ὲν
595 4386 673 4458 τῷ
710 4366 1090 4460 γαζοφυλακίῳ
1140 4366 1456 4463 εἰρημένον,
1500 4366 1595 4450 *καὶ

1753 4366 2008 4465 gentibus,
2040 4408 2265 4449 necesse
2301 4393 2373 4448 sit
2398 4392 2473 4445 uti
2500 4389 2657 4446 Jesus
2688 4390 2862 4460 magis
2892 4403 3055 4458 quam
3079 4401 3270 4440 omnes

78 4457 148 4557 $5.
173 4466 270 4557 «ΜΕί
303 4471 400 4542 ἐμὲ
426 4477 624 4548 ᾔδειτε,
776 4457 868 4535 τὸν
897 4457 1118 4555 Πατέρα
1138 4457 1336 4554 μουάν
1367 4485 1595 4556 ᾔδειτε,ι

1753 4487 1904 4541 derat
1935 4501 2056 4557 qua:
2088 4485 2311 4541 utilitati
2338 4486 2448 4541 sint
2479 4485 2682 4550 futura,
2725 4457 2923 4550 nempe
2947 4480 3114 4536 verba
3145 4478 3270 4531 vitm

83 4549 264 4652 nil-51a
290 4561 354 4615 τὰ
387 4568 525 4622 κατὰ
566 4571 657 4623 τὸν
695 4571 877 4626 τόπον.
916 4549 1088 4628 Ka1'6
1116 4549 1223 4638 πᾶς
1254 4592 1317 4644 γε
1341 4549 1448 4633 των
1487 4549 1598 4632 λοι-

82 4650 176 4741 τξιξιν
203 4650 273 4712 είς
297 4654 356 4741 τὸ
383 4660 774 4732 γαζοφυλάκιον
813 4667 1083 4737 φερόντων
1133 4667 1168 4721 δι
1206 4663 1348 4738 εἶχον
1373 4669 1593 4741 χρυσὸς,

1700 4590 1938 4648 aternae,
1989 4590 2046 4636 et
2093 4582 2357 4637 doctrinae
2408 4582 2475 4637 de
2505 4582 2638 4645 Deo,
2683 4589 2740 4633 et
2786 4578 2853 4631 de
2893 4591 2953 4631 se
2996 4573 3157 4644 ipso?
3189 4573 3266 4626 Ac

1699 4673 2030 4743 splendidius
2080 4674 2322 4743 prol‘ecto
2355 4673 2546 4744 quovis
2575 4672 2905 4727 numismate
2935 4669 3068 4723 illud
3118 4677 3258 4729 erat,

292 4739 355 4814 ἦν
379 4729 539 4823 ὀλίγη.
557 4754 633 4817 ὼς
671 4729 899 4827 πρὸς
943 4757 1116 4828 Ἰησοῦ
1161 4729 1595 4830 ῥήματαῗσοφία

1763 4763 1875 4834 Ego
1901 4729 2021 4818 sum
2048 4729 2140 4818 lux
2163 4729 2434 4831 mundi;°,
2471 4781 2491 4816 ι
2519 4763 2665 4833 quod
2711 4761 2913 4816 dictum
2943 4758 3043 4812 fuit
3081 4757 3134 4811 in
3164 4772 3262 4828 ga-

84 4824 252 4936 Tjrﬁv
271 4839 371 4936 τας
401 4843 428 4894 ό
457 4843 610 4914 λόγος
638 4824 834 4900 αὐτοῦ·
876 4867 894 4899 ι
927 4824 1044 4912 ne;
1070 4849 1126 4901 δὲ
1155 4824 1357 4922 χρὸσδς
1387 4853 1445 4903 ὲν
1474 4824 1594 4922 seu

1753 4824 2016 4921 tpbylacio
2043 4871 2057 4907 :
2095 4862 2149 4907 et
2187 4853 2314 4907 illud
2342 4868 2356 4907 :
2391 4824 2430 4905 ι⁷
2454 4853 2512 4909 Si
2535 4824 2646 4907 -me
2675 4852 2893 4906 sciretis
2915 4889 2932 4916 ,
2960 4858 3016 4904 et
3046 4824 3259 4902 Patrem

85 4926 478 5052 ᾕὶαῆῖρψὲμ-ροξ
505 4938 693 5052 “clm:
740 4941 956 5052 xatntb‘;
1002 4941 1168 5052 πηλός
1211 4943 1590 5047 λογισθήσεται

1755 4960 1876 4999 eum
1911 4947 2127 5000 sciretis
2151 4945 2238 5008 ⁸⁸;
2278 4965 2298 5000 ι
2336 4947 2431 5001 sed
2473 4956 2526 5001 et
2570 4947 2753 5000 omnia
2781 4958 2904 5013 qua:
2925 4951 3050 4996 sunt
3082 4943 3134 4996 in
3173 4940 3263 4993 illo

89 5019 282 5141 3:22,;
302 5019 529 5141 trivclov
550 5030 742 5138 αὐτῆς.
785 5051 804 5083 ι
834 5033 943 5086 Καὶ
969 5032 1144 5141 ταῦτά
1165 5035 1438 5139 γεβσαφῶς
1469 5054 1592 5109 νοη-

1753 5050 1817 5091 co
1841 5036 2148 5108 [splendida
2176 5036 2350 5110 sunt.]
2380 5037 2559 5108 Atque
2591 5051 2782 5093 aurum
2814 5049 2946 5091 sane
2980 5048 3140 5088 omne
3157 5046 3261 5085 cae-

119 5093 270 5162 ήσεται
317 5116 422 5178 τοῖς
467 5093 784 5178 κατακούειν
817 5093 1306 5197 μεμαθηκόσιστῆς
1335 5093 1470 5193 ’τοίς
1504 5093 1590 5184 τέ-

1757 5093 1941 5184 roriim
1973 5129 2065 5200 qui
2113 5129 2168 5184 in
2228 5093 2615 5201 gazophylacio
2654 5128 2902 5184 ferebant
2934 5140 3053 5196 qua:
3091 5121 3260 5179 babe-

175 5235 216 5270 "
233 5239 350 5305 Luc.
373 5268 480 5326 xxi,
513 5263 567 5319 5.
642 5261 734 5316 "l
765 5263 899 5335 Reg.
923 5282 1036 5330 xvi,
1065 5266 1116 5319 7.
1214 5265 1261 5298 ⁸⁰
1293 5265 1448 5324 Joan.
1473 5285 1591 5339 vm,

1804 5266 1849 5299 δι
1877 5265 2006 5324 ibid.
2035 5265 2124 5321 19.

368 5367 752 5449 decessum».
785 5373 879 5431 Sic
900 5386 1061 5464 recte"
1071 5375 1236 5432 habet
1255 5380 1424 5436 codex
1441 5381 1580 5438 Bod-

267 5469 282 5485 .
347 5449 485 5485 emus
507 5459 631 5485 νρηι
660 5446 795 5485 Inaln
827 5457 1005 5485 nmmr
1036 5463 1067 5485 η

267 5446 485 5506 ζιιιικιιιε
507 5459 631 5498 vero
659 5446 796 5502 male
827 5446 1011 5500 omisit
1035 5447 1090 5502 ά.

93 5487 796 5619 ὴέέξζ.ῧοόὲἶθόᾶιέία’ίιίἷξ
827 5487 1126 5588 Ῑιὲιῖὂξσέξρ,
1174 5519 1401 5591 Regius,
1445 5520 1574 5592 βάλ-

267 5637 424 5722 (ξοόοι
453 5649 782 5735 Bodleianus,
819 5651 962 5720 είπε,
985 5634 1207 5728 Regius,
1240 5659 1427 5716 εἰπών.

176 5731 201 5748 ε-
268 5707 422 5764 Lede:
453 5719 760 5764 Πεηιιοιειηης
835 5727 1110 5764 suum»...
1185 5729 1374 5764 αρηιημ

176 5700 246 5772 27)
268 5707 423 5771 Codex
453 5700 786 5794 ὗόἇίἑίὶὶίἰῖιξζ
820 5700 1404 5803 ’έλξέιϊὲὄῗὶῗίιὲέίἱῖζξ
1414 5700 1427 5716 ’
1448 5731 1570 5791 tta-

1685 5380 1868 5452 χίστη.

1755 5445 1866 5524 (‘28)
1908 5449 2083 5524 _Cor_ld.
2127 5449 2558 5524 Barbcrinns‘et
2605 5451 2951 5524 Bodleianus,
2987 5445 3099 5524 οἷά-
3120 5463 3251 5524 ποτε

1682 5514 1871 5608 πτωχὴ
1887 5520 2576 5608 φυχῆμαὶιὺιστερουμένη.
2613 5523 2669 5577 ln
2715 5520 2883 5590 Regio
2915 5535 3012 5590 pro
3043 5514 3133 5574 οἷα
3176 5520 3251 5574 le~

1681 5591 1999 5672 giturméllet
2027 5593 2177 5672 deest
2199 5591 2365 5672 ψυχή.

1752 5662 1864 5734 (29)
1889 5660 1998 5717 Καὶ
2039 5660 2138 5716 διὰ
2178 5660 2370 5719 τοῦτο.
2406 5662 2462 5719 ln
2492 5663 2675 5721 codice
2706 5660 2877 5733 Regio
2909 5660 3252 5717 desideratur

1681 5734 1791 5788 καί.
