3688 6146
497 251 604 307 5·ίὸ

1909 259 2064 318 ORIG

2169 261 2231 318 IS
3558 284 3623 341 bii

495 373 818 437 baut,arena
835 380 953 427 erat
979 386 1148 442 pauca
1175 375 1578 444 comparatione
1594 381 1880 435 verborum
1912 381 2061 438 Jesu.

2169 384 2329 449 λείοις
2353 385 2685 458 λαλουμένης
2713 388 2904 457 σοφίας
2950 389 3009 441 ἐν
3049 388 3326 462 μυστηρίῳ
3370 389 3625 471 dmum];-

498 461 781 531 Supicntia
834 464 1105 533 siquidem
1136 477 1253 520 erat
1278 468 1456 536 quivis
1483 469 1600 537 ejus
1633 485 1835 536 sermo,
1867 474 1933 528 de
1956 488 2062 543 qua

497 555 694 608 dicitur
730 556 823 610 In:
881 576 899 609 ι
952 554 1128 613 Omne
1183 574 1376 613 aurum
1429 575 1612 615 coram
1668 564 1931 633 sapientia
1981 576 2067 621 est

496 658 668 714 pauca
699 661 894 713 arena;
948 658 1003 702 et
1033 664 1130 703 ceu
1161 664 1377 704 caenum
1406 652 1749 721 reputabitur
1776 669 2063 725 argentum

496 750 679 790 coram
709 751 772 792 ea
801 755 816 792 :
858 756 878 789 ι
911 748 965 794 et
996 740 1111 795 hmc
1137 752 1287 797 certe
1316 744 1763 812 considerabunt,
1804 760 2064 819 quotquot

495 828 671 884 edocti
702 839 829 884 sunt
858 832 1046 886 audire
1083 833 1407 903 sapientiam
1442 835 1589 891 illam
1624 855 1744 909 qua:
1773 843 2066 898 annuntia-

488 929 580 973 tur
605 920 747 975 inter
786 921 1078 990 perfectos,
1113 925 1167 979 in
1198 928 1458 997 mysterio
1488 929 1882 998 absconditam,
1902 949 2063 1003 quam

498 1011 852 1081 praadestinat
886 1016 1027 1071 Deus
1059 1027 1186 1072 ante
1216 1019 1411 1074 saecula
1444 1022 1510 1075 ad
1534 1021 1807 1091 justorum
1842 1040 2062 1081 suorum

495 1104 725 1173 gloriam
761 1107 827 1161 ⁸³.
859 1108 1290 1166 Considerabunt
1324 1114 1438 1168 hate
1468 1116 1629 1170 etiam
1659 1117 1749 1186 qui
1795 1119 2064 1188 dispicere

498 1198 679 1250 valent
729 1199 1052 1269 sapientiam
1108 1203 1201 1258 Dei
1256 1205 1416 1278 longe
1466 1210 1909 1266 excellentiorem
1965 1229 2055 1267 sa-

494 1288 697 1356 pientia
734 1290 892 1360 hujus
919 1294 1122 1359 seculi,
1148 1296 1231 1351 vel
1261 1298 1563 1370 principum
1604 1302 1790 1357 saeculi
1818 1303 1976 1369 hujus
1991 1305 2061 1372 “,

491 1383 589 1453 qui
621 1386 996 1454 destruuntur,
1029 1404 1128 1445 ceu
1160 1392 1254 1461 qui
1300 1402 1524 1448 utantur
1554 1398 1790 1466 propriis
1829 1400 2065 1470 prophe-

495 1476 588 1543 tis,
618 1486 673 1532 et
704 1487 963 1535 tueantur
988 1482 1396 1555 qualescunque
1424 1500 1724 1556 sermones,
1756 1490 1892 1546 alios
1924 1506 2065 1561 pra:—

491 1574 579 1622 ter
615 1571 900 1626 veritatem
936 1589 949 1627 :
984 1589 1108 1628 nam
1139 1586 1350 1632 caetera
1381 1579 1668 1650 sapientiae
1692 1621 1710 1645 ,
1742 1597 1867 1653 qua:
1896 1583 2061 1638 veluti

492 1673 686 1715 aurum
711 1673 1047 1733 reputantur,
1072 1680 1235 1723 arena
1265 1679 1392 1725 sunt
1417 1686 1583 1741 parva
1622 1687 1812 1731 coram
1849 1676 2062 1745 sapien-

492 1753 591 1819 tia,
618 1767 778 1823 quam
812 1759 1026 1814 creavit
1063 1761 1204 1817 Deus
1237 1763 1568 1833 principium
1596 1767 1808 1820 viarum
1841 1783 2059 1822 suarum

488 1846 561 1897 nd
608 1860 772 1916 opera
812 1862 910 1904 sua
961 1851 1039 1918 ⁸⁸;
1082 1862 1479 1925 argentumque
1523 1857 1804 1927 splendida
1840 1869 1899 1914 et
1945 1859 2061 1915 elo-

490 1952 666 2004 quens
693 1941 983 1997 multorum
1010 1947 1186 2000 oratio
1211 1960 1310 2001 ceu
1345 1962 1561 2002 caenum
1604 1952 1945 2019 reputabitur
1971 1967 2063 2007 co-

492 2042 610 2082 ram
650 2031 818 2086 castis
857 2036 1197 2090 sermonibus
1232 2036 1468 2103 Domini,
1499 2039 1591 2107 qui
1628 2040 1781 2109 igniti
1810 2053 1957 2107 sunt,
2008 2054 2064 2100 et

488 2120 728 2189 purgati,
779 2130 838 2176 et
887 2122 1098 2192 probati
1147 2127 1451 2195 septuplum
1497 2130 1563 2197 ⁸⁸,
1604 2131 1730 2201 quia
1779 2147 2064 2202 processe-

489 2219 621 2264 runt
665 2211 734 2267 ab
768 2212 862 2268 illo
910 2213 1174 2272 Sermone
1208 2218 1299 2287 qui
1343 2222 1550 2276 eratin
1601 2224 1871 2295 principio
1923 2226 2063 2295 apud

487 2301 660 2356 Deum
694 2304 762 2359 ⁸⁷.
815 2305 1083 2362 Caeterum
1116 2312 1425 2367 testimonia
1456 2329 1523 2368 ex
1574 2316 1714 2372 libro
1739 2322 1831 2388 qui
1871 2319 2067 2375 inscri-

488 2395 641 2449 bitur
660 2395 959 2467 Sapientia,
987 2400 1123 2458 alias
1149 2405 1522 2472 opposuimus,
1550 2418 1609 2462 ut
1633 2408 1941 2466 videremus
1956 2412 2063 2466 vim

490 2485 621 2542 dicti
656 2488 799 2545 illius
828 2508 842 2544 :
880 2509 901 2543 ι
942 2493 1064 2549 Haec
1083 2497 1245 2551 verba
1276 2511 1397 2566 quae
1435 2498 1648 2556 locutus
1670 2510 1753 2555 est
1777 2502 1938 2573 292
1976 2502 2067 2558 Je-

490 2592 584 2632 sus
614 2580 666 2633 in
702 2582 1089 2654 gazophylacio
1118 2588 1320 2643 docens
1352 2590 1405 2643 in
1459 2591 1728 2660 templo“
1758 2609 1776 2648 :
1817 2613 1837 2646 ι
1870 2597 2065 2649 obser-

489 2680 650 2724 vetur
690 2672 835 2726 enim
866 2676 1137 2744 expositio
1182 2679 1250 2734 de
1298 2682 1649 2751 pauperibus,
1695 2684 1872 2755 deque
1904 2686 2063 2740 vidua

494 2765 842 2834 paupercula,
875 2776 930 2821 ut
971 2769 1242 2838 explicata
1269 2781 1382 2836 est,
1415 2782 1471 2827 et
1493 2774 1538 2828 si
1569 2775 1693 2843 quis
1720 2776 1960 2831 imitator
1981 2786 2068 2832 est

487 2854 716 2924 Christi,
750 2858 936 2911 veniat
965 2859 1032 2912 ad
1058 2861 1314 2930 templum
1356 2864 1473 2929 Dei,
1500 2866 1641 2933 quod
1672 2876 1852 2922 mente
1880 2868 2061 2923 cerni-

489 2954 599 3013 tur,
633 2956 689 3001 et
726 2961 832 3002 non
866 2958 947 3003 est
986 2950 1039 3005 in
1070 2950 1210 3019 loco,
1255 2963 1436 3008 mente
1473 2954 1577 3009 iter
1600 2954 1826 3022 faciens,
1862 2967 1917 3011 et
1975 2973 2064 3012 se-

487 3053 663 3107 quens
700 3040 977 3110 spiritum,
1007 3057 1037 3097 a
1068 3058 1176 3114 quo
1212 3060 1373 3100 manu
1403 3046 1524 3102 duci
1558 3047 1674 3118 ipse
1699 3050 1767 3104 ad
1801 3049 2058 3120 templum
2089 3081 2133 3139 ο

492 3133 668 3201 ipsum
704 3144 925 3203 potest;
957 3135 1255 3207 afferatque
1282 3140 1506 3209 probata
1538 3142 1888 3208 numismata,
1913 3156 2063 3197 nem-

488 3240 558 3296 pe
589 3229 750 3283 verba
786 3229 910 3283 vitae
940 3237 1164 3285 aeterna:
1191 3230 1258 3285 ad
1301 3232 1768 3304 gazophylacium,
1811 3243 1867 3290 et
1896 3250 2063 3306 Opera

492 3317 869 3389 hujuscemodi
897 3323 1081 3378 verbis
1106 3340 1365 3381 consona.
1403 3327 1579 3396 Atque
1619 3329 1824 3383 utinam
1867 3328 2065 3400 aliquis

490 3421 741 3467 nostrum
772 3427 880 3468 non
929 3414 1002 3469 sit
1034 3414 1123 3469 illa
1156 3431 1363 3488 pauper
1393 3433 1570 3490 neque
1602 3419 1692 3475 illa
1725 3421 1910 3487 vidua,
1943 3436 2064 3491 qua:

490 3504 638 3560 terre
681 3503 800 3574 plus
838 3504 911 3559 nil
963 3506 1107 3562 valet
1153 3508 1364 3564 duobus
1404 3511 1650 3579 minutis,
1686 3526 1863 3583 neque
1913 3513 2064 3569 dives

489 3594 723 3652 aﬂ‘erens
750 3611 815 3650 ex
842 3610 906 3650 eo
934 3596 1051 3652 solo
1079 3598 1223 3667 quod
1267 3600 1555 3666 redundat,
1587 3602 1682 3657 sed
1711 3617 1900 3658 omnes
1927 3605 2065 3659 divi-

491 3689 594 3741 tias
634 3688 742 3743 Dco
764 3688 996 3744 dedicet.
1020 3688 1290 3744 Caeterum
1326 3705 1432 3745 non
1466 3694 1650 3747 omnia
1678 3710 1801 3764 quae
1830 3695 2065 3751 habebat

489 3780 659 3834 verba
709 3779 922 3835 locutus
967 3791 1054 3856 est
1095 3779 1252 3837 Jesus
1294 3782 1346 3836 in
1379 3784 1769 3853 gazophylacie
1817 3786 2058 3853 docens,

489 3873 585 3928 sed
616 3882 694 3927 tot
723 3883 855 3942 quot
879 3872 1123 3943 capiebat
1147 3873 1588 3944 gazophylacium
1616 3891 1631 3942 ;
1662 3891 1787 3930 nam
1822 3891 1891 3932 ne
1909 3893 2063 3931 mun-

493 3970 620 4021 dum
655 3967 876 4035 quidem
913 3967 1088 4036 ipsum
1119 3975 1289 4022 totum
1321 3968 1562 4023 arbitror
1583 3982 1778 4038 capere
1814 3969 1909 4024 Dei
1940 3984 2064 4025 ver-

491 4060 624 4113 bum
643 4058 709 4114 ⁸⁸.
743 4061 993 4114 Attamen
1020 4069 1101 4115 tot
1129 4061 1291 4115 verba
1326 4060 1784 4133 ingaz0phylacio
1809 4062 2059 4132 loquens,

492 4160 548 4206 et
586 4150 959 4208 docensJesus
989 4153 1041 4207 in
1060 4153 1281 4222 templo,
1312 4155 1551 4209 nondum
1582 4156 1648 4210 ab
1676 4154 1785 4210 ullo
1816 4165 2059 4222 tenetur;

491 4244 657 4298 verba
687 4258 924 4313 namque
969 4245 1138 4313 ipsius
1188 4246 1414 4301 fortiora
1447 4257 1602 4302 erant
1651 4247 1829 4316 ipsum
1865 4261 2064 4316 appre-

494 4336 735 4391 hendere
778 4335 1088 4392 volentibus
1135 4355 1152 4396 :
1197 4347 1252 4393 et
1300 4348 1450 4393 certe
1496 4340 1736 4409 quandiu
1792 4339 2051 4410 loquitur,

2169 476 2369 547 μένης,
2414 478 2481 549 ἢν
2513 478 2814 553 προώρισεν
2843 483 2872 534 ό
2929 479 3063 543 Θεὸς
3118 481 3221 553 πρὸ
3255 480 3353 534 τῶν
3387 483 3552 543 αίὼνων
3578 494 3627 557 εις

2163 568 2263 640 τὴν
2293 568 2403 623 τῶν
2442 570 2665 625 δικαίων
2696 570 2862 626 αὐτοῦ
2899 571 3088 638 δόξαν,
3150 573 3246 626 καὶ
3289 572 3545 645 δυναμένας
3575 584 3629 635 ὲν.

2164 663 2295 733 ορᾷν
2329 663 2603 736 ὑπεροχὴν
2637 666 2828 735 σοφίας
2876 665 3011 720 Θεοῦ
3061 666 3211 738 παρὰ
3261 665 3352 737 τὴν
3401 670 3630 740 σοφίαντοῦ

2165 752 2360 817 αίῶνος
2390 754 2602 822 τούτου,
2638 756 2671 827 ἢ
2704 755 2810 810 τῶν
2833 757 3108 830 ἀρχόντων
3139 754 3234 810 τοῦ
3272 757 3442 823 αίῶνος
3464 760 3629 827 τούτου,

2162 841 2270 897 τῶν
2301 845 2756 917 καταργουμένων
2786 848 2948 901 οἱονεὶ
2974 848 3275 920 προφήταις
3323 847 3451 914 ἰδίοις
3481 856 3630 925 χρωμέ-

2166 950 2294 998 νων,
2345 935 2455 991 τῶν
2501 939 2898 1010 όποιωνδήποτε
2939 939 3110 1015 λόγων
3162 937 3359 1011 ἐτέρων
3409 943 3532 1013 παρὰ
3569 947 3633 1017 τὴν

2164 1022 2419 1095 ἀλήθειαν
2446 1028 2876 1100 προϊσταμένων·
2905 1028 3129 1099 ψάμμος
3154 1028 3264 1100 γὰρ
3291 1030 3429 1100 όλίγη
3447 1035 3491 1085 αἱ
3508 1034 3634 1101 λοιπαὶ

2167 1116 2371 1185 σοφίαι,
2407 1118 2607 1189 χρυσὸς
2639 1113 2777 1172 εἶναι
2807 1120 3179 1191 νομιζόμεναι,
3205 1122 3263 1173 ἐν
3294 1120 3401 1190 ὕψει
3429 1124 3573 1192 σοφίας
3592 1125 3635 1197 ἢν

2163 1207 2377 1263 ἔκτισεν
2407 1211 2435 1262 ό
2456 1209 2589 1273 Θεὸς
2604 1211 2778 1284 ἀρχὴν
2800 1213 2915 1266 ὁδὸν
2950 1212 3069 1284 (sic)
3092 1212 3259 1267 αὐτοῦ
3281 1215 3355 1279 είς
3371 1213 3488 1284 ἔργα
3508 1217 3633 1270 αὐτοῦ’

2163 1298 2258 1352 καὶ
2303 1299 2541 1371 ἄργυρος
2593 1302 2622 1353 ό
2664 1301 2773 1354 τῶν
2806 1301 3015 1356 πολλῶν
3066 1302 3318 1375 λαμπρὸς
3366 1304 3449 1356 καὶ
3484 1304 3638 1367 πιθανὸς

2162 1389 2319 1468 λόγος
2344 1391 2420 1455 ὡς
2451 1390 2621 1463 πηλὸς
2643 1391 3042 1466 λογισθήσεται,
3070 1394 3179 1448 τῶν
3206 1394 3381 1464 ἁγνῶν
3397 1395 3554 1464 λογίων
3567 1398 3637 1468 (30)

2164 1466 2372 1555 Κυρίου
2424 1483 2533 1538 τῶν
2588 1485 3001 1556 πεπυρωμένων
3074 1485 3170 1539 καὶ
3251 1466 3639 1556 κεκαθαρισμέων

2163 1573 2554 1639 έτιταπλασίως
2571 1616 2587 1641 ,
2633 1576 2730 1629 καὶ⁵
2784 1576 3053 1648 δοκίμων,
3113 1576 3209 1631 ac:
3255 1576 3637 1648 προσεληλυθότων

2164 1668 2272 1723 ἀπὸ
2300 1668 2396 1723 τοῦ
2428 1671 2487 1723 ἐν
2515 1669 2657 1741 ἀρχῇ
2698 1669 2836 1742 πρὸς
2880 1669 2971 1723 τὸν
3015 1670 3148 1725 Θεὸν
3193 1669 3383 1740 Λόγου.
3410 1671 3449 1723 Τ
3451 1669 3480 1724 ὰ
3508 1670 3551 1724 δὲ
3576 1670 3640 1723 ἀπὸ

2164 1760 2264 1832 τῆς
2299 1760 2787 1832 ἐπιγεγραμμένης
2821 1761 3020 1830 Σοφίας
3064 1761 3238 1827 ἄλλως
3278 1761 3577 1833 παρεθέμεθα
3594 1765 3639 1825 ei;

2162 1850 2226 1903 τὸ
2256 1851 2488 1905 συνιδεῖν
2524 1851 2623 1922 τὴν
2651 1850 2879 1922 δύναμιν
2914 1852 3038 1905 τοῦ·
3087 1871 3107 1903 ι
3140 1852 3324 1905 Ταῦτα
3346 1852 3411 1906 τὰ
3443 1852 3642 1923 ρήματαᾶ

2164 1940 2424 2013 ἐλάλησεν
2471 1942 2527 1995 ἐν
2586 1942 2664 2013 τῷ
2719 1942 3100 2013 γαζοφυλακίῳ
3150 1941 3409 1996 διδάσκων
3443 1943 3467 1995 ό
3504 1940 3641 2011 Ἰησοῦς

2166 2034 2277 2105 (51)
2313 2034 2370 2087 ἐν
2394 2032 2473 2105 τῷ
2506 2034 2656 2107 ἱερῷ·
2689 2052 2709 2086 ι
2746 2034 3017 2106 τηρείσθω
3056 2033 3164 2104 γὰρ
3190 2036 3224 2104 ή
3255 2034 3382 2105 περὶ
3408 2031 3501 2086 τῶν
3536 2032 3643 2084 nimo

2167 2127 2298 2181 σίων
2331 2128 2423 2181 καὶ
2454 2128 2553 2199 τῆς
2599 2129 2861 2200 πενιχρᾶς
2898 2129 3072 2200 χήρας
3109 2126 3389 2198 διήγησις,
3427 2126 3492 2189 ὡς
3514 2125 3642 2178 ἀποδέ-

2163 2219 2333 2285 δοται,
2356 2220 2452 2273 καὶ
2473 2221 2526 2273 εῐ
2543 2219 2628 2284 τίς
2649 2237 2712 2288 γε
2731 2220 2841 2290 (52)
2864 2220 3107 2291 μιμητής
3132 2220 3246 2273 ἐστι
3270 2218 3503 2291 Χριστοῦ,
3526 2219 3645 2288 ἡκέτω

2165 2313 2259 2366 ἐπὶ
2288 2312 2349 2366 τὸ
2375 2312 2452 2384 μὴ
2472 2314 2530 2366 ἐν
2555 2314 2706 2385 τόπῳ
2732 2314 2919 2386 νοητὸν
2950 2314 3092 2387 ἱερὸν
3123 2312 3216 2367 τοῦ
3245 2312 3399 2379 Θεοῦ,
3428 2310 3643 2379 όδεύωνςῷ

2163 2402 2261 2474 νῷ,
2290 2405 2385 2458 καὶ
2406 2403 2715 2458 ἀκολουθῶν
2745 2403 2824 2476 τῷ
2847 2404 3114 2476 πνεύματι
3140 2403 3525 2477 χειραγωγῆσαι
3543 2402 3645 2455 αὐτὸν

2163 2496 2250 2548 ἐπ’
2280 2496 2413 2550 αὐτὸ
2451 2495 2759 2567 δυναμένῳο
2797 2497 2891 2550 καὶ
2924 2496 3135 2568 φερέτω
3161 2498 3358 2567 δόκιμα
3381 2496 3646 2567 νομίσματα,

2165 2589 2385 2660 ῥήματα
2418 2587 2564 2660 ζωῆς
2602 2589 2844 2657 αίωνίου,
2898 2591 2992 2643 ἐπὶ
3039 2590 3100 2644 τὸ
3147 2588 3549 2660 γαζοφυλάκιον,
3590 2586 3649 2638 καὶ

2164 2679 2301 2749 ἔργα
2350 2678 2619 2734 ἀκόλουθα
2670 2684 2783 2745 τοῖς
2825 2681 3086 2745 τοιούτοις
3137 2682 3394 2752 ῥήμασιν.
3438 2678 3550 2732 Ἀλλ’
3578 2674 3648 2729 cili:

2169 2772 2309 2843 μήτε
2355 2772 2590 2845 πενιχρά
2615 2790 2700 2837 τις
2732 2772 2911 2845 ἡμῶν,
2967 2774 3102 2845 μήτε
3131 2775 3277 2845 χήρα
3307 2772 3390 2843 είη
3413 2771 3567 2841 φέρειν
3588 2786 3651 2838 μη·

2162 2862 2251 2916 δὲν
2287 2863 2467 2917 πλεῖον
2509 2865 2784 2936 δυναμένη
2828 2864 2923 2919 δύο
2953 2864 3186 2928 λεπτῶν,
3224 2866 3361 2935 μήτε
3387 2862 3593 2924 πλούσιος
3614 2862 3650 2911 ἐι

2166 2956 2330 3027 μόνου
2380 2957 2475 3011 τοῦ
2526 2959 2964 3030 περισσεύματος
3008 2959 3223 3030 φέρων,
3259 2957 3394 3010 ἀλλὰ
3425 2955 3571 3009 πάντα
3597 2952 3651 3003 τὸν

2164 3047 2391 3103 πλοῦτον
2429 3049 2709 3115 ἀνατεθεὶς
2755 3050 2834 3123 τῷ
2879 3048 3029 3122 Θεῷί
3077 3047 3287 3121 Ἰησοῦς
3327 3049 3417 3102 καὶ
3452 3047 3505 3100 οὐ
3535 3045 3651 3097 πάντα

2167 3137 2204 3193 ἃ
2241 3135 2354 3212 εἶχε
2403 3142 2624 3213 ῥήματα
2663 3142 2924 3214 ἐλάλησεν
2969 3146 3027 3197 ἐν
3062 3142 3142 3213 τῷ
3180 3140 3542 3212 γαζοφυλακίῳ
3562 3136 3656 3191 Stlti-

2168 3247 2344 3297 σκων,
2380 3231 2519 3286 ἀλλὰ
2548 3233 2785 3287 τοσαῦτα
2811 3235 2913 3288 ὃσα
2952 3232 3149 3305 ἐχώρει
3197 3233 3262 3286 τὸ
3301 3230 3652 3302 γαζοφυλάκων·

2164 3324 2285 3381 οὐδὲ
2311 3325 2421 3399 γὰρ
2450 3326 2611 3380 αὐτόν
2639 3344 2702 3397 γε
2734 3324 2888 3399 οἶμαι
2911 3329 3108 3399 χωρεῖν
3132 3327 3222 3380 τὸν
3247 3326 3447 3396 κόσμον
3481 3323 3556 3379 τὸν
3582 3321 3655 3376 ὄιον

2163 3417 2259 3473 τοῦ
2309 3418 2446 3472 Θεοῦ
2494 3418 2671 3490 λόγον.
2706 3421 2894 3491 Ὅμως
2940 3419 2998 3473 δέ
3036 3417 3272 3473 τοσαῦτα
3299 3422 3504 3492 ῥήματα
3533 3419 3578 3469 ἐν
3609 3413 3653 3481 τῷ

2163 3510 2550 3584 γαζοφυλακίῳ
2586 3511 2759 3566 λαλῶν
2800 3513 2894 3566 καὶ
2938 3511 3203 3566 διδάσκων
3241 3512 3273 3564 ὁ
3325 3510 3516 3582 Ἰησοῦς
3549 3505 3654 3574 ὲντῷ

2167 3602 2332 3675 ἱερῷ,
2371 3604 2463 3658 ὑπ’
2496 3603 2708 3668 οὐδενὸς
2732 3603 3014 3675 ἐκρατεῖτό
3050 3620 3169 3657 πω·
3219 3604 3320 3657 καὶ
3354 3601 3506 3656 αὑτοῦ
3535 3598 3653 3668 γᾶρά

2163 3692 2309 3762 λόγοι
2338 3693 2673 3766 ἰσχυρότεροι
2698 3693 2989 3765 ἐτύγχανον
3008 3694 3117 3747 τῶν
3141 3694 3338 3748 πιάσαι
3365 3692 3513 3748 αὐτὸν
3537 3690 3656 3744 θελόν-

2162 3802 2269 3840 των
2294 3803 2309 3818 ο
2334 3786 2428 3840 καὶ
2477 3786 2602 3840 ὅσον
2637 3802 2701 3854 γε
2741 3785 2911 3855 λέγει,
2948 3784 3197 3839 τοσοῦτον
3223 3785 3336 3858 (55)
3366 3786 3524 3847 οὐδεὶς
3551 3780 3656 3835 αὑτὸν

2165 3873 2360 3928 πιάσαι
2384 3874 2492 3928 τῶν
2515 3874 2970 3928 ἐπιϐουλευόντων
3010 3874 3158 3946 αὐτῷ
3196 3874 3419 3930 δύναται
3445 3872 3538 3946 (δι)
3554 3889 3565 3901 ·

2165 3964 2259 4020 ἐὰν
2286 3967 2568 4038 σιωπήσῃ,
2613 3966 2735 4020 τότε
2788 3969 3089 4039 κρατεῖται·
3133 3968 3286 4033 ὃθεν,
3327 3968 3444 4021 ἐπεὶ
3481 3963 3659 4020 ἐὸούλετη

2165 4059 2303 4131 ὑπὲρ
2337 4058 2430 4114 τοῦ
2457 4059 2663 4131 κόσμου
2692 4059 2906 4124 παθεῖν,
2939 4059 3329 4130 ἐξεταζόμενος
3369 4060 3471 4114 ὑπὸ
3497 4056 3573 4113 τοῦ
3600 4056 3661 4108 Il:-

2162 4147 2323 4202 λάτου
2342 4188 2356 4213 ,
2406 4149 2501 4203 καὶ
2536 4148 2965 4219 μαστιγούμενος
2995 4151 3199 4222 σιωπᾷ⁸
3244 4152 3296 4203 εί
3342 4151 3446 4223 γὰρ
3479 4145 3659 4211 aunt-

2162 4257 2272 4307 κει,
2303 4241 2403 4294 οὐκ
2434 4240 2515 4294 έτι
2548 4240 2756 4311 ἐγίνετο
2780 4240 2929 4312 αὐτῷ
2963 4241 3025 4294 τὸ
3065 4242 3443 4313 ἐσταυρῶσθαι
3483 4239 3533 4307 ἐξ
3556 4235 3660 4292 ἀσθε-

2163 4334 2329 4397 νείας·
2364 4335 2593 4407 ἐπείπερ
2627 4335 2728 4388 οὐκ
2759 4333 2904 4387 ἐστιν
2943 4333 3195 4389 ἀσθένεια
3240 4338 3300 4390 ἐν
3349 4334 3428 4401 οἷς
3478 4338 3504 4389 ό
3547 4334 3660 4398 Λόγος

496 4425 685 4483 tandiu
714 4441 871 4481 nemo
902 4426 978 4481 illi
1006 4426 1232 4484 insidias
1276 4431 1607 4485 struentium
1647 4429 2060 4500 apprehendere

2169 4426 2343 4480 λαλεῖ·
2388 4426 2502 4480 δντι
2544 4428 2604 4481 δὲ
2642 4427 2794 4499 αὑτῷ
2824 4431 2882 4483 ἐν
2912 4428 2993 4500 τῷ
3020 4430 3404 4503 γαζοφυλακίῳ
3447 4423 3662 4489 οὐδέωή

491 4536 618 4577 eum
666 4520 1008 4587 valent;sed
1039 4523 1084 4576 si
1136 4524 1411 4587 tacuerit,
1458 4533 1589 4579 tunc
1640 4532 1883 4590 tenetur;
1917 4525 2061 4579 unde

499 4611 872 4683 interrogatus
902 4628 931 4667 a
963 4613 1132 4667 Pilato
1162 4622 1217 4668 et
1250 4612 1575 4683 llagellatus,
1609 4614 1752 4683 quod
1781 4615 1944 4669 vellet
1964 4629 2063 4684 pro

494 4705 695 4758 mumlo
723 4707 874 4776 pati,
932 4715 1076 4761 tacet
1099 4706 1186 4773 ὀς
1225 4706 1464 4775 alioquin
1497 4707 1545 4762 si
1604 4705 1816 4761 locutus
1850 4706 2061 4773 luisset,

496 4812 603 4852 non
631 4798 1025 4869 cruciﬁgendus
1062 4814 1129 4854 ex
1178 4799 1515 4865 inﬁrmitate,
1558 4798 1817 4869 quoniam
1845 4815 1950 4854 non
1977 4809 2063 4854 est

495 4887 785 4943 inﬁrmitas
816 4890 867 4943 in
915 4889 1002 4944 his
1033 4906 1152 4961 qua:
1184 4891 1377 4946 Sermo
1414 4890 1586 4945 Filius
1620 4890 1716 4946 Dei
1765 4890 2007 4960 loquitur
2041 4907 2055 4944 :

494 4994 729 5049 eumque
754 4981 1046 5037 exsisteret
1075 4981 1129 5036 in
1180 4981 1592 5053 gazophylacio,
1626 4982 1858 5036 nondum
1888 4981 2059 5035 insta-

566 5096 612 5165 ’ξ
646 5093 771 5165 Sap.
822 5112 916 5163 VII,
967 5097 1022 5152 9.
1115 5098 1161 5130 ⁸³
1191 5098 1358 5154 lCor.
1396 5115 1455 5164 ll,
1489 5097 1544 5163 6,
1575 5100 1630 5153 7.
1720 5099 1767 5132 “
1813 5098 1947 5154 ibid.
2001 5097 2068 5152 6.‘

2166 4517 2284 4588 ὥρα
2309 4518 2609 4591 ἐνειστήκει
2644 4518 2738 4572 τοῦ
2769 4520 3064 4592 πιασθῆναι
3100 4521 3264 4576 αὑτὸν
3283 4561 3299 4587 ,
3326 4522 3438 4576 ἀλλ’
3459 4520 3560 4574 οὐδὲ
3588 4516 3661 4568 ὄντι

2166 4610 2225 4663 ἐν
2249 4608 2327 4681 τῷ
2356 4609 2485 4681 ἱερῷ
2510 4611 2620 4683 (55)
2636 4629 2650 4644 ·
2674 4613 3008 4685 χειμάρρουν
3031 4614 3090 4667 δέ
3112 4632 3234 4669 τινα
3269 4615 3439 4687 ἐχρῆν
3477 4609 3589 4667 εἶναι
3606 4610 3663 4660 τὸν

2167 4701 2352 4766 τόπον,
2384 4700 2511 4755 ἔνθα
2544 4701 2792 4756 ἐδούλετο
2813 4704 3106 4775 πιασθῆναι
3140 4709 3171 4760 ό
3207 4707 3444 4779 Ἰησοῦς,
3480 4704 3560 4757 καὶ
3587 4698 3662 4751 s55-

2168 4810 2315 4847 νατο.
2352 4791 2515 4845 Ἀλλὰ
2553 4794 2649 4847 καὶ
2694 4793 2882 4866 καιρὸν
2931 4796 3026 4850 τοῦ
3072 4798 3394 4869 κρατεῖσθαι
3430 4794 3567 4851 αὐτὸν
3599 4790 3663 4844 οὐκ

2168 4884 2274 4938 έδει
2313 4885 2573 4958 ήμερινόν
2593 4904 2607 4918 ο
2639 4904 2659 4937 ι
2701 4887 2759 4939 '0
2779 4886 2887 4956 γὰρ
2928 4888 3129 4954 Ἰούδας
3153 4889 3336 4944 λαϐὼν
3363 4890 3461 4962 τὴν
3480 4887 3659 4955 σπεῖραν.

2167 4977 2264 5033 καὶ
2314 4979 2380 5031 ἐκ
2418 4977 2526 5032 τῶν
2572 4977 2870 5048 ἀρχιερέων
2918 4980 3012 5032 καὶ
3049 4981 3359 5053 Φαρισαίων
3411 4976 3662 5051 ὑπηρέτας,

2173 5097 2222 5130 ⁸⁸
2247 5096 2404 5152 Prov.
2456 5110 2576 5161 ml,
2622 5094 2711 5149 ΞΩ.
2804 5096 2851 5129 ⁸⁸
2878 5094 3024 5153 Psal.
3068 5114 3145 5165 xu,
3199 5097 3251 5151 7.
3328 5097 3375 5130 "
3410 5096 3549 5152 Joan.
3581 5086 3661 5153 t,9-

493 5164 541 5197 ⁸⁸
570 5163 730 5221 Joan.
755 5181 870 5234 νιιι,
898 5167 988 5223 20.
1086 5167 1132 5200 ⁸⁸
1156 5166 1310 5224 Joan.
1344 5185 1456 5237 ut,
1486 5169 1576 5225 ‘25.
1666 5170 1714 5202 "
1740 5168 1897 5225 Joan.
1925 5171 2064 5234 xnx,1

568 5279 1331 5357 (50)“1‘éafrd1frft5rﬂlorlwr.
1374 5284 1595 5355 Snpple,
1625 5289 1683 5339 ἐν
1722 5286 1868 5357 ὕψει,
1922 5285 2065 5357 quod

539 5353 789 5425 rmcedit‘;
818 5354 870 5406 id
898 5353 1031 5425 vidit
1064 5353 1369 5409 Ferrarius.
1402 5353 1810 5425 Adﬁinarginein
1860 5356 2065 5411 codicis

522 5423 780 5546 iazberini
804 5438 871 5478 ex
902 5422 1212 5491 conjectura
1244 5425 1457 5496 legitur,
1496 5427 1588 5480 ἐπὶ
1616 5422 1725 5480 τ’ῶν
1752 5426 1931 5495 ἁγνῶν
1978 5426 2067 5480 λο-

522 5510 532 5525 ν
603 5510 652 5546 ν.

603 5510 652 5546 ν.

723 5561 792 5638 '0_
815 5561 1065 5638 Ἰησςοῦς.
1097 5561 1258 5620 Deest
1292 5564 1346 5618 in
1388 5565 1580 5622 codice
1612 5565 1805 5638 Regio,
1837 5567 1933 5624 sed
1984 5568 2066 5623 le-

502 5632 647 5697 gitur
673 5633 724 5686 in
759 5633 1069 5689 Bodleiano.
1568 5671 1575 5677 ε

574 5699 684 5770 (52)
716 5702 923 5779 Codex,
952 5701 1295 5773 Bodleianus,
1330 5704 1423 5760 καὶ
1454 5704 1509 5758 εί
1544 5706 1628 5773 τίς
1685 5723 1781 5776 γε·
1841 5705 2060 5780 Regius,

2171 5285 2292 5339 ἐπεί
2323 5283 2407 5339 τίς
2434 5300 2517 5339 γε.

2243 5300 2706 5425 ῗὲὄξιὲἔὲοῦτον,
2734 5352 2894 5408 Deest
2921 5351 2974 5407 in
2996 5352 3181 5409 codice
3208 5351 3402 5424 Regio,
3423 5349 3509 5406 sed
3549 5344 3663 5399 habe-

2173 5434 2261 5479 tur
2296 5426 2347 5478 in
2381 5426 2690 5479 Bodleiano.

2248 5477 2360 5566 (34)
2387 5477 2660 5566 angam;
2692 5493 3041 5549 Desideratur
3078 5493 3134 5548 in
3160 5492 3349 5551 codice
3396 5490 3566 5562 Regio.
3602 5477 3662 5538 ωδ

2173 5564 2456 5643 Mileti"
2490 5564 2850 5643 B9d'eia'!°--
2969 5633 2984 5643 .
3094 5633 3129 5643 _
3447 5631 3460 5643 .
3510 5630 3523 5643 .

2243 5630 2368 5759 (ig).
2391 5636 2518 5691 Ρθδι
2541 5636 2598 5689 έν
2616 5634 2693 5708 τῷ
2730 5632 2859 5706 ίερῷ
2888 5633 3058 5692 codex
3090 5633 3420 5692 Bodleianus
3447 5630 3587 5687 habet
3605 5630 3668 5670 εθει

2243 5723 2269 5759 1
2341 5722 2484 5759 ηναι.

2170 5722 2484 5778 πιασυηναι.
