3688 6146
57 373 145 429 515

1045 367 1398 424 COMMENT.
1441 367 1504 420 IN
1543 365 1734 423 JOAN.
1777 362 2016 419 TOMUS
2063 360 2206 416 XIX.

3159 353 3220 408 {iri
3231 352 3264 406 6

54 495 250 561 ἔρχεται
279 484 393 539 ἐκεῖ
423 480 558 554 μετὰ
588 479 792 550 φανῶν,
811 480 908 534 καὶ
927 480 1246 550 λαμπάδων,
1260 483 1350 534 καὶ
1365 481 1562 535 ὅπλων.
1577 500 1596 533 ι

1787 489 1796 531 L
1828 479 1960 531 hora
1993 490 2100 545 qua
2132 470 2560 542 prehenderetur
2589 488 2603 537 ;
2637 471 2727 525 sed
2772 486 2948 540 neque
2979 469 3267 539 oportebat

55 583 172 654 Περὶ
209 579 264 633 δὲ
293 576 408 640 τοῦ,
444 595 463 627 ι
497 574 664 628 Οὔπω
710 572 968 643 ἐλήλυθεν
1098 573 1364 646 ἐληλύθει)
1400 573 1434 645 ὴ
1482 573 1598 644 ὥρα

52 672 218 736 αὑτοῦ,
238 690 256 722 ι
283 671 338 722 ὲν
363 670 474 731 τοῖς
499 666 756 737 ἀνωτέρω
799 663 888 718 διὰ
928 661 1189 717 πλειόνων
1227 663 1601 736 διειλήφαμεν,

49 758 122 828 οἷς
154 763 325 834 χρήσῃ
373 758 466 812 καὶ
497 757 576 819 εἰς
606 754 676 808 τὰ
708 753 970 825 παρόντα.

1706 587 1828 626 eum
1867 568 2125 639 prehendi
2160 569 2212 620 in
2249 565 2448 634 templo
2480 582 2494 622 :
2529 576 2825 619 torrentem
2869 578 2990 619 esse
3037 575 3266 618 necesse

1706 673 1826 718 erat
1851 662 2050 726 locum,
2083 658 2173 714 ubi
2204 657 2416 711 volebat
2442 655 2597 711 Jesus
2622 655 2904 726 prehendi,
2934 663 2990 709 et
3035 654 3126 708 ubi
3173 669 3268 722 po-

1711 763 1850 808 terat
1877 753 2160 823 prehendi.
2204 753 2343 819 Quin
2376 751 2538 804 etiam
2588 760 2799 821 tempus
2832 762 2936 818 quo
2974 746 3267 815 capiendus

53 869 179 925 erat,
204 855 422 910 minime
469 854 722 908 diurnum
762 863 883 904 esse
913 849 1200 918 oportebat
1234 865 1248 900 :
1287 865 1305 898 ι
1351 834 1483 901 Nam
1515 844 1682 903 Iudas
1727 865 1848 902 cum
1883 849 2182 918 accepisset
2228 847 2531 911 cohortem,
2562 853 2617 900 et
2650 860 2680 898 a
2710 844 3041 914 principibus
3091 855 3271 896 sacer-

61 954 225 1006 dotum
268 962 332 1002 ac
386 946 680 1002 Pbarisaeis
740 944 1040 1009 ministros,
1090 942 1237 998 venit
1286 941 1411 997 illuc
1463 958 1584 998 cum
1637 942 1882 1011 laternis,
1927 952 1981 1000 et
2022 943 2252 1007 facibus,
2297 957 2361 996 ac
2401 941 2568 996 armis
2596 942 2662 994 ".
2699 965 2716 992 ο
2755 939 3020 994 Caeterum
3066 937 3130 991 de
3169 937 3270 991 hoc

55 1045 245 1106 dicto,c
280 1039 528 1094 Nondum
565 1046 792 1093 venerat
832 1037 966 1092 hara
1028 1035 1247 1103 ejus",
1285 1054 1304 1086 ι
1354 1035 1408 1090 in
1471 1035 1844 1103 superioribus
1902 1037 2258 1092 disseruimus
2307 1034 2552 1105 pluribus
2605 1033 2804 1100 verbis,
2857 1033 3053 1101 quibus
3106 1029 3269 1084 etiam

53 1137 98 1191 in
122 1133 399 1203 praesentia
433 1132 624 1187 uteris.

110 1238 160 1291 5.
198 1254 216 1288 ι
241 1231 408 1288 Εἶπεν
455 1228 548 1286 οὖν
592 1230 754 1284 πάλιν
802 1228 1015 1292 αὐτοῖς’
1064 1225 1208 1297 Ἐγὼ
1250 1226 1466 1297 ὑπάγω,
1512 1225 1608 1280 καὶ

53 1327 292 1400 ζητήσετέ
319 1344 387 1398 με
407 1365 422 1389 ,
449 1324 546 1379 καὶ
570 1324 630 1376 ἐν
653 1325 720 1394 τῇ
747 1322 992 1394 ἁμαρτία
1024 1320 1176 1392 ὑμῶν
1209 1319 1602 1374 άποθανεϊσθε.·

52 1421 168 1473 ὅπου
205 1415 311 1487 ἐγὼ
354 1416 582 1484 ὑπάγω,
628 1415 784 1485 ὑμεῖς
829 1415 890 1467 ού
932 1412 1160 1467 δύνασθε
1203 1411 1397 1466 ἐλθεῖν.
1428 1431 1447 1463 ι
1498 1410 1608 1464 Καὶ

52 1509 206 1564 ταῦτα
246 1511 302 1562 ὲν
336 1507 413 1578 τῷ
454 1504 841 1576 γαζοφυλακίῳ
885 1505 944 1558 ὲν
986 1502 1062 1574 τῷ
1097 1502 1244 1575 ἱερῷ,
1299 1501 1608 1574 προστιθεὶς

1775 1223 1832 1278 5.
1870 1239 1889 1273 ι
1925 1221 2134 1276 Rursus
2160 1233 2292 1290 ergo
2325 1218 2464 1273 dixit
2503 1216 2610 1271 illis
2640 1231 2654 1268 :
2682 1215 2793 1283 Ego
2841 1212 3004 1277 vado,
3039 1218 3094 1268 et
3123 1225 3269 1281 quae-

1705 1317 1837 1372 retis
1871 1329 1982 1380 me,
2013 1322 2068 1368 et
2096 1313 2148 1367 in
2183 1320 2406 1381 peccato
2433 1318 2611 1364 vestro
2645 1307 2948 1362 moriemini
2980 1321 2995 1364 :
3034 1320 3140 1374 quo
3163 1320 3263 1373 ego

1704 1420 1863 1485 vado,
1887 1433 1986 1473 vos
2017 1433 2122 1473 non
2153 1417 2381 1487 potestis
2411 1415 2599 1469 venire
2629 1414 2695 1467 ⁸³.
2730 1432 2750 1463 ι
2785 1412 2852 1466 Ει
2882 1412 2995 1466 haec
3024 1411 3078 1465 in
3108 1425 3269 1481 gazo-

1705 1511 1978 1583 phylacio,
2013 1513 2065 1567 in
2101 1510 2302 1580 templo
2333 1524 2456 1564 cum
2497 1507 2832 1576 loqueretur,
2860 1505 3067 1560 addidit
3110 1519 3272 1574 supe-

53 1604 152 1663 τοῖς
196 1599 480 1669 προτέροις
525 1597 584 1650 οὺ
647 1595 806 1667 μόνον
857 1592 1031 1648 ταῦτα
1055 1634 1069 1657 ,
1129 1592 1264 1647 ἀλλὰ
1307 1593 1397 1646 καὶ
1441 1591 1603 1662 ἕτερα

1794 1604 1977 1658 ribus:
2017 1617 2116 1658 nec
2154 1601 2324 1656 solum
2353 1601 2492 1665 haec,
2530 1600 2626 1654 sed
2670 1599 2774 1652 alia
2805 1598 2971 1651 multo
2999 1597 3150 1666 plura
3183 1611 3272 1651 us-

53 1693 252 1746 πλείονα
303 1690 416 1762 (56)
457 1691 561 1753 ἕως
607 1687 699 1742 τοῦ
720 1706 732 1718 ο
793 1704 810 1738 ι
850 1685 1022 1758 Ἀμὴν
1065 1685 1207 1754 λέγω
1254 1685 1382 1756 ὑμῖν
1407 1726 1421 1750 ,
1473 1687 1602 1756 πρὶν

63 1783 292 1855 Ἀϐραὰμ
317 1781 568 1850 γενέσθαι
595 1823 609 1845 ,
646 1778 756 1847 ἐγώ
787 1781 921 1848 εἰμι.
953 1798 972 1829 ι
1005 1777 1160 1830 Μετὰ
1192 1776 1250 1830 δὲ
1286 1774 1472 1830 τοῦτον
1512 1773 1603 1828 τὸν

51 1871 188 1938 λόγον
208 1869 458 1941 ἀράντων
488 1867 686 1930 λίθους,
722 1867 810 1919 ίνα
837 1864 1128 1919 λιθάσωσιν
1162 1865 1344 1929 αὐτὸν,
1397 1863 1604 1936 Ἰησοῦς

51 1959 256 2032 ἐκρύϐη,
290 1959 386 2012 καὶ
411 1957 630 2028 ἐξῆλθεν
664 1958 729 2010 ὲκ
765 1955 859 2010 τοῦ
892 1955 1035 2026 ἱεροῦ
1054 1973 1066 1985 ·
1095 1957 1184 2009 ὅτε
1213 1954 1475 2028 παράγων
1497 1950 1603 2007 εῐδε

49 2055 127 2107 τὸν
161 2053 265 2107 ἀπὸ
297 2051 530 2122 γενετῆς
565 2048 785 2118 τυφλὸν,
837 2049 966 2120 περὶ
1009 2041 1071 2101 οὗ
1127 2046 1420 2118 εἰσόμεθα,
1468 2044 1603 2099 Θεοῦ

49 2145 282 2206 διδόντος,
315 2142 595 2213 γενόμενοι
625 2139 766 2194 κατὰ
794 2139 885 2191 τὸν
920 2138 1102 2192 τόπον.
1133 2137 1294 2205 Λέγει
1329 2136 1386 2190 δὲ
1410 2134 1602 2199 ταῦτα,

48 2238 123 2288 ἵνα
161 2235 220 2289 τὸ
272 2234 669 2306 ἐπιφερόμενον
717 2231 977 2303 γένηται,
1026 2248 1045 2283 ι
1079 2229 1264 2282 Ταῦτα
1293 2228 1401 2299 γὰρ
1439 2226 1604 2281 αὑτοῦ

47 2326 318 2388 λαλοῦντος
373 2324 699 2378 ἐπίστευσαν
737 2324 818 2386 είς
862 2321 1026 2374 αὐτὸν
1049 2361 1064 2386 ,
1104 2338 1124 2371 ι
1183 2320 1343 2372 οἱονεὶ
1377 2318 1608 2390 πένητες

51 2419 149 2489 (57)
180 2417 465 2488 ἐρχόμενοι
501 2415 593 2469 ἐπὶ
627 2415 688 2468 τὸ
722 2412 1143 2484 γαζοφυλάκιον,
1180 2411 1246 2464 ἵν’
1273 2411 1481 2464 ἐκεῖθεν
1513 2409 1608 2464 λά-

51 2512 202 2564 ϐωσιν
245 2511 281 2564 ἃ.
324 2509 420 2562 ἐὰν
453 2507 734 2573 δύνωνται,
768 2505 863 2558 καὶ
906 2505 965 2581 ἃί
996 2504 1089 2558 ἐὰν
1131 2502 1359 2574 μερισθῇ
1404 2502 1604 2564 αὐτοῖς.

55 2621 72 2652 ι
99 2601 282 2654 Πολλοὶ⁹
347 2601 441 2672 μὲν
471 2595 564 2652 οὖν
601 2597 924 2651 ἐπίστευσαν
968 2595 1048 2658 είς
1079 2594 1264 2658 αὑτὸν,
1300 2612 1318 2646 ι
1369 2593 1430 2646 οὐ
1478 2593 1607 2646 πολ-

52 2694 126 2746 λοὶ
153 2694 208 2746 δὲ
257 2693 506 2762 ἔγνωσαν
537 2689 718 2744 αὐτόν’
770 2688 894 2740 ἐπεὶ
927 2685 1032 2740 τῶν
1059 2684 1499 2739 πεπιστευκότων
1529 2686 1609 2747 εἰς

51 2789 198 2842 αὑτὸν
225 2789 277 2840 οἱ
313 2786 564 2856 μένοντες
592 2785 649 2836 ὲν
682 2781 758 2852 τῷ
787 2781 933 2851 λόγῳ
973 2778 1159 2843 αὑτοῦ,
1196 2777 1412 2849 άληθῶς
1465 2776 1611 2846 γινό·

54 2899 192 2950 μενοι
223 2879 469 2952 μαθηταὶ
500 2874 686 2938 αὐτοῦ,
721 2873 1018 2943 γνώσονται
1044 2873 1143 2942 τὴν
1173 2870 1428 2943 ἀλήθειαν
1448 2887 1460 2899 ·
1492 2869 1611 2940 οὐχὶ

52 2973 102 3026 δὲ
125 2976 170 3026 οἱ
202 2971 391 3024 πολλοὶ
430 2967 537 3022 τῶν
583 2965 1024 3019 πεπιστευκότων
1057 2964 1136 3027 είς
1169 2963 1330 3015 αὑτὸν
1365 2961 1611 3032 μένουσιν

50 3066 100 3116 ὲν
125 3064 196 3134 τῷ
222 3064 370 3133 λόγῳ
402 3058 586 3114 αὑτοῦ·
619 3058 740 3112 οὐδὲ
769 3059 818 3110 oi
849 3055 1032 3109 πολλοὶ
1061 3053 1274 3125 ἀληθῶς
1309 3052 1472 3108 αὑτοῦ
1511 3069 1614 3123 μα-

51 3156 200 3226 θηται.
230 3155 507 3224 γίνονται·
548 3151 739 3220 διόπερ
781 3149 900 3202 οὑδὲ
947 3146 1131 3200 πολλοὶ
1167 3145 1464 3214 γνώσονται
1500 3143 1610 3214 (58)

51 3250 318 3319 ἀλήθειαν,
376 3246 472 3299 καὶ
519 3246 586 3314 τῇ
647 3241 875 3312 ἀληθείᾳ
927 3239 1200 3311 ἐλεύθεροι
1234 3239 1294 3292 ού
1351 3237 1609 3306 γίνονται·

53 3343 246 3413 σφόδρα
277 3339 389 3411 γὰρ
415 3338 584 3404 ὀλίγοι
611 3334 846 3406 χωροῦσι
890 3333 987 3403 τὴν
1016 3331 1270 3402 ἀλήθειαν
1297 3328 1428 3402 (59).
1457 3330 1614 3393 Τίνες

52 3434 103 3488 δὲ
134 3437 264 3487 εἰσιν
300 3434 350 3485 οί
378 3429 731 3499 γνωσόμενοι,
765 3427 798 3496 ἢ
823 3428 872 3479 οἱ
901 3425 1161 3494 ὑψοῦντες
1190 3422 1348 3476 αὐτόν
1369 3439 1383 3487 ;
1405 3422 1482 3485 ὼς
1513 3421 1614 3473 αὐ-

53 3530 132 3592 τὸς
179 3526 420 3580 διδάσκει
466 3523 672 3590 λέγων·
707 3537 726 3571 ι
763 3521 931 3572 Ὅταν
963 3516 1214 3587 ὑψώσητε
1240 3514 1330 3568 τὸν
1361 3513 1485 3567 Υἱὸν
1519 3511 1612 3566 τοῦ

54 3618 355 3690 ἀνθρώπου,
386 3616 503 3668 τότε
531 3611 827 3682 γνώσεσθε,
872 3613 951 3664 ὅτι
978 3609 1088 3678 ἐγώ
1118 3611 1232 3678 είμι
1254 3625 1267 3638 ·
1299 3625 1316 3657 ι
1350 3605 1522 3669 οὐδεὶς
1557 3604 1614 3657 δὲ

49 3715 198 3768 αὑτὸν
223 3713 354 3782 ύψοῖ
377 3709 607 3780 γάλακτι
640 3705 1010 3776 ποτιζόμενος,
1035 3700 1463 3775 παρασκευάζων
1488 3699 1616 3751 ἑαυ-

48 3808 130 3860 τὸν
163 3807 241 3869 είς
272 3800 585 3874 παραδοχὴν
618 3799 714 3869 τῆς
744 3797 968 3869 στερεᾶς
1013 3794 1250 3866 τροφῆς·
1297 3791 1484 3861 διόπερ
1539 3787 1615 3858 τῷ

46 3900 265 3970 τοιούτῳ
279 3898 456 3965 λέγει·
493 3914 510 3946 ι
539 3895 768 3964 Ἔκρινα
789 3891 954 3963 μηδὲν
983 3888 1178 3942 εἰδέναι
1209 3889 1266 3940 ὲν
1287 3886 1434 3956 ὑμῖν,
1458 3885 1506 3936 εί
1543 3882 1615 3953 μὴ

59 3991 258 4062 Ἰησοῦν
301 3987 555 4061 Χριστὸν,
593 3985 687 4038 καὶ
717 3983 906 4038 τοῦτον
948 3977 1384 4051 ἐσταυρωμένονο
1411 3997 1430 4030 ι
1483 3975 1619 4044 πρὸς

47 4081 101 4136 ὃν
138 4083 230 4135 καὶ
262 4081 293 4133 ὁ
326 4078 420 4132 τοῦ
455 4076 613 4145 λόγου
641 4072 884 4135 διάκονος
911 4072 968 4123 ὲν
1001 4069 1253 4140 ἀσθενείᾳ
1287 4067 1512 4135 γίνεται,
1543 4064 1618 4128 ὥς

51 4190 204 4244 φησιν
230 4174 260 4224 ὁ
296 4170 503 4231 Παῦλος
539 4169 649 4229 τοῖς
679 4163 936 4225 τοιούτοις
957 4179 971 4191 ο
1013 4179 1031 4210 ι
1060 4157 1228 4226 Κάγὼ
1258 4159 1315 4210 ἐν
1344 4156 1614 4225 ἀσθενείᾳ,

49 4269 136 4321 καὶ
184 4268 242 4318 ὲν
291 4263 462 4334 φόϐῳ,
519 4259 613 4312 καὶ
646 4260 702 4310 ὲν
751 4256 940 4330 τρόμῳ
975 4251 1152 4322 πολλῷ
1184 4250 1448 4319 ἐγενόμην
1483 4247 1620 4318 πρὸς

1702 1710 1809 1765 que
1833 1695 1900 1750 ad
1949 1710 2072 1749 eum
2104 1702 2418 1749 contextum
2448 1709 2464 1752 ς
2493 1710 2512 1744 ι
2556 1692 2728 1746 Amen
2764 1691 2886 1744 dico
2927 1689 3094 1751 vobis,
3129 1698 3273 1743 ante-

1701 1802 1863 1854 quam
1899 1786 2170 1840 Abraham
2227 1785 2423 1850 ﬁeret,
2458 1797 2562 1853 ego
2611 1797 2731 1836 sum
2781 1779 2851 1835 ⁸⁵.
2899 1800 2919 1834 ι
2964 1781 3095 1836 Post
3125 1781 3271 1836 hunc

1702 1887 1884 1932 autem
1921 1893 2228 1933 sermonem
2271 1893 2393 1932 cum
2447 1875 2651 1944 lapides
2696 1874 2946 1929 tulissent
2993 1871 3161 1929 Judaei
3214 1883 3273 1926 ut

1703 1970 2006 2040 lapidarenl
2036 1985 2182 2034 eum,
2208 1968 2366 2024 Jesus
2393 1969 2680 2023 abscondit
2707 1981 2765 2022 se
2794 1977 2848 2022 et
2879 1967 3046 2022 exivit
3075 1982 3106 2022 θ
3137 1975 3275 2021 tem-

1704 2067 1794 2138 plo
1822 2082 1837 2122 :
1872 2064 2033 2135 293
2064 2064 2279 2132 quando
2309 2062 2628 2132 praeteriens
2673 2061 2808 2115 vidit
2843 2075 3044 2116 caseum
3070 2075 3098 2113 a
3127 2060 3272 2114 nati-

1704 2157 1946 2222 vitate",
1973 2157 2040 2210 de
2060 2169 2166 2224 quo
2202 2154 2458 2217 sciemus,
2493 2150 2605 2206 Deo
2639 2151 2823 2215 dante,
2855 2166 2976 2205 cum
3004 2151 3068 2204 ad
3099 2151 3274 2206 locum

1707 2249 2134 2318 pervenerimus.
2175 2245 2299 2300 Haec
2337 2253 2517 2298 autem
2554 2243 2814 2312 loquitur,
2861 2250 2921 2296 ut
2957 2243 3172 2296 eveniat
3219 2243 3277 2297 id

1708 2342 1848 2411 quod
1910 2339 2274 2408 subiungitur,
2313 2355 2332 2388 ί
2368 2335 2490 2392 Haec
2525 2350 2591 2390 eo
2625 2335 2900 2404 loquente,
2932 2333 3280 2389 crediderunt

1709 2435 1763 2487 in
1795 2447 1916 2486 eum
1945 2431 2012 2495 ’°,
2050 2449 2068 2482 ι
2104 2430 2355 2484 nimirum
2395 2441 2689 2497 pauperes,
2723 2426 2816 2496 qui
2847 2427 2913 2479 ad
2947 2425 3278 2496 gazophyla-

1708 2524 1853 2578 cium
1885 2531 2166 2584 venerant,
2206 2521 2330 2573 inde
2356 2518 2632 2589 accepturi
2665 2532 2788 2587 quae
2821 2526 3039 2586 possent
3067 2526 3122 2571 et
3155 2529 3278 2585 quae

1709 2624 1813 2678 sibi
1851 2624 2138 2678 distributa
2169 2623 2419 2675 fuissent.
2451 2621 2634 2688 Itaque
2677 2639 2696 2672 ι
2735 2618 2885 2673 multi
2930 2619 3280 2673 crediderunt

1711 2715 1765 2768 in
1797 2729 1944 2778 eum,
1979 2733 1998 2766 ι
2033 2713 2125 2767 sed
2151 2728 2254 2767 non
2287 2712 2437 2765 multi
2462 2718 2799 2782 agnoverunt
2821 2723 2941 2762 eum
2972 2725 2986 2773 ;
3020 2708 3277 2776 quoniam

1711 2819 1778 2858 ex
1805 2805 1890 2859 his
1917 2805 2006 2874 qui
2032 2805 2380 2860 crediderunt
2407 2803 2458 2855 in
2487 2817 2634 2868 eum,
2665 2807 2950 2854 manentes
2984 2799 3040 2851 in
3073 2812 3277 2851 sermo-

1716 2922 1784 2962 ne
1819 2906 1958 2976 eius,
1993 2921 2120 2962 vere
2155 2905 2282 2961 facti
2317 2904 2566 2973 discipuli
2596 2904 2712 2969 ejus
2748 2908 3052 2970 agnoscunt
3076 2896 3280 2954 verita-

1637 2991 1684 3056 ο
1718 3022 1824 3067 tem
1866 3012 1956 3076 ’σς
1993 3010 2084 3065 sed
2137 3026 2243 3062 non
2299 3008 2452 3062 multi
2484 3023 2552 3060 ex
2593 3006 2678 3060 his
2707 3005 2796 3070 qui
2839 3004 3186 3059 crediderunt
3222 3002 3276 3056 in

1713 3117 1858 3170 cum,
1890 3113 2110 3162 manent
2139 3103 2191 3154 in
2221 3114 2471 3154 sermone
2496 3097 2612 3166 ejus
2639 3114 2654 3161 ;
2690 3112 2754 3151 ac
2784 3111 2851 3152 ne
2881 3096 3033 3149 multi
3058 3095 3280 3164 quidem

1714 3214 1846 3254 vere
1877 3197 2181 3253 efﬁciuntur
2227 3196 2370 3250 illius
2411 3193 2660 3263 discipuli
2698 3211 2713 3253 ;
2748 3193 2974 3261 proinde
3003 3207 3072 3245 ne
3120 3190 3279 3245 multi

1714 3292 1935 3362 quidem
1963 3300 2267 3360 agnoscunt
2291 3288 2601 3352 veritatem,
2635 3296 2690 3341 et
2718 3286 2946 3340 veritate
2980 3285 3135 3340 liberi
3171 3299 3278 3340 non

1713 3386 2056 3444 redduntur:
2088 3381 2376 3436 admodum
2427 3380 2571 3434 enim
2624 3378 2782 3448 pauci
2814 3377 3040 3446 capiunt
3073 3376 3282 3431 verita-

1718 3488 1848 3534 tem.
1881 3475 1986 3530 Sed
2018 3474 2240 3543 quinam
2272 3471 2505 3542 agnituri
2539 3479 2665 3524 sunt
2690 3485 2812 3524 eum
2837 3509 2853 3530 ,
2890 3469 2993 3523 nisi
3037 3469 3284 3523 exaltan-

1718 3579 1798 3624 tes
1815 3566 1976 3622 eum?
2008 3575 2065 3619 ut
2094 3565 2255 3620 etiam
2288 3563 2406 3632 ipse
2424 3563 2600 3624 docet,
2621 3561 2804 3616 dicens
2819 3560 2864 3593 ⁸⁸
2890 3579 2903 3614 :
2927 3580 2945 3613 ι
2975 3559 3108 3614 Cum
3140 3563 3284 3615 exal-

1719 3660 1964 3716 taveritis
2002 3658 2198 3713 Filium
2235 3655 2491 3720 hominis,
2526 3663 2653 3706 tunc
2679 3652 2987 3723 agnoscetis
3015 3654 3157 3721 quod
3183 3669 3284 3721 ego

1715 3781 1879 3820 sum:
1920 3783 1938 3815 ι
1969 3763 2146 3817 nullus
2200 3769 2378 3814 autem
2417 3773 2539 3813 eum
2593 3757 2817 3821 exaltat,
2863 3755 2951 3822 qui
2989 3755 3126 3809 lacte
3181 3755 3285 3808 ali-

1721 3879 1806 3922 tur
1837 3880 2158 3936 praeparans
2193 3864 2431 3932 seipsum
2463 3861 2530 3914 ad
2578 3861 2972 3925 susceptionem
3007 3859 3111 3913 cibi
3153 3849 3283 3913 soli-

1719 3961 1770 4013 di
1813 3961 1857 3992 "
1881 3976 1896 4022 ;
1924 3957 2278 4026 quamobrem
2314 3954 2406 4008 tali
2442 3953 2573 4008 dicit
2601 3954 2618 3984 ¹
2648 3968 2662 4005 :
2703 3970 2722 4003 ι
2753 3951 2997 4005 Judicavi
3036 3965 3120 4004 me
3152 3951 3287 4004 nihil

1719 4051 1860 4104 scire
1890 4050 2030 4103 inter
2059 4062 2178 4109 vos,
2217 4045 2317 4099 nisi
2351 4042 2534 4096 Jesum
2559 4043 2859 4106 Christum,
2901 4053 2954 4096 et
2989 4043 3131 4096 hunc
3158 4057 3286 4094 cru-

1719 4144 1936 4196 ciﬁxum
1977 4158 1992 4206 ;
2031 4158 2050 4192 ι
2091 4154 2255 4209 penes
2296 4153 2458 4206 quem
2509 4137 2672 4190 etiam
2716 4133 2985 4189 sermonis
3037 4132 3288 4186 minister

1722 4236 1774 4289 in
1826 4233 2142 4289 inﬁrmitate
2173 4242 2440 4294 versatur,
2483 4239 2542 4282 ut
2569 4229 2742 4297 inquit
2767 4226 2965 4281 Paulus
3002 4225 3192 4280 talibus
3216 4225 3242 4256 ’
3268 4242 3288 4279 ε

50 4359 208 4426 ὑμᾶς.
243 4377 262 4407 ι
302 4322 648 4424 ἔβησλ-τοίνυν
679 4350 707 4401 ὁ
738 4322 831 4400 τοῦ
857 4322 1000 4398 Θεοῦ
1034 4343 1204 4411 Λόγος
1240 4342 1413 4412 ἀρχὴν
1439 4337 1620 4391 ποιού-

1787 4329 1847 4383 Ει
1874 4344 1973 4396 ego
2002 4327 2054 4380 in
2091 4327 2430 4397 inﬁrmitate,
2456 4335 2510 4380 et
2554 4326 2606 4378 in
2639 4325 2856 4385 timore,
2884 4332 2938 4374 et
2967 4322 3020 4375 in
3054 4331 3290 4376 tremore

52 4467 204 4520 μενος
227 4447 498 4518 δευτέρων
538 4440 872 4512 μαθημάτων
901 4435 1007 4489 τῶν
1040 4436 1096 4487 ὲν
1125 4433 1200 4504 τῷ
1232 4429 1616 4501 γαζοφυλακίῳ,

51 4544 103 4593 ὲν
134 4540 211 4610 τῷ
239 4537 371 4609 ἱερῷ
391 4552 402 4562 ’
463 4554 480 4584 ι
518 4532 660 4600 Ἐγὼ
693 4530 888 4597 ὑπάγω
909 4568 923 4592 ,
971 4527 1066 4579 καὶ
1099 4523 1361 4595 ζητήσετέ
1403 4539 1491 4593 με,
1523 4524 1616 4575 καὶ

50 4637 102 4688 ἐν
145 4636 212 4704 τῇ
255 4630 498 4702 ἁμαρτίᾳ.
538 4625 691 4696 ὑμῶν
735 4620 1114 4676 ἀποθανεῖσθε.
1143 4637 1161 4670 ι
1197 4616 1352 4688 Ζητῶ
1396 4615 1483 4668 διὰ
1532 4615 1614 4680 τὸ,

56 4747 73 4777 ι
108 4727 295 4782 Ταῦτα
326 4720 490 4777 αὑτοῦ
517 4718 826 4778 λαλοῦντος,
857 4713 1039 4766 πολλοὶ
1066 4711 1388 4765 ἐπίστευσαν
1413 4711 1492 4772 εἰς
1516 4709 1616 4761 αὑ-

55 4819 135 4874 τὸν
159 4859 174 4883 ,
208 4837 226 4868 ι
272 4817 477 4886 μήποτε
506 4813 566 4865 ού
596 4809 730 4880 πρὸς
761 4808 968 4868 πάντας
998 4804 1121 4866 τοὺς
1163 4802 1431 4873 παρόντας
1470 4799 1618 4868 λέγει

53 4912 126 4972 τὸ,
160 4928 180 4960 ι
218 4906 360 4976 Ἐγὼ
386 4905 602 4972 ὑπάγω,
631 4901 723 4955 καὶ
751 4896 1012 4968 ζητήσετέ
1038 4913 1124 4965 με,
1150 4895 1243 4946 καὶ
1269 4894 1326 4945 ὲν
1352 4894 1417 4961 τῇ
1442 4891 1620 4960 ἁμαρ-

53 5001 139 5070 τί-,ι
197 4996 351 5068 ὑμῶν
399 4990 780 5054 ἀποθανεῖσθε,
820 5008 838 5038 ι
899 4985 1034 5040 ἀλλὰ
1083 4983 1218 5054 πρὸς
1259 4981 1480 5042 τούτους
1524 4977 1618 5040 οὓς

55 5093 164 5163 ᾔδει
196 5090 276 5161 μὴ
311 5085 722 5145 πιστεύσαντας,
753 5081 847 5133 καὶ
879 5076 966 5131 διὰ
1004 5075 1160 5128 τοῦτο
1188 5075 1245 5126 ὲν
1275 5076 1340 5143 τῇ
1367 5069 1619 5152 ’ἁμαρτίᾳ

53 5161 229 5235 αὐτῶν
278 5175 780 5247 ἀποθανουμένους,
824 5171 917 5223 καὶ
963 5167 1037 5240 μὴ
1089 5165 1416 5235 δυναμένους
1449 5161 1623 5214 ὀπίσω

56 5270 216 5324 αὑτοῦ
249 5267 634 5336 ἀκολουθῆσαι,
669 5261 742 5333 μὴ
769 5259 1094 5329 δυναμένους
1125 5254 1181 5308 δὲ
1205 5253 1292 5306 διὰ
1311 5251 1370 5304 τὸ
1399 5251 1474 5322 μὴ
1504 5249 1623 5318 βού-

149 5363 193 5393 ⁹¹
223 5359 378 5416 Joan.
409 5375 564 5416 xviii,
595 5357 652 5410 5.
723 5356 768 5386 θ’
797 5352 952 5407 Jmn.
980 5363 1074 5403 VIII
1098 5387 1112 5409 ,
1148 5345 1238 5400 20.
1314 5344 1360 5374 ’³
1387 5341 1643 5416 ιιιιιι-ηει.

550 5398 564 5421 ’
597 5398 656 5458 ἶέ
695 5398 951 5477 inmissi
996 5398 1258 5469 ﬁngi”.
1286 5429 1340 5472 ν,
1378 5412 1466 5469 ιε.
1494 5411 1580 5464 ιι.

1787 5410 1877 5463 Lor.
1914 5423 1973 5469 ιι,
2008 5398 2064 5462 '2.
2140 5407 2159 5435 ²
2194 5405 2325 5459 ibid.
2352 5405 2404 5459 5.
2484 5401 2681 5457 ‘Joan.
2716 5415 2832 5462 vm,
2879 5399 2970 5455 21.

59 5430 99 5460 "’
137 5431 274 5484 ibid.
306 5430 392 5493 51,
424 5430 512 5483 52.

127 5527 244 5594 (56)
277 5526 452 5580 Codex
491 5521 838 5585 Bodleiauus,
871 5517 1035 5587 ἕτερα
1065 5512 1308 5577 πλείονα,
1348 5510 1400 5563 in
1448 5507 1616 5577 [legio

57 5596 447 5744 dfg'tlflfopd‘ex
473 5663 831 5740 Bodleianus’,
871 5655 1034 5710 οἱονεὶ
1077 5652 1339 5723 πένητες·
1397 5649 1619 5718 Regius,

45 5734 167 5788 οἷον
190 5739 238 5787 οἱ
273 5736 510 5805 πένητες.
585 5803 612 5805 α
655 5803 664 5805 _
807 5734 815 5740 ’

131 5807 252 5865 158)
283 5787 834 5865 ίᾷυιίέίΒοιίιοὶιιιιυε,
867 5797 960 5852 καὶ
993 5796 1060 5866 τῇ
1089 5789 1315 5862 ἀληθείᾳ
1349 5787 1622 5858 ἐλεύθεροι

1722 4423 1895 4478 multo
1935 4431 2184 4477 versatus
2213 4434 2330 4475 sum
2360 4420 2498 4489 apud
2531 4433 2644 4471 vos.
2696 4435 2714 4468 ι
2760 4413 2939 4483 lnquit
2990 4414 3154 4482 igitur
3199 4415 3288 4468 ille

1725 4517 1816 4570 Dei
1874 4516 2066 4568 Sermo
2091 4556 2107 4581 ,
2145 4513 2234 4567 ille
2269 4512 2359 4565 Dei
2412 4511 2580 4564 Filius
2605 4550 2620 4575 ,
2668 4523 2887 4562 rursum
2925 4507 3117 4559 docere
3156 4506 3290 4558 inci—

1723 4608 1878 4676 piens
1911 4606 1962 4660 in
1995 4603 2380 4675 gazophylacio
2421 4601 2473 4654 in
2515 4599 2759 4667 templo:
2803 4615 2821 4647 ι
2863 4597 2973 4666 Ego
3017 4598 3177 4657 vado,
3236 4606 3289 4649 et

1719 4699 1978 4767 quaeretis
2027 4713 2130 4764 tne,
2165 4706 2221 4750 et
2253 4695 2302 4748 in
2348 4705 2571 4763 peccato
2622 4702 2805 4744 vestro
2835 4689 3140 4743 moriemini
3183 4687 3223 4740 ³.
3265 4706 3287 4738 ι

1726 4792 1919 4858 Qner
1954 4802 2174 4859 propter
2233 4790 2335 4843 hoc
2387 4787 2610 4849 dictum,
2643 4802 2661 4834 ι
2706 4783 2828 4837 llaac
2875 4797 2939 4836 eo
2989 4781 3281 4850 loquente.

1727 4883 1876 4937 tnnlti
1912 4883 2260 4936 crediderunt
2309 4879 2361 4932 in
2409 4893 2571 4942 eum,
2627 4894 2644 4926 ι
2695 4872 2934 4941 nunquid
2985 4873 3050 4926 ad
3102 4886 3293 4926 omnes

1727 4983 2015 5044 praesentes
2061 4972 2258 5026 dixerit
2290 4990 2302 5024 :
2337 4989 2354 5021 ι
2391 4970 2501 5039 Ego
2533 4967 2694 5032 vado,
2721 4976 2771 5020 et
2814 4964 3069 5033 quaeretis
3093 4979 3201 5025 me,
3234 4971 3291 5016 et

1727 5067 1780 5120 in
1829 5078 2052 5136 peccato
2079 5074 2263 5118 vestro
2301 5060 2642 5124 moriemini;
2675 5077 2693 5110 ι
2738 5074 2803 5110 an
2854 5057 3035 5126 potius
3072 5056 3135 5108 ad
3193 5069 3292 5108 eos

1726 5171 1882 5228 quos,
1931 5155 2058 5224 quia
2094 5168 2197 5208 non
2245 5152 2644 5216 credidissent,
2679 5155 2903 5202 noverat
2956 5148 3010 5200 in
3066 5153 3293 5215 peccato

1731 5263 1829 5302 suo
1862 5247 2191 5308 morituros,
2247 5261 2352 5298 non
2383 5244 2630 5298 valentes
2679 5255 2818 5310 pone
2863 5239 3038 5307 ipsum
3089 5235 3286 5306 sequi;

1739 5339 1786 5370 “
1820 5337 1948 5392 ibid.
1977 5335 2066 5402 58,
2113 5334 2200 5388 59.
2276 5334 2323 5366 "
2354 5331 2510 5387 Joan.
2535 5346 2616 5402 ix,
2646 5331 2700 5382 1.
2791 5330 2838 5363 ⁸⁸
2864 5326 3020 5402 Ιᾼογιιη.
3053 5339 3176 5391 vni,
3198 5324 3290 5380 50.

1723 5507 1784 5559 οὑ
1811 5504 2078 5572 γίνονταν
2109 5501 2327 5570 Regius,
2357 5498 2451 5552 καὶ
2488 5497 2537 5550 εί
2583 5496 2658 5568 μὴ
2709 5493 2938 5564 ἀλήθεια
2994 5489 3293 5561 ἐλευθεροῖ,

1725 5571 1997 5646 ἐλεύθεροι
2027 5573 2087 5626 οὐ
2120 5571 2374 5646 γίνονται.

1799 5632 2143 5712 (59›’(]ο‹1ιεχ’
2175 5642 2494 5697 Bodleianus
2531 5635 2784 5707 ἀνλήθε.αν
2808 5649 2821 5663 ·
2881 5632 3082 5702 Regius
3141 5647 3295 5696 vero,

1729 5716 2058 5786 ἐλευθερίαν.
