  <div class='ocr_page' id='page_1' title='image "/cluster/home/n/w/nwhite01/storage/ocr_20150623/14/mdp.39015052831362/299.png"; bbox 0 0 3688 6146; ppageno 0'>
   <div class='ocr_carea' id='block_1_1' title="bbox 463 324 1919 397">
    <p class='ocr_par' dir='ltr' id='par_1_1' title="bbox 463 324 1919 386">
     <span class='ocr_line' id='line_1_1' title="bbox 463 324 1919 386; baseline 0.003 -6"><span class='ocrx_word' id='word_1_1' title='bbox 463 324 561 380; x_wconf 71' lang='grc' dir='ltr'><strong>5οίῖ</strong></span> <span class='ocrx_word' id='word_1_2' title='bbox 1863 329 1919 386; x_wconf 91' lang='grc'>01</span> 
     </span>
    </p>
   </div>
   <div class='ocr_carea' id='block_1_2' title="bbox 2170 324 3626 397">
    <p class='ocr_par' dir='ltr' id='par_1_2' title="bbox 2170 331 3626 397">
     <span class='ocr_line' id='line_1_2' title="bbox 2170 331 3626 397; baseline 0.002 -11"><span class='ocrx_word' id='word_1_3' title='bbox 2170 331 2187 386; x_wconf 70' lang='grc' dir='ltr'><strong>ἱ</strong></span> <span class='ocrx_word' id='word_1_4' title='bbox 3558 341 3626 397; x_wconf 69' lang='lat' dir='ltr'><strong>liis</strong></span> 
     </span>
    </p>
   </div>
   <div class='ocr_carea' id='block_1_3' title="bbox 465 438 1921 524">
    <p class='ocr_par' dir='ltr' id='par_1_3' title="bbox 465 438 1898 515">
     <span class='ocr_line' id='line_1_3' title="bbox 465 438 1898 515; baseline 0.008 -20"><span class='ocrx_word' id='word_1_5' title='bbox 465 458 569 496; x_wconf 80' lang='lat' dir='ltr'><strong>non</strong></span> <span class='ocrx_word' id='word_1_6' title='bbox 600 438 844 499; x_wconf 81' lang='lat' dir='ltr'><strong>valentes</strong></span> <span class='ocrx_word' id='word_1_7' title='bbox 892 452 1071 498; x_wconf 86' lang='lat' dir='ltr'><strong>autem</strong></span> <span class='ocrx_word' id='word_1_8' title='bbox 1121 458 1186 500; x_wconf 91' lang='lat' dir='ltr'><strong>eo</strong></span> <span class='ocrx_word' id='word_1_9' title='bbox 1215 445 1364 515; x_wconf 86' lang='lat' dir='ltr'><strong>quod</strong></span> <span class='ocrx_word' id='word_1_10' title='bbox 1393 445 1638 515; x_wconf 65' lang='lat' dir='ltr'><strong>nolint;</strong></span> <span class='ocrx_word' id='word_1_11' title='bbox 1685 463 1824 506; x_wconf 63' lang='lat' dir='ltr'><strong>ll.</strong></span> <span class='ocrx_word' id='word_1_12' title='bbox 1845 451 1898 506; x_wconf 83' lang='lat' dir='ltr'><strong>si</strong></span> 
     </span>
    </p>
   </div>
   <div class='ocr_carea' id='block_1_4' title="bbox 2170 438 3626 524">
    <p class='ocr_par' dir='ltr' id='par_1_4' title="bbox 2170 451 3626 524">
     <span class='ocr_line' id='line_1_4' title="bbox 2170 451 3626 524; baseline 0.003 -19"><span class='ocrx_word' id='word_1_13' title='bbox 2170 451 2350 506; x_wconf 87' lang='grc' dir='ltr'>εσθαι·</span> <span class='ocrx_word' id='word_1_14' title='bbox 2389 453 2436 505; x_wconf 83' lang='grc' dir='ltr'>εἰ</span> <span class='ocrx_word' id='word_1_15' title='bbox 2465 452 2573 524; x_wconf 86' lang='grc' dir='ltr'>γὰρ</span> <span class='ocrx_word' id='word_1_16' title='bbox 2607 452 2920 524; x_wconf 85' lang='grc' dir='ltr'>βουλόμενοι</span> <span class='ocrx_word' id='word_1_17' title='bbox 2949 453 3047 506; x_wconf 81' lang='grc' dir='ltr'><strong>οὐκ</strong></span> <span class='ocrx_word' id='word_1_18' title='bbox 3080 452 3352 512; x_wconf 77' lang='grc' dir='ltr'>ἐδύναντο.</span> <span class='ocrx_word' id='word_1_19' title='bbox 3377 452 3468 507; x_wconf 78' lang='grc' dir='ltr'>οὒκ</span> <span class='ocrx_word' id='word_1_20' title='bbox 3490 453 3542 508; x_wconf 78' lang='grc' dir='ltr'><strong>ἂν</strong></span> <span class='ocrx_word' id='word_1_21' title='bbox 3565 460 3626 510; x_wconf 84' lang='grc' dir='ltr'>εὑ-</span> 
     </span>
    </p>
   </div>
   <div class='ocr_carea' id='block_1_5' title="bbox 460 531 1916 618">
    <p class='ocr_par' dir='ltr' id='par_1_5' title="bbox 460 531 1908 607">
     <span class='ocr_line' id='line_1_5' title="bbox 460 531 1908 607; baseline 0.006 -21"><span class='ocrx_word' id='word_1_22' title='bbox 460 531 630 587; x_wconf 90' lang='lat' dir='ltr'><strong>lentes</strong></span> <span class='ocrx_word' id='word_1_23' title='bbox 662 547 769 588; x_wconf 92' lang='lat' dir='ltr'><strong>non</strong></span> <span class='ocrx_word' id='word_1_24' title='bbox 804 545 1078 604; x_wconf 74' lang='lat' dir='ltr'><strong>poterant,</strong></span> <span class='ocrx_word' id='word_1_25' title='bbox 1105 539 1526 607; x_wconf 80' lang='lat' dir='ltr'><strong>haudquaquam</strong></span> <span class='ocrx_word' id='word_1_26' title='bbox 1575 539 1682 594; x_wconf 89' lang='lat' dir='ltr'><strong>illis</strong></span> <span class='ocrx_word' id='word_1_27' title='bbox 1730 543 1908 596; x_wconf 92' lang='lat' dir='ltr'><strong>ration</strong></span> 
     </span>
    </p>
   </div>
   <div class='ocr_carea' id='block_1_6' title="bbox 2172 531 3628 618">
    <p class='ocr_par' dir='ltr' id='par_1_6' title="bbox 2172 545 3628 618">
     <span class='ocr_line' id='line_1_6' title="bbox 2172 545 3628 618; baseline 0.001 -21"><span class='ocrx_word' id='word_1_28' title='bbox 2172 545 2305 612; x_wconf 73' lang='grc' dir='ltr'>Ξγως</span> <span class='ocrx_word' id='word_1_29' title='bbox 2355 547 2540 609; x_wconf 81' lang='grc' dir='ltr'>αὑτοῖς</span> <span class='ocrx_word' id='word_1_30' title='bbox 2581 545 2920 616; x_wconf 71' lang='grc' dir='ltr'>ὲλέγεωτό·</span> <span class='ocrx_word' id='word_1_31' title='bbox 2961 565 2986 598; x_wconf 75' lang='grc' dir='ltr'>ι</span> <span class='ocrx_word' id='word_1_32' title='bbox 3028 547 3118 601; x_wconf 83' lang='grc' dir='ltr'>Ἐν</span> <span class='ocrx_word' id='word_1_33' title='bbox 3150 549 3218 617; x_wconf 75' lang='grc' dir='ltr'>τῇ</span> <span class='ocrx_word' id='word_1_34' title='bbox 3249 546 3480 618; x_wconf 75' lang='grc' dir='ltr'>ἁμαρτία</span> <span class='ocrx_word' id='word_1_35' title='bbox 3521 548 3628 618; x_wconf 76' lang='grc' dir='ltr'>ὑμῶν</span> 
     </span>
    </p>
   </div>
   <div class='ocr_carea' id='block_1_7' title="bbox 457 629 1913 711">
    <p class='ocr_par' dir='ltr' id='par_1_7' title="bbox 457 629 1913 702">
     <span class='ocr_line' id='line_1_7' title="bbox 457 629 1913 702; baseline 0.006 -20"><span class='ocrx_word' id='word_1_36' title='bbox 457 629 580 684; x_wconf 83' lang='lat' dir='ltr'><strong>liter</strong></span> <span class='ocrx_word' id='word_1_37' title='bbox 611 630 890 686; x_wconf 80' lang='lat' dir='ltr'><strong>diceretur</strong></span> <span class='ocrx_word' id='word_1_38' title='bbox 922 649 938 686; x_wconf 91' lang='lat'><strong>:</strong></span> <span class='ocrx_word' id='word_1_39' title='bbox 984 650 1003 684; x_wconf 74' lang='grc' dir='ltr'><strong>ι</strong></span> <span class='ocrx_word' id='word_1_40' title='bbox 1053 632 1108 687; x_wconf 92' lang='lat' dir='ltr'><strong>In</strong></span> <span class='ocrx_word' id='word_1_41' title='bbox 1143 643 1368 702; x_wconf 85' lang='lat' dir='ltr'><strong>peccato</strong></span> <span class='ocrx_word' id='word_1_42' title='bbox 1399 643 1582 691; x_wconf 86' lang='lat' dir='ltr'><strong>vestro</strong></span> <span class='ocrx_word' id='word_1_43' title='bbox 1631 637 1913 692; x_wconf 88' lang='lat' dir='ltr'><strong>moriemin</strong></span> 
     </span>
    </p>
   </div>
   <div class='ocr_carea' id='block_1_8' title="bbox 2173 629 3629 711">
    <p class='ocr_par' dir='ltr' id='par_1_8' title="bbox 2173 638 3629 711">
     <span class='ocr_line' id='line_1_8' title="bbox 2173 638 3629 711; baseline 0.001 -21"><span class='ocrx_word' id='word_1_44' title='bbox 2173 638 2508 694; x_wconf 87' lang='grc' dir='ltr'>ποθανεῖσθε.</span> <span class='ocrx_word' id='word_1_45' title='bbox 2544 658 2562 693; x_wconf 76' lang='grc' dir='ltr'><strong>ι</strong></span> <span class='ocrx_word' id='word_1_46' title='bbox 2611 641 2756 710; x_wconf 87' lang='grc' dir='ltr'>Ἐρεῖ</span> <span class='ocrx_word' id='word_1_47' title='bbox 2787 639 2843 692; x_wconf 87' lang='grc' dir='ltr'><strong>δέ</strong></span> <span class='ocrx_word' id='word_1_48' title='bbox 2875 658 2957 704; x_wconf 88' lang='grc' dir='ltr'><strong>τις</strong></span> <span class='ocrx_word' id='word_1_49' title='bbox 2987 640 3125 709; x_wconf 78' lang='grc' dir='ltr'>πρὸς</span> <span class='ocrx_word' id='word_1_50' title='bbox 3152 639 3332 692; x_wconf 86' lang='grc' dir='ltr'>τοῦτο·</span> <span class='ocrx_word' id='word_1_51' title='bbox 3357 639 3516 711; x_wconf 66' lang='grc' dir='ltr'>Εἴπερ</span> <span class='ocrx_word' id='word_1_52' title='bbox 3550 645 3629 707; x_wconf 76' lang='grc' dir='ltr'>τοῖς</span> 
     </span>
    </p>
   </div>
   <div class='ocr_carea' id='block_1_9' title="bbox 457 724 1913 804">
    <p class='ocr_par' dir='ltr' id='par_1_9' title="bbox 457 724 1913 794">
     <span class='ocr_line' id='line_1_9' title="bbox 457 724 1913 794; baseline 0.003 -19"><span class='ocrx_word' id='word_1_53' title='bbox 457 725 528 775; x_wconf 84' lang='lat' dir='ltr'><strong>At</strong></span> <span class='ocrx_word' id='word_1_54' title='bbox 555 736 687 777; x_wconf 89' lang='lat' dir='ltr'><strong>vero</strong></span> <span class='ocrx_word' id='word_1_55' title='bbox 726 724 928 794; x_wconf 86' lang='lat' dir='ltr'><strong>aliquis</strong></span> <span class='ocrx_word' id='word_1_56' title='bbox 973 735 1161 778; x_wconf 90' lang='lat' dir='ltr'><strong>contra</strong></span> <span class='ocrx_word' id='word_1_57' title='bbox 1195 725 1297 780; x_wconf 91' lang='lat' dir='ltr'><strong>hoc</strong></span> <span class='ocrx_word' id='word_1_58' title='bbox 1349 725 1594 782; x_wconf 89' lang='lat' dir='ltr'><strong>dicturus</strong></span> <span class='ocrx_word' id='word_1_59' title='bbox 1637 738 1723 782; x_wconf 88' lang='lat' dir='ltr'><strong>est</strong></span> <span class='ocrx_word' id='word_1_60' title='bbox 1753 745 1767 782; x_wconf 89' lang='lat'><strong>:</strong></span> <span class='ocrx_word' id='word_1_61' title='bbox 1803 728 1859 782; x_wconf 91' lang='lat' dir='ltr'><strong>Si</strong></span> <span class='ocrx_word' id='word_1_62' title='bbox 1912 776 1913 780; x_wconf 45' lang='grc' dir='ltr'><strong>η</strong></span> 
     </span>
    </p>
   </div>
   <div class='ocr_carea' id='block_1_10' title="bbox 2174 724 3630 804">
    <p class='ocr_par' dir='ltr' id='par_1_10' title="bbox 2174 731 3630 804">
     <span class='ocr_line' id='line_1_10' title="bbox 2174 731 3630 804; baseline -0.001 -20"><span class='ocrx_word' id='word_1_63' title='bbox 2174 732 2424 803; x_wconf 73' lang='grc' dir='ltr'>ιμένουσι</span> <span class='ocrx_word' id='word_1_64' title='bbox 2459 733 2536 804; x_wconf 84' lang='grc' dir='ltr'>τῷ</span> <span class='ocrx_word' id='word_1_65' title='bbox 2569 731 2642 804; x_wconf 81' lang='grc' dir='ltr'>μὴ</span> <span class='ocrx_word' id='word_1_66' title='bbox 2674 732 2951 786; x_wconf 83' lang='grc' dir='ltr'><strong>πιστεύειν</strong></span> <span class='ocrx_word' id='word_1_67' title='bbox 2988 731 3160 787; x_wconf 87' lang='grc' dir='ltr'>ταῦτα</span> <span class='ocrx_word' id='word_1_68' title='bbox 3190 731 3343 799; x_wconf 77' lang='grc' dir='ltr'>ἔλεγε</span> <span class='ocrx_word' id='word_1_69' title='bbox 3363 771 3378 795; x_wconf 92' lang='grc'><strong>,</strong></span> <span class='ocrx_word' id='word_1_70' title='bbox 3409 732 3513 794; x_wconf 83' lang='grc' dir='ltr'><strong>πῶς</strong></span> <span class='ocrx_word' id='word_1_71' title='bbox 3554 736 3630 796; x_wconf 74' lang='grc' dir='ltr'>τοίς</span> 
     </span>
    </p>
   </div>
   <div class='ocr_carea' id='block_1_11' title="bbox 459 815 1915 893">
    <p class='ocr_par' dir='ltr' id='par_1_11' title="bbox 459 815 1915 890">
     <span class='ocr_line' id='line_1_11' title="bbox 459 815 1915 890; baseline 0.004 -22"><span class='ocrx_word' id='word_1_72' title='bbox 459 815 674 868; x_wconf 81' lang='lat' dir='ltr'><strong>dicebat</strong></span> <span class='ocrx_word' id='word_1_73' title='bbox 713 831 818 870; x_wconf 92' lang='lat' dir='ltr'><strong>non</strong></span> <span class='ocrx_word' id='word_1_74' title='bbox 849 817 1290 885; x_wconf 85' lang='lat' dir='ltr'><strong>permanentibus</strong></span> <span class='ocrx_word' id='word_1_75' title='bbox 1319 818 1372 872; x_wconf 93' lang='lat' dir='ltr'><strong>in</strong></span> <span class='ocrx_word' id='word_1_76' title='bbox 1408 818 1535 886; x_wconf 82' lang='lat' dir='ltr'><strong>ﬁde,</strong></span> <span class='ocrx_word' id='word_1_77' title='bbox 1583 823 1858 890; x_wconf 87' lang='lat' dir='ltr'><strong>quomodo</strong></span> <span class='ocrx_word' id='word_1_78' title='bbox 1906 829 1915 874; x_wconf 85' lang='grc' dir='ltr'><strong>ι</strong></span> 
     </span>
    </p>
   </div>
   <div class='ocr_carea' id='block_1_12' title="bbox 2173 815 3629 893">
    <p class='ocr_par' dir='ltr' id='par_1_12' title="bbox 2173 817 3629 893">
     <span class='ocr_line' id='line_1_12' title="bbox 2173 817 3629 893; baseline 0.001 -21"><span class='ocrx_word' id='word_1_79' title='bbox 2173 820 2388 884; x_wconf 79' lang='grc' dir='ltr'>&gt;ιοὺτοις</span> <span class='ocrx_word' id='word_1_80' title='bbox 2424 822 2558 892; x_wconf 62' lang='grc' dir='ltr'><strong>φησί⁵</strong></span> <span class='ocrx_word' id='word_1_81' title='bbox 2596 821 2686 874; x_wconf 85' lang='grc' dir='ltr'><strong>τό·</strong></span> <span class='ocrx_word' id='word_1_82' title='bbox 2724 840 2742 874; x_wconf 74' lang='grc' dir='ltr'><strong>ι</strong></span> <span class='ocrx_word' id='word_1_83' title='bbox 2773 822 3048 892; x_wconf 80' lang='grc' dir='ltr'><strong>Ζητήσετέ</strong></span> <span class='ocrx_word' id='word_1_84' title='bbox 3079 838 3182 892; x_wconf 88' lang='grc' dir='ltr'>με;</span> <span class='ocrx_word' id='word_1_85' title='bbox 3211 840 3229 873; x_wconf 73' lang='grc' dir='ltr'><strong>ι</strong></span> <span class='ocrx_word' id='word_1_86' title='bbox 3264 817 3520 890; x_wconf 74' lang='grc' dir='ltr'>Πολλαχοῦ</span> <span class='ocrx_word' id='word_1_87' title='bbox 3556 823 3629 893; x_wconf 76' lang='grc' dir='ltr'>γὰρ</span> 
     </span>
    </p>
   </div>
   <div class='ocr_carea' id='block_1_13' title="bbox 458 905 1914 985">
    <p class='ocr_par' dir='ltr' id='par_1_13' title="bbox 458 905 1914 977">
     <span class='ocr_line' id='line_1_13' title="bbox 458 905 1914 977; baseline 0.005 -19"><span class='ocrx_word' id='word_1_88' title='bbox 458 905 567 959; x_wconf 91' lang='lat' dir='ltr'><strong>bus</strong></span> <span class='ocrx_word' id='word_1_89' title='bbox 598 905 730 960; x_wconf 89' lang='lat' dir='ltr'><strong>dicit</strong></span> <span class='ocrx_word' id='word_1_90' title='bbox 765 923 778 960; x_wconf 73' lang='grc' dir='ltr'>ε</span> <span class='ocrx_word' id='word_1_91' title='bbox 809 925 827 958; x_wconf 75' lang='grc' dir='ltr'><strong>ι</strong></span> <span class='ocrx_word' id='word_1_92' title='bbox 865 907 1131 973; x_wconf 66' lang='grc' dir='ltr'>Ουωτειὶε</span> <span class='ocrx_word' id='word_1_93' title='bbox 1165 909 1295 965; x_wconf 86' lang='lat' dir='ltr'><strong>me?</strong></span> <span class='ocrx_word' id='word_1_94' title='bbox 1341 928 1360 962; x_wconf 76' lang='grc' dir='ltr'><strong>ι</strong></span> <span class='ocrx_word' id='word_1_95' title='bbox 1402 909 1535 964; x_wconf 81' lang='lat' dir='ltr'><strong>Nam</strong></span> <span class='ocrx_word' id='word_1_96' title='bbox 1566 927 1812 977; x_wconf 68' lang='lat' dir='ltr'><strong>quaerere</strong></span> <span class='ocrx_word' id='word_1_97' title='bbox 1841 911 1914 967; x_wconf 69' lang='grc' dir='ltr'><strong>εἶρε</strong></span> 
     </span>
    </p>
   </div>
   <div class='ocr_carea' id='block_1_14' title="bbox 2174 905 3630 985">
    <p class='ocr_par' dir='ltr' id='par_1_14' title="bbox 2174 911 3630 985">
     <span class='ocr_line' id='line_1_14' title="bbox 2174 911 3630 985; baseline -0.001 -19"><span class='ocrx_word' id='word_1_98' title='bbox 2174 911 2330 981; x_wconf 83' lang='grc' dir='ltr'>γαθὺν</span> <span class='ocrx_word' id='word_1_99' title='bbox 2363 913 2424 966; x_wconf 86' lang='grc' dir='ltr'>τὺ</span> <span class='ocrx_word' id='word_1_100' title='bbox 2454 912 2637 983; x_wconf 81' lang='grc' dir='ltr'>ζητεῖν</span> <span class='ocrx_word' id='word_1_101' title='bbox 2667 913 2759 967; x_wconf 85' lang='grc' dir='ltr'><strong>τὸν</strong></span> <span class='ocrx_word' id='word_1_102' title='bbox 2806 913 3036 985; x_wconf 79' lang='grc' dir='ltr'><strong>Ἰησοῦν,</strong></span> <span class='ocrx_word' id='word_1_103' title='bbox 3070 913 3264 966; x_wconf 89' lang='grc' dir='ltr'>ταυτόν</span> <span class='ocrx_word' id='word_1_104' title='bbox 3292 929 3406 975; x_wconf 86' lang='grc' dir='ltr'><strong>πως</strong></span> <span class='ocrx_word' id='word_1_105' title='bbox 3429 915 3630 982; x_wconf 70' lang='grc' dir='ltr'>τυγχάνον</span> 
     </span>
    </p>
   </div>
   <div class='ocr_carea' id='block_1_15' title="bbox 457 1001 1913 1078">
    <p class='ocr_par' dir='ltr' id='par_1_15' title="bbox 457 1001 1913 1074">
     <span class='ocr_line' id='line_1_15' title="bbox 457 1001 1913 1074; baseline 0.005 -22"><span class='ocrx_word' id='word_1_106' title='bbox 457 1013 829 1066; x_wconf 66' lang='lat' dir='ltr'><strong>saepenumero</strong></span> <span class='ocrx_word' id='word_1_107' title='bbox 877 1010 963 1056; x_wconf 87' lang='lat' dir='ltr'><strong>est</strong></span> <span class='ocrx_word' id='word_1_108' title='bbox 990 1001 1210 1068; x_wconf 92' lang='lat' dir='ltr'><strong>bonum,</strong></span> <span class='ocrx_word' id='word_1_109' title='bbox 1242 1003 1387 1072; x_wconf 90' lang='lat' dir='ltr'><strong>quod</strong></span> <span class='ocrx_word' id='word_1_110' title='bbox 1419 1004 1561 1059; x_wconf 90' lang='lat' dir='ltr'><strong>idem</strong></span> <span class='ocrx_word' id='word_1_111' title='bbox 1597 1004 1712 1060; x_wconf 82' lang='lat' dir='ltr'><strong>fere</strong></span> <span class='ocrx_word' id='word_1_112' title='bbox 1745 1006 1838 1069; x_wconf 85' lang='lat' dir='ltr'><strong>sit,</strong></span> <span class='ocrx_word' id='word_1_113' title='bbox 1882 1021 1913 1074; x_wconf 94' lang='lat' dir='ltr'><strong>q</strong></span> 
     </span>
    </p>
   </div>
   <div class='ocr_carea' id='block_1_16' title="bbox 2175 1001 3631 1078">
    <p class='ocr_par' dir='ltr' id='par_1_16' title="bbox 2175 1003 3631 1078">
     <span class='ocr_line' id='line_1_16' title="bbox 2175 1003 3631 1078; baseline -0.003 -19"><span class='ocrx_word' id='word_1_114' title='bbox 2175 1003 2415 1078; x_wconf 64' lang='grc' dir='ltr'>ὒζητεῖν</span> <span class='ocrx_word' id='word_1_115' title='bbox 2459 1006 2650 1074; x_wconf 85' lang='grc' dir='ltr'><strong>Λόγον,</strong></span> <span class='ocrx_word' id='word_1_116' title='bbox 2693 1007 2788 1060; x_wconf 78' lang='grc' dir='ltr'><strong>καὶ</strong></span> <span class='ocrx_word' id='word_1_117' title='bbox 2828 1005 3084 1076; x_wconf 77' lang='grc' dir='ltr'>ἀλήθειαν</span> <span class='ocrx_word' id='word_1_118' title='bbox 3107 1047 3122 1071; x_wconf 85' lang='grc'><strong>,</strong></span> <span class='ocrx_word' id='word_1_119' title='bbox 3167 1006 3260 1059; x_wconf 71' lang='grc' dir='ltr'><strong>καὶ</strong></span> <span class='ocrx_word' id='word_1_120' title='bbox 3303 1005 3501 1074; x_wconf 79' lang='grc' dir='ltr'><strong>σοφίαν.</strong></span> <span class='ocrx_word' id='word_1_121' title='bbox 3536 1007 3631 1058; x_wconf 59' lang='lat' dir='ltr'><strong>&#39;A‘d.‘</strong></span> 
     </span>
    </p>
   </div>
   <div class='ocr_carea' id='block_1_17' title="bbox 457 1091 1913 1168">
    <p class='ocr_par' dir='ltr' id='par_1_17' title="bbox 457 1091 1908 1166">
     <span class='ocr_line' id='line_1_17' title="bbox 457 1091 1908 1166; baseline 0.006 -25"><span class='ocrx_word' id='word_1_122' title='bbox 457 1103 704 1156; x_wconf 70' lang='lat' dir='ltr'><strong>quaerere</strong></span> <span class='ocrx_word' id='word_1_123' title='bbox 751 1091 1071 1146; x_wconf 87' lang='lat' dir='ltr'><strong>Sermonem</strong></span> <span class='ocrx_word' id='word_1_124' title='bbox 1097 1133 1112 1157; x_wconf 88' lang='lat'><strong>,</strong></span> <span class='ocrx_word' id='word_1_125' title='bbox 1145 1103 1199 1148; x_wconf 90' lang='lat' dir='ltr'><strong>et</strong></span> <span class='ocrx_word' id='word_1_126' title='bbox 1229 1095 1539 1161; x_wconf 78' lang='lat' dir='ltr'><strong>veritatem,</strong></span> <span class='ocrx_word' id='word_1_127' title='bbox 1573 1106 1630 1150; x_wconf 91' lang='lat' dir='ltr'><strong>et</strong></span> <span class='ocrx_word' id='word_1_128' title='bbox 1677 1097 1908 1166; x_wconf 88' lang='lat' dir='ltr'><strong>sapienti</strong></span> 
     </span>
    </p>
   </div>
   <div class='ocr_carea' id='block_1_18' title="bbox 2175 1091 3631 1168">
    <p class='ocr_par' dir='ltr' id='par_1_18' title="bbox 2175 1096 3631 1167">
     <span class='ocr_line' id='line_1_18' title="bbox 2175 1096 3631 1167; baseline 0 -17"><span class='ocrx_word' id='word_1_129' title='bbox 2175 1101 2293 1164; x_wconf 66' lang='lat' dir='ltr'><strong>asig,</strong></span> <span class='ocrx_word' id='word_1_130' title='bbox 2327 1099 2411 1150; x_wconf 84' lang='grc' dir='ltr'>ὅτι</span> <span class='ocrx_word' id='word_1_131' title='bbox 2443 1097 2691 1167; x_wconf 71' lang='grc' dir='ltr'>καὶπερὶ</span> <span class='ocrx_word' id='word_1_132' title='bbox 2721 1097 3173 1151; x_wconf 76' lang='grc' dir='ltr'>ἐπιϐουλευόντων</span> <span class='ocrx_word' id='word_1_133' title='bbox 3203 1096 3335 1150; x_wconf 82' lang='grc' dir='ltr'>ποτὲ</span> <span class='ocrx_word' id='word_1_134' title='bbox 3371 1096 3557 1164; x_wconf 83' lang='grc' dir='ltr'>λέγεται</span> <span class='ocrx_word' id='word_1_135' title='bbox 3593 1100 3631 1150; x_wconf 71' lang='grc' dir='ltr'><strong>τί</strong></span> 
     </span>
    </p>
   </div>
   <div class='ocr_carea' id='block_1_19' title="bbox 461 1184 1917 1262">
    <p class='ocr_par' dir='ltr' id='par_1_19' title="bbox 461 1184 1872 1262">
     <span class='ocr_line' id='line_1_19' title="bbox 461 1184 1872 1262; baseline 0.005 -24"><span class='ocrx_word' id='word_1_136' title='bbox 461 1184 568 1240; x_wconf 90' lang='lat' dir='ltr'><strong>Sed</strong></span> <span class='ocrx_word' id='word_1_137' title='bbox 618 1187 972 1256; x_wconf 85' lang='lat' dir='ltr'><strong>respondebis</strong></span> <span class='ocrx_word' id='word_1_138' title='bbox 1023 1190 1124 1244; x_wconf 86' lang='lat' dir='ltr'><strong>hoc</strong></span> <span class='ocrx_word' id='word_1_139' title='bbox 1169 1191 1417 1256; x_wconf 81' lang='lat' dir='ltr'><strong>verbum,</strong></span> <span class='ocrx_word' id='word_1_140' title='bbox 1467 1206 1736 1262; x_wconf 83' lang='lat' dir='ltr'><strong>quaerere,</strong></span> <span class='ocrx_word' id='word_1_141' title='bbox 1765 1191 1872 1246; x_wconf 92' lang='lat' dir='ltr'><strong>dici</strong></span> 
     </span>
    </p>
   </div>
   <div class='ocr_carea' id='block_1_20' title="bbox 2176 1184 3632 1262">
    <p class='ocr_par' dir='ltr' id='par_1_20' title="bbox 2176 1187 3632 1259">
     <span class='ocr_line' id='line_1_20' title="bbox 2176 1187 3632 1259; baseline 0.001 -19"><span class='ocrx_word' id='word_1_142' title='bbox 2176 1191 2314 1258; x_wconf 86' lang='grc' dir='ltr'>ητεῖν</span> <span class='ocrx_word' id='word_1_143' title='bbox 2332 1229 2346 1254; x_wconf 90' lang='grc'><strong>,</strong></span> <span class='ocrx_word' id='word_1_144' title='bbox 2368 1187 2556 1259; x_wconf 85' lang='grc' dir='ltr'>ὥσπερ</span> <span class='ocrx_word' id='word_1_145' title='bbox 2581 1189 2638 1241; x_wconf 82' lang='grc' dir='ltr'>ὲν</span> <span class='ocrx_word' id='word_1_146' title='bbox 2669 1187 2746 1258; x_wconf 85' lang='grc' dir='ltr'>τῷ</span> <span class='ocrx_word' id='word_1_147' title='bbox 2763 1205 2779 1221; x_wconf 95' lang='grc'><strong>·</strong></span> <span class='ocrx_word' id='word_1_148' title='bbox 2815 1208 2835 1239; x_wconf 72' lang='grc' dir='ltr'><strong>ι</strong></span> <span class='ocrx_word' id='word_1_149' title='bbox 2879 1188 3135 1258; x_wconf 79' lang='grc' dir='ltr'><strong>Ἐζήτουν</strong></span> <span class='ocrx_word' id='word_1_150' title='bbox 3160 1188 3323 1242; x_wconf 80' lang='grc' dir='ltr'>αὑτὸν</span> <span class='ocrx_word' id='word_1_151' title='bbox 3358 1187 3546 1251; x_wconf 79' lang='grc' dir='ltr'><strong>πιάσαι,</strong></span> <span class='ocrx_word' id='word_1_152' title='bbox 3571 1193 3632 1241; x_wconf 72' lang='grc' dir='ltr'><strong>καὶ</strong></span> 
     </span>
    </p>
   </div>
   <div class='ocr_carea' id='block_1_21' title="bbox 459 1271 1915 1352">
    <p class='ocr_par' dir='ltr' id='par_1_21' title="bbox 459 1277 1915 1352">
     <span class='ocr_line' id='line_1_21' title="bbox 459 1277 1915 1352; baseline 0.007 -24"><span class='ocrx_word' id='word_1_153' title='bbox 459 1277 680 1345; x_wconf 87' lang='lat' dir='ltr'><strong>quando</strong></span> <span class='ocrx_word' id='word_1_154' title='bbox 707 1277 774 1332; x_wconf 91' lang='lat' dir='ltr'><strong>de</strong></span> <span class='ocrx_word' id='word_1_155' title='bbox 805 1280 889 1333; x_wconf 89' lang='lat' dir='ltr'><strong>his</strong></span> <span class='ocrx_word' id='word_1_156' title='bbox 913 1279 1006 1348; x_wconf 92' lang='lat' dir='ltr'><strong>qui</strong></span> <span class='ocrx_word' id='word_1_157' title='bbox 1039 1279 1264 1335; x_wconf 82' lang='lat' dir='ltr'><strong>insidias</strong></span> <span class='ocrx_word' id='word_1_158' title='bbox 1285 1290 1534 1348; x_wconf 90' lang='lat' dir='ltr'><strong>struunt,</strong></span> <span class='ocrx_word' id='word_1_159' title='bbox 1568 1283 1915 1352; x_wconf 77' lang='lat' dir='ltr'><strong>quemadmoc</strong></span> 
     </span>
    </p>
   </div>
   <div class='ocr_carea' id='block_1_22' title="bbox 2176 1271 3632 1352">
    <p class='ocr_par' dir='ltr' id='par_1_22' title="bbox 2176 1271 3632 1349">
     <span class='ocr_line' id='line_1_22' title="bbox 2176 1271 3632 1349; baseline -0.001 -20"><span class='ocrx_word' id='word_1_160' title='bbox 2176 1278 2299 1340; x_wconf 63' lang='lat' dir='ltr'><strong>i551;</strong></span> <span class='ocrx_word' id='word_1_161' title='bbox 2330 1277 2626 1332; x_wconf 78' lang='grc' dir='ltr'>ἐπέϐαλλεν</span> <span class='ocrx_word' id='word_1_162' title='bbox 2658 1277 2747 1331; x_wconf 78' lang='grc' dir='ltr'><strong>ἐπ’</strong></span> <span class='ocrx_word' id='word_1_163' title='bbox 2774 1277 2934 1332; x_wconf 84' lang='grc' dir='ltr'>αὐτὸν</span> <span class='ocrx_word' id='word_1_164' title='bbox 2959 1279 3058 1349; x_wconf 84' lang='grc' dir='ltr'><strong>τὴν</strong></span> <span class='ocrx_word' id='word_1_165' title='bbox 3087 1281 3264 1349; x_wconf 84' lang='grc' dir='ltr'>χεῖρα,</span> <span class='ocrx_word' id='word_1_166' title='bbox 3289 1279 3372 1332; x_wconf 80' lang='grc' dir='ltr'>ὅτι</span> <span class='ocrx_word' id='word_1_167' title='bbox 3401 1271 3533 1331; x_wconf 74' lang='grc' dir='ltr'>οὔπω</span> <span class='ocrx_word' id='word_1_168' title='bbox 3551 1277 3632 1348; x_wconf 70' lang='grc' dir='ltr'>ἐλη-</span> 
     </span>
    </p>
   </div>
   <div class='ocr_carea' id='block_1_23' title="bbox 461 1366 1917 1443">
    <p class='ocr_par' dir='ltr' id='par_1_23' title="bbox 461 1368 1902 1442">
     <span class='ocr_line' id='line_1_23' title="bbox 461 1368 1902 1442; baseline 0.005 -21"><span class='ocrx_word' id='word_1_169' title='bbox 461 1370 515 1422; x_wconf 93' lang='lat' dir='ltr'><strong>in</strong></span> <span class='ocrx_word' id='word_1_170' title='bbox 547 1368 638 1423; x_wconf 87' lang='lat' dir='ltr'><strong>illo</strong></span> <span class='ocrx_word' id='word_1_171' title='bbox 663 1369 850 1426; x_wconf 86' lang='lat' dir='ltr'><strong>dicto:</strong></span> <span class='ocrx_word' id='word_1_172' title='bbox 885 1389 904 1422; x_wconf 70' lang='grc' dir='ltr'><strong>ι</strong></span> <span class='ocrx_word' id='word_1_173' title='bbox 941 1370 1270 1437; x_wconf 84' lang='lat' dir='ltr'><strong>Quaerebam</strong></span> <span class='ocrx_word' id='word_1_174' title='bbox 1296 1388 1420 1428; x_wconf 91' lang='lat' dir='ltr'><strong>eum</strong></span> <span class='ocrx_word' id='word_1_175' title='bbox 1453 1373 1816 1442; x_wconf 81' lang='lat' dir='ltr'><strong>prehendere,</strong></span> <span class='ocrx_word' id='word_1_176' title='bbox 1847 1381 1902 1428; x_wconf 92' lang='lat' dir='ltr'><strong>et</strong></span> 
     </span>
    </p>
   </div>
   <div class='ocr_carea' id='block_1_24' title="bbox 2179 1366 3635 1443">
    <p class='ocr_par' dir='ltr' id='par_1_24' title="bbox 2179 1366 3635 1443">
     <span class='ocr_line' id='line_1_24' title="bbox 2179 1366 3635 1443; baseline -0.001 -20"><span class='ocrx_word' id='word_1_177' title='bbox 2179 1371 2272 1425; x_wconf 68' lang='grc' dir='ltr'>ὃθει</span> <span class='ocrx_word' id='word_1_178' title='bbox 2299 1373 2332 1443; x_wconf 83' lang='grc' dir='ltr'>ἡ</span> <span class='ocrx_word' id='word_1_179' title='bbox 2361 1371 2478 1443; x_wconf 84' lang='grc' dir='ltr'>ὥρα</span> <span class='ocrx_word' id='word_1_180' title='bbox 2509 1370 2672 1425; x_wconf 86' lang='grc' dir='ltr'>αὑτοῦ</span> <span class='ocrx_word' id='word_1_181' title='bbox 2693 1386 2709 1402; x_wconf 89' lang='grc'><strong>·</strong></span> <span class='ocrx_word' id='word_1_182' title='bbox 2736 1389 2760 1423; x_wconf 71' lang='grc' dir='ltr'><strong>ι</strong></span> <span class='ocrx_word' id='word_1_183' title='bbox 2798 1371 2890 1424; x_wconf 79' lang='grc' dir='ltr'>καὶ</span> <span class='ocrx_word' id='word_1_184' title='bbox 2921 1373 2978 1424; x_wconf 84' lang='grc' dir='ltr'>ἐν</span> <span class='ocrx_word' id='word_1_185' title='bbox 3000 1370 3098 1441; x_wconf 84' lang='grc' dir='ltr'>τῷ·</span> <span class='ocrx_word' id='word_1_186' title='bbox 3135 1389 3155 1421; x_wconf 75' lang='grc' dir='ltr'><strong>ι</strong></span> <span class='ocrx_word' id='word_1_187' title='bbox 3177 1366 3331 1435; x_wconf 78' lang='grc' dir='ltr'>Οἶδα,</span> <span class='ocrx_word' id='word_1_188' title='bbox 3365 1371 3444 1424; x_wconf 80' lang='grc' dir='ltr'>ὅτι</span> <span class='ocrx_word' id='word_1_189' title='bbox 3469 1369 3635 1440; x_wconf 73' lang='grc' dir='ltr'>σπέρμα</span> 
     </span>
    </p>
   </div>
   <div class='ocr_carea' id='block_1_25' title="bbox 463 1459 1919 1534">
    <p class='ocr_par' dir='ltr' id='par_1_25' title="bbox 463 1460 1919 1534">
     <span class='ocr_line' id='line_1_25' title="bbox 463 1460 1919 1534; baseline 0.003 -21"><span class='ocrx_word' id='word_1_190' title='bbox 463 1475 552 1514; x_wconf 91' lang='lat' dir='ltr'><strong>mo</strong></span> <span class='ocrx_word' id='word_1_191' title='bbox 585 1460 639 1514; x_wconf 89' lang='lat' dir='ltr'><strong>in</strong></span> <span class='ocrx_word' id='word_1_192' title='bbox 672 1476 796 1516; x_wconf 91' lang='lat' dir='ltr'><strong>eum</strong></span> <span class='ocrx_word' id='word_1_193' title='bbox 838 1461 1023 1532; x_wconf 85' lang='lat' dir='ltr'><strong>injecit</strong></span> <span class='ocrx_word' id='word_1_194' title='bbox 1067 1478 1259 1519; x_wconf 86' lang='lat' dir='ltr'><strong>manus</strong></span> <span class='ocrx_word' id='word_1_195' title='bbox 1285 1505 1303 1534; x_wconf 87' lang='lat'><strong>,</strong></span> <span class='ocrx_word' id='word_1_196' title='bbox 1337 1465 1480 1534; x_wconf 91' lang='lat' dir='ltr'><strong>quod</strong></span> <span class='ocrx_word' id='word_1_197' title='bbox 1510 1466 1748 1518; x_wconf 88' lang='lat' dir='ltr'><strong>nondum</strong></span> <span class='ocrx_word' id='word_1_198' title='bbox 1789 1465 1919 1519; x_wconf 80' lang='lat' dir='ltr'><strong>veni:</strong></span> 
     </span>
    </p>
   </div>
   <div class='ocr_carea' id='block_1_26' title="bbox 2177 1459 3633 1534">
    <p class='ocr_par' dir='ltr' id='par_1_26' title="bbox 2177 1459 3633 1532">
     <span class='ocr_line' id='line_1_26' title="bbox 2177 1459 3633 1532; baseline -0.001 -19"><span class='ocrx_word' id='word_1_199' title='bbox 2177 1461 2387 1532; x_wconf 71' lang='lat' dir='ltr'><strong>lépadp.</strong></span> <span class='ocrx_word' id='word_1_200' title='bbox 2439 1463 2582 1526; x_wconf 82' lang='grc' dir='ltr'>ἐστε,</span> <span class='ocrx_word' id='word_1_201' title='bbox 2646 1459 2782 1514; x_wconf 83' lang='grc' dir='ltr'>ἀλλὰ</span> <span class='ocrx_word' id='word_1_202' title='bbox 2821 1460 3029 1532; x_wconf 79' lang='grc' dir='ltr'>ζητεῖτέ</span> <span class='ocrx_word' id='word_1_203' title='bbox 3061 1477 3128 1530; x_wconf 89' lang='grc' dir='ltr'><strong>με</strong></span> <span class='ocrx_word' id='word_1_204' title='bbox 3158 1461 3496 1524; x_wconf 87' lang='grc' dir='ltr'>ἀποκτεῖναι,</span> <span class='ocrx_word' id='word_1_205' title='bbox 3524 1461 3586 1513; x_wconf 72' lang='grc' dir='ltr'>ὅτι</span> <span class='ocrx_word' id='word_1_206' title='bbox 3616 1463 3633 1511; x_wconf 71' lang='grc' dir='ltr'><strong>ὁ</strong></span> 
     </span>
    </p>
   </div>
   <div class='ocr_carea' id='block_1_27' title="bbox 468 1548 1924 1621">
    <p class='ocr_par' dir='ltr' id='par_1_27' title="bbox 468 1551 1910 1619">
     <span class='ocr_line' id='line_1_27' title="bbox 468 1551 1910 1619; baseline 0.005 -16"><span class='ocrx_word' id='word_1_207' title='bbox 468 1551 598 1604; x_wconf 88' lang='lat' dir='ltr'><strong>hora</strong></span> <span class='ocrx_word' id='word_1_208' title='bbox 630 1551 748 1618; x_wconf 88' lang='lat' dir='ltr'><strong>ejus</strong></span> <span class='ocrx_word' id='word_1_209' title='bbox 778 1551 833 1619; x_wconf 72' lang='grc'><strong>⁸;</strong></span> <span class='ocrx_word' id='word_1_210' title='bbox 877 1572 896 1606; x_wconf 67' lang='grc' dir='ltr'><strong>ι</strong></span> <span class='ocrx_word' id='word_1_211' title='bbox 936 1563 992 1608; x_wconf 91' lang='lat' dir='ltr'><strong>et</strong></span> <span class='ocrx_word' id='word_1_212' title='bbox 1029 1555 1079 1608; x_wconf 91' lang='lat' dir='ltr'><strong>in</strong></span> <span class='ocrx_word' id='word_1_213' title='bbox 1114 1557 1214 1611; x_wconf 91' lang='lat' dir='ltr'><strong>hoc</strong></span> <span class='ocrx_word' id='word_1_214' title='bbox 1246 1573 1260 1611; x_wconf 91' lang='lat'>:</span> <span class='ocrx_word' id='word_1_215' title='bbox 1290 1576 1308 1608; x_wconf 72' lang='grc' dir='ltr'><strong>ι</strong></span> <span class='ocrx_word' id='word_1_216' title='bbox 1347 1557 1481 1611; x_wconf 86' lang='lat' dir='ltr'><strong>Novi</strong></span> <span class='ocrx_word' id='word_1_217' title='bbox 1507 1571 1605 1611; x_wconf 90' lang='lat' dir='ltr'><strong>vos</strong></span> <span class='ocrx_word' id='word_1_218' title='bbox 1636 1557 1910 1611; x_wconf 88' lang='lat' dir='ltr'><strong>Abraham</strong></span> 
     </span>
    </p>
   </div>
   <div class='ocr_carea' id='block_1_28' title="bbox 2176 1548 3632 1621">
    <p class='ocr_par' dir='ltr' id='par_1_28' title="bbox 2176 1548 3632 1621">
     <span class='ocr_line' id='line_1_28' title="bbox 2176 1548 3632 1621; baseline -0.001 -20"><span class='ocrx_word' id='word_1_219' title='bbox 2176 1551 2281 1619; x_wconf 77' lang='grc' dir='ltr'>ἱγος</span> <span class='ocrx_word' id='word_1_220' title='bbox 2307 1552 2336 1604; x_wconf 88' lang='grc' dir='ltr'>ὁ</span> <span class='ocrx_word' id='word_1_221' title='bbox 2363 1549 2492 1621; x_wconf 79' lang='grc' dir='ltr'>ἐμὸς</span> <span class='ocrx_word' id='word_1_222' title='bbox 2533 1548 2593 1604; x_wconf 87' lang='grc' dir='ltr'><strong>οὑ</strong></span> <span class='ocrx_word' id='word_1_223' title='bbox 2623 1553 2790 1621; x_wconf 88' lang='grc' dir='ltr'>χωρεῖ</span> <span class='ocrx_word' id='word_1_224' title='bbox 2814 1551 2871 1604; x_wconf 81' lang='grc' dir='ltr'>ὲν</span> <span class='ocrx_word' id='word_1_225' title='bbox 2905 1551 3032 1620; x_wconf 90' lang='grc' dir='ltr'>ὑμῖν</span> <span class='ocrx_word' id='word_1_226' title='bbox 3052 1566 3064 1579; x_wconf 93' lang='grc'><strong>·</strong></span> <span class='ocrx_word' id='word_1_227' title='bbox 3091 1569 3110 1602; x_wconf 76' lang='grc' dir='ltr'><strong>ι</strong></span> <span class='ocrx_word' id='word_1_228' title='bbox 3148 1551 3242 1604; x_wconf 74' lang='grc' dir='ltr'>καὶ</span> <span class='ocrx_word' id='word_1_229' title='bbox 3287 1552 3346 1604; x_wconf 84' lang='grc' dir='ltr'>ὲν</span> <span class='ocrx_word' id='word_1_230' title='bbox 3379 1550 3481 1621; x_wconf 80' lang='grc' dir='ltr'><strong>τῷ·</strong></span> <span class='ocrx_word' id='word_1_231' title='bbox 3514 1569 3530 1601; x_wconf 75' lang='grc' dir='ltr'><strong>ι</strong></span> <span class='ocrx_word' id='word_1_232' title='bbox 3557 1551 3632 1603; x_wconf 69' lang='grc' dir='ltr'>Νῦν</span> 
     </span>
    </p>
   </div>
   <div class='ocr_carea' id='block_1_29' title="bbox 461 1641 1917 1719">
    <p class='ocr_par' dir='ltr' id='par_1_29' title="bbox 461 1647 1917 1719">
     <span class='ocr_line' id='line_1_29' title="bbox 461 1647 1917 1719; baseline 0.005 -25"><span class='ocrx_word' id='word_1_233' title='bbox 461 1655 581 1696; x_wconf 88' lang='lat' dir='ltr'><strong>men</strong></span> <span class='ocrx_word' id='word_1_234' title='bbox 616 1658 755 1711; x_wconf 88' lang='lat' dir='ltr'><strong>esse,</strong></span> <span class='ocrx_word' id='word_1_235' title='bbox 789 1648 885 1701; x_wconf 91' lang='lat' dir='ltr'><strong>sed</strong></span> <span class='ocrx_word' id='word_1_236' title='bbox 920 1648 1166 1715; x_wconf 67' lang='lat' dir='ltr'><strong>quaeritis</strong></span> <span class='ocrx_word' id='word_1_237' title='bbox 1205 1663 1287 1703; x_wconf 90' lang='lat' dir='ltr'><strong>me</strong></span> <span class='ocrx_word' id='word_1_238' title='bbox 1311 1647 1636 1714; x_wconf 80' lang='lat' dir='ltr'><strong>interﬁcere,</strong></span> <span class='ocrx_word' id='word_1_239' title='bbox 1670 1649 1917 1719; x_wconf 82' lang='lat' dir='ltr'><strong>quod’set</strong></span> 
     </span>
    </p>
   </div>
   <div class='ocr_carea' id='block_1_30' title="bbox 2175 1641 3631 1719">
    <p class='ocr_par' dir='ltr' id='par_1_30' title="bbox 2175 1641 3631 1714">
     <span class='ocr_line' id='line_1_30' title="bbox 2175 1641 3631 1714; baseline 0.001 -21"><span class='ocrx_word' id='word_1_240' title='bbox 2175 1641 2410 1713; x_wconf 65' lang='lat' dir='ltr'><strong>:_chsi’cé</strong></span> <span class='ocrx_word' id='word_1_241' title='bbox 2443 1660 2511 1713; x_wconf 88' lang='grc' dir='ltr'><strong>με</strong></span> <span class='ocrx_word' id='word_1_242' title='bbox 2532 1643 2867 1708; x_wconf 85' lang='grc' dir='ltr'>ἀποκτεῖναι,</span> <span class='ocrx_word' id='word_1_243' title='bbox 2898 1642 3200 1712; x_wconf 78' lang='grc' dir='ltr'>ἄνθρωπον,</span> <span class='ocrx_word' id='word_1_244' title='bbox 3232 1643 3292 1706; x_wconf 86' lang='grc' dir='ltr'>ὃς</span> <span class='ocrx_word' id='word_1_245' title='bbox 3313 1642 3410 1714; x_wconf 83' lang='grc' dir='ltr'>τὴν</span> <span class='ocrx_word' id='word_1_246' title='bbox 3437 1643 3631 1714; x_wconf 74' lang='grc' dir='ltr'>ἀλήθειαν</span> 
     </span>
    </p>
   </div>
   <div class='ocr_carea' id='block_1_31' title="bbox 459 1733 1915 1811">
    <p class='ocr_par' dir='ltr' id='par_1_31' title="bbox 459 1739 1915 1808">
     <span class='ocr_line' id='line_1_31' title="bbox 459 1739 1915 1808; baseline 0.007 -22"><span class='ocrx_word' id='word_1_247' title='bbox 459 1747 609 1788; x_wconf 87' lang='lat' dir='ltr'><strong>meus</strong></span> <span class='ocrx_word' id='word_1_248' title='bbox 656 1751 762 1792; x_wconf 89' lang='lat' dir='ltr'><strong>non</strong></span> <span class='ocrx_word' id='word_1_249' title='bbox 813 1739 960 1807; x_wconf 88' lang='lat' dir='ltr'><strong>capit</strong></span> <span class='ocrx_word' id='word_1_250' title='bbox 1010 1739 1064 1794; x_wconf 91' lang='lat' dir='ltr'><strong>in</strong></span> <span class='ocrx_word' id='word_1_251' title='bbox 1123 1741 1364 1807; x_wconf 66' lang='lat' dir='ltr'><strong>vobis“;</strong></span> <span class='ocrx_word' id='word_1_252' title='bbox 1418 1759 1436 1793; x_wconf 74' lang='grc' dir='ltr'><strong>ι</strong></span> <span class='ocrx_word' id='word_1_253' title='bbox 1475 1748 1530 1795; x_wconf 91' lang='lat' dir='ltr'><strong>et</strong></span> <span class='ocrx_word' id='word_1_254' title='bbox 1583 1741 1636 1794; x_wconf 94' lang='lat' dir='ltr'><strong>in</strong></span> <span class='ocrx_word' id='word_1_255' title='bbox 1682 1740 1915 1808; x_wconf 79' lang='lat' dir='ltr'><strong>hoc:2:</strong></span> 
     </span>
    </p>
   </div>
   <div class='ocr_carea' id='block_1_32' title="bbox 2175 1733 3631 1811">
    <p class='ocr_par' dir='ltr' id='par_1_32' title="bbox 2175 1733 3631 1806">
     <span class='ocr_line' id='line_1_32' title="bbox 2175 1733 3631 1806; baseline 0 -21"><span class='ocrx_word' id='word_1_256' title='bbox 2175 1736 2253 1787; x_wconf 70' lang='grc' dir='ltr'><strong>ιῖν</strong></span> <span class='ocrx_word' id='word_1_257' title='bbox 2285 1733 2588 1804; x_wconf 83' lang='grc' dir='ltr'>λελάληκα,</span> <span class='ocrx_word' id='word_1_258' title='bbox 2636 1734 2703 1804; x_wconf 79' lang='grc' dir='ltr'>ἥν</span> <span class='ocrx_word' id='word_1_259' title='bbox 2743 1735 2950 1804; x_wconf 80' lang='grc' dir='ltr'>ἥκουσα</span> <span class='ocrx_word' id='word_1_260' title='bbox 2981 1734 3131 1806; x_wconf 86' lang='grc' dir='ltr'>παρὰ</span> <span class='ocrx_word' id='word_1_261' title='bbox 3170 1735 3263 1787; x_wconf 90' lang='grc' dir='ltr'><strong>τοῦ</strong></span> <span class='ocrx_word' id='word_1_262' title='bbox 3295 1735 3548 1805; x_wconf 73' lang='grc' dir='ltr'>Πατρός.»</span> <span class='ocrx_word' id='word_1_263' title='bbox 3575 1735 3631 1786; x_wconf 70' lang='grc' dir='ltr'><strong>Διδ</strong></span> 
     </span>
    </p>
   </div>
   <div class='ocr_carea' id='block_1_33' title="bbox 463 1791 1919 1898">
    <p class='ocr_par' dir='ltr' id='par_1_33' title="bbox 463 1823 1919 1898">
     <span class='ocr_line' id='line_1_33' title="bbox 463 1823 1919 1898; baseline 0.005 -24"><span class='ocrx_word' id='word_1_264' title='bbox 463 1841 480 1873; x_wconf 84' lang='grc'>‹</span> <span class='ocrx_word' id='word_1_265' title='bbox 516 1823 668 1878; x_wconf 85' lang='lat' dir='ltr'><strong>Nune</strong></span> <span class='ocrx_word' id='word_1_266' title='bbox 699 1834 878 1880; x_wconf 90' lang='lat' dir='ltr'><strong>autem</strong></span> <span class='ocrx_word' id='word_1_267' title='bbox 915 1829 1158 1898; x_wconf 65' lang='lat' dir='ltr'><strong>quaeritis</strong></span> <span class='ocrx_word' id='word_1_268' title='bbox 1213 1845 1298 1885; x_wconf 90' lang='lat' dir='ltr'><strong>me</strong></span> <span class='ocrx_word' id='word_1_269' title='bbox 1347 1830 1675 1896; x_wconf 84' lang='lat' dir='ltr'><strong>interﬁcere,</strong></span> <span class='ocrx_word' id='word_1_270' title='bbox 1722 1832 1919 1886; x_wconf 82' lang='lat' dir='ltr'><strong>homim</strong></span> 
     </span>
    </p>
   </div>
   <div class='ocr_carea' id='block_1_34' title="bbox 2174 1791 3630 1898">
    <p class='ocr_par' dir='ltr' id='par_1_34' title="bbox 2174 1791 3630 1898">
     <span class='ocr_line' id='line_1_34' title="bbox 2174 1791 3630 1898; baseline 0.001 -19"><span class='ocrx_word' id='word_1_271' title='bbox 2174 1827 2217 1880; x_wconf 78' lang='grc' dir='ltr'><strong>ιὶ</strong></span> <span class='ocrx_word' id='word_1_272' title='bbox 2254 1791 2608 1896; x_wconf 41' lang='grc' dir='ltr'>λέγεταιιτοῖς</span> <span class='ocrx_word' id='word_1_273' title='bbox 2751 1791 2930 1890; x_wconf 71' lang='grc' dir='ltr'>καλῶς</span> <span class='ocrx_word' id='word_1_274' title='bbox 2966 1791 3186 1898; x_wconf 64' lang='grc' dir='ltr'>ζητοῦσι</span> <span class='ocrx_word' id='word_1_275' title='bbox 3214 1825 3276 1878; x_wconf 84' lang='grc' dir='ltr'>τὸ</span> <span class='ocrx_word' id='word_1_276' title='bbox 3295 1865 3310 1890; x_wconf 92' lang='grc'><strong>,</strong></span> <span class='ocrx_word' id='word_1_277' title='bbox 3342 1844 3360 1877; x_wconf 77' lang='grc' dir='ltr'><strong>ι</strong></span> <span class='ocrx_word' id='word_1_278' title='bbox 3389 1791 3492 1879; x_wconf 46' lang='lat' dir='ltr'><strong>lia):</strong></span> <span class='ocrx_word' id='word_1_279' title='bbox 3518 1824 3630 1895; x_wconf 72' lang='grc' dir='ltr'>ζητή-</span> 
     </span>
    </p>
   </div>
   <div class='ocr_carea' id='block_1_35' title="bbox 456 1913 1912 1992">
    <p class='ocr_par' dir='ltr' id='par_1_35' title="bbox 456 1913 1912 1992">
     <span class='ocr_line' id='line_1_35' title="bbox 456 1913 1912 1992; baseline 0.008 -26"><span class='ocrx_word' id='word_1_280' title='bbox 456 1913 548 1980; x_wconf 85' lang='lat' dir='ltr'><strong>qui</strong></span> <span class='ocrx_word' id='word_1_281' title='bbox 593 1914 806 1970; x_wconf 91' lang='lat' dir='ltr'><strong>locutus</strong></span> <span class='ocrx_word' id='word_1_282' title='bbox 851 1933 972 1972; x_wconf 87' lang='lat' dir='ltr'><strong>sum</strong></span> <span class='ocrx_word' id='word_1_283' title='bbox 1021 1921 1312 1975; x_wconf 83' lang='lat' dir='ltr'><strong>veritatem</strong></span> <span class='ocrx_word' id='word_1_284' title='bbox 1357 1921 1530 1987; x_wconf 85' lang='lat' dir='ltr'><strong>vobis,</strong></span> <span class='ocrx_word' id='word_1_285' title='bbox 1567 1937 1730 1992; x_wconf 85' lang='lat' dir='ltr'><strong>quam</strong></span> <span class='ocrx_word' id='word_1_286' title='bbox 1765 1923 1912 1978; x_wconf 58' lang='lat' dir='ltr'><strong>audii</strong></span> 
     </span>
    </p>
   </div>
   <div class='ocr_carea' id='block_1_36' title="bbox 2176 1913 3632 1992">
    <p class='ocr_par' dir='ltr' id='par_1_36' title="bbox 2176 1917 3632 1989">
     <span class='ocr_line' id='line_1_36' title="bbox 2176 1917 3632 1989; baseline -0.001 -19"><span class='ocrx_word' id='word_1_287' title='bbox 2176 1919 2245 1972; x_wconf 75' lang='grc' dir='ltr'><strong>ιτέ</strong></span> <span class='ocrx_word' id='word_1_288' title='bbox 2303 1936 2370 1989; x_wconf 90' lang='grc' dir='ltr'><strong>με</strong></span> <span class='ocrx_word' id='word_1_289' title='bbox 2393 1959 2408 1984; x_wconf 93' lang='grc'><strong>,</strong></span> <span class='ocrx_word' id='word_1_290' title='bbox 2447 1938 2466 1971; x_wconf 74' lang='grc' dir='ltr'><strong>ι</strong></span> <span class='ocrx_word' id='word_1_291' title='bbox 2516 1919 2618 1972; x_wconf 84' lang='grc' dir='ltr'><strong>οὐκ</strong></span> <span class='ocrx_word' id='word_1_292' title='bbox 2660 1917 2901 1973; x_wconf 77' lang='grc' dir='ltr'>ἐναντίον</span> <span class='ocrx_word' id='word_1_293' title='bbox 2938 1917 3042 1988; x_wconf 82' lang='grc' dir='ltr'><strong>τῷ·</strong></span> <span class='ocrx_word' id='word_1_294' title='bbox 3098 1936 3117 1969; x_wconf 74' lang='grc' dir='ltr'><strong>ι</strong></span> <span class='ocrx_word' id='word_1_295' title='bbox 3151 1918 3267 1982; x_wconf 81' lang='grc' dir='ltr'><strong>Πᾶς</strong></span> <span class='ocrx_word' id='word_1_296' title='bbox 3305 1920 3334 1971; x_wconf 85' lang='grc' dir='ltr'>ὁ</span> <span class='ocrx_word' id='word_1_297' title='bbox 3383 1917 3540 1988; x_wconf 81' lang='grc' dir='ltr'><strong>ζητῶν</strong></span> <span class='ocrx_word' id='word_1_298' title='bbox 3574 1919 3632 1969; x_wconf 65' lang='lat' dir='ltr'><strong>ai-</strong></span> 
     </span>
    </p>
   </div>
   <div class='ocr_carea' id='block_1_37' title="bbox 456 1997 1912 2082">
    <p class='ocr_par' dir='ltr' id='par_1_37' title="bbox 456 1997 1912 2074">
     <span class='ocr_line' id='line_1_37' title="bbox 456 1997 1912 2074; baseline 0.007 -18"><span class='ocrx_word' id='word_1_299' title='bbox 456 2001 617 2059; x_wconf 85' lang='lat' dir='ltr'><strong>Patre</strong></span> <span class='ocrx_word' id='word_1_300' title='bbox 648 1997 690 2060; x_wconf 71' lang='grc'><strong>⁸.</strong></span> <span class='ocrx_word' id='word_1_301' title='bbox 745 2025 764 2059; x_wconf 83' lang='grc'>›</span> <span class='ocrx_word' id='word_1_302' title='bbox 801 2007 973 2074; x_wconf 90' lang='lat' dir='ltr'><strong>Quam</strong></span> <span class='ocrx_word' id='word_1_303' title='bbox 1013 2011 1179 2064; x_wconf 90' lang='lat' dir='ltr'><strong>etiam</strong></span> <span class='ocrx_word' id='word_1_304' title='bbox 1234 2011 1303 2064; x_wconf 92' lang='lat' dir='ltr'><strong>ob</strong></span> <span class='ocrx_word' id='word_1_305' title='bbox 1357 2026 1580 2066; x_wconf 88' lang='lat' dir='ltr'><strong>causam</strong></span> <span class='ocrx_word' id='word_1_306' title='bbox 1636 2013 1837 2067; x_wconf 90' lang='lat' dir='ltr'><strong>dicitur</strong></span> <span class='ocrx_word' id='word_1_307' title='bbox 1887 2014 1912 2067; x_wconf 85' lang='lat' dir='ltr'><strong>iJ</strong></span> 
     </span>
    </p>
   </div>
   <div class='ocr_carea' id='block_1_38' title="bbox 2174 1997 3630 2082">
    <p class='ocr_par' dir='ltr' id='par_1_38' title="bbox 2174 2009 3630 2082">
     <span class='ocr_line' id='line_1_38' title="bbox 2174 2009 3630 2082; baseline -0.001 -21"><span class='ocrx_word' id='word_1_308' title='bbox 2174 2012 2324 2064; x_wconf 75' lang='grc' dir='ltr'>ζσκει.</span> <span class='ocrx_word' id='word_1_309' title='bbox 2359 2029 2378 2062; x_wconf 77' lang='grc' dir='ltr'><strong>ι</strong></span> <span class='ocrx_word' id='word_1_310' title='bbox 2418 2010 2528 2064; x_wconf 78' lang='grc' dir='ltr'>Καὶ</span> <span class='ocrx_word' id='word_1_311' title='bbox 2563 2011 2648 2064; x_wconf 74' lang='grc' dir='ltr'><strong>ἀεὶ</strong></span> <span class='ocrx_word' id='word_1_312' title='bbox 2685 2010 2741 2062; x_wconf 88' lang='grc' dir='ltr'>δὲ</span> <span class='ocrx_word' id='word_1_313' title='bbox 2780 2009 3032 2082; x_wconf 80' lang='grc' dir='ltr'>διαφοραί</span> <span class='ocrx_word' id='word_1_314' title='bbox 3084 2011 3189 2063; x_wconf 76' lang='grc' dir='ltr'>εἰσι</span> <span class='ocrx_word' id='word_1_315' title='bbox 3247 2010 3358 2064; x_wconf 88' lang='grc' dir='ltr'><strong>τῶν</strong></span> <span class='ocrx_word' id='word_1_316' title='bbox 3392 2009 3630 2080; x_wconf 74' lang='grc' dir='ltr'>ζητούντων</span> 
     </span>
    </p>
   </div>
   <div class='ocr_carea' id='block_1_39' title="bbox 441 2091 1897 2174">
    <p class='ocr_par' dir='ltr' id='par_1_39' title="bbox 441 2091 1897 2174">
     <span class='ocr_line' id='line_1_39' title="bbox 441 2091 1897 2174; baseline 0.007 -25"><span class='ocrx_word' id='word_1_317' title='bbox 441 2091 579 2149; x_wconf 86' lang='lat' dir='ltr'><strong>eum</strong></span> <span class='ocrx_word' id='word_1_318' title='bbox 618 2111 725 2153; x_wconf 90' lang='lat' dir='ltr'><strong>non</strong></span> <span class='ocrx_word' id='word_1_319' title='bbox 759 2100 897 2156; x_wconf 89' lang='lat' dir='ltr'><strong>bene</strong></span> <span class='ocrx_word' id='word_1_320' title='bbox 930 2102 1319 2169; x_wconf 57' lang='lat' dir='ltr'><strong>querentibus,</strong></span> <span class='ocrx_word' id='word_1_321' title='bbox 1390 2120 1411 2154; x_wconf 70' lang='grc' dir='ltr'><strong>ι</strong></span> <span class='ocrx_word' id='word_1_322' title='bbox 1449 2103 1513 2158; x_wconf 87' lang='lat' dir='ltr'><strong>Et</strong></span> <span class='ocrx_word' id='word_1_323' title='bbox 1551 2106 1804 2174; x_wconf 69' lang='lat' dir='ltr'><strong>quaeretis</strong></span> <span class='ocrx_word' id='word_1_324' title='bbox 1838 2121 1897 2159; x_wconf 42' lang='lat' dir='ltr'><strong>ml</strong></span> 
     </span>
    </p>
   </div>
   <div class='ocr_carea' id='block_1_40' title="bbox 2172 2091 3628 2174">
    <p class='ocr_par' dir='ltr' id='par_1_40' title="bbox 2172 2099 3628 2172">
     <span class='ocr_line' id='line_1_40' title="bbox 2172 2099 3628 2172; baseline -0.001 -20"><span class='ocrx_word' id='word_1_325' title='bbox 2172 2119 2212 2155; x_wconf 70' lang='grc' dir='ltr'>δν</span> <span class='ocrx_word' id='word_1_326' title='bbox 2257 2100 2486 2172; x_wconf 88' lang='grc' dir='ltr'>Ἰησοῦν,</span> <span class='ocrx_word' id='word_1_327' title='bbox 2520 2101 2580 2153; x_wconf 90' lang='grc' dir='ltr'><strong>οὑ</strong></span> <span class='ocrx_word' id='word_1_328' title='bbox 2612 2100 2826 2153; x_wconf 89' lang='grc' dir='ltr'>πάντων</span> <span class='ocrx_word' id='word_1_329' title='bbox 2857 2100 3115 2170; x_wconf 86' lang='grc' dir='ltr'>γνησίως,</span> <span class='ocrx_word' id='word_1_330' title='bbox 3140 2099 3235 2153; x_wconf 73' lang='grc' dir='ltr'>καὶ</span> <span class='ocrx_word' id='word_1_331' title='bbox 3261 2099 3401 2170; x_wconf 81' lang='grc' dir='ltr'>ὑπὲρ</span> <span class='ocrx_word' id='word_1_332' title='bbox 3428 2099 3514 2169; x_wconf 79' lang='grc' dir='ltr'>τῆς</span> <span class='ocrx_word' id='word_1_333' title='bbox 3540 2101 3628 2152; x_wconf 73' lang='grc' dir='ltr'>ἑαυ-</span> 
     </span>
    </p>
   </div>
   <div class='ocr_carea' id='block_1_41' title="bbox 455 2189 1911 2270">
    <p class='ocr_par' dir='ltr' id='par_1_41' title="bbox 455 2195 1868 2266">
     <span class='ocr_line' id='line_1_41' title="bbox 455 2195 1868 2266; baseline 0.001 -14"><span class='ocrx_word' id='word_1_334' title='bbox 455 2198 600 2266; x_wconf 90' lang='lat' dir='ltr'><strong>quod</strong></span> <span class='ocrx_word' id='word_1_335' title='bbox 630 2195 966 2252; x_wconf 90' lang='lat' dir='ltr'><strong>contrarium</strong></span> <span class='ocrx_word' id='word_1_336' title='bbox 1019 2210 1125 2250; x_wconf 91' lang='lat' dir='ltr'><strong>non</strong></span> <span class='ocrx_word' id='word_1_337' title='bbox 1157 2205 1242 2250; x_wconf 88' lang='lat' dir='ltr'><strong>est</strong></span> <span class='ocrx_word' id='word_1_338' title='bbox 1288 2197 1338 2250; x_wconf 91' lang='lat' dir='ltr'><strong>ei</strong></span> <span class='ocrx_word' id='word_1_339' title='bbox 1369 2196 1516 2252; x_wconf 92' lang='lat' dir='ltr'><strong>dicto</strong></span> <span class='ocrx_word' id='word_1_340' title='bbox 1548 2216 1560 2250; x_wconf 93' lang='lat'><strong>:</strong></span> <span class='ocrx_word' id='word_1_341' title='bbox 1609 2216 1628 2248; x_wconf 72' lang='grc' dir='ltr'><strong>ε</strong></span> <span class='ocrx_word' id='word_1_342' title='bbox 1673 2199 1868 2254; x_wconf 91' lang='lat' dir='ltr'><strong>Omnis</strong></span> 
     </span>
    </p>
   </div>
   <div class='ocr_carea' id='block_1_42' title="bbox 2172 2189 3628 2270">
    <p class='ocr_par' dir='ltr' id='par_1_42' title="bbox 2172 2189 3628 2264">
     <span class='ocr_line' id='line_1_42' title="bbox 2172 2189 3628 2264; baseline -0.003 -18"><span class='ocrx_word' id='word_1_343' title='bbox 2172 2192 2228 2247; x_wconf 78' lang='grc' dir='ltr'>ὗν</span> <span class='ocrx_word' id='word_1_344' title='bbox 2252 2191 2648 2264; x_wconf 78' lang='grc' dir='ltr'>σωτηρίας,κα“ι</span> <span class='ocrx_word' id='word_1_345' title='bbox 2667 2191 2759 2245; x_wconf 88' lang='grc' dir='ltr'><strong>τοῦ</strong></span> <span class='ocrx_word' id='word_1_346' title='bbox 2786 2191 3128 2262; x_wconf 76' lang='grc' dir='ltr'>ὠφεληθῆναι</span> <span class='ocrx_word' id='word_1_347' title='bbox 3160 2193 3256 2245; x_wconf 79' lang='grc' dir='ltr'>ἀπ’</span> <span class='ocrx_word' id='word_1_348' title='bbox 3279 2189 3438 2245; x_wconf 87' lang='grc' dir='ltr'>αὑτοῦ</span> <span class='ocrx_word' id='word_1_349' title='bbox 3462 2189 3628 2261; x_wconf 75' lang='grc' dir='ltr'>ζητούν-</span> 
     </span>
    </p>
   </div>
   <div class='ocr_carea' id='block_1_43' title="bbox 455 2282 1911 2364">
    <p class='ocr_par' dir='ltr' id='par_1_43' title="bbox 455 2288 1911 2359">
     <span class='ocr_line' id='line_1_43' title="bbox 455 2288 1911 2359; baseline 0.002 -15"><span class='ocrx_word' id='word_1_350' title='bbox 455 2291 670 2359; x_wconf 75' lang='lat' dir='ltr'><strong>quzerit,</strong></span> <span class='ocrx_word' id='word_1_351' title='bbox 719 2288 930 2344; x_wconf 86' lang='lat' dir='ltr'><strong>invenit</strong></span> <span class='ocrx_word' id='word_1_352' title='bbox 967 2288 1011 2342; x_wconf 87' lang='grc'><strong>⁷.</strong></span> <span class='ocrx_word' id='word_1_353' title='bbox 1070 2307 1091 2341; x_wconf 85' lang='grc'><strong>›</strong></span> <span class='ocrx_word' id='word_1_354' title='bbox 1123 2289 1202 2344; x_wconf 83' lang='lat' dir='ltr'><strong>Ac</strong></span> <span class='ocrx_word' id='word_1_355' title='bbox 1252 2299 1399 2345; x_wconf 91' lang='lat' dir='ltr'><strong>certe</strong></span> <span class='ocrx_word' id='word_1_356' title='bbox 1437 2289 1758 2347; x_wconf 75' lang='lat' dir='ltr'><strong>dill‘erentize</strong></span> <span class='ocrx_word' id='word_1_357' title='bbox 1806 2308 1911 2348; x_wconf 88' lang='lat' dir='ltr'><strong>sem</strong></span> 
     </span>
    </p>
   </div>
   <div class='ocr_carea' id='block_1_44' title="bbox 2173 2282 3629 2364">
    <p class='ocr_par' dir='ltr' id='par_1_44' title="bbox 2173 2282 3629 2354">
     <span class='ocr_line' id='line_1_44' title="bbox 2173 2282 3629 2354; baseline -0.003 -16"><span class='ocrx_word' id='word_1_358' title='bbox 2173 2302 2227 2338; x_wconf 80' lang='grc' dir='ltr'><strong>ον</strong></span> <span class='ocrx_word' id='word_1_359' title='bbox 2285 2285 2466 2338; x_wconf 82' lang='grc' dir='ltr'>αὐτόν.</span> <span class='ocrx_word' id='word_1_360' title='bbox 2518 2285 2641 2338; x_wconf 75' lang='grc' dir='ltr'>Εἰσὶ</span> <span class='ocrx_word' id='word_1_361' title='bbox 2668 2283 2775 2354; x_wconf 81' lang='grc' dir='ltr'><strong>γὰρ</strong></span> <span class='ocrx_word' id='word_1_362' title='bbox 2803 2283 2898 2336; x_wconf 75' lang='grc' dir='ltr'><strong>καὶ</strong></span> <span class='ocrx_word' id='word_1_363' title='bbox 2947 2282 3088 2336; x_wconf 88' lang='grc' dir='ltr'><strong>κατά</strong></span> <span class='ocrx_word' id='word_1_364' title='bbox 3127 2283 3326 2354; x_wconf 82' lang='grc' dir='ltr'>μυρίας</span> <span class='ocrx_word' id='word_1_365' title='bbox 3365 2283 3629 2336; x_wconf 79' lang='grc' dir='ltr'>ἀποπεπτω-</span> 
     </span>
    </p>
   </div>
   <div class='ocr_carea' id='block_1_45' title="bbox 455 2374 1911 2454">
    <p class='ocr_par' dir='ltr' id='par_1_45' title="bbox 455 2379 1911 2452">
     <span class='ocr_line' id='line_1_45' title="bbox 455 2379 1911 2452; baseline 0.001 -15"><span class='ocrx_word' id='word_1_366' title='bbox 455 2393 583 2438; x_wconf 91' lang='lat' dir='ltr'><strong>sunt</strong></span> <span class='ocrx_word' id='word_1_367' title='bbox 611 2381 970 2452; x_wconf 62' lang='lat' dir='ltr'><strong>qumreutium</strong></span> <span class='ocrx_word' id='word_1_368' title='bbox 1014 2379 1196 2436; x_wconf 82' lang='lat' dir='ltr'><strong>Jesum</strong></span> <span class='ocrx_word' id='word_1_369' title='bbox 1224 2424 1238 2449; x_wconf 90' lang='lat'><strong>,</strong></span> <span class='ocrx_word' id='word_1_370' title='bbox 1274 2397 1394 2437; x_wconf 88' lang='lat' dir='ltr'><strong>cum</strong></span> <span class='ocrx_word' id='word_1_371' title='bbox 1434 2398 1625 2438; x_wconf 90' lang='lat' dir='ltr'><strong>omnes</strong></span> <span class='ocrx_word' id='word_1_372' title='bbox 1651 2400 1756 2439; x_wconf 90' lang='lat' dir='ltr'><strong>non</strong></span> <span class='ocrx_word' id='word_1_373' title='bbox 1785 2385 1911 2440; x_wconf 67' lang='lat' dir='ltr'><strong>sinet</strong></span> 
     </span>
    </p>
   </div>
   <div class='ocr_carea' id='block_1_46' title="bbox 2170 2374 3626 2454">
    <p class='ocr_par' dir='ltr' id='par_1_46' title="bbox 2170 2374 3626 2447">
     <span class='ocr_line' id='line_1_46' title="bbox 2170 2374 3626 2447; baseline -0.002 -18"><span class='ocrx_word' id='word_1_374' title='bbox 2170 2376 2280 2440; x_wconf 76' lang='grc' dir='ltr'>)ίας</span> <span class='ocrx_word' id='word_1_375' title='bbox 2321 2377 2413 2430; x_wconf 91' lang='grc' dir='ltr'><strong>τοῦ</strong></span> <span class='ocrx_word' id='word_1_376' title='bbox 2450 2375 2615 2430; x_wconf 87' lang='grc' dir='ltr'>καλοῦ</span> <span class='ocrx_word' id='word_1_377' title='bbox 2651 2376 2937 2446; x_wconf 78' lang='grc' dir='ltr'>προθέσεις</span> <span class='ocrx_word' id='word_1_378' title='bbox 2969 2375 3260 2447; x_wconf 84' lang='grc' dir='ltr'>ζητοῦντες</span> <span class='ocrx_word' id='word_1_379' title='bbox 3309 2376 3402 2428; x_wconf 83' lang='grc' dir='ltr'><strong>τὸν</strong></span> <span class='ocrx_word' id='word_1_380' title='bbox 3441 2374 3626 2445; x_wconf 70' lang='grc' dir='ltr'>Ἰησοῦν·</span> 
     </span>
    </p>
   </div>
   <div class='ocr_carea' id='block_1_47' title="bbox 454 2459 1910 2544">
    <p class='ocr_par' dir='ltr' id='par_1_47' title="bbox 454 2472 1910 2543">
     <span class='ocr_line' id='line_1_47' title="bbox 454 2472 1910 2543; baseline 0.001 -15"><span class='ocrx_word' id='word_1_381' title='bbox 454 2483 510 2528; x_wconf 91' lang='lat' dir='ltr'><strong>et</strong></span> <span class='ocrx_word' id='word_1_382' title='bbox 539 2488 638 2543; x_wconf 88' lang='lat' dir='ltr'><strong>pro</strong></span> <span class='ocrx_word' id='word_1_383' title='bbox 667 2489 763 2528; x_wconf 86' lang='lat' dir='ltr'><strong>sua</strong></span> <span class='ocrx_word' id='word_1_384' title='bbox 808 2472 1045 2541; x_wconf 91' lang='lat' dir='ltr'><strong>ipsorum</strong></span> <span class='ocrx_word' id='word_1_385' title='bbox 1101 2472 1296 2536; x_wconf 86' lang='lat' dir='ltr'><strong>salute,</strong></span> <span class='ocrx_word' id='word_1_386' title='bbox 1347 2480 1400 2527; x_wconf 92' lang='lat' dir='ltr'><strong>et</strong></span> <span class='ocrx_word' id='word_1_387' title='bbox 1429 2484 1487 2526; x_wconf 92' lang='lat' dir='ltr'><strong>ut</strong></span> <span class='ocrx_word' id='word_1_388' title='bbox 1535 2473 1604 2526; x_wconf 88' lang='lat' dir='ltr'><strong>ab</strong></span> <span class='ocrx_word' id='word_1_389' title='bbox 1646 2487 1712 2528; x_wconf 90' lang='lat' dir='ltr'><strong>eo</strong></span> <span class='ocrx_word' id='word_1_390' title='bbox 1739 2473 1910 2543; x_wconf 72' lang='lat' dir='ltr'><strong>juven‘</strong></span> 
     </span>
    </p>
   </div>
   <div class='ocr_carea' id='block_1_48' title="bbox 2173 2459 3629 2544">
    <p class='ocr_par' dir='ltr' id='par_1_48' title="bbox 2173 2459 3629 2540">
     <span class='ocr_line' id='line_1_48' title="bbox 2173 2459 3629 2540; baseline -0.003 -19"><span class='ocrx_word' id='word_1_391' title='bbox 2173 2469 2308 2540; x_wconf 91' lang='grc' dir='ltr'>όπερ</span> <span class='ocrx_word' id='word_1_392' title='bbox 2341 2468 2491 2538; x_wconf 87' lang='grc' dir='ltr'>μόνοι</span> <span class='ocrx_word' id='word_1_393' title='bbox 2525 2469 2576 2521; x_wconf 79' lang='lat' dir='ltr'><strong>oi.</strong></span> <span class='ocrx_word' id='word_1_394' title='bbox 2609 2466 2786 2537; x_wconf 83' lang='grc' dir='ltr'><strong>ὀρθῶς</strong></span> <span class='ocrx_word' id='word_1_395' title='bbox 2825 2466 3110 2537; x_wconf 79' lang='grc' dir='ltr'>ζητοῦντες</span> <span class='ocrx_word' id='word_1_396' title='bbox 3143 2467 3308 2521; x_wconf 83' lang='grc' dir='ltr'>αὑτὸν</span> <span class='ocrx_word' id='word_1_397' title='bbox 3345 2467 3542 2538; x_wconf 79' lang='grc' dir='ltr'>εἰρήνην</span> <span class='ocrx_word' id='word_1_398' title='bbox 3570 2459 3629 2517; x_wconf 70' lang='grc' dir='ltr'><strong>εὗο</strong></span> 
     </span>
    </p>
   </div>
   <div class='ocr_carea' id='block_1_49' title="bbox 453 2558 1909 2638">
    <p class='ocr_par' dir='ltr' id='par_1_49' title="bbox 453 2563 1909 2635">
     <span class='ocr_line' id='line_1_49' title="bbox 453 2563 1909 2635; baseline 0.003 -17"><span class='ocrx_word' id='word_1_399' title='bbox 453 2572 699 2635; x_wconf 72' lang='lat' dir='ltr'><strong>quaerant</strong></span> <span class='ocrx_word' id='word_1_400' title='bbox 732 2577 878 2620; x_wconf 89' lang='lat' dir='ltr'><strong>eum.</strong></span> <span class='ocrx_word' id='word_1_401' title='bbox 912 2563 1052 2618; x_wconf 91' lang='lat' dir='ltr'><strong>Sunt</strong></span> <span class='ocrx_word' id='word_1_402' title='bbox 1107 2564 1253 2618; x_wconf 89' lang='lat' dir='ltr'><strong>enim</strong></span> <span class='ocrx_word' id='word_1_403' title='bbox 1303 2563 1466 2632; x_wconf 89' lang='lat' dir='ltr'><strong>aliqui</strong></span> <span class='ocrx_word' id='word_1_404' title='bbox 1515 2565 1818 2622; x_wconf 89' lang='lat' dir='ltr'><strong>innumeris</strong></span> <span class='ocrx_word' id='word_1_405' title='bbox 1860 2583 1909 2622; x_wconf 86' lang='lat' dir='ltr'><strong>at</strong></span> 
     </span>
    </p>
   </div>
   <div class='ocr_carea' id='block_1_50' title="bbox 2173 2558 3629 2638">
    <p class='ocr_par' dir='ltr' id='par_1_50' title="bbox 2173 2558 3629 2630">
     <span class='ocr_line' id='line_1_50' title="bbox 2173 2558 3629 2630; baseline -0.002 -17"><span class='ocrx_word' id='word_1_406' title='bbox 2173 2577 2234 2614; x_wconf 65' lang='grc' dir='ltr'><strong>ιν·</strong></span> <span class='ocrx_word' id='word_1_407' title='bbox 2249 2560 2298 2613; x_wconf 86' lang='grc' dir='ltr'>οἳ</span> <span class='ocrx_word' id='word_1_408' title='bbox 2317 2561 2411 2614; x_wconf 73' lang='grc' dir='ltr'>καὶ</span> <span class='ocrx_word' id='word_1_409' title='bbox 2431 2559 2634 2630; x_wconf 81' lang='grc' dir='ltr'>κυρίως</span> <span class='ocrx_word' id='word_1_410' title='bbox 2661 2560 2885 2628; x_wconf 80' lang='grc' dir='ltr'>λέγοιντ’</span> <span class='ocrx_word' id='word_1_411' title='bbox 2904 2559 2969 2612; x_wconf 85' lang='grc' dir='ltr'><strong>ἂν</strong></span> <span class='ocrx_word' id='word_1_412' title='bbox 2986 2559 3147 2612; x_wconf 83' lang='grc' dir='ltr'>αὑτὸν</span> <span class='ocrx_word' id='word_1_413' title='bbox 3165 2558 3349 2629; x_wconf 84' lang='grc' dir='ltr'>ζητεῖν</span> <span class='ocrx_word' id='word_1_414' title='bbox 3367 2559 3451 2612; x_wconf 82' lang='grc' dir='ltr'><strong>τὸν</strong></span> <span class='ocrx_word' id='word_1_415' title='bbox 3463 2561 3513 2611; x_wconf 81' lang='grc' dir='ltr'>ὲν</span> <span class='ocrx_word' id='word_1_416' title='bbox 3529 2559 3629 2628; x_wconf 72' lang='grc' dir='ltr'>ἀρχῇ</span> 
     </span>
    </p>
   </div>
   <div class='ocr_carea' id='block_1_51' title="bbox 455 2650 1911 2726">
    <p class='ocr_par' dir='ltr' id='par_1_51' title="bbox 455 2653 1911 2726">
     <span class='ocr_line' id='line_1_51' title="bbox 455 2653 1911 2726; baseline 0.005 -19"><span class='ocrx_word' id='word_1_417' title='bbox 455 2655 676 2720; x_wconf 88' lang='lat' dir='ltr'><strong>mentis,</strong></span> <span class='ocrx_word' id='word_1_418' title='bbox 733 2668 852 2722; x_wconf 66' lang='lat' dir='ltr'><strong>quae</strong></span> <span class='ocrx_word' id='word_1_419' title='bbox 903 2653 974 2709; x_wconf 89' lang='lat' dir='ltr'><strong>ab</strong></span> <span class='ocrx_word' id='word_1_420' title='bbox 1021 2656 1249 2709; x_wconf 89' lang='lat' dir='ltr'><strong>honesto</strong></span> <span class='ocrx_word' id='word_1_421' title='bbox 1304 2655 1660 2723; x_wconf 84' lang='lat' dir='ltr'><strong>deﬂexerunt,</strong></span> <span class='ocrx_word' id='word_1_422' title='bbox 1718 2673 1911 2726; x_wconf 61' lang='lat' dir='ltr'><strong>quaret</strong></span> 
     </span>
    </p>
   </div>
   <div class='ocr_carea' id='block_1_52' title="bbox 2173 2650 3629 2726">
    <p class='ocr_par' dir='ltr' id='par_1_52' title="bbox 2173 2650 3629 2722">
     <span class='ocr_line' id='line_1_52' title="bbox 2173 2650 3629 2722; baseline -0.003 -18"><span class='ocrx_word' id='word_1_423' title='bbox 2173 2654 2308 2721; x_wconf 76' lang='grc' dir='ltr'>όγον,</span> <span class='ocrx_word' id='word_1_424' title='bbox 2341 2651 2474 2722; x_wconf 85' lang='grc' dir='ltr'>πρὸς</span> <span class='ocrx_word' id='word_1_425' title='bbox 2501 2651 2591 2705; x_wconf 78' lang='grc' dir='ltr'><strong>τὸν</strong></span> <span class='ocrx_word' id='word_1_426' title='bbox 2619 2650 2750 2705; x_wconf 80' lang='grc' dir='ltr'>Θεὸν</span> <span class='ocrx_word' id='word_1_427' title='bbox 2797 2651 2988 2718; x_wconf 81' lang='grc' dir='ltr'>Λόγον,</span> <span class='ocrx_word' id='word_1_428' title='bbox 3023 2652 3117 2704; x_wconf 74' lang='grc' dir='ltr'><strong>καὶ</strong></span> <span class='ocrx_word' id='word_1_429' title='bbox 3161 2651 3249 2704; x_wconf 86' lang='grc' dir='ltr'>ἴνα</span> <span class='ocrx_word' id='word_1_430' title='bbox 3283 2651 3473 2713; x_wconf 83' lang='grc' dir='ltr'>αὐτοὺς</span> <span class='ocrx_word' id='word_1_431' title='bbox 3508 2666 3629 2720; x_wconf 72' lang='grc' dir='ltr'>προπ-</span> 
     </span>
    </p>
   </div>
   <div class='ocr_carea' id='block_1_53' title="bbox 451 2741 1907 2821">
    <p class='ocr_par' dir='ltr' id='par_1_53' title="bbox 451 2741 1894 2814">
     <span class='ocr_line' id='line_1_53' title="bbox 451 2741 1894 2814; baseline 0.005 -17"><span class='ocrx_word' id='word_1_432' title='bbox 451 2741 634 2797; x_wconf 87' lang='lat' dir='ltr'><strong>Jesum</strong></span> <span class='ocrx_word' id='word_1_433' title='bbox 669 2759 684 2796; x_wconf 92' lang='lat'>:</span> <span class='ocrx_word' id='word_1_434' title='bbox 715 2746 1072 2811; x_wconf 88' lang='lat' dir='ltr'><strong>quamobrem</strong></span> <span class='ocrx_word' id='word_1_435' title='bbox 1118 2743 1218 2798; x_wconf 90' lang='lat' dir='ltr'><strong>soli</strong></span> <span class='ocrx_word' id='word_1_436' title='bbox 1259 2753 1405 2799; x_wconf 88' lang='lat' dir='ltr'><strong>recte</strong></span> <span class='ocrx_word' id='word_1_437' title='bbox 1435 2755 1745 2814; x_wconf 81' lang='lat' dir='ltr'><strong>quaerentes</strong></span> <span class='ocrx_word' id='word_1_438' title='bbox 1772 2763 1894 2804; x_wconf 91' lang='lat' dir='ltr'><strong>eum</strong></span> 
     </span>
    </p>
   </div>
   <div class='ocr_carea' id='block_1_54' title="bbox 2173 2741 3629 2821">
    <p class='ocr_par' dir='ltr' id='par_1_54' title="bbox 2173 2741 3629 2816">
     <span class='ocr_line' id='line_1_54' title="bbox 2173 2741 3629 2816; baseline -0.004 -18"><span class='ocrx_word' id='word_1_439' title='bbox 2173 2763 2241 2813; x_wconf 66' lang='grc' dir='ltr'>(οι</span> <span class='ocrx_word' id='word_1_440' title='bbox 2279 2744 2357 2814; x_wconf 83' lang='grc' dir='ltr'><strong>τῷ</strong></span> <span class='ocrx_word' id='word_1_441' title='bbox 2391 2744 2580 2816; x_wconf 88' lang='grc' dir='ltr'>Πατρί.</span> <span class='ocrx_word' id='word_1_442' title='bbox 2627 2745 2826 2816; x_wconf 87' lang='grc' dir='ltr'>Παρὼν</span> <span class='ocrx_word' id='word_1_443' title='bbox 2878 2744 2958 2809; x_wconf 80' lang='grc' dir='ltr'><strong>δὲ,</strong></span> <span class='ocrx_word' id='word_1_444' title='bbox 3007 2745 3098 2798; x_wconf 63' lang='grc' dir='ltr'><strong>καί⁵</strong></span> <span class='ocrx_word' id='word_1_445' title='bbox 3139 2741 3629 2814; x_wconf 75' lang='grc' dir='ltr'>ἐμφανταζόμενοςὸ</span> 
     </span>
    </p>
   </div>
   <div class='ocr_carea' id='block_1_55' title="bbox 441 2827 1897 2913">
    <p class='ocr_par' dir='ltr' id='par_1_55' title="bbox 441 2827 1895 2913">
     <span class='ocr_line' id='line_1_55' title="bbox 441 2827 1895 2913; baseline 0.006 -25"><span class='ocrx_word' id='word_1_446' title='bbox 441 2827 568 2888; x_wconf 70' lang='grc' dir='ltr'>ὀοιη</span> <span class='ocrx_word' id='word_1_447' title='bbox 613 2834 974 2900; x_wconf 88' lang='lat' dir='ltr'><strong>invenerunt;</strong></span> <span class='ocrx_word' id='word_1_448' title='bbox 1009 2834 1101 2902; x_wconf 91' lang='lat' dir='ltr'><strong>qui</strong></span> <span class='ocrx_word' id='word_1_449' title='bbox 1131 2836 1295 2890; x_wconf 89' lang='lat' dir='ltr'><strong>etiam</strong></span> <span class='ocrx_word' id='word_1_450' title='bbox 1321 2838 1541 2908; x_wconf 89' lang='lat' dir='ltr'><strong>proprie</strong></span> <span class='ocrx_word' id='word_1_451' title='bbox 1570 2839 1821 2895; x_wconf 86' lang='lat' dir='ltr'><strong>dicentur</strong></span> <span class='ocrx_word' id='word_1_452' title='bbox 1843 2843 1895 2913; x_wconf 91' lang='lat' dir='ltr'><strong>ip</strong></span> 
     </span>
    </p>
   </div>
   <div class='ocr_carea' id='block_1_56' title="bbox 2174 2827 3630 2913">
    <p class='ocr_par' dir='ltr' id='par_1_56' title="bbox 2174 2835 3630 2908">
     <span class='ocr_line' id='line_1_56' title="bbox 2174 2835 3630 2908; baseline -0.005 -17"><span class='ocrx_word' id='word_1_453' title='bbox 2174 2839 2310 2907; x_wconf 73' lang='grc' dir='ltr'>όγος,</span> <span class='ocrx_word' id='word_1_454' title='bbox 2344 2836 2482 2891; x_wconf 80' lang='grc' dir='ltr'>ἐπάν</span> <span class='ocrx_word' id='word_1_455' title='bbox 2521 2836 2594 2908; x_wconf 83' lang='grc' dir='ltr'>μὴ</span> <span class='ocrx_word' id='word_1_456' title='bbox 2625 2835 2962 2908; x_wconf 83' lang='grc' dir='ltr'>παραδεχθῇ,</span> <span class='ocrx_word' id='word_1_457' title='bbox 2990 2835 3206 2889; x_wconf 89' lang='grc' dir='ltr'>ἀπειλεῖ</span> <span class='ocrx_word' id='word_1_458' title='bbox 3231 2835 3294 2888; x_wconf 87' lang='grc' dir='ltr'><strong>τὸ</strong></span> <span class='ocrx_word' id='word_1_459' title='bbox 3320 2835 3548 2904; x_wconf 79' lang='grc' dir='ltr'>ὑπάγειν,</span> <span class='ocrx_word' id='word_1_460' title='bbox 3567 2835 3630 2885; x_wconf 79' lang='grc' dir='ltr'><strong>καὶ</strong></span> 
     </span>
    </p>
   </div>
   <div class='ocr_carea' id='block_1_57' title="bbox 450 2926 1906 2998">
    <p class='ocr_par' dir='ltr' id='par_1_57' title="bbox 450 2926 1906 2998">
     <span class='ocr_line' id='line_1_57' title="bbox 450 2926 1906 2998; baseline 0.007 -20"><span class='ocrx_word' id='word_1_461' title='bbox 450 2939 696 2996; x_wconf 79' lang='lat' dir='ltr'><strong>quaerere</strong></span> <span class='ocrx_word' id='word_1_462' title='bbox 721 2926 773 2979; x_wconf 93' lang='lat' dir='ltr'><strong>in</strong></span> <span class='ocrx_word' id='word_1_463' title='bbox 800 2926 1068 2995; x_wconf 90' lang='lat' dir='ltr'><strong>principio</strong></span> <span class='ocrx_word' id='word_1_464' title='bbox 1111 2927 1465 2982; x_wconf 78' lang='lat' dir='ltr'><strong>exsistentem</strong></span> <span class='ocrx_word' id='word_1_465' title='bbox 1512 2927 1855 2998; x_wconf 90' lang='lat' dir='ltr'><strong>Sermonem,</strong></span> <span class='ocrx_word' id='word_1_466' title='bbox 1888 2936 1906 2988; x_wconf 68' lang='grc' dir='ltr'><strong>ξ</strong></span> 
     </span>
    </p>
   </div>
   <div class='ocr_carea' id='block_1_58' title="bbox 2174 2926 3630 2998">
    <p class='ocr_par' dir='ltr' id='par_1_58' title="bbox 2174 2927 3630 2998">
     <span class='ocr_line' id='line_1_58' title="bbox 2174 2927 3630 2998; baseline -0.001 -19"><span class='ocrx_word' id='word_1_467' title='bbox 2174 2947 2294 2997; x_wconf 85' lang='grc' dir='ltr'>γει·</span> <span class='ocrx_word' id='word_1_468' title='bbox 2335 2948 2353 2981; x_wconf 74' lang='grc' dir='ltr'><strong>ι</strong></span> <span class='ocrx_word' id='word_1_469' title='bbox 2393 2928 2533 2998; x_wconf 90' lang='grc' dir='ltr'><strong>Ἐγὼ</strong></span> <span class='ocrx_word' id='word_1_470' title='bbox 2565 2930 2780 2998; x_wconf 83' lang='grc' dir='ltr'>ὑπάγω·</span> <span class='ocrx_word' id='word_1_471' title='bbox 2807 2947 2826 2981; x_wconf 73' lang='grc' dir='ltr'><strong>ι</strong></span> <span class='ocrx_word' id='word_1_472' title='bbox 2863 2929 2958 2983; x_wconf 63' lang='grc' dir='ltr'><strong>καὶ¹</strong></span> <span class='ocrx_word' id='word_1_473' title='bbox 2987 2928 3080 2982; x_wconf 66' lang='lat' dir='ltr'><strong>eam</strong></span> <span class='ocrx_word' id='word_1_474' title='bbox 3107 2969 3122 2994; x_wconf 93' lang='lat'><strong>,</strong></span> <span class='ocrx_word' id='word_1_475' title='bbox 3155 2929 3474 2992; x_wconf 83' lang='grc' dir='ltr'>ἀπελθόντος</span> <span class='ocrx_word' id='word_1_476' title='bbox 3495 2943 3546 2997; x_wconf 90' lang='grc' dir='ltr'><strong>γε</strong></span> <span class='ocrx_word' id='word_1_477' title='bbox 3566 2927 3630 2980; x_wconf 65' lang='grc' dir='ltr'><strong>αὖ·</strong></span> 
     </span>
    </p>
   </div>
   <div class='ocr_carea' id='block_1_59' title="bbox 452 2999 1908 3092">
    <p class='ocr_par' dir='ltr' id='par_1_59' title="bbox 452 2999 1908 3088">
     <span class='ocr_line' id='line_1_59' title="bbox 452 2999 1908 3088; baseline 0.005 -17"><span class='ocrx_word' id='word_1_478' title='bbox 452 2999 664 3072; x_wconf 77' lang='lat' dir='ltr'><strong>mon&#39;em</strong></span> <span class='ocrx_word' id='word_1_479' title='bbox 710 3018 852 3088; x_wconf 88' lang='lat' dir='ltr'><strong>apud</strong></span> <span class='ocrx_word' id='word_1_480' title='bbox 886 3018 1074 3082; x_wconf 89' lang='lat' dir='ltr'><strong>Deum,</strong></span> <span class='ocrx_word' id='word_1_481' title='bbox 1119 3026 1178 3072; x_wconf 89' lang='lat' dir='ltr'><strong>ut</strong></span> <span class='ocrx_word' id='word_1_482' title='bbox 1214 3019 1356 3087; x_wconf 80' lang='lat' dir='ltr'><strong>ipsos</strong></span> <span class='ocrx_word' id='word_1_483' title='bbox 1387 3019 1622 3077; x_wconf 89' lang='lat' dir='ltr'><strong>adducat</strong></span> <span class='ocrx_word' id='word_1_484' title='bbox 1662 3025 1728 3078; x_wconf 89' lang='lat' dir='ltr'><strong>ad</strong></span> <span class='ocrx_word' id='word_1_485' title='bbox 1776 3022 1908 3078; x_wconf 37' lang='lat' dir='ltr'><strong>Patri</strong></span> 
     </span>
    </p>
   </div>
   <div class='ocr_carea' id='block_1_60' title="bbox 2173 2999 3629 3092">
    <p class='ocr_par' dir='ltr' id='par_1_60' title="bbox 2173 3017 3629 3092">
     <span class='ocr_line' id='line_1_60' title="bbox 2173 3017 3629 3092; baseline -0.003 -20"><span class='ocrx_word' id='word_1_486' title='bbox 2173 3018 2231 3083; x_wconf 84' lang='grc' dir='ltr'><strong>ιῦ,</strong></span> <span class='ocrx_word' id='word_1_487' title='bbox 2262 3019 2511 3091; x_wconf 78' lang='grc' dir='ltr'>ζητῶμεν</span> <span class='ocrx_word' id='word_1_488' title='bbox 2539 3019 2700 3074; x_wconf 83' lang='grc' dir='ltr'>αὐτὸν</span> <span class='ocrx_word' id='word_1_489' title='bbox 2719 3057 2734 3083; x_wconf 87' lang='grc'><strong>,</strong></span> <span class='ocrx_word' id='word_1_490' title='bbox 2765 3020 2864 3091; x_wconf 87' lang='grc' dir='ltr'><strong>οὑχ</strong></span> <span class='ocrx_word' id='word_1_491' title='bbox 2907 3020 3212 3092; x_wconf 83' lang='grc' dir='ltr'>εὑρήσομεν</span> <span class='ocrx_word' id='word_1_492' title='bbox 3258 3020 3435 3084; x_wconf 79' lang='grc' dir='ltr'>αὑτὸν,</span> <span class='ocrx_word' id='word_1_493' title='bbox 3475 3017 3568 3072; x_wconf 82' lang='grc' dir='ltr'>ἀλλ’</span> <span class='ocrx_word' id='word_1_494' title='bbox 3591 3017 3629 3069; x_wconf 81' lang='grc' dir='ltr'>ἐν</span> 
     </span>
    </p>
   </div>
   <div class='ocr_carea' id='block_1_61' title="bbox 451 3107 1907 3194">
    <p class='ocr_par' dir='ltr' id='par_1_61' title="bbox 451 3109 1907 3181">
     <span class='ocr_line' id='line_1_61' title="bbox 451 3109 1907 3181; baseline 0.005 -18"><span class='ocrx_word' id='word_1_495' title='bbox 451 3110 724 3165; x_wconf 79' lang='lat' dir='ltr'><strong>Assistens</strong></span> <span class='ocrx_word' id='word_1_496' title='bbox 769 3120 946 3164; x_wconf 89' lang='lat' dir='ltr'><strong>autem</strong></span> <span class='ocrx_word' id='word_1_497' title='bbox 977 3109 1064 3165; x_wconf 92' lang='lat' dir='ltr'><strong>ille</strong></span> <span class='ocrx_word' id='word_1_498' title='bbox 1114 3111 1304 3179; x_wconf 84' lang='grc' dir='ltr'>Λόγος,</span> <span class='ocrx_word' id='word_1_499' title='bbox 1337 3110 1414 3181; x_wconf 87' lang='lat' dir='ltr'><strong>[id</strong></span> <span class='ocrx_word' id='word_1_500' title='bbox 1443 3121 1551 3180; x_wconf 86' lang='lat' dir='ltr'><strong>est,</strong></span> <span class='ocrx_word' id='word_1_501' title='bbox 1583 3114 1721 3169; x_wconf 91' lang='lat' dir='ltr'><strong>ratio</strong></span> <span class='ocrx_word' id='word_1_502' title='bbox 1750 3125 1805 3170; x_wconf 93' lang='lat' dir='ltr'><strong>ct</strong></span> <span class='ocrx_word' id='word_1_503' title='bbox 1847 3115 1907 3170; x_wconf 92' lang='lat' dir='ltr'><strong>Fi</strong></span> 
     </span>
    </p>
   </div>
   <div class='ocr_carea' id='block_1_62' title="bbox 2172 3107 3628 3194">
    <p class='ocr_par' dir='ltr' id='par_1_62' title="bbox 2172 3107 3628 3184">
     <span class='ocr_line' id='line_1_62' title="bbox 2172 3107 3628 3184; baseline -0.003 -20"><span class='ocrx_word' id='word_1_504' title='bbox 2172 3111 2451 3183; x_wconf 64' lang='grc' dir='ltr'>ἱάμαρτίᾳ</span> <span class='ocrx_word' id='word_1_505' title='bbox 2487 3111 2641 3184; x_wconf 76' lang='grc' dir='ltr'>ἡμῶν</span> <span class='ocrx_word' id='word_1_506' title='bbox 2689 3111 3126 3184; x_wconf 86' lang='grc' dir='ltr'>ἀποθανούμεθα.</span> <span class='ocrx_word' id='word_1_507' title='bbox 3158 3107 3281 3164; x_wconf 83' lang='grc' dir='ltr'>Οἷδε</span> <span class='ocrx_word' id='word_1_508' title='bbox 3314 3113 3370 3165; x_wconf 84' lang='grc' dir='ltr'>δὲ</span> <span class='ocrx_word' id='word_1_509' title='bbox 3409 3111 3505 3165; x_wconf 83' lang='grc' dir='ltr'>ἀπὸ</span> <span class='ocrx_word' id='word_1_510' title='bbox 3528 3110 3628 3170; x_wconf 73' lang='grc' dir='ltr'>τίνος</span> 
     </span>
    </p>
   </div>
   <div class='ocr_carea' id='block_1_63' title="bbox 455 3200 1911 3277">
    <p class='ocr_par' dir='ltr' id='par_1_63' title="bbox 455 3200 1911 3272">
     <span class='ocr_line' id='line_1_63' title="bbox 455 3200 1911 3272; baseline 0.004 -17"><span class='ocrx_word' id='word_1_511' title='bbox 455 3200 600 3272; x_wconf 84' lang='lat' dir='ltr'><strong>Dei,J</strong></span> <span class='ocrx_word' id='word_1_512' title='bbox 654 3209 708 3261; x_wconf 91' lang='lat' dir='ltr'><strong>et</strong></span> <span class='ocrx_word' id='word_1_513' title='bbox 740 3201 992 3256; x_wconf 91' lang='lat' dir='ltr'><strong>notiones</strong></span> <span class='ocrx_word' id='word_1_514' title='bbox 1037 3217 1352 3272; x_wconf 76' lang='lat' dir='ltr'><strong>suggerens,</strong></span> <span class='ocrx_word' id='word_1_515' title='bbox 1402 3202 1502 3258; x_wconf 86' lang='lat' dir='ltr'><strong>nisi</strong></span> <span class='ocrx_word' id='word_1_516' title='bbox 1534 3204 1800 3260; x_wconf 88' lang='lat' dir='ltr'><strong>admissus</strong></span> <span class='ocrx_word' id='word_1_517' title='bbox 1829 3206 1911 3262; x_wconf 79' lang='lat' dir='ltr'><strong>fue</strong></span> 
     </span>
    </p>
   </div>
   <div class='ocr_carea' id='block_1_64' title="bbox 2170 3200 3626 3277">
    <p class='ocr_par' dir='ltr' id='par_1_64' title="bbox 2170 3204 3626 3276">
     <span class='ocr_line' id='line_1_64' title="bbox 2170 3204 3626 3276; baseline 0.003 -20"><span class='ocrx_word' id='word_1_518' title='bbox 2170 3204 2337 3273; x_wconf 81' lang='grc' dir='ltr'>τάγει,</span> <span class='ocrx_word' id='word_1_519' title='bbox 2364 3205 2456 3258; x_wconf 82' lang='grc' dir='ltr'><strong>καὶ</strong></span> <span class='ocrx_word' id='word_1_520' title='bbox 2489 3205 2595 3258; x_wconf 88' lang='grc' dir='ltr'>τίνι</span> <span class='ocrx_word' id='word_1_521' title='bbox 2629 3205 2956 3276; x_wconf 87' lang='grc' dir='ltr'>παραμένει,</span> <span class='ocrx_word' id='word_1_522' title='bbox 2995 3205 3221 3276; x_wconf 83' lang='grc' dir='ltr'>μηδέπω</span> <span class='ocrx_word' id='word_1_523' title='bbox 3259 3205 3626 3276; x_wconf 68' lang='grc' dir='ltr'>εὑρισκόμενος.</span> 
     </span>
    </p>
   </div>
   <div class='ocr_carea' id='block_1_65' title="bbox 450 3293 1906 3369">
    <p class='ocr_par' dir='ltr' id='par_1_65' title="bbox 450 3293 1887 3366">
     <span class='ocr_line' id='line_1_65' title="bbox 450 3293 1887 3366; baseline 0.006 -20"><span class='ocrx_word' id='word_1_524' title='bbox 450 3294 690 3346; x_wconf 78' lang='lat' dir='ltr'><strong>minatur</strong></span> <span class='ocrx_word' id='word_1_525' title='bbox 743 3307 802 3348; x_wconf 87' lang='lat' dir='ltr'><strong>se</strong></span> <span class='ocrx_word' id='word_1_526' title='bbox 839 3293 1112 3348; x_wconf 90' lang='lat' dir='ltr'><strong>abiturum</strong></span> <span class='ocrx_word' id='word_1_527' title='bbox 1139 3329 1157 3358; x_wconf 89' lang='lat'><strong>,</strong></span> <span class='ocrx_word' id='word_1_528' title='bbox 1210 3305 1265 3348; x_wconf 88' lang='lat' dir='ltr'><strong>et</strong></span> <span class='ocrx_word' id='word_1_529' title='bbox 1315 3294 1491 3354; x_wconf 88' lang='lat' dir='ltr'><strong>dicit:</strong></span> <span class='ocrx_word' id='word_1_530' title='bbox 1527 3314 1546 3347; x_wconf 85' lang='grc'><strong><em>‹</em></strong></span> <span class='ocrx_word' id='word_1_531' title='bbox 1585 3295 1698 3366; x_wconf 83' lang='lat' dir='ltr'><strong>Ego</strong></span> <span class='ocrx_word' id='word_1_532' title='bbox 1749 3299 1887 3354; x_wconf 90' lang='lat' dir='ltr'><strong>vado</strong></span> 
     </span>
    </p>
   </div>
   <div class='ocr_carea' id='block_1_66' title="bbox 2171 3293 3627 3369">
    <p class='ocr_par' dir='ltr' id='par_1_66' title="bbox 2171 3293 3627 3369">
     <span class='ocr_line' id='line_1_66' title="bbox 2171 3293 3627 3369; baseline -0.003 -20"><span class='ocrx_word' id='word_1_533' title='bbox 2171 3299 2263 3349; x_wconf 83' lang='grc' dir='ltr'><strong>’ὲν</strong></span> <span class='ocrx_word' id='word_1_534' title='bbox 2297 3297 2472 3368; x_wconf 83' lang='grc' dir='ltr'>καιρῷ</span> <span class='ocrx_word' id='word_1_535' title='bbox 2505 3297 2700 3369; x_wconf 82' lang='grc' dir='ltr'>εὑρεθῇ</span> <span class='ocrx_word' id='word_1_536' title='bbox 2743 3297 2854 3368; x_wconf 70' lang='grc'>(40)</span> <span class='ocrx_word' id='word_1_537' title='bbox 2883 3296 3157 3368; x_wconf 78' lang='grc' dir='ltr'>ζητηθείς·</span> <span class='ocrx_word' id='word_1_538' title='bbox 3185 3299 3280 3350; x_wconf 76' lang='grc' dir='ltr'><strong>καὶ</strong></span> <span class='ocrx_word' id='word_1_539' title='bbox 3319 3300 3429 3360; x_wconf 83' lang='grc' dir='ltr'>τοῖς</span> <span class='ocrx_word' id='word_1_540' title='bbox 3475 3311 3531 3364; x_wconf 84' lang='grc' dir='ltr'><strong>γε</strong></span> <span class='ocrx_word' id='word_1_541' title='bbox 3570 3293 3627 3346; x_wconf 68' lang='grc' dir='ltr'><strong>οἱ·</strong></span> 
     </span>
    </p>
   </div>
   <div class='ocr_carea' id='block_1_67' title="bbox 449 3383 1905 3460">
    <p class='ocr_par' dir='ltr' id='par_1_67' title="bbox 449 3383 1870 3456">
     <span class='ocr_line' id='line_1_67' title="bbox 449 3383 1870 3456; baseline 0.005 -19"><span class='ocrx_word' id='word_1_542' title='bbox 449 3399 572 3438; x_wconf 91' lang='lat' dir='ltr'><strong>eum</strong></span> <span class='ocrx_word' id='word_1_543' title='bbox 609 3383 764 3439; x_wconf 90' lang='lat' dir='ltr'><strong>nobis</strong></span> <span class='ocrx_word' id='word_1_544' title='bbox 804 3391 1015 3454; x_wconf 87' lang='lat' dir='ltr'><strong>postea,</strong></span> <span class='ocrx_word' id='word_1_545' title='bbox 1048 3385 1092 3439; x_wconf 90' lang='lat' dir='ltr'><strong>si</strong></span> <span class='ocrx_word' id='word_1_546' title='bbox 1141 3387 1434 3440; x_wconf 81' lang='lat' dir='ltr'><strong>abeuntem</strong></span> <span class='ocrx_word' id='word_1_547' title='bbox 1474 3387 1870 3456; x_wconf 67' lang='lat' dir='ltr'><strong>quaesierimus,</strong></span> 
     </span>
    </p>
   </div>
   <div class='ocr_carea' id='block_1_68' title="bbox 2170 3383 3626 3460">
    <p class='ocr_par' dir='ltr' id='par_1_68' title="bbox 2170 3384 3626 3460">
     <span class='ocr_line' id='line_1_68' title="bbox 2170 3384 3626 3460; baseline -0.005 -19"><span class='ocrx_word' id='word_1_548' title='bbox 2170 3404 2222 3451; x_wconf 72' lang='lat' dir='ltr'><strong>oc;</strong></span> <span class='ocrx_word' id='word_1_549' title='bbox 2253 3387 2463 3458; x_wconf 75' lang='grc' dir='ltr'>ἔχουσιν</span> <span class='ocrx_word' id='word_1_550' title='bbox 2493 3389 2654 3443; x_wconf 86' lang='grc' dir='ltr'>αὑτὸν</span> <span class='ocrx_word' id='word_1_551' title='bbox 2677 3430 2692 3454; x_wconf 93' lang='grc'><strong>,</strong></span> <span class='ocrx_word' id='word_1_552' title='bbox 2735 3390 2829 3442; x_wconf 70' lang='grc' dir='ltr'><strong>καὶ</strong></span> <span class='ocrx_word' id='word_1_553' title='bbox 2865 3388 2940 3459; x_wconf 83' lang='grc' dir='ltr'>μὴ</span> <span class='ocrx_word' id='word_1_554' title='bbox 2970 3388 3372 3460; x_wconf 82' lang='grc' dir='ltr'>τεθεωρηκόσιν</span> <span class='ocrx_word' id='word_1_555' title='bbox 3398 3387 3540 3441; x_wconf 80' lang='grc' dir='ltr'>αὑτὸν</span> <span class='ocrx_word' id='word_1_556' title='bbox 3571 3384 3626 3435; x_wconf 66' lang='grc' dir='ltr'><strong>λέ-</strong></span> 
     </span>
    </p>
   </div>
   <div class='ocr_carea' id='block_1_69' title="bbox 449 3475 1905 3552">
    <p class='ocr_par' dir='ltr' id='par_1_69' title="bbox 449 3475 1904 3547">
     <span class='ocr_line' id='line_1_69' title="bbox 449 3475 1904 3547; baseline 0.005 -18"><span class='ocrx_word' id='word_1_557' title='bbox 449 3475 770 3542; x_wconf 87' lang='lat' dir='ltr'><strong>inventuris,</strong></span> <span class='ocrx_word' id='word_1_558' title='bbox 807 3477 900 3533; x_wconf 84' lang='lat' dir='ltr'><strong>sed</strong></span> <span class='ocrx_word' id='word_1_559' title='bbox 930 3477 985 3531; x_wconf 92' lang='lat' dir='ltr'><strong>in</strong></span> <span class='ocrx_word' id='word_1_560' title='bbox 1033 3488 1262 3547; x_wconf 89' lang='lat' dir='ltr'><strong>peccato</strong></span> <span class='ocrx_word' id='word_1_561' title='bbox 1315 3487 1502 3534; x_wconf 90' lang='lat' dir='ltr'><strong>nostro</strong></span> <span class='ocrx_word' id='word_1_562' title='bbox 1532 3481 1832 3537; x_wconf 89' lang='lat' dir='ltr'><strong>morituris.</strong></span> <span class='ocrx_word' id='word_1_563' title='bbox 1858 3483 1904 3537; x_wconf 83' lang='lat' dir='ltr'><strong>N</strong></span> 
     </span>
    </p>
   </div>
   <div class='ocr_carea' id='block_1_70' title="bbox 2171 3475 3627 3552">
    <p class='ocr_par' dir='ltr' id='par_1_70' title="bbox 2171 3476 3627 3552">
     <span class='ocr_line' id='line_1_70' title="bbox 2171 3476 3627 3552; baseline -0.003 -21"><span class='ocrx_word' id='word_1_564' title='bbox 2171 3495 2288 3532; x_wconf 73' lang='grc' dir='ltr'>ιται·</span> <span class='ocrx_word' id='word_1_565' title='bbox 2321 3498 2340 3532; x_wconf 86' lang='grc'><strong><em>‹</em></strong></span> <span class='ocrx_word' id='word_1_566' title='bbox 2380 3479 2471 3550; x_wconf 82' lang='grc' dir='ltr'><strong>Μὴ</strong></span> <span class='ocrx_word' id='word_1_567' title='bbox 2501 3479 2662 3552; x_wconf 72' lang='grc' dir='ltr'>εἴπῃς</span> <span class='ocrx_word' id='word_1_568' title='bbox 2705 3482 2764 3532; x_wconf 85' lang='grc' dir='ltr'>ὲν</span> <span class='ocrx_word' id='word_1_569' title='bbox 2802 3481 2868 3550; x_wconf 75' lang='grc' dir='ltr'>τῇ</span> <span class='ocrx_word' id='word_1_570' title='bbox 2901 3479 3098 3550; x_wconf 81' lang='grc' dir='ltr'>καρδίᾳ</span> <span class='ocrx_word' id='word_1_571' title='bbox 3136 3496 3260 3531; x_wconf 91' lang='grc' dir='ltr'>σου·</span> <span class='ocrx_word' id='word_1_572' title='bbox 3292 3478 3388 3542; x_wconf 87' lang='grc' dir='ltr'><strong>Τίς</strong></span> <span class='ocrx_word' id='word_1_573' title='bbox 3417 3476 3627 3544; x_wconf 63' lang='grc' dir='ltr'>ἀναϐήσε-</span> 
     </span>
    </p>
   </div>
   <div class='ocr_carea' id='block_1_71' title="bbox 449 3565 1905 3642">
    <p class='ocr_par' dir='ltr' id='par_1_71' title="bbox 449 3565 1905 3640">
     <span class='ocr_line' id='line_1_71' title="bbox 449 3565 1905 3640; baseline 0.005 -22"><span class='ocrx_word' id='word_1_574' title='bbox 449 3575 627 3620; x_wconf 89' lang='lat' dir='ltr'><strong>autem</strong></span> <span class='ocrx_word' id='word_1_575' title='bbox 659 3579 688 3618; x_wconf 90' lang='lat' dir='ltr'><strong>a</strong></span> <span class='ocrx_word' id='word_1_576' title='bbox 715 3579 822 3634; x_wconf 91' lang='lat' dir='ltr'><strong>quo</strong></span> <span class='ocrx_word' id='word_1_577' title='bbox 857 3565 1107 3634; x_wconf 89' lang='lat' dir='ltr'><strong>discedit,</strong></span> <span class='ocrx_word' id='word_1_578' title='bbox 1161 3577 1217 3621; x_wconf 91' lang='lat' dir='ltr'><strong>et</strong></span> <span class='ocrx_word' id='word_1_579' title='bbox 1246 3568 1386 3634; x_wconf 91' lang='lat' dir='ltr'><strong>apud</strong></span> <span class='ocrx_word' id='word_1_580' title='bbox 1437 3584 1597 3638; x_wconf 90' lang='lat' dir='ltr'><strong>quem</strong></span> <span class='ocrx_word' id='word_1_581' title='bbox 1629 3581 1831 3640; x_wconf 86' lang='lat' dir='ltr'><strong>manet,</strong></span> <span class='ocrx_word' id='word_1_582' title='bbox 1879 3589 1905 3628; x_wconf 77' lang='grc' dir='ltr'><strong>ιι</strong></span> 
     </span>
    </p>
   </div>
   <div class='ocr_carea' id='block_1_72' title="bbox 2170 3565 3626 3642">
    <p class='ocr_par' dir='ltr' id='par_1_72' title="bbox 2170 3570 3626 3642">
     <span class='ocr_line' id='line_1_72' title="bbox 2170 3570 3626 3642; baseline -0.006 -18"><span class='ocrx_word' id='word_1_583' title='bbox 2170 3589 2204 3624; x_wconf 88' lang='grc' dir='ltr'><strong>ιι</strong></span> <span class='ocrx_word' id='word_1_584' title='bbox 2237 3572 2318 3634; x_wconf 78' lang='grc' dir='ltr'>εἰς</span> <span class='ocrx_word' id='word_1_585' title='bbox 2340 3571 2432 3624; x_wconf 82' lang='grc' dir='ltr'><strong>τὸν</strong></span> <span class='ocrx_word' id='word_1_586' title='bbox 2461 3571 2721 3642; x_wconf 88' lang='grc' dir='ltr'>οὑρανόν;</span> <span class='ocrx_word' id='word_1_587' title='bbox 2758 3570 3003 3626; x_wconf 79' lang='grc' dir='ltr'>τουτέστι</span> <span class='ocrx_word' id='word_1_588' title='bbox 3043 3570 3278 3641; x_wconf 86' lang='grc' dir='ltr'>Χριστὸν</span> <span class='ocrx_word' id='word_1_589' title='bbox 3314 3570 3626 3637; x_wconf 83' lang='grc' dir='ltr'>καταγαγεῖν·</span> 
     </span>
    </p>
   </div>
   <div class='ocr_carea' id='block_1_73' title="bbox 448 3655 1904 3734">
    <p class='ocr_par' dir='ltr' id='par_1_73' title="bbox 448 3655 1901 3726">
     <span class='ocr_line' id='line_1_73' title="bbox 448 3655 1901 3726; baseline 0.006 -18"><span class='ocrx_word' id='word_1_590' title='bbox 448 3655 572 3708; x_wconf 91' lang='lat' dir='ltr'><strong>dum</strong></span> <span class='ocrx_word' id='word_1_591' title='bbox 603 3655 880 3720; x_wconf 89' lang='lat' dir='ltr'><strong>inventus,</strong></span> <span class='ocrx_word' id='word_1_592' title='bbox 910 3666 970 3710; x_wconf 88' lang='lat' dir='ltr'><strong>ut</strong></span> <span class='ocrx_word' id='word_1_593' title='bbox 999 3656 1052 3710; x_wconf 88' lang='lat' dir='ltr'><strong>in</strong></span> <span class='ocrx_word' id='word_1_594' title='bbox 1093 3665 1336 3725; x_wconf 89' lang='lat' dir='ltr'><strong>tempore</strong></span> <span class='ocrx_word' id='word_1_595' title='bbox 1367 3659 1629 3726; x_wconf 66' lang='lat' dir='ltr'><strong>quaesitus</strong></span> <span class='ocrx_word' id='word_1_596' title='bbox 1658 3661 1901 3717; x_wconf 85' lang='lat' dir='ltr'><strong>inveniat</strong></span> 
     </span>
    </p>
   </div>
   <div class='ocr_carea' id='block_1_74' title="bbox 2170 3655 3626 3734">
    <p class='ocr_par' dir='ltr' id='par_1_74' title="bbox 2200 3658 3626 3734">
     <span class='ocr_line' id='line_1_74' title="bbox 2200 3658 3626 3734; baseline -0.006 -19"><span class='ocrx_word' id='word_1_597' title='bbox 2200 3661 2296 3726; x_wconf 86' lang='grc' dir='ltr'>Τίς</span> <span class='ocrx_word' id='word_1_598' title='bbox 2329 3661 2698 3734; x_wconf 84' lang='grc' dir='ltr'>καταϐήσεται</span> <span class='ocrx_word' id='word_1_599' title='bbox 2731 3661 2812 3725; x_wconf 84' lang='grc' dir='ltr'><strong>είς</strong></span> <span class='ocrx_word' id='word_1_600' title='bbox 2839 3662 2938 3732; x_wconf 84' lang='grc' dir='ltr'>τὴν</span> <span class='ocrx_word' id='word_1_601' title='bbox 2968 3659 3200 3717; x_wconf 76' lang='grc' dir='ltr'>ἄϐυσσον</span> <span class='ocrx_word' id='word_1_602' title='bbox 3229 3677 3245 3726; x_wconf 89' lang='grc'><strong>;</strong></span> <span class='ocrx_word' id='word_1_603' title='bbox 3274 3660 3506 3713; x_wconf 83' lang='grc' dir='ltr'>τουτέστι</span> <span class='ocrx_word' id='word_1_604' title='bbox 3529 3658 3626 3726; x_wconf 78' lang='grc' dir='ltr'>Χρι-</span> 
     </span>
    </p>
   </div>
   <div class='ocr_carea' id='block_1_75' title="bbox 446 3746 1902 3825">
    <p class='ocr_par' dir='ltr' id='par_1_75' title="bbox 446 3746 1902 3825">
     <span class='ocr_line' id='line_1_75' title="bbox 446 3746 1902 3825; baseline 0.008 -25"><span class='ocrx_word' id='word_1_605' title='bbox 446 3748 642 3817; x_wconf 86' lang='lat' dir='ltr'><strong>quibus</strong></span> <span class='ocrx_word' id='word_1_606' title='bbox 658 3746 900 3818; x_wconf 81' lang='lat' dir='ltr'><strong>profecto</strong></span> <span class='ocrx_word' id='word_1_607' title='bbox 916 3749 1018 3805; x_wconf 89' lang='lat' dir='ltr'><strong>isto</strong></span> <span class='ocrx_word' id='word_1_608' title='bbox 1038 3750 1196 3805; x_wconf 92' lang='lat' dir='ltr'><strong>modo</strong></span> <span class='ocrx_word' id='word_1_609' title='bbox 1214 3749 1538 3808; x_wconf 89' lang='lat' dir='ltr'><strong>habentibus</strong></span> <span class='ocrx_word' id='word_1_610' title='bbox 1557 3768 1703 3825; x_wconf 85' lang='lat' dir='ltr'><strong>eum,</strong></span> <span class='ocrx_word' id='word_1_611' title='bbox 1722 3770 1821 3811; x_wconf 91' lang='lat' dir='ltr'><strong>nec</strong></span> <span class='ocrx_word' id='word_1_612' title='bbox 1837 3758 1902 3812; x_wconf 94' lang='lat' dir='ltr'><strong>ad</strong></span> 
     </span>
    </p>
   </div>
   <div class='ocr_carea' id='block_1_76' title="bbox 2168 3746 3624 3825">
    <p class='ocr_par' dir='ltr' id='par_1_76' title="bbox 2168 3747 3624 3824">
     <span class='ocr_line' id='line_1_76' title="bbox 2168 3747 3624 3824; baseline -0.002 -17"><span class='ocrx_word' id='word_1_613' title='bbox 2168 3753 2238 3809; x_wconf 75' lang='grc' dir='ltr'>τὸν</span> <span class='ocrx_word' id='word_1_614' title='bbox 2275 3755 2339 3806; x_wconf 87' lang='grc' dir='ltr'>ὲκ</span> <span class='ocrx_word' id='word_1_615' title='bbox 2367 3751 2577 3824; x_wconf 84' lang='grc' dir='ltr'>νεκρῶν</span> <span class='ocrx_word' id='word_1_616' title='bbox 2605 3753 2933 3821; x_wconf 85' lang='grc' dir='ltr'>ἀναγαγεῖν·</span> <span class='ocrx_word' id='word_1_617' title='bbox 2969 3750 3103 3804; x_wconf 87' lang='grc' dir='ltr'>ἀλλὰ</span> <span class='ocrx_word' id='word_1_618' title='bbox 3135 3751 3188 3803; x_wconf 88' lang='grc' dir='ltr'><strong>τί</strong></span> <span class='ocrx_word' id='word_1_619' title='bbox 3216 3750 3420 3820; x_wconf 85' lang='grc' dir='ltr'>λέγειὴ</span> <span class='ocrx_word' id='word_1_620' title='bbox 3452 3747 3624 3820; x_wconf 69' lang='grc' dir='ltr'>Γραφήί</span> 
     </span>
    </p>
   </div>
   <div class='ocr_carea' id='block_1_77' title="bbox 448 3837 1904 3914">
    <p class='ocr_par' dir='ltr' id='par_1_77' title="bbox 448 3839 1900 3904">
     <span class='ocr_line' id='line_1_77' title="bbox 448 3839 1900 3904; baseline 0.008 -12"><span class='ocrx_word' id='word_1_621' title='bbox 448 3839 598 3893; x_wconf 91' lang='lat' dir='ltr'><strong>illum</strong></span> <span class='ocrx_word' id='word_1_622' title='bbox 645 3841 950 3896; x_wconf 87' lang='lat' dir='ltr'><strong>videntibus</strong></span> <span class='ocrx_word' id='word_1_623' title='bbox 1002 3842 1199 3896; x_wconf 88' lang='lat' dir='ltr'><strong>dicitur</strong></span> <span class='ocrx_word' id='word_1_624' title='bbox 1247 3842 1429 3898; x_wconf 89' lang='lat' dir='ltr'><strong>illud:</strong></span> <span class='ocrx_word' id='word_1_625' title='bbox 1487 3862 1505 3896; x_wconf 77' lang='grc' dir='ltr'><strong>ι</strong></span> <span class='ocrx_word' id='word_1_626' title='bbox 1565 3843 1644 3900; x_wconf 84' lang='lat' dir='ltr'><strong>Ne</strong></span> <span class='ocrx_word' id='word_1_627' title='bbox 1695 3847 1900 3904; x_wconf 79' lang='lat' dir='ltr'><strong>dixeris</strong></span> 
     </span>
    </p>
   </div>
   <div class='ocr_carea' id='block_1_78' title="bbox 2172 3837 3628 3914">
    <p class='ocr_par' dir='ltr' id='par_1_78' title="bbox 2172 3837 3628 3914">
     <span class='ocr_line' id='line_1_78' title="bbox 2172 3837 3628 3914; baseline -0.017 -3"><span class='ocrx_word' id='word_1_628' title='bbox 2172 3843 2322 3913; x_wconf 75' lang='grc' dir='ltr'>ἒγγύς</span> <span class='ocrx_word' id='word_1_629' title='bbox 2357 3860 2452 3898; x_wconf 86' lang='grc' dir='ltr'>σου</span> <span class='ocrx_word' id='word_1_630' title='bbox 2477 3842 2540 3896; x_wconf 81' lang='grc' dir='ltr'><strong>τὸ</strong></span> <span class='ocrx_word' id='word_1_631' title='bbox 2566 3843 2716 3914; x_wconf 79' lang='grc' dir='ltr'>ῥῆμα</span> <span class='ocrx_word' id='word_1_632' title='bbox 2751 3841 2956 3912; x_wconf 83' lang='grc' dir='ltr'>σφόδρα</span> <span class='ocrx_word' id='word_1_633' title='bbox 2987 3843 3046 3896; x_wconf 79' lang='grc' dir='ltr'>ὲν</span> <span class='ocrx_word' id='word_1_634' title='bbox 3073 3840 3150 3911; x_wconf 81' lang='grc' dir='ltr'>τῷ</span> <span class='ocrx_word' id='word_1_635' title='bbox 3183 3839 3412 3911; x_wconf 88' lang='grc' dir='ltr'>στόματί</span> <span class='ocrx_word' id='word_1_636' title='bbox 3438 3855 3539 3901; x_wconf 84' lang='grc' dir='ltr'>σου,</span> <span class='ocrx_word' id='word_1_637' title='bbox 3563 3837 3628 3887; x_wconf 72' lang='grc' dir='ltr'><strong>καὶ</strong></span> 
     </span>
    </p>
   </div>
   <div class='ocr_carea' id='block_1_79' title="bbox 445 3927 1901 4006">
    <p class='ocr_par' dir='ltr' id='par_1_79' title="bbox 445 3931 1897 4000">
     <span class='ocr_line' id='line_1_79' title="bbox 445 3931 1897 4000; baseline 0.006 -13"><span class='ocrx_word' id='word_1_638' title='bbox 445 3934 609 3987; x_wconf 86' lang='lat' dir='ltr'><strong>corde</strong></span> <span class='ocrx_word' id='word_1_639' title='bbox 640 3945 730 3986; x_wconf 83' lang='lat' dir='ltr'><strong>tuo</strong></span> <span class='ocrx_word' id='word_1_640' title='bbox 763 3949 778 3987; x_wconf 90' lang='lat'>:</span> <span class='ocrx_word' id='word_1_641' title='bbox 819 3931 954 4000; x_wconf 87' lang='lat' dir='ltr'><strong>Quis</strong></span> <span class='ocrx_word' id='word_1_642' title='bbox 979 3935 1241 3988; x_wconf 89' lang='lat' dir='ltr'><strong>ascendet</strong></span> <span class='ocrx_word' id='word_1_643' title='bbox 1267 3935 1320 3989; x_wconf 93' lang='lat' dir='ltr'><strong>in</strong></span> <span class='ocrx_word' id='word_1_644' title='bbox 1349 3935 1586 3992; x_wconf 71' lang='lat' dir='ltr'><strong>cmlum?</strong></span> <span class='ocrx_word' id='word_1_645' title='bbox 1616 3939 1719 3994; x_wconf 90' lang='lat' dir='ltr'><strong>hoc</strong></span> <span class='ocrx_word' id='word_1_646' title='bbox 1748 3950 1832 3995; x_wconf 89' lang='lat' dir='ltr'><strong>est</strong></span> <span class='ocrx_word' id='word_1_647' title='bbox 1856 3940 1897 3997; x_wconf 89' lang='lat' dir='ltr'>C</span> 
     </span>
    </p>
   </div>
   <div class='ocr_carea' id='block_1_80' title="bbox 2171 3927 3627 4006">
    <p class='ocr_par' dir='ltr' id='par_1_80' title="bbox 2199 3927 3627 4006">
     <span class='ocr_line' id='line_1_80' title="bbox 2199 3927 3627 4006; baseline -0.006 -18"><span class='ocrx_word' id='word_1_648' title='bbox 2199 3937 2267 4006; x_wconf 82' lang='grc' dir='ltr'><strong>τῇ</strong></span> <span class='ocrx_word' id='word_1_649' title='bbox 2297 3933 2496 4006; x_wconf 80' lang='grc' dir='ltr'>καρδίᾳ</span> <span class='ocrx_word' id='word_1_650' title='bbox 2528 3951 2644 3987; x_wconf 89' lang='grc' dir='ltr'>σου.</span> <span class='ocrx_word' id='word_1_651' title='bbox 2686 3952 2705 3985; x_wconf 69' lang='grc' dir='ltr'><strong>ι</strong></span> <span class='ocrx_word' id='word_1_652' title='bbox 2735 3933 2959 3996; x_wconf 80' lang='grc' dir='ltr'>Τούτοις</span> <span class='ocrx_word' id='word_1_653' title='bbox 2995 3932 3054 3985; x_wconf 79' lang='grc' dir='ltr'>δὲ</span> <span class='ocrx_word' id='word_1_654' title='bbox 3084 3931 3474 4004; x_wconf 58' lang='grc' dir='ltr'>φιλανθρώπως</span> <span class='ocrx_word' id='word_1_655' title='bbox 3496 3933 3522 3983; x_wconf 85' lang='grc' dir='ltr'><strong>ό</strong></span> <span class='ocrx_word' id='word_1_656' title='bbox 3546 3927 3627 3979; x_wconf 86' lang='grc' dir='ltr'><strong>Σω-</strong></span> 
     </span>
    </p>
   </div>
   <div class='ocr_carea' id='block_1_81' title="bbox 446 4019 1902 4103">
    <p class='ocr_par' dir='ltr' id='par_1_81' title="bbox 446 4024 1902 4103">
     <span class='ocr_line' id='line_1_81' title="bbox 446 4024 1902 4103; baseline 0.006 -25"><span class='ocrx_word' id='word_1_657' title='bbox 446 4034 589 4078; x_wconf 89' lang='lat' dir='ltr'><strong>stum</strong></span> <span class='ocrx_word' id='word_1_658' title='bbox 627 4025 893 4079; x_wconf 91' lang='lat' dir='ltr'><strong>deducere</strong></span> <span class='ocrx_word' id='word_1_659' title='bbox 923 4040 937 4090; x_wconf 91' lang='lat'><strong>;</strong></span> <span class='ocrx_word' id='word_1_660' title='bbox 968 4025 1089 4079; x_wconf 86' lang='lat' dir='ltr'><strong>vel:</strong></span> <span class='ocrx_word' id='word_1_661' title='bbox 1128 4024 1259 4092; x_wconf 87' lang='lat' dir='ltr'><strong>Quis</strong></span> <span class='ocrx_word' id='word_1_662' title='bbox 1293 4026 1584 4083; x_wconf 86' lang='lat' dir='ltr'><strong>descendet</strong></span> <span class='ocrx_word' id='word_1_663' title='bbox 1627 4029 1681 4084; x_wconf 94' lang='lat' dir='ltr'><strong>in</strong></span> <span class='ocrx_word' id='word_1_664' title='bbox 1713 4032 1902 4103; x_wconf 87' lang='lat' dir='ltr'><strong>abyssu</strong></span> 
     </span>
    </p>
   </div>
   <div class='ocr_carea' id='block_1_82' title="bbox 2168 4019 3624 4103">
    <p class='ocr_par' dir='ltr' id='par_1_82' title="bbox 2168 4019 3624 4098">
     <span class='ocr_line' id='line_1_82' title="bbox 2168 4019 3624 4098; baseline -0.003 -17"><span class='ocrx_word' id='word_1_665' title='bbox 2168 4043 2210 4098; x_wconf 71' lang='grc' dir='ltr'>ιρ</span> <span class='ocrx_word' id='word_1_666' title='bbox 2241 4025 2582 4081; x_wconf 83' lang='grc' dir='ltr'>ὑποδείκνυσι</span> <span class='ocrx_word' id='word_1_667' title='bbox 2616 4025 2709 4079; x_wconf 80' lang='grc' dir='ltr'><strong>καὶ</strong></span> <span class='ocrx_word' id='word_1_668' title='bbox 2736 4025 2804 4080; x_wconf 79' lang='grc' dir='ltr'><strong>τὰ</strong></span> <span class='ocrx_word' id='word_1_669' title='bbox 2826 4026 2953 4095; x_wconf 77' lang='grc' dir='ltr'>περὶ</span> <span class='ocrx_word' id='word_1_670' title='bbox 2978 4025 3077 4096; x_wconf 84' lang='grc' dir='ltr'>τῆς</span> <span class='ocrx_word' id='word_1_671' title='bbox 3107 4023 3203 4077; x_wconf 89' lang='grc' dir='ltr'><strong>τοῦ</strong></span> <span class='ocrx_word' id='word_1_672' title='bbox 3229 4022 3368 4077; x_wconf 81' lang='grc' dir='ltr'>Θεοῦ</span> <span class='ocrx_word' id='word_1_673' title='bbox 3385 4019 3624 4094; x_wconf 81' lang='grc' dir='ltr'>βασιλείας.</span> 
     </span>
    </p>
   </div>
   <div class='ocr_carea' id='block_1_83' title="bbox 446 4115 1902 4195">
    <p class='ocr_par' dir='ltr' id='par_1_83' title="bbox 446 4115 1902 4194">
     <span class='ocr_line' id='line_1_83' title="bbox 446 4115 1902 4194; baseline 0.008 -27"><span class='ocrx_word' id='word_1_674' title='bbox 446 4115 550 4168; x_wconf 93' lang='lat' dir='ltr'><strong>hoc</strong></span> <span class='ocrx_word' id='word_1_675' title='bbox 599 4125 684 4169; x_wconf 90' lang='lat' dir='ltr'><strong>est</strong></span> <span class='ocrx_word' id='word_1_676' title='bbox 733 4117 1012 4172; x_wconf 85' lang='lat' dir='ltr'><strong>Christum</strong></span> <span class='ocrx_word' id='word_1_677' title='bbox 1057 4132 1120 4171; x_wconf 85' lang='lat' dir='ltr'><strong>ex</strong></span> <span class='ocrx_word' id='word_1_678' title='bbox 1155 4119 1383 4174; x_wconf 89' lang='lat' dir='ltr'><strong>mortuis</strong></span> <span class='ocrx_word' id='word_1_679' title='bbox 1413 4121 1696 4178; x_wconf 88' lang='lat' dir='ltr'><strong>reducere.</strong></span> <span class='ocrx_word' id='word_1_680' title='bbox 1747 4123 1902 4194; x_wconf 63' lang='lat' dir='ltr'><strong>Sede</strong></span> 
     </span>
    </p>
   </div>
   <div class='ocr_carea' id='block_1_84' title="bbox 2166 4115 3622 4195">
    <p class='ocr_par' dir='ltr' id='par_1_84' title="bbox 2166 4117 3622 4193">
     <span class='ocr_line' id='line_1_84' title="bbox 2166 4117 3622 4193; baseline -0.008 -18"><span class='ocrx_word' id='word_1_681' title='bbox 2166 4139 2198 4175; x_wconf 88' lang='grc' dir='ltr'><strong>α</strong></span> <span class='ocrx_word' id='word_1_682' title='bbox 2238 4121 2312 4193; x_wconf 83' lang='grc' dir='ltr'>μὴ</span> <span class='ocrx_word' id='word_1_683' title='bbox 2363 4120 2599 4190; x_wconf 79' lang='grc' dir='ltr'>ζητῶσιν</span> <span class='ocrx_word' id='word_1_684' title='bbox 2633 4119 2798 4192; x_wconf 83' lang='grc' dir='ltr'>αὑτὴν</span> <span class='ocrx_word' id='word_1_685' title='bbox 2833 4118 2940 4184; x_wconf 78' lang='grc' dir='ltr'>ἔξω</span> <span class='ocrx_word' id='word_1_686' title='bbox 2970 4118 3210 4185; x_wconf 73' lang='grc' dir='ltr'>ἑαυτῶν,</span> <span class='ocrx_word' id='word_1_687' title='bbox 3250 4118 3383 4190; x_wconf 83' lang='grc' dir='ltr'>μηδὲ</span> <span class='ocrx_word' id='word_1_688' title='bbox 3409 4117 3622 4184; x_wconf 83' lang='grc' dir='ltr'>λέγωσιν·</span> 
     </span>
    </p>
   </div>
   <div class='ocr_carea' id='block_1_85' title="bbox 445 4204 1901 4283">
    <p class='ocr_par' dir='ltr' id='par_1_85' title="bbox 445 4206 1901 4280">
     <span class='ocr_line' id='line_1_85' title="bbox 445 4206 1901 4280; baseline 0.005 -20"><span class='ocrx_word' id='word_1_689' title='bbox 445 4208 580 4260; x_wconf 90' lang='lat' dir='ltr'><strong>dicit</strong></span> <span class='ocrx_word' id='word_1_690' title='bbox 606 4206 888 4275; x_wconf 88' lang='lat' dir='ltr'><strong>Scriptura</strong></span> <span class='ocrx_word' id='word_1_691' title='bbox 917 4207 940 4259; x_wconf 67' lang='grc' dir='ltr'><strong>ἲ</strong></span> <span class='ocrx_word' id='word_1_692' title='bbox 982 4207 1285 4263; x_wconf 82' lang='lat' dir='ltr'><strong>Admodum</strong></span> <span class='ocrx_word' id='word_1_693' title='bbox 1312 4225 1476 4280; x_wconf 91' lang='lat' dir='ltr'><strong>prope</strong></span> <span class='ocrx_word' id='word_1_694' title='bbox 1503 4219 1553 4266; x_wconf 89' lang='lat' dir='ltr'><strong>te</strong></span> <span class='ocrx_word' id='word_1_695' title='bbox 1590 4222 1675 4267; x_wconf 88' lang='lat' dir='ltr'><strong>est</strong></span> <span class='ocrx_word' id='word_1_696' title='bbox 1699 4214 1901 4269; x_wconf 90' lang='lat' dir='ltr'><strong>verbun</strong></span> 
     </span>
    </p>
   </div>
   <div class='ocr_carea' id='block_1_86' title="bbox 2167 4204 3623 4283">
    <p class='ocr_par' dir='ltr' id='par_1_86' title="bbox 2175 4204 3623 4283">
     <span class='ocr_line' id='line_1_86' title="bbox 2175 4204 3623 4283; baseline -0.009 -15"><span class='ocrx_word' id='word_1_697' title='bbox 2175 4214 2304 4268; x_wconf 80' lang='grc' dir='ltr'>Ἰδοὺ</span> <span class='ocrx_word' id='word_1_698' title='bbox 2329 4207 2452 4278; x_wconf 81' lang='grc' dir='ltr'>ὧδε,</span> <span class='ocrx_word' id='word_1_699' title='bbox 2474 4213 2507 4283; x_wconf 84' lang='grc' dir='ltr'>ἢ</span> <span class='ocrx_word' id='word_1_700' title='bbox 2529 4213 2637 4266; x_wconf 82' lang='grc' dir='ltr'>ἰδοὺ</span> <span class='ocrx_word' id='word_1_701' title='bbox 2664 4214 2799 4266; x_wconf 78' lang='grc' dir='ltr'>ἐκεῖ·</span> <span class='ocrx_word' id='word_1_702' title='bbox 2821 4230 2840 4264; x_wconf 77' lang='grc' dir='ltr'><strong>ι</strong></span> <span class='ocrx_word' id='word_1_703' title='bbox 2879 4213 3013 4282; x_wconf 79' lang='grc' dir='ltr'>φησὶ</span> <span class='ocrx_word' id='word_1_704' title='bbox 3040 4211 3148 4282; x_wconf 86' lang='grc' dir='ltr'>γὰρ</span> <span class='ocrx_word' id='word_1_705' title='bbox 3173 4211 3382 4274; x_wconf 86' lang='grc' dir='ltr'>αὑτοῖς·</span> <span class='ocrx_word' id='word_1_706' title='bbox 3420 4229 3437 4262; x_wconf 76' lang='grc' dir='ltr'><strong>ι</strong></span> <span class='ocrx_word' id='word_1_707' title='bbox 3474 4209 3528 4260; x_wconf 79' lang='grc' dir='ltr'><strong><em>Ἠ</em></strong></span> <span class='ocrx_word' id='word_1_708' title='bbox 3555 4204 3623 4274; x_wconf 76' lang='grc' dir='ltr'><strong>βα-</strong></span> 
     </span>
    </p>
   </div>
   <div class='ocr_carea' id='block_1_87' title="bbox 445 4294 1901 4375">
    <p class='ocr_par' dir='ltr' id='par_1_87' title="bbox 445 4299 1901 4364">
     <span class='ocr_line' id='line_1_87' title="bbox 445 4299 1901 4364; baseline 0.005 -13"><span class='ocrx_word' id='word_1_709' title='bbox 445 4312 540 4352; x_wconf 87' lang='lat' dir='ltr'><strong>ore</strong></span> <span class='ocrx_word' id='word_1_710' title='bbox 576 4307 689 4364; x_wconf 89' lang='lat' dir='ltr'><strong>tuo,</strong></span> <span class='ocrx_word' id='word_1_711' title='bbox 723 4309 779 4352; x_wconf 91' lang='lat' dir='ltr'><strong>et</strong></span> <span class='ocrx_word' id='word_1_712' title='bbox 816 4299 869 4352; x_wconf 91' lang='lat' dir='ltr'><strong>in</strong></span> <span class='ocrx_word' id='word_1_713' title='bbox 909 4300 1071 4354; x_wconf 90' lang='lat' dir='ltr'><strong>corde</strong></span> <span class='ocrx_word' id='word_1_714' title='bbox 1108 4310 1202 4354; x_wconf 94' lang='lat' dir='ltr'><strong>tuo</strong></span> <span class='ocrx_word' id='word_1_715' title='bbox 1227 4300 1268 4354; x_wconf 83' lang='grc'><strong>⁸.</strong></span> <span class='ocrx_word' id='word_1_716' title='bbox 1307 4319 1326 4353; x_wconf 74' lang='grc' dir='ltr'><strong>ι</strong></span> <span class='ocrx_word' id='word_1_717' title='bbox 1354 4300 1587 4358; x_wconf 88' lang='lat' dir='ltr'><strong>Proinde</strong></span> <span class='ocrx_word' id='word_1_718' title='bbox 1617 4303 1702 4358; x_wconf 86' lang='lat' dir='ltr'><strong>his</strong></span> <span class='ocrx_word' id='word_1_719' title='bbox 1740 4304 1901 4359; x_wconf 88' lang='lat' dir='ltr'><strong>etiam</strong></span> 
     </span>
    </p>
   </div>
   <div class='ocr_carea' id='block_1_88' title="bbox 2169 4294 3625 4375">
    <p class='ocr_par' dir='ltr' id='par_1_88' title="bbox 2169 4294 3625 4375">
     <span class='ocr_line' id='line_1_88' title="bbox 2169 4294 3625 4375; baseline -0.004 -17"><span class='ocrx_word' id='word_1_720' title='bbox 2169 4304 2286 4360; x_wconf 77' lang='grc' dir='ltr'>λεία</span> <span class='ocrx_word' id='word_1_721' title='bbox 2315 4304 2408 4358; x_wconf 91' lang='grc' dir='ltr'><strong>τοῦ</strong></span> <span class='ocrx_word' id='word_1_722' title='bbox 2447 4304 2586 4358; x_wconf 85' lang='grc' dir='ltr'>Θεοῦ</span> <span class='ocrx_word' id='word_1_723' title='bbox 2617 4305 2770 4368; x_wconf 75' lang='grc' dir='ltr'>ἐντὸς</span> <span class='ocrx_word' id='word_1_724' title='bbox 2793 4304 2948 4375; x_wconf 86' lang='grc' dir='ltr'>ὑμῶν</span> <span class='ocrx_word' id='word_1_725' title='bbox 2976 4306 3092 4357; x_wconf 74' lang='grc' dir='ltr'>ἐστι</span> <span class='ocrx_word' id='word_1_726' title='bbox 3110 4321 3123 4334; x_wconf 95' lang='grc'><strong>·</strong></span> <span class='ocrx_word' id='word_1_727' title='bbox 3153 4322 3171 4355; x_wconf 72' lang='grc' dir='ltr'><strong>ι</strong></span> <span class='ocrx_word' id='word_1_728' title='bbox 3203 4305 3298 4356; x_wconf 79' lang='grc' dir='ltr'><strong>καὶ</strong></span> <span class='ocrx_word' id='word_1_729' title='bbox 3330 4303 3446 4356; x_wconf 83' lang='grc' dir='ltr'>ὅσον</span> <span class='ocrx_word' id='word_1_730' title='bbox 3469 4317 3524 4367; x_wconf 88' lang='grc' dir='ltr'><strong>γε</strong></span> <span class='ocrx_word' id='word_1_731' title='bbox 3552 4294 3625 4348; x_wconf 79' lang='grc' dir='ltr'><strong>σώ-</strong></span> 
     </span>
    </p>
   </div>
   <div class='ocr_carea' id='block_1_89' title="bbox 447 4387 1903 4467">
    <p class='ocr_par' dir='ltr' id='par_1_89' title="bbox 447 4388 1903 4464">
     <span class='ocr_line' id='line_1_89' title="bbox 447 4388 1903 4464; baseline 0.005 -22"><span class='ocrx_word' id='word_1_732' title='bbox 447 4389 612 4459; x_wconf 70' lang='lat' dir='ltr'><strong>nigne</strong></span> <span class='ocrx_word' id='word_1_733' title='bbox 639 4388 900 4443; x_wconf 85' lang='lat' dir='ltr'><strong>Servalor</strong></span> <span class='ocrx_word' id='word_1_734' title='bbox 927 4391 1166 4445; x_wconf 89' lang='lat' dir='ltr'><strong>ostendit</strong></span> <span class='ocrx_word' id='word_1_735' title='bbox 1188 4406 1310 4461; x_wconf 69' lang='lat' dir='ltr'><strong>qua:</strong></span> <span class='ocrx_word' id='word_1_736' title='bbox 1343 4391 1408 4444; x_wconf 90' lang='lat' dir='ltr'><strong>ad</strong></span> <span class='ocrx_word' id='word_1_737' title='bbox 1450 4405 1674 4460; x_wconf 73' lang='lat' dir='ltr'><strong>regnum</strong></span> <span class='ocrx_word' id='word_1_738' title='bbox 1707 4394 1802 4449; x_wconf 89' lang='lat' dir='ltr'><strong>Dei</strong></span> <span class='ocrx_word' id='word_1_739' title='bbox 1843 4409 1903 4464; x_wconf 88' lang='lat' dir='ltr'><strong>pe</strong></span> 
     </span>
    </p>
   </div>
   <div class='ocr_carea' id='block_1_90' title="bbox 2167 4387 3623 4467">
    <p class='ocr_par' dir='ltr' id='par_1_90' title="bbox 2167 4387 3623 4467">
     <span class='ocr_line' id='line_1_90' title="bbox 2167 4387 3623 4467; baseline -0.002 -17"><span class='ocrx_word' id='word_1_740' title='bbox 2167 4413 2274 4467; x_wconf 83' lang='grc' dir='ltr'>ιμεν</span> <span class='ocrx_word' id='word_1_741' title='bbox 2311 4394 2382 4449; x_wconf 79' lang='grc' dir='ltr'>τὰ</span> <span class='ocrx_word' id='word_1_742' title='bbox 2435 4395 2773 4466; x_wconf 72' lang='grc' dir='ltr'>ὲνσπαρέντα</span> <span class='ocrx_word' id='word_1_743' title='bbox 2807 4397 2838 4466; x_wconf 82' lang='grc' dir='ltr'>ἡ</span> <span class='ocrx_word' id='word_1_744' title='bbox 2850 4394 2964 4466; x_wconf 89' lang='grc' dir='ltr'><strong>μῶν</strong></span> <span class='ocrx_word' id='word_1_745' title='bbox 3013 4397 3079 4466; x_wconf 81' lang='grc' dir='ltr'>τῇ</span> <span class='ocrx_word' id='word_1_746' title='bbox 3111 4393 3255 4464; x_wconf 76' lang='grc' dir='ltr'><strong>ψυχῇ</strong></span> <span class='ocrx_word' id='word_1_747' title='bbox 3289 4393 3388 4462; x_wconf 77' lang='grc' dir='ltr'>τῆς</span> <span class='ocrx_word' id='word_1_748' title='bbox 3417 4387 3623 4459; x_wconf 72' lang='grc' dir='ltr'>ἀληθείας</span> 
     </span>
    </p>
   </div>
   <div class='ocr_carea' id='block_1_91' title="bbox 444 4476 1900 4562">
    <p class='ocr_par' dir='ltr' id='par_1_91' title="bbox 444 4481 1898 4554">
     <span class='ocr_line' id='line_1_91' title="bbox 444 4481 1898 4554; baseline 0.007 -22"><span class='ocrx_word' id='word_1_749' title='bbox 444 4489 592 4546; x_wconf 87' lang='lat' dir='ltr'><strong>nent,</strong></span> <span class='ocrx_word' id='word_1_750' title='bbox 612 4494 679 4534; x_wconf 89' lang='lat' dir='ltr'><strong>ne</strong></span> <span class='ocrx_word' id='word_1_751' title='bbox 712 4489 957 4548; x_wconf 72' lang='lat' dir='ltr'><strong>quaerant</strong></span> <span class='ocrx_word' id='word_1_752' title='bbox 979 4481 1108 4536; x_wconf 91' lang='lat' dir='ltr'><strong>illud</strong></span> <span class='ocrx_word' id='word_1_753' title='bbox 1138 4491 1293 4538; x_wconf 81' lang='lat' dir='ltr'><strong>extra</strong></span> <span class='ocrx_word' id='word_1_754' title='bbox 1323 4483 1552 4554; x_wconf 88' lang='lat' dir='ltr'><strong>seipsos,</strong></span> <span class='ocrx_word' id='word_1_755' title='bbox 1577 4499 1752 4554; x_wconf 82' lang='lat' dir='ltr'><strong>neque</strong></span> <span class='ocrx_word' id='word_1_756' title='bbox 1782 4487 1898 4542; x_wconf 89' lang='lat' dir='ltr'><strong>dica</strong></span> 
     </span>
    </p>
   </div>
   <div class='ocr_carea' id='block_1_92' title="bbox 2166 4476 3622 4562">
    <p class='ocr_par' dir='ltr' id='par_1_92' title="bbox 2166 4479 3622 4562">
     <span class='ocr_line' id='line_1_92' title="bbox 2166 4479 3622 4562; baseline -0.01 -20"><span class='ocrx_word' id='word_1_757' title='bbox 2166 4489 2416 4562; x_wconf 76' lang='grc' dir='ltr'>τέρματα,</span> <span class='ocrx_word' id='word_1_758' title='bbox 2445 4487 2539 4540; x_wconf 69' lang='grc' dir='ltr'>καὶ</span> <span class='ocrx_word' id='word_1_759' title='bbox 2568 4488 2668 4550; x_wconf 85' lang='grc' dir='ltr'>τὰς</span> <span class='ocrx_word' id='word_1_760' title='bbox 2692 4486 2867 4558; x_wconf 85' lang='grc' dir='ltr'>ἀρχὰς</span> <span class='ocrx_word' id='word_1_761' title='bbox 2892 4486 3081 4557; x_wconf 80' lang='grc' dir='ltr'>αὐτῆς,</span> <span class='ocrx_word' id='word_1_762' title='bbox 3107 4485 3318 4540; x_wconf 83' lang='grc' dir='ltr'>οὐδέπω</span> <span class='ocrx_word' id='word_1_763' title='bbox 3343 4479 3622 4553; x_wconf 78' lang='grc' dir='ltr'>ἀπελήλυθεν</span> 
     </span>
    </p>
   </div>
   <div class='ocr_carea' id='block_1_93' title="bbox 449 4571 1905 4654">
    <p class='ocr_par' dir='ltr' id='par_1_93' title="bbox 449 4571 1902 4647">
     <span class='ocr_line' id='line_1_93' title="bbox 449 4571 1902 4647; baseline 0.009 -26"><span class='ocrx_word' id='word_1_764' title='bbox 449 4588 466 4620; x_wconf 77' lang='grc' dir='ltr'><strong>ι</strong></span> <span class='ocrx_word' id='word_1_765' title='bbox 521 4571 657 4625; x_wconf 88' lang='lat' dir='ltr'><strong>Ecce</strong></span> <span class='ocrx_word' id='word_1_766' title='bbox 705 4574 812 4639; x_wconf 90' lang='lat' dir='ltr'><strong>hic,</strong></span> <span class='ocrx_word' id='word_1_767' title='bbox 862 4574 947 4628; x_wconf 86' lang='lat' dir='ltr'><strong>vel</strong></span> <span class='ocrx_word' id='word_1_768' title='bbox 991 4589 1120 4630; x_wconf 89' lang='lat' dir='ltr'><strong>ecce</strong></span> <span class='ocrx_word' id='word_1_769' title='bbox 1169 4575 1366 4640; x_wconf 85' lang='lat' dir='ltr'><strong>illic&#39;;</strong></span> <span class='ocrx_word' id='word_1_770' title='bbox 1415 4595 1435 4628; x_wconf 74' lang='grc' dir='ltr'><strong>ι</strong></span> <span class='ocrx_word' id='word_1_771' title='bbox 1473 4578 1648 4647; x_wconf 90' lang='lat' dir='ltr'><strong>inquit</strong></span> <span class='ocrx_word' id='word_1_772' title='bbox 1679 4579 1824 4633; x_wconf 91' lang='lat' dir='ltr'><strong>enim</strong></span> <span class='ocrx_word' id='word_1_773' title='bbox 1872 4595 1902 4634; x_wconf 87' lang='lat' dir='ltr'><strong>e</strong></span> 
     </span>
    </p>
   </div>
   <div class='ocr_carea' id='block_1_94' title="bbox 2166 4571 3622 4654">
    <p class='ocr_par' dir='ltr' id='par_1_94' title="bbox 2166 4576 3622 4654">
     <span class='ocr_line' id='line_1_94' title="bbox 2166 4576 3622 4654; baseline -0.019 -2"><span class='ocrx_word' id='word_1_774' title='bbox 2166 4584 2200 4652; x_wconf 48' lang='lat' dir='ltr'><strong>P’</strong></span> <span class='ocrx_word' id='word_1_775' title='bbox 2225 4582 2381 4654; x_wconf 63' lang='grc' dir='ltr'><strong>ἡμῶν</strong></span> <span class='ocrx_word' id='word_1_776' title='bbox 2409 4585 2438 4636; x_wconf 70' lang='grc' dir='ltr'><strong>ὁ</strong></span> <span class='ocrx_word' id='word_1_777' title='bbox 2469 4582 2668 4650; x_wconf 82' lang='grc' dir='ltr'>Λόγος·</span> <span class='ocrx_word' id='word_1_778' title='bbox 2721 4581 2818 4634; x_wconf 67' lang='grc' dir='ltr'><strong>ἐὰν</strong></span> <span class='ocrx_word' id='word_1_779' title='bbox 2853 4580 2910 4633; x_wconf 79' lang='grc' dir='ltr'>δὲ</span> <span class='ocrx_word' id='word_1_780' title='bbox 2955 4579 3062 4634; x_wconf 84' lang='grc' dir='ltr'><strong>ἀπὸ</strong></span> <span class='ocrx_word' id='word_1_781' title='bbox 3093 4579 3195 4649; x_wconf 82' lang='grc' dir='ltr'>τῆς</span> <span class='ocrx_word' id='word_1_782' title='bbox 3239 4579 3381 4632; x_wconf 75' lang='grc' dir='ltr'>κατὰ</span> <span class='ocrx_word' id='word_1_783' title='bbox 3425 4576 3510 4646; x_wconf 84' lang='grc' dir='ltr'>τὴν</span> <span class='ocrx_word' id='word_1_784' title='bbox 3551 4587 3622 4622; x_wconf 80' lang='grc' dir='ltr'>κα-</span> 
     </span>
    </p>
   </div>
   <div class='ocr_carea' id='block_1_95' title="bbox 447 4662 1903 4747">
    <p class='ocr_par' dir='ltr' id='par_1_95' title="bbox 447 4662 1903 4739">
     <span class='ocr_line' id='line_1_95' title="bbox 447 4662 1903 4739; baseline 0.005 -24"><span class='ocrx_word' id='word_1_785' title='bbox 447 4681 467 4715; x_wconf 68' lang='grc' dir='ltr'><strong>ι</strong></span> <span class='ocrx_word' id='word_1_786' title='bbox 507 4662 749 4733; x_wconf 79' lang='lat' dir='ltr'><strong>Regnum</strong></span> <span class='ocrx_word' id='word_1_787' title='bbox 781 4664 876 4720; x_wconf 90' lang='lat' dir='ltr'><strong>Dei</strong></span> <span class='ocrx_word' id='word_1_788' title='bbox 912 4667 1052 4720; x_wconf 89' lang='lat' dir='ltr'><strong>intra</strong></span> <span class='ocrx_word' id='word_1_789' title='bbox 1077 4679 1175 4721; x_wconf 84' lang='lat' dir='ltr'><strong>vos</strong></span> <span class='ocrx_word' id='word_1_790' title='bbox 1201 4676 1286 4722; x_wconf 89' lang='lat' dir='ltr'><strong>est</strong></span> <span class='ocrx_word' id='word_1_791' title='bbox 1315 4684 1330 4723; x_wconf 87' lang='lat'><strong>:</strong></span> <span class='ocrx_word' id='word_1_792' title='bbox 1358 4686 1378 4720; x_wconf 79' lang='grc' dir='ltr'><strong>ι</strong></span> <span class='ocrx_word' id='word_1_793' title='bbox 1411 4679 1468 4722; x_wconf 89' lang='lat' dir='ltr'><strong>et</strong></span> <span class='ocrx_word' id='word_1_794' title='bbox 1499 4670 1740 4737; x_wconf 90' lang='lat' dir='ltr'><strong>quandiu</strong></span> <span class='ocrx_word' id='word_1_795' title='bbox 1780 4670 1903 4739; x_wconf 93' lang='lat' dir='ltr'><strong>quid</strong></span> 
     </span>
    </p>
   </div>
   <div class='ocr_carea' id='block_1_96' title="bbox 2163 4662 3619 4747">
    <p class='ocr_par' dir='ltr' id='par_1_96' title="bbox 2163 4664 3619 4747">
     <span class='ocr_line' id='line_1_96' title="bbox 2163 4664 3619 4747; baseline -0.01 -17"><span class='ocrx_word' id='word_1_796' title='bbox 2163 4678 2231 4730; x_wconf 85' lang='grc' dir='ltr'><strong>αν</strong></span> <span class='ocrx_word' id='word_1_797' title='bbox 2255 4675 2462 4747; x_wconf 83' lang='grc' dir='ltr'>χύσεως</span> <span class='ocrx_word' id='word_1_798' title='bbox 2480 4673 2886 4746; x_wconf 85' lang='grc' dir='ltr'>διαφθαρῶμεν,</span> <span class='ocrx_word' id='word_1_799' title='bbox 2922 4673 3043 4726; x_wconf 85' lang='grc' dir='ltr'>τότε</span> <span class='ocrx_word' id='word_1_800' title='bbox 3089 4674 3220 4743; x_wconf 83' lang='grc' dir='ltr'>ἡμῖν</span> <span class='ocrx_word' id='word_1_801' title='bbox 3267 4673 3414 4743; x_wconf 84' lang='grc' dir='ltr'>ὲρεῖ,</span> <span class='ocrx_word' id='word_1_802' title='bbox 3455 4664 3619 4719; x_wconf 75' lang='grc' dir='ltr'>«Ὑπά-</span> 
     </span>
    </p>
   </div>
   <div class='ocr_carea' id='block_1_97' title="bbox 441 4749 1897 4836">
    <p class='ocr_par' dir='ltr' id='par_1_97' title="bbox 441 4756 1897 4828">
     <span class='ocr_line' id='line_1_97' title="bbox 441 4756 1897 4828; baseline 0.005 -22"><span class='ocrx_word' id='word_1_803' title='bbox 441 4768 721 4809; x_wconf 87' lang='lat' dir='ltr'><strong>servamus</strong></span> <span class='ocrx_word' id='word_1_804' title='bbox 743 4756 941 4810; x_wconf 66' lang='lat' dir='ltr'><strong>animae</strong></span> <span class='ocrx_word' id='word_1_805' title='bbox 975 4765 1176 4812; x_wconf 63' lang='lat' dir='ltr'><strong>nostra;</strong></span> <span class='ocrx_word' id='word_1_806' title='bbox 1205 4757 1458 4828; x_wconf 56' lang='lat' dir='ltr'><strong>Lingeuita</strong></span> <span class='ocrx_word' id='word_1_807' title='bbox 1491 4759 1734 4814; x_wconf 85' lang='lat' dir='ltr'><strong>veritatis</strong></span> <span class='ocrx_word' id='word_1_808' title='bbox 1763 4761 1897 4814; x_wconf 90' lang='lat' dir='ltr'><strong>semi</strong></span> 
     </span>
    </p>
   </div>
   <div class='ocr_carea' id='block_1_98' title="bbox 2161 4749 3617 4836">
    <p class='ocr_par' dir='ltr' id='par_1_98' title="bbox 2161 4749 3617 4834">
     <span class='ocr_line' id='line_1_98' title="bbox 2161 4749 3617 4834; baseline -0.007 -15"><span class='ocrx_word' id='word_1_809' title='bbox 2161 4785 2186 4820; x_wconf 85' lang='grc' dir='ltr'>ι)</span> <span class='ocrx_word' id='word_1_810' title='bbox 2213 4807 2228 4830; x_wconf 92' lang='grc'><strong>,</strong></span> <span class='ocrx_word' id='word_1_811' title='bbox 2269 4785 2288 4818; x_wconf 72' lang='grc' dir='ltr'><strong>ι</strong></span> <span class='ocrx_word' id='word_1_812' title='bbox 2331 4767 2448 4830; x_wconf 79' lang='grc' dir='ltr'>ἵνα,</span> <span class='ocrx_word' id='word_1_813' title='bbox 2505 4762 2608 4817; x_wconf 78' lang='grc' dir='ltr'><strong>κᾶν</strong></span> <span class='ocrx_word' id='word_1_814' title='bbox 2641 4749 2892 4834; x_wconf 76' lang='grc' dir='ltr'>ζητῶμεν</span> <span class='ocrx_word' id='word_1_815' title='bbox 2946 4761 3132 4824; x_wconf 86' lang='grc' dir='ltr'>αὑτὸν,</span> <span class='ocrx_word' id='word_1_816' title='bbox 3172 4761 3272 4832; x_wconf 86' lang='grc' dir='ltr'><strong>οὑχ</strong></span> <span class='ocrx_word' id='word_1_817' title='bbox 3313 4759 3617 4831; x_wconf 78' lang='grc' dir='ltr'>εὑρήσωμεν.</span> 
     </span>
    </p>
   </div>
   <div class='ocr_carea' id='block_1_99' title="bbox 440 4847 1896 4928">
    <p class='ocr_par' dir='ltr' id='par_1_99' title="bbox 440 4847 1882 4918">
     <span class='ocr_line' id='line_1_99' title="bbox 440 4847 1882 4918; baseline 0.006 -21"><span class='ocrx_word' id='word_1_818' title='bbox 440 4847 666 4914; x_wconf 86' lang='lat' dir='ltr'><strong>ejusque</strong></span> <span class='ocrx_word' id='word_1_819' title='bbox 721 4847 1019 4918; x_wconf 90' lang='lat' dir='ltr'><strong>principia,</strong></span> <span class='ocrx_word' id='word_1_820' title='bbox 1057 4864 1331 4918; x_wconf 88' lang='lat' dir='ltr'><strong>nunquam</strong></span> <span class='ocrx_word' id='word_1_821' title='bbox 1363 4865 1395 4904; x_wconf 90' lang='lat' dir='ltr'><strong>a</strong></span> <span class='ocrx_word' id='word_1_822' title='bbox 1446 4850 1603 4905; x_wconf 88' lang='lat' dir='ltr'><strong>nobis</strong></span> <span class='ocrx_word' id='word_1_823' title='bbox 1650 4850 1882 4906; x_wconf 87' lang='lat' dir='ltr'><strong>discedit</strong></span> 
     </span>
    </p>
   </div>
   <div class='ocr_carea' id='block_1_100' title="bbox 2159 4847 3615 4928">
    <p class='ocr_par' dir='ltr' id='par_1_100' title="bbox 2159 4852 3615 4928">
     <span class='ocr_line' id='line_1_100' title="bbox 2159 4852 3615 4928; baseline -0.013 -14"><span class='ocrx_word' id='word_1_824' title='bbox 2159 4860 2220 4913; x_wconf 64' lang='lat'><strong>0&quot;</strong></span> <span class='ocrx_word' id='word_1_825' title='bbox 2263 4861 2320 4912; x_wconf 83' lang='grc' dir='ltr'>ὲν</span> <span class='ocrx_word' id='word_1_826' title='bbox 2364 4859 2431 4928; x_wconf 77' lang='grc' dir='ltr'>τῇ</span> <span class='ocrx_word' id='word_1_827' title='bbox 2477 4856 2722 4928; x_wconf 81' lang='grc' dir='ltr'>ἁμαρτίᾳ</span> <span class='ocrx_word' id='word_1_828' title='bbox 2782 4853 2942 4926; x_wconf 80' lang='grc' dir='ltr'>ἡμῶν</span> <span class='ocrx_word' id='word_1_829' title='bbox 2993 4852 3438 4923; x_wconf 80' lang='grc' dir='ltr'>ἀποθανούμεθα,</span> <span class='ocrx_word' id='word_1_830' title='bbox 3487 4860 3615 4900; x_wconf 80' lang='grc' dir='ltr'>κατα-</span> 
     </span>
    </p>
   </div>
   <div class='ocr_carea' id='block_1_101' title="bbox 439 4934 1895 5022">
    <p class='ocr_par' dir='ltr' id='par_1_101' title="bbox 439 4936 1895 5010">
     <span class='ocr_line' id='line_1_101' title="bbox 439 4936 1895 5010; baseline 0.005 -22"><span class='ocrx_word' id='word_1_831' title='bbox 439 4936 631 5004; x_wconf 84' lang='grc' dir='ltr'>Λόγος,</span> <span class='ocrx_word' id='word_1_832' title='bbox 667 4937 745 5007; x_wconf 81' lang='lat' dir='ltr'><strong>[id</strong></span> <span class='ocrx_word' id='word_1_833' title='bbox 778 4947 882 5003; x_wconf 86' lang='lat' dir='ltr'><strong>est,</strong></span> <span class='ocrx_word' id='word_1_834' title='bbox 927 4938 1064 4993; x_wconf 90' lang='lat' dir='ltr'><strong>ratio</strong></span> <span class='ocrx_word' id='word_1_835' title='bbox 1091 4948 1146 4993; x_wconf 89' lang='lat' dir='ltr'><strong>et</strong></span> <span class='ocrx_word' id='word_1_836' title='bbox 1171 4939 1339 4994; x_wconf 89' lang='lat' dir='ltr'><strong>Filius</strong></span> <span class='ocrx_word' id='word_1_837' title='bbox 1384 4938 1530 5010; x_wconf 79' lang='lat' dir='ltr'><strong>Dei.]</strong></span> <span class='ocrx_word' id='word_1_838' title='bbox 1578 4939 1729 5006; x_wconf 84' lang='lat' dir='ltr'><strong>Quod</strong></span> <span class='ocrx_word' id='word_1_839' title='bbox 1762 4940 1807 4995; x_wconf 91' lang='lat' dir='ltr'><strong>si</strong></span> <span class='ocrx_word' id='word_1_840' title='bbox 1849 4957 1895 4994; x_wconf 91' lang='lat' dir='ltr'><strong>m</strong></span> 
     </span>
    </p>
   </div>
   <div class='ocr_carea' id='block_1_102' title="bbox 2161 4934 3617 5022">
    <p class='ocr_par' dir='ltr' id='par_1_102' title="bbox 2161 4934 3617 5022">
     <span class='ocr_line' id='line_1_102' title="bbox 2161 4934 3617 5022; baseline -0.009 -19"><span class='ocrx_word' id='word_1_841' title='bbox 2161 4949 2503 5022; x_wconf 86' lang='grc' dir='ltr'>ιμϐανόμενοι</span> <span class='ocrx_word' id='word_1_842' title='bbox 2557 4950 2615 5002; x_wconf 79' lang='grc' dir='ltr'>ὲν</span> <span class='ocrx_word' id='word_1_843' title='bbox 2658 4947 2832 5018; x_wconf 80' lang='grc' dir='ltr'>αὑτῇ,</span> <span class='ocrx_word' id='word_1_844' title='bbox 2867 4947 2962 4999; x_wconf 77' lang='grc' dir='ltr'>καὶ</span> <span class='ocrx_word' id='word_1_845' title='bbox 2993 4944 3520 5017; x_wconf 83' lang='grc' dir='ltr'>παραλαμϐανόμενοι</span> <span class='ocrx_word' id='word_1_846' title='bbox 3541 4934 3617 4990; x_wconf 73' lang='grc' dir='ltr'><strong>ὑτὸ</strong></span> 
     </span>
    </p>
   </div>
   <div class='ocr_carea' id='block_1_103' title="bbox 441 5025 1897 5111">
    <p class='ocr_par' dir='ltr' id='par_1_103' title="bbox 441 5028 1897 5102">
     <span class='ocr_line' id='line_1_103' title="bbox 441 5028 1897 5102; baseline 0.005 -22"><span class='ocrx_word' id='word_1_847' title='bbox 441 5029 528 5081; x_wconf 83' lang='lat' dir='ltr'><strong>tiae</strong></span> <span class='ocrx_word' id='word_1_848' title='bbox 573 5028 928 5084; x_wconf 89' lang='lat' dir='ltr'><strong>dissolutione</strong></span> <span class='ocrx_word' id='word_1_849' title='bbox 955 5032 1194 5102; x_wconf 90' lang='lat' dir='ltr'><strong>corrupti</strong></span> <span class='ocrx_word' id='word_1_850' title='bbox 1245 5032 1532 5098; x_wconf 78' lang='lat' dir='ltr'><strong>fuerimus,</strong></span> <span class='ocrx_word' id='word_1_851' title='bbox 1591 5043 1718 5088; x_wconf 92' lang='lat' dir='ltr'><strong>tunc</strong></span> <span class='ocrx_word' id='word_1_852' title='bbox 1747 5032 1897 5087; x_wconf 93' lang='lat' dir='ltr'><strong>nobis</strong></span> 
     </span>
    </p>
   </div>
   <div class='ocr_carea' id='block_1_104' title="bbox 2159 5025 3615 5111">
    <p class='ocr_par' dir='ltr' id='par_1_104' title="bbox 2159 5025 3615 5111">
     <span class='ocr_line' id='line_1_104' title="bbox 2159 5025 3615 5111; baseline -0.008 -18"><span class='ocrx_word' id='word_1_853' title='bbox 2159 5040 2306 5111; x_wconf 84' lang='grc' dir='ltr'>ιὺτης</span> <span class='ocrx_word' id='word_1_854' title='bbox 2353 5039 2458 5092; x_wconf 82' lang='grc' dir='ltr'><strong>ὑπὸ</strong></span> <span class='ocrx_word' id='word_1_855' title='bbox 2500 5037 2610 5092; x_wconf 88' lang='grc' dir='ltr'><strong>τῶν</strong></span> <span class='ocrx_word' id='word_1_856' title='bbox 2649 5037 2995 5108; x_wconf 87' lang='grc' dir='ltr'>τεταγμένων</span> <span class='ocrx_word' id='word_1_857' title='bbox 3029 5037 3119 5089; x_wconf 75' lang='grc' dir='ltr'>ἐπὶ</span> <span class='ocrx_word' id='word_1_858' title='bbox 3155 5034 3234 5106; x_wconf 81' lang='grc' dir='ltr'>τῷ</span> <span class='ocrx_word' id='word_1_859' title='bbox 3286 5033 3515 5089; x_wconf 83' lang='grc' dir='ltr'>ἀπαιτεῖν</span> <span class='ocrx_word' id='word_1_860' title='bbox 3543 5025 3615 5094; x_wconf 74' lang='grc' dir='ltr'>τὴν</span> 
     </span>
    </p>
   </div>
   <div class='ocr_carea' id='block_1_105' title="bbox 439 5118 1895 5204">
    <p class='ocr_par' dir='ltr' id='par_1_105' title="bbox 439 5118 1895 5190">
     <span class='ocr_line' id='line_1_105' title="bbox 439 5118 1895 5190; baseline 0.002 -18"><span class='ocrx_word' id='word_1_861' title='bbox 439 5129 630 5173; x_wconf 88' lang='lat' dir='ltr'><strong>cturus</strong></span> <span class='ocrx_word' id='word_1_862' title='bbox 659 5127 786 5177; x_wconf 87' lang='lat' dir='ltr'><strong>est:</strong></span> <span class='ocrx_word' id='word_1_863' title='bbox 819 5138 838 5170; x_wconf 75' lang='grc' dir='ltr'><strong>ι</strong></span> <span class='ocrx_word' id='word_1_864' title='bbox 870 5118 1054 5189; x_wconf 86' lang='lat' dir='ltr'><strong>Vado;</strong></span> <span class='ocrx_word' id='word_1_865' title='bbox 1095 5141 1115 5175; x_wconf 74' lang='grc' dir='ltr'><strong>ι</strong></span> <span class='ocrx_word' id='word_1_866' title='bbox 1157 5139 1261 5178; x_wconf 89' lang='lat' dir='ltr'><strong>non</strong></span> <span class='ocrx_word' id='word_1_867' title='bbox 1294 5125 1594 5179; x_wconf 86' lang='lat' dir='ltr'><strong>inventuris</strong></span> <span class='ocrx_word' id='word_1_868' title='bbox 1621 5125 1895 5190; x_wconf 23' lang='lat' dir='ltr'><strong>illum,etii</strong></span> 
     </span>
    </p>
   </div>
   <div class='ocr_carea' id='block_1_106' title="bbox 2157 5118 3613 5204">
    <p class='ocr_par' dir='ltr' id='par_1_106' title="bbox 2157 5119 3613 5204">
     <span class='ocr_line' id='line_1_106' title="bbox 2157 5119 3613 5204; baseline -0.005 -20"><span class='ocrx_word' id='word_1_869' title='bbox 2157 5132 2314 5204; x_wconf 64' lang='grc' dir='ltr'>δχὴν,</span> <span class='ocrx_word' id='word_1_870' title='bbox 2383 5126 2523 5185; x_wconf 84' lang='grc' dir='ltr'><strong>κατά</strong></span> <span class='ocrx_word' id='word_1_871' title='bbox 2571 5130 2662 5183; x_wconf 82' lang='grc' dir='ltr'><strong>τὸν</strong></span> <span class='ocrx_word' id='word_1_872' title='bbox 2718 5129 2974 5182; x_wconf 76' lang='grc' dir='ltr'>εἰπόντα·</span> <span class='ocrx_word' id='word_1_873' title='bbox 3029 5147 3047 5180; x_wconf 76' lang='grc' dir='ltr'><strong>ι</strong></span> <span class='ocrx_word' id='word_1_874' title='bbox 3080 5129 3286 5198; x_wconf 78' lang='grc' dir='ltr'>Ἀφρον</span> <span class='ocrx_word' id='word_1_875' title='bbox 3311 5165 3326 5189; x_wconf 92' lang='grc'><strong>,</strong></span> <span class='ocrx_word' id='word_1_876' title='bbox 3379 5122 3530 5194; x_wconf 71' lang='grc' dir='ltr'>ταύτῃ</span> <span class='ocrx_word' id='word_1_877' title='bbox 3566 5119 3613 5185; x_wconf 73' lang='grc' dir='ltr'>τῇ</span> 
     </span>
    </p>
   </div>
   <div class='ocr_carea' id='block_1_107' title="bbox 434 5210 1890 5292">
    <p class='ocr_par' dir='ltr' id='par_1_107' title="bbox 434 5211 1885 5286">
     <span class='ocr_line' id='line_1_107' title="bbox 434 5211 1885 5286; baseline 0.003 -20"><span class='ocrx_word' id='word_1_878' title='bbox 434 5211 484 5266; x_wconf 70' lang='grc' dir='ltr'>οἱ</span> <span class='ocrx_word' id='word_1_879' title='bbox 515 5226 820 5280; x_wconf 59' lang='lat' dir='ltr'><strong>quaeramus</strong></span> <span class='ocrx_word' id='word_1_880' title='bbox 849 5214 1104 5282; x_wconf 89' lang='lat' dir='ltr'><strong>maxime,</strong></span> <span class='ocrx_word' id='word_1_881' title='bbox 1137 5216 1232 5270; x_wconf 92' lang='lat' dir='ltr'><strong>sed</strong></span> <span class='ocrx_word' id='word_1_882' title='bbox 1275 5217 1328 5270; x_wconf 91' lang='lat' dir='ltr'><strong>in</strong></span> <span class='ocrx_word' id='word_1_883' title='bbox 1359 5225 1581 5286; x_wconf 88' lang='lat' dir='ltr'><strong>peccato</strong></span> <span class='ocrx_word' id='word_1_884' title='bbox 1621 5226 1810 5272; x_wconf 91' lang='lat' dir='ltr'><strong>nostro</strong></span> <span class='ocrx_word' id='word_1_885' title='bbox 1835 5233 1885 5270; x_wconf 93' lang='lat' dir='ltr'><strong>m</strong></span> 
     </span>
    </p>
   </div>
   <div class='ocr_carea' id='block_1_108' title="bbox 2155 5210 3611 5292">
    <p class='ocr_par' dir='ltr' id='par_1_108' title="bbox 2155 5210 3611 5292">
     <span class='ocr_line' id='line_1_108' title="bbox 2155 5210 3611 5292; baseline 0 -16"><span class='ocrx_word' id='word_1_886' title='bbox 2155 5224 2259 5276; x_wconf 70' lang='grc' dir='ltr'>ικτὶ</span> <span class='ocrx_word' id='word_1_887' title='bbox 2294 5221 2582 5276; x_wconf 80' lang='grc' dir='ltr'>ἀπαιτοῦσι</span> <span class='ocrx_word' id='word_1_888' title='bbox 2609 5219 2706 5292; x_wconf 79' lang='grc' dir='ltr'>τὴν</span> <span class='ocrx_word' id='word_1_889' title='bbox 2737 5220 2915 5292; x_wconf 84' lang='grc' dir='ltr'>ψυχήν</span> <span class='ocrx_word' id='word_1_890' title='bbox 2945 5237 3037 5273; x_wconf 91' lang='grc' dir='ltr'><strong>σου</strong></span> <span class='ocrx_word' id='word_1_891' title='bbox 3085 5219 3193 5274; x_wconf 83' lang='grc' dir='ltr'><strong>ἀπὸ</strong></span> <span class='ocrx_word' id='word_1_892' title='bbox 3223 5218 3338 5272; x_wconf 90' lang='grc' dir='ltr'>σοῦ.</span> <span class='ocrx_word' id='word_1_893' title='bbox 3377 5234 3394 5268; x_wconf 75' lang='grc' dir='ltr'><strong>ι</strong></span> <span class='ocrx_word' id='word_1_894' title='bbox 3424 5214 3492 5270; x_wconf 81' lang='grc' dir='ltr'><strong>Οὐ</strong></span> <span class='ocrx_word' id='word_1_895' title='bbox 3533 5210 3611 5282; x_wconf 69' lang='grc' dir='ltr'><strong>χρῆ</strong></span> 
     </span>
    </p>
   </div>
   <div class='ocr_carea' id='block_1_109' title="bbox 439 5297 1895 5384">
    <p class='ocr_par' dir='ltr' id='par_1_109' title="bbox 439 5303 1874 5378">
     <span class='ocr_line' id='line_1_109' title="bbox 439 5303 1874 5378; baseline 0.007 -24"><span class='ocrx_word' id='word_1_896' title='bbox 439 5303 599 5367; x_wconf 88' lang='lat' dir='ltr'><strong>tur-is,</strong></span> <span class='ocrx_word' id='word_1_897' title='bbox 648 5303 1001 5372; x_wconf 88' lang='lat' dir='ltr'><strong>deprehensis</strong></span> <span class='ocrx_word' id='word_1_898' title='bbox 1036 5306 1088 5361; x_wconf 92' lang='lat' dir='ltr'><strong>in</strong></span> <span class='ocrx_word' id='word_1_899' title='bbox 1139 5321 1228 5374; x_wconf 86' lang='lat' dir='ltr'><strong>eo,</strong></span> <span class='ocrx_word' id='word_1_900' title='bbox 1257 5317 1314 5362; x_wconf 93' lang='lat' dir='ltr'><strong>et</strong></span> <span class='ocrx_word' id='word_1_901' title='bbox 1345 5309 1639 5378; x_wconf 87' lang='lat' dir='ltr'><strong>assumptis</strong></span> <span class='ocrx_word' id='word_1_902' title='bbox 1689 5310 1756 5363; x_wconf 92' lang='lat' dir='ltr'><strong>ab</strong></span> <span class='ocrx_word' id='word_1_903' title='bbox 1789 5310 1874 5365; x_wconf 89' lang='lat' dir='ltr'><strong>his</strong></span> 
     </span>
    </p>
   </div>
   <div class='ocr_carea' id='block_1_110' title="bbox 2155 5297 3611 5384">
    <p class='ocr_par' dir='ltr' id='par_1_110' title="bbox 2155 5297 3611 5384">
     <span class='ocr_line' id='line_1_110' title="bbox 2155 5297 3611 5384; baseline 0.001 -22"><span class='ocrx_word' id='word_1_904' title='bbox 2155 5333 2160 5362; x_wconf 72' lang='grc' dir='ltr'><strong>ι</strong></span> <span class='ocrx_word' id='word_1_905' title='bbox 2217 5311 2504 5384; x_wconf 87' lang='grc' dir='ltr'>παρελθεῖν</span> <span class='ocrx_word' id='word_1_906' title='bbox 2553 5309 2906 5376; x_wconf 80' lang='grc' dir='ltr'>ἀνεξέταστον</span> <span class='ocrx_word' id='word_1_907' title='bbox 2937 5308 3057 5362; x_wconf 83' lang='grc' dir='ltr'>οὑδὲ</span> <span class='ocrx_word' id='word_1_908' title='bbox 3111 5308 3206 5362; x_wconf 77' lang='grc' dir='ltr'>καὶ</span> <span class='ocrx_word' id='word_1_909' title='bbox 3251 5307 3310 5359; x_wconf 92' lang='grc' dir='ltr'><strong>τό</strong></span> <span class='ocrx_word' id='word_1_910' title='bbox 3331 5322 3345 5337; x_wconf 94' lang='grc'><strong>·</strong></span> <span class='ocrx_word' id='word_1_911' title='bbox 3392 5323 3411 5356; x_wconf 75' lang='grc' dir='ltr'><strong>ι</strong></span> <span class='ocrx_word' id='word_1_912' title='bbox 3453 5301 3527 5356; x_wconf 83' lang='grc' dir='ltr'>Ἐν</span> <span class='ocrx_word' id='word_1_913' title='bbox 3563 5297 3611 5363; x_wconf 65' lang='grc' dir='ltr'><strong>τῇ</strong></span> 
     </span>
    </p>
   </div>
   <div class='ocr_carea' id='block_1_111' title="bbox 435 5395 1891 5478">
    <p class='ocr_par' dir='ltr' id='par_1_111' title="bbox 435 5395 1891 5470">
     <span class='ocr_line' id='line_1_111' title="bbox 435 5395 1891 5470; baseline 0.008 -24"><span class='ocrx_word' id='word_1_914' title='bbox 435 5395 669 5448; x_wconf 81' lang='lat' dir='ltr'><strong>ordinati</strong></span> <span class='ocrx_word' id='word_1_915' title='bbox 721 5405 846 5449; x_wconf 90' lang='lat' dir='ltr'><strong>sunt</strong></span> <span class='ocrx_word' id='word_1_916' title='bbox 895 5405 953 5450; x_wconf 94' lang='lat' dir='ltr'><strong>ut</strong></span> <span class='ocrx_word' id='word_1_917' title='bbox 1008 5410 1251 5470; x_wconf 83' lang='lat' dir='ltr'><strong>repetant</strong></span> <span class='ocrx_word' id='word_1_918' title='bbox 1306 5402 1563 5468; x_wconf 89' lang='lat' dir='ltr'><strong>animam,</strong></span> <span class='ocrx_word' id='word_1_919' title='bbox 1612 5399 1762 5469; x_wconf 82' lang='lat' dir='ltr'><strong>juxta</strong></span> <span class='ocrx_word' id='word_1_920' title='bbox 1810 5403 1891 5457; x_wconf 89' lang='lat' dir='ltr'><strong>dic</strong></span> 
     </span>
    </p>
   </div>
   <div class='ocr_carea' id='block_1_112' title="bbox 2155 5395 3611 5478">
    <p class='ocr_par' dir='ltr' id='par_1_112' title="bbox 2155 5396 3611 5478">
     <span class='ocr_line' id='line_1_112' title="bbox 2155 5396 3611 5478; baseline -0.008 -19"><span class='ocrx_word' id='word_1_921' title='bbox 2155 5406 2348 5478; x_wconf 54' lang='grc' dir='ltr'>μαρτίᾳ</span> <span class='ocrx_word' id='word_1_922' title='bbox 2403 5405 2555 5476; x_wconf 90' lang='grc' dir='ltr'>ὑμῶν</span> <span class='ocrx_word' id='word_1_923' title='bbox 2603 5401 2993 5458; x_wconf 88' lang='grc' dir='ltr'>ἀποθανεῖσθε·</span> <span class='ocrx_word' id='word_1_924' title='bbox 3032 5422 3052 5456; x_wconf 73' lang='grc' dir='ltr'><strong>ι</strong></span> <span class='ocrx_word' id='word_1_925' title='bbox 3110 5403 3158 5455; x_wconf 86' lang='grc' dir='ltr'><strong>εί</strong></span> <span class='ocrx_word' id='word_1_926' title='bbox 3212 5400 3308 5472; x_wconf 85' lang='grc' dir='ltr'><strong>μὲν</strong></span> <span class='ocrx_word' id='word_1_927' title='bbox 3361 5396 3611 5462; x_wconf 78' lang='grc' dir='ltr'>κοινότερον</span> 
     </span>
    </p>
   </div>
   <div class='ocr_carea' id='block_1_113' title="bbox 437 5480 1893 5570">
    <p class='ocr_par' dir='ltr' id='par_1_113' title="bbox 437 5484 1893 5558">
     <span class='ocr_line' id='line_1_113' title="bbox 437 5484 1893 5558; baseline 0.008 -21"><span class='ocrx_word' id='word_1_928' title='bbox 437 5495 542 5539; x_wconf 87' lang='lat' dir='ltr'><strong>tem</strong></span> <span class='ocrx_word' id='word_1_929' title='bbox 577 5484 620 5518; x_wconf 86' lang='grc'><strong>¹⁶</strong></span> <span class='ocrx_word' id='word_1_930' title='bbox 656 5501 675 5539; x_wconf 90' lang='lat'><strong>:</strong></span> <span class='ocrx_word' id='word_1_931' title='bbox 713 5503 733 5538; x_wconf 77' lang='grc' dir='ltr'><strong>ι</strong></span> <span class='ocrx_word' id='word_1_932' title='bbox 764 5487 1046 5558; x_wconf 86' lang='lat' dir='ltr'><strong>lnsipie&#39;ns,</strong></span> <span class='ocrx_word' id='word_1_933' title='bbox 1075 5501 1234 5545; x_wconf 89' lang='lat' dir='ltr'><strong>nocte</strong></span> <span class='ocrx_word' id='word_1_934' title='bbox 1258 5493 1359 5546; x_wconf 85' lang='lat' dir='ltr'><strong>hac</strong></span> <span class='ocrx_word' id='word_1_935' title='bbox 1381 5491 1617 5546; x_wconf 88' lang='lat' dir='ltr'><strong>animam</strong></span> <span class='ocrx_word' id='word_1_936' title='bbox 1649 5492 1746 5546; x_wconf 88' lang='lat' dir='ltr'><strong>abs</strong></span> <span class='ocrx_word' id='word_1_937' title='bbox 1769 5501 1820 5546; x_wconf 88' lang='lat' dir='ltr'><strong>te</strong></span> <span class='ocrx_word' id='word_1_938' title='bbox 1843 5501 1893 5548; x_wconf 95' lang='lat' dir='ltr'><strong>tu</strong></span> 
     </span>
    </p>
   </div>
   <div class='ocr_carea' id='block_1_114' title="bbox 2156 5480 3612 5570">
    <p class='ocr_par' dir='ltr' id='par_1_114' title="bbox 2156 5480 3612 5570">
     <span class='ocr_line' id='line_1_114' title="bbox 2156 5480 3612 5570; baseline 0 -20"><span class='ocrx_word' id='word_1_939' title='bbox 2156 5497 2457 5570; x_wconf 85' lang='grc' dir='ltr'>ιμϐάνεται,</span> <span class='ocrx_word' id='word_1_940' title='bbox 2490 5495 2680 5566; x_wconf 84' lang='grc' dir='ltr'>δῆλον,</span> <span class='ocrx_word' id='word_1_941' title='bbox 2712 5497 2793 5550; x_wconf 82' lang='grc' dir='ltr'><strong>ὅτι</strong></span> <span class='ocrx_word' id='word_1_942' title='bbox 2819 5498 2867 5550; x_wconf 80' lang='lat' dir='ltr'><strong>oi.</strong></span> <span class='ocrx_word' id='word_1_943' title='bbox 2893 5494 3203 5567; x_wconf 82' lang='grc' dir='ltr'>ἁμαρτωλοὶ</span> <span class='ocrx_word' id='word_1_944' title='bbox 3233 5494 3290 5548; x_wconf 85' lang='grc' dir='ltr'>ὲν</span> <span class='ocrx_word' id='word_1_945' title='bbox 3322 5493 3386 5562; x_wconf 80' lang='grc' dir='ltr'>τῇ</span> <span class='ocrx_word' id='word_1_946' title='bbox 3416 5480 3612 5560; x_wconf 57' lang='grc' dir='ltr'>ἁμαρτίᾳ</span> 
     </span>
    </p>
   </div>
   <div class='ocr_carea' id='block_1_115' title="bbox 432 5595 3608 5737">
    <p class='ocr_par' dir='ltr' id='par_1_115' title="bbox 432 5595 3608 5737">
     <span class='ocr_line' id='line_1_115' title="bbox 537 5595 3608 5680; baseline -0 -31"><span class='ocrx_word' id='word_1_947' title='bbox 537 5595 561 5628; x_wconf 69' lang='grc'>⁸</span> <span class='ocrx_word' id='word_1_948' title='bbox 592 5595 749 5654; x_wconf 83' lang='lat' dir='ltr'><strong>Joan.</strong></span> <span class='ocrx_word' id='word_1_949' title='bbox 787 5615 883 5668; x_wconf 87' lang='lat' dir='ltr'><strong>vn,</strong></span> <span class='ocrx_word' id='word_1_950' title='bbox 931 5602 1018 5657; x_wconf 80' lang='lat'><strong>&#39;50.</strong></span> <span class='ocrx_word' id='word_1_951' title='bbox 1116 5605 1136 5636; x_wconf 81' lang='grc'><strong><em>⁵</em></strong></span> <span class='ocrx_word' id='word_1_952' title='bbox 1171 5602 1327 5660; x_wconf 83' lang='lat' dir='ltr'><strong>Joan.</strong></span> <span class='ocrx_word' id='word_1_953' title='bbox 1367 5621 1484 5672; x_wconf 78' lang='lat' dir='ltr'><strong>vni,</strong></span> <span class='ocrx_word' id='word_1_954' title='bbox 1530 5605 1617 5658; x_wconf 85' lang='lat'><strong>&#39;57.</strong></span> <span class='ocrx_word' id='word_1_955' title='bbox 1713 5607 1732 5636; x_wconf 86' lang='grc'>⁶</span> <span class='ocrx_word' id='word_1_956' title='bbox 1757 5604 1910 5662; x_wconf 87' lang='lat' dir='ltr'><strong>Joan.</strong></span> <span class='ocrx_word' id='word_1_957' title='bbox 1938 5611 2159 5680; x_wconf 64' lang='lat' dir='ltr'><strong>vm,40.</strong></span> <span class='ocrx_word' id='word_1_958' title='bbox 2235 5613 2254 5642; x_wconf 88' lang='lat'><strong><em>&quot;</em></strong></span> <span class='ocrx_word' id='word_1_959' title='bbox 2291 5610 2479 5666; x_wconf 83' lang='lat' dir='ltr'><strong>Matth.</strong></span> <span class='ocrx_word' id='word_1_960' title='bbox 2514 5624 2612 5678; x_wconf 81' lang='lat' dir='ltr'><strong>vn,</strong></span> <span class='ocrx_word' id='word_1_961' title='bbox 2640 5609 2695 5665; x_wconf 90' lang='lat'><strong>8.</strong></span> <span class='ocrx_word' id='word_1_962' title='bbox 2774 5609 2796 5641; x_wconf 85' lang='grc'><strong><em>⁸</em></strong></span> <span class='ocrx_word' id='word_1_963' title='bbox 2827 5609 2982 5667; x_wconf 79' lang='lat' dir='ltr'><strong>Rom.</strong></span> <span class='ocrx_word' id='word_1_964' title='bbox 3016 5627 3069 5679; x_wconf 72' lang='grc' dir='ltr'>ι,</span> <span class='ocrx_word' id='word_1_965' title='bbox 3106 5609 3160 5678; x_wconf 88' lang='grc'>6,</span> <span class='ocrx_word' id='word_1_966' title='bbox 3185 5607 3239 5664; x_wconf 90' lang='grc'><strong>8.</strong></span> <span class='ocrx_word' id='word_1_967' title='bbox 3316 5608 3337 5640; x_wconf 87' lang='grc'><em>⁹</em></span> <span class='ocrx_word' id='word_1_968' title='bbox 3361 5605 3476 5659; x_wconf 85' lang='lat' dir='ltr'><strong>Luc.</strong></span> <span class='ocrx_word' id='word_1_969' title='bbox 3505 5609 3608 5656; x_wconf 82' lang='lat' dir='ltr'><strong>xvu,</strong></span> 
     </span>
     <span class='ocr_line' id='line_1_116' title="bbox 432 5662 1604 5737; baseline 0.013 -22"><span class='ocrx_word' id='word_1_970' title='bbox 432 5662 521 5716; x_wconf 74' lang='lat'><strong>2|.</strong></span> <span class='ocrx_word' id='word_1_971' title='bbox 595 5667 640 5700; x_wconf 81' lang='grc'><strong>¹⁹</strong></span> <span class='ocrx_word' id='word_1_972' title='bbox 670 5668 802 5726; x_wconf 86' lang='lat' dir='ltr'><strong>Luc.</strong></span> <span class='ocrx_word' id='word_1_973' title='bbox 840 5688 935 5737; x_wconf 85' lang='lat' dir='ltr'><strong>xu,</strong></span> <span class='ocrx_word' id='word_1_974' title='bbox 964 5674 1052 5729; x_wconf 71' lang='grc'><strong>20.</strong></span> <span class='ocrx_word' id='word_1_975' title='bbox 1599 5711 1604 5717; x_wconf 88' lang='lat'><strong><em>-</em></strong></span> 
     </span>
    </p>
   </div>
   <div class='ocr_carea' id='block_1_116' title="bbox 508 5760 1964 5842">
    <p class='ocr_par' dir='ltr' id='par_1_116' title="bbox 508 5760 1958 5842">
     <span class='ocr_line' id='line_1_117' title="bbox 508 5760 1958 5842; baseline 0.01 -31"><span class='ocrx_word' id='word_1_976' title='bbox 508 5760 615 5829; x_wconf 77' lang='grc' dir='ltr'><strong>(ιο)</strong></span> <span class='ocrx_word' id='word_1_977' title='bbox 646 5765 893 5834; x_wconf 74' lang='grc' dir='ltr'><strong>Εὐρεθῇ.</strong></span> <span class='ocrx_word' id='word_1_978' title='bbox 929 5767 1083 5826; x_wconf 87' lang='lat' dir='ltr'><strong>Dccst</strong></span> <span class='ocrx_word' id='word_1_979' title='bbox 1114 5768 1164 5822; x_wconf 89' lang='lat' dir='ltr'><strong>in</strong></span> <span class='ocrx_word' id='word_1_980' title='bbox 1209 5767 1394 5826; x_wconf 83' lang='lat' dir='ltr'><strong>codice</strong></span> <span class='ocrx_word' id='word_1_981' title='bbox 1420 5769 1606 5840; x_wconf 75' lang='lat' dir='ltr'><strong>Regio,</strong></span> <span class='ocrx_word' id='word_1_982' title='bbox 1641 5780 1697 5827; x_wconf 87' lang='lat' dir='ltr'><strong>at</strong></span> <span class='ocrx_word' id='word_1_983' title='bbox 1722 5769 1916 5842; x_wconf 71' lang='lat' dir='ltr'><strong>legitur</strong></span> <span class='ocrx_word' id='word_1_984' title='bbox 1945 5771 1958 5826; x_wconf 95' lang='lat' dir='ltr'><strong>i</strong></span> 
     </span>
    </p>
   </div>
   <div class='ocr_carea' id='block_1_117' title="bbox 872 5760 2328 5842">
    <p class='ocr_par' dir='ltr' id='par_1_117' title="bbox 872 5766 2328 5842">
     <span class='ocr_line' id='line_1_118' title="bbox 872 5766 2328 5842; baseline 0.004 -22"><span class='ocrx_word' id='word_1_985' title='bbox 872 5766 893 5820; x_wconf 67' lang='grc'><strong>“.</strong></span> <span class='ocrx_word' id='word_1_986' title='bbox 929 5767 1083 5826; x_wconf 89' lang='lat' dir='ltr'><strong>Dccst</strong></span> <span class='ocrx_word' id='word_1_987' title='bbox 1114 5768 1164 5822; x_wconf 89' lang='lat' dir='ltr'><strong>in</strong></span> <span class='ocrx_word' id='word_1_988' title='bbox 1209 5767 1394 5826; x_wconf 83' lang='lat' dir='ltr'><strong>codice</strong></span> <span class='ocrx_word' id='word_1_989' title='bbox 1420 5769 1606 5840; x_wconf 75' lang='lat' dir='ltr'><strong>Regio,</strong></span> <span class='ocrx_word' id='word_1_990' title='bbox 1641 5780 1697 5827; x_wconf 87' lang='lat' dir='ltr'><strong>at</strong></span> <span class='ocrx_word' id='word_1_991' title='bbox 1722 5769 1916 5842; x_wconf 71' lang='lat' dir='ltr'><strong>legitur</strong></span> <span class='ocrx_word' id='word_1_992' title='bbox 1945 5771 1998 5826; x_wconf 94' lang='lat' dir='ltr'><strong>in</strong></span> <span class='ocrx_word' id='word_1_993' title='bbox 2021 5770 2328 5828; x_wconf 87' lang='lat' dir='ltr'><strong>Bodleiano.</strong></span> 
     </span>
    </p>
   </div>
  </div>
