3688 6146
148 323 248 379 549

1183 327 1538 385 COMMENT.
1575 327 1642 384 IN
1675 327 1868 385 JOAN.
1904 327 2142 385 TOMUS
2169 329 2306 385 XIX.

3286 341 3386 399 550

141 439 320 496 αὐτῶν
344 439 766 507 ἀποθανοῦνται,
803 444 855 496 οἱ
885 443 941 497 δὲ
970 443 1165 499 δίκαιοι
1195 449 1252 501 ἐν
1285 449 1597 520 δικαιοσύνῃ

1928 458 2091 506 stunt.
2123 468 2144 502 ι
2175 450 2278 504 Sed
2308 464 2376 505 ne
2411 451 2515 506 hoc
2545 451 2764 522 quidem
2823 454 3058 525 dictum,
3097 476 3118 511 ι
3149 456 3209 517 In
3263 478 3384 534 pec-

141 530 196 586 δὲ
223 531 285 584 τὺ
325 550 344 582 ι
366 531 727 587 ἀποθανεῖσθε
761 553 778 585 ι
822 536 964 590 κατά
1000 537 1091 590 τὸν
1129 539 1320 610 ἐχθρὸν
1353 542 1447 593 τοῦ
1481 541 1714 612 Χριστοῦ

145 623 370 677 θάνατον
400 624 758 695 λαμϐάνεται,
775 627 850 692 ὼς
875 627 969 682 τοῦ
993 630 1130 702 πρὸς
1149 630 1376 686 θάνατον
1395 634 1714 706 ἡμαρτηκό-

141 732 226 778 τος
252 715 710 788 ἀποθνήσκοντος,
743 719 922 790 δῆλον,
945 722 1028 775 ὅτι
1055 719 1136 788 οἷς
1157 723 1328 778 ταῦτα
1359 725 1598 795 ἐλέγετο,
1621 729 1714 782 οὑ-

141 805 279 860 δέπω
299 808 786 880 ἀποτεθνήκεισαν.
804 814 911 866 Καὶ
932 813 1184 887 ζητήσεις
1208 818 1322 882 πῶς
1343 819 1390 872 εί
1410 821 1482 890 μὴ
1496 820 1716 874 πιστεύ-

143 915 347 963 σαντες,
387 901 473 954 ὅτι
521 901 659 966 ἔζων
693 904 975 974 μέλλοντές
1004 926 1133 962 ποτε
1162 911 1548 966 ἀποθανεῖσθαι
1576 913 1708 983 (41)·

139 989 500 1059 ἀπαντήσεται
535 993 591 1046 δέ
624 1012 705 1058 τις
738 997 830 1050 καὶ
881 997 1018 1070 πρὸς
1049 1001 1206 1054 τοῦτο
1249 1002 1442 1071 λέγων,
1469 1005 1551 1058 ὅτι
1589 1006 1710 1058 κατ’

139 1080 306 1134 ἐκεῖνο
333 1083 530 1154 καιροῦ
563 1084 626 1138 τὸ
661 1088 885 1157 μηδέπω
917 1091 1192 1145 πιστεύειν
1221 1094 1342 1148 οὐδὲ
1376 1096 1512 1170 πρὸς
1548 1095 1711 1150 θάνα-

138 1190 221 1227 τον
245 1175 553 1247 ἁμάρτημα
577 1173 666 1248 ἦν,
697 1181 791 1232 καὶ
823 1181 958 1253 πρὸς
988 1182 1083 1246 οὓς
1122 1187 1151 1238 6
1181 1185 1374 1254 Λόγος,
1403 1188 1614 1242 οὐδέπω
1640 1189 1708 1243 τὰ

139 1266 268 1336 πρὸς
299 1266 530 1322 θάνατον
556 1271 990 1342 ήμαρτήκεισαν,
1016 1275 1129 1328 ἀλλ’
1161 1276 1297 1341 ἔζων
1330 1279 1426 1349 μὲν
1454 1281 1512 1334 ἐν
1543 1281 1705 1334 ἀσθε-

138 1358 245 1429 νείᾳ
265 1359 564 1447 τῆςᾼψυχῆς
597 1363 781 1428 αὐτοῖς
800 1365 910 1438 (42)
927 1384 940 1398 ·
961 1368 1063 1438 ἡδὲ
1081 1369 1332 1424 ἀσθένεια
1360 1374 1539 1446 ἐκείνη
1569 1377 1707 1447 πρὸς

138 1448 352 1504 θάνατον
366 1445 454 1522 ἦν·
475 1452 565 1505 διὰ
581 1454 734 1508 τοῦτο
748 1456 838 1508 καὶ
853 1458 881 1509 6
900 1459 1214 1531 ἱατρδςμὸ),
1228 1461 1438 1528 βλέπων
1449 1445 1704 1538 ὀλεθρίως

137 1541 320 1604 αὐτοὺς
370 1543 772 1610 ἀσθενοῦντας,
823 1548 1006 1619 ἔλεγεν
1063 1553 1334 1622 ἀπογνοὺς
1383 1558 1562 1614 αὐτῶν
1603 1560 1703 1632 τήν

137 1631 440 1702 θεραπείαν·
484 1653 503 1686 ι
541 1635 680 1703 Ἐγὼ
713 1638 927 1707 ὑπάγω,
975 1642 1071 1694 καὶ
1105 1641 1367 1715 ζητήσετέ
1401 1665 1467 1718 με
1488 1686 1502 1712 ,
1523 1650 1617 1703 καὶ
1643 1631 1705 1704 ἒν

135 1725 192 1792 τῇ
223 1723 468 1795 ἁμαρτίᾳ
500 1725 654 1795 ὑμῶν
685 1727 1062 1783 ἀποθανεῖσθε.
1091 1750 1108 1782 ι
1139 1732 1377 1804 Εἴπομεν
1399 1735 1509 1804 (44)
1532 1737 1595 1808 δὴ
1616 1737 1696 1790 τό·

147 1815 349 1885 Ἐπεὶή
393 1815 654 1872 ἀσθένεια
701 1819 883 1890 ἐκείνη
930 1816 996 1892 ἦν
1033 1823 1217 1887 αὐτοῖς
1265 1827 1402 1896 πρὸς
1449 1827 1695 1893 θάνατον,

134 1904 220 1957 ἆτε
265 1906 530 1976 μαθόντες
572 1910 678 1963 ἀπὸ
721 1911 814 1964 τοῦ
873 1913 1046 1984 Ἰησοῦ
1091 1915 1354 1988 διαφορὰν
1394 1919 1694 1984 ἀσθενείας,

133 1996 334 2063 ἠσθένει
381 1999 438 2052 δὲ
489 2000 583 2054 καὶ
611 2003 640 2053 6
669 2002 934 2075 Λάζαρος,
966 2005 1078 2058 ἀλλ’
1106 2007 1220 2077 ᾔδει
1247 2010 1276 2061 6
1303 2011 1505 2081 ἰατρὸς,
1551 2014 1630 2066 ὅτι
1662 2016 1693 2085 ή

132 2087 370 2144 ἀσθένεια
403 2093 573 2145 αὐτοῦ
603 2095 662 2147 οὐ
695 2096 834 2167 πρὸς
875 2096 1101 2153 θάνατον
1147 2096 1235 2172 ἦν·
1277 2103 1465 2177 διόπερ
1497 2107 1691 2178 φησίν·

138 2181 316 2252 ιΔῦτη
363 2185 395 2254 ή
451 2185 707 2239 ἀσθένεια
756 2189 856 2241 οὐκ
899 2189 1015 2243 ἔστι
1070 2193 1206 2264 πρὸς
1251 2193 1496 2250 θάνατον·
1529 2218 1547 2250 ι
1595 2199 1696 2254 Διά

134 2271 294 2337 τοῦτο,
330 2276 432 2329 κᾶν
464 2278 992 2352 ἀντιλαμϐανὼμεθα
1025 2284 1136 2338 τῶν
1161 2286 1454 2342 ἀσθενειῶν
1488 2291 1696 2347 ἑαυτῶν

135 2361 511 2430 ἀσθενούντων,
531 2370 884 2440 προσέχωμεν
908 2377 1114 2444 μήποτε
1135 2377 1269 2448 πρὸς
1288 2378 1516 2434 θάνατον
1533 2382 1693 2436 ἀσθε-

135 2456 388 2546 νήσωμεν.
423 2461 835 2534 μεταϐαλούσης
857 2466 956 2536 τῆς
978 2467 1132 2521 νόσου
1164 2471 1273 2523 ἀπὸ
1296 2471 1388 2524 τοῦ
1415 2471 1493 2525 ἔτι
1523 2473 1692 2546 αὐτὴν

135 2541 258 2600 εἶναι
276 2549 535 2604 δύνασθαι
573 2552 684 2624 (45)
727 2556 819 2607 ἐπὶ
851 2556 912 2608 τὸ
935 2557 1170 2611 ἀνίατον.
1194 2561 1340 2630 ’Ἅμα
1359 2561 1414 2614 δὲ
1435 2541 1694 2630 σαφέστε-

136 2640 218 2711 ρόν
241 2654 355 2705 πως
381 2643 540 2696 ἔσται
579 2645 673 2699 καὶ
700 2647 788 2714 τὸ,
830 2666 848 2699 ι
874 2651 1047 2702 Ὅπου
1074 2651 1182 2720 ἐγὼ
1214 2653 1425 2723 ὑπάγω,
1455 2657 1607 2726 ὑμεῖς
1628 2657 1690 2710 οὑ

137 2732 343 2787 δύνασθε
393 2735 592 2802 ἐλθεῖν,
625 2757 643 2789 ι
698 2741 1089 2812 ἐπιφερόμενον
1137 2744 1246 2814 τῷ·
1310 2765 1328 2797 ι
1358 2748 1468 2798 Καὶ
1520 2751 1578 2802 ἐν
1622 2752 1688 2820 τῇ

137 2827 357 2898 ἁμαρτίᾳ
395 2829 557 2898 ὑμῶν
592 2830 944 2886 ἀποθανεῖσθε
964 2852 1011 2884 ⁸)
1039 2837 1166 2888 ὅταν
1196 2837 1304 2908 γὰρ
1335 2838 1579 2911 ἀποθάνῃ
1609 2858 1692 2904 τις

137 2916 186 2968 ὲν
212 2920 272 2988 τῇ
304 2919 496 2973 ἑαυτοῦ
541 2922 816 2995 ἁμαρτίᾳ,
868 2925 999 2979 ὅπου
1043 2927 1240 2995 ὑπάγει
1282 2930 1310 2982 6
1369 2929 1592 3000 Ἰησοῦς,
1629 2933 1688 2986 ού

135 3007 334 3064 δύναται
365 3013 655 3067 ἀπελθεῖν·
693 3016 868 3081 οὐδεὶς
911 3017 1021 3088 γὰρ
1047 3021 1237 3091 νεκρὸς
1263 3021 1574 3076 ἀκολουθεῖν
1597 3023 1689 3077 δύο

136 3116 272 3152 ναται
301 3100 377 3173 τῷ
434 3103 636 3174 Ἰησοῦ·
676 3121 695 3154 ι
759 3109 897 3164 Οὺδὲ
950 3109 1063 3180 γὰρ
1092 3112 1140 3162 οἱ
1183 3111 1365 3181 νεκροὶ
1416 3111 1686 3167 αίνέσουσί

134 3206 208 3258 σε,
238 3193 420 3266 Κύριε,
464 3197 592 3250 οὐδὲ
636 3196 836 3262 πάντες
875 3201 923 3252 οἱ
969 3201 1386 3267 καταϐαίνοντες
1413 3205 1492 3267 εἰς
1523 3203 1680 3274 ᾅδου·

138 3283 238 3336 ἀλλ’
268 3287 419 3357 ἡμεῖς
441 3290 493 3341 οἱ
526 3288 729 3354 ζῶντες
760 3291 1123 3364 εὐλογήσομεν
1160 3294 1251 3348 τὸν
1281 3293 1536 3366 Κύριον.)
1568 3297 1686 3350 Ἔτι

138 3373 259 3445 πρὸς
279 3376 369 3441 τὸ,
407 3397 426 3430 ι
463 3379 554 3433 Ἐν
579 3383 645 3452 τῇ
678 3381 921 3454 ἁμαρτίᾳ
947 3383 1099 3453 ὑμῶν
1121 3384 1497 3450 ἀποθανεῖσθε,
1527 3406 1547 3439 ι
1579 3406 1686 3442 πα-

140 3466 332 3541 ραθήσῃ
361 3469 422 3522 τὸ
447 3471 516 3523 ὲκ
560 3471 654 3524 τοῦ
712 3472 970 3544 Ἰεζεκιὴλ
1011 3473 1184 3538 οὕτως
1226 3475 1374 3546 ἔχον·
1417 3478 1618 3550 «Ψυχὴ
1652 3480 1685 3550 ή

136 3559 536 3630 ἁμαρτάνουσα,
591 3563 731 3635 αῦτη
786 3565 1170 3620 ἀποθανεῖται·
1200 3587 1217 3618 ι
1298 3567 1523 3634 θάνατος
1577 3569 1688 3641 γὰρ

135 3650 293 3723 ψυῄς
338 3656 616 3728 ἁμαρτία·
671 3654 826 3728 οἶμαι
876 3659 952 3722 δὲ,
999 3661 1081 3714 ὅτι
1130 3663 1191 3715 οὐ
1235 3664 1405 3726 πᾶσα,
1460 3663 1574 3716 ἀλλ’
1618 3665 1686 3735 ἥν

135 3761 282 3816 φησιν
319 3749 570 3820 Ἰωάννης
590 3751 724 3822 πρὸς
750 3752 976 3807 θάνατον
996 3770 1012 3784 ·
1036 3753 1151 3825 ἅμα
1177 3755 1344 3808 δὲκαὶ
1365 3755 1684 3820 διαστέλλει,

135 3837 205 3890 ὅτι
229 3856 306 3904 τις
338 3843 582 3914 ἁμαρτία
609 3843 836 3908 θάνατός
861 3847 974 3898 ἐστι
994 3845 1194 3917 ψυχῆς,
1219 3848 1311 3901 καί
1332 3864 1417 3910 τις
1443 3849 1687 3919 ἁμαρτία

134 3928 364 3984 ἀσθένεια
393 3934 593 4004 αὐτῆς·
626 3935 766 4005 τάχα
792 3935 850 3988 δὲ
876 3937 970 3990 καὶ
992 3938 1174 4009 τρίτον
1205 3955 1288 4001 τις
1330 3939 1570 4010 ἁμαρτία
1591 3938 1686 4011 ζη-

137 4017 223 4090 μία
262 4023 435 4095 ψυχῆς
458 4027 628 4091 ἐστιν,
653 4029 896 4099 ἁμαρτία
919 4029 1028 4100 (46)
1058 4029 1296 4101 δηλονότι
1333 4033 1398 4084 ὲκ
1438 4031 1560 4084 τοῦ·
1590 4033 1685 4085 «Ti

133 4113 523 4189 ὠφεληθήσεται
551 4119 646 4174 ἀνθ
656 4137 856 4191 ρωπος,
881 4120 975 4175 ἐὰν
998 4121 1118 4175 ὅλον
1141 4123 1232 4176 τὸν
1259 4123 1460 4195 κόσμον
1488 4142 1551 4179 κε
1561 4126 1687 4197 ρδή-

135 4220 214 4280 σῃ,
242 4208 331 4280 τὴν
362 4211 416 4264 δὲ
446 4211 624 4283 ψυχὴν
656 4211 821 4266 αὑτοῦ
860 4213 1120 4286 ἀπολέσῃ,
1152 4215 1186 4286 ἥ
1217 4214 1500 4287 ζημιωθῇ;
1531 4236 1548 4268 ›
1592 4218 1687 4271 καὶ

134 4297 191 4352 ὲκ
214 4300 299 4353 τοῦ
319 4320 331 4333 ·
371 4321 387 4354 ι
407 4305 473 4357 Εἴ
501 4321 645 4368 τινος
671 4304 731 4358 τὸ
760 4304 920 4377 ἔργον
948 4307 1374 4377 κατακαήσεται,
1407 4307 1686 4381 ζημιωθή-

135 4405 290 4445 σεται.
315 4411 332 4444 ι
369 4395 491 4458 Τοῖς
526 4395 624 4465 μὲν
658 4391 751 4450 οῦν
778 4397 836 4449 ὲν
864 4399 928 4468 τῇ
959 4395 1201 4468 ἁμαρτίᾳ
1229 4397 1687 4470 ἀποθανουμένοις

135 4483 308 4550 φησίν·
350 4504 368 4536 ι
398 4487 643 4555 Ὑπάγω,
675 4488 768 4540 καὶ
793 4488 1054 4560 ζητήσετέ
1085 4507 1172 4560 με,
1200 4491 1293 4544 καὶ
1331 4492 1391 4545 ὲν
1413 4494 1479 4562 τῇ
1507 4493 1591 4563 ἀμ.

1582 4509 1684 4564 ,αρ-
1714 4523 1759 4580 D
1788 4487 1928 4543 idem
1978 4487 2192 4557 aliquod
2252 4486 2621 4580 inﬁrmitatem
2671 4498 2809 4580 esse
2861 4483 3038 4580 ejus:

1711 3161 1758 3223 C

1819 549 1941 595 cato
1979 551 2160 596 vestro
2198 542 2528 609 moriemini,
2572 563 2591 595 ι
2623 545 2829 616 absque
2870 548 3125 620 indagine
3157 564 3386 625 praeter-

1817 635 2058 688 eundum
2124 642 2269 699 est;
2329 649 2456 688 nam
2517 635 2564 690 si
2628 640 2987 694 communiter
3039 643 3384 713 accipiatur,

1813 726 2166 795 perspicuum
2219 733 2304 778 est
2359 734 2672 795 peccatores
2738 728 2790 780 in
2843 738 3066 797 peccato
3115 748 3218 787 suo
3268 749 3385 788 mo-

1815 815 2057 876 rituros;
2111 814 2288 883 justos
2341 831 2470 871 vero
2521 817 2576 870 in
2630 833 2727 872 sua
2777 819 2987 889 justitia
3035 838 3052 875 :
3106 823 3190 878 sin
3224 839 3379 888 vero,

1819 925 1838 959 ι
1898 907 2259 973 moriemini,
2322 925 2341 958 ι
2393 907 2700 977 accipiatur
2747 909 2816 963 de
2863 921 3076 976 morte,
3131 927 3252 982 qua:
3297 925 3382 970 est

1813 996 2031 1052 inimica
2098 996 2346 1062 Christi,
2420 1005 2480 1052 ut
2548 999 2596 1052 is
2659 1009 2848 1067 pereat
2919 1000 3012 1069 qni
3085 1004 3152 1057 ad
3228 1019 3378 1059 mor-

1812 1099 1918 1146 tem
1979 1091 2276 1160 peccavit,
2331 1089 2678 1160 perspicuum
2735 1101 2820 1148 est
2869 1094 3106 1148 nondum
3176 1097 3375 1166 periis-

1808 1197 1870 1238 se
1933 1198 2030 1239 eos
2090 1183 2286 1253 quibus
2349 1184 2463 1239 haec
2528 1184 2868 1241 dicebantur.
2925 1185 3151 1253 Quaeres
3210 1188 3376 1243 etiam

1807 1289 2042 1344 quonam
2109 1284 2268 1345 pacto
2343 1275 2434 1345 qui
2517 1291 2624 1329 nun
2699 1276 3040 1332 crediderant
3099 1294 3158 1333 se
3231 1280 3378 1335 vive-

1808 1380 1868 1421 re
1939 1365 1994 1420 in
2058 1366 2425 1430 inﬁrmitate,
2495 1367 2745 1421 morituri
2825 1368 2934 1422 sint
3014 1368 3370 1439 aliquando;

1804 1457 1968 1528 295
1999 1459 2293 1526 praesertim
2331 1474 2450 1512 cum
2486 1457 2683 1524 aliquis
2726 1458 2778 1511 in
2828 1459 3018 1513 horum
3055 1461 3372 1518 defensione

1803 1551 1874 1605 sit
1901 1564 2258 1619 responsurus
2293 1550 2724 1604 incredulitatem
2751 1549 2803 1602 in
2837 1549 2928 1604 illo
2961 1559 3205 1620 tempore
3234 1568 3375 1607 non-

1803 1641 1927 1695 dum
1961 1640 2129 1696 fuisse
2173 1650 2458 1711 peccatum
2493 1641 2560 1693 ad
2607 1651 2878 1705 mortem;
2907 1650 2961 1695 et
3000 1642 3204 1698 idcirco
3251 1643 3372 1698 illus

1803 1743 1967 1798 penes
2013 1745 2150 1798 quos
2181 1729 2502 1798 loquebatur
2539 1729 2832 1796 Servator,
2869 1730 2935 1782 ad
2987 1741 3214 1787 mortem
3261 1747 3370 1789 non

1801 1835 2088 1892 peccasse:
2120 1821 2372 1876 vivebant
2398 1820 2473 1874 illi
2513 1830 2690 1875 tamen
2732 1822 2787 1875 in
2828 1820 3137 1878 inﬁrmitate
3174 1825 3370 1880 anime

1798 1929 1947 1980 suae,
1976 1927 2202 1983 eratque
2231 1915 2519 1969 inﬁrmitas
2565 1914 2652 1968 illa
2684 1916 2750 1968 ad
2776 1926 3036 1970 mortem:
3079 1926 3363 1986 pmpterea

1798 2007 1962 2062 etiam
1995 2008 2233 2062 medicus
2275 2007 2465 2061 videns
2497 2006 2617 2061 illos
2663 2008 2863 2062 misere
2893 2018 3253 2076 aegrotantes,
3283 2019 3364 2062 at-

1796 2114 1904 2168 que
1953 2100 2019 2153 de
2066 2098 2280 2152 illorum
2313 2097 2488 2152 salute
2547 2098 2866 2165 desuerans,
2900 2099 3150 2153 dicebat:
3194 2119 3213 2151 ι
3252 2099 3364 2170 Ego

1795 2189 1954 2252 vado,
1983 2196 2038 2241 et
2071 2187 2328 2256 quaeretis
2361 2202 2478 2251 me,
2513 2195 2563 2240 et
2612 2186 2664 2240 in
2695 2195 2921 2254 peccato
2950 2197 3131 2242 vestro
3161 2189 3364 2242 morie-

1796 2280 1950 2336 mini.
1992 2299 2012 2334 ι
2044 2279 2296 2334 Dicamus
2328 2278 2489 2349 igitur
2515 2278 2655 2347 quod
2687 2277 2980 2332 inﬁrmitas
3008 2278 3097 2331 illa
3133 2277 3239 2332 illis
3291 2279 3361 2334 ad

1793 2382 2021 2427 mortem
2053 2380 2200 2436 erat,
2236 2379 2490 2439 tanquam
2519 2383 2548 2421 a
2593 2368 2721 2423 Jesu
2771 2369 2950 2424 edocti
3001 2369 3359 2425 diﬂ‘erentiam

1795 2464 2180 2520 inﬁrmitatis:
2220 2461 2600 2517 inﬁrmabatur
2648 2475 2882 2530 namque
2934 2460 3214 2528 Lazarus,
3267 2461 3360 2517 sed

1793 2567 2022 2612 noverat
2070 2555 2312 2609 medicus
2359 2553 2730 2608 inﬁrmitatem
2777 2551 2936 2621 hujus
2980 2569 3086 2608 non
3125 2567 3249 2609 esse
3294 2555 3362 2609 ad

1791 2658 2056 2714 mortem;
2087 2648 2436 2716 quamobrem
2456 2645 2687 2715 inquit“
2715 2663 2772 2700 ει
2799 2645 3090 2701 lnfirmitas
3122 2647 3235 2701 hate
3251 2663 3359 2701 non

1791 2747 1873 2793 est
1920 2739 1987 2794 ad
2049 2747 2300 2792 mortem.
2343 2757 2361 2791 ι
2409 2737 2560 2794 lianc
2600 2737 2670 2793 ob
2727 2753 2951 2792 causam
3001 2738 3046 2792 si
3095 2739 3358 2806 suscipia-

1791 2845 1913 2886 mns
1939 2831 2290 2885 inﬁrmitates
2312 2830 2552 2900 ipsorum
2586 2829 2985 2899 :egrotantium,
3010 2828 3358 2884 adhibeamus

1791 2922 2030 2974 animum
2062 2935 2130 2976 ne
2155 2924 2376 2989 quando
2400 2919 2466 2974 ad
2502 2929 2736 2975 mortem
2786 2930 3141 2989 acgrotemus,
3169 2923 3360 2975 morbo

1791 3009 1935 3066 facto
1975 3009 2390 3076 immedicabili,
2431 3025 2555 3064 cum
2601 3009 2778 3064 adhuc
2821 3022 2946 3077 spes
2992 3023 3112 3065 esse
3153 3019 3356 3079 posset.

1792 3100 2006 3156 Pariter
2038 3100 2203 3154 etiam
2247 3101 2490 3170 apertius
2531 3100 2762 3169 quodam
2796 3100 2954 3154 modo
2989 3101 3095 3155 erit
3136 3099 3237 3155 hoc
3275 3102 3360 3154 di-

1789 3202 1960 3256 ctum,
1998 3211 2017 3244 ι
2055 3192 2172 3257 Quo
2212 3206 2312 3260 ego
2339 3191 2512 3256 vado,
2555 3205 2655 3245 vos
2684 3206 2788 3244 non
2818 3191 3041 3260 potestis
3074 3193 3357 3257 venire",»

1788 3287 1934 3356 quod
1965 3285 2304 3354 subjnngitur
2336 3284 2442 3341 illis
2468 3285 2680 3338 verbis:
2713 3302 2732 3336 ι
2764 3283 2830 3339 Ει
2856 3286 2906 3340 in
2933 3296 3153 3356 peccato
3175 3296 3356 3341 vestro

1791 3379 2137 3444 moriemini;
2187 3397 2206 3430 ι
2268 3379 2485 3447 quando
2529 3375 2673 3431 enim
2717 3378 2949 3434 moritur
2996 3378 3118 3447 quis
3165 3378 3218 3432 in
3255 3391 3353 3434 suc

1789 3471 1956 3542 ipsius
1981 3481 2233 3540 peccato,
2269 3485 2376 3541 quo
2403 3472 2550 3526 vadit
2599 3469 2759 3526 Jesus
2811 3486 2918 3526 non
2956 3478 3134 3540 potest
3161 3471 3314 3525 abire
3339 3514 3352 3526 .

1789 3564 1966 3620 nullus
1995 3565 2138 3620 enim
2170 3573 2411 3619 mortuus
2454 3565 2606 3632 sequi
2642 3573 2823 3632 potest
2861 3562 3077 3627 Jesum,
3108 3563 3352 3632 quando-

1787 3658 2022 3727 quidem,
2055 3675 2073 3709 ι
2106 3656 2222 3710 Νοη
2255 3659 2453 3712 mortui
2482 3656 2778 3710 laudabunt
2804 3663 2877 3721 te,
2907 3655 3155 3720 Domine,
3182 3667 3354 3724 neque

1786 3763 1974 3804 omnes
2010 3748 2100 3817 qui
2129 3747 2463 3804 descendunt
2493 3747 2545 3801 in
2579 3747 2883 3810 infernum;
2915 3744 3007 3800 sed
3038 3759 3134 3799 nos
3166 3745 3354 3798 viven-

1790 3854 1868 3897 tes
1893 3840 2231 3896 laudabimus
2265 3839 2549 3894 Dominum
2582 3839 2644 3892 ¹³.
2681 3856 2701 3890 ι
2737 3837 2818 3890 Ad
2865 3835 2977 3891 haec
3017 3836 3144 3889 huic
3173 3835 3352 3900 dicto,

1792 3952 1810 3986 ι
1842 3932 1898 3989 lu
1927 3942 2148 4004 peccato
2194 3941 2376 3988 vestro
2415 3929 2758 3993 moriemini,
2797 3947 2818 3982 ›
2875 3927 3004 3982 illud
3045 3927 3348 3982 Ezechielis

1773 4027 2043 4096 adjunges
2063 4026 2208 4080 hunc
2243 4025 2296 4080 in
2331 4023 2548 4078 modum
2581 4038 2639 4078 se
2661 4023 2906 4080 habens:
2955 4040 2975 4075 ι
3009 4023 3204 4076 Anima
3229 4035 3358 4090 pec-

1761 4135 1952 4188 cans,
1993 4121 2106 4189 ipsa
2142 4117 2371 4172 moritur
2394 4116 2471 4169 “:
2512 4135 2532 4168 ι
2565 4131 2710 4171 mors
2749 4117 2894 4170 enim
2933 4115 3128 4169 animm
3158 4127 3354 4183 pecca-

1789 4222 1936 4277 tum;
1965 4227 2070 4265 non
2103 4225 2265 4266 omne
2311 4219 2512 4275 tamen,
2543 4208 2908 4278 meoiudicio,
2941 4210 3034 4264 sed
3057 4207 3184 4261 illud
3208 4207 3355 4276 quod

1785 4305 1916 4359 dicit
1939 4303 2173 4359 Joannes
2198 4303 2262 4357 ad
2298 4310 2526 4357 mortem
2556 4303 2599 4334 ⁸⁸
2637 4319 2652 4354 :
2695 4301 2786 4371 qui
2821 4301 3024 4370 pariter
3065 4300 3228 4354 etiam
3271 4299 3356 4353 di-

1788 4397 2012 4465 stinguit
2040 4406 2317 4465 peccatum
2364 4393 2582 4464 aliquod
2621 4402 2848 4448 mortem
2882 4407 3004 4448 esse
3035 4393 3229 4445 animae
3251 4429 3268 4457 ,
3297 4398 3354 4445 et

3102 4481 3352 4537 fortassis

133 4573 214 4645 τίᾳ
245 4577 390 4646 ὑμῶν
437 4577 816 4633 ἀποθανεῖσθε.
838 4582 970 4635 ὅπου
1013 4581 1124 4650 ἐγὼ
1161 4583 1378 4652 ὑπάγω,
1421 4585 1580 4654 ὑμεῖς

1900 4597 1950 4634 m
1998 4579 2160 4635 tertio
2208 4579 2370 4634 modo
2420 4583 2698 4647 peccatum
2743 4575 2958 4645 aliquod
2983 4574 3239 4628 damnum
3266 4582 3353 4628 est

134 4664 338 4722 δύνασθε
371 4671 540 4724 ἐλθεῖν
558 4688 572 4702 ·
598 4691 616 4723 ι
649 4670 726 4742 τῷ
751 4671 808 4725 δὲ
831 4673 1022 4745 Πέτρῳ
1039 4691 1055 4706 ·
1086 4694 1105 4724 ι
1134 4675 1308 4728 ’Όπου
1333 4675 1444 4744 ἐγὼ
1472 4675 1686 4744 ὑπάγω,

135 4758 188 4810 οὐ
217 4760 429 4816 δύνασαί
479 4781 568 4834 μοι
618 4763 714 4817 νῦν
761 4764 1156 4836 ἀκολουθῆσαι·
1198 4767 1584 4837 ἀκολουθήσεις
1633 4767 1691 4819 δὲ

137 4847 367 4922 ὕστερον·
395 4874 412 4906 ι
454 4853 755 4928 εξεστιγάρ
777 4856 1214 4928 μαθητευόμενον
1239 4858 1318 4928 τῷ
1351 4858 1556 4930 Ἰησοῦ,
1598 4857 1694 4911 νῦν

140 4939 226 5011 μὲν
257 4945 327 5018 μὴ
357 4947 792 5021 παρεσκευάσθαι
812 4949 923 5018 (47)
965 4949 1100 5021 πρὸς
1130 4950 1192 5002 τὸ
1212 4937 1523 5004 ἀκολουθεῖν
1547 4949 1696 5021 αὑτῷ

201 5075 238 5156 ff
262 5076 411 5156 Joan.
444 5099 518 5147 XI,
542 5084 607 5156 γι.
712 5087 756 5117 ⁸³
787 5085 943 5142 Joan.
975 5101 1092 5156 vm,
1118 5086 1210 5142 21.

141 5145 179 5179 ⁸⁸
197 5146 371 5206 Matth.
395 5145 513 5219 xvr,’
530 5155 623 5210 26.

201 5290 304 5361 (Η)
334 5292 609 5369 Ferrarius
637 5298 852 5354 videtur
872 5298 1070 5366 legisse
1093 5298 1208 5369 πῶς
1250 5299 1300 5353 οἱ
1355 5297 1428 5369 μὴ
1461 5297 1683 5352 πιστεύ-

140 5365 434 5488 ξέςὲῗιῖὂτι
472 5369 606 5435 ἔζων
635 5370 694 5423 ὲν
724 5369 998 5442 ἀσθενείᾳ,
1037 5368 1289 5443 μέλλουσί
1317 5365 1444 5422 ποτε
1473 5369 1680 5423 ἀποθα-

203 5474 552 5640 (Ῐίέῑλὺτοῒς.
585 5507 894 5576 Legendum
924 5509 1141 5564 videtur
1165 5508 1397 5563 αὑτῶνῦ⁸

203 5572 284 5635 (45
329 5578 439 5640 Καὶ
459 5583 490 5632 d
522 5582 738 5640 ἱατρός.
763 5578 926 5634 Deest
953 5579 1007 5633 in
1035 5580 1222 5636 codice
1256 5578 1397 5635 Bodh

329 5578 441 5654 Καὶ
459 5583 490 5632 ό
508 5572 738 5654 ’ἱατρρζκ
763 5578 926 5654 Deest
953 5579 1007 5654 i_n
1035 5578 1568 5654 codice_Bodleiano.

223 5640 625 5720 ﬂrﬁlfroiwr:
647 5640 812 5704 Férra
823 5652 935 5720 rius
962 5650 1171 5720 legebat
1197 5649 1462 5720 εἴπωμεν.

225 5710 306 5790 45)
333 5713 468 5770 Ἀπὸ
479 5710 714 5790 ’τοῦίὲτι
740 5719 935 5790 αὐτὴν
956 5710 1108 5790 alia:
1135 5710 1445 5774 δύνασθαι.
1475 5719 1681 5790 Legen-

143 5777 254 5834 duiu
282 5781 498 5844 fortasse
529 5789 637 5845 ἀπὸ
667 5789 760 5844 τοῦ
790 5777 1119 5861 έτίίαθῆναι
1155 5790 1432 5860 δύνασθαι,
1455 5791 1535 5848 vel
1550 5777 1681 5844 νάπὸ

1321 5087 1366 5118 ¹³
1391 5086 1531 5142 Psal.
1578 5103 1732 5153 cxnr,
1765 5089 1852 5156 l7,
1884 5088 1969 5142 l8.
2048 5087 2092 5118 “
2121 5085 2315 5141 Ezech.
2349 5101 2502 5150 xvttt,
2541 5083 2630 5139 20.

1769 4677 2014 4739 animae,
2044 4674 2186 4744 quod
2214 4672 2425 4728 scilicet
2463 4687 2526 4727 ex
2562 4687 2627 4726 eo
2665 4670 2836 4741 liquet
2872 4684 2889 4724 :
2927 4687 2947 4722 ι
2981 4669 3118 4736 Quid
3149 4670 3355 4724 utilita-

1790 4769 1860 4824 tis
1890 4767 2110 4822 habebit
2138 4768 2330 4831 homo,
2359 4763 2405 4820 si
2437 4765 2751 4818 universum
2791 4762 3051 4816 mundum
3088 4761 3351 4824 lucretur,

1791 4860 1987 4913 anima:
2010 4873 2140 4913 vero
2168 4872 2279 4912 sua:
2316 4856 2699 4911 detrimentum
2755 4855 2991 4924 patiatur
3016 4854 3098 4907 ⁸⁸2
3134 4873 3153 4906 ι
3193 4864 3249 4907 et
3285 4868 3351 4907 ex

1792 4966 1889 5005 eo:
1936 4968 1955 5001 ι
1988 4950 2042 5004 Si
2074 4948 2230 5016 cujus
2257 4963 2394 5019 opus
2418 4954 2668 5002 exustum
2701 4946 2884 5013 fuerit,
2907 4945 3157 5000 damnum
3185 4946 3353 5000 babe-

2747 5083 2835 5139 "1
2863 5081 3020 5140 Joan.
3053 5101 3104 5148 v,
3141 5083 3230 5150 l6,
3262 5083 3349 5141 Π.

1787 5298 1880 5380 τοῦ
1915 5296 2184 5369 ἔτιαύτὴν
2230 5293 2388 5368 ἰατὴν
2429 5293 2570 5353 εἶναι
2621 5297 2914 5366 δύνασθαι,
2971 5295 3053 5353 vel
3102 5296 3229 5366 quid
3271 5297 3348 5354 si-

1787 5369 1967 5506 ηῃίῗθ)
2005 5437 2274 5508 Ἆμαρτία
2299 5436 2882 5510 δηλονότι.⁹Λμαρτία
2910 5437 3121 5493 videtur
3144 5436 3350 5511 παρέλρ

1784 5525 2127 5650 κε(ἲ7)Νὗγ
2160 5579 2276 5648 μὲν
2296 5579 2382 5650 μὴ
2417 5579 2921 5649 παρεσκευάσθαι.
2959 5577 3197 5650 Negandi
3223 5595 3338 5650 par-

1789 5648 1958 5704 ticula
1981 5649 2032 5703 in
2066 5648 2317 5705 Ferrario
2373 5648 2506 5703 non
2530 5659 2840 5718 comparet;
2867 5663 3027 5716 quam
3046 5648 3351 5718 'genuinam

1790 5731 1970 5844 tzlnuen
1998 5721 2136 5779 ratio
2176 5730 2230 5778 et
2280 5721 2495 5779 codices
2553 5718 2910 5790 manuscri’pti
2958 5731 3013 5776 ct
3071 5718 3354 5777 Periouius

1789 5799 2042 5846 cantant.
