3688 6146
310 333 413 388 851

1721 326 2045 386 ORIGENIS

3456 325 3555 381 δειὲ

242 506 247 511 _
310 449 389 505 bit
414 445 483 503 ι’.
517 465 537 499 ι
578 445 759 516 Atque
810 442 867 500 in
906 451 1129 516 peccato
1158 443 1378 515 quidem
1413 444 1772 502 morientibus
1803 448 1837 501 ἰι

2021 443 2201 498 ,πιόντι
2226 441 2360 514 πρὸς
2392 440 2482 496 τὸν
2511 439 2751 513 Πατέρα.
2787 436 3011 512 ὕστερον
3041 440 3097 494 δὲ
3142 438 3203 507 ἐξ
3246 440 3558 511 ἐπιμελείας

304 541 424 611 quit
442 539 527 596 ηε
557 558 577 591 ι
610 537 783 604 Vado,
809 547 863 593 et
887 540 1141 609 quaeretis
1161 554 1267 607 me,
1294 549 1351 594 et
1375 539 1428 594 in
1454 547 1680 608 peccato
1696 550 1881 594 vestro

307 631 612 688 moriemini
647 647 661 683 :
696 646 806 702 quo
849 645 949 700 ego
1005 629 1142 685 vado
1196 647 1302 687 non
1336 633 1561 701 potestis
1599 631 1821 698 venire;
1855 652 1875 686 ι

306 725 375 780 ad
403 725 621 781 Petrum
664 739 826 779 vero:
865 742 883 776 ι
912 724 1029 792 Quo
1076 741 1176 794 ego
1218 725 1353 780 vado
1378 765 1394 792 ,
1427 740 1534 780 non
1583 735 1741 795 potes
1794 740 1882 781 me

304 818 466 873 modo
493 817 670 888 sequi,
701 817 947 886 sequeris
975 827 1156 872 autem
1186 827 1373 887 postea
1402 817 1485 882 ¹⁹;
1523 835 1543 870 ι
1576 816 1692 872 fleri
1732 816 1877 871 enim

303 918 488 979 potest
521 919 581 964 ut
626 909 928 979 discipulus
954 908 1081 964 Jesu
1129 924 1235 965 non
1270 910 1338 964 sit
1370 924 1512 965 nunc
1537 910 1754 979 quidem
1785 923 1878 978 pa-

305 1010 456 1056 ratus
480 1001 546 1056 ad
567 1002 897 1070 sequendum
920 1000 1196 1055 Christum
1221 1003 1507 1057 abeuntem
1531 1002 1598 1056 ad
1624 1001 1873 1066 Patrem;

301 1100 489 1161 postea
520 1106 653 1145 vero
677 1090 963 1161 diligenter
991 1090 1237 1163 vestigiis
1265 1091 1478 1144 insistat
1503 1091 1874 1160 praeceptoris,

303 1193 364 1238 et
414 1192 675 1251 sequatur
721 1183 1036 1237 Sermonem
1089 1182 1206 1237 Dei.
1262 1182 1426 1254 296
1478 1181 1748 1237 Credibile
1792 1192 1876 1236 est

303 1282 520 1339 autem,
552 1282 775 1342 propter
803 1289 865 1328 ea
909 1290 1031 1344 quae
1076 1287 1106 1327 a
1141 1274 1298 1329 nobis
1334 1277 1400 1328 de
1453 1274 1561 1329 ﬁne
1600 1273 1873 1329 intellecta

301 1372 466 1429 sunt,
515 1363 754 1434 aliquem
815 1364 1056 1418 animum
1084 1364 1151 1417 ad
1183 1364 1235 1418 id
1268 1364 1617 1419 adversarum
1644 1404 1660 1428 ,
1702 1381 1723 1415 ι
1758 1362 1875 1430 Quo

300 1470 402 1525 ego
428 1456 569 1510 vado
591 1497 606 1517 .
649 1470 744 1510 vos
776 1471 884 1509 non
914 1454 1142 1525 potestis
1172 1456 1390 1523 venire,
1430 1474 1451 1507 ι
1485 1455 1552 1510 ad
1597 1455 1760 1525 idque
1790 1454 1876 1509 di-

301 1555 555 1609 cturum,
602 1546 717 1601 fieri
766 1547 983 1617 quidem
1034 1562 1199 1618 posse
1234 1556 1294 1601 ut
1318 1563 1461 1603 nunc
1511 1547 1871 1616 nonpossint,

301 1637 657 1707 imposterum
700 1646 881 1692 autem
911 1639 1154 1708 possint;
1205 1647 1261 1692 et
1297 1638 1343 1693 si
1394 1639 1611 1709 quidem
1654 1636 1871 1706 aliquod

298 1735 385 1782 est
407 1728 662 1783 szeculum
689 1743 949 1799 praesens,
982 1728 1125 1783 aliud
1155 1744 1285 1785 vero
1314 1730 1553 1784 futurum
1578 1768 1594 1794 ,
1625 1743 1720 1784 eos
1750 1727 1872 1798 qui-

1987 535 2109 590 κατ’
2154 534 2274 605 ἴχνη
2326 533 2572 603 βαίνοντα
2623 531 2933 587 ἀκολουθεῖν
2974 531 3053 603 τῷ
3099 532 3428 603 διδασκάλῳ,
3466 535 3556 588 καὶ

1984 626 2212 680 ἕπεσθαι
2262 625 2340 697 τῷ
2384 626 2542 696 Λόγῳ
2580 624 2674 679 τοῦ
2720 623 2876 678 Θεοῦ.
2915 624 3075 689 Εἰκὸς
3125 624 3203 688 δὲ,
3247 625 3333 678 ὅτι
3366 624 3456 678 διὰ
3490 626 3557 678 τὰ

1985 719 2112 791 περ).
2163 717 2349 779 τέλους
2398 718 2530 788 ἡμῖν
2581 715 2951 787 ὑπονοούμενα
3004 716 3288 787 ἐπιστήσει
3325 733 3410 779 τις
3448 716 3553 787 τῷο

1991 830 2010 864 ι
2043 813 2215 865 Ὅπου
2248 810 2359 879 ἐγὼ
2396 810 2615 879 ὑπάγω,
2648 807 2805 879 ὑμεῖς
2829 809 2890 861 ού
2929 807 3152 861 δύνασθε
3183 807 3361 861 ἐλθεῖν
3381 824 3430 860 ἰ
3466 809 3559 862 καὶ

1983 903 2120 976 πρὸς
2151 901 2308 957 τοῦτο
2346 902 2481 972 ἐρεῖ,
2519 903 2602 955 ὅτι
2648 900 2825 968 ἔξεστι
2862 898 2956 953 νῦν
3009 900 3106 970 μὲν
3152 900 3230 972 μὴ
3273 899 3559 963 δύνασθαι,

1984 993 2209 1067 ὕστερον
2245 993 2303 1047 δὲ
2334 993 2660 1065 δυνήσεσθαι
2712 990 2845 1062 (48)·
2905 991 2998 1045 καὶ
3026 992 3186 1064 εῖπερ
3218 990 3337 1043 ἐστί
3366 1007 3455 1053 τις
3484 991 3565 1042 ὲν-

1982 1083 2228 1158 εστηκὼς
2260 1085 2414 1152 αἰὼν,
2451 1086 2546 1140 καὶ
2568 1085 2726 1150 ἄλλος
2763 1083 2989 1156 μέλλων,
3019 1077 3164 1138 οὗτοι
3184 1083 3322 1154 πρὸς
3343 1081 3443 1146 οὓς
3468 1082 3560 1134 λέ-

1980 1179 2197 1245 λεκται,
2237 1198 2255 1229 ι
2282 1174 2356 1232 Οὑ
2382 1176 2610 1231 δύνασθε
2649 1176 2844 1241 ἐλθεῖν,
2867 1195 2884 1228 ι
2927 1174 3067 1230 κατά
3096 1173 3186 1229 τὸν
3220 1174 3561 1246 ἐνεστηκότα

1980 1272 2152 1326 αἰῶνα
2200 1271 2389 1342 (πολὺς
2415 1271 2474 1325 δὲ
2504 1274 2532 1325 ὁ
2568 1271 2768 1324 λείπων
2799 1271 2879 1335 είς
2916 1270 3013 1341 τὴν
3046 1268 3352 1322 συντέλειαν
3385 1267 3558 1321 αὑτοῦ

1979 1367 2092 1419 ἐστι
2115 1363 2327 1437 χρόνος)
2364 1363 2424 1417 οὑ
2465 1363 2718 1418 δύνανται
2748 1364 2924 1417 ἐλθεῖν
2958 1364 3091 1417 ὅπου
3132 1360 3359 1433 Ἰησοῦς,
3390 1377 3558 1414 τουτ-

1980 1457 2148 1521 έστιν,
2190 1458 2325 1510 ὅπου
2357 1457 2391 1527 ἠ
2449 1454 2694 1527 ἀλήθεια,
2724 1455 2818 1509 καὶ
2846 1456 2880 1526 ὴ
2931 1452 3109 1522 σοφία,
3141 1454 3235 1506 καὶ
3270 1454 3299 1505 ὁ
3339 1451 3560 1519 Λόγος⁸

1976 1546 2136 1600 τοῦτο
2180 1544 2289 1618 γάρ
2331 1546 2500 1609 ἐστιν,
2536 1544 2689 1598 ὅπου
2736 1542 2996 1610 Ἰησοῦς·
3048 1537 3163 1595 οἶδα
3189 1541 3246 1595 δέ
3283 1558 3468 1606 τινας,
3501 1539 3568 1592 οὗ

1980 1638 2138 1709 μόνον
2171 1640 2228 1690 ἐν
2259 1636 2338 1707 τῷ
2370 1636 2525 1691 αἰῶνι
2560 1636 2753 1707 τούτῳ,
2786 1632 2925 1689 ἀλλά
2953 1633 3047 1688 καὶ
3083 1634 3141 1686 ἐν
3186 1633 3263 1704 τῷ
3304 1631 3568 1704 μέλλοντι

1977 1728 2377 1802 κρατουμένους
2411 1727 2517 1782 ὑπὸ
2560 1728 2659 1797 τῆς
2701 1726 2834 1791 ἰδίας
2883 1724 3190 1797 ἁμαρτίας,
3220 1724 3295 1788 ὡς
3324 1722 3568 1788 τούτους

298 1817 401 1873 bus
422 1819 621 1874 dicitur
640 1858 655 1885 ,
686 1838 707 1872 ι
726 1819 842 1875 Non
868 1820 1093 1890 potestis
1118 1821 1322 1887 venire,
1350 1840 1368 1874 ι
1393 1823 1496 1877 hoc
1519 1820 1715 1876 saeculo
1737 1834 1838 1889 pra

2021 1817 2106 1886 ερὶ
2149 1807 2226 1868 ὧν
2269 1816 2483 1887 φησινὸ
2508 1814 2709 1883 Λόγος’
2752 1833 2773 1867 ι
2807 1815 2932 1869 Ἐὰν
2961 1814 3322 1886 βλασφημήσῃ
3362 1816 3456 1877 εἰς
3502 1813 3569 1865 τὺ

297 1907 435 1961 senti
463 1906 712 1977 (multum
743 1916 920 1963 autem
950 1909 1016 1962 ad
1044 1906 1161 1976 ejus
1183 1910 1702 1965 consummationem
1729 1922 1870 1965 tem-

230 2064 237 2072 _
295 2001 448 2068 poris
478 2001 745 2072 superest)
780 2002 969 2057 venire
1003 2016 1108 2056 non
1136 2016 1293 2071 posse
1319 2002 1410 2057 ubi
1440 2011 1524 2057 est
1554 2001 1737 2070 Iesus,
1766 2005 1871 2061 hoc

295 2101 413 2158 est,
441 2092 531 2147 ubi
577 2101 661 2146 est
705 2092 938 2156 veritas,
969 2102 1022 2147 et
1067 2093 1335 2161 sapientia
1359 2134 1376 2159 ,
1417 2104 1472 2149 et
1503 2093 1729 2162 Sermo;
1765 2096 1870 2169 hoc

294 2182 440 2237 enim
473 2183 772 2250 significat,
815 2183 906 2236 ubi
948 2193 1025 2238 est
1072 2183 1230 2238 Iesus
1271 2198 1291 2238 :
1331 2194 1388 2240 at
1438 2187 1699 2256 quosdam
1743 2189 1868 2244 novi

294 2273 386 2343 qui
422 2287 524 2326 non
555 2273 725 2326 solum
754 2273 956 2333 in.boc
984 2274 1214 2344 saeculo,
1258 2290 1446 2331 verum
1484 2278 1654 2332 etiam
1687 2278 1744 2333 in
1778 2280 1867 2335 fu—

297 2373 421 2417 turo
454 2377 481 2415 a
532 2364 751 2433 proprio
793 2374 1014 2435 peccato
1060 2366 1446 2434 detineantur,
1477 2369 1649 2424 veluti
1710 2370 1864 2440 istos,

293 2456 364 2509 de
390 2454 585 2522 quibus
617 2454 786 2510 Filius
822 2458 914 2511 Dei
943 2453 1207 2527 inquit":
1232 2476 1251 2509 ι
1275 2458 1376 2526 Qui
1411 2459 1868 2531 blasphemaverit

293 2546 349 2601 in
381 2547 641 2616 Spiritum
681 2559 966 2616 sanctum,
1030 2566 1137 2606 non
1191 2550 1419 2608 habebit
1462 2554 1864 2621 remissionem,

293 2653 473 2708 neque
531 2639 584 2694 in
636 2644 890 2710 praesenti
959 2645 1187 2710 saeculo,
1241 2660 1422 2717 neque
1467 2646 1523 2701 in
1583 2646 1802 2715 futuro;
1839 2669 1859 2704 ι

295 2746 396 2786 nec
422 2740 599 2787 tamen
630 2735 914 2804 sequitur,
944 2737 987 2791 si
1028 2752 1133 2791 non
1179 2736 1342 2792 habet
1385 2736 1762 2793 remissionem
1811 2741 1864 2794 in

293 2819 476 2876 futuro
504 2823 737 2889 sarculo,
775 2839 881 2879 non
913 2826 1115 2881 habere
1158 2826 1212 2880 in
1256 2826 1667 2895 superventuris
1695 2841 1865 2882 sacu-

292 2908 381 2964 lis.
416 2909 563 2966 Sane
599 2911 897 2968 Heracleon
935 2928 1215 2984 exponens
1257 2916 1551 2971 dictionem
1590 2917 1866 2988 gazophy-

291 3002 456 3071 lacii,
502 3005 637 3061 nihil
685 3007 824 3063 dixit
872 3009 925 3064 in
968 3024 1109 3065 eam.
1152 3008 1209 3064 In
1270 3010 1374 3065 hoc
1409 3020 1591 3066 autem
1631 3011 1860 3076 dictum,

295 3114 318 3150 ι
345 3098 462 3166 Quo
487 3114 587 3170 ego
612 3101 751 3156 vado
770 3143 785 3169 ,
813 3117 910 3157 vos
949 3118 1056 3158 non
1082 3104 1306 3173 potestis
1335 3102 1524 3158 venire
1542 3142 1560 3168 ,
1595 3121 1616 3156 ι
1652 3104 1860 3174 inquit:

1975 1906 2197 1978 Πνεῦμα
2222 1905 2330 1978 (49)
2357 1906 2419 1959 τὸ
2449 1906 2622 1975 ἅγιον,
2640 1907 2742 1960 οὐκ
2772 1907 2885 1977 ἔχει
2917 1907 3107 1976 ἄφεσιν
3127 1905 3249 1961 οὔτε
3276 1907 3333 1959 ἐν
3366 1905 3560 1976 τούτῳ

1974 1996 2053 2067 τῷ
2094 1995 2274 2059 αἰῶνι,
2309 1994 2433 2050 οὔτε
2459 1997 2518 2048 ἐν
2545 1993 2624 2067 τῷ
2661 1994 2922 2066 μέλλοντιο
2948 2013 2967 2046 ι
3001 1995 3062 2048 οὐ
3092 1994 3272 2066 μέντοι
3298 2010 3364 2062 γε
3398 1995 3455 2045 εἰ
3486 1993 3566 2064 μὴ

1974 2091 2031 2143 ἐν
2058 2086 2135 2159 τῷ
2179 2086 2423 2159 μέλλοντι
2449 2086 2560 2159 (50)
2610 2086 2787 2153 αἰῶνι,
2835 2086 2937 2158 ἤδη
2979 2086 3101 2140 οὑδὲ
3139 2086 3195 2139 ἐν
3232 2088 3343 2147 τοῖς
3389 2083 3564 2136 αἱῶσι

1972 2183 2082 2246 τοῖς
2111 2181 2515 2253 ἐπερχομένοις.
2555 2180 2612 2234 '0
2641 2180 2823 2252 μέντοι
2847 2196 2911 2250 γε
2948 2178 3277 2250 Ἡρακλέων,
3311 2176 3562 2247 ἐκθέμε-

1971 2294 2061 2342 νος
2097 2276 2198 2349 τὴν
2243 2276 2370 2349 περὶ
2422 2273 2515 2329 τοῦ
2561 2272 2961 2344 γαζοφυλακίου
3003 2269 3167 2338 λέξιν,
3202 2269 3348 2324 οὐδὲν
3397 2264 3563 2321 εἶπεν

1974 2371 2052 2433 είς
2081 2370 2266 2442 αὑτήν.
2306 2368 2401 2433 Εἰς
2427 2368 2485 2423 δὲ
2509 2367 2590 2431 τὸ,
2624 2385 2642 2419 ι
2680 2368 2852 2421 Ὅπου
2883 2364 2992 2434 ἐγὼ
3030 2365 3243 2432 ὑπάγω,
3278 2363 3452 2433 ὑμεῖς
3488 2363 3553 2416 οὑ

1971 2460 2198 2517 δύνασθε
2237 2460 2473 2526 ἐλθεῖν,›
2510 2459 2672 2532 φησί·
2713 2477 2732 2510 ι
2780 2458 2906 2522 Πῶς
2931 2456 3040 2530 (Si)
3085 2458 3143 2510 ἐν
3188 2454 3408 2526 ἀγνοίᾳ,
3465 2454 3565 2506 καὶ

1971 2554 2218 2625 ἀπιστίᾳ,
2245 2553 2338 2606 καὶ
2360 2553 2752 2625 ἁμαρτήμασιν
2778 2551 2950 2615 ὅντες,
2975 2551 3033 2605 ἐν
3056 2546 3330 2620 ἀφθαρσίᾳ
3351 2545 3565 2599 δύναν-

1970 2662 2059 2700 ται
2088 2644 2413 2714 γενέσθαις»
2440 2627 2587 2716 ’μηδὲ
2630 2646 2688 2698 ἐν
2732 2642 2906 2713 τούτῳ
2952 2639 3263 2695 κατακούων
3309 2636 3557 2691 ἑαυτοῦ·

1971 2740 2020 2791 εί
2045 2737 2154 2810 γὰρ
2195 2739 2246 2790 ot
2285 2738 2342 2790 ὲν
2375 2737 2586 2809 ἀγνοίᾳ,
2632 2737 2725 2790 καὶ
2750 2733 3000 2804 ἀπιστίᾳ,
3034 2732 3131 2786 καὶ
3152 2729 3567 2802 ἁμαρτήμασιν

1970 2829 2142 2895 ὅντες,
2174 2832 2232 2884 ὲν
2279 2829 2559 2901 ἀφθαρσίᾳ
2595 2829 2654 2882 οὑ
2699 2826 2953 2882 δύνανται
3000 2824 3279 2894 γενέσθαι,
3326 2821 3464 2887 πῶς
3516 2822 3563 2873 οἱ

1971 2920 2280 2986 ἀπόστολοι,
2313 2922 2370 2975 ὲν
2399 2919 2591 2990 ἀγνοίᾳ
2615 2916 2727 2991 (52)
2754 2917 2903 2982 ποτὲ,
2946 2916 3041 2970 κα).
3068 2917 3124 2968 ἐν
3162 2912 3421 2984 ἀπιστίᾳ,
3467 2911 3566 2966 καὶ

1970 3013 2028 3068 ἐν
2070 3013 2431 3085 ἁμαρτήμασι
2479 3012 2780 3082 γενόμενοι,
2827 3011 2887 3062 ἐν
2918 3006 3212 3080 ,ἀφθαρσίᾳ
3249 3005 3561 3075 γεγόναςις

1972 3103 2234 3160 Δύνανται
2265 3098 2358 3157 οὖν
2399 3102 2449 3154 οί
2484 3103 2539 3154 ὲν
2582 3101 2796 3171 ἀγνοίᾳ,
2831 3100 2925 3153 καὶ
2962 3101 3020 3152 ἐν
3066 3096 3309 3168 ἀπιστίᾳ,
3343 3095 3458 3149 καὶ
3506 3096 3567 3149 ἐν

295 3207 314 3242 ι
352 3187 632 3255 Quomodo
662 3194 753 3263 qui
784 3193 836 3247 in
865 3193 1167 3264 ignorantia
1198 3204 1254 3248 et
1287 3195 1339 3249 in
1373 3194 1694 3251 infidelitate
1716 3205 1838 3250 sunt

2021 3197 2330 3268 μαρτήμασι
2382 3193 2663 3264 γενόμενοι
2722 3190 2976 3262 γενέσθαι
3029 3191 3087 3243 ἐν
3139 3186 3468 3258 ἀφθαρσίᾳ,
3514 3186 3566 3240 ει

288 3290 343 3335 et
377 3282 429 3335 in
468 3285 738 3353 peccatis,
777 3285 1221 3355 incorruptibiles
1256 3286 1374 3340 fieri
1400 3287 1669 3357 possunt?
1703 3306 1723 3339 ι
1767 3301 1838 3342 ne

2021 3286 2366 3341 εταϐἀλλοιεν
2387 3302 2401 3316 °
2435 3285 2657 3342 δυνατὸν
2688 3285 2745 3338 δέ
2782 3283 2979 3348 αὐτοὺς
3003 3281 3115 3355 (55)
3167 3278 3562 3353 μεταϐάλλειν.

197 3398 202 3406 -
288 3387 392 3440 que
419 3372 522 3430 hac
572 3376 623 3430 in
673 3391 732 3433 re
765 3377 867 3433 sibi
918 3379 1265 3433 consentiens
1312 3395 1329 3434 :
1363 3394 1487 3434 nam
1516 3380 1562 3436 si
1598 3381 1652 3435 in
1706 3381 2011 3451 ignorantia
2037 3421 2054 3448 ,
2078 3389 2135 3437 et
2173 3379 2226 3435 in
2276 3376 2688 3445 incredulitate,
2737 3376 2877 3431 etin
2916 3377 3157 3446 peccatis
3192 3374 3561 3437 exsistentes,

295 3464 416 3522 fieri
443 3482 549 3521 non
580 3478 808 3538 possunt
837 3468 1302 3539 incorruptibiles,
1350 3471 1620 3539 quomodo
1667 3471 1924 3540 apostoli,
1954 3471 2045 3540 qui
2090 3467 2378 3540 aliquando
2420 3469 2576 3525 fuere
2622 3466 2676 3522 in
2710 3465 3034 3536 ignorantia,
3071 3474 3128 3520 et
3168 3465 3221 3519 in
3250 3463 3566 3518 increduli-

290 3568 439 3626 tate,
491 3570 547 3614 et
584 3562 636 3615 in
687 3562 925 3630 peccatis
951 3600 968 3627 ,
1020 3560 1150 3615 facti
1196 3571 1328 3616 sunt
1381 3563 1863 3635 incorruptibiles?
1894 3562 2130 3619 Proinde
2176 3571 2405 3633 possunt
2444 3562 2534 3631 qui
2580 3563 2634 3616 in
2675 3561 3076 3626 incredulitate,
3113 3568 3168 3614 ct
3194 3559 3244 3612 in
3282 3557 3565 3627 ignoran-

290 3652 386 3718 tia,
410 3663 466 3707 et
498 3652 553 3707 in
582 3655 822 3722 peccatis
864 3664 1013 3721 sunt,
1043 3654 1160 3709 fieri
1191 3656 1652 3725 incorruptibiles,
1687 3658 1733 3713 si
1774 3659 2168 3725 immutentur;
2206 3657 2472 3726 facileque
2501 3657 2665 3711 etiam
2705 3652 2850 3710 factu
2881 3665 2967 3709 est
2995 3669 3088 3707 eos
3117 3653 3335 3706 mutari.

356 3746 413 3799 4.
460 3763 480 3797 ι
518 3745 777 3802 Dicebant
808 3762 941 3818 ergo
977 3745 1187 3801 Judaei:
1229 3747 1478 3816 Nunquid
1517 3750 1751 3820 seipsum
1783 3752 1838 3806 in

2040 3752 2094 3806 4.
2117 3770 2136 3803 ι
2159 3750 2384 3820 Ἔλεγον
2400 3746 2491 3805 οὖν
2505 3752 2554 3803 οί
2583 3747 3004 3819 ἸουδαῖοισξΜήτι
3022 3749 3308 3801 ἀποκτενεῖ
3325 3746 3558 3815 ἑαυτὸν,

287 3837 618 3891 terfecturus
638 3847 741 3904 est,
772 3838 915 3907 quod
950 3837 1087 3892 dicit
1129 3855 1144 3891 :
1178 3836 1298 3904 Quo
1320 3851 1419 3907 ego
1445 3838 1604 3907 vado,
1634 3856 1733 3896 vos
1755 3857 1838 3898 non

2021 3860 2051 3896 ει
2110 3842 2292 3911 λέγει·
2357 3843 2530 3895 Ὅπου
2573 3837 2687 3908 ἐγὼ
2729 3839 2946 3908 ὑπάγω,
2991 3839 3148 3908 ὑμεῖς
3194 3838 3255 3892 οὑ
3307 3838 3561 3895 δύνασθε

286 3930 515 3998 potestis
545 3932 732 3985 venire
755 3931 799 3962 ¹¹
825 3930 848 3984 ἳ
883 3950 904 3984 ι
941 3930 1171 4001 Dignum
1196 3934 1430 3999 quaesitu
1467 3940 1553 3988 est
1584 3935 1836 3988 undenan

2021 3934 2168 4000 ,θεῖνς
2200 3953 2219 3986 ι
2257 3932 2439 3998 Ἄξιον
2481 3930 2715 4003 ζητῆσαι
2750 3930 2912 3984 πόθεν
2960 3929 3267 4002 κινηθέντες
3306 3932 3354 3983 οί
3406 3933 3559 3987 Ἰου-

287 4021 418 4074 moti
449 4019 618 4075 Judaei
659 4024 726 4076 ad
780 4023 916 4078 illud
959 4025 1194 4089 dictum,
1229 4041 1250 4077 ι
1278 4024 1400 4091 Quo
1425 4039 1527 4095 ego
1553 4026 1727 4092 vado,
1762 4041 1838 4081 vos

2021 4030 2099 4081 ιῖοι
2125 4026 2262 4099 πρὸς
2294 4026 2378 4092 τὸ,
2409 4045 2428 4077 ι
2455 4026 2628 4078 Ὅπου
2654 4021 2766 4091 ἐγὼ
2790 4023 3006 4092 ὑπάγω,
3031 4023 3188 4094 ὑμεῖς
3214 4023 3274 4076 οὑ
3302 4022 3558 4080 δύνασθι

289 4129 393 4167 non
424 4114 653 4181 potestis
676 4115 869 4170 venire
888 4156 902 4179 ,
929 4134 948 4167 ι
977 4116 1193 4172 dicant:
1227 4134 1247 4168 ι
1278 4115 1528 4187 Nunquid
1548 4116 1838 4172 interiectu

2023 4119 2135 4173 θεῖν
2186 4119 2320 4190 (54),
2371 4138 2389 4170 ι
2428 4118 2563 4188 φασὶ
2610 4116 2698 4170 τόο
2737 4135 2755 4167 ι
2798 4117 2945 4186 Μήτι
2986 4116 3273 4169 ἀποκτενεῖ
3319 4115 3553 4180 ἐαυτὸν,

286 4220 380 4260 rus
410 4213 495 4260 est
521 4206 789 4273 seipsum,
843 4207 984 4275 quod
1036 4208 1204 4263 dicit:
1263 4208 1381 4275 Quo
1419 4225 1518 4280 ego
1547 4209 1723 4277 vado,
1764 4225 1838 4265 vos

2021 4232 2037 4265 ι
2091 4211 2272 4280 λέγει·
2328 4211 2499 4265 Ὅπου
2546 4207 2659 4278 ἐγὼ
2708 4209 2924 4277 ὑπάγω,
2986 4209 3143 4278 ὑμεῖς
3188 4206 3248 4260 οὑ
3300 4206 3554 4263 δύνασθε

286 4314 393 4353 non
424 4300 652 4368 potestis
687 4300 913 4354 venire?
943 4321 961 4353 ι
1003 4300 1073 4356 Ut
1107 4317 1236 4356 vero
1258 4305 1420 4358 etiam
1449 4306 1610 4359 detur
1644 4303 1838 4372 simpli-

2021 4301 2128 4355 θεῖν
2153 4318 2167 4367 ;
2191 4321 2211 4353 ι
2250 4302 2369 4356 Ἵνα
2397 4301 2455 4354 δὲ
2487 4302 2581 4355 καὶ
2606 4300 2731 4372 δοθῇ
2763 4299 3129 4370 ἁπλούστερον
3160 4299 3356 4362 αὑτοὺς
3376 4300 3555 4372 εἰρη-

285 4391 402 4444 cius
435 4404 527 4444 eos
576 4391 808 4458 dixisse,
841 4410 861 4444 ι
904 4392 1157 4462 Nunquid
1201 4394 1587 4451 interfecturus
1636 4406 1719 4451 est
1765 4411 1838 4450 se-

2021 4410 2107 4448 ναι
2134 4393 2227 4448 τό’
2267 4394 2454 4465 «Μήτι
2491 4393 2780 4448 ἀποκτενεῖ
2818 4392 3043 4458 ἐαυτόνς
3070 4410 3088 4443 ι
3132 4390 3249 4454 πῶς
3279 4393 3330 4444 oi
3370 4390 3551 4447 Sumi-

286 4480 502 4549 ipsum?
538 4500 556 4533 ι
586 4485 858 4551 quomodo
885 4485 977 4554 qui
1002 4494 1253 4555 poterant
1281 4485 1489 4554 seipsos
1520 4487 1838 4551 interficere1

2021 4503 2106 4540 ινοι
2150 4486 2466 4540 ἀποκτεῖναι
2516 4485 2764 4549 ἑαυτοὺς,
2799 4485 2900 4538 κᾶν
2956 4482 3030 4555 μὴ
3076 4483 3372 4553 ἀναιρῶσιν
3410 4484 3552 4539 ἑαυ-

283 4574 625 4628 etiamsinon
672 4576 1005 4632 interficiant
1051 4579 1290 4647 seipsos,
1329 4592 1504 4647 neque
1535 4577 1731 4632 vadant
1785 4593 1838 4634 et

2021 4579 2102 4642 ὺς,
2138 4578 2271 4649 μηδὲ
2293 4578 2550 4648 γίνωνται
2573 4577 2713 4635 ὅπου,
2738 4577 2767 4630 ὁ
2801 4576 3040 4648 ἀναιρῶν
3068 4575 3259 4631 ἐαυτὸν
3296 4576 3544 4645 γίνεται,

280 4679 389 4736 quo
413 4666 562 4720 vadit
590 4668 679 4736 qui
709 4669 946 4738 seipsum
978 4670 1266 4739 interficit,
1297 4686 1363 4726 eo
1393 4672 1546 4724 abire
1583 4686 1689 4725 non
1723 4685 1838 4740 pos-

2062 4668 2312 4724 δύνανται
2355 4668 2467 4741 (55)
2518 4668 2737 4722 ἀπιέναι
2786 4668 2919 4721 ὅπου
2971 4668 3000 4721 ὁ
3050 4668 3287 4739 ἀναιρῶν
3337 4669 3546 4725 ἑαυτὸν

282 4766 409 4810 sunt
430 4771 539 4828 quo
569 4762 770 4814 recedit
811 4761 902 4831 qui
935 4762 1174 4831 seipsum
1219 4761 1522 4816 interficit?
1548 4760 1733 4831 Itaque
1765 4776 1838 4814 re-

2021 4762 2284 4833 ιέρχεται;
2319 4761 2552 4816 Λεκτέον
2579 4757 2670 4816 οὖν
2712 4760 2848 4833 πρὸς
2900 4759 2970 4814 τά
3016 4758 3326 4832 ζητούμενα
3354 4760 3542 4815 ταῦτα

283 4849 584 4915 spondeam
611 4858 825 4919 oportet
854 4852 919 4907 ad
965 4852 1083 4907 haec
1114 4853 1369 4922 quazsita,
1403 4852 1494 4922 qui
1538 4852 1838 4921 diligentius

2021 4856 2066 4917 ῖς
2095 4852 2511 4925 ἐπιμελέστερον
2551 4854 2645 4907 καὶ
2679 4851 2972 4924 βαθύτερον
3012 4852 3270 4907 ἀκούουσι
3306 4852 3418 4909 τῶν
3449 4855 3543 4909 λε-

281 4947 336 4991 et
369 4937 686 5007 profundius
715 4941 1023 5011 intelligunt
1053 4958 1174 5012 quae
1214 4957 1245 4997 a
1278 4941 1479 4998 Iudaeis
1508 4943 1759 4998 dicuntur
1794 4942 1838 4996 in

2024 4942 2199 5017 μένων
2232 4943 2338 4998 ὑπὸ
2378 4943 2645 4999 Ἰουδαίων
2679 4945 2738 4999 ὲν
2779 4945 2892 5007 τοῖς
2942 4943 3317 5013 Εὑαγγελίοις,
3358 4945 3540 5016 σαφές

351 5100 396 5134 ⁸⁷
425 5101 446 5156 l
471 5101 602 5161 Cor.
637 5116 721 5171 ιιι,
753 5103 842 5158 15.
920 5103 966 5138 ⁸⁸
992 5102 1152 5161 Joan.
1187 5121 1306 5173 vm,
1351 5107 1442 5162 21.
1513 5109 1556 5141 ¹⁹
1585 5106 1741 5164 Joan.
1774 5123 1838 5162 ιιι

2089 5103 2136 5137 ³⁸
2169 5103 2359 5158 Matth.
2378 5119 2474 5167 ιιι,
2499 5104 2589 5159 52.
2667 5104 2712 5136 ³⁸
2733 5102 3017 5169 Joanmn,
3039 5102 3131 5158 22.

2021 5261 2133 5333 (52)
2174 5262 2277 5316 Ἐν
2288 5262 2518 5333 ἀγνοίᾳ.
2533 5261 2588 5318 1η
2607 5263 2790 5319 codice
2813 5261 2984 5331 Regio
3004 5259 3531 5333 maleomittiturév.

275 5327 645 5400 vero‘ﬂegius
667 5338 721 5400 et
749 5328 1097 5400 Barberinus,
1121 5328 1178 5400 δὲ
1215 5326 1495 5400 δύνησθαι.
1556 5326 1572 5333 ’
1655 5326 1671 5334 ’

2021 5326 2133 5397 (55)
2167 5326 2434 5388 Δυνατὸν
2458 5326 2526 5387 δὲ
2540 5334 2779 5399 αὐτούς.
2802 5332 2859 5387 lu
2881 5326 3051 5399 Regio
3070 5330 3255 5400 codice
3279 5333 3433 5385 deest
3448 5333 3530 5387 δέ.

350 5396 802 5473 (£9)_Legendum
831 5399 1048 5453 videtur
1081 5399 1177 5453 ἐὰν
1229 5396 1600 5473 βλασφημήσῃ
1631 5418 1713 5466 τις
1763 5402 1845 5467 είς
1962 5472 1971 5473 7
2019 5402 2131 5473 (54)
2164 5403 2375 5473 ’Ἄξιον
2395 5401 2641 5471 ζητῆσαι
2682 5396 2867 5473 πὸθεν
2896 5396 3243 5473 κιὶ-ηθένζες
3270 5404 3327 5454 οὶ
3350 5402 3530 5473 ⁸ἰον-ο

277 5464 609 5543 τὸ-ῌΛνεῦφμοῐ.
639 5477 744 5543 etc.
925 5537 938 5543 _
1012 5535 1023 5543 _
1077 5537 1090 5543 _
1201 5464 1243 5543 ς
1315 5539 1327 5543 _
1379 5464 1391 5470 ’
1429 5464 1462 5473 ⁷’
1512 5464 1523 5472 ’
1694 5464 1705 5466 ’
1798 5464 1838 5543 μ’
1947 5464 2269 5540 δαῖοιξπρὸξ
2290 5475 2392 5526 τό’
2432 5464 2757 5543 δοέεουέγὼ
2784 5464 3531 5543 ὑπάγιὼὺμεῖς-οὐδύνα·

318 5536 460 5615 _(50)
581 5536 786 5615 μέςιςτρι
806 5553 870 5615 τε
889 5535 1040 5615 εἰμὴ
1065 5537 1134 5591 ἐν
1154 5537 1234 5615 τῷ
1250 5539 1558 5615 Idume.
1586 5539 1838 5608 Agnoscis

2021 5546 2058 5595 le
2076 5535 2294 5615 ἐλόεῐᾶε.
2332 5542 2455 5615 lim}:
2482 5535 2858 5615 desiderantur
2888 5535 2940 5598 in
2968 5535 3138 5612 Regio
3165 5535 3354 5597 codice
3381 5578 3401 5611 ρ
3425 5544 3529 5597 sed

278 5602 366 5656 hic
396 5602 599 5679 semina
654 5602 970 5679 Qrige-niaui'
1026 5602 1269 5679 erroris;
1303 5611 1397 5679 qui
1458 5602 1842 5665 damnatorum
1960 5614 2324 5666 restituuntur
2350 5629 2379 5667 e
2412 5611 2721 5666 Bodleiano.

279 5674 459 5755 pugnis
489 5677 649 5755 littem
679 5674 1008 5755 imponebat.
1034 5674 1346 5755 licitumst:
1532 5704 1539 5711 θ

2031 5680 2144 5752 (55)
2176 5682 2353 5739 Codex
2382 5682 2598 5753 Regius,
2629 5697 2938 5755 perperam,
2960 5680 3203 5738 δύναται.

352 5738 463 5802 (51)
488 5741 665 5800 Codex
691 5738 911 5814 Regius,
948 5747 1081 5814 φησι
1103 5747 1231 5815 γάρ’
1262 5748 1408 5815 Πῶς,
1436 5759 1541 5803 etc.

349 5255 583 5334 (LSLSic
611 5257 1164 5334 ι’(ιριιε-ιιιιίιειι(ξοάεξις⁸
1182 5259 1526 5334 Bodleianus,
1554 5276 1838 5334 perperam
