3688 6146
118 368 211 424 δεῖξ’)

1137 367 1491 425 COMMENT.
1526 368 1591 423 IN
1629 366 1823 423 JOAN.
1859 365 2095 423 TOMUS
2130 365 2298 421 XIX-

3205 372 3311 426 554

117 488 262 548 ἐστιν,
291 483 367 536 ὅτι
392 480 557 536 πολλά
580 482 692 553 (56)
726 484 869 538 κατά
888 502 1039 549 τινας
1066 488 1383 559 παραδόσεις
1410 491 1573 561 ἁπορῤ

1923 488 2096 559 geli-is,
2131 488 2335 543 clarum
2385 501 2508 543 esse
2536 485 2751 543 Judteos
2796 488 2962 549 multa
3015 494 3311 547 secundum
3372 500 3379 507 ‘

114 592 222 639 τους
241 575 328 629 καὶ
351 575 824 646 ἁνακεχωρηκυίας
848 576 1051 647 ἔλεγον,
1074 578 1150 642 ὡς
1173 581 1468 648 ἐγνωκότες
1488 582 1650 654 ἕτερα

116 670 247 740 παρά
268 667 330 722 τὰ
351 666 499 721 κοινά
530 668 623 720 καὶ⁵
655 669 1130 740 κατημαξευμένα.
1164 671 1332 725 Ἐπὰν
1364 672 1422 726 δὲ
1452 672 1650 744 ῑδωμεν

115 762 171 812 ἐκ
193 759 282 828 τῆς
310 757 653 829 παραθέσεως
673 760 783 814 τῶν
815 760 996 832 ῥητῶν
1033 765 1235 825 ἐκεῖνα,
1265 764 1384 817 τότε
1418 763 1646 837 ζητήσο-

114 868 200 920 μεν
224 852 270 904 si
293 850 383 903 καὶ
421 850 578 904 τοῦτο
603 852 694 906 ὑπ’
723 853 902 907 αὐτῶν
933 854 1060 927 περὶ
1086 855 1181 908 τοῦ
1206 857 1455 929 Σωτῆρος
1490 857 1647 925 λέγε-

111 961 206 1006 ται,
244 941 526 1014 βαθύτερόν
570 960 623 997 τι
675 943 1001 1015 βλεπόντων.
1041 946 1158 1000 Ὅτι
1190 947 1247 1000 δὲ
1278 947 1417 1001 κατὰ
1454 948 1649 1001 ἀνακε-

109 1032 400 1104 χωρηκότας
425 1032 636 1102 λόγους,
660 1035 755 1090 καὶ
778 1035 851 1107 μὴ
873 1035 1389 1108 καθημαξευμένους
1413 1039 1647 1109 ἔφασκον

106 1124 187 1177 τὸν
215 1125 387 1178 ἀδολον
412 1125 524 1196 (57)
573 1127 631 1179 ὲν
682 1127 1007 1193 Βεελζεϐοὺλ
1038 1128 1117 1200 τῷ
1147 1130 1368 1201 ἄρχοντι
1397 1130 1505 1184 τῶν
1533 1131 1648 1184 δαι-

111 1215 282 1282 μονίων
330 1216 610 1270 ἐκϐάλλειν
655 1216 724 1271 τά
771 1219 1043 1290 δαιμόνια,
1096 1221 1313 1285 πάντως
1357 1222 1466 1292 γάρ
1519 1222 1648 1293 περὶ

105 1305 343 1375 δαιμόνων
372 1324 424 1359 τι
461 1306 892 1379 μεμαθήκεισαν,
922 1311 1016 1363 καὶ
1047 1311 1142 1364 τοῦ
1179 1309 1436 1382 ἄρχοντος
1465 1311 1645 1365 αὐτῶν

105 1395 157 1448 τὸ
180 1394 331 1467 ὄνομα
360 1396 714 1461 Βεελζεὸούλ·
755 1398 929 1452 ταῦτα
970 1399 1027 1453 δὲ
1074 1403 1135 1454 οὑ
1182 1400 1322 1454 πάνυ
1356 1419 1407 1454 τι
1448 1403 1506 1454 ἐν
1534 1404 1645 1464 τοῖς

106 1487 395 1557 φερομένοις
443 1491 617 1543 κεῖται
659 1488 884 1560 βιϐλίοις
906 1488 1041 1559 (58),
1088 1490 1183 1543 καὶ
1228 1495 1502 1563 μαρτυρία
1549 1491 1641 1544 τοῦ

105 1578 327 1649 Σωτῆρος
364 1579 424 1632 οὐ
453 1571 636 1649 ψεύδει
658 1580 737 1651 τῷ
766 1579 1092 1645 Βεελζεϐοὺλ
1115 1581 1286 1651 λόγων
1317 1583 1483 1635 ὄντων
1509 1583 1638 1654 (59)·

109 1673 195 1725 «Εἰ
234 1672 335 1742 ἐγὼ
377 1673 435 1726 ὲν
486 1671 810 1737 Βεελζεϐοὺλ
861 1673 1107 1727 ἐκϐάλλω
1151 1674 1217 1727 τὰ
1261 1673 1533 1744 δαιμόνια,
1593 1676 1642 1727 οἱ

103 1765 195 1818 υἱοὶ
224 1765 366 1835 ὑμῶν
396 1767 455 1818 ὲν
488 1765 592 1819 τίνι
619 1763 973 1829 ὲκ6ἀλλουσι;
1000 1786 1018 1816 ι
1064 1764 1508 1836 Παραδεξάμενος
1531 1765 1640 1835 (60)

1749 583 2014 651 quasdam
2065 582 2387 637 traditiones
2428 580 2669 635 occultas
2700 592 2756 636 et
2802 598 3084 652 separatas
3130 586 3310 656 loqui;

1751 682 2005 743 tanquam
2038 674 2129 743 qui
2159 673 2263 728 alia
2286 673 2573 741 cognorint
2617 684 2814 742 μηρίον
2860 690 2921 727 ea
2950 691 3068 743 qua:
3100 677 3313 744 publica

1749 776 1905 821 erant
1943 767 2104 837 297
2139 775 2190 820 et
2231 766 2382 820 trita.
2410 763 2542 819 Cum
2576 776 2754 819 autem
2796 765 3092 820 viderimus
3125 781 3187 822 ex
3221 784 3314 837 ap-

1749 858 2014 927 positioue
2044 859 2312 911 dictorum
2341 855 2451 920 illa,
2484 867 2615 910 tunc
2646 870 2952 924 quaaremus
2984 871 3111 909 num
3145 858 3312 911 etiam

1750 950 1851 1004 hoc
1881 948 1949 1002 ab
1982 949 2111 1017 ipsis
2134 950 2200 1002 de
2227 947 2516 1003 Servatore
2545 947 2779 1009 dicatur,
2815 946 3121 1001 videntibus
3151 947 3311 1016 quid-

1748 1041 1869 1094 dam
1901 1038 2238 1107 profundius.
2281 1038 2545 1103 Quoniam
2594 1051 2727 1093 vero
2774 1036 3067 1092 secundum
3099 1054 3310 1107 separa-

1750 1140 1834 1184 tas
1867 1130 2196 1198 minimeque
2224 1128 2470 1199 vulgares
2496 1129 2755 1192 rationes,
2784 1128 2869 1181 vel
2897 1143 3196 1190 sermones,
3228 1131 3311 1183 di-

1748 1220 1943 1272 cebant
1968 1234 2089 1272 emn
2112 1259 2126 1280 ,
2156 1218 2248 1288 qui
2278 1220 2395 1271 sine
2421 1217 2542 1271 dolo
2565 1230 2705 1279 erat,
2745 1218 2796 1271 iu
2828 1218 3073 1287 principe
3111 1219 3312 1275 daemo—

1750 1309 1959 1363 niornm
2004 1308 2291 1362 Beelzebul
2335 1309 2534 1375 ejicere
2583 1309 2844 1362 daemonia
2872 1311 2941 1374 ",
2973 1311 3195 1365 omnino
3244 1314 3312 1366 de

1746 1401 2080 1455 daemonibus
2145 1399 2321 1468 deque
2364 1414 2551 1453 eormn
2598 1399 2841 1469 principe
2879 1399 3167 1456 Beelzebul
3214 1419 3314 1458 no-

1747 1493 1891 1546 mine
1935 1492 2193 1546 nonnulla
2245 1493 2581 1555 didicerant,
2607 1507 2727 1560 quae
2764 1493 2902 1548 haud
2941 1494 3014 1547 ita
3039 1507 3312 1564 ponuntur

1747 1583 1799 1636 in
1852 1582 2002 1635 libris
2056 1584 2144 1651 qni
2201 1581 2660 1637 circumferuntur
2716 1601 2728 1636 :
2780 1584 3194 1656 Servalorisque
3246 1591 3313 1646 de

1746 1670 2027 1728 Beelzebul
2056 1673 2418 1727 testimonium
2447 1673 2546 1728 hoc
2575 1690 2681 1727 non
2707 1683 2790 1727 est
2822 1675 3014 1730 falsum
3044 1695 3055 1730 :
3089 1698 3107 1730 ι
3133 1679 3188 1733 Si
3212 1696 3312 1752 ego

1746 1765 1798 1818 in
1831 1764 2113 1819 Beelzebul
2152 1764 2309 1833 ejiclo
2348 1764 2634 1830 daemonia,
2662 1764 2753 1820 filii
2791 1768 2954 1821 vestri
2986 1769 3037 1821 in
3072 1785 3315 1839 quonam

101 1856 194 1926 γὰρ
217 1855 273 1909 τὸ
300 1853 432 1910 εἶναι
474 1873 595 1909 τινα
636 1854 726 1908 τὸν
758 1855 1102 1920 Βεελζεὼὺλ,
1139 1856 1230 1909 καὶ
1270 1857 1358 1910 τὸν
1392 1859 1449 1910 ὲν
1495 1857 1557 1910 αὖ

1856 1856 1968 1910 iunt
2005 1856 2088 1909 “‘2
2123 1874 2142 1908 ι
2172 1854 2309 1910 Cum
2356 1858 2500 1911 enim
2541 1856 2849 1912 admisisset
2880 1872 2999 1914 esse
3020 1862 3312 1931 quemdam

100 1946 397 2000 ὲκΰάλλοντα
430 1947 502 2001 τὰ
542 1945 794 2017 δαιμόνια
836 1945 998 1997 οἱονεὶ
1031 1944 1296 2017 μερισμόν
1331 1962 1452 1999 τινα
1492 1946 1644 2017 ἐνερ-

98 2042 197 2107 γεῖν
222 2038 310 2092 τοῦ
353 2039 570 2092 Σατανᾶ
612 2036 851 2106 γίνεσθαι
884 2037 968 2106 ἐφ’
1012 2037 1224 2105 ἑαυτὸν,
1255 2035 1428 2089 ταῦτά
1455 2053 1636 2106 φησιν.

107 2129 422 2201 Ἑσφάλησαν
471 2130 569 2200 μὲν
608 2124 700 2182 οὖν
751 2128 1001 2197 λέγοντες
1045 2127 1102 2180 ἐν
1157 2126 1484 2191 Βεελζεϐοὺλ
1534 2126 1640 2179 ὑπὸ

94 2220 173 2274 τοῦ
188 2221 424 2293 Σωτῆρος
448 2218 803 2274 ἐκϐάλλεσθαι
826 2218 894 2273 τά
917 2218 1196 2289 δαιμόνια*
1221 2217 1638 2289 κατειλήφεισαν

94 2310 160 2371 δὲ,
189 2312 263 2364 ὅτι
301 2310 382 2381 εἴη
430 2327 517 2374 τις
563 2307 885 2373 Βεελζεὸοὺλ
918 2308 1099 2380 ἄρχων
1131 2307 1438 2379 δαιμονίων.
1480 2307 1641 2361 Ἀλλά

93 2403 173 2456 καὶ
203 2402 290 2456 ὲάν
315 2401 518 2471 λέγωσι
552 2402 679 2474 περὶ
713 2400 809 2455 τοῦ
846 2400 1043 2472 Ἰησοῦ,
1069 2401 1151 2454 ὅτι
1183 2401 1343 2464 αὐτὸς
1388 2400 1641 2470 Ἰωάννης

93 2492 241 2555 ἐστὶν,
270 2494 506 2557 ἀναστάς
532 2494 641 2547 ἀπὸ
674 2492 780 2546 τῶν
807 2493 1038 2565 νεκρῶν,
1067 2492 1099 2564 ἢ
1135 2487 1215 2557 εἷς
1247 2510 1329 2557 τις
1361 2491 1469 2544 τῶν
1502 2508 1638 2563 προ-

90 2585 274 2655 φητῶν,
304 2586 523 2649 πάντως
552 2585 731 2656 δόγμα
772 2585 985 2656 ἔχοντες
1017 2584 1144 2654 περὶ
1176 2583 1372 2654 ψυχῆς,
1403 2583 1477 2646 ὡς
1510 2580 1638 2652 ἑξη-

89 2678 308 2750 τάσαμεν
353 2681 411 2733 ὲν
471 2681 586 2742 τοῖς
624 2678 754 2749 περὶ
801 2677 1072 2741 Ἰωάννου,
1115 2674 1340 2730 τοιαῦτα
1373 2675 1501 2746 περ)⁵
1542 2672 1637 2727 τοῦ

89 2769 315 2841 Σωτῆρος
359 2770 699 2825 ὑπονοοῦσιν.
738 2768 898 2835 Εἰκὸς
943 2768 998 2822 δὲ
1031 2769 1125 2823 καὶ
1152 2767 1286 2822 ἀλλα
1316 2764 1543 2838 μυρίαῆ
1575 2766 1639 2818 ὲκ

90 2861 411 2932 παραδόσεως
456 2861 494 2932 ἢ
538 2860 598 2926 ἐξ
650 2860 983 2932 ἀποκρύφων
1015 2859 1211 2921 αὐτοὺς
1244 2857 1440 2911 εἰδέναι
1488 2856 1639 2928 παρά

85 2952 194 3016 τοὺς
217 2951 455 3016 πολλούς.
480 2952 707 3022 Ἴδωμεν
725 2947 818 3005 οῦν
844 2951 937 3004 καὶ
959 2951 1039 3014 εἰς
1061 2951 1120 3004 τό
1138 2966 1151 2980 ⁶
1191 2968 1210 3001 ι
1235 2948 1378 3019 Μήτι
1407 2949 1639 3002 ἀποκτε-

85 3039 157 3089 νεῖ
202 3038 417 3104 ὲαυτόνς
446 3059 467 3091 ι
520 3039 570 3092 εἰ
623 3038 871 3092 δύνανται
936 3038 1009 3110 μὴ
1069 3037 1372 3108 κοινότερόν
1433 3054 1487 3090 τι
1542 3036 1637 3092 καὶ

84 3128 421 3202 ἁπλούστερον
455 3131 768 3202 νενοηκέναι
788 3147 802 3161 ·
839 3130 915 3194 ὡς
948 3129 1137 3183 ἑαυτὸν
1162 3127 1520 3198 ἐξαγαγόντος
1539 3127 1635 3184 τοῦ

1744 1943 2028 1998 Beelzebul
2049 1985 2063 2007 ,
2088 1954 2142 1997 et
2171 1944 2262 2013 qui
2306 1942 2451 1998 illius
2482 1944 2736 2012 praesidio
2770 1947 3030 2001 dremonia
3063 1948 3305 2016 ejiceret,

1741 2033 2026 2090 dissidium
2058 2035 2225 2089 veluti
2266 2035 2534 2105 quoddam
2571 2033 2787 2091 Satanae
2812 2039 3052 2106 Operari,
3076 2056 3141 2096 eo
3166 2045 3315 2111 quod

1740 2140 1924 2180 secum
1951 2126 2064 2195 ipse
2086 2126 2395 2192 dissideret,
2425 2127 2541 2181 lucc
2559 2126 2749 2194 inquit.
2786 2130 2962 2196 Atque
2990 2131 3064 2184 illi
3089 2134 3310 2200 quidem

1742 2216 1997 2272 errabant
2022 2217 2261 2272 dicentes
2289 2232 2385 2286 per
2412 2216 2694 2271 Beelzean
2728 2216 3069 2274 Servatorem
3106 2223 3308 2277 daemo—

1741 2306 1829 2358 nis
1856 2305 2056 2374 ejicere
2081 2321 2095 2369 ;
2122 2315 2474 2375 perceperant
2501 2314 2679 2360 tamen
2702 2321 2824 2360 esse
2846 2309 3135 2377 quemdam
3159 2310 3311 2367 3001-.

1741 2394 1899 2451 zebul
1927 2395 2228 2465 principem
2257 2398 2666 2451 daemoniorum.
2711 2398 2850 2463 Quin
2882 2401 3044 2455 etiam
3075 2417 3196 2456 cum
3226 2404 3308 2457 di-

1740 2496 1868 2543 cunt
1895 2487 1961 2541 de
1989 2485 2112 2542 Jesu
2144 2490 2285 2556 quod
2327 2489 2443 2559 ipse
2487 2490 2561 2543 sit
2598 2488 2834 2546 Joannes
2867 2494 2957 2561 qui
2994 2508 3024 2547 a
3079 2496 3311 2552 mortuis

1744 2579 2072 2643 resurrexit,
2112 2579 2194 2633 vel
2238 2595 2378 2633 unus
2418 2579 2617 2650 aliquis
2655 2585 3042 2652 prophetarum
3069 2584 3135 2650 ",
3177 2586 3310 2641 talia

1741 2668 1808 2723 de
1831 2668 2121 2723 Servatore
2149 2670 2423 2737 cogitant,
2457 2670 2648 2742 dogma
2679 2675 2904 2728 omnino
2944 2674 3207 2731 habentes
3237 2676 3306 2731 de

1739 2759 1919 2813 anima
1943 2799 1959 2823 ,
1990 2768 2049 2814 ut
2075 2770 2231 2815 antea
2262 2773 2516 2817 accurate
2555 2767 2946 2835 exquisivimus
2990 2768 3058 2823 de
3095 2766 3307 2827 Joanne

1745 2859 2064 2906 tractantes.
2091 2851 2324 2908 Proinde
2349 2856 2626 2923 probabile
2655 2866 2739 2910 est
2765 2872 2862 2911 eos
2890 2858 2992 2912 alia
3018 2860 3307 2919 innumera

1737 2940 1823 2996 vel
1846 2954 1914 2995 ex
1945 2943 2264 3008 traditione,
2303 2945 2387 2999 vel
2413 2961 2479 2999 ex
2518 2949 2746 3003 occultis
2789 2950 2940 3005 libris
2972 2951 3153 3018 scire,
3197 2970 3310 3024 pra:

1739 3033 1939 3089 multis.
1963 3032 2253 3091 Videamus
2280 3036 2443 3106 igitur
2467 3038 2628 3093 etiam
2658 3041 2710 3096 in
2737 3041 2875 3097 hoc:
2909 3061 2928 3093 ι
2956 3042 3205 3114 Nunquid
3229 3049 3313 3101 in-

1741 3126 2070 3181 terfecturus
2128 3137 2211 3182 est
2264 3130 2500 3199 seipsum
2535 3131 2602 3199 ¹⁵,
2656 3150 2676 3183 ι
2723 3149 2789 3186 an
2834 3133 2992 3189 facile
3038 3136 3185 3191 factu
3232 3140 3305 3193 sit

83 3218 182 3288 βίον
207 3219 317 3291 ἦτοι
350 3220 581 3293 ἀγχόνῃ,
612 3221 645 3291 ἢ
673 3219 836 3291 ξίφει,
863 3221 897 3291 ἢ
949 3219 1110 3290 ὁποίᾳ
1143 3218 1343 3289 δήποτε
1388 3216 1494 3290 ὁδῷ
1523 3236 1539 3271 ’1

1853 3231 1954 3272 deos
1988 3233 2093 3271 non
2129 3218 2468 3275 intellexisse
2506 3223 2801 3292 quidquam
2841 3226 3183 3281 communius
3228 3228 3309 3282 vel

80 3309 301 3366 ἐντεῦθεν
327 3313 560 3376 ἑαυτοὺς
590 3311 1040 3366 ἀπαλλαττόντων
1061 3326 1074 3340 ο
1115 3310 1208 3363 κα)¹
1239 3310 1472 3381 μάλιστα
1513 3308 1635 3363 ἐπεὶ

79 3398 257 3455 οἴονται
290 3402 447 3455 αὐτὸν
471 3402 665 3455 ἑαυτὸν
689 3400 1081 3454 ἀποκτείναντα
1104 3400 1214 3471 (61)
1237 3398 1633 3455 ἀπελεύσεσθαι

77 3491 147 3553 εἰς
167 3490 342 3558 τόπον,
374 3495 456 3556 εἰς
491 3492 550 3545 ὃν
586 3491 844 3545 ἀδύνατον
881 3486 948 3561 ἦν
992 3490 1189 3553 αὐτοὺς
1227 3490 1506 3560 γενέσθαι·
1540 3493 1634 3545 καὶ

77 3584 117 3635 εἰ
161 3584 229 3655 μὴ
270 3584 790 3655 δεισιδαιμονοῦντές
828 3602 892 3654 γε
938 3585 1065 3655 περὶ
1096 3584 1165 3637 τὰ
1207 3584 1467 3653 ὀνόματα,
1498 3584 1632 3639 ἀλλὰ

75 3673 335 3744 βλέποντες
354 3676 423 3730 τά
449 3676 755 3747 πράγματα
794 3676 867 3747 μὴ
897 3675 1273 3746 εὑρισκόμενοι
1297 3672 1407 3742 (62)
1451 3672 1635 3737 ἄλλοις

71 3765 275 3838 ὀνόμασι
292 3768 533 3840 χρῆσθαι
549 3769 691 3822 κατά
707 3768 814 3821 τῶν
835 3767 1188 3838 πραγμάτων,
1208 3765 1366 3836 τάχα,
1387 3764 1450 3818 ἵν’
1467 3763 1637 3829 οὕτως

71 3857 220 3924 εἴπω,
284 3859 561 3932 θειότερον
617 3860 822 3932 Ἰησοῦς
875 3860 1037 3913 αὑτὸν
1083 3859 1433 3912 ἀπέκτεινεν
1494 3858 1631 3929 ὅπερ

70 3951 224 4016 οὓτως
246 3954 614 4025 παρεστάμεν.
644 3952 868 4005 Πάντων
898 3953 996 4022 μὲν
1032 3954 1088 4006 αἱ
1120 3950 1290 4021 ψυχαὶ
1324 3948 1432 4002 τῶν
1458 3948 1633 4002 ἀπαλ-

70 4041 390 4117 λαττομένων
439 4044 540 4099 τοῦ
597 4044 866 4117 σώματος,
912 4043 1285 4098 ἀπαιτούντων
1333 4041 1494 4095 τινῶν
1531 4041 1631 4094 αὐ-

67 4134 155 4200 τάς
177 4136 279 4210 (63)
303 4137 415 4192 τῶν
442 4137 542 4191 ἐπὶ
572 4136 728 4191 τοῦτο
773 4135 1139 4207 τεταγμένων,
1172 4134 1628 4207 παραλαμϐάνον-

128 4280 170 4311 ¹²
196 4280 382 4336 Matth.
415 4297 518 4346 ιιι,
540 4280 613 4334 24
636 4296 651 4344 ;
676 4279 809 4334 Luc.
836 4294 911 4345 xt,
936 4277 1025 4333 ’15.

130 4397 237 4469 (56)
264 4398 492 4453 Πολλά.
528 4398 687 4469 Deest
715 4396 765 4450 in
795 4398 978 4469 codice
1005 4396 1194 4469 Regio.

66 4464 233 4591 λζ,(ἵῖ)
256 4471 486 4525 Codices
526 4468 727 4536 Regius
758 4477 812 4522 et
858 4468 1225 4532 Barherinns,
1275 4465 1439 4529 male,
1500 4464 1629 4538 ἄδη-

119 4556 164 4591 ν.

119 4556 164 4591 ν.

66 4608 234 4731 ὄλ(58)
292 4608 462 4665 Iidem
521 4607 681 4665 codd.
735 4607 935 4678 Regius
1014 4615 1070 4661 et
1128 4605 1499 4670 Barberinus,
1555 4603 1630 4675 βε-

123 4695 216 4731 οις.

123 4695 216 4732 οις.

251 4750 333 4804 Οὐ
362 4748 579 4821 ψεύδει
632 4745 714 4813 τῷ
756 4744 1113 4821 Βεελζεᾷοὺλ
1164 4746 1362 4821 λόγων
1407 4745 1624 4821 όντων.

66 4815 226 4872 Locus
249 4815 431 4874 tuendi
464 4817 620 4871 valde
638 4830 922 4884 suspectus
974 4817 1114 4885 Lego
1140 4831 1260 4885 cum
1298 4815 1548 4869 Perionio
1564 4815 1625 4868 οὐ

65 4888 249 4962 ψευδὴς
265 4890 404 4962 περὶ
428 4888 524 4962 τοῦ
552 4886 903 4962 Βεελζεϐοὺλ,
930 4884 1177 4962 λέγοντος
1203 4884 1378 4962 οῦτως
1405 4903 1419 4916 ·
1451 4900 1627 4962 neque

66 4954 398 5025 euitn'placet
439 4959 601 5011 lectio
632 4959 837 5012 codicis
870 4957 1145 5011 Bodleiani
1174 4956 1265 5023 qui
1294 4972 1390 5021 pro
1412 4955 1473 5025 οὑ
1501 4954 1626 5022 ψεύ-

64 5026 135 5098 δει
162 5027 232 5098 τῷ
257 5027 605 5093 Βεελζεϐούλ,
632 5040 763 5090 ctc.,
787 5029 947 5082 habet
963 5024 1173 5097 ψευδῶν
1197 5025 1325 5096 περὶ
1355 5024 1446 5078 τοῦ
1471 5025 1627 5078 Βεελ-

68 5096 243 5160 ζεὸοῦλ
271 5099 448 5168 λόγων
472 5098 658 5152 ὄντων.

130 5168 234 5238 (6t!)
263 5163 448 5223 Codex
482 5169 699 5238 “l‘gllls,
726 5163 1181 5238 παραδεξάμενοι.

131 5233 440 5308 (61)Αὺτὸν
474 5233 690 5291 ἑαυτὸν
720 5233 1173 5308 ἀποκτείναντα.
1202 5233 1292 5289 Sic
1348 5235 1507 5308 habet
1534 5251 1626 5291 co-

68 5307 159 5361 dex
190 5305 539 5371 Bodleianus,
568 5309 766 5375 Regius
794 5322 942 5371 vero,
963 5305 1124 5358 αὐτὸν
1145 5306 1550 5359 ἀποκτείνοντα.

133 5378 239 5446 (62)
298 5379 489 5432 Codex
541 5379 886 5437 Bodleiauus,
936 5376 1348 5498 εὑρισκόξιενοι·
1400 5376 1620 5445 Regius,

133 5450 447 5498 οισκόιιενα.
484 5448 789 5498 Lenendnm
820 5447 1032 5498 videtur
1058 5446 1154 5498 εὑο
1182 5463 1400 5498 σκοαεν.

69 5448 447 5518 εὑρισκόμενα.
484 5448 789 5516 Legendnm
820 5446 1032 5518 videtur
1058 5446 1400 5518 εὑρίσκομενΪ

131 5515 236 5591 (65)
272 5515 718 5591 Ἀπαιτούι-τωνξ
740 5515 919 5570 τινῶν
943 5515 1172 5591 αὐτὰςί,
1203 5515 1307 5591 (ἕο.
1364 5515 1624 5591 Origenes

67 5585 351 5655 intratum.
382 5604 552 5642 xxvnt
586 5590 639 5641 in
686 5587 872 5652 Joan.,
940 5603 1087 5655 num.
1123 5585 1176 5651 5,
1215 5586 1366 5655 Τάχα
1422 5585 1478 5637 δὲ
1531 5585 1623 5655 καὶ

65 5653 191 5728 εἶδεν
222 5662 249 5712 ὁ
275 5657 596 5728 τηλικοῦτος
630 5657 959 5728 Ἰησοῦςίκαὶ
991 5654 1089 5728 τὴν
1115 5653 1484 5728 ψυχὴναῦτὴν
1529 5654 1621 5728 τοῦ

62 5725 490 5803 Λα-ςάρου,’ἦτοι
521 5725 934 5803 ἀγομένην
973 5726 1081 5803 τῶν
1129 5727 1475 5795 τεταγμένων
1530 5725 1623 5803 ἐπὶ

60 5798 261 5869 τούτοις
292 5800 352 5869 ἡ,
382 5812 506 5869 etc.
527 5802 699 5868 Supra
727 5798 944 5869 scripsit
967 5798 1228 5869 Origenes
1265 5808 1397 5869 tum.
1433 5809 1540 5869 χιιιΔ
1565 5798 1625 5847 in

57 5865 233 5939 Joan.,
262 5863 416 5924 num.
447 5866 516 5921 49
537 5908 553 5934 ,
586 5863 896 5938 angelorum
944 5863 1244 5921 ministerio
1288 5865 1494 5920 animas
1527 5863 1623 5919 lto-

327 5967 603 6028 ΡΑΤιιοι.
642 5967 757 6030 Gn.
785 5966 953 6028 XIV.

1099 4278 1146 4310 "
1170 4277 1301 4333 ibid.
1327 4277 1417 4336 12.
1494 4278 1541 4309 ’⁸
1571 4276 1738 4332 Marc.
1769 4291 1849 4341 vt,
1878 4273 1980 4339 15;
2024 4271 2153 4327 Luc.
2186 4288 2262 4340 tx,
2291 4273 2345 4328 8.

1741 3306 2074 3376 simplicius;
2116 3309 2339 3379 perinde
2365 3312 2518 3378 quasi
2551 3311 2665 3382 ipse
2709 3315 2944 3383 seipsum
2976 3331 3007 3369 e
3032 3317 3138 3371 vita
3172 3321 3306 3372 edu-

1741 3414 1923 3465 ceret,
1951 3400 2035 3455 vel
2069 3399 2263 3470 laqueo
2286 3440 2304 3466 ,
2338 3401 2421 3456 vel
2451 3403 2645 3472 gladio,
2683 3405 2763 3458 vel
2792 3405 3153 3476 qualicunque
3187 3417 3309 3463 tan-

1742 3491 1861 3545 dem
1903 3491 1990 3545 via
2037 3506 2222 3551 eorum
2254 3494 2344 3562 qui
2386 3495 2511 3549 hinc
2552 3496 2761 3565 seipsos
2790 3497 3019 3551 liberant
3063 3515 3077 3552 :
3111 3508 3168 3554 et
3194 3517 3309 3555 ma-

1740 3584 1886 3636 xime
1917 3584 2172 3651 quoniam
2198 3585 2519 3641 existimant
2557 3586 2733 3655 ipsum
2765 3604 2822 3642 se
2868 3588 3304 3658 interfecturum,

1741 3686 1808 3727 eo
1849 3673 2123 3727 abiturum
2168 3690 2277 3744 quo
2320 3676 2688 3731 dillicillimum
2736 3679 2880 3733 factu
2915 3680 2987 3734 sit
3015 3694 3109 3736 eos
3142 3685 3307 3750 proli-

1741 3760 1915 3816 cisci:
1949 3772 2005 3816 et
2035 3763 2138 3817 nisi
2164 3764 2312 3818 circa
2351 3766 2570 3821 nomina
2592 3769 2951 3837 superstitiosi
2987 3770 3177 3833 simus.
3211 3773 3306 3828 scd

1743 3851 2048 3908 intueamur
2082 3869 2197 3921 res,
2228 3869 2336 3910 non
2369 3855 2703 3915 invenientes
2738 3863 2810 3916 uti
2839 3864 2956 3917 aliis
2993 3864 3306 3920 nominibus

1741 3945 1810 4001 de
1827 3945 2006 4012 rebus,
2031 3943 2262 4000 fortasse
2278 3947 2534 4013 divinius,
2558 3958 2619 4001 ut
2640 3950 2712 4004 ita
2728 3950 2927 4019 dicam,
2941 3953 3123 4025 aliquo
3147 3962 3308 4013 modo

1737 4052 1797 4092 se
1826 4036 2097 4091 interfecit
2118 4037 2374 4091 Dominus
2401 4059 2414 4093 :
2445 4054 2607 4107 quam
2646 4057 2758 4095 rem
2790 4046 2869 4097 sic
2901 4051 3256 4104 ostendemus
3286 4068 3300 4104 :

1734 4131 1862 4201 quia
1886 4130 2127 4184 animum
2151 4129 2367 4194 animas,
2399 4131 2491 4200 qui
2522 4131 2591 4186 ab
2618 4131 2720 4188 hoc
2744 4150 2971 4204 corpore
2998 4141 3305 4212 discedunt,

2443 4276 2488 4306 ”
2511 4273 2667 4331 Joan.
2700 4292 2815 4345 vtn,
2836 4278 2926 4334 22.

1737 4393 1947 4447 minum
1993 4390 2317 4460 corporibus
2366 4392 2566 4463 illigari
2616 4412 2631 4449 :
2669 4397 2757 4451 cui
2806 4396 3065 4451 doctrina:
3112 4411 3303 4454 conse-

1736 4478 1909 4539 qruens
1935 4473 2056 4539 erat
2076 4478 2169 4516 eas
2193 4477 2407 4539 quoque
2436 4466 2750 4539 earumdem
2800 4469 3168 4539 ministrorum
3201 4487 3306 4539 ope

1660 4559 1705 4613 ο
1736 4538 1803 4588 ab
1835 4533 2114 4587 hominum
2135 4534 2467 4613 'corporibus
2523 4535 2764 4613 dissolvi.
2811 4535 3134 4613 Philaslrius
3193 4533 3307 4596 ba:-

1734 4619 1840 4657 res.
1880 4618 1986 4656 cxx
2025 4619 2037 4655 :
2085 4620 2103 4652 ι
2135 4600 2445 4671 lgnorautes
2469 4604 2611 4673 quod
2664 4606 2845 4660 anima
2891 4607 3148 4671 hominis,
3176 4625 3301 4664 cum

1729 4674 2018 4747 exieritde
2037 4674 2255 4747 sarculo.
2286 4674 2399 4747 sive
2433 4675 2598 4747 bona,
2632 4676 2747 4730 sive
2793 4677 2956 4747 mala,
2996 4678 3045 4729 id
3078 4689 3162 4732 est
3188 4681 3298 4747 pia,

1729 4753 1891 4812 atque
1920 4742 2107 4810 impia,
2145 4742 2213 4796 ab
2239 4741 2431 4812 angelo
2454 4745 2673 4799 ducitur
2715 4746 2769 4798 in
2798 4745 2978 4800 locum
3011 4741 3297 4809 statutum,

1729 4824 1788 4866 ut
1813 4814 1868 4868 in
1903 4816 2140 4867 futurum
2177 4813 2446 4881 percipiat.
2501 4815 2652 4883 juxta
2691 4817 2830 4882 quod
2880 4817 3046 4883 gessit
3076 4818 3128 4871 in
3199 4820 3302 4873 hoc

1728 4883 1923 4954 saeculo
1952 4882 2263 4954 constituta.
2293 4899 2323 4954 Δι
2353 4882 2738 4954 Ιάθηιηυοίιιιθ
2768 4882 2998 4940 ethnicis
3033 4886 3299 4942 creditum

1729 4951 1896 5024 fuisse
1925 4954 2082 5024 video
2127 4969 2139 5005 :
2174 4952 2466 5024 ministros
2502 4953 2620 5009 illos
2654 4951 2983 5008 animarum
3026 4958 3299 5024 ductores,

1725 5019 2119 5094 ψυχοπομπούς
2153 5023 2410 5094 appellat_
2436 5021 2781 5078 Plutarchus.
2830 5025 3063 5080 Eosdem
3118 5019 3300 5082 autem

1727 5092 2031 5164 animarum
2056 5093 2108 5144 in
2154 5101 2359 5147 statuta
2398 5092 2517 5149 loca
2549 5095 2987 5149 deducendarum
3021 5098 3296 5164 negatiqu

1727 5163 2005 5233 suscipere
2045 5163 2342 5225 daemones,
2374 5164 2463 5230 qui
2493 5178 2702 5227 earnm,
2736 5166 2864 5219 dum
2903 5166 3119 5233 corpori
3167 5183 3297 5221 con-

1721 5232 1925 5300 junctae
1957 5242 2160 5292 essent,
2194 5246 2379 5301 curam
2415 5234 2686 5301 gesserint
2710 5275 2723 5293 ,
2770 5235 2969 5289 scribit
3006 5232 3169 5289 Plato
3240 5238 3292 5289 iu

1728 5299 1998 5376 fhmdone
2021 5317 2053 5376 :_
2070 5299 2379 5376 AgYETIL‘séf
2407 5299 2597 5376 οὔτως,
2622 5303 2697 5366 ὡς
2728 5304 2836 5376 ἀρα
2894 5304 3298 5376 τελευτήσαντα

1724 5371 1948 5444 ἕκαστον
1978 5373 2007 5424 ό
2035 5371 2263 5444 ἑκάστου
2289 5369 2518 5442 δαίμων,
2542 5373 2714 5444 ὅσπερ
2743 5369 2922 5437 ζῶντα
2948 5369 3172 5444 εἰλήχει,
3202 5374 3296 5428 οὔ·

1723 5458 1833 5514 τως
1882 5442 2035 5514 ἄγειν
2072 5442 2339 5514 ἐπιχειρεί
2368 5439 2468 5514 εἰς,
2490 5444 2553 5514 δή
2607 5439 2727 5497 τινα
2766 5444 2947 5507 τόπον,
2977 5439 3032 5497 οῖ
3052 5439 3135 5496 δεῖ
3169 5445 3297 5507 τοὺς

1727 5512 2096 5586 συλλεγέντας⁸
2123 5510 2619 5586 διαδιζκασαμένους,
2644 5585 2647 5586 ν
2669 5516 2749 5578 εἰς
2805 5514 2930 5586 ᾅδου
2970 5514 3294 5586 πορεύεσθαι

1728 5577 1906 5657 pacet"
1925 5580 2187 5657 ἡγεμόνος
2251 5577 2457 5657 ἐκείνου
2604 5585 2668 5657 δὴ
2725 5577 3125 5657 προστέτακται
3171 5586 3297 5648 τοὺς

1726 5650 1931 5706 ἐνθένδε
1948 5650 2133 5704 ήὲκείσε
2159 5650 2444 5720 πορεῦσαι.
2488 5650 2522 5704 «Ἴ
2549 5655 2626 5708 lta
2657 5650 2838 5709 autem
2866 5655 3255 5710 circumfertur
3280 5674 3292 5709 :

1727 5738 2171 5792 unumquemque
2216 5732 2550 5794 mortuorum
2585 5727 2654 5779 ab
2686 5741 2753 5779 eo
2776 5726 3042 5789 daemone,
3070 5727 3161 5794 qui
3215 5728 3296 5778 vi-

1726 5790 1939 5846 ventem
1965 5794 2185 5846 sor-titus
2213 5790 2400 5853 fuerit,
2430 5792 2482 5845 in
2507 5795 2795 5863 quemdam
2823 5794 3000 5849 locum
3029 5790 3172 5862 duci,
3202 5796 3291 5851 ubi

1725 5873 1975 5933 Oporteat
2007 5877 2195 5919 omnes
2222 5877 2408 5918 manes
2435 5875 2799 5936 congregatos
2858 5881 2923 5921 CX
2959 5868 3060 5921 rati
3085 5872 3295 5923 (10118ιί-

2944 5966 3017 6021 18
