3688 6146
440 278 545 334 545
1851 281 1894 337 0

2164 285 2172 336 't
3548 295 3620 351 5-H

439 400 759 463 bant,arena
777 407 895 452 erat
922 412 1090 467 pauca
1118 399 1520 468 comparatione
1537 404 1822 457 verborum
1855 403 1895 458 .1‹

2174 406 2270 469 ίοις
2296 405 2627 478 λαλουμένης
2657 406 2846 476 σοφίας
2893 408 2950 459 ἐν
2992 405 3272 478 μυστηρίῳ
3323 405 3624 482 ἀποκεκρυμ-

441 488 723 557 Sapientia
777 490 1048 558 siquidem
1079 502 1195 544 erat
1221 493 1399 561 quivis
1425 493 1542 560 ejus
1576 509 1777 559 sermo,
1809 497 1875 550 de

2167 499 2311 568 ἕνης,
2357 499 2423 570 ἢν
2456 499 2756 573 προώρισεν
2786 501 2814 552 6
2873 498 3005 560 Θεὸς
3061 498 3164 569 πρὸ
3199 497 3303 550 τῶν
3343 498 3537 556 αἰώνων
3569 506 3623 568 εἰς

440 582 637 634 dicitur
673 583 766 636 3':
826 602 842 634 ι
896 581 1070 638 Omne
1127 600 1319 637 aurum
1373 600 1554 638 coram
1611 588 1874 657 sapientia

2170 607 2205 660 nt
2237 590 2345 644 τῶν
2385 591 2607 645 δικαίων
2640 589 2804 644 αὐτοῦ
2842 590 3031 656 δόξαν,
3094 591 3189 643 καὶ
3234 589 3529 660 δυναμένοις
3566 596 3626 648 ὲν-

441 685 611 740 pauca
644 687 837 738 arena;
891 684 946 727 et
977 689 1074 728 ceu
1105 689 1320 729 omnum
1350 677 1692 745 reputabitur
1720 693 1897 748 argent

2170 685 2238 754 ιᾷν
2272 685 2545 756 ὑπεροχὴν
2580 685 2771 754 σοφίας
2819 684 2954 738 Θεοῦ
3005 684 3154 755 παρὰ
3206 683 3301 753 τὴν
3359 684 3533 754 σοφίαν
3558 688 3626 742 τοῦ

441 777 622 817 coram
653 778 715 818 ea
747 781 760 818 :
803 783 821 815 ι
855 774 909 819 et
940 767 1054 820 lucc
1081 777 1230 821 certe
1261 769 1706 836 considerabant,
1748 783 1897 841 quotc

2169 774 2303 838 ῶνος
2333 775 2544 841 τούτου,
2581 776 2614 847 ἦ
2648 775 2752 829 τῶν
2777 776 3052 848 ἀρχόντων
3084 772 3177 826 τοῦ
3216 773 3404 837 αἰῶνος
3431 773 3625 842 τούτου,

440 855 615 910 edocti
647 865 773 910 sunt
803 858 990 910 audire
1027 859 1351 927 sapientiam
1386 860 1532 914 illam
1569 879 1688 932 quae
1717 880 1896 918 annuit

2168 864 2214 917 ὂν
2245 865 2700 937 καταργουμένων
2730 866 2891 919 οἱονεὶ
2919 866 3219 937 προφήταις
3271 864 3416 928 ἰδίοις
3452 869 3624 939 χρωμέ-

435 957 524 1000 tur
551 947 692 1001 inter
731 947 1022 1016 perfectos,
1059 951 1111 1004 in
1143 952 1403 1021 mysterio
1434 953 1826 1022 absconditam,
1846 972 1891 1025 (ιι

2171 973 2239 1019 ›ν,
2291 957 2399 1011 τῶν
2446 959 2842 1028 ὁποιωνδήποτε
2883 957 3054 1025 λόγων
3109 955 3309 1028 ἐτέρων
3367 957 3508 1027 παρὰ
3555 961 3627 1030 τὴν

443 1039 796 1108 ρταξᾱεειίηειι
831 1042 972 1096 Deus
1004 1052 1131 1097 ante
1162 1043 1357 1098 saecula
1389 1047 1455 1099 ad
1479 1046 1751 1115 justorum
1787 1063 1899 1102 sum

2171 1044 2363 1116 antistat;
2391 1047 2820 1120 προϊσταμένων·
2851 1047 3074 1117 ψάμμος
3101 1045 3209 1117 γὰρ
3237 1047 3388 1115 ὀλίγη
3411 1050 3460 1100 αἱ
3482 1048 3627 1103 λοιπαὶ

441 1131 670 1200 gloriam
707 1134 772 1186 ⁸³.
803 1134 1235 1190 Considerabunt
1269 1138 1384 1192 haec
1414 1141 1574 1192 etiam
1605 1141 1694 1209 qui
1741 1143 1897 1210 dispit

2177 1137 2316 1206 φίαι,
2352 1138 2552 1209 χρυσὸς
2584 1133 2722 1191 εἶναι
2752 1138 3125 1209 νομιζόμεναι,
3151 1139 3208 1190 ἐν
3240 1137 3357 1206 δῲει
3389 1138 3556 1206 σοφίας
3581 1141 3628 1210 ἢν

443 1225 624 1277 valent
675 1226 997 1294 sapientiam
1054 1228 1147 1282 Dei
1203 1230 1362 1302 longe
1411 1234 1854 1289 excellentioretn

2170 1247 2321 1284 ;τισεν
2352 1231 2380 1282 6
2402 1229 2534 1293 Θεὸς
2550 1231 2723 1302 ἀρχὴν
2745 1231 2860 1284 ὁδὸν
2896 1231 3015 1302 (sic)
3039 1229 3204 1285 αὑτοῦ
3228 1232 3306 1294 είς
3325 1229 3455 1300 ἔργα
3481 1231 3626 1284 αὐτοῦ·

441 1315 643 1382 pientia
680 1317 837 1385 bnjus
865 1319 1068 1384 saeculi,
1095 1321 1176 1375 vel
1207 1323 1508 1394 principum
1550 1325 1735 1380 saeculi
1765 1326 1897 1391 buju

2174 1319 2204 1371 εὶ
2249 1321 2487 1392 ἄργυρος
2539 1322 2567 1373 6
2611 1320 2718 1373 τῶν
2753 1320 2961 1373 πολλῶν
3014 1319 3266 1390 λαμπρὸς
3319 1320 3410 1371 καὶ
3452 1319 3630 1381 πιθανὸς

438 1410 535 1479 qui
568 1413 942 1478 destruuntur,
975 1431 1074 1470 ceu
1107 1417 1200 1485 qui
1247 1426 1470 1472 utantur
1499 1421 1736 1489 propriis
1776 1436 1894 1492 pro]

2173 1427 2266 1498 γος
2291 1412 2366 1474 ὡς
2398 1411 2566 1482 πηλὸς
2590 1411 2988 1484 λογισθήσεται,
3017 1411 3124 1464 τῶν
3153 1411 3335 1480 ἁγνῶν
3353 1409 3532 1478 λογίων
3550 1413 3629 1482 (50)

443 1503 535 1570 tis,
566 1513 619 1558 et
652 1514 909 1560 tueantur
936 1507 1342 1579 qualescunque
1371 1525 1670 1579 sermones,
1704 1513 1838 1568 alios
1871 1529 1899 1583 ιι

2174 1504 2319 1575 »ρίου
2371 1504 2479 1558 τῶν
2535 1504 2947 1575 πεπυρωμένων
3022 1503 3116 1556 καὶ
3199 1500 3630 1572 κεκαθαρισμένων

441 1601 526 1648 ter
562 1597 846 1651 veritatem
883 1615 896 1653 :
931 1615 1055 1653 nam
1087 1611 1297 1656 caetera:
1329 1604 1614 1674 sapientiae
1641 1645 1656 1667 ,
1690 1620 1813 1675 quae
1843 1621 1897 1660 vc

2174 1594 2533 1660 ιταπλασίως,
2580 1595 2676 1648 καὶ
2731 1595 2999 1666 δοκίμων,
3060 1593 3155 1647 ἆτε
3203 1592 3630 1665 προσεληλυθότων

441 1701 633 1740 aurum
659 1699 995 1759 reputantur,
1020 1707 1182 1747 arena
1213 1704 1338 1749 sunt
1365 1710 1530 1765 parva
1570 1710 1759 1752 coram
1796 1713 1893 1768 83p

2175 1689 2220 1742 τὸ
2248 1689 2343 1743 τοῦ
2375 1691 2434 1742 ἐν
2463 1689 2603 1760 ἀρχῇ
2645 1688 2782 1760 πρὸς
2827 1687 2918 1741 τὸν
2963 1688 3094 1741 Θεὸν
3141 1686 3336 1756 Λόγου.
3367 1685 3444 1739 Τὰ
3477 1686 3527 1739 δὲ
3556 1685 3631 1738 ἀπὸ

438 1780 538 1844 tia,
565 1794 726 1848 quam
761 1785 974 1839 creavit
1012 1785 1152 1841 Deus
1185 1787 1516 1857 principium
1544 1791 1756 1842 viarum
1789 1805 1894 1844 suat

2174 1799 2211 1852 ις
2248 1751 2734 1851 ἐπιγεγραμμένης
2769 1779 2966 1847 Σοφίας
3012 1779 3185 1844 ἄλλως
3227 1751 3558 1849 παρεθέμεθα
3578 1781 3630 1841 εἰς

438 1872 509 1923 ad
557 1887 721 1942 opera
761 1888 858 1928 sua
910 1877 987 1942 ⁸⁸;
1031 1886 1428 1948 argentumque
1472 1879 1752 1949 splendida
1788 1891 1846 1936 et

2204 1871 2435 1924 συνιδεῖν
2472 1871 2570 1941 τὴν
2599 1869 2826 1940 δύναμιν
2863 1869 2985 1923 τοῦ·
3036 1889 3054 1920 ι
3089 1868 3274 1922 Ταῦτα
3298 1869 3365 1922 τὰ
3403 1869 3631 1940 ρήματαᾶ

439 1979 614 2030 quens
642 1967 931 2022 multorum
958 1971 1134 2023 oratio
1159 1986 1258 2025 ceu
1293 1986 1509 2025 caenum
1553 1974 1892 2041 reputabitur

2176 1962 2372 2032 άλησεν
2419 1963 2475 2014 ἐν
2534 1961 2612 2031 τῷ
2667 1960 3048 2030 γαζοφυλακίῳ
3099 1959 3364 2012 διδάσκων
3402 1961 3428 2010 6
3472 1957 3632 2027 Ἰησοῦς

441 2070 558 2108 rant
599 2057 766 2111 castis
806 2061 1146 2114 sermonibus
1181 2061 1416 2127 Domini,
1449 2062 1540 2129 qui
1577 2063 1730 2131 igniti
1759 2076 1897 2128 sunt,

2175 2057 2226 2125 1)
2261 2055 2318 2106 ἐν
2343 2053 2421 2125 τῷ
2455 2054 2604 2125 ἱερῷο
2638 2071 2657 2105 ι
2695 2051 2966 2124 τηρείσθω
3005 2051 3112 2121 γὰρ
3139 2054 3172 2121 ἡ
3206 2051 3335 2121 περ).
3364 2049 3466 2103 τῶν
3508 2050 3631 2100 πλου-

437 2146 676 2215 purgati,
728 2156 787 2201 et
836 2147 1047 2216 probati
1097 2151 1400 2218 scptuplum
1447 2153 1512 2219 ⁸⁵,
1553 2154 1679 2223 quia
1728 2169 1891 2223 proce

2177 2165 2246 2201 ων
2280 2148 2372 2200 καὶ
2403 2148 2501 2218 τῆς
2549 2148 2809 2218 πενιχρᾶς
2848 2147 3021 2217 χήρας
3059 2145 3342 2215 διήγησις,
3385 2143 3456 2206 ὡς
3482 2141 3633 2194 ἀποδέ-

439 2246 568 2290 runt
614 2238 683 2292 ab
718 2238 810 2293 illo
859 2239 1123 2295 Sermone
1158 2243 1248 2311 qui
1293 2255 1414 2298 erat
1445 2245 1499 2299 in
1551 2247 1820 2316 principio
1873 2262 1895 2300 ο

2176 2257 2281 2305 ται,
2306 2241 2400 2293 κα).
2422 2240 2474 2292 εἴ
2492 2239 2576 2302 τίς
2598 2256 2660 2307 γε
2680 2239 2790 2309 (52)
2814 2238 3056 2308 μιμητής
3082 2238 3195 2289 ἐστι
3221 2235 3468 2308 Χριστοῦ,
3495 2235 3632 2304 ἡκέτω

437 2329 609 2382 Deum
643 2331 711 2385 ⁸⁸⁷.
764 2330 1032 2386 Caeterum
1067 2337 1374 2390 testimonia
1406 2351 1473 2391 ex
1524 2339 1662 2394 libro
1689 2343 1780 2409 qui
1820 2341 1893 2396 ius

2175 2334 2208 2386 :1
2237 2333 2298 2386 τὸ
2325 2332 2400 2404 μὴ
2422 2334 2479 2386 ἐν
2505 2333 2654 2404 τόπῳ
2681 2333 2868 2404 νοητὸν
2900 2331 3041 2403 ἱερὸν
3074 2330 3166 2384 τοῦ
3195 2329 3354 2395 Θεοῦ,
3386 2329 3561 2382 ὁδεύων
3578 2327 3631 2396 τῷ

437 2423 590 2474 bitur
611 2421 908 2492 Sapientia,
937 2425 1072 2481 alias
1100 2429 1471 2496 apposuintus,
1501 2441 1558 2485 ut
1584 2431 1891 2486 videremus

2176 2424 2211 2488 ὅ,
2241 2425 2335 2478 καὶ
2356 2423 2663 2477 ἀκολουθῶν
2695 2422 2773 2494 τῷ
2797 2423 3064 2493 πνεύματι
3091 2420 3491 2494 χειραγωγῆσαι
3513 2419 3632 2473 αὐτὸν

441 2513 570 2569 dicti
607 2515 749 2570 illius
779 2534 792 2569 :
831 2535 850 2568 ι
892 2518 1014 2572 Haec
1034 2521 1196 2574 verba
1227 2535 1346 2590 quae
1385 2522 1597 2578 locutus
1622 2533 1703 2576 est
1727 2524 1888 2594 292

2177 2518 2200 2568 τ’
2231 2516 2363 2569 αὐτὸ
2402 2515 2708 2586 δυναμένῳ·
2747 2515 2842 2568 καὶ
2875 2515 3084 2586 φερέτω
3113 2515 3310 2584 δόκιμα
3336 2513 3633 2584 νομίσματα,

441 2619 534 2658 sus
565 2607 616 2659 in
653 2608 1039 2679 gazophylacio
1069 2612 1270 2666 docens
1303 2613 1355 2666 in
1410 2613 1611 2682 templo
1631 2614 1678 2647 ⁸⁸
1709 2631 1726 2670 :
1767 2635 1786 2668 ι
1821 2618 1897 2670 ob:

2179 2626 2335 2678 ίματα
2369 2607 2514 2678 ζωῆς
2552 2609 2794 2674 αἰωνίου,
2849 2608 2942 2661 ἐπὶ
2991 2607 3052 2661 τὸ
3099 2605 3518 2676 γαζοφυλάκιον,
3566 2605 3635 2657 καὶ

441 2708 601 2750 vetur
641 2699 786 2752 enim
817 2702 1087 2769 expositio
1133 2703 1201 2758 de
1250 2705 1598 2773 pauperibus,
1647 2706 1824 2775 deque
1855 2707 1897 2760 vi

2181 2717 2251 2768 γα
2302 2698 2570 2754 ἀκόλουθα
2621 2703 2733 2762 τοῖς
2777 2699 3037 2762 τοιούτοις
3089 2699 3348 2769 ῥήμασιν,
3396 2696 3519 2748 Ἀλλ’
3553 2692 3634 2746 εἴθε

446 2791 793 2859 paupercula,
827 2801 880 2846 ut
923 2794 1193 2862 explicata
1221 2805 1333 2859 est,
1367 2806 1422 2850 et
1445 2797 1489 2850 si
1521 2797 1644 2866 quis
1671 2798 1902 2852 imitatOt

2179 2794 2260 2862 ᾖτε
2306 2791 2540 2864 πενιχρά
2567 2809 2650 2855 τις
2683 2791 2862 2864 ἡμῶν,
2919 2792 3054 2862 μήτε
3084 2792 3228 2862 χήρα
3260 2789 3345 2860 εἴη
3370 2789 3537 2858 φέρειν
3562 2804 3635 2856 μη·

440 2881 668 2948 Christi,
702 2883 887 2936 veniat
917 2885 982 2936 ad
1009 2885 1266 2954 templum
1308 2887 1424 2951 Dei,
1453 2889 1592 2955 quod
1623 2899 1802 2943 mente
1832 2903 1894 2944 ce

2179 2902 2202 2935 ν
2238 2883 2418 2936 πλεῖον
2461 2883 2735 2954 δυναμένη
2781 2883 2874 2937 δύο
2906 2882 3139 2945 λεπτῶν,
3177 2883 3315 2953 μήτε
3343 2880 3567 2942 πλούσιος
3593 2881 3635 2930 ἐκ

441 2981 551 3039 tur,
586 2981 641 3025 et
679 2987 783 3027 non
817 2983 898 3028 est
938 2975 990 3028 in
1023 2975 1162 3042 loco,
1207 2987 1388 3030 mente
1425 2977 1528 3031 iter
1553 2977 1778 3043 faciens,
1815 2988 1869 3032 et

2179 2977 2281 3030 ivou
2332 2977 2427 3030 τοῦ
2478 2977 2915 3049 περισσεύματος
2961 2976 3175 3046 φέρων,
3213 2974 3349 3028 ἀλλὰ
3383 2973 3541 3026 πάντα
3571 2971 3635 3022 τὸν

440 3080 615 3133 quens
653 3066 929 3136 Spiritum,
959 3082 989 3121 a
1020 3083 1128 3138 quo
1164 3084 1324 3122 manu
1357 3070 1476 3124 duci
1510 3071 1626 3139 ipse
1652 3072 1719 3125 ad
1754 3080 1896 3140 temp

2180 3068 2342 3123 οῦτον
2381 3069 2661 3134 ἀνατεθεὶς
2708 3069 2786 3140 τῷ
2831 3067 2981 3139 Θεῷί
3031 3065 3240 3137 Ἰησοῦς
3282 3066 3373 3118 κα)¹
3410 3065 3467 3117 ού
3501 3063 3636 3116 πάντα

445 3159 620 3227 ipsum
657 3169 837 3228 potest
863 3176 878 3226 ;
910 3160 1207 3231 ali‘eratque
1235 3163 1458 3232 probata
1490 3163 1840 3228 numismata,
1866 3180 1896 3216 n

2194 3155 2306 3231 εἶχε
2355 3162 2575 3232 ῥήματα
2615 3161 2876 3232 ἐλάλησεν
2923 3163 2980 3214 ἐν
3017 3159 3095 3230 τῷ
3134 3157 3506 3228 γαζοφυλακίῳ
3530 3154 3640 3208 διδά-

441 3266 511 3322 pe
542 3254 703 3308 verba
738 3253 863 3308 vita:
893 3261 1116 3309 eterna:
1144 3253 1211 3308 ad
1254 3255 1720 3326 gazophylacium,
1764 3265 1820 3312 et
1850 3272 1897 3327 οι

2180 3268 2296 3316 ξων,
2333 3251 2470 3304 ἀλλὰ
2501 3252 2737 3305 τοσαῦτα
2763 3254 2866 3305 ὅσα
2907 3250 3103 3322 ἐχώρει
3152 3251 3215 3303 τὸ
3255 3248 3636 3318 γαζοφυλάκιον

446 3344 821 3414 hujuscemodi
850 3348 1033 3402 verbis
1061 3363 1318 3404 consona.
1357 3351 1533 3418 Atque
1573 3351 1777 3404 utinam
1821 3350 1902 3405 alii

2183 3346 2238 3398 δὲ
2264 3347 2373 3417 γὰρ
2403 3345 2562 3398 αὐτόν
2592 3363 2654 3415 γε
2687 3342 2840 3417 οἶμαι
2864 3347 3062 3416 χωρεῖν
3086 3344 3175 3396 τὸν
3201 3343 3403 3413 κόσμον
3441 3341 3521 3395 τὸν
3551 3339 3638 3394 ὅλον

444 3447 694 3492 nostrum
727 3453 833 3492 non
883 3440 956 3494 sit
988 3439 1076 3493 illa
1110 3455 1316 3511 pauper
1347 3457 1524 3512 neque
1556 3442 1645 3496 illa
1678 3443 1863 3508 vidua,
1897 3469 1900 3489 ‹

2182 3438 2212 3491 ῦ
2263 3437 2398 3491 Θεοῦ
2447 3437 2623 3508 λόγον.
2659 3439 2848 3509 Ὅμως
2895 3437 2951 3490 δὲ
2990 3436 3226 3491 τοσαῦτα
3254 3439 3464 3508 ῥήματα
3497 3436 3546 3486 ἐν

445 3531 590 3585 terre
635 3529 753 3599 plus
793 3530 865 3583 nil
917 3531 1060 3585 valet
1108 3532 1318 3587 duobus
1359 3534 1604 3600 minutis,
1641 3549 1816 3603 neque
1867 3535 1899 3588 d

2181 3529 2502 3601 ιζοφυλακίῳ
2540 3529 2713 3584 λαλῶν
2754 3530 2848 3584 καὶ
2893 3529 3158 3583 διδάσκων
3196 3529 3227 3580 ὁ
3280 3527 3477 3598 Ἰησοῦς
3513 3528 3560 3578 ἐν
3584 3524 3637 3592 τῷ

444 3621 677 3677 οΠετειιε
704 3636 767 3674 ex
796 3635 860 3675 eo
889 3620 1005 3676 solo
1034 3622 1179 3690 quod
1222 3623 1508 3687 redundat,
1541 3624 1635 3679 sed
1665 3639 1853 3678 omnes
1881 3640 1900 3678 ί

2181 3621 2251 3693 ρῷ
2271 3664 2285 3687 ,
2325 3623 2416 3676 ὑπ’
2451 3621 2662 3686 οὐδενὸς
2688 3622 2969 3692 ἐκρατείτό
3006 3638 3122 3674 πω·
3175 3621 3273 3674 καὶ
3310 3619 3466 3673 αὑτοῦ
3498 3617 3585 3688 γὰρ
3605 3617 3637 3666 οἱ

445 3715 548 3766 tias
589 3714 696 3767 Deo
719 3714 950 3768 dedicet.
976 3713 1244 3768 Caeterum
1280 3729 1386 3767 non
1421 3716 1604 3768 omnia
1632 3731 1754 3785 quae
1785 3716 1901 3770 habt

2182 3728 2263 3781 γοι
2292 3713 2627 3784 ἰσχυρότεροι
2653 3712 2944 3783 ἐτύγχανον
2964 3712 3071 3765 τῶν
3096 3712 3292 3765 πιάσαι
3321 3711 3472 3764 αὐτὸν
3500 3708 3638 3762 θελόν-

445 3807 613 3859 verba
665 3805 876 3859 locutus
922 3815 1008 3879 est
1049 3803 1206 3860 Jesus
1249 3805 1301 3858 in
1334 3806 1723 3875 gazopltylacio
1772 3807 1901 3862 doce

2183 3822 2223 3858 IV
2248 3823 2262 3836 ο
2288 3806 2382 3859 καὶ
2433 3806 2556 3858 ὅσον
2593 3821 2656 3872 γε
2697 3804 2866 3872 λέγει,
2903 3802 3153 3856 τοσοῦτον
3180 3803 3290 3875 (55)
3321 3803 3484 3866 οὐδεὶς
3516 3799 3639 3853 αὑτὸν

445 3899 540 3954 sed
571 3907 649 3952 tot
679 3908 810 3966 quot
834 3897 1078 3968 capiebat
1103 3896 1543 3966 gampbylacium
1571 3913 1586 3963 ;
1618 3913 1741 3951 nam
1779 3913 1901 3952 nen

2187 3893 2314 3946 άσαι
2339 3893 2446 3946 τῶν
2470 3893 2925 3946 ἐπιϐουλευόντων
2965 3892 3114 3963 αύτῷ
3153 3893 3374 3947 δύναται
3401 3891 3500 3964 (54)
3518 3908 3529 3920 ’
3555 3888 3638 3943 ἀλλ’

448 3998 574 4046 dum
611 3992 830 4060 quidem
869 3992 1044 4060 ipsum
1075 3999 1244 4045 totum
1277 3992 1518 4046 arbitror
1539 4005 1734 4059 capere
1770 3991 1864 4044 Dei
1895 4007 1904 4030 π

2186 4003 2213 4039 ν
2241 3986 2524 4056 σιωπήσῃ,
2569 3985 2690 4038 τότε
2745 3988 3044 4057 κρατεῖται·
3090 3986 3241 4050 ὅθεν,
3283 3986 3400 4038 ἐπεὶ
3438 3982 3641 4036 ἐϐούλετο

446 4085 664 4140 bum”.
699 4087 948 4138 Attamen
976 4093 1056 4138 tot
1084 4085 1246 4138 verba
1282 4083 1739 4155 ingazophylacio
1765 4084 1902 4152 loqui

2185 4080 2259 4150 τὲρ
2293 4078 2386 4131 τοῦ
2413 4079 2618 4149 κόσμου
2649 4078 2862 4142 παθεῖν,
2896 4077 3284 4148 ἐξεταζόμενος
3325 4078 3426 4132 ὑπὸ
3455 4075 3537 4130 τοῦ
3570 4075 3641 4126 Πι-

447 4187 502 4232 et
542 4176 914 4232 docenchsus
945 4179 997 4231 in
1017 4177 1238 4246 templo,
1269 4178 1507 4232 nondum
1539 4179 1603 4231 ab
1632 4175 1740 4231 ullo
1773 4186 1903 4230 tenet

2184 4185 2312 4231 του,
2363 4169 2456 4221 κα).
2493 4167 2920 4238 μαστιγούμενος
2952 4170 3156 4239 σιωπᾷ’
3201 4170 3252 4220 εί
3298 4168 3401 4239 γὰρ
3437 4163 3640 4230 ἐλελαλή-

448 4271 612 4324 verba
644 4284 880 4339 namque
925 4271 1094 4337 ipsius
1144 4270 1370 4324 fortiora
1404 4279 1558 4323 erant
1608 4269 1784 4337 ipsum
1822 4284 1904 4337 apt

2189 4279 2227 4326 ι,
2259 4261 2359 4313 οὐκ
2391 4259 2471 4312 ἔτι
2505 4260 2714 4330 ἐγίνετο
2737 4258 2886 4329 αὐτῷ
2921 4259 2981 4312 τὸ
3023 4259 3398 4330 ἐσταυρῶσθαι
3440 4257 3492 4324 ἐξ
3519 4255 3642 4309 ἀσθε-

451 4363 691 4417 bemlere
735 4362 1044 4416 volentibus
1093 4379 1108 4420 :
1154 4371 1209 4416 et
1257 4372 1407 4416 certe
1454 4361 1693 4431 quandiu
1748 4361 1907 4431 loquit

2185 4354 2285 4417 ίας·
2322 4355 2551 4426 ἐπείπερ
2585 4354 2685 4406 οὐκ
2717 4352 2861 4405 ἐστιν
2901 4352 3152 4407 ἀσθένεια
3198 4356 3256 4406 ἐν
3304 4351 3382 4419 οἷς
3435 4355 3461 4407 6
3508 4353 3641 4417 Λόγος

452 4453 640 4509 tantliu
671 4467 827 4506 nemo
860 4452 934 4506 illi
964 4453 1189 4508 insidias
1234 4453 1564 4508 struentium
1605 4452 1908 4521 apprebemt

2185 4447 2299 4499 λεῖ·
2346 4447 2459 4499 ὄντι
2503 4447 2561 4499 δέ
2601 4446 2750 4518 αύτῷ
2783 4450 2839 4501 ἐν
2871 4446 2949 4518 τῷ
2979 4447 3358 4519 γαζοφυλακίῳ
3402 4446 3587 4500 οὐδέπω
3618 4443 3641 4510 ἡ

447 4564 574 4604 eum
623 4547 965 4613 valent;sed
997 4548 1041 4601 si
1093 4548 1367 4610 tacuerit,
1416 4556 1547 4601 tunc
1597 4555 1840 4610 tenetur;
1875 4561 1903 4599 ιι

2185 4554 2240 4606 pa
2267 4539 2566 4610 ἐνειστήκει
2603 4537 2696 4590 τοῦ
2727 4538 3021 4609 πιασθῆναι
3058 4539 3222 4594 αὑτὸν
3241 4579 3256 4603 ,
3284 4540 3392 4593 ἀλλ’
3415 4538 3522 4590 οὐδὲ
3555 4536 3641 4587 δντι

457 4639 829 4709 interrogatus
860 4654 888 4692 a
921 4637 1090 4692 Pilato
1121 4647 1174 4692 et
1209 4636 1532 4706 tlagellatus,
1567 4637 1709 4706 quod
1739 4636 1900 4690 vellet

2207 4628 2284 4700 τῷ
2314 4629 2442 4701 ἱερῷ
2468 4630 2578 4700 (55)
2595 4649 2608 4663 ο
2633 4631 2966 4703 χειμάρρουν
2990 4631 3048 4684 δέ
3071 4650 3191 4686 τινα
3228 4632 3393 4703 ἐχρῆν
3433 4627 3553 4684 εἶναι
3574 4627 3642 4678 τὸν

452 4733 652 4785 tnundo
682 4732 793 4802 pati
818 4772 832 4797 ,
890 4740 1034 4785 tacet
1058 4731 1144 4796 '°;
1183 4731 1421 4799 alioquin
1455 4731 1500 4784 si
1562 4729 1773 4782 locutus
1809 4727 1908 4782 luis

2190 4739 2309 4785 πον,
2343 4720 2468 4773 ἔνθα
2502 4721 2751 4774 ἐϐούλετο
2773 4722 3064 4793 πιασθῆναι
3100 4726 3129 4777 6
3166 4724 3398 4796 Ἰησοῦς,
3437 4722 3520 4773 καὶ
3553 4715 3643 4769 ἐδύ-

453 4840 561 4878 non
589 4824 984 4894 cruciﬁgendus
1022 4839 1088 4878 ex
1137 4824 1473 4888 inﬁrmitate,
1517 4821 1774 4891 quoniam
1803 4836 1908 4874 non

2187 4830 2274 4865 ιτο.
2311 4811 2472 4864 Ἀλλὰ
2512 4813 2607 4866 καὶ
2653 4812 2841 4884 καιρὸν
2891 4813 2984 4867 τοῦ
3031 4815 3348 4886 κρατεῖσθαι
3385 4813 3528 4867 αὑτὸν
3566 4809 3643 4862 οὐκ

453 4914 743 4969 inﬁrmitas
775 4916 826 4968 in
874 4915 962 4969 bis
993 4931 1111 4984 qua:
1143 4915 1336 4969 Sermo
1373 4913 1544 4968 Filius
1578 4913 1673 4968 Dei
1723 4912 1909 4981 loquitt

2184 4922 2232 4957 ει
2273 4904 2531 4976 ήμερινόν
2551 4923 2565 4936 ·
2599 4924 2616 4956 ι
2659 4905 2717 4957 '0
2739 4905 2845 4974 γὰρ
2888 4906 3087 4970 Ἰούδας
3113 4906 3293 4960 λαϐὼν
3321 4908 3415 4979 τὴν
3437 4905 3639 4972 σπεῖραν,

452 5022 686 5076 cumque
712 5007 1006 5061 exsisteret
1035 5006 1089 5060 in
1139 5005 1550 5076 gazopltylacio,
1585 5005 1817 5058 nondum
1847 5003 1908 5056 in:

2184 4997 2222 5050 ι).
2274 4998 2339 5050 ἐκ
2377 4997 2484 5050 τῶν
2531 4996 2829 5066 ἀρχιερέων
2878 4998 2970 5050 κα)⁴
3009 4999 3316 5070 Φαρισαίων
3367 4993 3640 5067 ὑπηρέτας,

525 5123 570 5191 “7'
604 5121 730 5191 Sap.
782 5138 875 5188 vtt,
927 5122 982 5176 9.
1075 5123 1120 5154 ⁸³
1150 5122 1318 5177 lCor.
1355 5138 1414 5186 ιι,
1449 5121 1503 5184 6,
1535 5123 1589 5175 7.
1679 5121 1725 5191 δέ
1772 5120 1905 5174 ibid.
1961 5118 1981 5172 ε

2205 5115 2363 5171 Prov.
2417 5129 2536 5179 \‘lll,
2581 5113 2670 5167 22.
2765 5115 2810 5147 ⁸⁸
2839 5114 2983 5170 Psal.
3029 5132 3104 5182 XI,
3159 5115 3212 5168 '7.
3287 5114 3330 5146 ⁸⁷
3367 5113 3509 5168 Joan.
3545 5104 3638 5171 ιβ.

453 5191 500 5224 “
530 5188 690 5248 Joaul
714 5208 829 5260 vut,
859 5192 948 5246 2t).
1046 5192 1092 5224 δ’
1116 5191 1270 5247 Joan.
1304 5208 1415 5259 XXI,
1447 5192 1536 5247 25.
1626 5193 1673 5223 ⁸ο
1700 5190 1857 5246 Joan.
1885 5192 2056 5254 xum,
2082 5188 2169 5244 Η.

529 5308 641 5378 (50)
675 5306 797 5362 Τῶν
824 5306 1025 5374 ἁγνῶν
1051 5309 1290 5378 ᾂογίων.
1334 5307 1554 5377 Supple,
1585 5311 1642 5360 ἐν
1682 5308 1826 5378 ὄψει,
1883 5321 1985 5373 quo

1020 5309 1290 5378 'Joriwr.
1334 5307 1554 5377 Supple,
1585 5311 1642 5360 ἐν
1682 5308 1826 5378 ὄψει,
1883 5305 2025 5378 quod
2131 5302 2366 5378 metri;
2395 5319 2476 5370 γε.

500 5363 710 5434 τάξοέιιίι
735 5395 749 5444 ;
779 5380 830 5431 id
858 5363 991 5430 {nan
1026 5363 1330 5431 Ferrarius.
1363 5363 1769 5446 Ad'tuat'giuein
1814 5363 2024 5431 codicis
2203 5374 2313 5444 (55)
2347 5363 2666 5446 Τοσοῦτον.
2697 5371 2855 5426 Deest
2882 5369 2935 5425 in
2957 5370 3142 5426 codice
3171 5369 3356 5441 Regio,
3379 5367 3464 5422 sed
3510 5363 3641 5416 habe-

486 5449 740 5503 larberini
766 5463 832 5503 ex
862 5447 1173 5514 conjectura
1205 5449 1417 5518 legitur,
1457 5450 1548 5501 ἐπὶ
1576 5445 1684 5502 τῶν
1712 5447 1890 5516 ἁγνῶν
1937 5447 1942 5497 ἶ

1205 5449 1417 5518 legitur,
1457 5445 1684 5502 ἐπὶτῶν
1712 5447 1890 5516 ἁγνῶν
1937 5447 2027 5500 λο-
2133 5446 2310 5518 ῑυιχίιι
2341 5445 2650 5518 Bodleiano.

461 5495 740 5504 "'“"'"""
769 5495 832 5503 ⁷*-
866 5495 1173 5514 νννσ-*ννσντ
1205 5495 1417 5518 "O""')
1457 5495 1548 5501 ""
1587 5495 1678 5502 ""'
1713 5495 1770 5516 ’τι
1795 5495 1882 5501 ⁷-⁷

458 5521 613 5588 γίων.
690 5587 695 5588 ί
944 5586 967 5588 ἦ
1060 5585 1084 5588 Δ
1579 5587 1588 5588 7

2182 5495 3002 5588 "(5747)hﬁtﬁétﬁtiDCSideralur
3039 5511 3094 5567 in
3123 5511 3308 5568 codice
3353 5507 3525 5577 Regio,
3567 5495 3638 5556 sed

533 5588 644 5658 (51)
684 5587 738 5659 Ὀ
776 5586 1025 5659 Ἰησοῦς.
1059 5585 1220 5641 Deest
1253 5588 1307 5642 itt
1350 5588 1540 5644 codice
1573 5587 1766 5659 Regio,
1799 5589 1893 5644 sed
1945 5589 1989 5642 le

2135 5584 2417 5659 legitur-in
2451 5584 2810 5659 Bodleiano._
2931 5652 2946 5659 _
3056 5652 3090 5659 _
3151 5651 3184 5659 __
3224 5651 3236 5659 _
3402 5647 3414 5659 _
3465 5645 3478 5659 '
3527 5631 3585 5659 Δ,

534 5633 642 5658 \V'I
700 5633 727 5639 "
785 5633 1025 5656 "I""')‘
1059 5633 1219 5641 —"‘"'
1253 5633 1307 5642 ’“’
1353 5633 1540 5644 """""
1573 5633 1766 5659 ""D"',
1799 5633 1893 5644 εν*

463 5659 608 5724 gitur
635 5661 685 5711 in
722 5658 1031 5713 Bodleiano.

2353 5633 2483 5711 διιεῖ
2502 5633 2820 5726 ἓῦἒῷῖέρῷ
2851 5652 3019 5710 codex
3053 5651 3376 5710 Bodleianus
3402 5645 3547 5702 habet
3568 5633 3648 5687 ἔδει

535 5725 644 5796 (ὖὲ)
679 5728 860 5784 Codex
913 5726 1255 5797 Bodleianus,
1293 5727 1384 5783 καὶ
1416 5727 1470 5780 εἴ
1505 5729 1588 5795 τίς
1647 5735 1741 5799 γε·
1803 5727 1991 5801 Regius

995 5727 1255 5797 dicianus,
1293 5727 1384 5783 καὶ
1416 5727 1470 5780 εἴ
1505 5729 1588 5795 τίς
1647 5735 1741 5799 γε·
1803 5727 2021 5801 Regius,
2133 5725 2444 5798 πιασθῆναι.
