3688 6146
66 336 164 394 5ύὸ
1083 337 1438 394 COMMENT.
1479 338 1544 393 IN
1581 338 1773 395 JOAN.
1815 335 2055 395 TOMUS
2102 335 2245 391 XIX.
3197 332 3303 389 5&6

62 460 277 526 ἔρχεται
308 451 434 505 ἐκεῖ
463 447 597 522 μετὰ
627 447 831 518 φανῶν,
849 449 946 504 καὶ
964 449 1388 520 λαμπάδων,καὶ
1402 452 1635 507 ὅπλων.)

1817 462 1835 505 ι
1866 452 1999 505 hora
2031 465 2139 521 qua
2170 447 2598 518 prehenderetur
2626 464 2641 515 ;
2675 449 2766 504 sed
2810 464 2987 520 neque
3016 449 3306 519 oportebat

64 547 192 619 Περὶ
232 543 291 598 δὲ
322 542 448 608 τοῦ,
483 561 502 594 ι
534 541 703 596 Ούπω
748 540 1006 613 ἐλήλυθεν
1041 540 1104 612 (f.
1135 543 1402 617 ἐληλύθει)
1438 543 1472 617 ἡ
1519 544 1637 616 ὥρα

1818 560 1866 597 m
1903 543 2163 613 prehendi
2197 543 2250 596 in
2286 541 2485 611 templo
2517 558 2533 600 :
2567 553 2863 597 torrentem
2905 557 3028 598 esse
3074 555 3304 598 necesse

60 636 242 701 αὑτοῦ,
263 655 282 687 ι
309 637 372 690 ἐν
398 636 513 699 τοῖς
537 634 795 706 ἀνωτέρω
836 632 926 687 διά
965 630 1226 687 πλειόνων
1264 634 1638 708 διειλήφαμεν,

1810 646 1864 690 at
1888 636 2088 702 locum,
2120 633 2211 690 ubi
2240 632 2453 688 volebat
2479 632 2634 689 Jesus
2659 633 2942 704 prehendi,
2970 642 3027 689 et
3071 633 3163 688 ubi
3210 648 3305 703 po-

57 721 139 792 οἷς
173 727 356 799 χρήσῃ
407 725 504 779 καὶ
535 724 614 786 εἰς
642 722 713 776 τὰ
744 721 1006 794 παρόντα.
1386 804 1403 807 Η

1810 737 1887 782 rat
1913 728 2197 797 prehendi.
2241 728 2380 795 Quin
2413 728 2575 782 etiam
2623 737 2836 799 tempus
2868 740 2974 797 quo
3010 726 3305 796 capiendus

62 834 201 891 erat,
227 821 460 876 minime
506 820 759 876 diurnum
798 832 920 873 esse
949 818 1236 887 oportebat
1270 835 1285 871 :
1323 835 1342 869 ι
1385 805 1520 872 Nam
1550 815 1719 876 Iudas
1764 837 1885 877 cum
1919 823 2218 893 accepisset
2264 823 2568 888 cohortem,
2598 830 2654 878 et
2686 837 2716 876 a
2746 823 3078 893 principibus
3127 836 3308 878 sacerh

71 918 248 971 dotum
293 928 363 968 ac
419 911 716 970 Pbarisaeis
776 912 1076 980 ministros,
1125 912 1273 969 venit
1321 911 1447 968 illuc
1498 929 1620 970 cum
1672 914 1919 985 lateruis,
1963 925 2017 974 et
2058 917 2288 983 facibus,
2332 933 2397 973 ac
2436 919 2605 974 armis
2632 919 2699 972 ".
2734 943 2753 971 ι
2790 918 3056 974 Caeterum
3101 916 3167 972 de
3204 917 3307 972 hoc

65 1008 221 1072 dicto,
250 1025 270 1059 ι
304 1005 563 1061 Nondum
600 1013 829 1061 venerat
867 1005 1002 1061 hora
1062 1004 1181 1074 ejus
1201 1005 1283 1072 ",
1320 1025 1339 1058 ι
1389 1007 1444 1061 in
1507 1007 1880 1076 superioribus
1937 1010 2294 1066 disseruimus
2342 1010 2588 1081 pluribus
2640 1010 2840 1079 verbis,
2892 1012 3089 1081 quibus
3140 1009 3304 1065 etiam

62 1101 113 1156 in
137 1098 432 1169 prasentia
467 1099 659 1155 uteris.

124 1202 179 1257 5.
218 1219 238 1254 ι
265 1196 441 1256 Εἶπεν
488 1195 584 1253 οὖν
626 1196 790 1252 πάλιν
836 1196 1050 1263 αὐτοῖς’
1098 1195 1243 1268 Ἐγὼ
1284 1197 1501 1268 ὑπάγω,
1546 1197 1642 1252 καὶ

63 1292 317 1365 ζητήσετέ
345 1310 415 1364 με
438 1331 454 1357 ,
483 1291 581 1347 καὶ
602 1292 664 1345 ὲν
687 1293 754 1363 τῇ
781 1291 1026 1363 ἁμαρτίᾳ
1057 1289 1210 1362 ὑμῶν
1243 1291 1637 1345 άποθανεϊσθεθ

64 1384 188 1438 ὅπου
225 1380 336 1453 ἐγὼ
378 1382 617 1451 ὑπάγω,
661 1382 818 1453 ὑμεῖς
862 1382 924 1436 ού
965 1381 1194 1437 δύνασθε
1237 1382 1430 1438 ἐλθεῖν.
1461 1401 1480 1435 ι
1530 1382 1642 1436 Καὶ

63 1473 227 1529 ταῦτα
268 1476 327 1527 ἐν
360 1471 443 1544 τῷ
485 1472 875 1544 γαζοφυλακίῳ
918 1474 978 1527 ἐν
1019 1472 1096 1544 τῷ
1131 1472 1278 1546 ἱερῷ,
1330 1472 1642 1546 προστιθεὶς

1809 1196 1867 1252 '5.
1905 1213 1925 1248 ι
1960 1195 2168 1251 Rursus
2195 1207 2326 1266 ergo
2359 1193 2498 1250 dixit
2537 1192 2646 1249 illis
2675 1209 2689 1246 :
2716 1193 2828 1261 Ego
2876 1190 3039 1256 vado,
3073 1198 3129 1247 et
3156 1206 3303 1262 qua:-

1738 1290 1871 1345 retis
1904 1303 2016 1353 me,
2047 1296 2103 1343 et
2129 1287 2183 1342 in
2216 1297 2441 1357 peccato
2466 1294 2646 1342 vestro
2679 1285 2983 1340 moriemini
3013 1300 3030 1345 ;
3067 1300 3174 1354 quo
3196 1300 3298 1354 ego

1737 1366 1896 1459 vado,
1921 1407 2020 1448 vos
2049 1408 2155 1448 non
2187 1392 2415 1462 potestis
2444 1391 2633 1447 venire
2663 1391 2729 1445 ”.
2763 1409 2783 1442 ι
2819 1389 2885 1444 Et
2915 1391 3029 1446 haec
3056 1390 3112 1444 in
3141 1405 3303 1462 gazo-

1737 1484 2011 1557 phylacio,
2046 1486 2099 1543 in
2134 1485 2335 1556 templo
2366 1500 2490 1541 cum
2529 1485 2865 1553 loqueretur,
2893 1484 3100 1539 addidit
3142 1500 3306 1555 supe-

66 1567 171 1629 τοῖς
216 1564 514 1636 προτέροις
556 1565 616 1618 οὐ
678 1563 840 1635 μόνον
891 1561 1065 1616 ταῦτα
1087 1603 1102 1629 ,
1161 1563 1298 1618 ἀλλά
1338 1564 1430 1618 καὶ
1473 1563 1636 1635 ἐτερα

1810 1577 2010 1634 tribus:
2048 1593 2149 1633 nec
2186 1577 2357 1632 solum
2386 1577 2525 1642 haec,
2562 1576 2659 1632 sed
2702 1576 2807 1631 alia
2837 1577 3004 1630 multo
3031 1577 3183 1646 plura
3214 1591 3304 1632 us-

67 1658 276 1711 πλείονα
327 1656 444 1729 (56)
487 1656 594 1721 ἕως
638 1655 732 1710 τοῦ
751 1674 764 1686 -
824 1672 843 1707 ι
882 1654 1054 1727 Ἀμὴν
1097 1655 1239 1725 λέγω
1286 1656 1415 1727 ὑμῖν
1438 1696 1454 1722 ,
1504 1659 1635 1728 πρὶν

77 1748 317 1822 ’Δὸραάμ
339 1747 600 1816 γενέσθαι
626 1790 640 1813 ,
677 1746 788 1815 ἐγώ
818 1749 954 1817 εἰμι.
985 1767 1003 1799 ι
1037 1747 1192 1800 Μετὰ
1224 1746 1282 1800 δὲ
1317 1746 1504 1801 τοῦτον
1543 1745 1635 1800 τὸν

67 1835 209 1904 λόγον
229 1833 488 1907 ἀράντων
519 1834 717 1899 λίθους,
753 1835 841 1888 ἵνα
868 1833 1160 1888 λιθάσωσιν
1193 1834 1376 1901 αὑτὸν,
1428 1835 1636 1909 Ἰησοῦς

67 1925 280 1999 ἐκρύϐη,
312 1925 410 1978 καὶ
436 1924 661 1996 ἐξῆλθεν
694 1926 760 1978 ἐκ
795 1922 890 1978 τοῦ
922 1923 1098 1997 ἱεροῦ·
1126 1926 1216 1980 ὅτε
1244 1925 1506 1999 παράγων
1528 1921 1634 1980 εἶδε

67 2020 148 2072 τὸν
182 2018 289 2072 ἀπὸ
319 2018 561 2088 γενετῆς
596 2015 816 2086 τυφλὸν,
867 2019 997 2090 περὶ
1040 2010 1101 2072 οὗ
1157 2016 1451 2089 εἰσόμεθα,
1498 2016 1633 2072 Θεοῦ

66 2109 304 2173 διδόντος,
334 2108 626 2180 γενόμενοι
654 2107 797 2163 κατά
823 2107 915 2161 τὸν
950 2107 1133 2162 τόπον.
1162 2107 1324 2176 Λέγει
1359 2106 1416 2161 δὲ
1439 2107 1632 2171 ταῦτα,

67 2202 145 2254 ῐνα
183 2200 243 2254 τὸ
294 2201 700 2273 ἐπιφερόμενον
746 2199 1007 2273 γένηται,
1055 2217 1075 2253 ι
1109 2198 1294 2252 Ταῦτα
1322 2199 1430 2270 γὰρ
1467 2197 1633 2253 αὐτοῦ

67 2291 338 2354 λαλοῦντος
391 2291 729 2345 ἐπίστευσαν
765 2292 848 2355 είς
891 2290 1055 2344 αὐτὸν
1077 2330 1093 2357 ,
1132 2308 1154 2341 ι
1212 2290 1373 2343 οἱονεὶ
1405 2289 1636 2362 πένητες

72 2384 173 2455 (57)
202 2383 494 2455 ἐρχόμενοι
529 2382 623 2436 ἐπὶ
656 2382 716 2436 τὸ
751 2381 1172 2452 γαζοφυλάκιον,
1208 2381 1276 2435 ἵν’
1301 2382 1509 2434 ἐκεῖθεν
1541 2380 1637 2435 λά-

73 2476 223 2529 ϐωσιν
266 2475 302 2530 ἀ
340 2475 440 2529 ἐὰν
476 2474 762 2541 δύνωνται,
796 2473 892 2527 καὶ
934 2473 994 2550 ἃ.⁸
1023 2473 1118 2528 ἐὰν
1158 2472 1387 2544 μερισθῇ
1432 2471 1632 2537 αὐτοῖς.

79 2586 96 2618 ι
123 2566 303 2620 Πολλοὶ
362 2567 462 2638 μὲν
498 2562 593 2620 οὖν
628 2564 953 2618 ἐπίστευσαν
995 2564 1075 2628 είς
1106 2564 1292 2629 αὑτὸν,
1326 2582 1346 2617 ι
1396 2563 1458 2617 οὐ
1505 2563 1635 2618 πολ-

75 2657 149 2712 λοὶ
176 2658 231 2712 δὲ
277 2657 533 2728 ἔγνωσαν
565 2656 746 2710 αὐτόν·
797 2656 921 2709 ἐπεὶ
954 2653 1059 2709 τῶν
1086 2655 1526 2710 πεπιστευκότων
1556 2657 1636 2720 εἰς

76 2753 222 2807 αὐτὸν
247 2754 298 2806 οἱ
329 2752 591 2823 μένοντες
618 2753 676 2803 ὲν
708 2749 785 2821 τῷ
815 2748 960 2821 λόγῳ
999 2748 1186 2814 αὐτοῦ,
1222 2747 1439 2820 ἀληθῶς
1492 2748 1638 2818 γινό-

78 2863 215 2916 μενοι
245 2844 496 2919 μαθηταὶ
526 2841 713 2908 αὑτοῦ,
747 2841 1044 2910 γνώσονται
1071 2841 1170 2912 τὴν
1199 2840 1456 2914 ἀλήθειαν
1474 2858 1487 2871 ο
1518 2840 1638 2913 οὐχὶ

78 2937 128 2991 δέ
150 2941 194 2992 oi
223 2937 406 2990 πολλοὶ⁵
446 2935 564 2988 τῶν
608 2933 1050 2988 πεπιστευκότων
1083 2933 1162 2997 είς
1194 2933 1357 2986 αὐτὸν
1391 2932 1637 3003 μένουσιν

75 3030 126 3081 ἐν
148 3028 218 3100 τῷ
243 3029 384 3099 λόγῳ
416 3025 613 3081 αὑτοῦ·
644 3026 766 3080 οὐδέ
795 3027 844 3079 οἱ
873 3023 1058 3078 πολλοὶ
1085 3022 1301 3097 ἀληθῶς
1334 3023 1498 3080 αὐτοῦ
1536 3040 1640 3096 μα-

79 3120 222 3192 θηταὶ
250 3121 501 3191 γίνονται
519 3137 533 3150 ·
574 3119 765 3188 διόπερ
806 3117 926 3171 οὐδὲ
971 3115 1157 3170 πολλοὶ
1192 3115 1489 3185 γνώσονται
1525 3114 1636 3187 (58)

77 3214 330 3285 ἀλήθειαν,
387 3212 497 3266 καὶ
543 3214 611 3282 τῇ
672 3209 900 3281 ἀληθείᾳ
951 3208 1225 3280 ἐλεύθεροι
1258 3209 1319 3263 ού
1376 3208 1634 3278 γίνονται·

82 3307 266 3379 σφόδρα
293 3306 402 3378 γὰρ
427 3305 609 3372 ὀλίγοι
635 3302 871 3374 χωροῦσι
914 3302 1012 3372 τὴν
1040 3300 1295 3372 ἀλήθειαν
1321 3300 1452 3374 (59).
1481 3300 1639 3365 Τίνες

83 3398 133 3453 δέ
162 3401 285 3453 εἰσιν
316 3401 364 3453 οἱ
392 3395 755 3467 γνωσόμενοι,
789 3394 822 3465 ἥ
847 3395 896 3448 oi
924 3393 1186 3464 ὑψοῦντες
1213 3393 1374 3447 αὐτόν
1393 3409 1407 3459 ;
1429 3393 1506 3457 ὼς
1537 3392 1637 3446 αὑ-

87 3493 162 3557 τὸς
205 3491 437 3546 διδάσκει
484 3489 696 3558 λέγων*
730 3506 749 3539 ι
786 3489 955 3541 Ὅταν
986 3486 1238 3557 ὑψώσητε
1263 3485 1353 3539 τὸν
1384 3485 1509 3539 Υἱὺν
1542 3482 1636 3538 τοῦ

86 3583 370 3655 ἀνθρώπου,
401 3583 525 3637 τότε
554 3579 850 3650 γνώσεσθε,
894 3581 975 3634 ὅτι
1001 3579 1112 3649 ἐγώ
1140 3581 1291 3650 εἰμι·
1322 3596 1339 3629 ι
1373 3577 1545 3641 οὐδεὶς
1580 3574 1638 3629 δὲ

84 3678 225 3732 αὑτὸν
248 3678 369 3747 ύψοῖ
391 3677 630 3748 γάλακτι
661 3673 1033 3745 ποτιζόμενος,
1057 3671 1486 3745 παρασκευάζων
1510 3670 1639 3722 ἐαυ-

84 3771 160 3824 τὸν
189 3772 265 3834 είς
292 3767 607 3840 παραδοχὴν
639 3767 736 3838 τῆς
765 3766 991 3837 στερεᾶς
1035 3763 1273 3836 τροφῆςσ
1318 3762 1507 3832 διόπερ
1560 3759 1638 3831 τῷ

83 3864 286 3935 τοιούτῳ
298 3864 472 3933 λέγει·
512 3881 531 3913 ι
561 3861 790 3933 Ἔκρινα
810 3858 976 3932 μηδὲν
1004 3857 1200 3912 εἰδέναι
1230 3858 1288 3910 ἐν
1308 3857 1456 3927 ὑμῖν,
1479 3856 1528 3908 ei
1564 3853 1637 3926 μὴ

94 3954 279 4026 Ἰησοῦν
315 3954 576 4028 Χριστὸν,
614 3952 709 4006 καὶ
737 3950 928 4007 τοῦτον
969 3947 1406 4021 ἐσταυρωμένον·
1432 3968 1451 4001 ι
1504 3946 1641 4017 πρὸς

84 4042 135 4099 δν
167 4047 253 4099 καὶ
282 4046 310 4099 ὁ
340 4044 435 4100 τοῦ
471 4043 634 4113 λόγου
661 4040 906 4104 διάκονος
931 4041 990 4093 ἐν
1023 4038 1275 4110 ἀσθενείᾳ
1308 4037 1533 4107 γίνεται,
1563 4036 1639 4101 ὥς

88 4152 229 4209 φησιν
252 4139 281 4189 ὁ
310 4136 523 4199 Παῦλος
560 4136 670 4196 τοῖς
698 4130 957 4194 τοιούτοις
977 4146 991 4161 ο
1032 4148 1051 4181 ι
1078 4127 1249 4197 Κάγὼ
1278 4129 1336 4181 ἐν
1364 4127 1635 4197 ἀσθενείᾳ,

86 4230 167 4284 καὶ
209 4233 263 4284 ἐν
306 4229 478 4300 φόῦῳ,
539 4226 634 4280 καὶ
665 4227 723 4278 ἐν
770 4224 960 4298 τρόμῳ
995 4220 1173 4292 πολλῷ
1203 4220 1469 4291 ἐγενόμην
1502 4219 1640 4291 πρὸς

88 4320 232 4390 ὑμᾶς.
262 4342 281 4373 ι
316 4319 453 4391 Φησὶ
486 4317 668 4370 τοίνυν
698 4317 726 4370 ό
757 4314 850 4369 τοῦ
885 4312 1020 4367 Θεοῦ
1053 4312 1223 4381 Λόγος
1259 4312 1432 4383 ἀρχὴν
1459 4309 1640 4364 ποιού-

90 4429 229 4482 μενος
248 4413 518 4484 δευτέρων
557 4407 891 4480 μαθημάτων
919 4403 1027 4459 τῶν
1059 4406 1115 4457 ἐν
1143 4403 1220 4475 τῷ
1251 4401 1636 4473 γαζοφυλακίῳ

89 4505 137 4555 ἐν
164 4503 234 4575 τῷ
260 4501 387 4574 ἱερῷ
406 4518 417 4528 ’
478 4521 499 4552 ι
537 4499 678 4568 Ἐγὼ
712 4497 907 4566 ὑπάγω
926 4536 942 4561 ,
988 4495 1085 4549 καὶ
1117 4492 1381 4566 ζητήσετέ
1422 4511 1510 4565 με,
1541 4495 1634 4547 καὶ

90 4598 137 4650 ἐν
174 4599 235 4669 τῇ
273 4596 517 4669 ἁμαρτία
557 4592 709 4663 ὑμῶν
752 4589 1133 4646 ἀποθανεῖσθε.
1161 4606 1180 4641 ι
1215 4587 1371 4660 Ζητῶ
1414 4587 1501 4640 διὰ
1550 4586 1632 4653 τδ,

95 4707 111 4739 ι
141 4690 311 4745 Ταῦτα
341 4686 509 4743 αὑτοῦ
536 4684 844 4747 λαλοῦντος,
873 4681 1058 4736 πολλοὶ
1083 4681 1406 4735 ἐπίστευσαν
1430 4682 1510 4744 είς
1533 4680 1635 4732 αὑ-

94 4780 167 4835 τὸν
186 4822 201 4846 ,
230 4801 248 4833 ι
287 4782 494 4852 μήποτε
524 4779 585 4831 ού
613 4776 747 4849 πρὸς
777 4777 985 4837 πάντας
1014 4773 1139 4837 τοὺς
1180 4773 1449 4845 παρόντας
1486 4770 1635 4841 λέγει

94 4872 160 4935 τὸ,
189 4889 207 4924 ι
240 4871 376 4941 Ἐγὼ
401 4871 619 4938 ὑπάγω,
647 4869 740 4923 καὶ
768 4864 1030 4937 ζητήσετέ
1054 4881 1143 4936 με,
1168 4864 1261 4917 καὶ
1286 4864 1343 4916 ἐν
1369 4865 1434 4932 τῇ
1459 4863 1637 4933 ἁμαρ-

94 4962 171 5033 τίᾳ
222 4961 366 5033 ὑμῶν
415 4957 796 5023 ἀποθανεῖσθε,
835 4976 854 5007 ι
914 4954 1051 5009 άλλά
1099 4953 1236 5025 πρὸς
1276 4951 1496 5014 τούτους
1540 4949 1634 5014 οὒς

96 5053 193 5123 ﬁdet
220 5053 291 5124 μὴ
325 5052 738 5114 πιστεύσαντας,
769 5048 863 5102 καὶ
894 5045 982 5100 διὰ
1019 5044 1177 5098 τοῦτο
1204 5046 1261 5096 ἐν
1291 5046 1357 5114 τῇ
1381 5040 1635 5122 ,ἁμαρτίᾳ

97 5144 251 5198 αὐτῶν
293 5136 794 5215 ἀποθανουμένους,
838 5139 932 5192 καὶ
979 5136 1053 5209 μὴ
1104 5135 1432 5205 δυναμένους
1464 5133 1639 5186 ὀπίσω

98 5232 238 5286 αύτοῦ
266 5232 650 5303 ἀκολουθῆσαι,
683 5229 756 5301 μὴ
782 5227 1109 5298 δυναμένους
1141 5223 1198 5279 δὲ
1220 5223 1308 5277 διά
1326 5221 1385 5275 τὸ
1414 5221 1490 5293 μὴ
1518 5220 1639 5291 βού-

179 5324 218 5355 ⁹¹
245 5323 394 5380 Joan.
423 5340 581 5388 mn,
608 5324 667 5379 '5.
736 5324 782 5355 "
810 5319 967 5375 Jonu.
994 5332 1090 5373 vut
1113 5315 1253 5388 ,_20.
1328 5314 1375 5344 ”
1401 5312 1658 5388 _ihui_._‘2i.

1733 1683 1840 1738 que
1864 1669 1933 1724 ad
1981 1684 2104 1724 eum
2136 1678 2450 1725 contextum
2480 1685 2496 1728 :
2525 1687 2545 1721 ι
2587 1669 2760 1723 Amen
2796 1668 2919 1723 dico
2958 1668 3126 1732 vobis,
3160 1679 3306 1723 ante-

1732 1775 1894 1828 quam
1931 1760 2203 1815 Abraham
2258 1759 2455 1827 iieret,
2489 1774 2594 1830 ego
2642 1774 2763 1814 sum
2813 1757 2883 1814 “.
2931 1778 2951 1813 ι
2995 1760 3127 1816 Pust
3156 1762 3303 1817 hunc

1733 1860 1916 1906 autem
1951 1867 2259 1908 sermonem
2301 1869 2424 1908 cum
2478 1851 2683 1921 lapides
2727 1852 2978 1908 tulissent
3024 1851 3192 1909 Judaei
3244 1864 3305 1908 ut

1732 1943 2037 2014 lupidarent
2066 1960 2213 2009 eum,
2238 1943 2396 2001 Jesus
2424 1945 2711 2000 abscondit
2737 1959 2796 2000 se
2825 1955 2880 2001 et
2910 1946 3077 2002 exivit
3105 1962 3137 2002 θ
3167 1955 3306 2002 tem-

1733 2039 1825 2112 plo
1852 2056 1867 2097 :
1902 2038 2063 2110 293
2093 2038 2310 2107 quando
2338 2039 2659 2111 praeteriens
2703 2038 2839 2094 vidit
2872 2054 3075 2095 cassum
3100 2055 3129 2094 a
3157 2040 3303 2095 nati-

1733 2130 1977 2197 vitate”,
2003 2132 2069 2185 de
2089 2144 2196 2203 quo
2231 2129 2487 2194 sciemus,
2522 2126 2636 2183 Deo
2669 2129 2854 2194 dante,
2884 2144 3007 2184 cum
3032 2130 3099 2184 ad
3128 2130 3303 2186 locum

1737 2222 2163 2291 pervenerimus.
2203 2219 2329 2275 llaec
2366 2229 2546 2274 autem
2583 2220 2845 2290 loquitur,
2890 2227 2951 2275 ut
2987 2223 3201 2276 eveniat
3248 2222 3306 2277 id

1736 2315 1877 2384 quod
1939 2313 2303 2384 subiungitur,
2341 2331 2361 2365 ι
2396 2311 2520 2368 Haec
2554 2327 2621 2367 eo
2654 2308 2931 2383 loquente.
2960 2313 3309 2369 crediderunt

1737 2407 1792 2460 in
1823 2420 1945 2459 eum
1973 2405 2040 2470 '°,
2077 2423 2096 2456 ι
2131 2404 2384 2458 nimirum
2424 2418 2717 2473 pauperes,
2751 2404 2845 2475 qui
2875 2404 2942 2458 ad
2976 2404 3306 2476 gazophyla-

1735 2496 1882 2552 cium
1913 2504 2195 2559 venerant,
2234 2495 2359 2549 inde
2383 2496 2660 2567 accepturi
2693 2510 2816 2565 quae
2848 2505 3068 2565 possent
3094 2505 3150 2550 et
3183 2509 3306 2565 quas

1737 2597 1841 2652 sibi
1877 2597 2166 2652 distributa
2195 2598 2447 2651 fuissent.
2479 2597 2662 2666 Itaque
2704 2616 2724 2650 ι
2761 2596 2913 2652 multi
2957 2598 3308 2653 crediderunt

1737 2688 1792 2741 in
1823 2702 1971 2753 eum,
2005 2706 2025 2740 ι
2059 2687 2153 2742 sed
2178 2703 2281 2742 non
2315 2687 2465 2742 multi
2489 2695 2827 2759 agnoverunt
2848 2702 2969 2741 eum
2998 2703 3013 2752 ;
3047 2687 3303 2756 quoniam

1737 2791 1806 2832 ex
1831 2778 1917 2833 bis
1943 2778 2033 2849 qui
2058 2779 2407 2835 crediderunt
2433 2779 2485 2832 in
2513 2793 2661 2846 eum,
2692 2785 2977 2832 manentes
3011 2778 3067 2831 in
3098 2791 3304 2832 sermo-

1742 2895 1810 2936 ne
1844 2879 1983 2951 eius,
2017 2895 2146 2937 vere
2180 2880 2309 2937 facti
2343 2880 2593 2950 discipuli
2622 2880 2738 2947 eius
2774 2887 3079 2948 agnoscunt
3102 2876 3307 2935 verita-

1662 2963 1710 3029 ο
1743 2994 1850 3041 tem
1891 2986 1982 3050 ’σς
2017 2984 2110 3039 sed
2163 3001 2269 3038 non
2323 2984 2478 3039 multi
2509 2999 2578 3038 ex
2618 2983 2705 3038 his
2733 2981 2823 3049 qui
2864 2982 3212 3038 crediderunt
3246 2982 3302 3037 in

1737 3090 1884 3144 cum,
1914 3087 2136 3137 manent
2163 3078 2216 3130 in
2245 3090 2497 3130 sermone
2520 3074 2637 3143 ejus
2663 3091 2679 3139 ;
2715 3089 2779 3129 ac
2809 3089 2877 3130 ne
2905 3074 3059 3128 multi
3083 3074 3306 3144 quidem

1739 3187 1871 3228 vere
1901 3170 2206 3228 efﬁciuntur
2251 3171 2394 3226 illius
2436 3171 2686 3241 discipuli
2722 3187 2737 3232 :
2772 3170 2999 3239 proinde
3028 3185 3097 3224 ne
3145 3170 3304 3226 multi

1738 3266 1959 3336 quidem
1987 3275 2291 3335 agnoscunt
2316 3264 2626 3330 veritatem,
2660 3273 2716 3319 et
2742 3263 2971 3319 veritate
3004 3263 3160 3320 liberi
3195 3278 3304 3321 non

1737 3359 2081 3417 redduntur:
2111 3356 2400 3413 admodum
2450 3356 2595 3412 enim
2647 3355 2806 3425 pauci
2837 3355 3064 3425 capiunt
3097 3355 3305 3411 verita-

1741 3461 1872 3507 tem.
1905 3448 2011 3504 Sed
2041 3448 2263 3518 quinam
2294 3448 2528 3518 agnituri
2562 3457 2688 3502 sunt
2713 3462 2836 3502 eum
2861 3486 2877 3507 .
2912 3448 3017 3502 nisi
3059 3449 3307 3503 exaltan-

1741 3551 1820 3597 tes
1839 3539 1999 3595 eum?
2030 3549 2089 3593 ut
2116 3539 2278 3595 etiam
2310 3537 2429 3608 ipse
2445 3539 2622 3603 docet,
2644 3538 2828 3594 dicens
2841 3538 2888 3572 ”
2912 3556 2927 3592 :
2950 3558 2969 3592 ι
2998 3538 3132 3594 Cum
3162 3542 3307 3595 exal-

1740 3633 1986 3689 taveritis
2023 3632 2220 3688 Filium
2257 3630 2514 3697 hominis,
2548 3640 2677 3684 tunc
2700 3630 3010 3700 aguoscetis
3038 3633 3179 3700 quod
3205 3648 3307 3702 ego

1737 3753 1902 3793 sum:
1942 3756 1961 3790 ι
1991 3736 2168 3793 nullus
2222 3744 2400 3790 autem
2439 3750 2561 3790 eum
2614 3734 2839 3800 exaltat,
2883 3733 2973 3802 qui
3011 3733 3149 3789 lacte
3203 3734 3307 3788 ali-

1742 3851 1828 3896 tur
1858 3855 2179 3911 praeparans
2214 3839 2453 3908 seipsum
2485 3837 2553 3892 ad
2599 3839 2994 3903 susceptionem
3027 3838 3133 3892 cibi
3174 3824 3304 3893 soli-

1739 3933 1791 3987 di
1833 3933 1917 3997 ";
1945 3931 2298 4001 quamobrem
2335 3930 2427 3985 tali
2463 3930 2594 3985 dicit
2622 3930 2684 3983 ιε
2724 3927 3018 3984 «Iudicavi
3057 3943 3142 3984 me
3172 3930 3309 3984 nihil

1738 4023 1881 4078 scire
1910 4023 2051 4076 inter
2080 4036 2199 4084 vos,
2237 4020 2338 4074 nisi
2371 4018 2556 4073 Jesum
2580 4019 2880 4085 Christum,
2921 4032 2975 4075 et
3010 4022 3152 4075 hunc
3178 4036 3306 4075 cru-

1739 4116 1956 4170 ciﬁxum
1996 4132 2012 4180 ;
2050 4132 2071 4166 ι
2111 4129 2275 4184 penes
2316 4128 2478 4182 quem
2529 4113 2692 4168 etia-m
2735 4111 3006 4167 sermonis
3057 4111 3309 4167 minister

1742 4208 1794 4262 in
1846 4206 2162 4264 inﬁrmitate
2193 4217 2460 4272 versatur,
2502 4216 2562 4259 ut
2587 4206 2763 4275 inquit
2785 4205 2986 4260 Paulus
3021 4203 3213 4259 talibus
3235 4205 3262 4236 ²
3288 4221 3309 4259 :

1671 4304 1713 4361 D
1748 4321 1766 4354 ι
1800 4302 1866 4357 Ει
1893 4318 1992 4371 ego
2021 4300 2075 4355 in
2110 4302 2450 4372 inﬁrmitate,
2475 4312 2530 4357 et
2573 4303 2626 4356 in
2659 4303 2876 4364 timore,
2902 4310 2957 4353 et
2986 4301 3039 4354 in
3073 4310 3311 4357 tremore

1740 4396 1914 4452 multo
1952 4405 2203 4451 versatus
2232 4409 2349 4450 sum
2378 4396 2518 4465 apud
2550 4410 2663 4450 vos.
2714 4412 2734 4447 ι
2778 4391 2958 4462 lnquit
3008 4393 3174 4462 igitur
3218 4395 3307 4449 ille

1742 4489 1835 4544 Dei
1891 4488 2085 4543 Sermo
2109 4530 2126 4555 ,
2164 4486 2252 4542 ille
2286 4487 2377 4541 Dei
2429 4486 2599 4542 Filius
2623 4527 2639 4552 ,
2686 4500 2905 4540 rursum
2942 4485 3136 4539 docere
3174 4485 3310 4538 inci-
3372 4494 3377 4501 '

1740 4581 1897 4650 piens
1929 4579 1981 4634 in
2012 4577 2399 4649 gazophylacio
2440 4577 2491 4631 in
2532 4576 2777 4645 templo:
2820 4593 2839 4626 ι
2881 4575 2991 4646 Ego
3034 4577 3196 4639 vado,
3253 4584 3308 4629 et

1735 4673 1995 4741 quaeretis
2043 4687 2149 4739 me,
2183 4681 2239 4725 et
2270 4671 2320 4724 in
2364 4680 2588 4739 peccato
2638 4679 2823 4722 vestro
2852 4668 3158 4722 moriemini
3200 4666 3241 4721 ⁸.
3282 4685 3304 4718 ν

1743 4764 1937 4832 Quer
1972 4776 2193 4834 propter
2249 4765 2353 4819 hoc
2403 4763 2626 4827 dictum,
2660 4779 2679 4811 ι
2722 4760 2846 4816 Ηωο
2892 4775 2958 4815 eo
3005 4760 3299 4829 loquente.

1744 4857 1893 4910 multi
1929 4857 2278 4910 crediderunt
2325 4854 2378 4908 in
2425 4868 2588 4919 eum,
2642 4870 2661 4903 ι
2711 4851 2952 4919 nunquid
3002 4851 3068 4905 ad
3118 4866 3310 4909 omnes

1742 4956 2031 5018 praesentes
2077 4946 2274 5002 dixerit
2306 4964 2319 5001 :
2353 4965 2371 4997 ι
2407 4945 2518 5016 Ego
2549 4944 2710 5010 vado,
2736 4953 2788 4998 et
2830 4942 3087 5012 querelis
3109 4958 3218 5006 me,
3250 4950 3308 4997 et

1742 5040 1796 5094 in
1844 5052 2069 5110 peccato
2094 5049 2280 5094 vestro
2316 5036 2659 5101 moriemini;
2690 5054 2709 5088 ι
2754 5051 2820 5089 an
2870 5035 3052 5105 potius
3087 5035 3152 5088 ad
3209 5048 3309 5088 eos

1741 5145 1897 5202 quos,
1945 5129 2073 5198 quia
2109 5142 2213 5182 non
2260 5128 2660 5194 credidissent,
2694 5133 2919 5181 noverat
2971 5126 3026 5179 in
3082 5132 3309 5195 peccato

1745 5235 1845 5276 suo
1876 5220 2207 5283 morituros,
2261 5236 2367 5274 non
2398 5220 2646 5275 valentes
2693 5232 2834 5287 pone
2878 5217 3054 5286 ipsum
3104 5215 3302 5285 sequi;

1753 5311 1802 5343 “
1834 5311 1963 5366 inid.
1990 5310 2081 5376 58,
2127 5308 2215 5364 59.
2291 5309 2339 5342 ”
2369 5307 2525 5364 Joan.
2554 5322 2632 5375 Ix,
2661 5307 2715 5360 i.
2805 5307 2853 5341 ”
2878 5304 3036 5359 Joan.
3067 5316 3191 5371 Vm,
3213 5303 3305 5360 30.

104 5388 139 5419 ’τ
170 5377 295 5448 ibid.
320 5377 529 5460 51,32.
569 5377 581 5388 '
624 5377 670 5426 οε
708 5393 840 5446 ihid.
867 5390 957 5443 es.
1034 5390 1081 5427 η
1109 5377 1272 5441 Hebr.
1299 5398 1355 5443 ν,
1392 5382 1594 5440 12.14.

1810 5397 1892 5436 or.
1927 5396 1987 5444 ιι,
2022 5381 2077 5437 2.
2154 5382 2174 5411 ³
2209 5379 2340 5435 ibid.
2365 5381 2419 5435 ὅ.
2498 5377 2697 5434 ’Joau.
2730 5391 2847 5440 vm,
2891 5377 2985 5433 21.

161 5488 265 5556 (56)
291 5490 469 5547 Codex
506 5488 852 5553 Bodieianus,
884 5486 1049 5557 ἐτερα
1079 5482 1323 5548 πλείονα,
1361 5480 1414 5534 in
1462 5479 1630 5550 Regio

1825 5477 2092 5557 γίνονταις
2122 5476 2341 5557 Regius,
2370 5475 2465 5529 ita).
2501 5473 2551 5527 εί
2596 5473 2672 5545 μὴ
2723 5470 2953 5542 ἀλήθεια
3007 5467 3308 5541 ἐλευθεροῖ,

103 5556 234 5611 deest
259 5560 433 5632 ἕτερα.
984 5556 987 5557 ⁷
1527 5620 1538 5630 υ

126 5628 263 5705 ,(37)
292 5630 465 5705 Codex
490 5628 845 5705 Bodleianusl,
883 5624 1048 5679 οἱονεὶ
1089 5621 1353 5693 πένητεςο
1409 5619 1633 5690 Regius,

95 5700 261 5770 οἱονᾲοὶ
287 5700 526 5770 πένητες.
672 5769 675 5770 ν
818 5701 828 5709 ”

166 5766 271 5829 (58)
297 5758 847 5834 ΩοιίὶιίΒοιιιείειιιιιδ,
879 5766 972 5822 καὶ
1004 5765 1072 5836 τῇ
1101 5759 1329 5832 ἀληθείᾳ
1361 5758 1636 5831 ἐλεύθεροι

1739 5548 2011 5620 ἐλεύθεροι
2040 5547 2100 5602 οὐ
2133 5547 2388 5620 γίνονται.

1811 5610 2156 5685 (59›’(]οιίιεχ“
2187 5617 2508 5673 Bodleianus
2544 5612 2798 5685 ἀλήθε.αν
2821 5627 2835 5642 ·
2894 5610 3096 5680 Regius
3155 5626 3309 5677 vero,

1742 5689 2071 5761 ἐλευθερίαν.
