3688 6146
343 271 440 327 547

1743 270 2067 330 ORIGENIS

3485 273 3601 329 518

345 405 450 443 non
481 384 724 444 valentes
773 397 951 444 autem
1001 404 1066 446 eo
1096 391 1244 461 quod
1273 391 1518 461 nollent;
1565 408 1700 450 nn
1725 396 1780 450 si

2143 412 2230 450 αι·
2269 396 2316 448 εἰ
2344 394 2453 468 γάρ
2487 395 2799 466 βουλόμενοι
2827 393 2927 447 οὐκ
2961 393 3234 459 ἐδύναντο,
3261 391 3362 446 οὐκ
3388 390 3460 446 ἀν
3495 393 3599 444 εὑ-

341 477 510 533 leutes
543 494 650 534 non
684 491 958 550 poterant,
985 485 1406 553 haudquaquam
1455 484 1562 539 illis
1611 487 1907 541 rationabi-

338 577 461 630 liter
492 576 818 633 diceretur:
865 596 884 630 ι
933 578 988 633 In
1023 589 1248 648 peccato
1280 589 1463 635 vestro
1512 581 1840 636 moriemini.
1883 599 1904 635 ι

339 671 410 721 Αι
436 683 568 723 vero
607 670 809 740 aliquis
853 681 1042 724 contra
1074 671 1178 726 hoc
1231 671 1475 727 dicturus
1519 682 1649 726 est:
1684 672 1740 726 Si
1792 673 1906 728 haec

340 761 555 815 dicebat
595 776 699 816 non
730 763 1172 831 permanentibus
1200 763 1253 817 in
1290 764 1416 831 ﬁde,
1464 766 1739 834 quomodo
1787 764 1909 818 tali-

339 851 448 906 bus
479 851 612 906 dicit
646 870 659 905 :
690 871 708 904 ι
746 853 1012 919 Ωυιετειίε
1046 855 1176 910 me?
1222 873 1241 906 ι
1283 853 1416 909 Nam
1448 870 1694 922 quaerere
1723 854 1907 910 Jesum

339 959 710 1013 saepenumero
759 955 844 1001 est
872 947 1092 1014 bonum,
1123 948 1268 1017 quod
1301 948 1443 1003 idem
1478 948 1594 1004 fere
1627 951 1720 1014 sit,
1763 949 1905 1018 quod

339 1049 584 1104 quaerere
633 1037 952 1092 Sermonem
979 1079 994 1102 ,
1027 1048 1081 1094 et
1110 1040 1421 1105 veritatem,
1455 1049 1511 1095 et
1559 1041 1906 1110 sapientiam.

343 1131 449 1186 Sed
500 1133 854 1202 respondebis
904 1135 1006 1190 hoc
1051 1136 1299 1202 verbum,
1349 1150 1618 1206 quaerere,
1647 1135 1754 1190 dici
1809 1134 1910 1188 ali-

341 1223 562 1292 quando
590 1223 656 1278 de
687 1225 771 1278 his
796 1224 888 1293 qui
921 1225 1146 1280 insidias
1167 1235 1416 1292 struunt,
1450 1226 1906 1296 quemadmodum

343 1316 396 1368 in
428 1315 519 1369 illo
545 1315 732 1372 dicto:
768 1334 786 1366 ι
823 1316 1152 1383 Quaerebam
1179 1333 1302 1372 eum
1335 1317 1699 1386 prehendere,
1730 1325 1785 1372 et
1812 1332 1908 1371 ne-

345 1422 434 1460 mo
467 1406 520 1460 in
554 1422 678 1461 eum
721 1406 906 1476 injecit
949 1423 1141 1463 manus
1168 1449 1186 1478 ,
1220 1409 1362 1478 quod
1392 1409 1631 1463 nondum
1671 1409 1909 1462 venisset

351 1497 481 1550 hora
512 1497 630 1564 ejus
661 1497 716 1565 ις
759 1517 779 1551 ι
819 1507 875 1554 et
911 1500 962 1553 in
997 1501 1097 1555 hoc
1129 1518 1144 1555 :
1173 1520 1191 1552 ι
1230 1501 1364 1555 Novi
1390 1515 1488 1554 vos
1519 1501 1792 1554 Abraham
1822 1513 1908 1553 se-

343 1602 464 1642 men
499 1604 638 1657 esse,
673 1593 768 1646 sed
803 1592 1050 1660 quaeritis
1088 1608 1171 1648 me
1195 1591 1520 1657 interﬁcere,
1553 1592 1908 1662 quod'sermo

343 1693 492 1735 meus
539 1697 646 1737 non
696 1683 844 1752 capit
893 1683 947 1738 in
1007 1685 1248 1751 vobis“;
1301 1702 1320 1737 ι
1359 1692 1413 1738 ει
1467 1685 1519 1738 in
1565 1685 1711 1739 hoc:
1743 1681 1906 1754 294

345 1788 363 1819 ι
399 1769 550 1824 Nunc
582 1779 762 1826 autem
799 1774 1042 1843 quaeritis
1097 1789 1182 1829 me
1231 1773 1560 1840 interﬁcere,
1605 1775 1899 1838 hominem,

340 1859 432 1927 qui
477 1860 689 1916 locutus
734 1878 856 1917 sum
905 1866 1196 1919 veritatem
1241 1865 1414 1931 vobis,
1452 1881 1614 1935 quam
1649 1865 1835 1920 audivi
1873 1881 1903 1920 a

341 1948 500 2006 Patre
532 1943 574 2006 δ.
628 1971 648 2006 ›
685 1953 857 2020 Quam
897 1955 1063 2008 etiam
1119 1955 1187 2009 ob
1242 1969 1464 2010 causam
1521 1957 1721 2011 dicitur
1771 1957 1903 2014 illud

325 2039 463 2096 eum
502 2058 610 2100 non
643 2046 781 2102 bene
813 2047 1203 2114 quaerentibus,
1274 2065 1295 2098 ι
1333 2047 1397 2102 Ει
1435 2049 1689 2118 quaeretis
1722 2064 1831 2114 me,
1879 2067 1898 2102 ι

340 2145 484 2213 quod
514 2141 850 2199 contrarium
903 2155 1009 2196 non
1041 2150 1126 2196 est
1173 2141 1222 2195 ei
1254 2141 1445 2196 dicto:
1493 2161 1512 2193 ι
1559 2142 1753 2198 Omnis
1808 2143 1902 2213 qui

340 2238 553 2306 quaerit,
603 2234 814 2290 invenit
851 2233 896 2287 '.
954 2251 975 2286 ι
1006 2233 1085 2288 Ac
1136 2243 1284 2289 certe
1321 2233 1643 2290 dill'erentia:
1691 2251 1905 2306 semper

341 2340 468 2384 sunt
496 2327 854 2398 quaerentium
898 2324 1080 2381 Jesum
1109 2369 1123 2394 ,
1159 2343 1279 2382 cum
1319 2342 1510 2383 omnes
1536 2344 1640 2383 non
1670 2329 1900 2397 sincere,

1936 1734 1980 1792 Β

339 2429 396 2474 et
425 2433 522 2489 pro
552 2434 648 2474 sua
693 2419 929 2486 ipsorum
986 2417 1181 2482 salute,
1231 2425 1372 2472 etut
1419 2417 1489 2471 ab
1531 2431 1598 2471 eo
1624 2417 1903 2487 juventur,

338 2518 584 2581 quaerant
617 2523 762 2566 eum.
797 2508 938 2564 Sunt
992 2509 1138 2562 enim
1188 2509 1351 2577 aliqui
1400 2511 1703 2566 innumeris
1745 2527 1904 2582 argu-

340 2601 561 2667 mentis,
617 2614 737 2668 quze
789 2599 859 2655 ab
907 2601 1135 2654 honesto
1190 2600 1545 2667 deﬂexerunt,
1603 2613 1903 2670 quaerentes

336 2688 520 2744 Jesum
554 2705 570 2742 :
601 2691 958 2757 quamobrem
1004 2689 1103 2744 soli
1145 2697 1291 2744 recte
1321 2699 1631 2758 quaerentes
1657 2707 1779 2748 eum
1809 2709 1904 2764 pa-

326 2774 454 2835 cem
499 2779 861 2845 invenerunt;
895 2780 987 2848 qui
1018 2781 1181 2835 etiam
1207 2783 1426 2852 proprie
1456 2783 1707 2839 dicentur
1728 2785 1899 2856 ipsum

336 2885 582 2944 quaerere
607 2873 659 2926 in
686 2872 954 2942 principio
997 2872 1351 2927 exsistentem
1399 2871 1741 2942 Sermonem,
1773 2877 1904 2932 Ser-

338 2944 552 3019 monem
597 2965 739 3034 apud
771 2964 960 3027 Deum,
1005 2971 1064 3017 ut
1100 2964 1241 3032 ipsos
1273 2963 1508 3020 adducat
1549 2967 1615 3021 ad
1661 2965 1898 3023 Patrem.

337 3057 610 3112 Assistens
656 3065 832 3111 autem
862 3055 952 3110 ille
1001 3055 1192 3124 Λόγος,
1223 3054 1301 3126 [id
1330 3065 1438 3124 est,
1470 3057 1607 3112 ratio
1637 3068 1690 3113 et
1733 3058 1903 3116 Filius
1928 3078 1970 3136 ο

342 3146 486 3219 Dei,]
540 3155 594 3204 et
627 3147 878 3202 notiones
923 3161 1238 3217 suggerens,
1289 3146 1388 3201 nisi
1421 3147 1687 3204 admissus
1716 3148 1901 3220 fuerit,

337 3239 578 3293 minatur
629 3253 689 3294 se
725 3239 999 3293 abiturum
1026 3274 1044 3302 ,
1097 3249 1152 3292 et
1202 3239 1378 3297 dicit:
1414 3258 1434 3290 ‹
1472 3239 1585 3310 Ego
1636 3242 1816 3308 vado;
1876 3262 1897 3296 ι

335 3345 459 3384 eum
497 3329 652 3384 nobis
691 3337 902 3399 postea,
935 3330 980 3384 si
1028 3332 1322 3384 abeuntem
1361 3330 1757 3400 quaesierimus,
1795 3348 1902 3390 non

337 3421 657 3487 inventuris,
694 3422 788 3478 sed
817 3422 872 3476 in
920 3433 1149 3492 peccato
1203 3430 1390 3478 nostro
1418 3424 1718 3480 morituris.
1746 3426 1904 3482 Novit

337 3520 514 3565 autem
546 3524 576 3563 a
603 3525 710 3580 quo
745 3511 994 3578 discedit,
1048 3522 1104 3566 et
1133 3512 1274 3579 apud
1324 3528 1484 3583 quem
1517 3525 1719 3583 manet,
1766 3531 1900 3572 non-

336 3601 460 3654 dum
491 3601 768 3665 inventus,
798 3611 858 3654 ut
886 3600 939 3654 in
980 3610 1224 3669 tempore
1255 3603 1516 3671 quaesitus
1546 3604 1857 3661 inveniatur
1882 3625 1900 3662 :

335 3693 529 3763 quibus
546 3692 788 3762 profecto
805 3693 907 3750 isto
926 3694 1084 3749 modo
1101 3694 1426 3752 habentibus
1445 3711 1590 3768 eum,
1610 3713 1708 3755 nec
1725 3701 1901 3757 adhuc

337 3784 486 3839 illum
532 3786 838 3841 videntibus
891 3786 1087 3840 dicitur
1136 3786 1317 3842 illud:
1374 3807 1394 3840 ι
1454 3787 1533 3843 Ne
1582 3791 1788 3847 dixeris
1841 3794 1897 3848 in

335 3880 498 3933 corde
529 3890 619 3931 tuo
651 3895 666 3932 :
707 3877 842 3944 Quis
869 3879 1130 3933 ascendet
1155 3880 1208 3933 in
1238 3880 1475 3936 coelum?
1504 3882 1608 3938 hoc
1636 3893 1720 3939 est
1745 3883 1900 3940 Chri-

335 3979 477 4024 stum
515 3971 782 4026 deducere
811 3986 826 4035 ;
856 3970 978 4023 vel:
1016 3969 1147 4036 Quis
1181 3970 1473 4027 descendet
1516 3973 1569 4027 in
1601 3975 1900 4045 abyssum?

336 4061 440 4114 hoc
488 4071 573 4115 est
622 4062 900 4116 Christum
945 4076 1009 4116 ex
1044 4063 1271 4117 mortuis
1301 4065 1585 4120 reducere.
1636 4066 1741 4121 Sed
1770 4068 1900 4137 quid

335 4153 469 4206 dicit
495 4152 777 4220 Scriptura
806 4152 830 4205 ?
871 4151 1175 4207 Admodum
1201 4168 1365 4224 prope
1391 4162 1442 4210 te
1479 4165 1563 4210 est
1588 4157 1810 4211 verbum
1844 4159 1896 4210 in

333 4259 430 4298 ore
465 4253 579 4309 tuo,
613 4253 668 4298 et
705 4245 758 4298 in
798 4246 960 4299 corde
998 4254 1090 4298 tuo
1116 4244 1157 4298 ⁸.
1195 4262 1215 4297 ι
1243 4243 1476 4300 Proinde
1507 4245 1591 4301 his
1629 4246 1792 4302 etiam
1815 4247 1901 4303 be-

336 4335 501 4404 nigne
529 4333 789 4388 Servator
816 4335 1054 4389 ostendit
1077 4349 1199 4404 quae
1231 4335 1297 4388 ad
1339 4349 1563 4404 regnum
1597 4336 1690 4392 Dei
1732 4337 1898 4407 perti-

334 4435 482 4490 nent,
502 4440 569 4479 ne
601 4433 846 4494 quaerant
868 4426 997 4480 illud
1027 4435 1182 4481 extra
1212 4427 1440 4497 seipsos,
1467 4442 1641 4498 neque
1672 4429 1888 4484 dicant:
1923 4418 1968 4473 Ῑ)

339 4534 357 4566 ι
412 4517 548 4570 Ecce
595 4519 702 4584 hic,
750 4519 836 4572 vel
881 4533 1010 4574 ecce
1058 4518 1256 4584 illic’;
1305 4539 1324 4572 ι
1362 4521 1538 4591 inquit
1569 4522 1714 4576 enim
1762 4523 1888 4580 eis:

338 4627 358 4660 ι
398 4607 639 4679 Regnum
671 4609 766 4664 Dei
802 4611 942 4664 intra
967 4623 1065 4664 vos
1090 4620 1174 4666 est
1205 4627 1220 4667 :
1248 4630 1267 4664 ι
1301 4622 1358 4666 et
1389 4613 1629 4680 quandiu
1669 4612 1890 4681 quidem

332 4713 612 4754 servamus
634 4700 830 4755 animae
865 4709 1066 4756 nostrae
1095 4701 1347 4772 gingenita
1381 4703 1624 4758 veritatis
1653 4703 1889 4767 semina,

331 4792 557 4860 ejusque
612 4792 910 4863 principia,
947 4808 1220 4862 nunquam
1253 4808 1285 4848 a
1337 4793 1492 4847 nobis
1540 4793 1772 4848 discedit
1803 4792 1892 4849 ille

330 4882 522 4950 Λόγος,
558 4881 636 4952 [id
669 4891 773 4948 est,
817 4883 954 4937 ratio
982 4893 1036 4938 et
1061 4883 1230 4937 Filius
1274 4881 1419 4953 Dei.]
1469 4882 1619 4949 Quod
1653 4882 1697 4938 si
1739 4884 1893 4936 mali-

331 4974 419 5027 tia;
465 4973 819 5030 dissolutione
845 4976 1085 5046 corrupti
1136 4975 1422 5040 fuerimus,
1482 4985 1608 5030 tunc
1637 4974 1790 5030 nobis
1817 4976 1893 5031 di-

330 5075 522 5118 cturus
551 5072 677 5122 est:
710 5083 729 5116 ι
759 5062 945 5134 Vado;
986 5085 1006 5119 ι
1047 5083 1151 5122 non
1184 5067 1484 5122 inventuris
1512 5067 1682 5132 illum,
1703 5068 1891 5123 etiam-

325 5157 376 5212 si
407 5171 711 5226 qumramus
741 5159 994 5227 maxime,
1028 5160 1123 5214 sed
1165 5160 1219 5214 in
1249 5168 1471 5229 peccato
1512 5169 1702 5215 nostro
1727 5161 1890 5214 mori-

330 5249 491 5314 tur-is,
539 5248 893 5318 deprehensis
927 5250 979 5305 in
1030 5265 1119 5318 eo,
1148 5261 1205 5306 et
1236 5252 1530 5322 assumptis
1579 5253 1646 5306 ah
1681 5253 1765 5308 his
1793 5253 1884 5323 qui

327 5341 560 5394 ordinati
613 5349 738 5394 sunt
786 5348 844 5394 ut
899 5354 1143 5413 repetant
1197 5345 1453 5412 animam,
1503 5343 1654 5412 juxta
1701 5345 1888 5400 dicen-

328 5443 434 5486 tem
469 5430 512 5464 ¹⁶
548 5447 567 5485 :
605 5449 625 5484 ι
656 5431 938 5502 lnsipie‘us,
967 5447 1126 5489 nocte
1149 5437 1250 5490 hac
1273 5435 1508 5489 animam
1540 5435 1637 5490 abs
1660 5444 1712 5488 te
1735 5444 1880 5490 tuam

2009 489 2184 556 λόγως
2234 491 2420 552 αὐτοῖς
2461 489 2686 558 ἐλέγετο
2705 487 2800 540 τό·
2843 506 2866 539 ι
2908 488 3000 541 Ἑν
3030 489 3100 557 τῇ
3131 485 3377 557 ἁμαρτίᾳ
3429 483 3601 555 ὑμῶν

2008 581 2388 637 ἀποθανεῖσθε.
2423 601 2442 636 ι
2490 583 2636 652 Ἐρεῖ
2666 581 2723 633 δέ
2754 599 2837 644 τις
2867 580 3005 650 πρὸς
3032 579 3213 633 τοῦτο·
3239 578 3420 649 Εἴπερ
3467 579 3600 641 τοῖς

2008 675 2304 746 ἐμμένουσι
2339 675 2416 747 τῷ
2449 674 2522 746 μὴ
2554 673 2831 728 πιστεύειν
2869 672 3042 727 ταῦτα
3072 671 3224 740 ἔλεγε
3245 710 3260 736 ,
3294 670 3413 733 πῶς
3473 671 3602 731 τοῖς

2007 763 2268 827 τοιούτοις
2305 765 2438 835 φησὶ
2477 763 2566 816 τό·
2604 782 2623 815 ι
2654 762 2929 834 Ζητήσετέ
2961 779 3062 832 με;
3093 781 3112 813 ›
3147 754 3422 831 Πολλαχοῦ
3474 759 3601 829 γάρ

2007 855 2211 924 ἀγαθὸν
2243 855 2304 908 τὸ
2334 855 2517 926 ζητεῖν
2547 854 2640 909 τὸν
2686 853 2916 926 Ἰησοῦν,
2952 853 3147 907 ταυτόν
3175 869 3290 916 πως
3313 851 3601 922 τυγχάνον

2006 947 2086 1018 τῷ
2112 947 2296 1020 ζητεῖν
2340 948 2531 1017 Λόγον,
2573 947 2668 1001 καὶ
2709 946 2966 1018 ἀλήθειαν
2989 988 3004 1013 ,
3048 946 3142 1000 καὶ
3185 945 3394 1014 σοφίαν.
3441 943 3602 996 ’Δλϊ

2007 1043 2174 1111 ἐρεῖς,
2208 1041 2292 1093 ὅτι
2324 1039 2572 1110 καὶπερὶ
2601 1038 3055 1092 ἐπιϐουλευόντων
3086 1036 3216 1090 ποτὲ
3253 1036 3472 1104 λέγεται
3525 1035 3602 1088 τὸ

2012 1130 2228 1201 ζητεῖν,
2250 1131 2438 1201 ὥσπερ
2463 1131 2520 1183 ὲν
2550 1128 2660 1200 τῷ·
2697 1149 2716 1180 ι
2761 1128 3018 1199 Ἐζήτουν
3042 1129 3205 1182 αὐτὸν
3239 1127 3455 1192 πιάσαι,
3491 1127 3603 1179 καὶ

2007 1221 2181 1284 οὐδεὶς
2212 1220 2508 1274 ἐπέϐαλλεν
2539 1218 2628 1273 ἐπ’
2655 1219 2817 1274 αὑτὸν
2842 1219 2941 1290 τὴν
2970 1222 3147 1290 χεῖρα,
3171 1219 3254 1272 ὅτι
3283 1212 3436 1272 οὔπω
3462 1215 3604 1286 ἐλη-

2006 1314 2154 1368 λύθει
2181 1316 2214 1386 ή
2243 1313 2360 1385 ὥρα
2391 1312 2554 1368 αὐτοῦ
2575 1328 2591 1343 ·
2617 1331 2641 1365 ›
2679 1312 2772 1365 καὶ
2803 1313 2860 1366 ἐν
2883 1310 2982 1382 τῷ·
3018 1329 3038 1362 ι
3061 1306 3212 1375 Οἶδα,
3247 1310 3328 1364 δτι
3357 1309 3605 1379 σπέρμα

2019 1403 2270 1475 ’Λϐραάμ
2321 1406 2465 1468 ἐστε,
2528 1401 2664 1456 ἀλλά
2702 1401 2914 1473 ζητεῖτέ
2945 1418 3011 1470 με
3041 1403 3386 1463 ἀποκτεῖναι,
3423 1400 3512 1453 ὃτι
3567 1400 3602 1449 ὁ

2006 1493 2164 1562 λόγος
2190 1494 2219 1546 ὁ
2245 1492 2376 1564 ἐμὸς
2416 1491 2475 1545 οὐ
2505 1494 2672 1563 χωρεῖ
2696 1493 2754 1544 ὲν
2788 1493 2915 1562 ὑμῖν
2935 1507 2948 1520 ⁸
2974 1509 2993 1543 ι
3031 1491 3125 1544 καὶ
3169 1492 3227 1544 ἐν
3260 1490 3369 1561 τῷ·
3410 1508 3432 1540 ε
3470 1489 3600 1543 Νῦν

2004 1583 2293 1656 δὲιζητεῖτέ
2327 1602 2395 1656 με
2414 1585 2749 1650 ἀποκτεῖναι,
2780 1583 3084 1654 ἄνθρωπον,
3115 1583 3174 1647 ὃς
3194 1583 3292 1654 τὴν
3320 1581 3600 1654 ἀλήθειαν

2007 1677 2136 1746 ὑμῖν
2169 1675 2471 1746 λελάληκα,
2519 1676 2586 1746 ἢν
2626 1677 2832 1746 ἤκουσα
2864 1675 3014 1746 παρὰ
3054 1674 3146 1728 τοῦ
3177 1674 3407 1745 Πατρός.
3437 1693 3458 1725 ι
3494 1673 3600 1726 Διδ

2007 1769 2101 1822 καὶ
2138 1768 2354 1838 λέγεται
2379 1770 2491 1832 τοῖς
2521 1768 2594 1840 μὴ
2633 1767 2813 1832 καλῶς
2849 1766 3070 1839 ζητοῦσι
3099 1766 3158 1819 τὸ
3177 1805 3191 1830 ,
3224 1785 3241 1818 ι
3270 1767 3380 1820 Καὶ
3414 1764 3600 1835 ζητή-

2007 1861 2129 1914 σετέ
2186 1879 2292 1932 με,
2331 1881 2349 1914 ι
2400 1861 2501 1914 οὐκ
2544 1859 2784 1914 ἐναντίον
2822 1858 2926 1930 τῷ·
2982 1877 3001 1910 ι
3035 1859 3150 1922 Πᾶς
3185 1861 3214 1911 ὁ
3263 1857 3446 1929 ζητῶν
3494 1859 3600 1910 εὖ·

2008 1954 2207 2025 ρίσκει.
2243 1971 2262 2004 ι
2301 1952 2413 2006 Καὶ
2446 1953 2532 2006 ἀιὶ
2569 1951 2625 2004 δὲ
2664 1951 2916 2024 διαφοραί
2968 1952 3074 2004 εἰσι
3130 1951 3238 2004 τῶν
3273 1949 3597 2021 ζητούντων

2005 2043 2096 2097 τὸν
2141 2043 2370 2115 Ἰησοῦν,
2404 2043 2464 2095 ού
2495 2041 2710 2095 πάντων
2741 2041 2999 2112 γνησίως,
3024 2040 3119 2094 καὶ
3144 2040 3282 2110 ὑπὲρ
3310 2040 3411 2110 τῆς
3445 2039 3592 2093 ἑαυ-

2003 2135 2113 2190 τῶν
2136 2133 2532 2206 σωτηρίας,καῖ⁹
2551 2133 2643 2187 τοῦ
2670 2131 3013 2203 ὠφεληθῆναι
3045 2133 3139 2185 ἀπ’
3161 2130 3322 2186 αὐτοῦ
3348 2130 3594 2202 ζητούν-

2003 2244 2112 2281 των
2171 2227 2351 2280 αὐτόν.
2402 2227 2525 2279 Elei.
2552 2225 2659 2295 γὰρ
2687 2225 2782 2278 καὶ
2832 2223 2973 2278 κατὰ
3011 2224 3207 2294 μυρίας
3246 2224 3594 2276 (ir-conemur—

2004 2319 2165 2382 κυίας
2205 2319 2298 2372 τοῦ
2335 2317 2499 2372 καλοῦ
2535 2316 2822 2388 προθέσεις
2854 2315 3142 2388 ζητοῦντες
3191 2316 3282 2368 τὸν
3324 2315 3542 2386 Ἰησοῦν
3573 2332 3590 2344 ·

2000 2411 2192 2482 διόπερ
2225 2410 2376 2480 μόνοι
2410 2411 2460 2462 oi.
2493 2407 2669 2479 ὀρθῶς
2709 2406 2995 2478 ζητοῦντες
3029 2407 3189 2461 αὐτὸν
3227 2408 3450 2478 εἰρήνην
3489 2400 3593 2459 εὗ-

2007 2520 2119 2576 ρον·
2135 2503 2183 2555 οἳ
2202 2502 2296 2555 καὶ
2315 2500 2519 2571 κυρίως
2546 2501 2770 2569 λέγοιντ’
2789 2500 2854 2553 ἂν
2871 2499 3032 2553 αὐτὸν
3049 2498 3230 2569 ζητεῖν
3248 2499 3337 2552 τὸν
3351 2501 3408 2552 ὲν
3431 2500 3592 2570 ἀρχῇ

2002 2595 2193 2662 Λόγον,
2226 2593 2359 2664 πρὸς
2386 2593 2475 2646 τὸν
2503 2591 2635 2646 Θεὸν
2682 2591 2873 2659 Λόγον,
2909 2592 3002 2644 καὶ
3047 2591 3133 2644 ἵνα
3165 2591 3361 2654 αὐτοὺς
3402 2607 3594 2662 προσ-

2004 2686 2126 2756 ἀγοι
2165 2686 2242 2756 τῷ
2275 2686 2466 2757 Πατρί.
2513 2685 2711 2757 Παρὼν
2764 2686 2844 2750 δὲ,
2891 2686 2984 2738 καὶ
3024 2682 3511 2754 ὲμῑφανταζόμενος
3559 2685 3593 2735 ὁ

2002 2781 2194 2849 Λόγος,
2230 2778 2367 2833 ἐπὰν
2406 2777 2480 2849 μὴ
2511 2777 2846 2850 παραδεχθῇ,
2875 2775 3092 2830 ἀπειλεῖ
3116 2775 3176 2828 τὸ
3201 2776 3456 2844 ὑπάγειν,
3485 2776 3594 2828 καὶ

2002 2871 2179 2939 λέγει·
2220 2890 2238 2923 ι
2278 2870 2418 2940 Ἐγὼ
2449 2871 2666 2940 ὑπάγω·
2692 2887 2712 2922 ι
2749 2870 2844 2924 καὶ¹
2873 2869 2966 2923 sev
2992 2909 3008 2935 ,
3040 2869 3362 2932 ἀπελθόντος
3386 2885 3457 2937 γε
3482 2869 3596 2923 αὺ-

2002 2961 2116 3026 τοῦ,
2147 2961 2396 3033 ζητῶμεν
2425 2961 2586 3014 αύτὸν
2605 2998 2620 3024 ,
2651 2961 2750 3031 οὐχ
2793 2961 3098 3032 εὑρήσομεν
3142 2959 3321 3024 αὐτὸν,
3364 2959 3486 3014 ἀλλ’
3520 2960 3592 3012 ὲν

2002 3055 2068 3124 τῇ
2093 3053 2337 3125 ἁμαρτίᾳ
2373 3053 2528 3125 ἡμῶν
2575 3051 3012 3124 ἀποθανούμεθα.
3043 3047 3165 3104 Οἵδε
3196 3052 3252 3105 δὲ
3291 3051 3398 3105 ἀπὸ
3431 3052 3592 3115 τίνος

2003 3146 2223 3215 ὑπάγει,
2251 3147 2343 3199 καὶ
2375 3146 2482 3200 τίνι
2515 3145 2842 3216 παραμένει,
2881 3144 3107 3216 μηδέπω
3143 3145 3537 3216 εὑρισκόμενος
3569 3187 3586 3208 ,

2003 3239 2068 3292 ἶν’
2092 3241 2150 3291 ὲν
2183 3238 2359 3310 καιρῷ
2391 3239 2586 3310 εὑρεθῇ
2629 3237 2740 3309 (40)
2769 3236 3043 3308 ζητηθείς·
3071 3239 3165 3290 καὶ
3202 3240 3314 3300 τοῖς
3365 3253 3434 3306 γε
3489 3237 3591 3289 οὕ-

2001 3345 2108 3393 τως
2139 3328 2349 3400 ἔχουσιν
2379 3330 2540 3384 αὑτὸν
2563 3371 2580 3397 ,
2621 3331 2716 3383 καὶ
2753 3328 2826 3400 μή
2858 3327 3255 3400 τεθεωρηκόσιν
3282 3328 3448 3381 αὐτὸν
3490 3327 3587 3380 15'-

1999 3437 2175 3490 γεται·
2208 3440 2227 3473 ι
2267 3421 2358 3492 Μὴ
2388 3420 2549 3494 εἴπῃς
2593 3423 2651 3474 ὲν
2689 3421 2755 3491 τῇ
2788 3420 2984 3491 καρδίᾳ
3025 3436 3146 3472 σου·
3177 3418 3272 3482 Τίς
3303 3418 3588 3488 ἀναϐήσε-

1999 3531 2092 3566 ται
2124 3515 2205 3576 είς
2227 3513 2318 3566 τὸν
2349 3512 2608 3584 οὐρανόν;
2645 3511 2890 3567 τουτέστι
2930 3510 3163 3582 Χριστὸν
3198 3513 3536 3577 καταγαγεῖν
3564 3526 3586 3545 ο

1999 3605 2056 3676 ἢ,
2087 3604 2183 3669 Τίς
2215 3604 2585 3676 καταϐήσεται
2619 3603 2699 3666 είς
2727 3602 2826 3673 τὴν
2855 3600 3087 3658 ἄϐυσσον
3117 3617 3132 3667 ;
3159 3600 3401 3653 τουτέστι
3433 3601 3586 3670 Χρι-

2001 3695 2125 3751 στὸν
2163 3697 2227 3748 ἐκ
2255 3694 2464 3766 νεκρῶν
2492 3695 2820 3762 ἀναγαγεῖν·
2857 3691 2991 3746 ἀλλά
3023 3691 3076 3744 τί
3105 3690 3306 3761 λέγειή
3340 3690 3538 3761 Γραφή
3565 3706 3583 3754 ;

2011 3785 2209 3855 Ἐγγύς
2245 3802 2339 3840 σου
2364 3784 2428 3838 τὸ
2453 3785 2604 3856 ῥῆμα
2639 3783 2843 3853 σφόδρα
2875 3783 2934 3837 ὲν
2961 3781 3038 3853 τῷ
3072 3781 3298 3852 στόματί
3326 3797 3448 3844 σου,
3479 3785 3589 3834 καὶ

1999 3879 2058 3931 ὲν
2088 3879 2155 3948 τῇ
2185 3875 2383 3948 καρδίᾳ
2415 3892 2532 3928 σου.
2573 3893 2594 3926 ι
2625 3875 2847 3938 Τούτοις
2883 3873 2943 3926 δὲ
2972 3871 3366 3945 φιλανθρώπως
3391 3875 3424 3926 ὁ
3458 3873 3589 3925 Σω-

1997 3967 2098 4040 τὴρ
2130 3967 2470 4023 ὑποδείκνυσι
2503 3967 2598 4020 καὶ
2624 3966 2693 4021 τά
2714 3967 2842 4037 περὶ
2866 3966 2964 4039 τῆς
2995 3965 3092 4018 τοῦ
3120 3963 3253 4017 Θεοῦ
3271 3963 3582 4034 βασιλείας,

1997 4063 2086 4117 ἴνα
2126 4063 2200 4134 μὴ
2251 4062 2487 4132 ζητῶσιν
2521 4061 2687 4134 αὐτὴν
2721 4060 2828 4125 ἔξω
2859 4059 3098 4125 ἑαυτῶν,
3138 4059 3270 4130 μηδὲ
3297 4057 3531 4126 λέγωσιν
3557 4074 3577 4087 ·

2003 4175 2022 4207 ι
2064 4157 2192 4210 Ἰδοὺ
2217 4148 2341 4220 ὧδε,
2363 4155 2395 4225 ἢ
2418 4154 2526 4208 ίδοὺ
2553 4155 2688 4207 ἐκεῖ·
2710 4171 2730 4204 ι
2769 4153 2902 4223 φησι
2929 4151 3037 4223 γὰρ
3062 4152 3269 4214 αὐτοῖς·
3308 4169 3327 4202 ι
3369 4151 3434 4202 Ἡ
3471 4149 3580 4220 βα-

2001 4246 2175 4302 σιλεία
2203 4245 2297 4300 τοῦ
2335 4245 2475 4298 Θεοῦ
2505 4245 2659 4309 ὲντὺς
2683 4245 2836 4316 ὑμῶν
2865 4246 2981 4298 ἐστι
2999 4261 3012 4274 ·
3041 4262 3061 4295 ι
3092 4245 3185 4297 καὶ
3216 4243 3338 4296 ὅσον
3364 4259 3430 4309 γε
3466 4240 3585 4294 σώ-

1999 4337 2163 4409 ζομεν
2200 4336 2272 4390 τά
2325 4335 2662 4407 ὶνσπαρέντα
2696 4335 2854 4407 ἡμῶν
2902 4337 2968 4406 τῇ
2999 4334 3143 4404 ψυχῇ
3177 4332 3276 4403 τῆς
3306 4331 3581 4401 ἀληθείας

1999 4430 2305 4502 σπέρματα,
2335 4429 2428 4481 καὶ
2457 4429 2558 4491 τὰς
2582 4427 2756 4499 ἀρχὰς
2781 4427 2970 4497 αὐτῆς,
2996 4425 3205 4479 οὐδέπω
3230 4423 3581 4495 ἀπελήλυθεν

1997 4525 2092 4595 ἀφ’
2115 4523 2271 4596 ήμῶν
2299 4526 2328 4578 ὁ
2359 4523 2558 4590 Λόγος·
2611 4521 2708 4574 ὲάν
2743 4520 2799 4574 δὲ
2845 4519 2952 4575 ἀπὸ
2983 4519 3084 4589 τῆς
3130 4519 3270 4572 κατά
3316 4517 3413 4588 τὴν
3467 4535 3579 4570 κα-

1996 4617 2120 4672 κίαν
2145 4616 2352 4688 χύσεως
2370 4613 2776 4687 διαφθαρῶμεν,
2812 4612 2933 4666 τότε
2980 4613 3110 4682 ήμῖν
3155 4613 3306 4682 ὲρεῖ,
3353 4630 3370 4661 ι
3393 4610 3576 4664 Ὑπά-

1995 4725 2076 4777 γω
2103 4748 2118 4772 ,
2159 4725 2178 4759 ι
2221 4707 2338 4771 ἵνα,
2395 4703 2497 4758 κᾶν
2532 4689 2782 4774 ζητῶμεν
2836 4701 3022 4765 αὐτὸν,
3062 4701 3162 4772 οὐχ
3203 4701 3525 4772 εὑρήσωμεν
3553 4741 3572 4762 ,

1995 4801 2110 4855 ἀλλ’
2153 4802 2210 4853 ἐν
2254 4800 2321 4869 τῇ
2368 4796 2612 4868 ἁμαρτίᾳ
2673 4793 2832 4866 ήμῶν
2883 4792 3298 4864 ἀποθανούμεθα
3319 4831 3335 4857 ,
3390 4808 3574 4846 κατα-

1995 4890 2394 4964 λαμϐανόμενοι
2448 4891 2506 4942 έν
2549 4887 2685 4958 αύτῇ
2707 4926 2722 4952 ,
2757 4886 2853 4939 καὶ
2883 4884 3433 4957 παραλαμϐανόμενοι
3460 4884 3575 4938 ὑπὸ

1995 4982 2196 5053 ταύτης
2243 4980 2348 5033 ὑπὸ
2390 4978 2500 5033 τῶν
2540 4976 2886 5048 τεταγμένων
2919 4977 3010 5030 ἐπὶ
3046 4974 3125 5046 τῷ
3178 4976 3428 5029 ἀπαιτεῖν
3464 4973 3572 5045 τὴν

1993 5073 2204 5146 ψυχὴν,
2273 5067 2414 5126 κατά
2462 5071 2553 5124 τὸν
2609 5069 2865 5124 εἰπόντα·
2919 5087 2939 5120 ι
2971 5070 3178 5139 ’Λφρον
3204 5105 3219 5130 ,
3274 5066 3449 5140 ταύτῃ
3494 5071 3569 5139 τῇ

1996 5165 2150 5218 νυκτὶ
2185 5163 2474 5217 ἀπαιτοῦσι
2501 5161 2598 5233 τὴν
2630 5160 2806 5233 ψυχήν
2837 5178 2928 5214 σου
2975 5160 3084 5214 ἀπὸ
3115 5158 3232 5212 σοῦ.
3273 5176 3291 5210 ι
3324 5158 3402 5214 Ού
3453 5161 3566 5232 χρὴ

1993 5254 2052 5307 δὲ
2109 5252 2395 5324 παρελθεῖν
2445 5251 2797 5317 ἀνεξέταστον
2828 5249 2948 5302 οὐδὲ
3003 5248 3098 5302 ιιιαὶ⁵
3143 5248 3240 5300 τό·
3291 5265 3311 5299 ι
3357 5247 3447 5300 Ἐν
3492 5250 3566 5317 τῇ

1995 5347 2240 5419 ἁμαρτίᾳ
2294 5347 2446 5418 ὑμῶν
2495 5341 2851 5399 ἀποθανεῖσθε
2871 5360 2884 5373 ·
2923 5363 2944 5396 ι
3001 5343 3050 5395 εί
3104 5341 3204 5412 μὲν
3257 5341 3569 5412 κοινότερον

1994 5439 2350 5512 λαμϐάνεται,
2381 5437 2572 5508 δῆλον,
2603 5438 2685 5490 ὅτι
2710 5439 2758 5490 οἱ
2784 5434 3096 5508 ἁμαρτωλοὶ
3125 5435 3286 5504 ὲντῇ
3319 5432 3572 5505 ἁμαρτίᾳ

429 5542 453 5575 ’⁵
484 5541 640 5622 {nam
679 5560 776 5612 vn,
823 5547 916 5622 59.
1008 5549 1028 5579 ⁵
1063 5545 1219 5603 Joan.
1259 5564 1375 5616 vm,
1422 5549 1509 5603 57.
1604 5550 1624 5579 ⁶
1648 5547 1802 5604 Joan.
1830 5553 2051 5622 “11,40.
2127 5555 2146 5584 "
2183 5552 2371 5609 Matth.
2407 5566 2504 5619 vn,
2533 5550 2587 5607 8.
2666 5551 2688 5581 ⁸
2720 5550 2874 5608 Rom.
2908 5567 2960 5619 κ,
2998 5549 3051 5618 6,
3078 5547 3132 5605 8.
3213 5550 3235 5582 ’
3260 5547 3388 5604 Luc.
3423 5561 3565 5612 xm,

325 5608 412 5664 2|.
487 5613 531 5645 “
563 5613 694 5670 Luc.
732 5608 827 5681 xit,
856 5618 944 5673 20.

399 5706 508 5775 μυ)
538 5709 785 5777 Εὐρεθῇ.
821 5711 976 5769 Deest
1005 5711 1056 5766 in
1101 5711 1287 5770 codice
1311 5713 1498 5784 Regio,
1534 5724 1589 5771 at
1614 5713 1808 5786 legitur
1837 5714 1850 5769 i

764 5709 785 5763 “.
821 5711 976 5769 Deest
1005 5711 1056 5766 in
1101 5711 1287 5770 codice
1311 5713 1498 5784 Regio,
1534 5724 1589 5771 at
1614 5713 1808 5786 legitur
1837 5714 1890 5770 in
1913 5713 2220 5772 Bodleiano.
