3688 6146
161 303 263 361 549

1192 305 1548 362 COMMENT.
1585 304 1652 359 IN
1684 303 1877 360 JOAN.
1913 302 2152 360 TOMUS
2179 303 2315 359 XIX.

3295 312 3395 369 550

155 419 336 477 αὐτῶν
359 417 776 486 ἀποθανοῦνται,
814 422 865 474 οἱ
896 421 951 476 δέ
980 421 1175 477 δίκαιοι
1204 426 1262 479 ἐν
1295 425 1608 496 δικαιοσύνῃ
1633 443 1646 456 ·
1679 445 1702 479 ε

1884 433 2101 493 epetunt.
2132 443 2153 476 1
2184 425 2288 479 Sed
2318 437 2385 479 ne
2420 424 2524 480 hoc
2555 424 2774 495 quidem
2833 426 3068 496 dictum,
3107 447 3127 482 ι
3159 427 3219 488 In
3272 447 3394 505 pec-

154 513 210 568 δέ
239 513 301 565 τὸ
340 531 359 564 ι
379 511 738 566 ἀποθανεῖσθε
771 532 788 564 1
832 514 974 568 κατὰ
1011 515 1102 568 τὸν
1140 516 1330 587 ἐχθρὸν
1363 518 1457 570 τοῦ
1491 516 1724 588 Χριστοῦ

159 603 384 659 θάνατον
411 603 769 675 λαμϐάνεται,
787 606 861 671 ὼς
885 606 979 661 τοῦ
1005 608 1140 680 πρὸς
1160 607 1388 663 θάνατον
1405 610 1725 682 ἡμαρτηκό-

154 713 242 760 τος
267 695 721 768 ἀποθνήσκοντος,
754 699 933 768 δῆλον,
957 700 1039 753 ὅτι
1066 697 1147 765 οἷς
1167 700 1340 756 ταῦτα
1370 702 1608 771 ἐλέγετο,
1631 705 1724 757 οὐ-

155 786 295 842 δέπω
315 787 922 860 ἀποτεθνήκεισαν.Καὶ
943 791 1194 865 ζητήσεις
1219 795 1333 859 πῶς
1354 796 1726 867 είμὴπιστεύ-
1827 790 2068 852 ΐὶιιποεξ
2123 789 2299 857 Ῑυειοῧ
2353 805 2480 845 vero
2532 790 2586 844 Ῐη
2641 806 2738 845 sua
2788 791 2998 861 jusmia
3046 809 3063 847 ἔ

157 897 363 944 σαντες,
402 881 484 934 ὃτι
532 881 670 946 ἔζων
705 883 987 954 μέλλοντές
1015 904 1144 940 ποτε
1174 887 1560 943 ἀποθανεῖσθαι
1588 888 1719 958 (41)·

153 970 510 1040 ἀπαντήσεται
546 973 603 1026 δέ
635 992 717 1038 τις
750 976 843 1029 καὶ
893 977 1029 1048 πρὸς
1061 979 1218 1032 τοῦτο
1259 980 1454 1049 λέγων.
1481 981 1563 1034 ὅτι
1601 982 1722 1034 κατ’

152 1062 322 1115 ἐκεῖνο
351 1062 542 1135 καιροῦ
574 1064 638 1118 τὸ
673 1067 897 1137 μηδέπω
929 1069 1203 1123 πιστεύειν
1233 1071 1355 1125 ούδέ
1387 1073 1524 1146 πρὸς
1560 1071 1723 1126 θάνα-

151 1171 237 1208 τον
261 1155 565 1227 ἁμάρτημα
589 1153 678 1228 ἦν,
709 1161 804 1212 καὶ
835 1159 969 1231 πρὸς
1001 1160 1094 1224 οὑς
1135 1164 1164 1215 6
1194 1163 1386 1231 Λόγος,
1415 1164 1626 1218 οὐδέπω
1652 1165 1720 1219 τὰ

153 1247 283 1318 πρὸς
315 1247 542 1302 θάνατον
569 1251 1003 1321 ἡμαρτήκεισαν,
1029 1253 1142 1307 ἀλλ’
1174 1254 1310 1319 ἔζων
1342 1257 1439 1326 μὲν
1466 1257 1524 1311 ὲν
1555 1259 1718 1310 ἀσθε-

152 1339 262 1410 νείᾳ
281 1340 379 1410 τῆς
400 1340 577 1412 ψυχῆς
610 1344 794 1407 αὑτοῖς
813 1344 923 1415 (42)
941 1362 953 1376 ο
975 1347 1076 1416 ἡδὲ
1094 1346 1345 1401 ἀσθένεια
1374 1351 1552 1422 ἐκείνη
1582 1353 1719 1423 πρὸς

151 1429 368 1484 θάνατον
383 1427 472 1502 ἦν’
490 1431 577 1485 διὰ
594 1433 748 1486 τοῦτο
761 1435 852 1488 καὶ
867 1437 894 1488 6
914 1436 1227 1509 ia196g(45),
1241 1438 1451 1506 βλέπων
1463 1441 1718 1514 ὀλεθρίως

152 1522 338 1585 αὐτοὺς
387 1523 749 1589 ἀσθενοῦντας
771 1568 785 1590 ,
836 1527 1020 1597 ἔλεγεν
1076 1531 1347 1600 ἀπογνοὺς
1397 1535 1575 1590 αὑτῶν
1616 1536 1716 1608 τὴν

151 1612 458 1683 θεραπείανθ
499 1633 517 1665 ι
555 1615 694 1684 Ἐγὼ
727 1617 941 1686 ὑπάγω,
989 1620 1085 1672 καὶ
1119 1619 1380 1694 ζητήσετέ
1416 1641 1480 1695 με
1502 1663 1516 1688 ,
1536 1626 1631 1680 καὶ
1657 1629 1718 1680 ἐν

148 1706 207 1773 τῇ
239 1704 486 1775 ἁμαρτίᾳ
515 1705 668 1775 ὑμῶν
699 1706 1076 1761 ἀποθανεῖσθε.
1105 1728 1122 1760 1
1152 1709 1392 1782 Εἴπομεν
1413 1712 1523 1781 (44)
1547 1713 1610 1785 δὴ
1630 1714 1711 1766 τόο

1829 525 1951 570 cato
1989 525 2170 571 vestro
2208 515 2538 583 moriemini,
2582 537 2600 568 1
2631 519 2838 588 absque
2880 520 3134 591 indagine
3167 535 3396 596 praeter.

1827 609 2069 663 eundum
2134 616 2280 673 est;
2339 623 2465 662 nam
2527 609 2574 662 si
2637 611 2997 666 communiter
3050 613 3394 684 accipiatur,

1824 701 2178 770 perspicuum
2231 707 2315 752 est
2368 708 2682 769 peccatores
2748 701 2800 753 in
2853 710 3076 769 peccato
3125 719 3228 758 suo
3278 720 3396 759 mo-

3117 794 3201 848 sin
3235 809 3390 858 vero,

1830 901 1850 934 ι
1909 882 2270 946 moriemini,
2334 899 2353 932 1
2404 881 2710 950 accipiatur
2759 881 2827 935 de
2874 892 3086 948 morte,
3142 899 3263 953 qua;
3309 896 3393 940 est

1825 971 2043 1027 inimica
2109 969 2358 1035 Christi,
2432 978 2492 1026 ut
2560 972 2607 1024 is
2671 981 2860 1040 pereat
2929 972 3024 1041 qui
3097 975 3163 1028 ad
3239 990 3390 1029 mor-

1823 1075 1929 1121 tem
1991 1066 2289 1135 peccavit,
2343 1063 2690 1134 perspicuum
2747 1073 2832 1120 est
2881 1066 3117 1120 nondum
3187 1068 3386 1137 periis-

1820 1173 1881 1214 se
1946 1173 2041 1214 eos
2103 1158 2298 1228 quibus
2361 1159 2475 1212 haec
2540 1157 2880 1214 dicebantur.
2937 1157 3162 1224 Quaeres
3222 1159 3388 1213 etiam

1819 1265 2054 1320 quonam
2121 1258 2280 1320 pacto
2355 1249 2446 1318 qui
2529 1263 2636 1302 non
2711 1249 3052 1303 crediderant
3111 1265 3171 1304 se
3243 1251 3390 1306 vive-

1821 1356 1880 1396 re
1951 1341 2007 1396 in
2071 1341 2437 1404 inﬁrmitate,
2507 1339 2758 1393 morituri
2837 1339 2946 1394 sint
3026 1339 3383 1410 aliquando;

1818 1433 1980 1504 295
2012 1433 2306 1502 praesertim
2343 1447 2462 1486 eum
2499 1430 2695 1497 aliquis
2739 1430 2790 1484 in
2841 1431 3030 1484 horum
3067 1432 3385 1488 defensione

1817 1526 1888 1580 sit
1915 1539 2271 1594 responsurus
2306 1523 2736 1578 incredulitatem
2765 1522 2816 1574 in
2851 1521 2942 1576 illo
2974 1531 3218 1591 tempore
3247 1539 3388 1578 non-

1817 1617 1941 1671 dum
1973 1615 2142 1670 fuisse
2186 1624 2472 1684 peccatum
2507 1615 2574 1667 ad
2620 1623 2892 1678 mortem;
2921 1622 2975 1666 et
3013 1613 3217 1670 idcirco
3265 1614 3386 1669 illus

1817 1719 1981 1773 penes
2027 1720 2163 1773 quos
2195 1703 2516 1773 loquebatur
2552 1702 2846 1769 Servatur,
2883 1703 2949 1754 ad
3001 1712 3229 1758 mortem
3274 1718 3383 1759 non

160 1795 301 1848 Ἐπεὶ
333 1797 366 1865 ἡ
411 1795 667 1851 ἀσθένεια
716 1798 898 1868 ἐκείνη
944 1795 1010 1871 ἦν
1047 1801 1232 1865 αὐτοῖς
1279 1776 1427 1874 πρὸς·
1464 1776 1708 1869 θάνατον,

1884 1811 2102 1852 ccasse:
2134 1795 2387 1850 vivebant
2411 1794 2488 1848 illi
2527 1803 2704 1848 tamen
2746 1795 2801 1848 in
2841 1793 3151 1849 inﬁrmitate
3189 1796 3384 1850 auium

148 1885 234 1938 ἆτε
281 1887 544 1956 μαθόντες
587 1889 692 1942 ἀπὸ
735 1890 828 1943 τοῦ
887 1891 1061 1961 Ἰησοῦ
1106 1893 1368 1966 διαφορὰν
1409 1896 1710 1960 ἀσθενείας,

147 1976 352 2044 ἠσθένει
398 1980 459 2032 δὲ
506 1980 598 2034 καὶ
627 1983 655 2032 6
684 1981 948 2054 Λάζαρος,
980 1983 1093 2037 ἀλλ’
1121 1985 1236 2055 ᾔδει
1263 1987 1292 2038 6
1319 1988 1520 2058 ἰατρὸς,
1566 1989 1646 2043 ὅτι
1677 1991 1709 2061 ἡ

146 2069 386 2124 ἀσθένεια
421 2073 588 2125 αὑτοῦ
619 2074 677 2126 οὑ
711 2075 848 2146 πρὸς
889 2075 1117 2131 θάνατον
1161 2073 1250 2150 ἦν·
1293 2081 1480 2153 διόπερ
1513 2084 1706 2153 φησίν·

152 2161 332 2232 ιΔῦτη
379 2165 412 2235 ή
472 2165 723 2219 ἀσθένεια
771 2169 872 2221 οὑκ
915 2168 1031 2222 ἔστι
1086 2171 1221 2242 πρὸς
1267 2171 1512 2227 θάνατον·
1544 2194 1563 2227 1
1611 2175 1712 2230 Διά

147 2252 311 2318 τοῦτο,
347 2255 455 2309 κᾶν
485 2257 1009 2330 ἀντιλαμϐανώμεθα
1041 2262 1152 2316 τῶν
1177 2263 1470 2319 ἀσθενειῶν
1505 2268 1712 2323 ἑαυτῶν

148 2343 527 2410 ἀσθενούντων,
547 2349 901 2419 προσέχωμεν
924 2355 1131 2422 μήποτε
1151 2354 1286 2426 πρὸς
1305 2355 1532 2410 θάνατον
1550 2358 1710 2412 ἀσθε-

148 2437 405 2508 νήσωμεν.
446 2441 851 2512 μεταϐαλούσης
873 2444 973 2514 τῆς
995 2445 1148 2499 νόσου
1181 2448 1290 2500 ἀπὸ
1312 2448 1404 2501 τοῦ
1431 2448 1510 2502 ἑτι
1541 2449 1709 2522 αὑτὴν

148 2522 273 2581 εἶναι
292 2528 551 2584 δύνασθαι
590 2531 701 2603 (45)
744 2534 836 2586 ἐπὶ
868 2535 929 2587 τὸ
953 2535 1188 2589 ἀνίατον.
1210 2538 1357 2608 ’Ἅμα
1376 2539 1432 2591 δὲ
1452 2540 1710 2607 σαφέστε-

151 2621 233 2693 ρόν
257 2634 372 2686 πως
399 2623 557 2677 ἔσται
597 2626 691 2678 καὶ
718 2625 806 2693 τὸ,
847 2645 866 2678 ι
891 2629 1064 2680 Ὅπου
1092 2629 1200 2698 ἐγὼ
1231 2631 1443 2700 ὑπάγω,
1472 2634 1624 2702 ὑμεῖς
1646 2633 1707 2686 οὑ

151 2713 362 2768 δύνασθε
413 2716 610 2782 ἐλθεῖν,
643 2737 660 2769 1
715 2719 1106 2791 ἐπιφερόμενον
1155 2721 1264 2792 τῷ·
1327 2742 1345 2774 ι
1375 2725 1485 2776 Kal.
1538 2727 1595 2778 ἐν
1640 2728 1706 2796 τῇ

151 2807 377 2879 ἁμαρτίᾳ
416 2808 575 2879 ὑμῶν
610 2809 962 2865 ἀποθανεῖσθε
981 2830 1030 2863 ’)
1057 2815 1184 2866 ὅταν
1214 2814 1322 2884 γὰρ
1353 2815 1596 2887 ἀποθάνῃ
1627 2834 1709 2880 τις

151 2897 202 2950 ἐν
229 2901 290 2969 τῇ
322 2899 514 2953 ἐαυτοῦ
560 2902 834 2974 ἁμαρτίᾳ,
887 2904 1018 2957 ὅπου
1062 2905 1258 2972 ὑπάγει
1301 2907 1329 2958 6
1387 2905 1611 2978 Ἰησοῦς,
1648 2909 1707 2961 οὑ

150 2989 353 3044 δύναται
386 2992 674 3046 ἀπελθεῖν·
712 2995 886 3060 οὐδεὶς
929 2995 1038 3067 γὰρ
1065 2998 1257 3069 νεκρὸς
1283 2997 1592 3052 ἀκολουθεῖν
1615 2999 1708 3052 δύ-

151 3097 291 3134 ναται
320 3081 398 3152 τῷ
457 3083 655 3153 Ἰησοῦ·
695 3100 714 3133 ι
779 3087 916 3142 Οὺδὲ
969 3087 1082 3158 γὰρ
1111 3089 1160 3140 οἱ
1202 3088 1384 3159 νεκροὶ
1435 3089 1704 3142 αίνέσουσί

148 3187 223 3238 σε,
254 3173 440 3246 Κύριε,
488 3176 612 3229 οὐδὲ
656 3175 856 3241 πάντες
895 3180 943 3231 οί
988 3178 1405 3244 καταϐαίνοντες
1433 3183 1511 3244 είς
1542 3179 1700 3251 ᾆδουο

150 3264 254 3317 ἀλλ’
283 3267 436 3337 ἡμεῖς
462 3269 517 3320 οἱ
548 3268 748 3334 ζῶντες
779 3270 1142 3341 εύλογήσομεν
1180 3271 1270 3325 τὸν
1301 3271 1554 3342 Κύριον.»
1588 3274 1706 3326 Ἔτι

150 3355 274 3427 πρὸς
293 3356 354 3410 τὸ
372 3397 386 3422 ,
425 3377 444 3410 ι
485 3358 574 3412 Ἐν
600 3363 664 3431 τῇ
698 3361 942 3432 ἁμαρτίᾳ
967 3361 1120 3432 ὑμῶν
1141 3361 1517 3427 ἀποθανεῖσθε,
1547 3383 1566 3416 1
1599 3381 1706 3418 πα-

152 3447 348 3522 ραθήσῃ
379 3449 440 3502 τὸ
469 3450 539 3502 ἐκ
581 3450 676 3503 τοῦ
732 3451 991 3522 Ἰεζεκιὴλ
1033 3451 1204 3516 οὕτως
1247 3452 1394 3523 ἔχον·
1438 3454 1638 3526 «Ψυχὴ
1672 3455 1706 3526 ἡ

147 3541 558 3611 ἁμαρτάνουσα,
612 3541 752 3614 αὕτη
807 3543 1191 3598 ἀποθανεῖται*
1220 3565 1238 3596 1
1319 3545 1544 3610 θάνατος
1598 3545 1708 3616 γὰρ

146 3632 308 3705 tur-'5
354 3635 637 3707 ἁμαρτία·
684 3633 847 3708 ὀἶμαι
897 3637 974 3702 δὲ,
1021 3639 1102 3692 ὅτι
1151 3640 1212 3692 οὑ
1257 3641 1426 3702 πᾶσα,
1480 3639 1594 3692 ἀλλ’
1639 3641 1706 3710 ἥν

147 3743 296 3798 φησιν
335 3730 592 3800 Ἰωάννης
612 3730 746 3802 πρὸς
771 3731 998 3786 θάνατον
1017 3748 1033 3762 ο
1057 3731 1172 3803 ἅμα
1199 3733 1255 3786 δέ
1271 3733 1365 3786 καὶ
1386 3732 1704 3797 διαστέλλει,

147 3819 218 3872 ὅτι
243 3838 322 3885 τις
354 3823 605 3893 ἁμαρτία
631 3822 857 3888 θάνατός
883 3825 995 3877 ἐστι
1016 3824 1215 3895 ψυχῆς,
1240 3825 1332 3878 καί
1353 3841 1438 3888 τις
1465 3825 1709 3896 ἁμαρτία

146 3910 380 3966 ἀσθένεια
411 3914 616 3984 αὐτῆςο
649 3914 788 3984 τάχα
815 3915 872 3968 δὲ
899 3916 992 3969 καὶ
1015 3917 1195 3987 τρίτον
1226 3933 1309 3979 τις
1351 3916 1591 3987 ἁμαρτία
1612 3914 1708 3987 ζη-

147 3999 236 4073 μία
277 4004 454 4076 ψυχῆς
482 4006 651 4070 ἐστιν,
676 4007 918 4078 ἁμαρτία
941 4007 1051 4078 (66)
1081 4007 1318 4078 δηλονότι
1355 4011 1419 4062 ἐκ
1459 4008 1581 4061 τοῦ·
1611 4009 1706 4061 «Τί

145 4096 546 4170 ὠφεληθήσεται
575 4099 879 4171 ἄνθρωπος,
904 4099 998 4152 ἐὰν
1021 4099 1140 4154 ὅλον
1163 4101 1254 4153 τὸν
1281 4099 1482 4172 κόσμον
1511 4102 1708 4173 κερδή-

147 4203 229 4264 σῃ,
258 4190 350 4262 τὴν
381 4192 436 4245 ἃ
468 4191 648 4262 ψυχὴν
680 4190 844 4244 αὑτοῦ
883 4192 1143 4263 ἀπολέσῃ,
1174 4193 1207 4263 ἢ
1239 4192 1523 4264 ζημιωθῇ;
1553 4212 1570 4244 1
1614 4193 1709 4247 καὶ

147 4281 205 4335 ἐκ
229 4282 317 4335 τοῦ
337 4301 350 4315 ο
391 4303 408 4334 ι
427 4286 496 4337 Εῖ
525 4301 669 4347 τινος
694 4283 754 4337 τὸ
783 4283 942 4356 ἔργον
971 4285 1396 4354 κατακαήσεται,
1430 4284 1710 4356 ζημιωθή-

148 4388 307 4428 σεται.
332 4393 352 4426 1
389 4375 514 4438 Τοῖς
550 4375 647 4444 μὲν
682 4370 775 4429 οὖν
802 4377 860 4428 ἐν
887 4377 952 4446 τῇ
982 4373 1224 4446 ἁμαρτίᾳ
1252 4374 1709 4446 ἀποθανουμένοις

149 4465 327 4533 φησίν·
369 4485 388 4517 ι
419 4467 667 4534 Ὑπάγω,
699 4467 792 4520 καὶ
817 4467 1078 4538 ζητήσετέ
1108 4484 1195 4537 με,
1224 4469 1316 4520 καὶ
1355 4469 1414 4522 ἐν
1436 4471 1502 4539 τῇ
1531 4469 1708 4539 ἀμαρ-

1884 4479 1952 4519 :m
2001 4462 2216 4532 aliquod
2276 4460 2645 4515 inﬁrmitatem
2695 4470 2815 4511 esse
2884 4455 3001 4522 ejus

1730 3136 1777 3198 C

1813 1905 1961 1956 suae,
1991 1901 2216 1958 eratque
2246 1889 2533 1944 inﬁrmitas
2579 1887 2666 1942 illa
2698 1888 2764 1940 ad
2790 1897 3050 1941 mortem:
3094 1897 3377 1958 prouterea

1813 1982 1976 2038 etiam
2010 1983 2248 2037 medicus
2291 1981 2480 2034 videns
2512 1979 2632 2034 illos
2677 1980 2877 2034 misere
2908 1989 3268 2047 aegrotantes,
3298 1990 3379 2033 at-

1811 2089 1919 2144 que
1968 2075 2034 2128 de
2081 2073 2296 2127 illorum
2328 2071 2503 2126 salute
2563 2071 2881 2138 desperans,
2916 2071 3166 2125 dicebat:
3209 2090 3228 2122 ι
3269 2069 3379 2140 Ego

1811 2163 1969 2227 vado,
1999 2171 2053 2216 et
2086 2161 2343 2231 quaeretis
2377 2175 2494 2225 me,
2529 2167 2579 2214 et
2627 2159 2679 2212 in
2710 2168 2936 2227 peccato
2965 2167 3147 2212 vestro
3177 2159 3379 2212 morie-

1813 2255 1966 2311 mini.
2008 2274 2027 2308 1
2060 2254 2312 2309 Dicamus
2343 2252 2505 2323 igitur
2531 2251 2671 2320 quod
2703 2249 2995 2304 inﬁrmitas
3024 2249 3113 2303 illa
3148 2249 3254 2304 illis
3307 2249 3377 2304 ad

1809 2356 2037 2402 mortem
2069 2355 2216 2410 erat,
2251 2353 2506 2412 tanquam
2535 2357 2564 2395 a
2610 2341 2737 2396 Jesu
2787 2341 2965 2396 edocti
3017 2340 3375 2396 diﬁ‘erentiam

1812 2439 2196 2496 inﬁrmitatis:
2237 2435 2616 2492 inﬁrmabatur
2664 2448 2898 2502 namque
2949 2431 3230 2499 Lazarus,
3283 2432 3376 2487 sed

1810 2541 2038 2587 noverat
2087 2529 2329 2583 medicus
2375 2526 2747 2582 inﬁrmitatem
2793 2523 2952 2592 hujus
2997 2541 3103 2579 non
3143 2538 3266 2580 esse
3310 2525 3378 2580 ad

1809 2633 2074 2689 mortem;
2104 2622 2454 2691 quamobrem
2473 2618 2704 2688 inquit“
2733 2635 2788 2672 ει
2816 2617 3107 2672 inﬁrmitas
3138 2619 3252 2672 haec
3268 2633 3376 2672 non

1809 2722 1891 2769 est
1937 2714 2004 2768 ad
2066 2722 2317 2767 mortem.
2361 2731 2379 2764 1
2426 2711 2577 2767 Hanc
2617 2710 2688 2766 ob
2745 2725 2968 2764 causam
3019 2710 3063 2762 si
3112 2710 3375 2777 suscipia-

1808 2820 1930 2860 mus
1956 2806 2307 2860 inﬁrmitates
2329 2803 2570 2873 ipsorum
2604 2801 3003 2871 aegrotandum,
3028 2799 3376 2855 adhibeamus

1809 2897 2049 2950 animum
2081 2910 2147 2950 ne
2173 2898 2393 2963 quando
2418 2892 2485 2947 ad
2520 2901 2754 2948 mortem
2804 2901 3158 2962 mgrotemus,
3187 2893 3378 2946 morbo

1810 2985 1954 3040 facto
1993 2983 2409 3048 immedicabili,
2449 2997 2573 3037 cum
2619 2981 2797 3036 adhuc
2839 2994 2964 3049 spes
3009 2994 3131 3036 esse
3171 2989 3375 3050 posset.

1811 3075 2025 3131 Pariter
2057 3074 2222 3128 etiam
2266 3075 2508 3143 apertius
2549 3073 2780 3142 quodam
2815 3072 2973 3126 modo
3007 3072 3114 3126 erit
3155 3070 3255 3126 hoc
3293 3072 3378 3124 di-

1809 3178 1978 3232 ctum,
2017 3185 2036 3218 ι
2075 3166 2190 3232 Quo
2231 3180 2331 3234 ego
2357 3164 2495 3218 vado
2515 3204 2531 3229 ,
2573 3177 2674 3218 vos
2703 3178 2808 3217 non
2836 3163 3060 3232 potestis
3092 3164 3376 3228 venire“,1

1807 3263 1953 3331 quod
1985 3260 2324 3329 subjungitur
2355 3258 2460 3314 illis
2487 3258 2698 3312 verbis:
2732 3275 2751 3308 ι
2783 3256 2849 3311 Et
2875 3258 2926 3311 in
2951 3266 3172 3327 peccato
3195 3267 3376 3312 vestro

1811 3353 2156 3418 moriemini;
2207 3371 2226 3405 1
2288 3351 2504 3421 quando
2548 3349 2692 3404 enim
2737 3349 2969 3406 moritur
3015 3349 3136 3418 quis
3184 3348 3237 3403 in
3275 3361 3373 3404 sut‘

1810 3447 1976 3517 ipsius
2000 3455 2252 3515 peccato,
2289 3460 2396 3514 quo
2422 3445 2569 3498 vadit
2620 3442 2779 3498 Jesus
2830 3458 2937 3496 non
2976 3449 3154 3511 potest
3181 3441 3334 3495 abire
3359 3484 3372 3496 .

1809 3539 1986 3594 nullus
2015 3539 2158 3594 enim
2189 3546 2431 3592 mortuus
2474 3537 2626 3605 sequi
2661 3545 2842 3604 potest
2881 3533 3062 3589 Jesum
3083 3575 3097 3598 ,
3128 3533 3372 3602 quando.

1807 3633 2043 3702 quidem,
2075 3650 2094 3683 ι
2125 3630 2243 3685 Νοη
2277 3632 2474 3685 mortui
2503 3629 2798 3683 laudabunt
2824 3635 2898 3692 te,
2927 3627 3175 3690 Domine,
3202 3637 3374 3694 neque

1807 3737 1995 3779 omnes
2030 3723 2120 3792 qui
2149 3721 2484 3778 descendunt
2514 3720 2566 3774 in
2599 3719 2904 3782 infernum;
2935 3715 3028 3770 sed
3059 3730 3156 3768 nos
3188 3715 3375 3768 viven-

1811 3828 1889 3872 tes
1914 3815 2252 3870 laudabimus
2285 3813 2569 3868 Dominum
2602 3811 2664 3864 ¹³.
2703 3828 2722 3862 1
2757 3809 2838 3863 Ad
2885 3807 2998 3862 haec
3039 3807 3165 3860 huic
3194 3806 3372 3869 dicto,

1814 3928 1830 3961 ι
1864 3907 1919 3964 in
1948 3916 2169 3979 peccato
2215 3915 2397 3962 vestro
2436 3901 2778 3964 moriemini,
2818 3919 2839 3953 1
2897 3899 3026 3954 illud
3065 3897 3369 3954 Ezechielis

1807 4003 2064 4072 adjunges
2084 4001 2229 4054 hunc
2264 3999 2318 4053 in
2352 3997 2570 4052 modum
2602 4011 2661 4050 se
2682 3996 2928 4052 habens:
2977 4012 2997 4046 ι
3031 3993 3226 4047 Anima
3251 4005 3379 4060 pec-

1782 4109 1974 4161 cans,
2015 4095 2128 4163 ipsa
2164 4092 2392 4147 moritur
2415 4090 2492 4142 “:
2535 4109 2554 4142 1
2586 4104 2732 4144 mors
2770 4089 2915 4142 enim
2955 4086 3150 4140 animae
3181 4098 3376 4154 pecca-

1811 4198 1958 4252 tum;
1987 4201 2092 4239 non
2126 4199 2288 4240 omne
2334 4193 2535 4248 tamen,
2565 4181 2930 4250 meoiudicio,
2963 4181 3056 4235 sed
3080 4177 3206 4232 illud
3231 4177 3378 4247 quod

1807 4279 1938 4334 dicit
1961 4277 2196 4334 Joannes
2221 4277 2286 4331 ad
2321 4283 2549 4330 mortem
2579 4276 2622 4307 ’⁵
2661 4291 2674 4327 :
2717 4273 2808 4344 qui
2843 4272 3047 4342 pariter
3087 4270 3251 4325 etiam
3295 4269 3378 4323 di—

1811 4371 2035 4440 stinguit
2063 4381 2340 4440 peccatum
2387 4367 2605 4436 aliquod
2643 4375 2871 4420 mortem
2905 4379 3026 4419 esse
3058 4365 3252 4416 animae
3274 4399 3290 4428 ,
3320 4369 3376 4415 et

3047 4469 3063 4508 :
3127 4451 3376 4508 fortassis

147 4556 230 4628 τίᾳ
262 4559 411 4628 ὑμῶν
459 4556 840 4613 ἀποθανεῖσθε.
863 4561 994 4613 ὅπου
1037 4558 1148 4628 ἐγὼ
1185 4560 1401 4629 ὑπάγω,
1445 4562 1603 4630 ὑμεῖς
1647 4559 1707 4612 οὐ

1889 4571 1973 4610 am
2023 4554 2184 4610 tertio
2232 4552 2394 4608 modo
2444 4557 2722 4620 peccatum
2767 4546 2983 4617 aliquod
3008 4547 3262 4600 damnum
3290 4552 3378 4598 est

148 4647 358 4704 δύνασθε
392 4651 565 4704 ἐλθεῖν
582 4668 596 4681 ο
623 4670 640 4702 1
673 4650 750 4721 τῷ
775 4650 833 4704 δὲ
856 4652 1078 4723 Πέτρῳ·
1110 4672 1129 4702 ι
1157 4653 1332 4704 Ὅπου
1357 4651 1468 4719 ἐγὼ
1495 4651 1710 4720 ὑπάγω,

1811 4653 2038 4715 animm,
2067 4648 2210 4718 quod
2238 4645 2449 4702 scilicet
2486 4660 2550 4700 ex
2586 4660 2652 4699 eo
2689 4643 2860 4713 liquet
2896 4655 2913 4695 :
2951 4659 2971 4694 ι
3006 4640 3142 4707 Quid
3173 4641 3378 4694 utilita-

150 4741 203 4793 οὑ
234 4742 452 4797 δύνασαί
503 4761 592 4814 μοι
643 4743 738 4796 νῦν
786 4742 1181 4814 ἀκολουθῆσαιο
1222 4743 1608 4814 ἀκολουθήσεις
1657 4743 1708 4795 δέ

1884 4781 1885 4789 η
1914 4743 2134 4797 hahehit
2162 4742 2355 4804 homo,
2384 4737 2429 4793 si
2461 4738 2777 4791 universum
2816 4733 3075 4788 mundum
3113 4732 3376 4794 lucretur,

152 4830 389 4905 ὕστερονο
415 4855 435 4887 1
477 4832 780 4907 ἒξεστιγὰρ
803 4835 1238 4906 μαθητευόμενον
1264 4835 1343 4906 τῷ
1376 4834 1580 4906 Ἰησοῦ,
1623 4833 1708 4887 νῦν

1889 4835 2011 4888 imae
2035 4847 2164 4887 vero
2193 4846 2303 4886 suae
2341 4830 2724 4884 detrimentum
2779 4827 3016 4896 patiatur
3041 4824 3124 4878 ³⁸2
3159 4843 3178 4876 1
3219 4835 3274 4877 et
3310 4839 3376 4878 ex

155 4923 243 4995 μὲν
276 4926 347 5000 μὴ
378 4925 818 5001 παρεσκευάσθαι
837 4927 948 4997 (47)
989 4926 1125 4999 πρὸς
1155 4927 1218 4980 τὸ
1237 4913 1548 4980 ἀκολουθεῖν
1572 4925 1708 4996 αὑτᾷ

1901 4942 1914 4978 :
1961 4943 1980 4976 ι
2013 4925 2068 4979 Si
2099 4922 2254 4990 cujus
2281 4936 2419 4993 opus
2443 4927 2692 4975 exustum
2726 4918 2908 4985 fuerit,
2933 4917 3183 4972 damnum
3209 4917 3378 4971 habe-

217 5059 434 5132 ³³10³11.
467 5079 545 5128 x1,
579 5064 632 5118 4.
738 5065 782 5096 ¹³
813 5063 968 5120 Joan.
1001 5080 1118 5132 vm,
1143 5063 1235 5119 21.
1347 5063 1392 5095 ³³
1417 5063 1557 5118 Psal.
1603 5080 1708 5118 exn

1909 5063 1994 5117 18.
2073 5062 2117 5093 ³⁸
2146 5059 2340 5116 Ezecb.
2375 5074 2528 5123 xvm,
2566 5055 2656 5111 20.
2773 5057 2815 5088 ³⁸
2841 5055 2861 5110 1
2889 5053 3045 5112 Joan.
3078 5072 3130 5119 ν,
3167 5054 3256 5121 16,
3287 5054 3374 5111 17.

738 5065 782 5096 ¹³
813 5063 968 5120 Joan.
1001 5080 1118 5132 vm,
1143 5063 1235 5119 21.

92 5210 96 5216 η
156 5129 195 5164 ⁸⁸
213 5130 393 5187 Matth.
417 5150 529 5199 XVI,
557 5135 649 5190 26.

1813 5272 1906 5326 τοῦ
1940 5271 2210 5343 ἐτιαὺτὴν
2256 5267 2413 5340 ἰατὴν
2455 5266 2596 5326 εἶναι
2646 5269 2940 5338 δύνασθαι,
2998 5266 3079 5324 vel
3128 5267 3257 5337 quid
3297 5267 3375 5324 si-

1813 5344 1994 5480 Πηίῗθ)
2032 5411 2301 5482 Ἁμαρτία
2325 5409 2623 5479 δηλονότι.
2639 5410 2909 5481 ’Λμαρτία
2936 5408 3148 5464 videtur
3171 5407 3378 5481 παρέλ-

1811 5500 1946 5538 κειν.

1884 5553 2154 5629 (671N111:
2188 5553 2303 5629 μὲγς
2323 5552 2408 5623 μὴ
2443 5549 2948 5622 παρεσκευάσθαι.
2985 5547 3364 5629 Νθεεηάίρεη·

244 5618 653 5696 ιζ’)ἘΖσῖομενί
676 5618 963 5683 Ferrarius
990 5628 1199 5696 legebat
1224 5626 1489 5696 εἴπωμεν.
1506 5695 1521 5696 7

1884 5618 1987 5678 :ula'
2008 5625 2060 5678 in
2093 5618 2344 5696 Ferrario
2393 5618 2536 5696 ξιιοη⁷
2557 5630 2866 5696 comparet;
2895 5634 3054 5696 quam
3073 5618 3378 5696 genui—nam

244 5625 649 5696 -1ᾌ)·Εῖσῐομενξ
676 5628 963 5683 Ferrarius
990 5628 1199 5696 legebat
1224 5626 1489 5696 εἴπωμεν.

224 5625 328 5765 145)
357 5695 498 5750 Ἀπὸ
530 5699 629 5752 τοῦ
654 5698 742 5751 ἐτι
769 5697 963 5765 αὐτὴν
985 5693 1136 5750 εἶναι
1163 5696 1473 5750 δύνασθαι.
1502 5695 1708 5765 Legen-

1884 5625 1977 5678 :ula
2008 5625 2060 5678 in
2093 5625 2344 5679 Ferrario
2404 5638 2507 5675 non
2557 5630 2866 5695 comparet;
2895 5634 3054 5687 quam
3092 5625 3378 5746 genuinam

1884 5709 1998 5748 men
2025 5695 2163 5752 ratio
2203 5703 2258 5752 et
2308 5694 2522 5752 codices
2580 5690 2937 5762 manuscripti
2985 5701 3040 5746 et
3142 5694 3381 5747 erionius

161 5761 276 5818 dum
305 5763 530 5824 fortasse
560 5768 665 5823 ἀπὸ
695 5768 789 5822 τοῦ
819 5761 1147 5838 ἐτιΊαθῆναι
1184 5767 1459 5836 δύνασθαι,
1483 5767 1563 5823 vel
1581 5761 1708 5820 ἀπὸ

1884 5773 2071 5820 linunt.

218 5273 324 5344 (41)
356 5273 635 5333 Ferrarius
664 5276 878 5331 videtur
898 5276 1096 5343 legisse
1119 5275 1235 5340 πῶς
1277 5276 1326 5330 οἱ
1380 5274 1454 5346 μὴ
1487 5273 1708 5346 πιστεύ-

158 5358 353 5420 σαντες,
376 5347 458 5401 ὅτι
498 5348 632 5414 ἕξων
662 5348 720 5401 ἐν
751 5346 1024 5420 ἀσθενείᾳ,
1063 5345 1315 5420 μέλλουσί
1343 5345 1472 5399 ποτε
1499 5345 1706 5400 ἀποθα-

155 5413 580 5555 “afﬂictae.
613 5486 921 5555 Legendum
951 5486 1168 5542 videtur
1192 5485 1424 5540 αὑτῶν.³

220 5555 324 5626 (66)
353 5557 468 5626 Καὶ
487 5561 520 5611 ό
553 5560 767 5626 ἱατρός.
790 5556 953 5612 Deest
980 5557 1035 5610 in
1063 5557 1248 5613 codice
1284 5555 1596 5612 Bodleiano.
