  <div class='ocr_page' id='page_1' title='image "/cluster/home/n/w/nwhite01/storage/ocr_20150623/14/mdp.39015052831362/307.png"; bbox 0 0 3688 6146; ppageno 0'>
   <div class='ocr_carea' id='block_1_1' title="bbox 299 329 400 383">
    <p class='ocr_par' dir='ltr' id='par_1_1' title="bbox 299 329 400 383">
     <span class='ocr_line' id='line_1_1' title="bbox 299 329 400 383; baseline 0.01 -2"><span class='ocrx_word' id='word_1_1' title='bbox 299 329 400 383; x_wconf 71' lang='lat'><strong>55!</strong></span> 
     </span>
    </p>
   </div>
   <div class='ocr_carea' id='block_1_2' title="bbox 1709 324 2032 382">
    <p class='ocr_par' dir='ltr' id='par_1_2' title="bbox 1709 324 2032 382">
     <span class='ocr_line' id='line_1_2' title="bbox 1709 324 2032 382; baseline -0.006 0"><span class='ocrx_word' id='word_1_2' title='bbox 1709 324 2032 382; x_wconf 79' lang='lat' dir='ltr'><strong>ORIGENIS</strong></span> 
     </span>
    </p>
   </div>
   <div class='ocr_carea' id='block_1_3' title="bbox 3443 325 3558 379">
    <p class='ocr_par' dir='ltr' id='par_1_3' title="bbox 3443 325 3558 379">
     <span class='ocr_line' id='line_1_3' title="bbox 3443 325 3558 379; baseline 0 -1"><span class='ocrx_word' id='word_1_3' title='bbox 3443 325 3558 379; x_wconf 68' lang='lat'><strong>559.</strong></span> 
     </span>
    </p>
   </div>
   <div class='ocr_carea' id='block_1_4' title="bbox 299 436 1822 512">
    <p class='ocr_par' dir='ltr' id='par_1_4' title="bbox 299 439 1822 512">
     <span class='ocr_line' id='line_1_4' title="bbox 299 439 1822 512; baseline -0.001 -13"><span class='ocrx_word' id='word_1_4' title='bbox 299 444 376 499; x_wconf 91' lang='lat' dir='ltr'><strong>bit</strong></span> <span class='ocrx_word' id='word_1_5' title='bbox 402 441 470 498; x_wconf 73' lang='grc' dir='ltr'><strong>ιτ.</strong></span> <span class='ocrx_word' id='word_1_6' title='bbox 505 461 524 494; x_wconf 74' lang='grc' dir='ltr'><strong>ι</strong></span> <span class='ocrx_word' id='word_1_7' title='bbox 566 442 746 512; x_wconf 83' lang='lat' dir='ltr'><strong>Atque</strong></span> <span class='ocrx_word' id='word_1_8' title='bbox 798 439 854 497; x_wconf 90' lang='lat' dir='ltr'><strong>in</strong></span> <span class='ocrx_word' id='word_1_9' title='bbox 894 449 1116 512; x_wconf 88' lang='lat' dir='ltr'><strong>peccato</strong></span> <span class='ocrx_word' id='word_1_10' title='bbox 1146 441 1364 511; x_wconf 88' lang='lat' dir='ltr'><strong>quidem</strong></span> <span class='ocrx_word' id='word_1_11' title='bbox 1400 442 1758 499; x_wconf 89' lang='lat' dir='ltr'><strong>morientibus</strong></span> <span class='ocrx_word' id='word_1_12' title='bbox 1789 445 1822 498; x_wconf 76' lang='lat' dir='ltr'><strong>ii</strong></span> 
     </span>
    </p>
   </div>
   <div class='ocr_carea' id='block_1_5' title="bbox 2000 436 3562 512">
    <p class='ocr_par' dir='ltr' id='par_1_5' title="bbox 2000 436 3562 512">
     <span class='ocr_line' id='line_1_5' title="bbox 2000 436 3562 512; baseline -0.001 -17"><span class='ocrx_word' id='word_1_13' title='bbox 2000 441 2187 495; x_wconf 80' lang='grc' dir='ltr'>ιπιόντι</span> <span class='ocrx_word' id='word_1_14' title='bbox 2214 440 2347 512; x_wconf 73' lang='grc' dir='ltr'>πρὸς</span> <span class='ocrx_word' id='word_1_15' title='bbox 2380 438 2470 492; x_wconf 81' lang='grc' dir='ltr'><strong>τὸν</strong></span> <span class='ocrx_word' id='word_1_16' title='bbox 2499 437 2738 510; x_wconf 80' lang='grc' dir='ltr'>Πατέρα.</span> <span class='ocrx_word' id='word_1_17' title='bbox 2775 436 2999 510; x_wconf 76' lang='grc' dir='ltr'>ὕστερον</span> <span class='ocrx_word' id='word_1_18' title='bbox 3029 438 3085 492; x_wconf 84' lang='grc' dir='ltr'>δὲ</span> <span class='ocrx_word' id='word_1_19' title='bbox 3131 437 3189 505; x_wconf 79' lang='grc' dir='ltr'>ἐξ</span> <span class='ocrx_word' id='word_1_20' title='bbox 3233 439 3562 510; x_wconf 75' lang='grc' dir='ltr'><strong>ἐπιμελείας</strong></span> 
     </span>
    </p>
   </div>
   <div class='ocr_carea' id='block_1_6' title="bbox 293 533 1868 606">
    <p class='ocr_par' dir='ltr' id='par_1_6' title="bbox 293 533 1868 606">
     <span class='ocr_line' id='line_1_6' title="bbox 293 533 1868 606; baseline 0.001 -16"><span class='ocrx_word' id='word_1_21' title='bbox 293 537 412 606; x_wconf 90' lang='lat' dir='ltr'><strong>quit</strong></span> <span class='ocrx_word' id='word_1_22' title='bbox 429 534 514 591; x_wconf 73' lang='grc' dir='ltr'>ηε</span> <span class='ocrx_word' id='word_1_23' title='bbox 545 554 564 586; x_wconf 79' lang='grc' dir='ltr'><strong>ι</strong></span> <span class='ocrx_word' id='word_1_24' title='bbox 598 533 770 600; x_wconf 82' lang='lat' dir='ltr'><strong>Vado,</strong></span> <span class='ocrx_word' id='word_1_25' title='bbox 796 544 850 589; x_wconf 90' lang='lat' dir='ltr'><strong>et</strong></span> <span class='ocrx_word' id='word_1_26' title='bbox 874 537 1128 605; x_wconf 64' lang='lat' dir='ltr'><strong>quaeretis</strong></span> <span class='ocrx_word' id='word_1_27' title='bbox 1149 551 1254 603; x_wconf 92' lang='lat' dir='ltr'><strong>me,</strong></span> <span class='ocrx_word' id='word_1_28' title='bbox 1281 546 1337 591; x_wconf 91' lang='lat' dir='ltr'><strong>et</strong></span> <span class='ocrx_word' id='word_1_29' title='bbox 1362 537 1414 590; x_wconf 91' lang='lat' dir='ltr'><strong>in</strong></span> <span class='ocrx_word' id='word_1_30' title='bbox 1442 544 1667 606; x_wconf 90' lang='lat' dir='ltr'><strong>peccato</strong></span> <span class='ocrx_word' id='word_1_31' title='bbox 1683 548 1868 591; x_wconf 84' lang='lat' dir='ltr'><strong>vestro</strong></span> 
     </span>
    </p>
   </div>
   <div class='ocr_carea' id='block_1_7' title="bbox 295 627 1862 698">
    <p class='ocr_par' dir='ltr' id='par_1_7' title="bbox 295 627 1862 698">
     <span class='ocr_line' id='line_1_7' title="bbox 295 627 1862 698; baseline 0.001 -17"><span class='ocrx_word' id='word_1_32' title='bbox 295 627 598 682; x_wconf 85' lang='lat' dir='ltr'><strong>moriemini</strong></span> <span class='ocrx_word' id='word_1_33' title='bbox 635 644 648 678; x_wconf 91' lang='lat'><strong>:</strong></span> <span class='ocrx_word' id='word_1_34' title='bbox 683 642 792 697; x_wconf 90' lang='lat' dir='ltr'><strong>quo</strong></span> <span class='ocrx_word' id='word_1_35' title='bbox 836 642 936 696; x_wconf 87' lang='lat' dir='ltr'><strong>ego</strong></span> <span class='ocrx_word' id='word_1_36' title='bbox 992 628 1128 682; x_wconf 84' lang='lat' dir='ltr'><strong>vado</strong></span> <span class='ocrx_word' id='word_1_37' title='bbox 1183 644 1288 683; x_wconf 89' lang='lat' dir='ltr'><strong>non</strong></span> <span class='ocrx_word' id='word_1_38' title='bbox 1323 630 1547 698; x_wconf 92' lang='lat' dir='ltr'><strong>potestis</strong></span> <span class='ocrx_word' id='word_1_39' title='bbox 1587 629 1808 695; x_wconf 84' lang='lat' dir='ltr'><strong>venire;</strong></span> <span class='ocrx_word' id='word_1_40' title='bbox 1843 650 1862 682; x_wconf 75' lang='grc' dir='ltr'><strong>ι</strong></span> 
     </span>
    </p>
   </div>
   <div class='ocr_carea' id='block_1_8' title="bbox 293 719 1868 791">
    <p class='ocr_par' dir='ltr' id='par_1_8' title="bbox 293 719 1868 791">
     <span class='ocr_line' id='line_1_8' title="bbox 293 719 1868 791; baseline 0.002 -17"><span class='ocrx_word' id='word_1_41' title='bbox 293 721 362 774; x_wconf 88' lang='lat' dir='ltr'><strong>ad</strong></span> <span class='ocrx_word' id='word_1_42' title='bbox 391 719 608 776; x_wconf 87' lang='lat' dir='ltr'><strong>Petrum</strong></span> <span class='ocrx_word' id='word_1_43' title='bbox 651 735 813 774; x_wconf 83' lang='lat' dir='ltr'><strong>vero:</strong></span> <span class='ocrx_word' id='word_1_44' title='bbox 852 739 869 772; x_wconf 81' lang='grc' dir='ltr'><strong>ι</strong></span> <span class='ocrx_word' id='word_1_45' title='bbox 899 721 1015 788; x_wconf 87' lang='lat' dir='ltr'><strong>Quo</strong></span> <span class='ocrx_word' id='word_1_46' title='bbox 1062 738 1162 790; x_wconf 81' lang='lat' dir='ltr'><strong>ego</strong></span> <span class='ocrx_word' id='word_1_47' title='bbox 1205 722 1340 776; x_wconf 85' lang='lat' dir='ltr'><strong>vado</strong></span> <span class='ocrx_word' id='word_1_48' title='bbox 1365 762 1380 787; x_wconf 96' lang='lat'><strong>,</strong></span> <span class='ocrx_word' id='word_1_49' title='bbox 1414 737 1520 777; x_wconf 92' lang='lat' dir='ltr'><strong>non</strong></span> <span class='ocrx_word' id='word_1_50' title='bbox 1571 733 1727 791; x_wconf 93' lang='lat' dir='ltr'><strong>potes</strong></span> <span class='ocrx_word' id='word_1_51' title='bbox 1781 737 1868 777; x_wconf 92' lang='lat' dir='ltr'><strong>me</strong></span> 
     </span>
    </p>
   </div>
   <div class='ocr_carea' id='block_1_9' title="bbox 292 813 1862 884">
    <p class='ocr_par' dir='ltr' id='par_1_9' title="bbox 292 813 1862 884">
     <span class='ocr_line' id='line_1_9' title="bbox 292 813 1862 884; baseline 0.001 -20"><span class='ocrx_word' id='word_1_52' title='bbox 292 814 453 868; x_wconf 88' lang='lat' dir='ltr'><strong>modo</strong></span> <span class='ocrx_word' id='word_1_53' title='bbox 481 813 657 882; x_wconf 80' lang='lat' dir='ltr'><strong>sequi,</strong></span> <span class='ocrx_word' id='word_1_54' title='bbox 688 813 934 882; x_wconf 87' lang='lat' dir='ltr'><strong>sequeris</strong></span> <span class='ocrx_word' id='word_1_55' title='bbox 961 823 1142 868; x_wconf 90' lang='lat' dir='ltr'><strong>autem</strong></span> <span class='ocrx_word' id='word_1_56' title='bbox 1173 824 1359 884; x_wconf 85' lang='lat' dir='ltr'><strong>postea</strong></span> <span class='ocrx_word' id='word_1_57' title='bbox 1389 813 1471 878; x_wconf 83' lang='grc'><strong>¹⁹;</strong></span> <span class='ocrx_word' id='word_1_58' title='bbox 1510 832 1529 867; x_wconf 76' lang='grc' dir='ltr'><strong>ι</strong></span> <span class='ocrx_word' id='word_1_59' title='bbox 1563 813 1678 868; x_wconf 86' lang='lat' dir='ltr'><strong>fieri</strong></span> <span class='ocrx_word' id='word_1_60' title='bbox 1719 814 1862 868; x_wconf 90' lang='lat' dir='ltr'><strong>enim</strong></span> 
     </span>
    </p>
   </div>
   <div class='ocr_carea' id='block_1_10' title="bbox 291 904 1864 975">
    <p class='ocr_par' dir='ltr' id='par_1_10' title="bbox 291 904 1864 975">
     <span class='ocr_line' id='line_1_10' title="bbox 291 904 1864 975; baseline -0.002 -14"><span class='ocrx_word' id='word_1_61' title='bbox 291 915 474 973; x_wconf 82' lang='lat' dir='ltr'><strong>potest</strong></span> <span class='ocrx_word' id='word_1_62' title='bbox 509 915 568 959; x_wconf 93' lang='lat' dir='ltr'><strong>ut</strong></span> <span class='ocrx_word' id='word_1_63' title='bbox 613 905 914 974; x_wconf 87' lang='lat' dir='ltr'><strong>discipulus</strong></span> <span class='ocrx_word' id='word_1_64' title='bbox 941 904 1066 960; x_wconf 86' lang='lat' dir='ltr'><strong>Jesu</strong></span> <span class='ocrx_word' id='word_1_65' title='bbox 1115 921 1220 960; x_wconf 91' lang='lat' dir='ltr'><strong>non</strong></span> <span class='ocrx_word' id='word_1_66' title='bbox 1256 907 1324 960; x_wconf 87' lang='lat' dir='ltr'><strong>sit</strong></span> <span class='ocrx_word' id='word_1_67' title='bbox 1357 921 1498 960; x_wconf 90' lang='lat' dir='ltr'><strong>nunc</strong></span> <span class='ocrx_word' id='word_1_68' title='bbox 1523 907 1740 975; x_wconf 87' lang='lat' dir='ltr'><strong>quidem</strong></span> <span class='ocrx_word' id='word_1_69' title='bbox 1773 921 1864 975; x_wconf 82' lang='lat' dir='ltr'><strong>pa-</strong></span> 
     </span>
    </p>
   </div>
   <div class='ocr_carea' id='block_1_11' title="bbox 293 996 1859 1066">
    <p class='ocr_par' dir='ltr' id='par_1_11' title="bbox 293 996 1859 1066">
     <span class='ocr_line' id='line_1_11' title="bbox 293 996 1859 1066; baseline 0.002 -17"><span class='ocrx_word' id='word_1_70' title='bbox 293 1006 443 1051; x_wconf 88' lang='lat' dir='ltr'><strong>ratus</strong></span> <span class='ocrx_word' id='word_1_71' title='bbox 467 997 532 1051; x_wconf 92' lang='lat' dir='ltr'><strong>ad</strong></span> <span class='ocrx_word' id='word_1_72' title='bbox 555 998 883 1066; x_wconf 84' lang='lat' dir='ltr'><strong>sequendum</strong></span> <span class='ocrx_word' id='word_1_73' title='bbox 907 996 1182 1050; x_wconf 90' lang='lat' dir='ltr'><strong>Christum</strong></span> <span class='ocrx_word' id='word_1_74' title='bbox 1207 999 1492 1053; x_wconf 86' lang='lat' dir='ltr'><strong>abeuntem</strong></span> <span class='ocrx_word' id='word_1_75' title='bbox 1518 999 1584 1052; x_wconf 88' lang='lat' dir='ltr'><strong>ad</strong></span> <span class='ocrx_word' id='word_1_76' title='bbox 1611 998 1823 1052; x_wconf 85' lang='lat' dir='ltr'><strong>Patrem</strong></span> <span class='ocrx_word' id='word_1_77' title='bbox 1847 1016 1859 1062; x_wconf 92' lang='lat'><strong>;</strong></span> 
     </span>
    </p>
   </div>
   <div class='ocr_carea' id='block_1_12' title="bbox 289 1087 1860 1156">
    <p class='ocr_par' dir='ltr' id='par_1_12' title="bbox 289 1087 1860 1156">
     <span class='ocr_line' id='line_1_12' title="bbox 289 1087 1860 1156; baseline 0.001 -17"><span class='ocrx_word' id='word_1_78' title='bbox 289 1096 476 1155; x_wconf 80' lang='lat' dir='ltr'><strong>postea</strong></span> <span class='ocrx_word' id='word_1_79' title='bbox 508 1101 639 1140; x_wconf 84' lang='lat' dir='ltr'><strong>vero</strong></span> <span class='ocrx_word' id='word_1_80' title='bbox 665 1087 949 1156; x_wconf 83' lang='lat' dir='ltr'><strong>diligenter</strong></span> <span class='ocrx_word' id='word_1_81' title='bbox 978 1087 1223 1155; x_wconf 79' lang='lat' dir='ltr'><strong>vestigiis</strong></span> <span class='ocrx_word' id='word_1_82' title='bbox 1251 1088 1464 1140; x_wconf 84' lang='lat' dir='ltr'><strong>insistat</strong></span> <span class='ocrx_word' id='word_1_83' title='bbox 1490 1089 1860 1156; x_wconf 71' lang='lat' dir='ltr'><strong>praeceptoris,</strong></span> 
     </span>
    </p>
   </div>
   <div class='ocr_carea' id='block_1_13' title="bbox 291 1178 1862 1252">
    <p class='ocr_par' dir='ltr' id='par_1_13' title="bbox 291 1178 1862 1252">
     <span class='ocr_line' id='line_1_13' title="bbox 291 1178 1862 1252; baseline -0.001 -20"><span class='ocrx_word' id='word_1_84' title='bbox 291 1189 351 1232; x_wconf 92' lang='lat' dir='ltr'><strong>et</strong></span> <span class='ocrx_word' id='word_1_85' title='bbox 401 1188 662 1246; x_wconf 85' lang='lat' dir='ltr'><strong>sequatur</strong></span> <span class='ocrx_word' id='word_1_86' title='bbox 709 1179 1022 1232; x_wconf 86' lang='lat' dir='ltr'><strong>Sermonem</strong></span> <span class='ocrx_word' id='word_1_87' title='bbox 1077 1179 1192 1232; x_wconf 89' lang='lat' dir='ltr'><strong>Dei.</strong></span> <span class='ocrx_word' id='word_1_88' title='bbox 1247 1178 1412 1252; x_wconf 73' lang='lat'><strong>296</strong></span> <span class='ocrx_word' id='word_1_89' title='bbox 1465 1179 1732 1233; x_wconf 82' lang='lat' dir='ltr'><strong>Credibile</strong></span> <span class='ocrx_word' id='word_1_90' title='bbox 1778 1189 1862 1233; x_wconf 81' lang='lat' dir='ltr'><strong>est</strong></span> 
     </span>
    </p>
   </div>
   <div class='ocr_carea' id='block_1_14' title="bbox 290 1270 1859 1339">
    <p class='ocr_par' dir='ltr' id='par_1_14' title="bbox 290 1270 1859 1339">
     <span class='ocr_line' id='line_1_14' title="bbox 290 1270 1859 1339; baseline 0.001 -17"><span class='ocrx_word' id='word_1_91' title='bbox 290 1279 506 1334; x_wconf 88' lang='lat' dir='ltr'><strong>autem,</strong></span> <span class='ocrx_word' id='word_1_92' title='bbox 539 1279 761 1336; x_wconf 86' lang='lat' dir='ltr'><strong>propter</strong></span> <span class='ocrx_word' id='word_1_93' title='bbox 790 1285 850 1322; x_wconf 91' lang='lat' dir='ltr'><strong>ea</strong></span> <span class='ocrx_word' id='word_1_94' title='bbox 896 1285 1016 1339; x_wconf 80' lang='lat' dir='ltr'><strong>quze</strong></span> <span class='ocrx_word' id='word_1_95' title='bbox 1063 1283 1092 1322; x_wconf 92' lang='lat' dir='ltr'><strong>a</strong></span> <span class='ocrx_word' id='word_1_96' title='bbox 1127 1271 1282 1325; x_wconf 84' lang='lat' dir='ltr'><strong>nobis</strong></span> <span class='ocrx_word' id='word_1_97' title='bbox 1320 1273 1386 1324; x_wconf 84' lang='lat' dir='ltr'><strong>de</strong></span> <span class='ocrx_word' id='word_1_98' title='bbox 1439 1270 1546 1324; x_wconf 84' lang='lat' dir='ltr'><strong>ﬁne</strong></span> <span class='ocrx_word' id='word_1_99' title='bbox 1587 1270 1859 1325; x_wconf 86' lang='lat' dir='ltr'><strong>intellecta</strong></span> 
     </span>
    </p>
   </div>
   <div class='ocr_carea' id='block_1_15' title="bbox 287 1359 1860 1429">
    <p class='ocr_par' dir='ltr' id='par_1_15' title="bbox 287 1359 1860 1429">
     <span class='ocr_line' id='line_1_15' title="bbox 287 1359 1860 1429; baseline 0.001 -17"><span class='ocrx_word' id='word_1_100' title='bbox 287 1369 452 1423; x_wconf 91' lang='lat' dir='ltr'><strong>sunt,</strong></span> <span class='ocrx_word' id='word_1_101' title='bbox 502 1359 740 1429; x_wconf 89' lang='lat' dir='ltr'><strong>aliquem</strong></span> <span class='ocrx_word' id='word_1_102' title='bbox 802 1360 1041 1412; x_wconf 89' lang='lat' dir='ltr'><strong>animum</strong></span> <span class='ocrx_word' id='word_1_103' title='bbox 1071 1360 1136 1412; x_wconf 87' lang='lat' dir='ltr'><strong>ad</strong></span> <span class='ocrx_word' id='word_1_104' title='bbox 1169 1360 1220 1413; x_wconf 88' lang='lat' dir='ltr'><strong>id</strong></span> <span class='ocrx_word' id='word_1_105' title='bbox 1254 1361 1603 1415; x_wconf 83' lang='lat' dir='ltr'><strong>adversurum</strong></span> <span class='ocrx_word' id='word_1_106' title='bbox 1630 1401 1645 1424; x_wconf 87' lang='lat'><strong>,</strong></span> <span class='ocrx_word' id='word_1_107' title='bbox 1688 1378 1708 1411; x_wconf 73' lang='grc' dir='ltr'><strong>ι</strong></span> <span class='ocrx_word' id='word_1_108' title='bbox 1744 1359 1860 1426; x_wconf 86' lang='lat' dir='ltr'><strong>Quo</strong></span> 
     </span>
    </p>
   </div>
   <div class='ocr_carea' id='block_1_16' title="bbox 286 1451 1862 1521">
    <p class='ocr_par' dir='ltr' id='par_1_16' title="bbox 286 1451 1862 1521">
     <span class='ocr_line' id='line_1_16' title="bbox 286 1451 1862 1521; baseline 0.001 -18"><span class='ocrx_word' id='word_1_109' title='bbox 286 1466 388 1520; x_wconf 84' lang='lat' dir='ltr'><strong>ego</strong></span> <span class='ocrx_word' id='word_1_110' title='bbox 415 1452 555 1505; x_wconf 83' lang='lat' dir='ltr'><strong>vado</strong></span> <span class='ocrx_word' id='word_1_111' title='bbox 577 1492 592 1512; x_wconf 82' lang='lat'><em>.</em></span> <span class='ocrx_word' id='word_1_112' title='bbox 636 1466 730 1505; x_wconf 87' lang='lat' dir='ltr'><strong>vos</strong></span> <span class='ocrx_word' id='word_1_113' title='bbox 762 1466 870 1504; x_wconf 90' lang='lat' dir='ltr'><strong>non</strong></span> <span class='ocrx_word' id='word_1_114' title='bbox 901 1451 1127 1520; x_wconf 88' lang='lat' dir='ltr'><strong>potestis</strong></span> <span class='ocrx_word' id='word_1_115' title='bbox 1158 1452 1342 1506; x_wconf 82' lang='lat' dir='ltr'><strong>venire</strong></span> <span class='ocrx_word' id='word_1_116' title='bbox 1362 1495 1376 1517; x_wconf 94' lang='lat'><strong>,</strong></span> <span class='ocrx_word' id='word_1_117' title='bbox 1416 1470 1436 1503; x_wconf 70' lang='grc' dir='ltr'><strong>ι</strong></span> <span class='ocrx_word' id='word_1_118' title='bbox 1471 1452 1537 1505; x_wconf 88' lang='lat' dir='ltr'><strong>ad</strong></span> <span class='ocrx_word' id='word_1_119' title='bbox 1583 1451 1746 1521; x_wconf 85' lang='lat' dir='ltr'><strong>idque</strong></span> <span class='ocrx_word' id='word_1_120' title='bbox 1776 1451 1862 1504; x_wconf 90' lang='lat' dir='ltr'><strong>di-</strong></span> 
     </span>
    </p>
   </div>
   <div class='ocr_carea' id='block_1_17' title="bbox 287 1541 1856 1613">
    <p class='ocr_par' dir='ltr' id='par_1_17' title="bbox 287 1541 1856 1613">
     <span class='ocr_line' id='line_1_17' title="bbox 287 1541 1856 1613; baseline 0.003 -19"><span class='ocrx_word' id='word_1_121' title='bbox 287 1550 540 1604; x_wconf 89' lang='lat' dir='ltr'><strong>cturum,</strong></span> <span class='ocrx_word' id='word_1_122' title='bbox 589 1541 703 1596; x_wconf 84' lang='lat' dir='ltr'><strong>fieri</strong></span> <span class='ocrx_word' id='word_1_123' title='bbox 752 1542 968 1611; x_wconf 84' lang='lat' dir='ltr'><strong>quidem</strong></span> <span class='ocrx_word' id='word_1_124' title='bbox 1021 1557 1184 1612; x_wconf 88' lang='lat' dir='ltr'><strong>posse</strong></span> <span class='ocrx_word' id='word_1_125' title='bbox 1220 1553 1279 1596; x_wconf 89' lang='lat' dir='ltr'><strong>ut</strong></span> <span class='ocrx_word' id='word_1_126' title='bbox 1304 1559 1446 1598; x_wconf 90' lang='lat' dir='ltr'><strong>nunc</strong></span> <span class='ocrx_word' id='word_1_127' title='bbox 1497 1559 1602 1598; x_wconf 92' lang='lat' dir='ltr'><strong>non</strong></span> <span class='ocrx_word' id='word_1_128' title='bbox 1627 1544 1856 1613; x_wconf 87' lang='lat' dir='ltr'><strong>possint,</strong></span> 
     </span>
    </p>
   </div>
   <div class='ocr_carea' id='block_1_18' title="bbox 287 1632 1857 1704">
    <p class='ocr_par' dir='ltr' id='par_1_18' title="bbox 287 1632 1857 1704">
     <span class='ocr_line' id='line_1_18' title="bbox 287 1632 1857 1704; baseline 0.001 -20"><span class='ocrx_word' id='word_1_129' title='bbox 287 1632 642 1702; x_wconf 86' lang='lat' dir='ltr'><strong>imposterum</strong></span> <span class='ocrx_word' id='word_1_130' title='bbox 686 1641 866 1686; x_wconf 91' lang='lat' dir='ltr'><strong>autem</strong></span> <span class='ocrx_word' id='word_1_131' title='bbox 897 1635 1138 1702; x_wconf 90' lang='lat' dir='ltr'><strong>possint;</strong></span> <span class='ocrx_word' id='word_1_132' title='bbox 1191 1643 1247 1688; x_wconf 89' lang='lat' dir='ltr'><strong>et</strong></span> <span class='ocrx_word' id='word_1_133' title='bbox 1283 1634 1329 1688; x_wconf 90' lang='lat' dir='ltr'><strong>si</strong></span> <span class='ocrx_word' id='word_1_134' title='bbox 1380 1635 1596 1704; x_wconf 89' lang='lat' dir='ltr'><strong>quidem</strong></span> <span class='ocrx_word' id='word_1_135' title='bbox 1640 1633 1857 1702; x_wconf 86' lang='lat' dir='ltr'><strong>aliquod</strong></span> 
     </span>
    </p>
   </div>
   <div class='ocr_carea' id='block_1_19' title="bbox 283 1722 1858 1795">
    <p class='ocr_par' dir='ltr' id='par_1_19' title="bbox 283 1722 1858 1795">
     <span class='ocr_line' id='line_1_19' title="bbox 283 1722 1858 1795; baseline 0.003 -21"><span class='ocrx_word' id='word_1_136' title='bbox 283 1730 370 1776; x_wconf 90' lang='lat' dir='ltr'><strong>est</strong></span> <span class='ocrx_word' id='word_1_137' title='bbox 393 1722 648 1776; x_wconf 72' lang='lat' dir='ltr'><strong>saeculum</strong></span> <span class='ocrx_word' id='word_1_138' title='bbox 675 1739 934 1793; x_wconf 71' lang='lat' dir='ltr'><strong>prmscns,</strong></span> <span class='ocrx_word' id='word_1_139' title='bbox 969 1723 1110 1778; x_wconf 88' lang='lat' dir='ltr'><strong>aliud</strong></span> <span class='ocrx_word' id='word_1_140' title='bbox 1141 1740 1270 1780; x_wconf 81' lang='lat' dir='ltr'><strong>vero</strong></span> <span class='ocrx_word' id='word_1_141' title='bbox 1300 1727 1539 1780; x_wconf 86' lang='lat' dir='ltr'><strong>futurum</strong></span> <span class='ocrx_word' id='word_1_142' title='bbox 1564 1765 1580 1790; x_wconf 87' lang='lat'><strong>,</strong></span> <span class='ocrx_word' id='word_1_143' title='bbox 1611 1741 1706 1780; x_wconf 90' lang='lat' dir='ltr'><strong>eos</strong></span> <span class='ocrx_word' id='word_1_144' title='bbox 1736 1726 1858 1795; x_wconf 89' lang='lat' dir='ltr'><strong>qui-</strong></span> 
     </span>
    </p>
   </div>
   <div class='ocr_carea' id='block_1_20' title="bbox 1975 531 3560 603">
    <p class='ocr_par' dir='ltr' id='par_1_20' title="bbox 1975 531 3560 603">
     <span class='ocr_line' id='line_1_20' title="bbox 1975 531 3560 603; baseline -0.001 -16"><span class='ocrx_word' id='word_1_145' title='bbox 1975 533 2095 587; x_wconf 85' lang='grc' dir='ltr'>κατ’</span> <span class='ocrx_word' id='word_1_146' title='bbox 2143 533 2261 602; x_wconf 79' lang='grc' dir='ltr'>ἴχνη</span> <span class='ocrx_word' id='word_1_147' title='bbox 2313 532 2558 601; x_wconf 83' lang='grc' dir='ltr'>βαίνοντα</span> <span class='ocrx_word' id='word_1_148' title='bbox 2611 531 2920 584; x_wconf 78' lang='grc' dir='ltr'><strong>ἀκολουθεῖν</strong></span> <span class='ocrx_word' id='word_1_149' title='bbox 2962 531 3042 602; x_wconf 81' lang='grc' dir='ltr'>τῷ</span> <span class='ocrx_word' id='word_1_150' title='bbox 3088 531 3410 603; x_wconf 73' lang='grc' dir='ltr'><strong>διδασκάλῳ,</strong></span> <span class='ocrx_word' id='word_1_151' title='bbox 3457 535 3560 588; x_wconf 75' lang='grc' dir='ltr'>καὶ</span> 
     </span>
    </p>
   </div>
   <div class='ocr_carea' id='block_1_21' title="bbox 1971 623 3560 694">
    <p class='ocr_par' dir='ltr' id='par_1_21' title="bbox 1971 623 3560 694">
     <span class='ocr_line' id='line_1_21' title="bbox 1971 623 3560 694; baseline -0.001 -16"><span class='ocrx_word' id='word_1_152' title='bbox 1971 624 2199 678; x_wconf 76' lang='grc' dir='ltr'>ἕπεσθαι</span> <span class='ocrx_word' id='word_1_153' title='bbox 2250 623 2326 694; x_wconf 88' lang='grc' dir='ltr'>τῷ</span> <span class='ocrx_word' id='word_1_154' title='bbox 2371 624 2529 693; x_wconf 83' lang='grc' dir='ltr'><strong>Λόγῳ</strong></span> <span class='ocrx_word' id='word_1_155' title='bbox 2569 623 2661 676; x_wconf 80' lang='grc' dir='ltr'>τοῦ</span> <span class='ocrx_word' id='word_1_156' title='bbox 2707 623 2862 676; x_wconf 80' lang='grc' dir='ltr'>Θεοῦ.</span> <span class='ocrx_word' id='word_1_157' title='bbox 2903 623 3063 686; x_wconf 70' lang='grc' dir='ltr'>Εἰκὸς</span> <span class='ocrx_word' id='word_1_158' title='bbox 3114 623 3189 687; x_wconf 86' lang='grc' dir='ltr'><strong>δέ,</strong></span> <span class='ocrx_word' id='word_1_159' title='bbox 3233 625 3313 678; x_wconf 83' lang='grc' dir='ltr'>ὅτι</span> <span class='ocrx_word' id='word_1_160' title='bbox 3347 625 3443 678; x_wconf 80' lang='grc' dir='ltr'><strong>διὰ</strong></span> <span class='ocrx_word' id='word_1_161' title='bbox 3487 627 3560 677; x_wconf 68' lang='grc' dir='ltr'><strong>τὰ</strong></span> 
     </span>
    </p>
   </div>
   <div class='ocr_carea' id='block_1_22' title="bbox 1973 714 3556 788">
    <p class='ocr_par' dir='ltr' id='par_1_22' title="bbox 1973 714 3556 788">
     <span class='ocr_line' id='line_1_22' title="bbox 1973 714 3556 788; baseline 0 -19"><span class='ocrx_word' id='word_1_162' title='bbox 1973 717 2099 788; x_wconf 76' lang='grc' dir='ltr'>περ).</span> <span class='ocrx_word' id='word_1_163' title='bbox 2151 716 2335 776; x_wconf 77' lang='grc' dir='ltr'><strong>τέλους</strong></span> <span class='ocrx_word' id='word_1_164' title='bbox 2385 717 2516 786; x_wconf 81' lang='grc' dir='ltr'>ἡμῖν</span> <span class='ocrx_word' id='word_1_165' title='bbox 2568 714 2937 784; x_wconf 85' lang='grc' dir='ltr'>ὑπονοούμενα</span> <span class='ocrx_word' id='word_1_166' title='bbox 2992 716 3270 786; x_wconf 79' lang='grc' dir='ltr'><strong>ἐπιστήσει</strong></span> <span class='ocrx_word' id='word_1_167' title='bbox 3306 734 3389 780; x_wconf 87' lang='grc' dir='ltr'><strong>τις</strong></span> <span class='ocrx_word' id='word_1_168' title='bbox 3437 716 3556 786; x_wconf 81' lang='grc' dir='ltr'><strong>τῷ·</strong></span> 
     </span>
    </p>
   </div>
   <div class='ocr_carea' id='block_1_23' title="bbox 1978 806 3562 877">
    <p class='ocr_par' dir='ltr' id='par_1_23' title="bbox 1978 806 3562 877">
     <span class='ocr_line' id='line_1_23' title="bbox 1978 806 3562 877; baseline -0.001 -16"><span class='ocrx_word' id='word_1_169' title='bbox 1978 828 1996 861; x_wconf 81' lang='grc' dir='ltr'><strong>ι</strong></span> <span class='ocrx_word' id='word_1_170' title='bbox 2030 811 2200 862; x_wconf 85' lang='grc' dir='ltr'>’Ὅπου</span> <span class='ocrx_word' id='word_1_171' title='bbox 2234 808 2345 876; x_wconf 81' lang='grc' dir='ltr'><strong>ἐγὼ</strong></span> <span class='ocrx_word' id='word_1_172' title='bbox 2384 808 2602 877; x_wconf 87' lang='grc' dir='ltr'>ὑπάγω,</span> <span class='ocrx_word' id='word_1_173' title='bbox 2635 807 2792 877; x_wconf 81' lang='grc' dir='ltr'>ὑμεῖς</span> <span class='ocrx_word' id='word_1_174' title='bbox 2817 808 2877 860; x_wconf 85' lang='grc' dir='ltr'><strong>οὑ</strong></span> <span class='ocrx_word' id='word_1_175' title='bbox 2917 806 3139 860; x_wconf 77' lang='grc' dir='ltr'><strong>δύνασθε</strong></span> <span class='ocrx_word' id='word_1_176' title='bbox 3171 807 3342 860; x_wconf 81' lang='grc' dir='ltr'>ἐλθεῖν</span> <span class='ocrx_word' id='word_1_177' title='bbox 3362 826 3414 860; x_wconf 66' lang='grc'><strong>³)</strong></span> <span class='ocrx_word' id='word_1_178' title='bbox 3459 810 3562 861; x_wconf 79' lang='grc' dir='ltr'><strong>καὶ</strong></span> 
     </span>
    </p>
   </div>
   <div class='ocr_carea' id='block_1_24' title="bbox 1971 897 3560 972">
    <p class='ocr_par' dir='ltr' id='par_1_24' title="bbox 1971 897 3560 972">
     <span class='ocr_line' id='line_1_24' title="bbox 1971 897 3560 972; baseline -0.001 -19"><span class='ocrx_word' id='word_1_179' title='bbox 1971 901 2106 972; x_wconf 81' lang='grc' dir='ltr'>πρὸς</span> <span class='ocrx_word' id='word_1_180' title='bbox 2138 900 2294 954; x_wconf 82' lang='grc' dir='ltr'><strong>τοῦτο</strong></span> <span class='ocrx_word' id='word_1_181' title='bbox 2333 901 2467 970; x_wconf 90' lang='grc' dir='ltr'>ἐρεῖ,</span> <span class='ocrx_word' id='word_1_182' title='bbox 2507 901 2588 952; x_wconf 80' lang='grc' dir='ltr'>ὅτι</span> <span class='ocrx_word' id='word_1_183' title='bbox 2635 898 2812 966; x_wconf 76' lang='grc' dir='ltr'>ἔξεστι</span> <span class='ocrx_word' id='word_1_184' title='bbox 2851 897 2943 950; x_wconf 75' lang='grc' dir='ltr'>νῦν</span> <span class='ocrx_word' id='word_1_185' title='bbox 2997 899 3094 968; x_wconf 79' lang='grc' dir='ltr'><strong>μὲν</strong></span> <span class='ocrx_word' id='word_1_186' title='bbox 3142 901 3216 971; x_wconf 78' lang='grc' dir='ltr'>μὴ</span> <span class='ocrx_word' id='word_1_187' title='bbox 3257 899 3560 960; x_wconf 80' lang='grc' dir='ltr'>δύνασθαι,</span> 
     </span>
    </p>
   </div>
   <div class='ocr_carea' id='block_1_25' title="bbox 1971 989 3567 1064">
    <p class='ocr_par' dir='ltr' id='par_1_25' title="bbox 1971 989 3567 1064">
     <span class='ocr_line' id='line_1_25' title="bbox 1971 989 3567 1064; baseline -0.003 -20"><span class='ocrx_word' id='word_1_188' title='bbox 1971 991 2196 1064; x_wconf 81' lang='grc' dir='ltr'>ὕστερον</span> <span class='ocrx_word' id='word_1_189' title='bbox 2231 991 2289 1044; x_wconf 86' lang='grc' dir='ltr'>δὲ</span> <span class='ocrx_word' id='word_1_190' title='bbox 2321 991 2647 1062; x_wconf 79' lang='grc' dir='ltr'>δυνήσεσθαι</span> <span class='ocrx_word' id='word_1_191' title='bbox 2699 989 2832 1061; x_wconf 74' lang='grc'>(48)·</span> <span class='ocrx_word' id='word_1_192' title='bbox 2893 991 2986 1043; x_wconf 72' lang='grc' dir='ltr'><strong>καὶ</strong></span> <span class='ocrx_word' id='word_1_193' title='bbox 3016 991 3172 1063; x_wconf 89' lang='grc' dir='ltr'>εῖπερ</span> <span class='ocrx_word' id='word_1_194' title='bbox 3205 990 3320 1043; x_wconf 86' lang='grc' dir='ltr'>ἐστί</span> <span class='ocrx_word' id='word_1_195' title='bbox 3350 1007 3444 1053; x_wconf 85' lang='grc' dir='ltr'><strong>τις</strong></span> <span class='ocrx_word' id='word_1_196' title='bbox 3483 991 3567 1040; x_wconf 83' lang='grc' dir='ltr'>ἐν·</span> 
     </span>
    </p>
   </div>
   <div class='ocr_carea' id='block_1_26' title="bbox 1969 1076 3560 1155">
    <p class='ocr_par' dir='ltr' id='par_1_26' title="bbox 1969 1076 3560 1155">
     <span class='ocr_line' id='line_1_26' title="bbox 1969 1076 3560 1155; baseline -0.002 -19"><span class='ocrx_word' id='word_1_197' title='bbox 1969 1081 2214 1155; x_wconf 78' lang='grc' dir='ltr'>έστηκὼς</span> <span class='ocrx_word' id='word_1_198' title='bbox 2247 1083 2399 1148; x_wconf 83' lang='grc' dir='ltr'>αἰὼν,</span> <span class='ocrx_word' id='word_1_199' title='bbox 2438 1085 2532 1138; x_wconf 80' lang='grc' dir='ltr'>καὶ</span> <span class='ocrx_word' id='word_1_200' title='bbox 2555 1083 2712 1148; x_wconf 82' lang='grc' dir='ltr'>ἄλλος</span> <span class='ocrx_word' id='word_1_201' title='bbox 2751 1082 2977 1153; x_wconf 83' lang='grc' dir='ltr'><strong>μέλλων,</strong></span> <span class='ocrx_word' id='word_1_202' title='bbox 3006 1076 3150 1136; x_wconf 77' lang='grc' dir='ltr'>οὑτοι</span> <span class='ocrx_word' id='word_1_203' title='bbox 3172 1083 3304 1153; x_wconf 76' lang='grc' dir='ltr'>πρὸς</span> <span class='ocrx_word' id='word_1_204' title='bbox 3328 1082 3430 1145; x_wconf 77' lang='grc' dir='ltr'><strong>οὓς</strong></span> <span class='ocrx_word' id='word_1_205' title='bbox 3462 1081 3560 1134; x_wconf 59' lang='grc' dir='ltr'>λέ-</span> 
     </span>
    </p>
   </div>
   <div class='ocr_carea' id='block_1_27' title="bbox 1967 1173 3559 1244">
    <p class='ocr_par' dir='ltr' id='par_1_27' title="bbox 1967 1173 3559 1244">
     <span class='ocr_line' id='line_1_27' title="bbox 1967 1173 3559 1244; baseline -0.001 -16"><span class='ocrx_word' id='word_1_206' title='bbox 1967 1176 2184 1242; x_wconf 89' lang='grc' dir='ltr'>λεκται,</span> <span class='ocrx_word' id='word_1_207' title='bbox 2224 1196 2241 1226; x_wconf 82' lang='grc' dir='ltr'><strong>ι</strong></span> <span class='ocrx_word' id='word_1_208' title='bbox 2268 1176 2341 1229; x_wconf 83' lang='grc' dir='ltr'><strong>Οὐ</strong></span> <span class='ocrx_word' id='word_1_209' title='bbox 2370 1175 2598 1228; x_wconf 77' lang='grc' dir='ltr'>δύνασθε</span> <span class='ocrx_word' id='word_1_210' title='bbox 2637 1175 2831 1239; x_wconf 88' lang='grc' dir='ltr'>ἐλθεῖν,</span> <span class='ocrx_word' id='word_1_211' title='bbox 2855 1194 2871 1225; x_wconf 77' lang='grc' dir='ltr'><strong>ι</strong></span> <span class='ocrx_word' id='word_1_212' title='bbox 2914 1174 3055 1228; x_wconf 85' lang='grc' dir='ltr'><strong>κατὰ</strong></span> <span class='ocrx_word' id='word_1_213' title='bbox 3085 1173 3172 1227; x_wconf 80' lang='grc' dir='ltr'>τὸν</span> <span class='ocrx_word' id='word_1_214' title='bbox 3207 1174 3559 1244; x_wconf 70' lang='grc' dir='ltr'><strong>ἐνεστηκότα</strong></span> 
     </span>
    </p>
   </div>
   <div class='ocr_carea' id='block_1_28' title="bbox 1967 1267 3554 1340">
    <p class='ocr_par' dir='ltr' id='par_1_28' title="bbox 1967 1267 3554 1340">
     <span class='ocr_line' id='line_1_28' title="bbox 1967 1267 3554 1340; baseline -0.002 -17"><span class='ocrx_word' id='word_1_215' title='bbox 1967 1270 2138 1323; x_wconf 83' lang='grc' dir='ltr'><strong>αἰῶνα</strong></span> <span class='ocrx_word' id='word_1_216' title='bbox 2187 1270 2374 1338; x_wconf 75' lang='grc' dir='ltr'>(πολὺς</span> <span class='ocrx_word' id='word_1_217' title='bbox 2402 1269 2460 1322; x_wconf 83' lang='grc' dir='ltr'><strong>δὲ</strong></span> <span class='ocrx_word' id='word_1_218' title='bbox 2491 1272 2518 1322; x_wconf 86' lang='grc' dir='ltr'>ὁ</span> <span class='ocrx_word' id='word_1_219' title='bbox 2555 1269 2755 1322; x_wconf 81' lang='grc' dir='ltr'>λείπων</span> <span class='ocrx_word' id='word_1_220' title='bbox 2787 1269 2866 1333; x_wconf 86' lang='grc' dir='ltr'><strong>εἰς</strong></span> <span class='ocrx_word' id='word_1_221' title='bbox 2903 1269 3000 1340; x_wconf 75' lang='grc' dir='ltr'><strong>τὴν</strong></span> <span class='ocrx_word' id='word_1_222' title='bbox 3034 1267 3337 1322; x_wconf 78' lang='grc' dir='ltr'>συντέλειαν</span> <span class='ocrx_word' id='word_1_223' title='bbox 3368 1267 3554 1320; x_wconf 73' lang='grc' dir='ltr'>αὐτοῦ</span> 
     </span>
    </p>
   </div>
   <div class='ocr_carea' id='block_1_29' title="bbox 1966 1360 3555 1434">
    <p class='ocr_par' dir='ltr' id='par_1_29' title="bbox 1966 1360 3555 1434">
     <span class='ocr_line' id='line_1_29' title="bbox 1966 1360 3555 1434; baseline -0.003 -18"><span class='ocrx_word' id='word_1_224' title='bbox 1966 1364 2078 1416; x_wconf 79' lang='grc' dir='ltr'>ἐστι</span> <span class='ocrx_word' id='word_1_225' title='bbox 2103 1362 2313 1434; x_wconf 81' lang='grc' dir='ltr'><strong>χρόνος)</strong></span> <span class='ocrx_word' id='word_1_226' title='bbox 2351 1361 2410 1415; x_wconf 85' lang='grc' dir='ltr'><strong>οὑ</strong></span> <span class='ocrx_word' id='word_1_227' title='bbox 2452 1361 2704 1416; x_wconf 86' lang='grc' dir='ltr'>δύνανται</span> <span class='ocrx_word' id='word_1_228' title='bbox 2737 1363 2910 1416; x_wconf 78' lang='grc' dir='ltr'>ἐλθεῖν</span> <span class='ocrx_word' id='word_1_229' title='bbox 2945 1364 3078 1415; x_wconf 83' lang='grc' dir='ltr'>ὅπου</span> <span class='ocrx_word' id='word_1_230' title='bbox 3120 1360 3344 1432; x_wconf 82' lang='grc' dir='ltr'>Ἰησοῦς,</span> <span class='ocrx_word' id='word_1_231' title='bbox 3371 1377 3555 1413; x_wconf 72' lang='grc' dir='ltr'>τουτ-</span> 
     </span>
    </p>
   </div>
   <div class='ocr_carea' id='block_1_30' title="bbox 1966 1451 3555 1525">
    <p class='ocr_par' dir='ltr' id='par_1_30' title="bbox 1966 1451 3555 1525">
     <span class='ocr_line' id='line_1_30' title="bbox 1966 1451 3555 1525; baseline -0.002 -19"><span class='ocrx_word' id='word_1_232' title='bbox 1966 1454 2133 1518; x_wconf 88' lang='grc' dir='ltr'>έστιν,</span> <span class='ocrx_word' id='word_1_233' title='bbox 2177 1456 2311 1506; x_wconf 81' lang='grc' dir='ltr'>ὅπου</span> <span class='ocrx_word' id='word_1_234' title='bbox 2344 1455 2376 1524; x_wconf 83' lang='grc' dir='ltr'><strong>ή</strong></span> <span class='ocrx_word' id='word_1_235' title='bbox 2436 1453 2681 1525; x_wconf 85' lang='grc' dir='ltr'>ἀλήθεια,</span> <span class='ocrx_word' id='word_1_236' title='bbox 2711 1454 2805 1507; x_wconf 71' lang='grc' dir='ltr'><strong>καὶ</strong></span> <span class='ocrx_word' id='word_1_237' title='bbox 2833 1455 2866 1524; x_wconf 85' lang='grc' dir='ltr'>ἡ</span> <span class='ocrx_word' id='word_1_238' title='bbox 2919 1452 3096 1521; x_wconf 78' lang='grc' dir='ltr'>σοφία,</span> <span class='ocrx_word' id='word_1_239' title='bbox 3129 1453 3221 1505; x_wconf 76' lang='grc' dir='ltr'><strong>καὶ</strong></span> <span class='ocrx_word' id='word_1_240' title='bbox 3255 1453 3284 1504; x_wconf 83' lang='grc' dir='ltr'>ὁ</span> <span class='ocrx_word' id='word_1_241' title='bbox 3327 1451 3555 1518; x_wconf 78' lang='grc' dir='ltr'>Λόγος·</span> 
     </span>
    </p>
   </div>
   <div class='ocr_carea' id='block_1_31' title="bbox 1963 1536 3564 1615">
    <p class='ocr_par' dir='ltr' id='par_1_31' title="bbox 1963 1536 3564 1615">
     <span class='ocr_line' id='line_1_31' title="bbox 1963 1536 3564 1615; baseline -0.003 -19"><span class='ocrx_word' id='word_1_242' title='bbox 1963 1543 2122 1597; x_wconf 79' lang='grc' dir='ltr'>τοῦτο</span> <span class='ocrx_word' id='word_1_243' title='bbox 2166 1543 2276 1615; x_wconf 90' lang='grc' dir='ltr'><strong>γάρ</strong></span> <span class='ocrx_word' id='word_1_244' title='bbox 2318 1545 2485 1606; x_wconf 83' lang='grc' dir='ltr'>ἐστιν,</span> <span class='ocrx_word' id='word_1_245' title='bbox 2523 1542 2675 1596; x_wconf 82' lang='grc' dir='ltr'>ὅπου</span> <span class='ocrx_word' id='word_1_246' title='bbox 2723 1541 2983 1609; x_wconf 82' lang='grc' dir='ltr'>Ἰησοῦς·</span> <span class='ocrx_word' id='word_1_247' title='bbox 3035 1536 3149 1594; x_wconf 71' lang='grc' dir='ltr'>οἶδα</span> <span class='ocrx_word' id='word_1_248' title='bbox 3177 1541 3232 1594; x_wconf 85' lang='grc' dir='ltr'><strong>δέ</strong></span> <span class='ocrx_word' id='word_1_249' title='bbox 3269 1558 3457 1604; x_wconf 86' lang='grc' dir='ltr'>τινας,</span> <span class='ocrx_word' id='word_1_250' title='bbox 3497 1539 3564 1592; x_wconf 83' lang='grc' dir='ltr'><strong>ού</strong></span> 
     </span>
    </p>
   </div>
   <div class='ocr_carea' id='block_1_32' title="bbox 1967 1631 3563 1706">
    <p class='ocr_par' dir='ltr' id='par_1_32' title="bbox 1967 1631 3563 1706">
     <span class='ocr_line' id='line_1_32' title="bbox 1967 1631 3563 1706; baseline -0.004 -17"><span class='ocrx_word' id='word_1_251' title='bbox 1967 1635 2125 1706; x_wconf 80' lang='grc' dir='ltr'>μόνον</span> <span class='ocrx_word' id='word_1_252' title='bbox 2158 1638 2213 1688; x_wconf 88' lang='grc' dir='ltr'><strong>ἐν</strong></span> <span class='ocrx_word' id='word_1_253' title='bbox 2246 1635 2324 1704; x_wconf 80' lang='grc' dir='ltr'>τῷ</span> <span class='ocrx_word' id='word_1_254' title='bbox 2356 1634 2511 1688; x_wconf 80' lang='grc' dir='ltr'>αἰῶνι</span> <span class='ocrx_word' id='word_1_255' title='bbox 2546 1635 2739 1705; x_wconf 83' lang='grc' dir='ltr'>τούτῳ,</span> <span class='ocrx_word' id='word_1_256' title='bbox 2774 1632 2911 1687; x_wconf 87' lang='grc' dir='ltr'><strong>ἀλλά</strong></span> <span class='ocrx_word' id='word_1_257' title='bbox 2940 1633 3033 1686; x_wconf 70' lang='grc' dir='ltr'>καὶ</span> <span class='ocrx_word' id='word_1_258' title='bbox 3070 1633 3128 1684; x_wconf 84' lang='grc' dir='ltr'><strong>ἐν</strong></span> <span class='ocrx_word' id='word_1_259' title='bbox 3173 1633 3250 1703; x_wconf 82' lang='grc' dir='ltr'><strong>τῷ</strong></span> <span class='ocrx_word' id='word_1_260' title='bbox 3290 1631 3563 1703; x_wconf 82' lang='grc' dir='ltr'>μέλλοντι</span> 
     </span>
    </p>
   </div>
   <div class='ocr_carea' id='block_1_33' title="bbox 1964 1721 3563 1799">
    <p class='ocr_par' dir='ltr' id='par_1_33' title="bbox 1964 1721 3563 1799">
     <span class='ocr_line' id='line_1_33' title="bbox 1964 1721 3563 1799; baseline -0.005 -18"><span class='ocrx_word' id='word_1_261' title='bbox 1964 1727 2363 1799; x_wconf 80' lang='grc' dir='ltr'><strong>κρατουμένους</strong></span> <span class='ocrx_word' id='word_1_262' title='bbox 2398 1726 2503 1779; x_wconf 79' lang='grc' dir='ltr'><strong>ὑπὸ</strong></span> <span class='ocrx_word' id='word_1_263' title='bbox 2546 1727 2645 1795; x_wconf 77' lang='grc' dir='ltr'>τῆς</span> <span class='ocrx_word' id='word_1_264' title='bbox 2687 1725 2820 1789; x_wconf 76' lang='grc' dir='ltr'>ἰδίας</span> <span class='ocrx_word' id='word_1_265' title='bbox 2869 1724 3176 1796; x_wconf 87' lang='grc' dir='ltr'>ἁμαρτίας,</span> <span class='ocrx_word' id='word_1_266' title='bbox 3207 1723 3280 1786; x_wconf 84' lang='grc' dir='ltr'>ὡς</span> <span class='ocrx_word' id='word_1_267' title='bbox 3311 1721 3563 1787; x_wconf 75' lang='grc' dir='ltr'>τούτους·</span> 
     </span>
    </p>
   </div>
   <div class='ocr_carea' id='block_1_34' title="bbox 284 1805 1822 1886">
    <p class='ocr_par' dir='ltr' id='par_1_34' title="bbox 284 1811 1822 1886">
     <span class='ocr_line' id='line_1_34' title="bbox 284 1811 1822 1886; baseline 0.004 -21"><span class='ocrx_word' id='word_1_268' title='bbox 284 1811 386 1867; x_wconf 91' lang='lat' dir='ltr'><strong>bus</strong></span> <span class='ocrx_word' id='word_1_269' title='bbox 407 1813 606 1868; x_wconf 89' lang='lat' dir='ltr'><strong>dicitur</strong></span> <span class='ocrx_word' id='word_1_270' title='bbox 625 1853 641 1878; x_wconf 90' lang='lat'><strong>,</strong></span> <span class='ocrx_word' id='word_1_271' title='bbox 672 1833 692 1866; x_wconf 78' lang='grc' dir='ltr'><strong>ι</strong></span> <span class='ocrx_word' id='word_1_272' title='bbox 712 1813 827 1869; x_wconf 90' lang='lat' dir='ltr'><strong>Non</strong></span> <span class='ocrx_word' id='word_1_273' title='bbox 854 1815 1078 1884; x_wconf 88' lang='lat' dir='ltr'><strong>potestis</strong></span> <span class='ocrx_word' id='word_1_274' title='bbox 1104 1818 1308 1882; x_wconf 80' lang='lat' dir='ltr'><strong>venire,</strong></span> <span class='ocrx_word' id='word_1_275' title='bbox 1337 1837 1354 1870; x_wconf 72' lang='grc' dir='ltr'><strong>ι</strong></span> <span class='ocrx_word' id='word_1_276' title='bbox 1379 1820 1481 1872; x_wconf 88' lang='lat' dir='ltr'><strong>hoc</strong></span> <span class='ocrx_word' id='word_1_277' title='bbox 1505 1818 1700 1872; x_wconf 64' lang='lat' dir='ltr'><strong>stmulo</strong></span> <span class='ocrx_word' id='word_1_278' title='bbox 1723 1832 1822 1886; x_wconf 70' lang='lat' dir='ltr'><strong>pra</strong></span> 
     </span>
    </p>
   </div>
   <div class='ocr_carea' id='block_1_35' title="bbox 2000 1805 3564 1886">
    <p class='ocr_par' dir='ltr' id='par_1_35' title="bbox 2000 1805 3564 1884">
     <span class='ocr_line' id='line_1_35' title="bbox 2000 1805 3564 1884; baseline 0 -19"><span class='ocrx_word' id='word_1_279' title='bbox 2000 1814 2091 1884; x_wconf 74' lang='grc' dir='ltr'><strong>ερὶ</strong></span> <span class='ocrx_word' id='word_1_280' title='bbox 2136 1805 2212 1865; x_wconf 82' lang='grc' dir='ltr'>ὧν</span> <span class='ocrx_word' id='word_1_281' title='bbox 2255 1814 2469 1884; x_wconf 88' lang='grc' dir='ltr'>φησινό</span> <span class='ocrx_word' id='word_1_282' title='bbox 2495 1813 2695 1881; x_wconf 76' lang='grc' dir='ltr'>Λόγοςο</span> <span class='ocrx_word' id='word_1_283' title='bbox 2739 1831 2758 1865; x_wconf 80' lang='grc' dir='ltr'><strong>ι</strong></span> <span class='ocrx_word' id='word_1_284' title='bbox 2794 1813 2918 1866; x_wconf 80' lang='grc' dir='ltr'><strong>Ἐὰν</strong></span> <span class='ocrx_word' id='word_1_285' title='bbox 2947 1813 3309 1884; x_wconf 69' lang='grc' dir='ltr'><strong>βλασφημήσῃ</strong></span> <span class='ocrx_word' id='word_1_286' title='bbox 3349 1815 3442 1876; x_wconf 85' lang='grc' dir='ltr'>εἰς</span> <span class='ocrx_word' id='word_1_287' title='bbox 3495 1813 3564 1865; x_wconf 79' lang='grc' dir='ltr'>τὸ</span> 
     </span>
    </p>
   </div>
   <div class='ocr_carea' id='block_1_36' title="bbox 282 1901 1856 1971">
    <p class='ocr_par' dir='ltr' id='par_1_36' title="bbox 282 1901 1856 1971">
     <span class='ocr_line' id='line_1_36' title="bbox 282 1901 1856 1971; baseline 0.004 -17"><span class='ocrx_word' id='word_1_288' title='bbox 282 1902 420 1955; x_wconf 90' lang='lat' dir='ltr'><strong>senti</strong></span> <span class='ocrx_word' id='word_1_289' title='bbox 448 1901 697 1971; x_wconf 93' lang='lat' dir='ltr'><strong>(multum</strong></span> <span class='ocrx_word' id='word_1_290' title='bbox 728 1912 905 1957; x_wconf 88' lang='lat' dir='ltr'><strong>autem</strong></span> <span class='ocrx_word' id='word_1_291' title='bbox 937 1905 1002 1957; x_wconf 90' lang='lat' dir='ltr'><strong>ad</strong></span> <span class='ocrx_word' id='word_1_292' title='bbox 1030 1901 1146 1971; x_wconf 86' lang='lat' dir='ltr'><strong>ejus</strong></span> <span class='ocrx_word' id='word_1_293' title='bbox 1169 1907 1688 1961; x_wconf 86' lang='lat' dir='ltr'><strong>consummationem</strong></span> <span class='ocrx_word' id='word_1_294' title='bbox 1715 1919 1856 1962; x_wconf 89' lang='lat' dir='ltr'><strong>tem-</strong></span> 
     </span>
    </p>
   </div>
   <div class='ocr_carea' id='block_1_37' title="bbox 215 1997 1856 2067">
    <p class='ocr_par' dir='ltr' id='par_1_37' title="bbox 215 1997 1856 2067">
     <span class='ocr_line' id='line_1_37' title="bbox 215 1997 1856 2067; baseline 0.005 -19"><span class='ocrx_word' id='word_1_295' title='bbox 215 2061 220 2066; x_wconf 23' lang='lat'><strong><em>.</em></strong></span> <span class='ocrx_word' id='word_1_296' title='bbox 280 1997 432 2062; x_wconf 88' lang='lat' dir='ltr'><strong>poris</strong></span> <span class='ocrx_word' id='word_1_297' title='bbox 463 1997 730 2067; x_wconf 89' lang='lat' dir='ltr'><strong>superest)</strong></span> <span class='ocrx_word' id='word_1_298' title='bbox 766 1998 954 2052; x_wconf 86' lang='lat' dir='ltr'><strong>venire</strong></span> <span class='ocrx_word' id='word_1_299' title='bbox 989 2013 1093 2051; x_wconf 92' lang='lat' dir='ltr'><strong>non</strong></span> <span class='ocrx_word' id='word_1_300' title='bbox 1121 2012 1278 2066; x_wconf 90' lang='lat' dir='ltr'><strong>posse</strong></span> <span class='ocrx_word' id='word_1_301' title='bbox 1305 1998 1395 2053; x_wconf 89' lang='lat' dir='ltr'><strong>ubi</strong></span> <span class='ocrx_word' id='word_1_302' title='bbox 1425 2009 1510 2054; x_wconf 89' lang='lat' dir='ltr'><strong>est</strong></span> <span class='ocrx_word' id='word_1_303' title='bbox 1540 1999 1722 2066; x_wconf 80' lang='lat' dir='ltr'><strong>Jesus,</strong></span> <span class='ocrx_word' id='word_1_304' title='bbox 1753 2003 1856 2058; x_wconf 93' lang='lat' dir='ltr'><strong>hoc</strong></span> 
     </span>
    </p>
   </div>
   <div class='ocr_carea' id='block_1_38' title="bbox 279 2088 1856 2159">
    <p class='ocr_par' dir='ltr' id='par_1_38' title="bbox 279 2088 1856 2159">
     <span class='ocr_line' id='line_1_38' title="bbox 279 2088 1856 2159; baseline 0.006 -19"><span class='ocrx_word' id='word_1_305' title='bbox 279 2097 398 2154; x_wconf 87' lang='lat' dir='ltr'><strong>est,</strong></span> <span class='ocrx_word' id='word_1_306' title='bbox 427 2088 516 2142; x_wconf 92' lang='lat' dir='ltr'><strong>ubi</strong></span> <span class='ocrx_word' id='word_1_307' title='bbox 561 2097 646 2142; x_wconf 89' lang='lat' dir='ltr'><strong>est</strong></span> <span class='ocrx_word' id='word_1_308' title='bbox 690 2088 924 2151; x_wconf 86' lang='lat' dir='ltr'><strong>veritas,</strong></span> <span class='ocrx_word' id='word_1_309' title='bbox 955 2098 1007 2143; x_wconf 90' lang='lat' dir='ltr'><strong>et</strong></span> <span class='ocrx_word' id='word_1_310' title='bbox 1053 2090 1320 2157; x_wconf 88' lang='lat' dir='ltr'><strong>sapientia</strong></span> <span class='ocrx_word' id='word_1_311' title='bbox 1346 2131 1361 2155; x_wconf 90' lang='lat'><strong>,</strong></span> <span class='ocrx_word' id='word_1_312' title='bbox 1403 2101 1457 2146; x_wconf 91' lang='lat' dir='ltr'><strong>et</strong></span> <span class='ocrx_word' id='word_1_313' title='bbox 1489 2091 1714 2159; x_wconf 91' lang='lat' dir='ltr'><strong>Sermo;</strong></span> <span class='ocrx_word' id='word_1_314' title='bbox 1752 2094 1856 2150; x_wconf 89' lang='lat' dir='ltr'><strong>hoc</strong></span> 
     </span>
    </p>
   </div>
   <div class='ocr_carea' id='block_1_39' title="bbox 279 2178 1854 2253">
    <p class='ocr_par' dir='ltr' id='par_1_39' title="bbox 279 2178 1854 2253">
     <span class='ocr_line' id='line_1_39' title="bbox 279 2178 1854 2253; baseline 0.006 -21"><span class='ocrx_word' id='word_1_315' title='bbox 279 2178 424 2232; x_wconf 90' lang='lat' dir='ltr'><strong>enim</strong></span> <span class='ocrx_word' id='word_1_316' title='bbox 458 2180 756 2246; x_wconf 80' lang='lat' dir='ltr'><strong>signilicat,</strong></span> <span class='ocrx_word' id='word_1_317' title='bbox 802 2179 890 2232; x_wconf 81' lang='lat' dir='ltr'><strong>ubi</strong></span> <span class='ocrx_word' id='word_1_318' title='bbox 934 2189 1010 2234; x_wconf 81' lang='lat' dir='ltr'><strong>est</strong></span> <span class='ocrx_word' id='word_1_319' title='bbox 1057 2180 1216 2235; x_wconf 77' lang='lat' dir='ltr'><strong>Jews</strong></span> <span class='ocrx_word' id='word_1_320' title='bbox 1257 2195 1276 2234; x_wconf 93' lang='lat'><strong>:</strong></span> <span class='ocrx_word' id='word_1_321' title='bbox 1317 2192 1374 2236; x_wconf 84' lang='lat' dir='ltr'><strong>at</strong></span> <span class='ocrx_word' id='word_1_322' title='bbox 1424 2185 1684 2253; x_wconf 88' lang='lat' dir='ltr'><strong>quosdam</strong></span> <span class='ocrx_word' id='word_1_323' title='bbox 1729 2187 1854 2241; x_wconf 85' lang='lat' dir='ltr'><strong>novi</strong></span> 
     </span>
    </p>
   </div>
   <div class='ocr_carea' id='block_1_40' title="bbox 279 2269 1851 2341">
    <p class='ocr_par' dir='ltr' id='par_1_40' title="bbox 279 2269 1851 2341">
     <span class='ocr_line' id='line_1_40' title="bbox 279 2269 1851 2341; baseline 0.008 -22"><span class='ocrx_word' id='word_1_324' title='bbox 279 2269 370 2338; x_wconf 90' lang='lat' dir='ltr'><strong>qui</strong></span> <span class='ocrx_word' id='word_1_325' title='bbox 407 2284 508 2322; x_wconf 91' lang='lat' dir='ltr'><strong>non</strong></span> <span class='ocrx_word' id='word_1_326' title='bbox 540 2269 710 2322; x_wconf 77' lang='lat' dir='ltr'><strong>solum</strong></span> <span class='ocrx_word' id='word_1_327' title='bbox 739 2271 942 2329; x_wconf 89' lang='lat' dir='ltr'><strong>in.hoc</strong></span> <span class='ocrx_word' id='word_1_328' title='bbox 970 2271 1199 2341; x_wconf 70' lang='lat' dir='ltr'><strong>saeculo,</strong></span> <span class='ocrx_word' id='word_1_329' title='bbox 1245 2288 1431 2328; x_wconf 86' lang='lat' dir='ltr'><strong>verum</strong></span> <span class='ocrx_word' id='word_1_330' title='bbox 1471 2275 1639 2330; x_wconf 87' lang='lat' dir='ltr'><strong>etiam</strong></span> <span class='ocrx_word' id='word_1_331' title='bbox 1673 2276 1730 2331; x_wconf 91' lang='lat' dir='ltr'><strong>in</strong></span> <span class='ocrx_word' id='word_1_332' title='bbox 1763 2278 1851 2332; x_wconf 90' lang='lat' dir='ltr'><strong>fu-</strong></span> 
     </span>
    </p>
   </div>
   <div class='ocr_carea' id='block_1_41' title="bbox 281 2362 1849 2436">
    <p class='ocr_par' dir='ltr' id='par_1_41' title="bbox 281 2362 1849 2436">
     <span class='ocr_line' id='line_1_41' title="bbox 281 2362 1849 2436; baseline 0.008 -25"><span class='ocrx_word' id='word_1_333' title='bbox 281 2369 405 2412; x_wconf 90' lang='lat' dir='ltr'><strong>turo</strong></span> <span class='ocrx_word' id='word_1_334' title='bbox 438 2374 465 2412; x_wconf 90' lang='lat' dir='ltr'><strong>a</strong></span> <span class='ocrx_word' id='word_1_335' title='bbox 518 2362 736 2428; x_wconf 91' lang='lat' dir='ltr'><strong>proprio</strong></span> <span class='ocrx_word' id='word_1_336' title='bbox 779 2372 999 2432; x_wconf 92' lang='lat' dir='ltr'><strong>peccato</strong></span> <span class='ocrx_word' id='word_1_337' title='bbox 1045 2363 1431 2431; x_wconf 85' lang='lat' dir='ltr'><strong>detineantur,</strong></span> <span class='ocrx_word' id='word_1_338' title='bbox 1463 2367 1634 2422; x_wconf 76' lang='lat' dir='ltr'><strong>veluti</strong></span> <span class='ocrx_word' id='word_1_339' title='bbox 1696 2368 1849 2436; x_wconf 89' lang='lat' dir='ltr'><strong>istos,</strong></span> 
     </span>
    </p>
   </div>
   <div class='ocr_carea' id='block_1_42' title="bbox 278 2451 1853 2528">
    <p class='ocr_par' dir='ltr' id='par_1_42' title="bbox 278 2451 1853 2528">
     <span class='ocr_line' id='line_1_42' title="bbox 278 2451 1853 2528; baseline 0.007 -24"><span class='ocrx_word' id='word_1_340' title='bbox 278 2452 348 2505; x_wconf 89' lang='lat' dir='ltr'><strong>de</strong></span> <span class='ocrx_word' id='word_1_341' title='bbox 375 2451 570 2518; x_wconf 86' lang='lat' dir='ltr'><strong>quibus</strong></span> <span class='ocrx_word' id='word_1_342' title='bbox 603 2451 771 2508; x_wconf 89' lang='lat' dir='ltr'><strong>Filius</strong></span> <span class='ocrx_word' id='word_1_343' title='bbox 807 2455 898 2508; x_wconf 90' lang='lat' dir='ltr'><strong>Del</strong></span> <span class='ocrx_word' id='word_1_344' title='bbox 929 2452 1192 2524; x_wconf 74' lang='lat' dir='ltr'><strong>inquit&quot;:</strong></span> <span class='ocrx_word' id='word_1_345' title='bbox 1218 2474 1236 2506; x_wconf 82' lang='grc' dir='ltr'><strong>ι</strong></span> <span class='ocrx_word' id='word_1_346' title='bbox 1261 2457 1361 2524; x_wconf 87' lang='lat' dir='ltr'><strong>Qui</strong></span> <span class='ocrx_word' id='word_1_347' title='bbox 1397 2457 1853 2528; x_wconf 87' lang='lat' dir='ltr'><strong>blasphemaverit</strong></span> 
     </span>
    </p>
   </div>
   <div class='ocr_carea' id='block_1_43' title="bbox 279 2543 1848 2617">
    <p class='ocr_par' dir='ltr' id='par_1_43' title="bbox 279 2543 1848 2617">
     <span class='ocr_line' id='line_1_43' title="bbox 279 2543 1848 2617; baseline 0.006 -21"><span class='ocrx_word' id='word_1_348' title='bbox 279 2543 334 2597; x_wconf 90' lang='lat' dir='ltr'><strong>in</strong></span> <span class='ocrx_word' id='word_1_349' title='bbox 365 2544 625 2612; x_wconf 83' lang='lat' dir='ltr'><strong>Spiritum</strong></span> <span class='ocrx_word' id='word_1_350' title='bbox 666 2556 950 2612; x_wconf 89' lang='lat' dir='ltr'><strong>sanctum,</strong></span> <span class='ocrx_word' id='word_1_351' title='bbox 1015 2564 1122 2602; x_wconf 91' lang='lat' dir='ltr'><strong>non</strong></span> <span class='ocrx_word' id='word_1_352' title='bbox 1177 2549 1404 2604; x_wconf 83' lang='lat' dir='ltr'><strong>habebit</strong></span> <span class='ocrx_word' id='word_1_353' title='bbox 1449 2551 1848 2617; x_wconf 85' lang='lat' dir='ltr'><strong>remissionem,</strong></span> 
     </span>
    </p>
   </div>
   <div class='ocr_carea' id='block_1_44' title="bbox 279 2636 1843 2713">
    <p class='ocr_par' dir='ltr' id='par_1_44' title="bbox 279 2636 1843 2713">
     <span class='ocr_line' id='line_1_44' title="bbox 279 2636 1843 2713; baseline 0.008 -25"><span class='ocrx_word' id='word_1_354' title='bbox 279 2650 456 2704; x_wconf 90' lang='lat' dir='ltr'><strong>neque</strong></span> <span class='ocrx_word' id='word_1_355' title='bbox 517 2636 568 2690; x_wconf 88' lang='lat' dir='ltr'><strong>in</strong></span> <span class='ocrx_word' id='word_1_356' title='bbox 623 2641 873 2706; x_wconf 86' lang='lat' dir='ltr'><strong>praesenti</strong></span> <span class='ocrx_word' id='word_1_357' title='bbox 944 2642 1172 2706; x_wconf 61' lang='lat' dir='ltr'><strong>smculo,</strong></span> <span class='ocrx_word' id='word_1_358' title='bbox 1227 2658 1406 2713; x_wconf 90' lang='lat' dir='ltr'><strong>neque</strong></span> <span class='ocrx_word' id='word_1_359' title='bbox 1453 2645 1507 2698; x_wconf 89' lang='lat' dir='ltr'><strong>in</strong></span> <span class='ocrx_word' id='word_1_360' title='bbox 1567 2644 1786 2711; x_wconf 85' lang='lat' dir='ltr'><strong>futuro;</strong></span> <span class='ocrx_word' id='word_1_361' title='bbox 1824 2666 1843 2700; x_wconf 72' lang='grc' dir='ltr'><strong>ι</strong></span> 
     </span>
    </p>
   </div>
   <div class='ocr_carea' id='block_1_45' title="bbox 279 2733 1847 2800">
    <p class='ocr_par' dir='ltr' id='par_1_45' title="bbox 279 2733 1847 2800">
     <span class='ocr_line' id='line_1_45' title="bbox 279 2733 1847 2800; baseline 0.007 -21"><span class='ocrx_word' id='word_1_362' title='bbox 279 2743 380 2781; x_wconf 91' lang='lat' dir='ltr'><strong>nec</strong></span> <span class='ocrx_word' id='word_1_363' title='bbox 406 2737 583 2782; x_wconf 87' lang='lat' dir='ltr'><strong>tamen</strong></span> <span class='ocrx_word' id='word_1_364' title='bbox 615 2733 898 2800; x_wconf 89' lang='lat' dir='ltr'><strong>sequitur,</strong></span> <span class='ocrx_word' id='word_1_365' title='bbox 929 2734 971 2788; x_wconf 93' lang='lat' dir='ltr'><strong>si</strong></span> <span class='ocrx_word' id='word_1_366' title='bbox 1013 2750 1118 2787; x_wconf 91' lang='lat' dir='ltr'><strong>non</strong></span> <span class='ocrx_word' id='word_1_367' title='bbox 1164 2734 1327 2788; x_wconf 83' lang='lat' dir='ltr'><strong>habet</strong></span> <span class='ocrx_word' id='word_1_368' title='bbox 1372 2733 1746 2789; x_wconf 87' lang='lat' dir='ltr'><strong>remissionem</strong></span> <span class='ocrx_word' id='word_1_369' title='bbox 1795 2738 1847 2790; x_wconf 91' lang='lat' dir='ltr'><strong>in</strong></span> 
     </span>
    </p>
   </div>
   <div class='ocr_carea' id='block_1_46' title="bbox 278 2815 1849 2890">
    <p class='ocr_par' dir='ltr' id='par_1_46' title="bbox 278 2815 1849 2890">
     <span class='ocr_line' id='line_1_46' title="bbox 278 2815 1849 2890; baseline 0.005 -23"><span class='ocrx_word' id='word_1_370' title='bbox 278 2815 460 2871; x_wconf 89' lang='lat' dir='ltr'><strong>futuro</strong></span> <span class='ocrx_word' id='word_1_371' title='bbox 489 2819 722 2884; x_wconf 68' lang='lat' dir='ltr'><strong>saeculo,</strong></span> <span class='ocrx_word' id='word_1_372' title='bbox 760 2836 865 2875; x_wconf 92' lang='lat' dir='ltr'><strong>non</strong></span> <span class='ocrx_word' id='word_1_373' title='bbox 899 2822 1099 2876; x_wconf 86' lang='lat' dir='ltr'><strong>habere</strong></span> <span class='ocrx_word' id='word_1_374' title='bbox 1144 2823 1196 2876; x_wconf 91' lang='lat' dir='ltr'><strong>in</strong></span> <span class='ocrx_word' id='word_1_375' title='bbox 1241 2822 1650 2890; x_wconf 86' lang='lat' dir='ltr'><strong>superventuris</strong></span> <span class='ocrx_word' id='word_1_376' title='bbox 1679 2837 1849 2877; x_wconf 65' lang='lat' dir='ltr'><strong>saecu-</strong></span> 
     </span>
    </p>
   </div>
   <div class='ocr_carea' id='block_1_47' title="bbox 276 2905 1849 2984">
    <p class='ocr_par' dir='ltr' id='par_1_47' title="bbox 276 2905 1849 2984">
     <span class='ocr_line' id='line_1_47' title="bbox 276 2905 1849 2984; baseline 0.006 -26"><span class='ocrx_word' id='word_1_377' title='bbox 276 2905 365 2959; x_wconf 93' lang='lat' dir='ltr'><strong>lis.</strong></span> <span class='ocrx_word' id='word_1_378' title='bbox 400 2906 547 2962; x_wconf 90' lang='lat' dir='ltr'><strong>Sane</strong></span> <span class='ocrx_word' id='word_1_379' title='bbox 584 2908 880 2964; x_wconf 85' lang='lat' dir='ltr'><strong>Heracleon</strong></span> <span class='ocrx_word' id='word_1_380' title='bbox 920 2925 1199 2980; x_wconf 79' lang='lat' dir='ltr'><strong>exponens</strong></span> <span class='ocrx_word' id='word_1_381' title='bbox 1242 2912 1534 2967; x_wconf 90' lang='lat' dir='ltr'><strong>dictionem</strong></span> <span class='ocrx_word' id='word_1_382' title='bbox 1575 2913 1849 2984; x_wconf 70' lang='lat' dir='ltr'><strong>gazophy-</strong></span> 
     </span>
    </p>
   </div>
   <div class='ocr_carea' id='block_1_48' title="bbox 275 2997 1843 3071">
    <p class='ocr_par' dir='ltr' id='par_1_48' title="bbox 275 2997 1843 3071">
     <span class='ocr_line' id='line_1_48' title="bbox 275 2997 1843 3071; baseline 0.007 -21"><span class='ocrx_word' id='word_1_383' title='bbox 275 2997 440 3066; x_wconf 87' lang='lat' dir='ltr'><strong>lacii,</strong></span> <span class='ocrx_word' id='word_1_384' title='bbox 487 3002 620 3056; x_wconf 88' lang='lat' dir='ltr'><strong>nihil</strong></span> <span class='ocrx_word' id='word_1_385' title='bbox 669 3003 807 3058; x_wconf 83' lang='lat' dir='ltr'><strong>dixit</strong></span> <span class='ocrx_word' id='word_1_386' title='bbox 857 3006 908 3059; x_wconf 94' lang='lat' dir='ltr'><strong>in</strong></span> <span class='ocrx_word' id='word_1_387' title='bbox 953 3021 1092 3060; x_wconf 92' lang='lat' dir='ltr'><strong>eam.</strong></span> <span class='ocrx_word' id='word_1_388' title='bbox 1136 3005 1192 3060; x_wconf 88' lang='lat' dir='ltr'><strong>In</strong></span> <span class='ocrx_word' id='word_1_389' title='bbox 1255 3006 1358 3060; x_wconf 93' lang='lat' dir='ltr'><strong>hoc</strong></span> <span class='ocrx_word' id='word_1_390' title='bbox 1393 3015 1575 3061; x_wconf 89' lang='lat' dir='ltr'><strong>autem</strong></span> <span class='ocrx_word' id='word_1_391' title='bbox 1615 3006 1843 3071; x_wconf 87' lang='lat' dir='ltr'><strong>dictum,</strong></span> 
     </span>
    </p>
   </div>
   <div class='ocr_carea' id='block_1_49' title="bbox 279 3093 1842 3170">
    <p class='ocr_par' dir='ltr' id='par_1_49' title="bbox 279 3093 1842 3170">
     <span class='ocr_line' id='line_1_49' title="bbox 279 3093 1842 3170; baseline 0.005 -26"><span class='ocrx_word' id='word_1_392' title='bbox 279 3110 301 3144; x_wconf 76' lang='grc' dir='ltr'><strong>ι</strong></span> <span class='ocrx_word' id='word_1_393' title='bbox 329 3093 446 3161; x_wconf 81' lang='lat' dir='ltr'><strong>Quo</strong></span> <span class='ocrx_word' id='word_1_394' title='bbox 471 3111 570 3164; x_wconf 78' lang='lat' dir='ltr'><strong>ego</strong></span> <span class='ocrx_word' id='word_1_395' title='bbox 597 3098 735 3150; x_wconf 86' lang='lat' dir='ltr'><strong>vado</strong></span> <span class='ocrx_word' id='word_1_396' title='bbox 754 3139 769 3164; x_wconf 87' lang='lat'><strong>,</strong></span> <span class='ocrx_word' id='word_1_397' title='bbox 798 3113 894 3152; x_wconf 83' lang='lat' dir='ltr'><strong>vos</strong></span> <span class='ocrx_word' id='word_1_398' title='bbox 934 3115 1039 3153; x_wconf 94' lang='lat' dir='ltr'><strong>non</strong></span> <span class='ocrx_word' id='word_1_399' title='bbox 1066 3100 1289 3168; x_wconf 89' lang='lat' dir='ltr'><strong>potestis</strong></span> <span class='ocrx_word' id='word_1_400' title='bbox 1320 3099 1543 3164; x_wconf 86' lang='lat' dir='ltr'><strong>venire,</strong></span> <span class='ocrx_word' id='word_1_401' title='bbox 1579 3117 1600 3152; x_wconf 72' lang='grc' dir='ltr'><strong>ι</strong></span> <span class='ocrx_word' id='word_1_402' title='bbox 1636 3100 1842 3170; x_wconf 90' lang='lat' dir='ltr'><strong>inquit:</strong></span> 
     </span>
    </p>
   </div>
   <div class='ocr_carea' id='block_1_50' title="bbox 1962 1903 3554 1976">
    <p class='ocr_par' dir='ltr' id='par_1_50' title="bbox 1962 1903 3554 1976">
     <span class='ocr_line' id='line_1_50' title="bbox 1962 1903 3554 1976; baseline -0.001 -19"><span class='ocrx_word' id='word_1_403' title='bbox 1962 1903 2183 1975; x_wconf 80' lang='grc' dir='ltr'>Πνεῦμα</span> <span class='ocrx_word' id='word_1_404' title='bbox 2209 1904 2316 1975; x_wconf 72' lang='grc'>(49)</span> <span class='ocrx_word' id='word_1_405' title='bbox 2344 1904 2405 1957; x_wconf 80' lang='grc' dir='ltr'>τὸ</span> <span class='ocrx_word' id='word_1_406' title='bbox 2435 1905 2607 1973; x_wconf 83' lang='grc' dir='ltr'>ἀγιον,</span> <span class='ocrx_word' id='word_1_407' title='bbox 2627 1905 2728 1958; x_wconf 85' lang='grc' dir='ltr'><strong>οὐκ</strong></span> <span class='ocrx_word' id='word_1_408' title='bbox 2758 1906 2870 1976; x_wconf 73' lang='grc' dir='ltr'>ἔχει</span> <span class='ocrx_word' id='word_1_409' title='bbox 2903 1906 3093 1975; x_wconf 77' lang='grc' dir='ltr'>ἄφεσιν</span> <span class='ocrx_word' id='word_1_410' title='bbox 3114 1903 3235 1958; x_wconf 75' lang='grc' dir='ltr'>οὔτε</span> <span class='ocrx_word' id='word_1_411' title='bbox 3262 1906 3322 1957; x_wconf 85' lang='grc' dir='ltr'><strong>ἐν</strong></span> <span class='ocrx_word' id='word_1_412' title='bbox 3352 1905 3554 1974; x_wconf 80' lang='grc' dir='ltr'>τούτῳ</span> 
     </span>
    </p>
   </div>
   <div class='ocr_carea' id='block_1_51' title="bbox 1961 1991 3561 2066">
    <p class='ocr_par' dir='ltr' id='par_1_51' title="bbox 1961 1991 3561 2066">
     <span class='ocr_line' id='line_1_51' title="bbox 1961 1991 3561 2066; baseline -0.002 -20"><span class='ocrx_word' id='word_1_413' title='bbox 1961 1994 2038 2066; x_wconf 85' lang='grc' dir='ltr'>τῷ</span> <span class='ocrx_word' id='word_1_414' title='bbox 2080 1994 2259 2056; x_wconf 78' lang='grc' dir='ltr'>αἰῶνι,</span> <span class='ocrx_word' id='word_1_415' title='bbox 2295 1992 2418 2046; x_wconf 73' lang='grc' dir='ltr'>οὔτε</span> <span class='ocrx_word' id='word_1_416' title='bbox 2446 1996 2504 2046; x_wconf 83' lang='grc' dir='ltr'><strong>ἐν</strong></span> <span class='ocrx_word' id='word_1_417' title='bbox 2532 1992 2609 2064; x_wconf 81' lang='grc' dir='ltr'>τῷ</span> <span class='ocrx_word' id='word_1_418' title='bbox 2647 1993 2908 2064; x_wconf 76' lang='grc' dir='ltr'>μέλλοντιο</span> <span class='ocrx_word' id='word_1_419' title='bbox 2934 2013 2952 2045; x_wconf 72' lang='lat' dir='ltr'><strong>r</strong></span> <span class='ocrx_word' id='word_1_420' title='bbox 2987 1994 3048 2046; x_wconf 88' lang='grc' dir='ltr'><strong>οὑ</strong></span> <span class='ocrx_word' id='word_1_421' title='bbox 3079 1993 3257 2064; x_wconf 83' lang='grc' dir='ltr'>μέντοι</span> <span class='ocrx_word' id='word_1_422' title='bbox 3284 2009 3348 2060; x_wconf 91' lang='grc' dir='ltr'><strong>γε</strong></span> <span class='ocrx_word' id='word_1_423' title='bbox 3377 1994 3439 2044; x_wconf 89' lang='grc' dir='ltr'>εἰ</span> <span class='ocrx_word' id='word_1_424' title='bbox 3477 1991 3561 2062; x_wconf 80' lang='grc' dir='ltr'>μὴ</span> 
     </span>
    </p>
   </div>
   <div class='ocr_carea' id='block_1_52' title="bbox 1961 2082 3559 2157">
    <p class='ocr_par' dir='ltr' id='par_1_52' title="bbox 1961 2082 3559 2157">
     <span class='ocr_line' id='line_1_52' title="bbox 1961 2082 3559 2157; baseline -0.004 -16"><span class='ocrx_word' id='word_1_425' title='bbox 1961 2089 2016 2141; x_wconf 84' lang='grc' dir='ltr'><strong>ἐν</strong></span> <span class='ocrx_word' id='word_1_426' title='bbox 2044 2086 2120 2156; x_wconf 83' lang='grc' dir='ltr'><strong>τῷ</strong></span> <span class='ocrx_word' id='word_1_427' title='bbox 2165 2085 2546 2157; x_wconf 88' lang='grc' dir='ltr'>μέλλοντι</span> <span class='ocrx_word' id='word_1_428' title='bbox 2597 2085 2772 2150; x_wconf 75' lang='grc' dir='ltr'>αἰῶνι,</span> <span class='ocrx_word' id='word_1_429' title='bbox 2821 2085 2921 2156; x_wconf 81' lang='grc' dir='ltr'><strong>ήδη</strong></span> <span class='ocrx_word' id='word_1_430' title='bbox 2964 2085 3086 2138; x_wconf 83' lang='grc' dir='ltr'><strong>ούδέ</strong></span> <span class='ocrx_word' id='word_1_431' title='bbox 3125 2085 3180 2136; x_wconf 91' lang='grc' dir='ltr'><strong>ἐν</strong></span> <span class='ocrx_word' id='word_1_432' title='bbox 3219 2087 3330 2146; x_wconf 88' lang='grc' dir='ltr'>τοῖς</span> <span class='ocrx_word' id='word_1_433' title='bbox 3370 2082 3559 2135; x_wconf 84' lang='grc' dir='ltr'>αἱῶσι</span> 
     </span>
    </p>
   </div>
   <div class='ocr_carea' id='block_1_53' title="bbox 1958 2175 3557 2250">
    <p class='ocr_par' dir='ltr' id='par_1_53' title="bbox 1958 2175 3557 2250">
     <span class='ocr_line' id='line_1_53' title="bbox 1958 2175 3557 2250; baseline -0.003 -18"><span class='ocrx_word' id='word_1_434' title='bbox 1958 2181 2068 2243; x_wconf 90' lang='grc' dir='ltr'>τοῖς</span> <span class='ocrx_word' id='word_1_435' title='bbox 2097 2179 2500 2250; x_wconf 84' lang='grc' dir='ltr'>ἐπερχομένοις.</span> <span class='ocrx_word' id='word_1_436' title='bbox 2541 2179 2597 2231; x_wconf 85' lang='grc' dir='ltr'><strong>Ὀ</strong></span> <span class='ocrx_word' id='word_1_437' title='bbox 2627 2179 2807 2250; x_wconf 86' lang='grc' dir='ltr'>μέντοι</span> <span class='ocrx_word' id='word_1_438' title='bbox 2833 2195 2896 2247; x_wconf 89' lang='grc' dir='ltr'><strong>γε</strong></span> <span class='ocrx_word' id='word_1_439' title='bbox 2934 2177 3264 2248; x_wconf 80' lang='grc' dir='ltr'>Ἡρακλέων,</span> <span class='ocrx_word' id='word_1_440' title='bbox 3297 2175 3557 2245; x_wconf 76' lang='grc' dir='ltr'>ἐκθέμε-</span> 
     </span>
    </p>
   </div>
   <div class='ocr_carea' id='block_1_54' title="bbox 1957 2263 3556 2346">
    <p class='ocr_par' dir='ltr' id='par_1_54' title="bbox 1957 2263 3556 2346">
     <span class='ocr_line' id='line_1_54' title="bbox 1957 2263 3556 2346; baseline -0.006 -18"><span class='ocrx_word' id='word_1_441' title='bbox 1957 2292 2046 2339; x_wconf 87' lang='grc' dir='ltr'><strong>νος</strong></span> <span class='ocrx_word' id='word_1_442' title='bbox 2083 2274 2184 2346; x_wconf 83' lang='grc' dir='ltr'>τὴν</span> <span class='ocrx_word' id='word_1_443' title='bbox 2229 2274 2355 2345; x_wconf 76' lang='grc' dir='ltr'><strong>περ)⁹</strong></span> <span class='ocrx_word' id='word_1_444' title='bbox 2407 2272 2500 2326; x_wconf 82' lang='grc' dir='ltr'>τοῦ</span> <span class='ocrx_word' id='word_1_445' title='bbox 2547 2271 2946 2342; x_wconf 78' lang='grc' dir='ltr'>γαζοφυλακίου</span> <span class='ocrx_word' id='word_1_446' title='bbox 2988 2268 3153 2336; x_wconf 79' lang='grc' dir='ltr'>λέξιν,</span> <span class='ocrx_word' id='word_1_447' title='bbox 3189 2269 3336 2322; x_wconf 72' lang='grc' dir='ltr'>οὐδὲν</span> <span class='ocrx_word' id='word_1_448' title='bbox 3375 2263 3556 2320; x_wconf 79' lang='grc' dir='ltr'>εἶπεν</span> 
     </span>
    </p>
   </div>
   <div class='ocr_carea' id='block_1_55' title="bbox 1959 2362 3546 2439">
    <p class='ocr_par' dir='ltr' id='par_1_55' title="bbox 1959 2362 3546 2439">
     <span class='ocr_line' id='line_1_55' title="bbox 1959 2362 3546 2439; baseline -0.004 -19"><span class='ocrx_word' id='word_1_449' title='bbox 1959 2369 2036 2430; x_wconf 83' lang='grc' dir='ltr'><strong>είς</strong></span> <span class='ocrx_word' id='word_1_450' title='bbox 2066 2367 2251 2439; x_wconf 85' lang='grc' dir='ltr'>αὑτήν.</span> <span class='ocrx_word' id='word_1_451' title='bbox 2291 2367 2386 2431; x_wconf 86' lang='grc' dir='ltr'><strong>Εἰς</strong></span> <span class='ocrx_word' id='word_1_452' title='bbox 2412 2366 2469 2420; x_wconf 80' lang='grc' dir='ltr'>δὲ</span> <span class='ocrx_word' id='word_1_453' title='bbox 2495 2365 2574 2429; x_wconf 86' lang='grc' dir='ltr'><strong>τὸ,</strong></span> <span class='ocrx_word' id='word_1_454' title='bbox 2610 2384 2627 2416; x_wconf 84' lang='grc' dir='ltr'><strong>ι</strong></span> <span class='ocrx_word' id='word_1_455' title='bbox 2665 2366 2837 2418; x_wconf 87' lang='grc' dir='ltr'>Ὅπου</span> <span class='ocrx_word' id='word_1_456' title='bbox 2869 2363 2977 2432; x_wconf 78' lang='grc' dir='ltr'><strong>ἐγὼ</strong></span> <span class='ocrx_word' id='word_1_457' title='bbox 3016 2365 3230 2431; x_wconf 81' lang='grc' dir='ltr'>ὑπάγω,</span> <span class='ocrx_word' id='word_1_458' title='bbox 3263 2363 3434 2431; x_wconf 81' lang='grc' dir='ltr'>ὑμεῖς</span> <span class='ocrx_word' id='word_1_459' title='bbox 3476 2362 3546 2414; x_wconf 91' lang='grc' dir='ltr'><strong>οὑ</strong></span> 
     </span>
    </p>
   </div>
   <div class='ocr_carea' id='block_1_56' title="bbox 1956 2453 3555 2529">
    <p class='ocr_par' dir='ltr' id='par_1_56' title="bbox 1956 2453 3555 2529">
     <span class='ocr_line' id='line_1_56' title="bbox 1956 2453 3555 2529; baseline -0.003 -19"><span class='ocrx_word' id='word_1_460' title='bbox 1956 2457 2182 2514; x_wconf 82' lang='grc' dir='ltr'>δύνασθε</span> <span class='ocrx_word' id='word_1_461' title='bbox 2223 2458 2457 2522; x_wconf 77' lang='grc' dir='ltr'>ἐλθεῖν,›</span> <span class='ocrx_word' id='word_1_462' title='bbox 2496 2457 2657 2529; x_wconf 77' lang='grc' dir='ltr'><strong>φησί⁸</strong></span> <span class='ocrx_word' id='word_1_463' title='bbox 2699 2476 2716 2508; x_wconf 82' lang='grc' dir='ltr'><strong>ι</strong></span> <span class='ocrx_word' id='word_1_464' title='bbox 2766 2456 2890 2520; x_wconf 85' lang='grc' dir='ltr'>Πῶς</span> <span class='ocrx_word' id='word_1_465' title='bbox 2916 2455 3024 2527; x_wconf 78' lang='grc'>(51)</span> <span class='ocrx_word' id='word_1_466' title='bbox 3072 2458 3128 2508; x_wconf 87' lang='grc' dir='ltr'><strong>ἐν</strong></span> <span class='ocrx_word' id='word_1_467' title='bbox 3175 2454 3385 2524; x_wconf 85' lang='grc' dir='ltr'>ἀγνοίᾳ,</span> <span class='ocrx_word' id='word_1_468' title='bbox 3448 2453 3555 2506; x_wconf 75' lang='grc' dir='ltr'><strong>καὶ</strong></span> 
     </span>
    </p>
   </div>
   <div class='ocr_carea' id='block_1_57' title="bbox 1956 2545 3558 2622">
    <p class='ocr_par' dir='ltr' id='par_1_57' title="bbox 1956 2545 3558 2622">
     <span class='ocr_line' id='line_1_57' title="bbox 1956 2545 3558 2622; baseline -0.005 -18"><span class='ocrx_word' id='word_1_469' title='bbox 1956 2551 2202 2622; x_wconf 83' lang='grc' dir='ltr'>ἀπιστίᾳ,</span> <span class='ocrx_word' id='word_1_470' title='bbox 2229 2551 2323 2603; x_wconf 76' lang='grc' dir='ltr'>καὶ</span> <span class='ocrx_word' id='word_1_471' title='bbox 2345 2551 2737 2622; x_wconf 82' lang='grc' dir='ltr'>ἁμαρτήμασιν</span> <span class='ocrx_word' id='word_1_472' title='bbox 2763 2549 2936 2612; x_wconf 75' lang='grc' dir='ltr'>ὅντες,</span> <span class='ocrx_word' id='word_1_473' title='bbox 2961 2550 3017 2602; x_wconf 88' lang='grc' dir='ltr'><strong>ἐν</strong></span> <span class='ocrx_word' id='word_1_474' title='bbox 3043 2545 3315 2618; x_wconf 77' lang='grc' dir='ltr'>ἀφθαρσίᾳ</span> <span class='ocrx_word' id='word_1_475' title='bbox 3337 2545 3558 2598; x_wconf 80' lang='grc' dir='ltr'>δύναν-</span> 
     </span>
    </p>
   </div>
   <div class='ocr_carea' id='block_1_58' title="bbox 1955 2625 3547 2713">
    <p class='ocr_par' dir='ltr' id='par_1_58' title="bbox 1955 2635 3547 2713">
     <span class='ocr_line' id='line_1_58' title="bbox 1955 2635 3547 2713; baseline -0.004 -19"><span class='ocrx_word' id='word_1_476' title='bbox 1955 2659 2042 2696; x_wconf 87' lang='grc' dir='ltr'><strong>ται</strong></span> <span class='ocrx_word' id='word_1_477' title='bbox 2073 2642 2397 2711; x_wconf 73' lang='grc' dir='ltr'>γενέσθαιςι</span> <span class='ocrx_word' id='word_1_478' title='bbox 2437 2642 2571 2713; x_wconf 85' lang='grc' dir='ltr'><strong>μηδέ</strong></span> <span class='ocrx_word' id='word_1_479' title='bbox 2615 2644 2672 2695; x_wconf 89' lang='grc' dir='ltr'><strong>ἐν</strong></span> <span class='ocrx_word' id='word_1_480' title='bbox 2717 2640 2891 2711; x_wconf 85' lang='grc' dir='ltr'>τούτῳ</span> <span class='ocrx_word' id='word_1_481' title='bbox 2937 2638 3249 2693; x_wconf 79' lang='grc' dir='ltr'>κατακούων</span> <span class='ocrx_word' id='word_1_482' title='bbox 3295 2635 3547 2690; x_wconf 71' lang='grc' dir='ltr'>ἑαυτοῦ·</span> 
     </span>
    </p>
   </div>
   <div class='ocr_carea' id='block_1_59' title="bbox 1955 2729 3557 2807">
    <p class='ocr_par' dir='ltr' id='par_1_59' title="bbox 1955 2729 3557 2807">
     <span class='ocr_line' id='line_1_59' title="bbox 1955 2729 3557 2807; baseline -0.005 -19"><span class='ocrx_word' id='word_1_483' title='bbox 1955 2737 2003 2788; x_wconf 87' lang='grc' dir='ltr'><strong>εί</strong></span> <span class='ocrx_word' id='word_1_484' title='bbox 2030 2734 2138 2807; x_wconf 80' lang='grc' dir='ltr'>γὰρ</span> <span class='ocrx_word' id='word_1_485' title='bbox 2180 2736 2229 2787; x_wconf 82' lang='lat' dir='ltr'><strong>0i</strong></span> <span class='ocrx_word' id='word_1_486' title='bbox 2269 2735 2326 2786; x_wconf 85' lang='grc' dir='ltr'><strong>ἐν</strong></span> <span class='ocrx_word' id='word_1_487' title='bbox 2359 2735 2570 2805; x_wconf 77' lang='grc' dir='ltr'>ἀγνοίᾳ,</span> <span class='ocrx_word' id='word_1_488' title='bbox 2616 2735 2710 2788; x_wconf 78' lang='grc' dir='ltr'>καὶ</span> <span class='ocrx_word' id='word_1_489' title='bbox 2735 2732 2985 2802; x_wconf 87' lang='grc' dir='ltr'>ἀπιστίᾳ,</span> <span class='ocrx_word' id='word_1_490' title='bbox 3021 2731 3116 2783; x_wconf 72' lang='grc' dir='ltr'><strong>καὶ</strong></span> <span class='ocrx_word' id='word_1_491' title='bbox 3138 2729 3557 2800; x_wconf 74' lang='grc' dir='ltr'>ἁμαρτήμασιν</span> 
     </span>
    </p>
   </div>
   <div class='ocr_carea' id='block_1_60' title="bbox 1954 2821 3554 2898">
    <p class='ocr_par' dir='ltr' id='par_1_60' title="bbox 1954 2821 3554 2898">
     <span class='ocr_line' id='line_1_60' title="bbox 1954 2821 3554 2898; baseline -0.005 -18"><span class='ocrx_word' id='word_1_492' title='bbox 1954 2826 2125 2890; x_wconf 73' lang='grc' dir='ltr'>ὄντες,</span> <span class='ocrx_word' id='word_1_493' title='bbox 2158 2829 2216 2880; x_wconf 87' lang='grc' dir='ltr'><strong>ἐν</strong></span> <span class='ocrx_word' id='word_1_494' title='bbox 2263 2827 2542 2898; x_wconf 73' lang='grc' dir='ltr'>ἀφθαρσίᾳ</span> <span class='ocrx_word' id='word_1_495' title='bbox 2579 2827 2638 2879; x_wconf 88' lang='grc' dir='ltr'><strong>οὑ</strong></span> <span class='ocrx_word' id='word_1_496' title='bbox 2685 2824 2938 2878; x_wconf 90' lang='grc' dir='ltr'>δύνανται</span> <span class='ocrx_word' id='word_1_497' title='bbox 2986 2823 3264 2893; x_wconf 87' lang='grc' dir='ltr'>γενέσθαι,</span> <span class='ocrx_word' id='word_1_498' title='bbox 3311 2821 3443 2884; x_wconf 81' lang='grc' dir='ltr'><strong>πῶς</strong></span> <span class='ocrx_word' id='word_1_499' title='bbox 3501 2821 3554 2872; x_wconf 89' lang='grc' dir='ltr'>οΞ</span> 
     </span>
    </p>
   </div>
   <div class='ocr_carea' id='block_1_61' title="bbox 1955 2910 3555 2988">
    <p class='ocr_par' dir='ltr' id='par_1_61' title="bbox 1955 2910 3555 2988">
     <span class='ocr_line' id='line_1_61' title="bbox 1955 2910 3555 2988; baseline -0.005 -17"><span class='ocrx_word' id='word_1_500' title='bbox 1955 2918 2263 2982; x_wconf 82' lang='grc' dir='ltr'>ἀπόστολοι,</span> <span class='ocrx_word' id='word_1_501' title='bbox 2297 2920 2354 2970; x_wconf 84' lang='grc' dir='ltr'>ὲν</span> <span class='ocrx_word' id='word_1_502' title='bbox 2383 2917 2574 2987; x_wconf 88' lang='grc' dir='ltr'>ἀγνοίᾳ</span> <span class='ocrx_word' id='word_1_503' title='bbox 2600 2915 2711 2988; x_wconf 73' lang='grc'>(52)</span> <span class='ocrx_word' id='word_1_504' title='bbox 2739 2916 2888 2980; x_wconf 86' lang='grc' dir='ltr'>ποτὲ,</span> <span class='ocrx_word' id='word_1_505' title='bbox 2931 2915 3026 2968; x_wconf 73' lang='grc' dir='ltr'>καὶ</span> <span class='ocrx_word' id='word_1_506' title='bbox 3053 2915 3109 2966; x_wconf 83' lang='grc' dir='ltr'><strong>ἐν</strong></span> <span class='ocrx_word' id='word_1_507' title='bbox 3147 2912 3396 2982; x_wconf 80' lang='grc' dir='ltr'>ἀπιστίᾳ,</span> <span class='ocrx_word' id='word_1_508' title='bbox 3448 2910 3555 2964; x_wconf 73' lang='grc' dir='ltr'>καὶ</span> 
     </span>
    </p>
   </div>
   <div class='ocr_carea' id='block_1_62' title="bbox 1955 3004 3550 3081">
    <p class='ocr_par' dir='ltr' id='par_1_62' title="bbox 1955 3004 3550 3081">
     <span class='ocr_line' id='line_1_62' title="bbox 1955 3004 3550 3081; baseline -0.003 -19"><span class='ocrx_word' id='word_1_509' title='bbox 1955 3010 2012 3063; x_wconf 84' lang='grc' dir='ltr'><strong>ἐν</strong></span> <span class='ocrx_word' id='word_1_510' title='bbox 2053 3010 2414 3081; x_wconf 79' lang='grc' dir='ltr'>ἁμαρτήμασι</span> <span class='ocrx_word' id='word_1_511' title='bbox 2463 3010 2764 3079; x_wconf 86' lang='grc' dir='ltr'>γενόμενοι,</span> <span class='ocrx_word' id='word_1_512' title='bbox 2813 3009 2871 3062; x_wconf 89' lang='grc' dir='ltr'><strong>ἐν</strong></span> <span class='ocrx_word' id='word_1_513' title='bbox 2905 3005 3196 3078; x_wconf 82' lang='grc' dir='ltr'>,ἀφθαρσίᾳ</span> <span class='ocrx_word' id='word_1_514' title='bbox 3236 3004 3550 3073; x_wconf 75' lang='grc' dir='ltr'>γεγόνασις</span> 
     </span>
    </p>
   </div>
   <div class='ocr_carea' id='block_1_63' title="bbox 1956 3094 3556 3170">
    <p class='ocr_par' dir='ltr' id='par_1_63' title="bbox 1956 3094 3556 3170">
     <span class='ocr_line' id='line_1_63' title="bbox 1956 3094 3556 3170; baseline -0.006 -14"><span class='ocrx_word' id='word_1_515' title='bbox 1956 3101 2218 3156; x_wconf 86' lang='grc' dir='ltr'>Δύνανται</span> <span class='ocrx_word' id='word_1_516' title='bbox 2249 3096 2340 3153; x_wconf 85' lang='grc' dir='ltr'><strong>οὑν</strong></span> <span class='ocrx_word' id='word_1_517' title='bbox 2383 3101 2432 3152; x_wconf 76' lang='grc' dir='ltr'>οἱ</span> <span class='ocrx_word' id='word_1_518' title='bbox 2468 3102 2523 3152; x_wconf 87' lang='grc' dir='ltr'><strong>ἐν</strong></span> <span class='ocrx_word' id='word_1_519' title='bbox 2567 3100 2781 3170; x_wconf 83' lang='grc' dir='ltr'>ἀγνοίᾳ,</span> <span class='ocrx_word' id='word_1_520' title='bbox 2817 3100 2910 3152; x_wconf 79' lang='grc' dir='ltr'>κα).</span> <span class='ocrx_word' id='word_1_521' title='bbox 2947 3101 3005 3152; x_wconf 86' lang='grc' dir='ltr'><strong>ἐν</strong></span> <span class='ocrx_word' id='word_1_522' title='bbox 3053 3095 3292 3167; x_wconf 84' lang='grc' dir='ltr'>ἀπιστίᾳ,</span> <span class='ocrx_word' id='word_1_523' title='bbox 3328 3094 3436 3148; x_wconf 72' lang='grc' dir='ltr'><strong>καὶ</strong></span> <span class='ocrx_word' id='word_1_524' title='bbox 3490 3095 3556 3148; x_wconf 83' lang='grc' dir='ltr'><strong>ἐν</strong></span> 
     </span>
    </p>
   </div>
   <div class='ocr_carea' id='block_1_64' title="bbox 279 3183 1822 3264">
    <p class='ocr_par' dir='ltr' id='par_1_64' title="bbox 279 3183 1822 3260">
     <span class='ocr_line' id='line_1_64' title="bbox 279 3183 1822 3260; baseline 0.005 -23"><span class='ocrx_word' id='word_1_525' title='bbox 279 3202 298 3236; x_wconf 82' lang='grc' dir='ltr'><strong>ι</strong></span> <span class='ocrx_word' id='word_1_526' title='bbox 337 3183 616 3250; x_wconf 86' lang='lat' dir='ltr'><strong>Quomodo</strong></span> <span class='ocrx_word' id='word_1_527' title='bbox 645 3190 735 3259; x_wconf 75' lang='lat' dir='ltr'><strong>qui</strong></span> <span class='ocrx_word' id='word_1_528' title='bbox 768 3189 820 3242; x_wconf 92' lang='lat' dir='ltr'><strong>in</strong></span> <span class='ocrx_word' id='word_1_529' title='bbox 849 3189 1150 3260; x_wconf 82' lang='lat' dir='ltr'><strong>ignorantia</strong></span> <span class='ocrx_word' id='word_1_530' title='bbox 1181 3200 1237 3244; x_wconf 91' lang='lat' dir='ltr'><strong>et</strong></span> <span class='ocrx_word' id='word_1_531' title='bbox 1271 3191 1322 3244; x_wconf 92' lang='lat' dir='ltr'><strong>in</strong></span> <span class='ocrx_word' id='word_1_532' title='bbox 1356 3190 1676 3246; x_wconf 87' lang='lat' dir='ltr'><strong>infidelitate</strong></span> <span class='ocrx_word' id='word_1_533' title='bbox 1699 3202 1822 3246; x_wconf 88' lang='lat' dir='ltr'><strong>sunt</strong></span> 
     </span>
    </p>
   </div>
   <div class='ocr_carea' id='block_1_65' title="bbox 2000 3183 3553 3264">
    <p class='ocr_par' dir='ltr' id='par_1_65' title="bbox 2000 3186 3553 3264">
     <span class='ocr_line' id='line_1_65' title="bbox 2000 3186 3553 3264; baseline -0.006 -18"><span class='ocrx_word' id='word_1_534' title='bbox 2000 3195 2313 3264; x_wconf 85' lang='grc' dir='ltr'>μαρτήμασι</span> <span class='ocrx_word' id='word_1_535' title='bbox 2366 3193 2648 3262; x_wconf 88' lang='grc' dir='ltr'>γενόμενοι</span> <span class='ocrx_word' id='word_1_536' title='bbox 2708 3191 2960 3260; x_wconf 89' lang='grc' dir='ltr'>γενέσθαι</span> <span class='ocrx_word' id='word_1_537' title='bbox 3015 3191 3071 3242; x_wconf 87' lang='grc' dir='ltr'><strong>ἐν</strong></span> <span class='ocrx_word' id='word_1_538' title='bbox 3123 3186 3446 3258; x_wconf 81' lang='grc' dir='ltr'>ἀφθαρσίᾳ,</span> <span class='ocrx_word' id='word_1_539' title='bbox 3499 3187 3553 3239; x_wconf 79' lang='grc' dir='ltr'><strong>εί</strong></span> 
     </span>
    </p>
   </div>
   <div class='ocr_carea' id='block_1_66' title="bbox 273 3277 1822 3355">
    <p class='ocr_par' dir='ltr' id='par_1_66' title="bbox 273 3277 1822 3352">
     <span class='ocr_line' id='line_1_66' title="bbox 273 3277 1822 3352; baseline 0.006 -23"><span class='ocrx_word' id='word_1_540' title='bbox 273 3285 327 3329; x_wconf 89' lang='lat' dir='ltr'><strong>et</strong></span> <span class='ocrx_word' id='word_1_541' title='bbox 361 3277 412 3330; x_wconf 92' lang='lat' dir='ltr'><strong>in</strong></span> <span class='ocrx_word' id='word_1_542' title='bbox 453 3281 722 3347; x_wconf 82' lang='lat' dir='ltr'><strong>peccatis,</strong></span> <span class='ocrx_word' id='word_1_543' title='bbox 760 3281 1203 3351; x_wconf 89' lang='lat' dir='ltr'><strong>incorruptibiles</strong></span> <span class='ocrx_word' id='word_1_544' title='bbox 1241 3282 1356 3336; x_wconf 88' lang='lat' dir='ltr'><strong>fieri</strong></span> <span class='ocrx_word' id='word_1_545' title='bbox 1383 3283 1652 3352; x_wconf 81' lang='lat' dir='ltr'><strong>possunt?</strong></span> <span class='ocrx_word' id='word_1_546' title='bbox 1686 3303 1704 3336; x_wconf 74' lang='grc' dir='ltr'><strong>ι</strong></span> <span class='ocrx_word' id='word_1_547' title='bbox 1751 3299 1822 3338; x_wconf 87' lang='lat' dir='ltr'><strong>ne</strong></span> 
     </span>
    </p>
   </div>
   <div class='ocr_carea' id='block_1_67' title="bbox 2000 3277 3550 3355">
    <p class='ocr_par' dir='ltr' id='par_1_67' title="bbox 2001 3279 3550 3354">
     <span class='ocr_line' id='line_1_67' title="bbox 2001 3279 3550 3354; baseline -0.004 -17"><span class='ocrx_word' id='word_1_548' title='bbox 2001 3285 2349 3338; x_wconf 78' lang='grc' dir='ltr'>εταϐἀλλοιεν</span> <span class='ocrx_word' id='word_1_549' title='bbox 2371 3301 2384 3314; x_wconf 90' lang='grc'><strong>·</strong></span> <span class='ocrx_word' id='word_1_550' title='bbox 2419 3285 2642 3339; x_wconf 84' lang='grc' dir='ltr'>δυνατὸν</span> <span class='ocrx_word' id='word_1_551' title='bbox 2673 3284 2730 3337; x_wconf 82' lang='grc' dir='ltr'>δὲ</span> <span class='ocrx_word' id='word_1_552' title='bbox 2767 3283 2963 3346; x_wconf 73' lang='grc' dir='ltr'>αὐτοὺς</span> <span class='ocrx_word' id='word_1_553' title='bbox 2988 3282 3098 3354; x_wconf 75' lang='grc'>(55)</span> <span class='ocrx_word' id='word_1_554' title='bbox 3153 3279 3550 3352; x_wconf 76' lang='grc' dir='ltr'>μεταϐάλλειν.</span> 
     </span>
    </p>
   </div>
   <div class='ocr_carea' id='block_1_68' title="bbox 181 3369 3550 3446">
    <p class='ocr_par' dir='ltr' id='par_1_68' title="bbox 181 3369 3550 3446">
     <span class='ocr_line' id='line_1_68' title="bbox 181 3369 3550 3446; baseline 0.001 -27"><span class='ocrx_word' id='word_1_555' title='bbox 181 3391 184 3398; x_wconf 87' lang='grc'>·</span> <span class='ocrx_word' id='word_1_556' title='bbox 272 3383 376 3435; x_wconf 91' lang='lat' dir='ltr'><strong>que</strong></span> <span class='ocrx_word' id='word_1_557' title='bbox 404 3369 505 3424; x_wconf 86' lang='lat' dir='ltr'><strong>hac</strong></span> <span class='ocrx_word' id='word_1_558' title='bbox 557 3372 606 3425; x_wconf 90' lang='lat' dir='ltr'><strong>in</strong></span> <span class='ocrx_word' id='word_1_559' title='bbox 657 3388 716 3427; x_wconf 91' lang='lat' dir='ltr'><strong>re</strong></span> <span class='ocrx_word' id='word_1_560' title='bbox 748 3373 848 3427; x_wconf 88' lang='lat' dir='ltr'><strong>sibi</strong></span> <span class='ocrx_word' id='word_1_561' title='bbox 901 3375 1248 3428; x_wconf 83' lang='lat' dir='ltr'><strong>consentiens</strong></span> <span class='ocrx_word' id='word_1_562' title='bbox 1295 3391 1311 3430; x_wconf 90' lang='lat'><strong>:</strong></span> <span class='ocrx_word' id='word_1_563' title='bbox 1347 3390 1469 3430; x_wconf 91' lang='lat' dir='ltr'><strong>nam</strong></span> <span class='ocrx_word' id='word_1_564' title='bbox 1499 3377 1544 3432; x_wconf 85' lang='lat' dir='ltr'><strong>si</strong></span> <span class='ocrx_word' id='word_1_565' title='bbox 1581 3377 1634 3431; x_wconf 90' lang='lat' dir='ltr'><strong>in</strong></span> <span class='ocrx_word' id='word_1_566' title='bbox 1689 3377 1994 3446; x_wconf 79' lang='lat' dir='ltr'><strong>ignorantia</strong></span> <span class='ocrx_word' id='word_1_567' title='bbox 2021 3419 2037 3444; x_wconf 96' lang='lat'><strong>,</strong></span> <span class='ocrx_word' id='word_1_568' title='bbox 2062 3386 2118 3434; x_wconf 90' lang='lat' dir='ltr'><strong>et</strong></span> <span class='ocrx_word' id='word_1_569' title='bbox 2157 3377 2208 3432; x_wconf 92' lang='lat' dir='ltr'><strong>in</strong></span> <span class='ocrx_word' id='word_1_570' title='bbox 2261 3375 2672 3442; x_wconf 89' lang='lat' dir='ltr'><strong>incredulitate,</strong></span> <span class='ocrx_word' id='word_1_571' title='bbox 2722 3376 2860 3430; x_wconf 88' lang='lat' dir='ltr'><strong>etin</strong></span> <span class='ocrx_word' id='word_1_572' title='bbox 2902 3377 3141 3445; x_wconf 84' lang='lat' dir='ltr'><strong>peccatis</strong></span> <span class='ocrx_word' id='word_1_573' title='bbox 3177 3374 3550 3437; x_wconf 79' lang='lat' dir='ltr'><strong>exsistentes,</strong></span> 
     </span>
    </p>
   </div>
   <div class='ocr_carea' id='block_1_69' title="bbox 279 3460 3554 3538">
    <p class='ocr_par' dir='ltr' id='par_1_69' title="bbox 279 3460 3554 3538">
     <span class='ocr_line' id='line_1_69' title="bbox 279 3460 3554 3538; baseline 0 -23"><span class='ocrx_word' id='word_1_574' title='bbox 279 3460 400 3516; x_wconf 82' lang='lat' dir='ltr'><strong>ﬁeri</strong></span> <span class='ocrx_word' id='word_1_575' title='bbox 427 3478 532 3516; x_wconf 92' lang='lat' dir='ltr'><strong>non</strong></span> <span class='ocrx_word' id='word_1_576' title='bbox 564 3473 791 3533; x_wconf 87' lang='lat' dir='ltr'><strong>possunt</strong></span> <span class='ocrx_word' id='word_1_577' title='bbox 821 3463 1285 3534; x_wconf 87' lang='lat' dir='ltr'><strong>incorruptibiles,</strong></span> <span class='ocrx_word' id='word_1_578' title='bbox 1333 3468 1603 3535; x_wconf 89' lang='lat' dir='ltr'><strong>quomodo</strong></span> <span class='ocrx_word' id='word_1_579' title='bbox 1650 3467 1907 3536; x_wconf 79' lang='lat' dir='ltr'><strong>apostoli,</strong></span> <span class='ocrx_word' id='word_1_580' title='bbox 1939 3469 2027 3537; x_wconf 88' lang='lat' dir='ltr'><strong>qui</strong></span> <span class='ocrx_word' id='word_1_581' title='bbox 2073 3466 2361 3538; x_wconf 88' lang='lat' dir='ltr'><strong>aliquando</strong></span> <span class='ocrx_word' id='word_1_582' title='bbox 2404 3467 2560 3522; x_wconf 85' lang='lat' dir='ltr'><strong>fuere</strong></span> <span class='ocrx_word' id='word_1_583' title='bbox 2606 3466 2660 3520; x_wconf 91' lang='lat' dir='ltr'><strong>in</strong></span> <span class='ocrx_word' id='word_1_584' title='bbox 2695 3465 3017 3535; x_wconf 76' lang='lat' dir='ltr'><strong>ignorantia,</strong></span> <span class='ocrx_word' id='word_1_585' title='bbox 3055 3474 3111 3518; x_wconf 89' lang='lat' dir='ltr'><strong>et</strong></span> <span class='ocrx_word' id='word_1_586' title='bbox 3153 3465 3206 3517; x_wconf 91' lang='lat' dir='ltr'><strong>in</strong></span> <span class='ocrx_word' id='word_1_587' title='bbox 3237 3463 3554 3518; x_wconf 87' lang='lat' dir='ltr'><strong>increduli-</strong></span> 
     </span>
    </p>
   </div>
   <div class='ocr_carea' id='block_1_70' title="bbox 274 3555 3552 3630">
    <p class='ocr_par' dir='ltr' id='par_1_70' title="bbox 274 3555 3552 3630">
     <span class='ocr_line' id='line_1_70' title="bbox 274 3555 3552 3630; baseline 0.002 -26"><span class='ocrx_word' id='word_1_588' title='bbox 274 3563 422 3620; x_wconf 88' lang='lat' dir='ltr'><strong>tate,</strong></span> <span class='ocrx_word' id='word_1_589' title='bbox 475 3565 530 3609; x_wconf 92' lang='lat' dir='ltr'><strong>et</strong></span> <span class='ocrx_word' id='word_1_590' title='bbox 568 3557 619 3610; x_wconf 93' lang='lat' dir='ltr'><strong>in</strong></span> <span class='ocrx_word' id='word_1_591' title='bbox 671 3558 908 3624; x_wconf 89' lang='lat' dir='ltr'><strong>peccatis</strong></span> <span class='ocrx_word' id='word_1_592' title='bbox 935 3597 951 3622; x_wconf 91' lang='lat'><strong>,</strong></span> <span class='ocrx_word' id='word_1_593' title='bbox 1003 3555 1132 3610; x_wconf 86' lang='lat' dir='ltr'><strong>facti</strong></span> <span class='ocrx_word' id='word_1_594' title='bbox 1179 3567 1311 3612; x_wconf 87' lang='lat' dir='ltr'><strong>sunt</strong></span> <span class='ocrx_word' id='word_1_595' title='bbox 1365 3559 1845 3630; x_wconf 87' lang='lat' dir='ltr'><strong>incorruptibiles?</strong></span> <span class='ocrx_word' id='word_1_596' title='bbox 1877 3559 2113 3616; x_wconf 87' lang='lat' dir='ltr'><strong>Proinde</strong></span> <span class='ocrx_word' id='word_1_597' title='bbox 2160 3569 2388 3630; x_wconf 90' lang='lat' dir='ltr'><strong>possunt</strong></span> <span class='ocrx_word' id='word_1_598' title='bbox 2428 3561 2518 3629; x_wconf 89' lang='lat' dir='ltr'><strong>qui</strong></span> <span class='ocrx_word' id='word_1_599' title='bbox 2565 3561 2617 3613; x_wconf 92' lang='lat' dir='ltr'><strong>in</strong></span> <span class='ocrx_word' id='word_1_600' title='bbox 2659 3561 3060 3624; x_wconf 89' lang='lat' dir='ltr'><strong>incredulitate,</strong></span> <span class='ocrx_word' id='word_1_601' title='bbox 3097 3568 3152 3613; x_wconf 76' lang='lat' dir='ltr'><strong>ct</strong></span> <span class='ocrx_word' id='word_1_602' title='bbox 3179 3559 3228 3611; x_wconf 91' lang='lat' dir='ltr'><strong>in</strong></span> <span class='ocrx_word' id='word_1_603' title='bbox 3265 3556 3552 3626; x_wconf 75' lang='lat' dir='ltr'><strong>ignoran-</strong></span> 
     </span>
    </p>
   </div>
   <div class='ocr_carea' id='block_1_71' title="bbox 274 3648 3316 3724">
    <p class='ocr_par' dir='ltr' id='par_1_71' title="bbox 274 3648 3316 3724">
     <span class='ocr_line' id='line_1_71' title="bbox 274 3648 3316 3724; baseline 0.001 -24"><span class='ocrx_word' id='word_1_604' title='bbox 274 3648 369 3713; x_wconf 87' lang='lat' dir='ltr'><strong>tia,</strong></span> <span class='ocrx_word' id='word_1_605' title='bbox 393 3660 448 3702; x_wconf 93' lang='lat' dir='ltr'><strong>et</strong></span> <span class='ocrx_word' id='word_1_606' title='bbox 482 3648 535 3702; x_wconf 91' lang='lat' dir='ltr'><strong>in</strong></span> <span class='ocrx_word' id='word_1_607' title='bbox 565 3651 804 3717; x_wconf 85' lang='lat' dir='ltr'><strong>peccatis</strong></span> <span class='ocrx_word' id='word_1_608' title='bbox 847 3661 995 3716; x_wconf 89' lang='lat' dir='ltr'><strong>sunt,</strong></span> <span class='ocrx_word' id='word_1_609' title='bbox 1026 3651 1142 3704; x_wconf 84' lang='lat' dir='ltr'><strong>fieri</strong></span> <span class='ocrx_word' id='word_1_610' title='bbox 1174 3653 1634 3722; x_wconf 84' lang='lat' dir='ltr'><strong>incorruptibiles,</strong></span> <span class='ocrx_word' id='word_1_611' title='bbox 1670 3655 1715 3709; x_wconf 89' lang='lat' dir='ltr'><strong>si</strong></span> <span class='ocrx_word' id='word_1_612' title='bbox 1758 3656 2151 3721; x_wconf 88' lang='lat' dir='ltr'><strong>immutentur;</strong></span> <span class='ocrx_word' id='word_1_613' title='bbox 2189 3655 2455 3724; x_wconf 82' lang='lat' dir='ltr'><strong>facileque</strong></span> <span class='ocrx_word' id='word_1_614' title='bbox 2485 3656 2648 3709; x_wconf 83' lang='lat' dir='ltr'><strong>etiam</strong></span> <span class='ocrx_word' id='word_1_615' title='bbox 2689 3652 2834 3708; x_wconf 83' lang='lat' dir='ltr'><strong>factu</strong></span> <span class='ocrx_word' id='word_1_616' title='bbox 2864 3664 2949 3707; x_wconf 90' lang='lat' dir='ltr'><strong>est</strong></span> <span class='ocrx_word' id='word_1_617' title='bbox 2979 3668 3072 3706; x_wconf 88' lang='lat' dir='ltr'><strong>eos</strong></span> <span class='ocrx_word' id='word_1_618' title='bbox 3101 3653 3316 3705; x_wconf 85' lang='lat' dir='ltr'><strong>mutari.</strong></span> 
     </span>
    </p>
   </div>
   <div class='ocr_carea' id='block_1_72' title="bbox 341 3741 1822 3817">
    <p class='ocr_par' dir='ltr' id='par_1_72' title="bbox 341 3741 1822 3816">
     <span class='ocr_line' id='line_1_72' title="bbox 341 3741 1822 3816; baseline 0.005 -22"><span class='ocrx_word' id='word_1_619' title='bbox 341 3741 396 3794; x_wconf 75' lang='grc'>4.</span> <span class='ocrx_word' id='word_1_620' title='bbox 443 3759 462 3792; x_wconf 79' lang='grc' dir='ltr'><strong>ι</strong></span> <span class='ocrx_word' id='word_1_621' title='bbox 501 3741 759 3796; x_wconf 87' lang='lat' dir='ltr'><strong>Dicebant</strong></span> <span class='ocrx_word' id='word_1_622' title='bbox 791 3759 923 3814; x_wconf 87' lang='lat' dir='ltr'><strong>ergo</strong></span> <span class='ocrx_word' id='word_1_623' title='bbox 959 3741 1168 3797; x_wconf 71' lang='lat' dir='ltr'><strong>Judaei:</strong></span> <span class='ocrx_word' id='word_1_624' title='bbox 1213 3743 1460 3812; x_wconf 80' lang='lat' dir='ltr'><strong>Nunquid</strong></span> <span class='ocrx_word' id='word_1_625' title='bbox 1500 3746 1733 3816; x_wconf 88' lang='lat' dir='ltr'><strong>seipsum</strong></span> <span class='ocrx_word' id='word_1_626' title='bbox 1766 3749 1822 3802; x_wconf 85' lang='lat' dir='ltr'><strong>in</strong></span> 
     </span>
    </p>
   </div>
   <div class='ocr_carea' id='block_1_73' title="bbox 2000 3741 3544 3817">
    <p class='ocr_par' dir='ltr' id='par_1_73' title="bbox 2024 3745 3544 3817">
     <span class='ocr_line' id='line_1_73' title="bbox 2024 3745 3544 3817; baseline 0 -14"><span class='ocrx_word' id='word_1_627' title='bbox 2024 3750 2077 3803; x_wconf 72' lang='grc'>4.</span> <span class='ocrx_word' id='word_1_628' title='bbox 2100 3768 2118 3800; x_wconf 82' lang='grc' dir='ltr'><strong>ι</strong></span> <span class='ocrx_word' id='word_1_629' title='bbox 2143 3748 2366 3817; x_wconf 87' lang='grc' dir='ltr'>Ἔλεγον</span> <span class='ocrx_word' id='word_1_630' title='bbox 2383 3745 2473 3802; x_wconf 82' lang='grc' dir='ltr'><strong>οὖν</strong></span> <span class='ocrx_word' id='word_1_631' title='bbox 2488 3749 2536 3801; x_wconf 82' lang='grc' dir='ltr'><strong>οἱ</strong></span> <span class='ocrx_word' id='word_1_632' title='bbox 2567 3746 2988 3817; x_wconf 70' lang='grc' dir='ltr'>ἸουδαῖοιοξΜήτι</span> <span class='ocrx_word' id='word_1_633' title='bbox 3006 3748 3290 3800; x_wconf 85' lang='grc' dir='ltr'>ἀποκτενεῖ</span> <span class='ocrx_word' id='word_1_634' title='bbox 3308 3747 3544 3814; x_wconf 79' lang='grc' dir='ltr'>ἑαυτὸν,</span> 
     </span>
    </p>
   </div>
   <div class='ocr_carea' id='block_1_74' title="bbox 272 3832 1822 3908">
    <p class='ocr_par' dir='ltr' id='par_1_74' title="bbox 272 3832 1822 3904">
     <span class='ocr_line' id='line_1_74' title="bbox 272 3832 1822 3904; baseline 0.005 -20"><span class='ocrx_word' id='word_1_635' title='bbox 272 3832 600 3886; x_wconf 88' lang='lat' dir='ltr'><strong>terfecturus</strong></span> <span class='ocrx_word' id='word_1_636' title='bbox 621 3842 723 3898; x_wconf 89' lang='lat' dir='ltr'><strong>est,</strong></span> <span class='ocrx_word' id='word_1_637' title='bbox 755 3834 896 3902; x_wconf 91' lang='lat' dir='ltr'><strong>quod</strong></span> <span class='ocrx_word' id='word_1_638' title='bbox 933 3833 1068 3888; x_wconf 91' lang='lat' dir='ltr'><strong>dicit</strong></span> <span class='ocrx_word' id='word_1_639' title='bbox 1111 3851 1126 3887; x_wconf 91' lang='lat'><strong>:</strong></span> <span class='ocrx_word' id='word_1_640' title='bbox 1160 3832 1280 3900; x_wconf 86' lang='lat' dir='ltr'><strong>Quo</strong></span> <span class='ocrx_word' id='word_1_641' title='bbox 1303 3847 1401 3902; x_wconf 91' lang='lat' dir='ltr'><strong>ego</strong></span> <span class='ocrx_word' id='word_1_642' title='bbox 1428 3835 1587 3904; x_wconf 80' lang='lat' dir='ltr'><strong>vado,</strong></span> <span class='ocrx_word' id='word_1_643' title='bbox 1617 3853 1714 3892; x_wconf 78' lang='lat' dir='ltr'><strong>vos</strong></span> <span class='ocrx_word' id='word_1_644' title='bbox 1738 3855 1822 3894; x_wconf 72' lang='lat' dir='ltr'><strong>non</strong></span> 
     </span>
    </p>
   </div>
   <div class='ocr_carea' id='block_1_75' title="bbox 2000 3832 3546 3908">
    <p class='ocr_par' dir='ltr' id='par_1_75' title="bbox 2000 3836 3546 3908">
     <span class='ocr_line' id='line_1_75' title="bbox 2000 3836 3546 3908; baseline 0.001 -16"><span class='ocrx_word' id='word_1_645' title='bbox 2000 3857 2034 3892; x_wconf 76' lang='grc' dir='ltr'><strong>τι</strong></span> <span class='ocrx_word' id='word_1_646' title='bbox 2094 3840 2275 3908; x_wconf 74' lang='grc' dir='ltr'>λέγει’</span> <span class='ocrx_word' id='word_1_647' title='bbox 2341 3841 2512 3892; x_wconf 88' lang='grc' dir='ltr'>Ὅπου</span> <span class='ocrx_word' id='word_1_648' title='bbox 2557 3836 2670 3906; x_wconf 85' lang='grc' dir='ltr'>ἐγὼ</span> <span class='ocrx_word' id='word_1_649' title='bbox 2714 3837 2929 3905; x_wconf 83' lang='grc' dir='ltr'>ὑπάγω,</span> <span class='ocrx_word' id='word_1_650' title='bbox 2975 3839 3131 3907; x_wconf 79' lang='grc' dir='ltr'>ὑμεῖς</span> <span class='ocrx_word' id='word_1_651' title='bbox 3179 3838 3240 3890; x_wconf 80' lang='grc' dir='ltr'>οὐ</span> <span class='ocrx_word' id='word_1_652' title='bbox 3291 3838 3546 3894; x_wconf 75' lang='grc' dir='ltr'>δύνασθε</span> 
     </span>
    </p>
   </div>
   <div class='ocr_carea' id='block_1_76' title="bbox 270 3925 1836 3996">
    <p class='ocr_par' dir='ltr' id='par_1_76' title="bbox 270 3925 1836 3996">
     <span class='ocr_line' id='line_1_76' title="bbox 270 3925 1836 3996; baseline 0.005 -20"><span class='ocrx_word' id='word_1_653' title='bbox 270 3925 498 3993; x_wconf 86' lang='lat' dir='ltr'><strong>potestis</strong></span> <span class='ocrx_word' id='word_1_654' title='bbox 528 3927 714 3980; x_wconf 85' lang='lat' dir='ltr'><strong>venire</strong></span> <span class='ocrx_word' id='word_1_655' title='bbox 738 3926 830 3978; x_wconf 79' lang='lat'><strong>“?</strong></span> <span class='ocrx_word' id='word_1_656' title='bbox 866 3945 885 3978; x_wconf 77' lang='grc' dir='ltr'><strong>ι</strong></span> <span class='ocrx_word' id='word_1_657' title='bbox 924 3926 1152 3996; x_wconf 85' lang='lat' dir='ltr'><strong>Dignum</strong></span> <span class='ocrx_word' id='word_1_658' title='bbox 1179 3930 1412 3996; x_wconf 67' lang='lat' dir='ltr'><strong>quaesitu</strong></span> <span class='ocrx_word' id='word_1_659' title='bbox 1449 3938 1534 3984; x_wconf 86' lang='lat' dir='ltr'><strong>est</strong></span> <span class='ocrx_word' id='word_1_660' title='bbox 1568 3932 1836 3984; x_wconf 87' lang='lat' dir='ltr'><strong>nndenam</strong></span> 
     </span>
    </p>
   </div>
   <div class='ocr_carea' id='block_1_77' title="bbox 271 4015 1840 4091">
    <p class='ocr_par' dir='ltr' id='par_1_77' title="bbox 271 4015 1840 4091">
     <span class='ocr_line' id='line_1_77' title="bbox 271 4015 1840 4091; baseline 0.007 -24"><span class='ocrx_word' id='word_1_661' title='bbox 271 4017 400 4069; x_wconf 88' lang='lat' dir='ltr'><strong>moti</strong></span> <span class='ocrx_word' id='word_1_662' title='bbox 431 4015 600 4070; x_wconf 70' lang='lat' dir='ltr'><strong>Judmi</strong></span> <span class='ocrx_word' id='word_1_663' title='bbox 642 4019 708 4070; x_wconf 89' lang='lat' dir='ltr'><strong>ad</strong></span> <span class='ocrx_word' id='word_1_664' title='bbox 764 4019 897 4073; x_wconf 92' lang='lat' dir='ltr'><strong>illud</strong></span> <span class='ocrx_word' id='word_1_665' title='bbox 942 4021 1176 4085; x_wconf 88' lang='lat' dir='ltr'><strong>dictum,</strong></span> <span class='ocrx_word' id='word_1_666' title='bbox 1211 4038 1231 4072; x_wconf 75' lang='grc' dir='ltr'><strong>ι</strong></span> <span class='ocrx_word' id='word_1_667' title='bbox 1262 4021 1381 4086; x_wconf 87' lang='lat' dir='ltr'><strong>Quo</strong></span> <span class='ocrx_word' id='word_1_668' title='bbox 1408 4036 1508 4091; x_wconf 88' lang='lat' dir='ltr'><strong>ego</strong></span> <span class='ocrx_word' id='word_1_669' title='bbox 1536 4022 1709 4089; x_wconf 81' lang='lat' dir='ltr'><strong>vado,</strong></span> <span class='ocrx_word' id='word_1_670' title='bbox 1745 4038 1840 4078; x_wconf 86' lang='lat' dir='ltr'><strong>vos</strong></span> 
     </span>
    </p>
   </div>
   <div class='ocr_carea' id='block_1_78' title="bbox 271 4109 1842 4183">
    <p class='ocr_par' dir='ltr' id='par_1_78' title="bbox 271 4109 1842 4183">
     <span class='ocr_line' id='line_1_78' title="bbox 271 4109 1842 4183; baseline 0.004 -21"><span class='ocrx_word' id='word_1_671' title='bbox 271 4124 375 4162; x_wconf 86' lang='lat' dir='ltr'><strong>non</strong></span> <span class='ocrx_word' id='word_1_672' title='bbox 408 4109 634 4176; x_wconf 90' lang='lat' dir='ltr'><strong>potestis</strong></span> <span class='ocrx_word' id='word_1_673' title='bbox 661 4110 850 4165; x_wconf 85' lang='lat' dir='ltr'><strong>venire</strong></span> <span class='ocrx_word' id='word_1_674' title='bbox 871 4152 884 4174; x_wconf 95' lang='lat'><strong>,</strong></span> <span class='ocrx_word' id='word_1_675' title='bbox 912 4130 930 4162; x_wconf 74' lang='grc' dir='ltr'><strong>ι</strong></span> <span class='ocrx_word' id='word_1_676' title='bbox 961 4113 1174 4167; x_wconf 89' lang='lat' dir='ltr'><strong>dicant:</strong></span> <span class='ocrx_word' id='word_1_677' title='bbox 1210 4131 1229 4164; x_wconf 81' lang='grc' dir='ltr'><strong>ι</strong></span> <span class='ocrx_word' id='word_1_678' title='bbox 1261 4111 1509 4183; x_wconf 84' lang='lat' dir='ltr'><strong>Nunquid</strong></span> <span class='ocrx_word' id='word_1_679' title='bbox 1531 4113 1842 4169; x_wconf 83' lang='lat' dir='ltr'><strong>interfectu-</strong></span> 
     </span>
    </p>
   </div>
   <div class='ocr_carea' id='block_1_79' title="bbox 1947 3929 3544 4001">
    <p class='ocr_par' dir='ltr' id='par_1_79' title="bbox 1947 3929 3544 4001">
     <span class='ocr_line' id='line_1_79' title="bbox 1947 3929 3544 4001; baseline 0 -16"><span class='ocrx_word' id='word_1_680' title='bbox 1947 3932 2150 3997; x_wconf 88' lang='grc' dir='ltr'>ἐλθεῖν;</span> <span class='ocrx_word' id='word_1_681' title='bbox 2183 3951 2200 3982; x_wconf 74' lang='grc' dir='ltr'><strong>ι</strong></span> <span class='ocrx_word' id='word_1_682' title='bbox 2240 3930 2422 3995; x_wconf 77' lang='grc' dir='ltr'>Ἄξιον</span> <span class='ocrx_word' id='word_1_683' title='bbox 2465 3929 2698 4001; x_wconf 78' lang='grc' dir='ltr'>ζητῆσαι</span> <span class='ocrx_word' id='word_1_684' title='bbox 2734 3929 2895 3982; x_wconf 83' lang='grc' dir='ltr'>πόθεν</span> <span class='ocrx_word' id='word_1_685' title='bbox 2944 3929 3250 4000; x_wconf 81' lang='grc' dir='ltr'>κινηθέντες</span> <span class='ocrx_word' id='word_1_686' title='bbox 3289 3932 3335 3982; x_wconf 82' lang='grc' dir='ltr'>οἱ</span> <span class='ocrx_word' id='word_1_687' title='bbox 3379 3931 3544 3985; x_wconf 82' lang='grc' dir='ltr'>Ἰου-</span> 
     </span>
    </p>
   </div>
   <div class='ocr_carea' id='block_1_80' title="bbox 1945 4019 3542 4096">
    <p class='ocr_par' dir='ltr' id='par_1_80' title="bbox 1945 4019 3542 4096">
     <span class='ocr_line' id='line_1_80' title="bbox 1945 4019 3542 4096; baseline 0.001 -18"><span class='ocrx_word' id='word_1_688' title='bbox 1945 4024 2081 4078; x_wconf 87' lang='grc' dir='ltr'>δαῖοι</span> <span class='ocrx_word' id='word_1_689' title='bbox 2108 4024 2244 4096; x_wconf 83' lang='grc' dir='ltr'>πρὸς</span> <span class='ocrx_word' id='word_1_690' title='bbox 2277 4024 2361 4089; x_wconf 87' lang='grc' dir='ltr'><strong>τὸ,</strong></span> <span class='ocrx_word' id='word_1_691' title='bbox 2392 4043 2410 4074; x_wconf 79' lang='grc' dir='ltr'><strong>ι</strong></span> <span class='ocrx_word' id='word_1_692' title='bbox 2437 4024 2610 4076; x_wconf 90' lang='grc' dir='ltr'>Ὅπου</span> <span class='ocrx_word' id='word_1_693' title='bbox 2637 4019 2748 4090; x_wconf 81' lang='grc' dir='ltr'><strong>ἐγὼ</strong></span> <span class='ocrx_word' id='word_1_694' title='bbox 2774 4022 2989 4090; x_wconf 86' lang='grc' dir='ltr'>ὑπάγω,</span> <span class='ocrx_word' id='word_1_695' title='bbox 3015 4022 3170 4093; x_wconf 82' lang='grc' dir='ltr'>ὑμεῖς</span> <span class='ocrx_word' id='word_1_696' title='bbox 3199 4023 3258 4076; x_wconf 88' lang='grc' dir='ltr'><strong>οὑ</strong></span> <span class='ocrx_word' id='word_1_697' title='bbox 3286 4022 3542 4080; x_wconf 71' lang='grc' dir='ltr'>δύνασθε</span> 
     </span>
    </p>
   </div>
   <div class='ocr_carea' id='block_1_81' title="bbox 1943 4115 3536 4187">
    <p class='ocr_par' dir='ltr' id='par_1_81' title="bbox 1943 4115 3536 4187">
     <span class='ocr_line' id='line_1_81' title="bbox 1943 4115 3536 4187; baseline 0.001 -17"><span class='ocrx_word' id='word_1_698' title='bbox 1943 4117 2117 4170; x_wconf 85' lang='grc' dir='ltr'>ἐλθεῖν</span> <span class='ocrx_word' id='word_1_699' title='bbox 2169 4117 2302 4187; x_wconf 69' lang='grc'>(54),</span> <span class='ocrx_word' id='word_1_700' title='bbox 2353 4136 2371 4168; x_wconf 73' lang='grc' dir='ltr'><strong>ι</strong></span> <span class='ocrx_word' id='word_1_701' title='bbox 2411 4117 2545 4186; x_wconf 80' lang='grc' dir='ltr'>φασὶ</span> <span class='ocrx_word' id='word_1_702' title='bbox 2593 4115 2680 4168; x_wconf 84' lang='grc' dir='ltr'><strong>τό·</strong></span> <span class='ocrx_word' id='word_1_703' title='bbox 2721 4134 2738 4166; x_wconf 84' lang='grc' dir='ltr'><strong>ι</strong></span> <span class='ocrx_word' id='word_1_704' title='bbox 2781 4117 2928 4185; x_wconf 84' lang='grc' dir='ltr'>Μήτι</span> <span class='ocrx_word' id='word_1_705' title='bbox 2970 4115 3256 4168; x_wconf 85' lang='grc' dir='ltr'>ἀποκτενεῖ</span> <span class='ocrx_word' id='word_1_706' title='bbox 3302 4116 3536 4179; x_wconf 78' lang='grc' dir='ltr'>ἐαυτὸν.</span> 
     </span>
    </p>
   </div>
   <div class='ocr_carea' id='block_1_82' title="bbox 271 4201 1822 4278">
    <p class='ocr_par' dir='ltr' id='par_1_82' title="bbox 271 4201 1822 4276">
     <span class='ocr_line' id='line_1_82' title="bbox 271 4201 1822 4276; baseline 0.005 -24"><span class='ocrx_word' id='word_1_707' title='bbox 271 4215 363 4254; x_wconf 90' lang='lat' dir='ltr'><strong>rus</strong></span> <span class='ocrx_word' id='word_1_708' title='bbox 393 4209 477 4254; x_wconf 89' lang='lat' dir='ltr'><strong>est</strong></span> <span class='ocrx_word' id='word_1_709' title='bbox 504 4201 771 4269; x_wconf 89' lang='lat' dir='ltr'><strong>seipsum,</strong></span> <span class='ocrx_word' id='word_1_710' title='bbox 826 4203 966 4271; x_wconf 88' lang='lat' dir='ltr'><strong>quod</strong></span> <span class='ocrx_word' id='word_1_711' title='bbox 1018 4205 1186 4258; x_wconf 88' lang='lat' dir='ltr'><strong>dicit:</strong></span> <span class='ocrx_word' id='word_1_712' title='bbox 1245 4205 1363 4272; x_wconf 84' lang='lat' dir='ltr'><strong>Quo</strong></span> <span class='ocrx_word' id='word_1_713' title='bbox 1401 4222 1500 4276; x_wconf 82' lang='lat' dir='ltr'><strong>ego</strong></span> <span class='ocrx_word' id='word_1_714' title='bbox 1529 4207 1704 4274; x_wconf 81' lang='lat' dir='ltr'><strong>vado,</strong></span> <span class='ocrx_word' id='word_1_715' title='bbox 1746 4224 1822 4261; x_wconf 73' lang='lat' dir='ltr'><strong>vos</strong></span> 
     </span>
    </p>
   </div>
   <div class='ocr_carea' id='block_1_83' title="bbox 2000 4201 3536 4278">
    <p class='ocr_par' dir='ltr' id='par_1_83' title="bbox 2002 4206 3536 4278">
     <span class='ocr_line' id='line_1_83' title="bbox 2002 4206 3536 4278; baseline 0.001 -16"><span class='ocrx_word' id='word_1_716' title='bbox 2002 4229 2019 4262; x_wconf 85' lang='lat' dir='ltr'><strong>t</strong></span> <span class='ocrx_word' id='word_1_717' title='bbox 2075 4209 2254 4277; x_wconf 86' lang='grc' dir='ltr'>λέγει·</span> <span class='ocrx_word' id='word_1_718' title='bbox 2310 4210 2482 4262; x_wconf 86' lang='grc' dir='ltr'>Ὅπου</span> <span class='ocrx_word' id='word_1_719' title='bbox 2529 4206 2641 4276; x_wconf 79' lang='grc' dir='ltr'><strong>ἐγὼ</strong></span> <span class='ocrx_word' id='word_1_720' title='bbox 2691 4208 2908 4275; x_wconf 89' lang='grc' dir='ltr'>ὑπάγω,</span> <span class='ocrx_word' id='word_1_721' title='bbox 2969 4208 3125 4278; x_wconf 84' lang='grc' dir='ltr'>ὑμεῖς</span> <span class='ocrx_word' id='word_1_722' title='bbox 3172 4207 3231 4260; x_wconf 84' lang='grc' dir='ltr'><strong>οὑ</strong></span> <span class='ocrx_word' id='word_1_723' title='bbox 3283 4207 3536 4264; x_wconf 81' lang='grc' dir='ltr'>δύνασθε</span> 
     </span>
    </p>
   </div>
   <div class='ocr_carea' id='block_1_84' title="bbox 269 4296 1822 4372">
    <p class='ocr_par' dir='ltr' id='par_1_84' title="bbox 269 4296 1822 4369">
     <span class='ocr_line' id='line_1_84' title="bbox 269 4296 1822 4369; baseline 0.004 -21"><span class='ocrx_word' id='word_1_724' title='bbox 269 4309 375 4348; x_wconf 86' lang='lat' dir='ltr'><strong>non</strong></span> <span class='ocrx_word' id='word_1_725' title='bbox 408 4296 634 4363; x_wconf 85' lang='lat' dir='ltr'><strong>potestis</strong></span> <span class='ocrx_word' id='word_1_726' title='bbox 669 4296 895 4350; x_wconf 86' lang='lat' dir='ltr'><strong>venire?</strong></span> <span class='ocrx_word' id='word_1_727' title='bbox 925 4317 943 4348; x_wconf 69' lang='grc' dir='ltr'><strong>ι</strong></span> <span class='ocrx_word' id='word_1_728' title='bbox 987 4297 1054 4352; x_wconf 91' lang='lat' dir='ltr'><strong>Ut</strong></span> <span class='ocrx_word' id='word_1_729' title='bbox 1089 4314 1217 4353; x_wconf 85' lang='lat' dir='ltr'><strong>vero</strong></span> <span class='ocrx_word' id='word_1_730' title='bbox 1239 4302 1401 4354; x_wconf 91' lang='lat' dir='ltr'><strong>etiam</strong></span> <span class='ocrx_word' id='word_1_731' title='bbox 1431 4303 1591 4355; x_wconf 92' lang='lat' dir='ltr'><strong>detur</strong></span> <span class='ocrx_word' id='word_1_732' title='bbox 1626 4300 1822 4369; x_wconf 79' lang='lat' dir='ltr'><strong>simpli-</strong></span> 
     </span>
    </p>
   </div>
   <div class='ocr_carea' id='block_1_85' title="bbox 2000 4296 3536 4372">
    <p class='ocr_par' dir='ltr' id='par_1_85' title="bbox 2001 4299 3536 4372">
     <span class='ocr_line' id='line_1_85' title="bbox 2001 4299 3536 4372; baseline -0.001 -21"><span class='ocrx_word' id='word_1_733' title='bbox 2001 4299 2110 4352; x_wconf 90' lang='grc' dir='ltr'>θεῖν</span> <span class='ocrx_word' id='word_1_734' title='bbox 2135 4316 2149 4364; x_wconf 88' lang='grc'><strong>;</strong></span> <span class='ocrx_word' id='word_1_735' title='bbox 2173 4319 2192 4350; x_wconf 67' lang='grc' dir='ltr'><strong>ι</strong></span> <span class='ocrx_word' id='word_1_736' title='bbox 2233 4300 2350 4353; x_wconf 83' lang='grc' dir='ltr'>Ἵνα</span> <span class='ocrx_word' id='word_1_737' title='bbox 2380 4299 2437 4352; x_wconf 83' lang='grc' dir='ltr'>δὲ</span> <span class='ocrx_word' id='word_1_738' title='bbox 2470 4301 2563 4352; x_wconf 72' lang='grc' dir='ltr'>καὶ</span> <span class='ocrx_word' id='word_1_739' title='bbox 2589 4299 2714 4370; x_wconf 80' lang='grc' dir='ltr'>δοθῇ</span> <span class='ocrx_word' id='word_1_740' title='bbox 2747 4299 3110 4369; x_wconf 87' lang='grc' dir='ltr'>ἁπλούστερον</span> <span class='ocrx_word' id='word_1_741' title='bbox 3145 4300 3337 4362; x_wconf 74' lang='grc' dir='ltr'>αὐτοὺς</span> <span class='ocrx_word' id='word_1_742' title='bbox 3358 4300 3536 4372; x_wconf 76' lang='grc' dir='ltr'>εἰρη-</span> 
     </span>
    </p>
   </div>
   <div class='ocr_carea' id='block_1_86' title="bbox 267 4386 1822 4462">
    <p class='ocr_par' dir='ltr' id='par_1_86' title="bbox 267 4386 1822 4458">
     <span class='ocr_line' id='line_1_86' title="bbox 267 4386 1822 4458; baseline 0.006 -19"><span class='ocrx_word' id='word_1_743' title='bbox 267 4386 384 4439; x_wconf 89' lang='lat' dir='ltr'><strong>cius</strong></span> <span class='ocrx_word' id='word_1_744' title='bbox 417 4401 509 4440; x_wconf 92' lang='lat' dir='ltr'><strong>eos</strong></span> <span class='ocrx_word' id='word_1_745' title='bbox 559 4388 790 4453; x_wconf 86' lang='lat' dir='ltr'><strong>dixisse,</strong></span> <span class='ocrx_word' id='word_1_746' title='bbox 824 4407 843 4440; x_wconf 78' lang='grc' dir='ltr'><strong>ι</strong></span> <span class='ocrx_word' id='word_1_747' title='bbox 886 4388 1138 4458; x_wconf 83' lang='lat' dir='ltr'><strong>Nunquid</strong></span> <span class='ocrx_word' id='word_1_748' title='bbox 1183 4391 1568 4447; x_wconf 78' lang='lat' dir='ltr'><strong>interfecturus</strong></span> <span class='ocrx_word' id='word_1_749' title='bbox 1619 4403 1700 4447; x_wconf 89' lang='lat' dir='ltr'><strong>est</strong></span> <span class='ocrx_word' id='word_1_750' title='bbox 1747 4409 1822 4447; x_wconf 87' lang='lat' dir='ltr'><strong>se-</strong></span> 
     </span>
    </p>
   </div>
   <div class='ocr_carea' id='block_1_87' title="bbox 2000 4386 3533 4462">
    <p class='ocr_par' dir='ltr' id='par_1_87' title="bbox 2002 4391 3533 4462">
     <span class='ocr_line' id='line_1_87' title="bbox 2002 4391 3533 4462; baseline 0.001 -17"><span class='ocrx_word' id='word_1_751' title='bbox 2002 4409 2088 4445; x_wconf 91' lang='grc' dir='ltr'><strong>ναι</strong></span> <span class='ocrx_word' id='word_1_752' title='bbox 2116 4392 2208 4444; x_wconf 87' lang='grc' dir='ltr'><strong>τό·</strong></span> <span class='ocrx_word' id='word_1_753' title='bbox 2250 4411 2268 4443; x_wconf 78' lang='grc' dir='ltr'><strong>ι</strong></span> <span class='ocrx_word' id='word_1_754' title='bbox 2291 4393 2435 4462; x_wconf 87' lang='grc' dir='ltr'>Μήτι</span> <span class='ocrx_word' id='word_1_755' title='bbox 2473 4393 2762 4446; x_wconf 86' lang='grc' dir='ltr'>ἀποκτενεῖ</span> <span class='ocrx_word' id='word_1_756' title='bbox 2802 4392 3025 4456; x_wconf 86' lang='grc' dir='ltr'>ἐαυτόν;</span> <span class='ocrx_word' id='word_1_757' title='bbox 3054 4411 3071 4442; x_wconf 73' lang='grc' dir='ltr'><strong>ι</strong></span> <span class='ocrx_word' id='word_1_758' title='bbox 3117 4391 3233 4454; x_wconf 88' lang='grc' dir='ltr'><strong>πῶς</strong></span> <span class='ocrx_word' id='word_1_759' title='bbox 3263 4394 3310 4444; x_wconf 80' lang='grc' dir='ltr'>οἱ</span> <span class='ocrx_word' id='word_1_760' title='bbox 3353 4391 3533 4446; x_wconf 76' lang='grc' dir='ltr'>δυνά-</span> 
     </span>
    </p>
   </div>
   <div class='ocr_carea' id='block_1_88' title="bbox 269 4477 1822 4554">
    <p class='ocr_par' dir='ltr' id='par_1_88' title="bbox 269 4477 1822 4551">
     <span class='ocr_line' id='line_1_88' title="bbox 269 4477 1822 4551; baseline 0.006 -22"><span class='ocrx_word' id='word_1_761' title='bbox 269 4477 484 4544; x_wconf 89' lang='lat' dir='ltr'><strong>ipsum?</strong></span> <span class='ocrx_word' id='word_1_762' title='bbox 521 4497 538 4529; x_wconf 74' lang='grc' dir='ltr'><strong>ι</strong></span> <span class='ocrx_word' id='word_1_763' title='bbox 570 4481 840 4547; x_wconf 91' lang='lat' dir='ltr'><strong>quomodo</strong></span> <span class='ocrx_word' id='word_1_764' title='bbox 868 4483 958 4550; x_wconf 91' lang='lat' dir='ltr'><strong>qui</strong></span> <span class='ocrx_word' id='word_1_765' title='bbox 985 4491 1234 4551; x_wconf 88' lang='lat' dir='ltr'><strong>poterant</strong></span> <span class='ocrx_word' id='word_1_766' title='bbox 1263 4482 1471 4551; x_wconf 85' lang='lat' dir='ltr'><strong>scipsos</strong></span> <span class='ocrx_word' id='word_1_767' title='bbox 1502 4484 1822 4549; x_wconf 76' lang='lat' dir='ltr'><strong>interficere,</strong></span> 
     </span>
    </p>
   </div>
   <div class='ocr_carea' id='block_1_89' title="bbox 2000 4477 3532 4554">
    <p class='ocr_par' dir='ltr' id='par_1_89' title="bbox 2000 4483 3532 4554">
     <span class='ocr_line' id='line_1_89' title="bbox 2000 4483 3532 4554; baseline 0.003 -20"><span class='ocrx_word' id='word_1_768' title='bbox 2000 4501 2088 4537; x_wconf 80' lang='lat' dir='ltr'><strong>:v0t</strong></span> <span class='ocrx_word' id='word_1_769' title='bbox 2133 4484 2448 4538; x_wconf 87' lang='grc' dir='ltr'>ἀποκτεῖναι</span> <span class='ocrx_word' id='word_1_770' title='bbox 2499 4484 2746 4548; x_wconf 75' lang='grc' dir='ltr'>ἑαυτοὺς,</span> <span class='ocrx_word' id='word_1_771' title='bbox 2781 4484 2882 4537; x_wconf 78' lang='grc' dir='ltr'><strong>κᾶν</strong></span> <span class='ocrx_word' id='word_1_772' title='bbox 2940 4483 3013 4554; x_wconf 87' lang='grc' dir='ltr'>μὴ</span> <span class='ocrx_word' id='word_1_773' title='bbox 3059 4484 3353 4554; x_wconf 85' lang='grc' dir='ltr'>ἀναιρῶσιν</span> <span class='ocrx_word' id='word_1_774' title='bbox 3385 4484 3532 4539; x_wconf 74' lang='grc' dir='ltr'>ἑαυ-</span> 
     </span>
    </p>
   </div>
   <div class='ocr_carea' id='block_1_90' title="bbox 265 4570 1822 4646">
    <p class='ocr_par' dir='ltr' id='par_1_90' title="bbox 265 4570 1822 4644">
     <span class='ocr_line' id='line_1_90' title="bbox 265 4570 1822 4644; baseline 0.004 -20"><span class='ocrx_word' id='word_1_775' title='bbox 265 4570 607 4624; x_wconf 85' lang='lat' dir='ltr'><strong>etiamsinon</strong></span> <span class='ocrx_word' id='word_1_776' title='bbox 655 4573 986 4627; x_wconf 83' lang='lat' dir='ltr'><strong>interficiant</strong></span> <span class='ocrx_word' id='word_1_777' title='bbox 1032 4577 1270 4643; x_wconf 82' lang='lat' dir='ltr'><strong>seipsos,</strong></span> <span class='ocrx_word' id='word_1_778' title='bbox 1311 4590 1485 4644; x_wconf 87' lang='lat' dir='ltr'><strong>neque</strong></span> <span class='ocrx_word' id='word_1_779' title='bbox 1518 4575 1712 4629; x_wconf 82' lang='lat' dir='ltr'><strong>vadant</strong></span> <span class='ocrx_word' id='word_1_780' title='bbox 1767 4591 1822 4630; x_wconf 75' lang='lat' dir='ltr'><strong>eo</strong></span> 
     </span>
    </p>
   </div>
   <div class='ocr_carea' id='block_1_91' title="bbox 2000 4570 3523 4646">
    <p class='ocr_par' dir='ltr' id='par_1_91' title="bbox 2003 4576 3523 4646">
     <span class='ocr_line' id='line_1_91' title="bbox 2003 4576 3523 4646; baseline 0.001 -16"><span class='ocrx_word' id='word_1_781' title='bbox 2003 4577 2083 4638; x_wconf 77' lang='grc' dir='ltr'><strong>ὺς,</strong></span> <span class='ocrx_word' id='word_1_782' title='bbox 2119 4576 2252 4646; x_wconf 78' lang='grc' dir='ltr'>μηδὲ</span> <span class='ocrx_word' id='word_1_783' title='bbox 2274 4577 2531 4645; x_wconf 87' lang='grc' dir='ltr'>γίνωνται</span> <span class='ocrx_word' id='word_1_784' title='bbox 2556 4576 2694 4632; x_wconf 81' lang='grc' dir='ltr'>ὅπου,</span> <span class='ocrx_word' id='word_1_785' title='bbox 2721 4577 2750 4628; x_wconf 84' lang='grc' dir='ltr'>ὁ</span> <span class='ocrx_word' id='word_1_786' title='bbox 2785 4576 3023 4646; x_wconf 84' lang='grc' dir='ltr'>ἀναιρῶν</span> <span class='ocrx_word' id='word_1_787' title='bbox 3053 4576 3242 4629; x_wconf 78' lang='grc' dir='ltr'>ἑαυτὸν</span> <span class='ocrx_word' id='word_1_788' title='bbox 3279 4577 3523 4644; x_wconf 84' lang='grc' dir='ltr'>γίνεται,</span> 
     </span>
    </p>
   </div>
   <div class='ocr_carea' id='block_1_92' title="bbox 263 4663 1822 4738">
    <p class='ocr_par' dir='ltr' id='par_1_92' title="bbox 263 4663 1822 4737">
     <span class='ocr_line' id='line_1_92' title="bbox 263 4663 1822 4737; baseline 0.005 -23"><span class='ocrx_word' id='word_1_789' title='bbox 263 4677 370 4732; x_wconf 88' lang='lat' dir='ltr'><strong>quo</strong></span> <span class='ocrx_word' id='word_1_790' title='bbox 395 4663 543 4716; x_wconf 81' lang='lat' dir='ltr'><strong>vadit</strong></span> <span class='ocrx_word' id='word_1_791' title='bbox 573 4664 661 4732; x_wconf 90' lang='lat' dir='ltr'><strong>qui</strong></span> <span class='ocrx_word' id='word_1_792' title='bbox 691 4665 927 4734; x_wconf 87' lang='lat' dir='ltr'><strong>seipsum</strong></span> <span class='ocrx_word' id='word_1_793' title='bbox 960 4666 1247 4734; x_wconf 85' lang='lat' dir='ltr'><strong>interficit,</strong></span> <span class='ocrx_word' id='word_1_794' title='bbox 1279 4683 1344 4722; x_wconf 91' lang='lat' dir='ltr'><strong>eo</strong></span> <span class='ocrx_word' id='word_1_795' title='bbox 1375 4669 1526 4720; x_wconf 86' lang='lat' dir='ltr'><strong>abire</strong></span> <span class='ocrx_word' id='word_1_796' title='bbox 1565 4683 1670 4721; x_wconf 91' lang='lat' dir='ltr'><strong>non</strong></span> <span class='ocrx_word' id='word_1_797' title='bbox 1706 4683 1822 4737; x_wconf 87' lang='lat' dir='ltr'><strong>pos-</strong></span> 
     </span>
    </p>
   </div>
   <div class='ocr_carea' id='block_1_93' title="bbox 2000 4663 3524 4738">
    <p class='ocr_par' dir='ltr' id='par_1_93' title="bbox 2044 4666 3524 4738">
     <span class='ocr_line' id='line_1_93' title="bbox 2044 4666 3524 4738; baseline 0.003 -19"><span class='ocrx_word' id='word_1_798' title='bbox 2044 4666 2293 4720; x_wconf 87' lang='grc' dir='ltr'>δύνανται</span> <span class='ocrx_word' id='word_1_799' title='bbox 2337 4667 2449 4737; x_wconf 78' lang='grc'>(55)</span> <span class='ocrx_word' id='word_1_800' title='bbox 2501 4667 2720 4720; x_wconf 86' lang='grc' dir='ltr'>ἀπιέναι</span> <span class='ocrx_word' id='word_1_801' title='bbox 2769 4668 2902 4720; x_wconf 84' lang='grc' dir='ltr'>ὅπου</span> <span class='ocrx_word' id='word_1_802' title='bbox 2955 4668 2984 4720; x_wconf 85' lang='grc' dir='ltr'><strong>ὁ</strong></span> <span class='ocrx_word' id='word_1_803' title='bbox 3034 4669 3269 4738; x_wconf 85' lang='grc' dir='ltr'>ἀναιρῶν</span> <span class='ocrx_word' id='word_1_804' title='bbox 3320 4669 3524 4724; x_wconf 73' lang='grc' dir='ltr'>ἑαυτὸν</span> 
     </span>
    </p>
   </div>
   <div class='ocr_carea' id='block_1_94' title="bbox 265 4756 1822 4831">
    <p class='ocr_par' dir='ltr' id='par_1_94' title="bbox 265 4757 1822 4828">
     <span class='ocr_line' id='line_1_94' title="bbox 265 4757 1822 4828; baseline 0.003 -22"><span class='ocrx_word' id='word_1_805' title='bbox 265 4764 390 4806; x_wconf 87' lang='lat' dir='ltr'><strong>sunt</strong></span> <span class='ocrx_word' id='word_1_806' title='bbox 412 4768 520 4824; x_wconf 87' lang='lat' dir='ltr'><strong>quo</strong></span> <span class='ocrx_word' id='word_1_807' title='bbox 551 4757 752 4810; x_wconf 86' lang='lat' dir='ltr'><strong>recedit</strong></span> <span class='ocrx_word' id='word_1_808' title='bbox 793 4757 883 4826; x_wconf 93' lang='lat' dir='ltr'><strong>qui</strong></span> <span class='ocrx_word' id='word_1_809' title='bbox 918 4758 1154 4826; x_wconf 88' lang='lat' dir='ltr'><strong>seipsum</strong></span> <span class='ocrx_word' id='word_1_810' title='bbox 1200 4759 1454 4812; x_wconf 85' lang='lat' dir='ltr'><strong>interficit</strong></span> <span class='ocrx_word' id='word_1_811' title='bbox 1479 4759 1503 4812; x_wconf 71' lang='grc' dir='ltr'>’ί</span> <span class='ocrx_word' id='word_1_812' title='bbox 1528 4757 1714 4828; x_wconf 89' lang='lat' dir='ltr'><strong>Itaque</strong></span> <span class='ocrx_word' id='word_1_813' title='bbox 1747 4773 1822 4811; x_wconf 87' lang='lat' dir='ltr'><strong>re-</strong></span> 
     </span>
    </p>
   </div>
   <div class='ocr_carea' id='block_1_95' title="bbox 2000 4756 3521 4831">
    <p class='ocr_par' dir='ltr' id='par_1_95' title="bbox 2000 4756 3521 4831">
     <span class='ocr_line' id='line_1_95' title="bbox 2000 4756 3521 4831; baseline 0.003 -21"><span class='ocrx_word' id='word_1_814' title='bbox 2000 4759 2265 4830; x_wconf 82' lang='grc' dir='ltr'>ιέρχεται;</span> <span class='ocrx_word' id='word_1_815' title='bbox 2301 4759 2533 4814; x_wconf 87' lang='grc' dir='ltr'>Λεκτέον</span> <span class='ocrx_word' id='word_1_816' title='bbox 2561 4756 2652 4813; x_wconf 81' lang='grc' dir='ltr'><strong>οὖν</strong></span> <span class='ocrx_word' id='word_1_817' title='bbox 2695 4759 2832 4830; x_wconf 76' lang='grc' dir='ltr'>πρὸς</span> <span class='ocrx_word' id='word_1_818' title='bbox 2884 4759 2952 4813; x_wconf 82' lang='grc' dir='ltr'>τὰ</span> <span class='ocrx_word' id='word_1_819' title='bbox 2999 4758 3307 4831; x_wconf 77' lang='grc' dir='ltr'>ζητούμενα</span> <span class='ocrx_word' id='word_1_820' title='bbox 3337 4760 3521 4815; x_wconf 73' lang='grc' dir='ltr'>ταῦτα</span> 
     </span>
    </p>
   </div>
   <div class='ocr_carea' id='block_1_96' title="bbox 265 4845 1831 4918">
    <p class='ocr_par' dir='ltr' id='par_1_96' title="bbox 265 4845 1831 4918">
     <span class='ocr_line' id='line_1_96' title="bbox 265 4845 1831 4918; baseline 0.004 -22"><span class='ocrx_word' id='word_1_821' title='bbox 265 4845 565 4910; x_wconf 82' lang='lat' dir='ltr'><strong>spondeam</strong></span> <span class='ocrx_word' id='word_1_822' title='bbox 593 4854 807 4913; x_wconf 90' lang='lat' dir='ltr'><strong>oportet</strong></span> <span class='ocrx_word' id='word_1_823' title='bbox 836 4847 901 4901; x_wconf 88' lang='lat' dir='ltr'><strong>ad</strong></span> <span class='ocrx_word' id='word_1_824' title='bbox 948 4848 1063 4902; x_wconf 70' lang='lat' dir='ltr'><strong>haec</strong></span> <span class='ocrx_word' id='word_1_825' title='bbox 1095 4850 1350 4917; x_wconf 68' lang='lat' dir='ltr'><strong>quaesita,</strong></span> <span class='ocrx_word' id='word_1_826' title='bbox 1384 4850 1474 4918; x_wconf 92' lang='lat' dir='ltr'><strong>qui</strong></span> <span class='ocrx_word' id='word_1_827' title='bbox 1519 4850 1831 4918; x_wconf 90' lang='lat' dir='ltr'><strong>diligentius</strong></span> 
     </span>
    </p>
   </div>
   <div class='ocr_carea' id='block_1_97' title="bbox 263 4933 1826 5007">
    <p class='ocr_par' dir='ltr' id='par_1_97' title="bbox 263 4933 1826 5007">
     <span class='ocr_line' id='line_1_97' title="bbox 263 4933 1826 5007; baseline 0.004 -22"><span class='ocrx_word' id='word_1_828' title='bbox 263 4943 318 4985; x_wconf 89' lang='lat' dir='ltr'><strong>et</strong></span> <span class='ocrx_word' id='word_1_829' title='bbox 351 4933 666 5002; x_wconf 90' lang='lat' dir='ltr'><strong>profundius</strong></span> <span class='ocrx_word' id='word_1_830' title='bbox 696 4937 1004 5006; x_wconf 87' lang='lat' dir='ltr'><strong>intelligunt</strong></span> <span class='ocrx_word' id='word_1_831' title='bbox 1035 4954 1154 5007; x_wconf 70' lang='lat' dir='ltr'><strong>quae</strong></span> <span class='ocrx_word' id='word_1_832' title='bbox 1195 4954 1226 4992; x_wconf 86' lang='lat' dir='ltr'><strong>a</strong></span> <span class='ocrx_word' id='word_1_833' title='bbox 1259 4937 1459 4993; x_wconf 71' lang='lat' dir='ltr'><strong>Judaeis</strong></span> <span class='ocrx_word' id='word_1_834' title='bbox 1489 4940 1740 4994; x_wconf 91' lang='lat' dir='ltr'><strong>dicuntur</strong></span> <span class='ocrx_word' id='word_1_835' title='bbox 1776 4939 1826 4992; x_wconf 90' lang='lat' dir='ltr'><strong>in</strong></span> 
     </span>
    </p>
   </div>
   <div class='ocr_carea' id='block_1_98' title="bbox 1935 4850 3519 4922">
    <p class='ocr_par' dir='ltr' id='par_1_98' title="bbox 1935 4850 3519 4922">
     <span class='ocr_line' id='line_1_98' title="bbox 1935 4850 3519 4922; baseline 0.003 -20"><span class='ocrx_word' id='word_1_836' title='bbox 1935 4853 2048 4914; x_wconf 87' lang='grc' dir='ltr'>τοῖς</span> <span class='ocrx_word' id='word_1_837' title='bbox 2077 4850 2492 4922; x_wconf 84' lang='grc' dir='ltr'>ἐπιμελέστερον</span> <span class='ocrx_word' id='word_1_838' title='bbox 2533 4852 2626 4904; x_wconf 73' lang='grc' dir='ltr'>καὶ</span> <span class='ocrx_word' id='word_1_839' title='bbox 2661 4850 2954 4922; x_wconf 84' lang='grc' dir='ltr'>βαθύτερον</span> <span class='ocrx_word' id='word_1_840' title='bbox 2996 4851 3252 4905; x_wconf 84' lang='grc' dir='ltr'>ἀκούουσι</span> <span class='ocrx_word' id='word_1_841' title='bbox 3288 4853 3394 4906; x_wconf 88' lang='grc' dir='ltr'><strong>τῶν</strong></span> <span class='ocrx_word' id='word_1_842' title='bbox 3427 4855 3519 4907; x_wconf 76' lang='grc' dir='ltr'>λε-</span> 
     </span>
    </p>
   </div>
   <div class='ocr_carea' id='block_1_99' title="bbox 1934 4940 3517 5015">
    <p class='ocr_par' dir='ltr' id='par_1_99' title="bbox 1934 4940 3517 5015">
     <span class='ocr_line' id='line_1_99' title="bbox 1934 4940 3517 5015; baseline 0.004 -24"><span class='ocrx_word' id='word_1_843' title='bbox 1934 4940 2179 5013; x_wconf 88' lang='grc' dir='ltr'>γομένων</span> <span class='ocrx_word' id='word_1_844' title='bbox 2214 4941 2318 4994; x_wconf 83' lang='grc' dir='ltr'><strong>ὑπὸ</strong></span> <span class='ocrx_word' id='word_1_845' title='bbox 2359 4942 2626 4997; x_wconf 89' lang='grc' dir='ltr'>Ἰουδαίων</span> <span class='ocrx_word' id='word_1_846' title='bbox 2662 4944 2720 4996; x_wconf 82' lang='grc' dir='ltr'><strong>ἐν</strong></span> <span class='ocrx_word' id='word_1_847' title='bbox 2763 4945 2876 5006; x_wconf 84' lang='grc' dir='ltr'>τοῖς</span> <span class='ocrx_word' id='word_1_848' title='bbox 2925 4943 3298 5012; x_wconf 82' lang='grc' dir='ltr'>Εὑαγγελίοις,</span> <span class='ocrx_word' id='word_1_849' title='bbox 3341 4945 3517 5015; x_wconf 81' lang='grc' dir='ltr'>σαφές</span> 
     </span>
    </p>
   </div>
   <div class='ocr_carea' id='block_1_100' title="bbox 333 5095 1822 5169">
    <p class='ocr_par' dir='ltr' id='par_1_100' title="bbox 333 5095 1822 5169">
     <span class='ocr_line' id='line_1_100' title="bbox 333 5095 1822 5169; baseline 0.006 -20"><span class='ocrx_word' id='word_1_850' title='bbox 333 5095 377 5129; x_wconf 69' lang='grc' dir='ltr'><strong><em>η</em></strong></span> <span class='ocrx_word' id='word_1_851' title='bbox 407 5096 427 5150; x_wconf 95' lang='lat' dir='ltr'><strong>l</strong></span> <span class='ocrx_word' id='word_1_852' title='bbox 453 5097 582 5156; x_wconf 89' lang='lat' dir='ltr'><strong>Cor.</strong></span> <span class='ocrx_word' id='word_1_853' title='bbox 619 5112 702 5165; x_wconf 83' lang='grc' dir='ltr'>ιιι,</span> <span class='ocrx_word' id='word_1_854' title='bbox 735 5098 823 5152; x_wconf 78' lang='grc'><strong>15.</strong></span> <span class='ocrx_word' id='word_1_855' title='bbox 901 5099 946 5133; x_wconf 84' lang='grc'><strong>¹⁸</strong></span> <span class='ocrx_word' id='word_1_856' title='bbox 974 5099 1132 5156; x_wconf 82' lang='lat' dir='ltr'><strong>Joan.</strong></span> <span class='ocrx_word' id='word_1_857' title='bbox 1168 5117 1286 5169; x_wconf 82' lang='lat' dir='ltr'><strong>vm,</strong></span> <span class='ocrx_word' id='word_1_858' title='bbox 1332 5104 1422 5158; x_wconf 74' lang='grc'><strong>21.</strong></span> <span class='ocrx_word' id='word_1_859' title='bbox 1495 5107 1537 5137; x_wconf 73' lang='grc' dir='ltr'>η</span> <span class='ocrx_word' id='word_1_860' title='bbox 1566 5103 1722 5160; x_wconf 89' lang='lat' dir='ltr'><strong>Joan.</strong></span> <span class='ocrx_word' id='word_1_861' title='bbox 1756 5120 1822 5159; x_wconf 78' lang='lat' dir='ltr'><strong>xu</strong></span> 
     </span>
    </p>
   </div>
   <div class='ocr_carea' id='block_1_101' title="bbox 2000 5095 3112 5169">
    <p class='ocr_par' dir='ltr' id='par_1_101' title="bbox 2070 5100 3112 5168">
     <span class='ocr_line' id='line_1_101' title="bbox 2070 5100 3112 5168; baseline 0.002 -15"><span class='ocrx_word' id='word_1_862' title='bbox 2070 5101 2117 5134; x_wconf 77' lang='grc'><strong>³⁸</strong></span> <span class='ocrx_word' id='word_1_863' title='bbox 2151 5100 2454 5164; x_wconf 73' lang='grc' dir='ltr'>Μειιίι.ιιι,</span> <span class='ocrx_word' id='word_1_864' title='bbox 2481 5103 2570 5157; x_wconf 79' lang='lat'><strong>&#39;52.</strong></span> <span class='ocrx_word' id='word_1_865' title='bbox 2649 5104 2693 5134; x_wconf 85' lang='grc'>¹¹</span> <span class='ocrx_word' id='word_1_866' title='bbox 2717 5101 2998 5168; x_wconf 79' lang='lat' dir='ltr'><strong>Joan.vm,</strong></span> <span class='ocrx_word' id='word_1_867' title='bbox 3023 5102 3112 5156; x_wconf 72' lang='lat'><strong>22.</strong></span> 
     </span>
    </p>
   </div>
   <div class='ocr_carea' id='block_1_102' title="bbox 331 5250 1819 5330">
    <p class='ocr_par' dir='ltr' id='par_1_102' title="bbox 331 5250 1819 5330">
     <span class='ocr_line' id='line_1_102' title="bbox 331 5250 1819 5330; baseline 0.006 -25"><span class='ocrx_word' id='word_1_868' title='bbox 331 5250 564 5330; x_wconf 62' lang='lat' dir='ltr'><strong>(48)_Sic</strong></span> <span class='ocrx_word' id='word_1_869' title='bbox 592 5252 1144 5330; x_wconf 56' lang='lat' dir='ltr'><strong>recte_habel_codeg_</strong></span> <span class='ocrx_word' id='word_1_870' title='bbox 1165 5256 1506 5330; x_wconf 73' lang='lat' dir='ltr'><strong>Bodleianus,</strong></span> <span class='ocrx_word' id='word_1_871' title='bbox 1535 5273 1819 5330; x_wconf 86' lang='lat' dir='ltr'><strong>perperam</strong></span> 
     </span>
    </p>
   </div>
   <div class='ocr_carea' id='block_1_103' title="bbox 257 5323 1474 5396">
    <p class='ocr_par' dir='ltr' id='par_1_103' title="bbox 257 5323 1474 5396">
     <span class='ocr_line' id='line_1_103' title="bbox 257 5323 1474 5396; baseline 0.006 -23"><span class='ocrx_word' id='word_1_872' title='bbox 257 5323 626 5396; x_wconf 37' lang='lat' dir='ltr'><strong>veroAﬂegius</strong></span> <span class='ocrx_word' id='word_1_873' title='bbox 649 5335 702 5396; x_wconf 77' lang='lat' dir='ltr'><strong>et</strong></span> <span class='ocrx_word' id='word_1_874' title='bbox 731 5323 1078 5396; x_wconf 80' lang='lat' dir='ltr'><strong>Barberinus,</strong></span> <span class='ocrx_word' id='word_1_875' title='bbox 1103 5325 1158 5378; x_wconf 74' lang='grc' dir='ltr'>δὲ</span> <span class='ocrx_word' id='word_1_876' title='bbox 1196 5323 1474 5396; x_wconf 85' lang='grc' dir='ltr'>δύνησθαι.</span> 
     </span>
    </p>
   </div>
   <div class='ocr_carea' id='block_1_104' title="bbox 331 5391 1826 5469">
    <p class='ocr_par' dir='ltr' id='par_1_104' title="bbox 331 5391 1826 5469">
     <span class='ocr_line' id='line_1_104' title="bbox 331 5391 1826 5469; baseline 0.005 -25"><span class='ocrx_word' id='word_1_877' title='bbox 331 5391 441 5469; x_wconf 52' lang='grc'>(19)</span> <span class='ocrx_word' id='word_1_878' title='bbox 461 5391 782 5469; x_wconf 82' lang='lat' dir='ltr'><strong>_Legendum</strong></span> <span class='ocrx_word' id='word_1_879' title='bbox 813 5394 1028 5449; x_wconf 79' lang='lat' dir='ltr'><strong>videtur</strong></span> <span class='ocrx_word' id='word_1_880' title='bbox 1061 5396 1157 5448; x_wconf 86' lang='grc' dir='ltr'><strong>ἐὰν</strong></span> <span class='ocrx_word' id='word_1_881' title='bbox 1210 5391 1580 5469; x_wconf 78' lang='grc' dir='ltr'>βλασφημήσῃ</span> <span class='ocrx_word' id='word_1_882' title='bbox 1611 5415 1694 5462; x_wconf 85' lang='grc' dir='ltr'><strong>τις</strong></span> <span class='ocrx_word' id='word_1_883' title='bbox 1745 5399 1826 5464; x_wconf 80' lang='grc' dir='ltr'><strong>είς</strong></span> 
     </span>
    </p>
   </div>
   <div class='ocr_carea' id='block_1_105' title="bbox 257 5460 726 5531">
    <p class='ocr_par' dir='ltr' id='par_1_105' title="bbox 257 5460 726 5531">
     <span class='ocr_line' id='line_1_105' title="bbox 257 5460 726 5531; baseline 0.009 -21"><span class='ocrx_word' id='word_1_884' title='bbox 257 5460 316 5510; x_wconf 86' lang='grc' dir='ltr'><strong>τὸ</strong></span> <span class='ocrx_word' id='word_1_885' title='bbox 349 5460 589 5531; x_wconf 76' lang='grc' dir='ltr'>Πνεῦμα,</span> <span class='ocrx_word' id='word_1_886' title='bbox 621 5473 726 5515; x_wconf 79' lang='lat' dir='ltr'><strong>etc.</strong></span> 
     </span>
    </p>
   </div>
   <div class='ocr_carea' id='block_1_106' title="bbox 329 5531 1823 5606">
    <p class='ocr_par' dir='ltr' id='par_1_106' title="bbox 329 5531 1823 5606">
     <span class='ocr_line' id='line_1_106' title="bbox 329 5531 1823 5606; baseline 0.005 -23"><span class='ocrx_word' id='word_1_887' title='bbox 329 5532 440 5598; x_wconf 78' lang='grc'>(50)</span> <span class='ocrx_word' id='word_1_888' title='bbox 465 5535 545 5606; x_wconf 65' lang='grc' dir='ltr'><strong>Οὐ</strong></span> <span class='ocrx_word' id='word_1_889' title='bbox 562 5531 767 5606; x_wconf 54' lang='grc' dir='ltr'>μέντοι</span> <span class='ocrx_word' id='word_1_890' title='bbox 787 5549 850 5606; x_wconf 71' lang='grc' dir='ltr'><strong>γε</strong></span> <span class='ocrx_word' id='word_1_891' title='bbox 870 5534 920 5586; x_wconf 81' lang='grc' dir='ltr'>εὶ</span> <span class='ocrx_word' id='word_1_892' title='bbox 933 5532 1020 5606; x_wconf 80' lang='grc' dir='ltr'>μὴ</span> <span class='ocrx_word' id='word_1_893' title='bbox 1045 5535 1114 5587; x_wconf 83' lang='grc' dir='ltr'><strong>ἐν</strong></span> <span class='ocrx_word' id='word_1_894' title='bbox 1136 5534 1214 5600; x_wconf 80' lang='grc' dir='ltr'>τῷ</span> <span class='ocrx_word' id='word_1_895' title='bbox 1231 5536 1538 5606; x_wconf 76' lang='grc' dir='ltr'>μέλλοντι.</span> <span class='ocrx_word' id='word_1_896' title='bbox 1567 5537 1823 5606; x_wconf 83' lang='lat' dir='ltr'><strong>Agnoscis</strong></span> 
     </span>
    </p>
   </div>
   <div class='ocr_carea' id='block_1_107' title="bbox 259 5597 1822 5676">
    <p class='ocr_par' dir='ltr' id='par_1_107' title="bbox 259 5597 1822 5676">
     <span class='ocr_line' id='line_1_107' title="bbox 259 5597 1822 5676; baseline 0.008 -26"><span class='ocrx_word' id='word_1_897' title='bbox 259 5597 346 5651; x_wconf 88' lang='lat' dir='ltr'><strong>hic</strong></span> <span class='ocrx_word' id='word_1_898' title='bbox 377 5597 579 5676; x_wconf 70' lang='lat' dir='ltr'><strong>semina</strong></span> <span class='ocrx_word' id='word_1_899' title='bbox 636 5597 952 5676; x_wconf 48' lang='lat' dir='ltr'><strong>Qrige&#39;niani&#39;</strong></span> <span class='ocrx_word' id='word_1_900' title='bbox 1007 5597 1248 5676; x_wconf 52' lang='lat' dir='ltr'><strong>erroris;</strong></span> <span class='ocrx_word' id='word_1_901' title='bbox 1284 5609 1376 5676; x_wconf 89' lang='lat' dir='ltr'><strong>qui</strong></span> <span class='ocrx_word' id='word_1_902' title='bbox 1438 5597 1822 5663; x_wconf 57' lang='lat' dir='ltr'><strong>damnatorum</strong></span> 
     </span>
    </p>
   </div>
   <div class='ocr_carea' id='block_1_108' title="bbox 258 5670 1535 5739">
    <p class='ocr_par' dir='ltr' id='par_1_108' title="bbox 258 5670 1535 5739">
     <span class='ocr_line' id='line_1_108' title="bbox 258 5670 1535 5739; baseline 0.013 -23"><span class='ocrx_word' id='word_1_903' title='bbox 258 5670 434 5739; x_wconf 58' lang='lat' dir='ltr'><strong>pinnis</strong></span> <span class='ocrx_word' id='word_1_904' title='bbox 469 5673 630 5725; x_wconf 91' lang='lat' dir='ltr'><strong>linem</strong></span> <span class='ocrx_word' id='word_1_905' title='bbox 660 5672 988 5739; x_wconf 89' lang='lat' dir='ltr'><strong>imponebat.</strong></span> <span class='ocrx_word' id='word_1_906' title='bbox 1015 5674 1276 5730; x_wconf 75' lang='lat' dir='ltr'><strong>HUETIUS.</strong></span> <span class='ocrx_word' id='word_1_907' title='bbox 1301 5670 1316 5676; x_wconf 82' lang='grc'><em>’</em></span> <span class='ocrx_word' id='word_1_908' title='bbox 1529 5727 1535 5732; x_wconf 91' lang='grc'><strong>.</strong></span> 
     </span>
    </p>
   </div>
   <div class='ocr_carea' id='block_1_109' title="bbox 331 5736 1521 5812">
    <p class='ocr_par' dir='ltr' id='par_1_109' title="bbox 331 5736 1521 5812">
     <span class='ocr_line' id='line_1_109' title="bbox 331 5736 1521 5812; baseline 0.011 -25"><span class='ocrx_word' id='word_1_909' title='bbox 331 5736 442 5799; x_wconf 78' lang='grc'>(51)</span> <span class='ocrx_word' id='word_1_910' title='bbox 468 5739 645 5795; x_wconf 78' lang='lat' dir='ltr'><strong>Codex</strong></span> <span class='ocrx_word' id='word_1_911' title='bbox 673 5736 890 5809; x_wconf 65' lang='lat' dir='ltr'><strong>Regius,</strong></span> <span class='ocrx_word' id='word_1_912' title='bbox 929 5746 1060 5811; x_wconf 71' lang='grc' dir='ltr'>φησι</span> <span class='ocrx_word' id='word_1_913' title='bbox 1082 5746 1210 5812; x_wconf 72' lang='grc' dir='ltr'><strong>γςέιρ⁹</strong></span> <span class='ocrx_word' id='word_1_914' title='bbox 1242 5746 1386 5812; x_wconf 85' lang='grc' dir='ltr'>Πῶς,</span> <span class='ocrx_word' id='word_1_915' title='bbox 1415 5757 1521 5800; x_wconf 87' lang='lat' dir='ltr'><strong>etc.</strong></span> 
     </span>
    </p>
   </div>
   <div class='ocr_carea' id='block_1_110' title="bbox 2001 5258 3506 5329">
    <p class='ocr_par' dir='ltr' id='par_1_110' title="bbox 2001 5258 3506 5329">
     <span class='ocr_line' id='line_1_110' title="bbox 2001 5258 3506 5329; baseline 0.003 -17"><span class='ocrx_word' id='word_1_916' title='bbox 2001 5258 2114 5327; x_wconf 78' lang='grc'>(52)</span> <span class='ocrx_word' id='word_1_917' title='bbox 2157 5261 2258 5314; x_wconf 77' lang='grc' dir='ltr'>Ἐν</span> <span class='ocrx_word' id='word_1_918' title='bbox 2270 5261 2498 5329; x_wconf 78' lang='grc' dir='ltr'>ἀγνοίᾳ.</span> <span class='ocrx_word' id='word_1_919' title='bbox 2515 5259 2569 5315; x_wconf 86' lang='grc' dir='ltr'>1η</span> <span class='ocrx_word' id='word_1_920' title='bbox 2589 5262 2772 5318; x_wconf 89' lang='lat' dir='ltr'><strong>codice</strong></span> <span class='ocrx_word' id='word_1_921' title='bbox 2797 5261 2965 5329; x_wconf 85' lang='lat' dir='ltr'><strong>Regio</strong></span> <span class='ocrx_word' id='word_1_922' title='bbox 2987 5259 3124 5313; x_wconf 90' lang='lat' dir='ltr'><strong>male</strong></span> <span class='ocrx_word' id='word_1_923' title='bbox 3145 5260 3414 5314; x_wconf 81' lang='lat' dir='ltr'><strong>omittitur</strong></span> <span class='ocrx_word' id='word_1_924' title='bbox 3427 5263 3506 5317; x_wconf 86' lang='grc' dir='ltr'><strong>ἐν.</strong></span> 
     </span>
    </p>
   </div>
   <div class='ocr_carea' id='block_1_111' title="bbox 2001 5330 3504 5398">
    <p class='ocr_par' dir='ltr' id='par_1_111' title="bbox 2001 5330 3504 5398">
     <span class='ocr_line' id='line_1_111' title="bbox 2001 5330 3504 5398; baseline 0.003 -17"><span class='ocrx_word' id='word_1_925' title='bbox 2001 5330 2113 5391; x_wconf 81' lang='lat'><strong>(53)</strong></span> <span class='ocrx_word' id='word_1_926' title='bbox 2148 5333 2414 5385; x_wconf 74' lang='grc' dir='ltr'>Δυνατὸν</span> <span class='ocrx_word' id='word_1_927' title='bbox 2439 5330 2506 5384; x_wconf 80' lang='grc' dir='ltr'>δὲ</span> <span class='ocrx_word' id='word_1_928' title='bbox 2521 5333 2760 5398; x_wconf 80' lang='grc' dir='ltr'>αὐτούς.</span> <span class='ocrx_word' id='word_1_929' title='bbox 2786 5332 2841 5385; x_wconf 89' lang='lat' dir='ltr'><strong>lu</strong></span> <span class='ocrx_word' id='word_1_930' title='bbox 2864 5331 3032 5397; x_wconf 77' lang='lat' dir='ltr'><strong>llegio</strong></span> <span class='ocrx_word' id='word_1_931' title='bbox 3052 5330 3237 5398; x_wconf 88' lang='lat' dir='ltr'><strong>codice</strong></span> <span class='ocrx_word' id='word_1_932' title='bbox 3263 5333 3410 5384; x_wconf 81' lang='lat' dir='ltr'><strong>deest</strong></span> <span class='ocrx_word' id='word_1_933' title='bbox 3427 5333 3504 5386; x_wconf 85' lang='grc' dir='ltr'><strong>δέ.</strong></span> 
     </span>
    </p>
   </div>
   <div class='ocr_carea' id='block_1_112' title="bbox 1999 5397 3503 5470">
    <p class='ocr_par' dir='ltr' id='par_1_112' title="bbox 1999 5397 3503 5470">
     <span class='ocr_line' id='line_1_112' title="bbox 1999 5397 3503 5470; baseline 0.002 -18"><span class='ocrx_word' id='word_1_934' title='bbox 1999 5400 2112 5470; x_wconf 69' lang='grc'>(54)</span> <span class='ocrx_word' id='word_1_935' title='bbox 2146 5401 2355 5465; x_wconf 77' lang='grc' dir='ltr'>’Ἄξιον</span> <span class='ocrx_word' id='word_1_936' title='bbox 2375 5399 2622 5468; x_wconf 77' lang='grc' dir='ltr'>ζητῆσαι</span> <span class='ocrx_word' id='word_1_937' title='bbox 2664 5397 2849 5458; x_wconf 80' lang='grc' dir='ltr'>πόθεν</span> <span class='ocrx_word' id='word_1_938' title='bbox 2879 5397 3224 5470; x_wconf 61' lang='grc' dir='ltr'>κινηθέντες</span> <span class='ocrx_word' id='word_1_939' title='bbox 3255 5403 3309 5454; x_wconf 80' lang='grc' dir='ltr'>οἱ</span> <span class='ocrx_word' id='word_1_940' title='bbox 3339 5402 3503 5470; x_wconf 14' lang='grc' dir='ltr'><strong>ίἸουο⁴</strong></span> 
     </span>
    </p>
   </div>
   <div class='ocr_carea' id='block_1_113' title="bbox 1928 5467 3504 5540">
    <p class='ocr_par' dir='ltr' id='par_1_113' title="bbox 1928 5467 3504 5540">
     <span class='ocr_line' id='line_1_113' title="bbox 1928 5467 3504 5540; baseline 0.003 -19"><span class='ocrx_word' id='word_1_941' title='bbox 1928 5469 2080 5523; x_wconf 78' lang='grc' dir='ltr'>δαῖοι</span> <span class='ocrx_word' id='word_1_942' title='bbox 2096 5467 2248 5538; x_wconf 66' lang='grc' dir='ltr'>’πρὸς</span> <span class='ocrx_word' id='word_1_943' title='bbox 2271 5474 2337 5524; x_wconf 84' lang='grc' dir='ltr'>τό</span> <span class='ocrx_word' id='word_1_944' title='bbox 2360 5488 2372 5500; x_wconf 92' lang='grc'><strong>·</strong></span> <span class='ocrx_word' id='word_1_945' title='bbox 2413 5467 2603 5525; x_wconf 82' lang='grc' dir='ltr'>’Ὀπου</span> <span class='ocrx_word' id='word_1_946' title='bbox 2623 5471 2738 5540; x_wconf 73' lang='grc' dir='ltr'><strong>ἐγὼ</strong></span> <span class='ocrx_word' id='word_1_947' title='bbox 2766 5472 2992 5540; x_wconf 72' lang='grc' dir='ltr'>ὑπάγω,</span> <span class='ocrx_word' id='word_1_948' title='bbox 3015 5467 3186 5539; x_wconf 80' lang='grc' dir='ltr'>ὑμεῖς</span> <span class='ocrx_word' id='word_1_949' title='bbox 3227 5473 3299 5524; x_wconf 89' lang='grc' dir='ltr'>οὐ</span> <span class='ocrx_word' id='word_1_950' title='bbox 3322 5469 3504 5525; x_wconf 76' lang='grc' dir='ltr'>δύνα-</span> 
     </span>
    </p>
   </div>
   <div class='ocr_carea' id='block_1_114' title="bbox 1929 5539 3501 5611">
    <p class='ocr_par' dir='ltr' id='par_1_114' title="bbox 1929 5539 3501 5611">
     <span class='ocr_line' id='line_1_114' title="bbox 1929 5539 3501 5611; baseline 0.003 -19"><span class='ocrx_word' id='word_1_951' title='bbox 1929 5544 2038 5593; x_wconf 83' lang='grc' dir='ltr'><strong>σθε</strong></span> <span class='ocrx_word' id='word_1_952' title='bbox 2057 5541 2274 5595; x_wconf 77' lang='grc' dir='ltr'>ἐλθεῖν.</span> <span class='ocrx_word' id='word_1_953' title='bbox 2313 5541 2435 5611; x_wconf 57' lang='grc' dir='ltr'>Ηαξιε</span> <span class='ocrx_word' id='word_1_954' title='bbox 2463 5539 2839 5595; x_wconf 76' lang='lat' dir='ltr'><strong>desiderantur</strong></span> <span class='ocrx_word' id='word_1_955' title='bbox 2871 5539 2921 5595; x_wconf 83' lang='lat' dir='ltr'><strong>in</strong></span> <span class='ocrx_word' id='word_1_956' title='bbox 2949 5539 3118 5610; x_wconf 79' lang='lat' dir='ltr'><strong>Regio</strong></span> <span class='ocrx_word' id='word_1_957' title='bbox 3148 5541 3337 5596; x_wconf 86' lang='lat' dir='ltr'><strong>codice</strong></span> <span class='ocrx_word' id='word_1_958' title='bbox 3364 5579 3383 5611; x_wconf 90' lang='lat'><strong>_.</strong></span> <span class='ocrx_word' id='word_1_959' title='bbox 3405 5542 3501 5596; x_wconf 77' lang='lat' dir='ltr'><strong>scd</strong></span> 
     </span>
    </p>
   </div>
   <div class='ocr_carea' id='block_1_115' title="bbox 1942 5610 2701 5664">
    <p class='ocr_par' dir='ltr' id='par_1_115' title="bbox 1942 5610 2701 5664">
     <span class='ocr_line' id='line_1_115' title="bbox 1942 5610 2701 5664; baseline -0.001 0"><span class='ocrx_word' id='word_1_960' title='bbox 1942 5612 2303 5664; x_wconf 85' lang='lat' dir='ltr'><strong>restilmmtur</strong></span> <span class='ocrx_word' id='word_1_961' title='bbox 2331 5627 2359 5664; x_wconf 90' lang='lat' dir='ltr'><strong>e</strong></span> <span class='ocrx_word' id='word_1_962' title='bbox 2393 5610 2701 5663; x_wconf 83' lang='lat' dir='ltr'><strong>Bodleiano.</strong></span> 
     </span>
    </p>
   </div>
   <div class='ocr_carea' id='block_1_116' title="bbox 2011 5679 3185 5752">
    <p class='ocr_par' dir='ltr' id='par_1_116' title="bbox 2011 5679 3185 5752">
     <span class='ocr_line' id='line_1_116' title="bbox 2011 5679 3185 5752; baseline 0.005 -20"><span class='ocrx_word' id='word_1_963' title='bbox 2011 5679 2124 5750; x_wconf 76' lang='grc' dir='ltr'>(ὕὸ)</span> <span class='ocrx_word' id='word_1_964' title='bbox 2157 5681 2332 5736; x_wconf 81' lang='lat' dir='ltr'><strong>Codex</strong></span> <span class='ocrx_word' id='word_1_965' title='bbox 2363 5681 2578 5751; x_wconf 76' lang='lat' dir='ltr'><strong>Regius,</strong></span> <span class='ocrx_word' id='word_1_966' title='bbox 2611 5697 2918 5752; x_wconf 78' lang='lat' dir='ltr'><strong>perperam,</strong></span> <span class='ocrx_word' id='word_1_967' title='bbox 2942 5679 3185 5738; x_wconf 86' lang='grc' dir='ltr'>δύναται.</span> 
     </span>
    </p>
   </div>
  </div>
