3688 6146
142 368 237 424 5'35

1170 367 1523 424 COMMENT.
1558 368 1624 424 IN
1661 367 1855 423 JOAN.
1891 365 2127 423 TOMUS
2163 365 2301 422 XIX.

3238 373 3343 427 55—i-

142 487 290 547 ἐστιν,
319 482 396 535 ὅτι
421 480 589 536 πολλὰ
613 482 724 553 (56)
759 484 900 538 κατά
921 502 1072 549 τινας
1098 489 1416 559 παραδόσεις
1442 491 1640 561 emam

1834 489 2129 559 vangeliis,
2164 488 2368 543 clarum
2417 501 2540 543 esse
2568 486 2783 543 Judaeos
2828 489 2994 544 multa
3048 494 3343 548 secundum
3406 502 3411 507 '

140 592 250 638 τους
270 575 356 628 καὶ
380 575 856 646 ἀνακεχωρηκυίας
881 576 1083 647 ἔλεγον,
1107 578 1182 641 ὡς
1204 582 1500 649 ἐγνωκότες
1521 582 1682 653 ἕτερα

143 668 274 739 παρὰ
296 666 359 721 τὰ
380 666 532 721 κοινά
563 668 656 721 καὶ
687 669 1161 740 κατημαξευμένα.
1197 671 1364 725 Ἐπέιν
1396 672 1454 726 δὲ
1484 672 1682 744 ῐδωμεν

140 761 198 812 ἐκ
220 759 311 829 τῆς
340 758 685 829 παραθέσεως
706 759 816 814 τῶν
848 760 1028 832 ῥητῶν
1065 765 1268 825 ἐκεῖνα,
1298 764 1417 817 τότε
1450 763 1679 837 ζητήσο-

139 867 228 921 μεν
253 852 299 903 ει
323 850 413 903 καὶ
452 850 611 904 τοῦτο
636 852 726 906 ὑπ’
756 853 934 908 αὐτῶν
965 854 1093 926 περ).
1119 854 1213 908 τοῦ
1240 856 1488 928 Σωτῆρος
1521 857 1679 926 λέγε-

135 960 233 1006 ται,
272 940 558 1014 βαθύτερόν
603 960 655 996 τι
707 943 1032 1015 βλεπόντων.
1073 947 1190 1000 ’Ὁτι
1223 947 1279 1001 δὲ
1311 948 1449 1001 κατὰ
1485 949 1681 1001 ἀνακε-

134 1032 432 1104 χωρηκότας
458 1033 667 1102 λόγους,
692 1035 788 1090 καὶ
811 1034 884 1106 μὴ
906 1036 1221 1107 καθημαξευ
1230 1038 1421 1108 μένους
1445 1038 1679 1110 ἔφασκον

132 1124 214 1177 τὸν
243 1125 418 1180 ἄδολον
445 1125 556 1196 (57)
605 1126 663 1179 ὲν
714 1127 1040 1192 Βεελζεϐοὺλ
1070 1128 1149 1200 τῷ
1180 1131 1399 1201 ἄρχοντι
1430 1130 1537 1185 τῶν
1566 1132 1680 1184 δαι-

136 1214 311 1283 μονίων
360 1216 649 1271 ἐκϐάλλειν
688 1217 756 1271 τὰ
803 1219 1075 1290 δαιμόνια,
1128 1220 1345 1285 πάντως
1389 1222 1498 1292 γὰρ
1551 1222 1680 1294 περὶ

130 1305 374 1375 δαιμόνων
403 1324 457 1359 τι
495 1306 924 1379 μεμαθήκεισαν,
955 1310 1049 1363 καὶ
1080 1310 1174 1363 τοῦ
1205 1304 1469 1382 ἄρχοντος
1497 1311 1677 1365 αὑτῶν

130 1395 183 1448 τὸ
206 1396 360 1468 ὄνομα
390 1396 747 1461 Βεελζεὼύλν
787 1397 962 1452 ταῦτα
1003 1398 1059 1452 δὲ
1107 1403 1167 1453 οὐ
1215 1399 1355 1453 πάνυ
1389 1418 1440 1453 τι
1481 1403 1537 1454 ὲν
1566 1404 1677 1464 τοῖς

131 1487 428 1559 φερομένοις
478 1491 650 1542 κεῖται
692 1488 1073 1559 βιϐλίοις(58),
1120 1490 1215 1543 καὶ
1261 1495 1533 1563 μαρτυρία
1581 1491 1674 1544 τοῦ

130 1579 357 1650 Σωτῆρος
395 1580 459 1632 οὑ
487 1572 669 1649 ψεύδει
690 1580 769 1651 τῷ
798 1579 1125 1644 Βεελςεϐοὑλ
1147 1581 1318 1651 λόγων
1350 1582 1516 1635 ὄντων
1541 1582 1670 1655 (59)’

134 1673 223 1726 «Εἰ
261 1672 364 1742 ἐγὼ
408 1674 471 1726 ὲν
519 1671 843 1737 Βεελζεϐοὺλ
893 1673 1140 1728 ἐκϐάλλω
1183 1673 1250 1727 τὰ
1294 1673 1565 1744 δαιμόνια,
1625 1677 1674 1727 0t

128 1765 221 1819 υἱοὶ
252 1764 396 1836 ὑμῶν
429 1767 489 1818 ὲν
520 1765 624 1819 τίνι
652 1763 1004 1829 ὲκϐάλλουσις
1032 1785 1051 1816 ι
1096 1764 1540 1837 Παραδεξάμενος
1563 1764 1672 1834 (60)

1782 582 2047 651 quasdam
2098 582 2419 636 traditiones
2460 580 2702 636 occultas
2733 592 2789 637 et
2835 599 3116 652 separatas
3162 586 3342 656 loqui;

1783 682 2038 743 tanquam
2070 674 2161 743 qui
2191 672 2295 727 alia
2318 673 2606 742 cognorint
2650 685 2846 742 praeter
2892 690 2954 727 ea
2982 691 3100 742 quae
3132 677 3345 744 publica

1781 776 1937 821 erant
1975 767 2137 837 297
2172 774 2223 820 et
2264 766 2414 819 trita.
2442 763 2574 819 Cum
2608 777 2787 819 autem
2828 765 3124 820 viderimus
3157 781 3219 822 ex
3253 784 3346 838 ap-

1781 859 2046 927 positione
2076 859 2344 910 dictorum
2373 855 2483 919 illa,
2517 867 2648 910 tunc
2678 869 2984 924 quaeremus
3017 872 3143 909 num
3178 858 3344 912 etiam

1782 950 1883 1004 hoc
1913 948 1980 1003 ah
2014 949 2144 1017 ipsis
2166 949 2232 1002 de
2259 947 2548 1002 Servatore
2578 947 2812 1010 dicatur,
2848 946 3154 1001 videntibus
3183 948 3344 1016 quid-

1780 1041 1901 1094 dam
1934 1038 2270 1108 profundius.
2313 1037 2577 1103 Quoniam
2627 1051 2759 1093 vero
2806 1036 3100 1092 secundum
3131 1054 3342 1107 separa-

1782 1140 1866 1185 tas
1898 1130 2228 1199 minimeque
2255 1128 2502 1199 vulgares
2528 1129 2787 1192 rationes,
2817 1128 2902 1181 vel
2929 1143 3229 1191 sermones,
3260 1130 3344 1183 di-

1780 1220 1975 1273 cebant
2000 1234 2121 1272 eum
2144 1260 2158 1281 ,
2188 1219 2281 1288 qui
2310 1221 2427 1272 sine
2453 1217 2574 1271 dolo
2598 1230 2738 1281 erat,
2778 1218 2828 1270 in
2861 1217 3105 1287 principe
3142 1220 3345 1275 darento-

1782 1310 1990 1364 niorum
2036 1308 2323 1363 Beelzebul
2367 1309 2566 1375 ejicere
2615 1309 2876 1362 daemonia
2904 1311 2974 1374 ",
3005 1310 3227 1365 omnino
3278 1313 3345 1366 de

1779 1401 2112 1455 daemonibus
2177 1399 2353 1469 deque
2397 1414 2583 1453 eorum
2630 1400 2872 1469 principe
2911 1399 3198 1457 Beelzehul
3246 1418 3346 1458 no—

1779 1493 1923 1547 mine
1968 1492 2224 1545 nonnulla
2277 1493 2613 1555 didicerant,
2639 1507 2759 1560 quae
2797 1493 2935 1549 haud
2974 1495 3047 1548 ita
3071 1506 3343 1565 ponuntur

1780 1583 1831 1636 in
1884 1583 2034 1635 libris
2087 1583 2177 1651 qui
2232 1581 2693 1637 circumferuntur
2748 1602 2760 1638 :
2812 1585 3226 1657 Servatorisque
3278 1592 3345 1646 de

1778 1671 2058 1728 Beelzebul
2088 1673 2450 1727 testimonium
2479 1673 2578 1728 hoc
2607 1690 2713 1727 non
2740 1684 2822 1728 est
2855 1676 3046 1730 falsum
3076 1696 3088 1730 :
3121 1699 3139 1729 ι
3165 1680 3220 1733 Si
3244 1697 3344 1752 ego

1778 1765 1830 1817 in
1862 1763 2146 1818 Beelzebul
2184 1764 2341 1834 ejiclo
2380 1764 2666 1831 daemonia,
2694 1764 2785 1819 filii
2824 1768 2986 1822 vestri
3018 1769 3069 1822 in
3104 1785 3347 1840 quonam

126 1856 220 1926 γὰρ
244 1855 301 1909 τὸ
330 1853 467 1910 εἷναί
507 1873 628 1909 τινα
668 1855 758 1908 τὸν
791 1855 1135 1920 Βεελζεϐοὑλ,
1171 1857 1264 1909 καὶ
1302 1857 1390 1911 τὸν
1424 1859 1481 1909 ὲν
1527 1857 1640 1910 αὑτά

1833 1855 2001 1909 iciunt
2037 1856 2120 1909 "‘3
2155 1875 2174 1908 ι
2204 1854 2341 1910 Cum
2388 1858 2532 1911 enim
2572 1857 2881 1912 admisisset
2912 1874 3031 1914 esse
3053 1862 3344 1931 quemdam

126 1946 429 2001 ὲκδάλλοντα
466 1947 535 2001 τὰ
574 1945 826 2017 δαιμόνια
868 1945 1030 1999 οἱονεὶ¹
1064 1944 1328 2016 μερισμόν
1363 1962 1484 1999 τινα
1524 1946 1676 2017 ἐνερ-

122 2042 225 2107 γεῖν
250 2038 339 2092 τοῦ
384 2039 603 2092 Σατανᾶ
644 2036 883 2106 γίνεσθαι
916 2037 1000 2106 ἐφ’
1045 2036 1257 2105 ἑαυτὸν,
1288 2035 1460 2090 ταῦτά
1487 2053 1669 2107 φησιν.

133 2130 459 2202 Ἐσφάλησαν
504 2129 601 2201 μὲν
640 2124 733 2182 οὖν
784 2128 1033 2197 λέγοντες
1077 2128 1134 2180 ὲν
1189 2126 1516 2190 Βεελζεϐοὺλ
1566 2126 1673 2180 ὑπὸ

120 2221 199 2275 τοῦ
215 2222 460 2293 Σωτῆρος
483 2219 836 2274 ἐκϐάλλεσθαι
859 2218 927 2273 τὰ
949 2218 1201 2289 δαιμόνια
1216 2235 1229 2248 ·
1254 2217 1671 2289 κατειλήφεισαν

120 2310 188 2372 δὲ,
216 2312 291 2364 ὅτι
330 2310 413 2382 εἴη
466 2328 550 2374 τις
596 2307 917 2373 Βεελζεὸοὑλ
950 2309 1131 2380 ἄρχων
1163 2307 1470 2379 δαιμονίων.
1513 2307 1674 2361 Ἀλλά

119 2403 200 2456 καὶ
231 2402 320 2456 ἐὰν
345 2402 550 2471 λέγωσι
584 2402 711 2474 περὶ
746 2400 841 2455 τοῦ
878 2400 1075 2473 Ἰησοῦ,
1101 2402 1183 2454 ὅτι
1216 2401 1375 2464 αὐτὸς
1420 2400 1672 2471 Ἰωάννης

118 2492 269 2555 ἐστὶν,
298 2495 538 2558 ἀναστὰς
565 2495 673 2548 ἀπὸ
707 2492 812 2546 τῶν
840 2493 1070 2565 νεκρῶν,
1099 2493 1132 2564 ἢ
1167 2487 1247 2557 εἷς
1279 2510 1361 2557 τις
1393 2491 1501 2544 τῶν
1534 2509 1669 2562 προ-

116 2586 303 2656 φητῶν,
334 2587 556 2650 πάντως
585 2586 763 2657 δόγμα
805 2585 1017 2657 ἔχοντες
1049 2584 1177 2655 περὶ
1208 2584 1405 2655 ψυχῆς,
1435 2584 1510 2647 ὡς
1542 2581 1670 2652 ἐξη-

114 2679 338 2750 τάσαμεν
384 2681 449 2733 ὲν
505 2681 619 2743 τοῖς
656 2678 786 2749 περὶ
833 2678 1104 2741 Ἰωάννου,
1147 2674 1371 2729 τοιαῦτα
1405 2675 1533 2746 περὶ
1574 2672 1669 2728 τοῦ

115 2768 345 2842 Σωτῆρος
390 2770 731 2825 ὑπονοοῦσιν.
771 2769 931 2834 Εἰκὸς
975 2769 1031 2823 δὲ
1063 2770 1158 2824 καὶ
1184 2767 1318 2823 ἄλλα
1347 2765 1575 2838 μυρὶαῆ
1606 2767 1671 2819 ὲκ

114 2861 449 2933 παραδόσεως
492 2860 526 2933 ἦ
571 2861 631 2926 ἐξ
683 2860 1015 2932 ἀποκρύφων
1047 2859 1242 2921 αὑτοὺς
1276 2857 1472 2911 εἰδέναι
1520 2857 1670 2928 παρὰ

109 2953 222 3017 τοὺς
245 2951 491 3016 πολλούς.
513 2952 739 3023 Ἰδωμεν
758 2946 850 3005 οὖν
876 2951 969 3005 καὶ
991 2951 1071 3014 εἰς
1093 2951 1152 3004 τό
1169 2967 1183 2981 ο
1223 2968 1241 3001 ι
1266 2949 1410 3020 Μήτι
1439 2949 1670 3002 ἀποκτε-

110 3039 182 3090 νεῖ
229 3039 414 3094 ἑαυτόν
440 3055 456 3104 ;
484 3059 502 3091 ι
552 3040 602 3092 ei
655 3039 904 3092 δύνανται
968 3038 1041 3110 μὴ
1101 3037 1404 3108 κοινότερόν
1465 3054 1520 3090 τι
1574 3036 1669 3092 καὶ

109 3129 461 3203 ἁπλούστερον
493 3131 801 3202 νενοηκέναι
821 3147 835 3161 ·
871 3130 947 3194 ὡς
980 3129 1168 3183 ἑαυτὸν
1194 3128 1552 3197 ἐξαγαγόντος
1571 3127 1668 3184 τοῦ

1775 1943 2060 1998 Beelzebul
2081 1985 2095 2007 ,
2120 1955 2174 1997 et
2203 1944 2294 2013 qui
2338 1942 2484 1998 illius
2514 1944 2769 2013 pmsidio
2802 1947 3062 2002 daemonia
3095 1948 3349 2016 ejiceret,

1773 2033 2057 2090 dissidium
2090 2035 2257 2089 veluti
2298 2035 2566 2105 quoddam
2603 2033 2819 2091 Satanae
2844 2039 3084 2107 operari,
3108 2056 3174 2095 eo
3199 2046 3347 2111 quod

1773 2140 1956 2180 secum
1983 2127 2097 2195 ipse
2117 2126 2427 2193 dissideret,
2457 2127 2573 2181 hzec
2591 2126 2781 2195 inquit.
2818 2131 2994 2197 Atque
3022 2131 3096 2185 illi
3121 2134 3342 2200 quidem

1774 2216 2029 2273 errabant
2054 2217 2294 2272 dicentes
2321 2231 2416 2286 per
2445 2217 2727 2271 Beelzehul
2760 2216 3100 2274 Servatorem
3137 2222 3341 2277 damno-

1773 2306 1861 2359 nis
1888 2305 2087 2374 ejicere
2112 2321 2127 2368 ;
2154 2316 2506 2375 perceperant
2533 2314 2711 2360 tamen
2735 2321 2856 2360 esse
2878 2309 3167 2376 quemdam
3191 2310 3343 2367 Βεοιτ

1774 2394 1931 2451 zebul
1958 2395 2261 2465 principem
2289 2398 2699 2451 daemoniorum.
2743 2396 2882 2462 Quin
2913 2401 3076 2455 etiam
3106 2417 3228 2456 cum
3258 2404 3340 2457 di-

1772 2497 1900 2543 cunt
1927 2488 1993 2542 de
2020 2484 2144 2542 Jesu
2176 2490 2316 2556 quod
2359 2489 2475 2559 ipse
2519 2489 2592 2543 sit
2630 2488 2866 2546 Joannes
2899 2494 2989 2562 qui
3026 2508 3055 2549 a
3110 2496 3343 2551 mortuis

1776 2579 2103 2643 resurrexit,
2144 2579 2226 2633 vel
2270 2595 2411 2633 unus
2450 2579 2649 2650 aliquis
2688 2585 3074 2652 prophetarum
3101 2584 3168 2650 ",
3209 2587 3342 2640 talia

1772 2668 1839 2724 de
1864 2669 2153 2724 Servatore
2181 2670 2455 2737 cogitant,
2489 2671 2681 2742 dogma
2710 2675 2936 2729 omnino
2976 2675 3239 2731 habentes
3269 2676 3338 2731 de

1771 2758 1951 2814 anima
1974 2799 1991 2822 ,
2022 2768 2081 2815 ut
2106 2771 2262 2815 antea
2294 2774 2548 2817 accurate
2587 2766 2978 2835 exquisivimus
3022 2768 3090 2823 de
3127 2766 3339 2826 Joanne

1776 2859 2096 2907 tractantes.
2121 2851 2356 2908 Proinde
2381 2856 2658 2923 probabile
2687 2866 2772 2911 est
2798 2872 2893 2912 eos
2922 2858 3024 2912 alia
3051 2859 3339 2918 innumera

1769 2940 1854 2995 vel
1878 2954 1946 2995 ex
1977 2943 2296 3008 traditione,
2334 2944 2418 2999 vel
2445 2961 2511 2999 ex
2550 2949 2778 3003 occaltis
2822 2950 2972 3005 libris
3003 2951 3185 3018 scire,
3229 2970 3342 3024 prae

1771 3033 1971 3089 multis.
1995 3033 2285 3091 Videamus
2312 3036 2475 3106 igitur
2499 3038 2660 3093 etiam
2691 3041 2743 3095 in
2771 3042 2871 3097 hoc
2893 3058 2913 3113 :_
2941 3061 2959 3093 ι
2987 3042 3237 3114 Nunquid
3261 3048 3345 3101 in-

1773 3125 2102 3181 terfecturus
2160 3137 2243 3182 est
2296 3130 2532 3199 seipsum
2567 3131 2634 3199 ”,
2689 3150 2708 3183 ι
2755 3149 2821 3186 an
2865 3133 3023 3189 facile
3069 3136 3218 3191 factu
3265 3140 3337 3192 sit

111 3219 211 3291 βίου
237 3221 349 3292 ἦτοι
381 3220 614 3292 ἀγχόνῃ,
644 3221 677 3291 ἢ
706 3219 867 3290 ξίφει,
895 3221 929 3290 ἢ
981 3219 1142 3290 ὁποίᾳ.
1175 3218 1375 3289 δήποτε
1419 3216 1525 3290 ὁδῷ
1555 3219 1640 3271 τῶε

1830 3216 1986 3272 ιᾱςξοε
2020 3233 2126 3271 non
2161 3217 2499 3275 intellexisse
2537 3223 2833 3292 quidquam
2873 3227 3215 3281 communius
3260 3229 3341 3282 vel

108 3310 333 3366 ὲνπῦθεν
360 3313 592 3375 ἑαυτοὺς
622 3311 1072 3366 ἀπαλλαττόντων
1093 3327 1106 3340 ·
1147 3311 1240 3363 καὶ
1271 3310 1504 3381 μάλιστα
1545 3308 1667 3363 ἐπεὶ

107 3400 290 3454 οἴονται
322 3402 483 3455 αὑτὸν
504 3402 697 3456 ἑαυτὸν
721 3399 1113 3454 ἀποκτείναντα
1135 3399 1246 3471 (61)
1269 3399 1665 3455 ἀπελεύσεσθαι

105 3491 177 3554 εἰς
197 3492 375 3558 τόπον,
408 3495 490 3556 εἰς
523 3491 582 3545 ὃν
619 3491 875 3546 ἀδύνατον
914 3486 981 3560 ἦν
1024 3490 1221 3553 αὐτοὺς
1258 3491 1538 3559 γενέσθαι·
1572 3492 1665 3545 καὶ

106 3585 148 3637 εἰ
192 3585 261 3656 μὴ
302 3585 822 3656 δεισιδαιμονοῦντές
860 3602 923 3653 γε
969 3585 1097 3655 περ).
1129 3585 1197 3637 τὰ
1238 3584 1498 3653 ὀνόματα,
1530 3584 1664 3640 ἀλλὰ

105 3673 367 3745 βλέποντες
387 3676 457 3730 τά
484 3675 786 3747 πράγματα
826 3675 899 3747 μὴ
929 3675 1305 3746 εὑρισκόμενοι
1330 3673 1439 3742 (62)
1483 3672 1667 3737 ἄλλοις

100 3766 306 3838 ὀνόμασι
324 3769 565 3840 χρῆσθαι
581 3768 723 3822 κατά
739 3768 846 3821 τῶν
867 3767 1220 3839 πραγμάτων,
1240 3765 1397 3836 τάχα,
1419 3764 1482 3818 ἵν’
1498 3764 1670 3829 οὕτως

100 3858 252 3925 εἴπω,
317 3859 593 3931 θειότερον
648 3859 854 3932 Ἰησοῦς
907 3860 1069 3913 αὑτὸν
1115 3859 1465 3912 ἀπέκτεινεν·
1526 3858 1663 3928 ὅπερ

100 3952 255 4016 o'ww;
278 3954 646 4025 παρίσταμεν.
676 3951 901 4005 Πάντων
930 3953 1028 4023 μὲν
1065 3954 1120 4005 αἱ
1151 3951 1322 4021 ψυχαὶ
1356 3949 1465 4002 τῶν
1490 3948 1665 4002 ὰπαλ-

98 4041 424 4117 λαττομένων
474 4044 571 4098 τοῦ
629 4044 898 4116 σώματος,
944 4042 1317 4098 ἀπαιτούντων
1365 4040 1526 4095 τινῶν
1564 4041 1663 4094 αὑ-

97 4135 185 4201 τὰς
208 4136 312 4209 (65)
336 4136 449 4192 τῶν
477 4136 573 4190 ἐπὶ
604 4136 760 4191 τοῦτο
804 4135 1171 4206 τεταγμένων,
1204 4134 1660 4206 παραλαμϐάνον-

158 4280 201 4311 ²¹
227 4279 415 4337 Matth.
448 4296 550 4346 xtt,
573 4279 644 4333 24
667 4296 683 4342 ;
707 4278 841 4334 Luc.
868 4294 942 4344 xt,
968 4277 1056 4333 l5.
1131 4278 1178 4310 ³⁸
1203 4277 1332 4333 ibid.
1359 4276 1449 4336 12.
1526 4278 1573 4309 ⁸⁵
1604 4277 1640 4330 Μ

1830 4273 2012 4342 1,15;
2056 4272 2185 4328 Luc.
2218 4289 2294 4341 ix,
2323 4274 2378 4329 8.

159 4396 268 4468 (56)
296 4397 525 4453 Πολλά.
560 4398 718 4451 Deest
747 4396 796 4450 in
827 4398 1010 4451 codice
1037 4396 1227 4464 Regio.

96 4465 264 4591 ὶῦαἱῗ)
288 4471 520 4524 Codices
558 4468 758 4536 Regius
790 4477 843 4521 et
890 4468 1258 4532 Barherinus,
1308 4465 1471 4529 male,
1532 4465 1661 4538 ἀδη-

148 4556 195 4591 ν.

148 4556 195 4591 ν.

96 4608 264 4730 ϐλ(58)
324 4607 495 4665 Iidem
553 4607 712 4665 codd.
767 4606 968 4678 Regius
1046 4615 1102 4661 et
1160 4604 1532 4670 Barheriuus,
1587 4603 1662 4675 βί-

154 4695 247 4730 οις.

154 4695 247 4742 οις.

160 4748 264 4821 (59)
282 4750 365 4803 Οὐ
394 4747 610 4821 ψεύδει
665 4745 745 4812 τῷ
787 4744 1146 4821 Βεελζεᾷοὺλ
1196 4746 1393 4821 λόγων
1439 4744 1656 4821 ,ὄντων-3

97 4814 257 4871 Locus
281 4814 465 4873 manili
496 4818 652 4871 valde
669 4830 954 4884 suspectus
1006 4817 1147 4886 Lego
1172 4814 1293 4886 cuni
1331 4814 1580 4869 Pet-ionio
1596 4814 1657 4868 οὑ

95 4888 280 4962 ψευδὴς
297 4890 437 4962 περὶ
461 4887 555 4962 τοῦ
583 4886 934 4962 Βεελζεϐοὺλ,
962 4884 1209 4962 λέγοντος
1235 4884 1410 4962 οὑτως
1437 4902 1451 4916 ·
1483 4900 1660 4962 neque

96 4954 431 5024 enim'placet
473 4959 632 5011 lectio
665 4960 868 5012 codicis
902 4957 1176 5011 Bodleiaui
1206 4956 1296 5023 qui
1327 4972 1422 5021 pro
1445 4955 1505 5007 οὐ
1533 4954 1659 5023 ψεύ-

95 5026 177 5098 δει
193 5027 265 5098 τῷ
289 5027 637 5093 Βεελζεϐούλ,
663 5040 795 5091 etc.,
819 5028 978 5082 habet
995 5025 1205 5097 ψευδῶν
1230 5025 1357 5096 περὶ
1387 5024 1479 5078 τοῦ
1503 5025 1659 5078 Βεελ-

98 5097 275 5160 ζεϐοὑλ
302 5100 482 5168 λόγων
503 5098 690 5153 ὄντων.

161 5172 266 5238 (60)
294 5163 482 5223 Codex
514 5169 731 5238 Regius,
758 5163 1213 5236 παραδεξάμενοι.

162 5233 473 5308 (61)Αὺτὸν
505 5233 721 5292 ἑαυτὸν
752 5233 1204 5308 damula-orta.
1234 5233 1324 5289 Sic
1379 5234 1539 5308 habet
1566 5250 1658 5289 co-

100 5306 191 5360 dex
222 5305 570 5371 Bodleianus,
600 5309 798 5374 Regius
826 5322 973 5371 vero,
995 5305 1155 5359 αὑτὸν
1177 5305 1582 5367 ἀποκτείνοντα.

164 5378 271 5446 (62)
330 5380 518 5432 Codex
573 5378 918 5436 Bodleiauus,
968 5377 1380 5447 εὑρισκόμενοι·
1431 5375 1652 5445 Regius,

100 5447 480 5518 εὑρισκόμενα.
514 5448 821 5515 Legendum
853 5446 1064 5518 videtur
1089 5446 1431 5518 εὑρίσκομεν.

163 5514 269 5589 (65)
305 5514 748 5589 Ἀπαιτούντωσς
772 5515 951 5570 τινῶν
975 5514 1170 5589 αὐτάςί
1189 5557 1203 5581 ,
1235 5514 1339 5589 etc.
1396 5515 1656 5589 Origenes

99 5584 385 5655 intratum.
414 5604 583 5641 xxvm
618 5589 671 5640 in
718 5586 903 5651 Joan.,
972 5602 1119 5655 num.
1154 5585 1208 5651 5,
1246 5585 1397 5655 Τάχα
1454 5585 1510 5637 δὲ
1563 5584 1655 5655 καὶ

97 5652 225 5708 εἶδεν
255 5661 283 5712 ὁ
308 5656 629 5728 τηλικοῦτος
662 5656 991 5728 Ἰησοῦςᾲκαὶ
1024 5654 1120 5728 τὴν
1147 5652 1516 5728 dum/eorm
1561 5654 1653 5728 τος)

94 5724 520 5798 Λαζάρουίῆτοι
552 5724 823 5798 ἀγομένην
858 5726 967 5798 ὑπὸ
1005 5726 1113 5798 τῶν
1160 5724 1507 5795 τεταγμένων
1562 5724 1654 5798 ἐπὶ

93 5796 294 5869 τούτοις
326 5799 386 5869 ἡ,
416 5796 535 5869 εις.
557 5796 731 5868 Supra
759 5796 976 5869 scripsit
1000 5796 1260 5869 Origenes
1297 5808 1429 5869 tum.
1464 5809 1571 5869 xm_
1598 5796 1656 5845 in

91 5864 267 5938 Joau.,
296 5863 450 5924 num.
481 5867 546 5922 ιθ
569 5907 585 5932 ,
618 5863 928 5938 angelorum
976 5863 1276 5921 ministerio
1321 5865 1527 5920 animas
1558 5863 1654 5918 hu-

362 5966 634 6029 ΡΑΤιιοι..
674 5967 788 6029 Gn.
817 5965 985 6027 XIV.

1773 3307 2106 3377 simplicius;
2148 3310 2371 3378 perinde
2397 3312 2551 3379 quasi
2583 3311 2697 3382 ipse
2742 3315 2976 3382 seipsum
3008 3330 3039 3370 e
3064 3317 3170 3372 vita
3204 3321 3338 3372 edu-

1773 3414 1955 3465 ceret,
1984 3400 2067 3454 vel
2101 3399 2295 3469 laquco
2318 3441 2335 3466 ,
2369 3402 2453 3456 vel
2483 3402 2676 3473 gladio.
2714 3405 2795 3458 vel
2823 3405 3185 3476 qualicunque
3219 3417 3341 3463 lau-

1774 3490 1893 3544 dem
1936 3491 2022 3545 via
2069 3506 2253 3551 eorum
2286 3493 2376 3562 qui
2418 3494 2543 3549 hinc
2584 3496 2793 3565 seipsos
2822 3496 3051 3551 liberant
3094 3514 3110 3553 :
3143 3509 3200 3554 et
3226 3517 3341 3555 ma-

1771 3584 1918 3636 xime
1948 3583 2204 3652 quouiam
2230 3585 2551 3641 existimant
2589 3586 2765 3655 ipsum
2797 3604 2854 3642 se
2900 3588 3336 3658 interfecturum,

1773 3687 1839 3727 eo
1881 3673 2154 3727 abiturum
2200 3690 2308 3744 quo
2352 3676 2720 3731 dillicillimum
2768 3678 2912 3733 factu
2948 3680 3019 3734 sit
3047 3695 3141 3737 eos
3174 3685 3339 3750 proti-

1773 3761 1946 3816 cisci:
1981 3772 2036 3816 et
2066 3764 2170 3817 nisi
2197 3764 2345 3819 circa
2383 3767 2603 3821 nomina
2624 3769 2984 3837 superstitiosi
3019 3770 3209 3833 simus.
3243 3773 3338 3828 scd

1776 3851 2079 3908 intueamur
2114 3869 2229 3921 res,
2260 3869 2369 3910 non
2402 3856 2735 3914 invenientes
2770 3863 2842 3916 uti
2872 3864 2989 3917 aliis
3025 3864 3338 3920 nominibus

1773 3946 1842 4001 de
1858 3945 2037 4012 rebus,
2062 3944 2295 4000 fortasse
2311 3947 2566 4012 divinius,
2591 3957 2651 4002 ut
2673 3950 2744 4003 ita
2761 3950 2960 4019 dicam,
2974 3953 3155 4025 aliquo
3179 3963 3340 4013 modo

1769 4052 1828 4092 se
1859 4036 2129 4091 interfecit
2150 4037 2407 4092 Dominus
2434 4059 2446 4094 :
2478 4054 2638 4107 quam
2678 4057 2790 4095 rem
2822 4046 2902 4097 sic
2934 4051 3289 4103 ostendemus
3318 4068 3332 4104 :

1766 4131 1894 4201 quia
1917 4130 2159 4184 ortmium
2183 4129 2399 4194 animae,
2431 4132 2523 4200 qui
2555 4131 2623 4187 ab
2651 4132 2753 4188 hoc
2776 4150 3003 4204 corpore
3031 4140 3337 4211 discedunt,

2476 4277 2520 4307 ’⁸
2544 4273 2700 4331 Joau.
2733 4292 2846 4346 vui,
2869 4278 2959 4333 22.

1770 4393 1979 4447 minum
2026 4390 2350 4460 corporibus
2398 4393 2598 4464 illigari
2648 4397 2790 4451 :cui
2839 4396 3097 4451 doctrina:
3144 4410 3335 4454 conse-

1768 4478 1941 4539 quens
1968 4472 2087 4539 erat
2108 4479 2201 4516 eas
2225 4478 2439 4539 quoque
2468 4466 2782 4539 earumdem
2833 4468 3200 4539 ministrorum
3233 4487 3338 4539 ope

1692 4559 1736 4613 ι)
1767 4538 1835 4588 ab
1867 4533 2146 4586 hominum
2167 4535 2499 4613 .corporihus
2555 4535 2797 4613 dissolvi.
2844 4536 3166 4613 Pliilastrius
3225 4533 3339 4596 lui:-

1767 4619 1872 4658 res.
1912 4618 2018 4657 cxx
2058 4620 2069 4654 :
2117 4621 2135 4652 ι
2167 4600 2477 4672 lgnorantes
2501 4604 2643 4673 quod
2697 4606 2879 4659 anima
2923 4607 3179 4671 hominis,
3209 4624 3333 4664 cum

1761 4674 1962 4746 exierit,
1984 4676 2050 4727 de
2070 4675 2287 4746 sacculo,
2317 4674 2431 4746 sive
2465 4675 2630 4741 bona,
2664 4677 2779 4730 sive
2826 4677 2989 4746 mala,
3028 4678 3078 4730 id
3110 4689 3195 4731 est
3221 4681 3330 4746 pia,

1761 4753 1923 4812 atque
1952 4742 2140 4811 impia,
2178 4743 2246 4796 ab
2272 4742 2463 4812 angelo
2486 4746 2706 4799 ducitur
2748 4747 2804 4799 in
2830 4744 3010 4800 locum
3044 4742 3329 4809 statutum.

1762 4814 1900 4868 utin
1935 4815 2173 4866 futurum
2210 4814 2478 4881 percipiat
2533 4815 2684 4883 juxta
2723 4817 2863 4882 quod
2913 4817 3078 4883 gessit
3109 4818 3161 4871 in
3232 4820 3335 4874 huc

1760 4883 1955 4954 saeculo
1984 4883 2295 4954 constituta.
2326 4899 2355 4954 Δι
2385 4883 2528 4937 Idem
2556 4898 2771 4954 quoque
2800 4886 3031 4940 ethnicis
3065 4887 3331 4943 creditum

1762 4952 1929 5024 fuisse
1957 4955 2114 5024 video
2160 4970 2171 5004 :
2207 4952 2499 5024 ministros
2534 4953 2653 5009 illos
2686 4952 3016 5008 animarum
3059 4958 3331 5024 ducturos,

1757 5020 2152 5094 ψυχοπομπούς
2184 5023 2443 5094 appellat_
2469 5021 2813 5077 Plutarchus.
2863 5025 3096 5081 Eosdem
3151 5020 3332 5082 autem

1760 5092 2063 5163 animarum
2089 5094 2140 5144 in
2187 5101 2390 5147 statuta
2430 5092 2548 5149 loca
2581 5095 3020 5150 deducendarum
3053 5099 3329 5163 negatiqu

1759 5162 2037 5233 suscipere
2077 5163 2375 5225 daemones,
2406 5164 2495 5230 qui
2526 5178 2734 5227 earum,
2769 5166 2897 5218 dum
2935 5162 3152 5233 corpori
3200 5183 3329 5221 cou-

1752 5232 1957 5298 junctzn
1989 5242 2192 5291 essent,
2226 5245 2411 5301 curam
2447 5234 2755 5301 gesserint,
2803 5235 3001 5289 scribit
3038 5232 3202 5288 Plato
3272 5238 3324 5287 in

1759 5301 2030 5375 fhmdone
2054 5316 2083 5375 :A
2102 5299 2411 5375 fleverat};
2439 5299 2630 5375 οὕτως,
2654 5303 2730 5367 ὡς
2760 5303 2868 5375 ᾇρα
2926 5304 3329 5375 τελευτήσαντα

1756 5371 1981 5444 ἕκαστον
2010 5372 2039 5423 ὁ
2067 5372 2296 5444 ἑκάστου
2321 5369 2551 5442 δαίμων,
2574 5373 2747 5444 ὅσπερ
2775 5369 2954 5437 ζῶντα
2980 5369 3204 5444 εἰλήχει,
3235 5373 3328 5428 οὔ·

1756 5458 1865 5514 τως
1915 5441 2068 5514 ἄγειν
2105 5442 2372 5514 ἐπιχειρεῖ
2401 5438 2501 5514 εἰς
2523 5444 2585 5514 δή
2639 5438 2759 5497 τινα
2798 5445 2979 5506 τόπον,
3009 5438 3062 5496 οἶ
3084 5438 3168 5496 δεῖ
3202 5445 3329 5506 τοὺς

1759 5511 2129 5585 συλλεγένταςΔ
2155 5509 2651 5585 διαδιςκασαμένους,
2701 5516 2781 5577 εἰς
2837 5514 2962 5585 ᾅδου
3002 5513 3327 5585 πορεύεσθαι

1830 5581 1897 5655 ἴτᾲ
1915 5576 1939 5655 ,⁷
1957 5580 2220 5652 ἡγεμόνος
2283 5576 2489 5655 ὲζείνὸυ
2636 5585 2700 5655 δὴ
2758 5576 3158 5655 προστέτακται
3203 5586 3330 5648 τοὺς

1787 5649 2166 5705 νθένδεὲκεῖσε
2192 5649 2477 5720 πορεῦσαι.
2520 5649 2553 5702 ι’
2582 5654 2658 5707 lta
2689 5649 2871 5708 autem
2899 5654 3285 5709 circumfertur
3311 5674 3324 5708 :

1759 5737 2204 5791 unumquemque
2249 5732 2583 5794 mortuorum
2617 5726 2687 5778 ab
2719 5740 2786 5779 eo
2809 5725 3074 5788 dmmone,
3103 5727 3193 5794 qui
3248 5728 3329 5779 νὶ-

1757 5790 1972 5845 ventem
1997 5793 2217 5846 sortitus
2246 5790 2433 5853 fuerit,
2462 5792 2514 5844 in
2539 5795 2828 5861 quemdam
2855 5794 3032 5848 locum
3061 5790 3205 5862 duci,
3234 5796 3324 5850 ubi

1757 5873 2007 5933 oporteat
2038 5877 2227 5919 omnes
2254 5877 2440 5918 manes
2467 5875 2832 5935 congregatos
2890 5881 2955 5920 ex
2991 5866 3092 5920 rati
3118 5880 3328 5922 consu-

2976 5965 3050 6020 18
