3688 6146
344 311 451 362 555

1815 270 2137 347 omoEMs
3463 289 3545 341 556

347 424 711 496 repetentibus
741 421 1065 491 quibusdam
1098 435 1193 475 cas
1227 419 1293 473 ad
1320 416 1485 489 298
1520 417 1620 470 hoc
1651 415 1803 469 ordin

2091 429 2132 465 ι·
2163 409 2329 474 εἰκὸς,
2359 407 2440 462 ὅτι
2467 405 2745 479 κρείττους
2771 406 2877 457 εἰσὶ
2903 403 3011 456 τῶν
3038 402 3223 473 ψυχῶν
3254 405 3345 455 ἐπι
3378 401 3547 473 ταύτης

346 526 724 582 assumantur,
772 514 850 569 uti
900 512 1178 582 probabile
1211 526 1330 565 esse
1378 511 1503 564 huic
1553 509 1762 562 muneri
1812 508 1913 561 ob-

344 609 527 665 eundo
553 606 833 660 ordinatos
852 642 868 666 ,
896 604 986 671 qui
1024 603 1158 671 ipsis
1187 600 1472 656 animabus
1513 601 1622 654 sint
1651 607 1913 667 prarstan—

349 701 549 761 tiores;
585 694 713 747 illud
744 693 889 747 enim
923 708 939 745 :
977 711 996 743 ι
1031 691 1318 759 Insipiens,
1347 690 1450 743 hac
1474 698 1632 743 nocte
1668 694 1920 757 repetunt

346 791 443 843 abs
470 798 521 841 te
551 786 790 839 animam
824 795 969 837 tuam
1003 783 1075 846 “,
1107 801 1125 833 ι
1158 782 1261 836 tale
1292 782 1423 850 quid
1455 780 1723 835 declarat.
1762 778 1916 845 Quod

349 884 392 936 si
424 881 551 951 quis
588 879 734 933 dicat
767 879 870 931 hoc
895 876 1111 945 quidem
1142 876 1245 929 dici
1277 889 1437 944 posse
1475 874 1541 927 de
1583 873 1778 936 malis,
1812 887 1918 926 non

347 989 481 1029 vero
509 975 574 1028 de
600 971 731 1026 viris
760 968 1226 1038 praestantioribus
1249 1008 1265 1032 ,
1294 967 1473 1036 deque
1513 968 1597 1021 his
1631 967 1719 1036 qui
1756 967 1921 1035 probe

348 1065 619 1127 vixerint,
670 1062 799 1117 illud
848 1070 1032 1121 notet,
1087 1074 1267 1113 annon
1334 1059 1596 1114 Dominus
1644 1059 1921 1127 singulare

352 1158 609 1227 quiddam
641 1169 755 1225 pra:
787 1153 1043 1208 omnibus
1066 1193 1081 1215 ,
1111 1151 1203 1222 qui
1248 1151 1301 1204 in
1343 1166 1542 1221 corpus
1583 1151 1917 1213 advenerim,

353 1249 422 1303 de
450 1247 626 1316 seipso
652 1246 969 1300 renuntians
995 1245 1169 1298 dicat:
1207 1262 1226 1295 ι
1262 1243 1431 1298 Nemo
1466 1241 1606 1295 tollit
1635 1257 1662 1294 ο
1694 1256 1779 1297 me
1805 1240 1924 1294 ani-

353 1353 499 1392 mam
532 1352 708 1391 meam
734 1353 749 1403 ;
781 1336 873 1391 sed
903 1350 1001 1406 ego
1031 1348 1171 1404 pono
1199 1348 1317 1389 eam
1346 1348 1376 1386 a
1409 1333 1634 1402 meipso,
1661 1342 1717 1388 et
1748 1332 1923 1387 habeo

358 1436 681 1498 potestatem
709 1425 938 1495 ponendi
966 1439 1108 1489 eam,
1143 1433 1198 1477 et
1242 1424 1439 1477 iterum
1475 1423 1649 1477 habeo
1682 1429 1921 1491 potesta-

352 1531 466 1575 tem
490 1519 735 1573 sumendi
769 1533 886 1572 eam
912 1518 981 1570 ’⁷.
1018 1537 1036 1569 ι
1076 1516 1495 1571 Consideremus
1523 1513 1666 1568 enim
1690 1515 1921 1583 aliquem

354 1614 448 1682 qui
485 1626 606 1666 cum
637 1610 889 1673 voluerit,
925 1609 1197 1678 relinquat
1224 1622 1442 1675 corpus,
1497 1617 1552 1661 et
1599 1616 1760 1662 exeat
1805 1606 1924 1661 sine

356 1708 443 1760 via
491 1703 701 1759 ferente
741 1703 809 1755 ad
864 1711 1132 1755 mortem:
1181 1700 1389 1754 scilicet
1432 1700 1622 1754 exiens
1665 1700 1785 1753 sine
1824 1699 1926 1753 viis

2016 503 2112 572 τῆς
2135 500 2408 563 διακονίας
2457 496 2777 566 τεταγμένοι
2799 512 2813 524 ·
2843 495 2903 547 τὸ
2943 493 3054 564 γάρ
3072 510 3085 523 .
3118 512 3138 544 ι
3163 493 3386 563 -Αφρω,
3408 492 3549 564 ταύτῃ

2015 596 2082 663 τῇ
2115 594 2268 645 νυκτὶ
2292 591 2389 662 τὴν
2415 588 2593 659 ψυχήν
2624 603 2717 641 σου
2746 583 3068 638 ἀπαιτοῦσιν
3103 582 3210 636 ἀπὸ
3243 579 3356 644 σοῦ,
3377 599 3393 631 ι
3412 581 3553 634 τοιοῦ-

2016 687 2108 740 τόν
2134 703 2192 739 τε
2220 683 2385 755 δηλοῖ.
2428 682 2555 735 Ἑάν
2581 680 2638 733 δέ
2667 697 2750 742 τις
2782 677 2965 751 φάσκῃ
3011 675 3167 729 τοῦτο
3201 673 3299 744 μὲν
3332 672 3554 728 δύνασθαι

2019 778 2112 831 ἐπὶ
2162 776 2271 829 τῶν
2315 774 2575 846 χειρόνων
2627 771 2904 847 λέγεσθαι,
2943 770 3004 822 οὐ
3061 768 3167 839 μὴν
3212 766 3306 819 καί⁵
3350 766 3557 819 ἐπὶτῶν

2019 868 2361 941 κρειττόνων,
2400 866 2492 918 καὶ
2528 862 2709 925 καλῶς
2763 859 3123 932 βεϐιωκότων,
3164 858 3495 928 ἐπιστησάτω
3520 859 3558 910 εί

2024 960 2099 1031 μὴ
2132 956 2409 1029 ἐξαίρετόν
2437 972 2489 1008 τι
2518 952 2672 1024 παρά
2706 952 2913 1014 πάντας
2942 951 3071 1013 τοὺς
3103 952 3160 1002 ἐν
3198 948 3406 1018 σώματι
3430 964 3558 1014 γενου

2024 1052 2218 1124 μένους
2263 1048 2390 1119 περὶ
2438 1043 2632 1099 ἐαυτοῦ
2682 1040 3042 1111 ἀπαγγέλλων
3076 1041 3105 1093 ό
3139 1039 3345 1110 Κύριός
3396 1054 3556 1108 φησιν·

2028 1164 2047 1196 ι
2078 1143 2267 1205 Οὐδεὶς
2315 1142 2459 1212 αἴρει
2491 1138 2591 1209 τὴν
2624 1137 2803 1207 ψυχήν
2839 1153 2941 1207 μου
2984 1134 3078 1187 ἀπ’
3123 1132 3288 1204 ἐμοῦ·
3337 1130 3448 1184 ἀλλ’
3477 1130 3563 1198 ἐγὼ

2022 1237 2212 1307 τίθημι
2245 1233 2412 1303 αὐτὴν
2444 1232 2536 1285 ἀπ’
2576 1227 2843 1300 ἐμαυτοῦο
2881 1226 3127 1292 ἐξουσίαν
3166 1225 3273 1296 ἐχω
3308 1222 3469 1277 θεῖναι
3492 1224 3567 1277 αύ-

2024 1328 2139 1399 τὴν,
2171 1325 2263 1379 καὶ
2291 1323 2454 1377 πάλιν
2484 1320 2731 1385 ἐξουσίαν
2766 1319 2874 1390 ἔχω
2901 1317 3083 1371 λαϐεῖν
3113 1317 3302 1387 αὐτήν.
3329 1336 3348 1367 ι
3378 1316 3568 1387 Νοήσω-

2028 1437 2126 1491 μεν
2167 1417 2275 1490 γὰρ
2305 1416 2427 1469 τίνα
2457 1431 2517 1466 τε
2552 1411 2799 1483 βούλεται
2828 1410 2940 1480 (65)
2971 1407 3366 1462 καταλείποντα
3397 1404 3452 1459 τὸ
3482 1404 3568 1457 σῶ-

2029 1531 2124 1584 μα,
2161 1511 2256 1565 καὶ
2298 1508 2507 1574 ἐξιόντα
2546 1503 2713 1576 χωρὶς
2753 1501 2874 1557 ὁδοῦ
2917 1500 3019 1571 τῆς
3059 1499 3334 1572 φερούσης
3384 1500 3471 1552 ἐπὶ
3499 1498 3569 1550 τὸν

2026 1607 2273 1669 θάνατον,
2295 1604 2412 1675 ἦτοι
2438 1600 2528 1656 διὰ
2556 1597 2744 1670 βιαίων
2768 1595 2903 1650 ὁδῶν
2929 1595 2963 1667 ἢ
2988 1594 3076 1648 διὰ
3103 1596 3296 1658 νόσων,
3325 1593 3417 1646 καὶ
3440 1592 3571 1648 πάλιν

2028 1700 2164 1754 ἐπὰν
2217 1698 2349 1769 θέλῃ
2399 1695 2720 1758 ἐπανιόντα,
2765 1695 2860 1747 καὶ
2912 1690 3191 1764 χρώμενον
3247 1689 3460 1761 ὀργάνῳ
3511 1688 3571 1758 τῷ

355 1796 627 1859 violentis,
648 1793 733 1849 vel
763 1794 881 1849 sine
911 1791 1134 1854 morbis,
1166 1806 1483 1858 rursusque,
1516 1805 1637 1844 cum
1673 1790 1811 1845 νοΙυι

2116 1808 2239 1862 ματι
2282 1789 2310 1841 ὃ
2351 1786 2737 1843 καταλέλοιπε*
2793 1785 2885 1839 τὸν
2925 1784 3036 1857 γὰρ
3084 1781 3328 1837 τοιοῦτον
3372 1780 3572 1853 ἐροῦμεν

358 1885 576 1939 rediens
620 1891 884 1951 utensque
925 1881 1287 1935 instrumento
1315 1895 1576 1950 corpore,
1604 1881 1747 1948 quod
1799 1881 1925 1933 reli-

358 1985 588 2046 querat:
628 1977 696 2029 ab
722 1975 825 2029 hoc
855 1973 999 2027 enim
1033 1972 1127 2025 tali
1163 1973 1397 2025 animam
1447 1987 1552 2025 non
1582 1972 1751 2040 repeti
1783 1973 1928 2027 dice-

358 2084 499 2124 mus.
540 2069 630 2123 ‘Ac
669 2068 869 2123 decens
911 2065 1154 2136 profecto
1203 2075 1285 2120 est
1317 2068 1385 2119 de
1427 2065 1552 2120 Jesu
1589 2066 1769 2119 anima
1824 2066 1929 2120 isto

361 2162 522 2215 modo
552 2160 737 2214 dicere
762 2167 992 2211 mortem
1047 2157 1252 2221 fuisse;
1314 2156 1597 2225 ipsumque
1641 2156 1931 2210 ostendere

357 2248 631 2303 volentem
663 2245 943 2315 discipulis
976 2244 1312 2299 nobilitatem
1353 2244 1626 2299 discessus
1666 2244 1791 2298 hinc
1821 2245 1928 2308 sui,

362 2339 606 2394 dixisse:
667 2356 686 2388 ι
723 2337 890 2391 Nemo
919 2335 1057 2389 to'llit
1090 2350 1119 2388 a
1164 2349 1249 2388 me
1298 2335 1534 2388 animam
1569 2349 1744 2388 meam
1769 2379 1783 2401 ,
1835 2336 1929 2390 sed

354 2447 461 2501 ego
483 2445 624 2500 pono
649 2444 767 2484 eam
794 2446 822 2483 a
846 2444 930 2483 me
953 2431 1070 2498 ipso
1096 2444 1110 2491 ;
1151 2446 1168 2475 ι
1198 2425 1303 2480 hoc
1334 2428 1476 2480 enim
1502 2443 1676 2497 neque
1700 2426 1928 2497 Moyses,

365 2537 539 2591 neque
568 2521 999 2590 patriarcharum
1042 2521 1270 2589 aliquis,
1303 2533 1477 2586 neque
1521 2520 1929 2588 prophetarum,

364 2628 429 2669 ac
462 2630 528 2668 ue
566 2612 933 2679 apostolorum
968 2613 1182 2683 quidem
1220 2611 1418 2681 aliquis
1448 2610 1581 2665 dixit
1616 2621 1812 2682 prmter
1840 2611 1932 2669 Je-

350 2723 505 2770 sum,
540 2704 675 2778 [(64)
720 2706 918 2775 quippe
962 2720 1084 2758 cum
1120 2705 1361 2758 omnium
1405 2704 1686 2758 hominum
1739 2704 1935 2760 animm

364 2800 435 2852 ab
475 2796 956 2869 eis'aul'erantur.]
987 2796 1221 2850 Proinde
1243 2836 1258 2859 ,
1292 2797 1395 2850 hoc
1419 2798 1787 2862 considerato,
1821 2813 1930 2850 ma-

358 2888 621 2944 nifesmm
652 2904 775 2946 esse
805 2888 934 2943 illud
963 2898 1141 2958 potest
1164 2891 1306 2959 quod
1354 2890 1408 2943 in
1447 2889 1679 2959 septimo
1704 2898 1756 2944 et
1783 2897 1937 2943 octo-

361 2980 571 3047 gesimo
602 2978 808 3048 psalmo
846 2978 1047 3032 dictum
1095 2989 1179 3033 est
1206 2981 1315 3034 hoc
1349 2980 1505 3035 modo
1528 3021 1542 3042 ,
1594 2995 1662 3034 ex
1702 2994 1934 3049 persona

364 3068 675 3123 Servatoris
724 3083 737 3119 :
798 3086 818 3119 ι
860 3067 915 3120 In
969 3069 1196 3122 mortuis
1230 3069 1386 3124 liber.
1431 3089 1449 3121 ι
1500 3069 1703 3126 Notans
1754 3082 1933 3125 autem

363 3157 781 3229 Evangeliorum
814 3159 1015 3228 scripta
1051 3162 1115 3213 de
1142 3160 1383 3214 discessu
1428 3161 1555 3215 hinc
1598 3176 1729 3227 suo,
1782 3163 1933 3217 iuve-

365 3255 483 3309 nies
512 3255 561 3307 in
596 3254 702 3307 illis
728 3269 832 3307 non
858 3255 1231 3309 dissonantem
1264 3253 1674 3323 intelligentiam
1706 3258 1935 3326 scripto-

366 3363 487 3402 rum
519 3348 584 3402 de
625 3348 771 3402 exitu
806 3362 937 3402 suo:
974 3362 1097 3401 nam
1127 3350 1170 3402 si
1200 3356 1444 3402 mortuus
1489 3346 1683 3404 fuisset
1714 3350 1936 3418 perinde

364 3451 432 3492 ac
460 3438 530 3490 illi
567 3438 804 3493 latrones
833 3438 924 3507 qui
953 3453 1074 3492 cum
1102 3453 1169 3493 eo
1203 3440 1449 3495 cruciﬁxi
1486 3439 1636 3495 fuere
1654 3444 1718 3509 ’⁸,
1739 3454 1937 3510 etquo—

367 3545 486 3584 rum
542 3529 737 3583 milites
774 3528 1054 3598 fregerunt
1105 3531 1484 3586 damnatorum
1528 3547 1689 3586 crura
1716 3573 1732 3597 ,
1763 3533 1935 3588 haud-

364 3634 634 3690 quaquam
663 3622 844 3676 dicere
871 3637 1155 3690 possemus
1185 3624 1418 3676 animam
1461 3639 1489 3677 a
1530 3625 1820 3693 semetipso
1849 3624 1941 3680 Je-

368 3728 486 3768 sum
522 3715 766 3783 posuisse
793 3756 806 3777 ,
837 3715 931 3769 sed
962 3715 1142 3784 aliqua
1188 3715 1271 3768 via
1307 3718 1675 3772 morientium.
1702 3720 1772 3773 At
1795 3733 1940 3773 nunc

366 3805 525 3863 Iesus
565 3824 584 3854 σ
620 3822 751 3862 voce
806 3809 981 3863 valida
1031 3823 1152 3862 cum
1206 3810 1521 3871 clamasset,
1574 3809 1756 3866 emisit
1789 3811 1942 3881 spiri-

372 3909 482 3952 tum
502 3899 586 3959 ";
630 3906 647 3950 ι
675 3914 904 3969 cumque
932 3901 1118 3964 etiam,
1147 3901 1301 3970 quasi
1334 3916 1453 3967 rex,
1481 3901 1792 3971 reliquisset
1819 3917 1942 3957 cor-

369 4006 470 4058 pus
494 4032 506 4054 ,
545 4002 599 4044 et
636 4007 762 4045 cum
821 3992 1018 4046 virtute
1072 4003 1125 4048 et
1159 3996 1398 4062 potentia
1447 4004 1706 4064 operatus
1740 3994 1941 4050 fuisset

371 4098 489 4152 qua:
534 4081 812 4150 judicabat
860 4093 1281 4138 consentaneum
1328 4099 1451 4140 esse
1503 4085 1717 4147 facere,
1756 4088 1938 4142 statim

376 4190 398 4224 ο
434 4173 612 4226 velum
657 4173 840 4242 templi
887 4175 1116 4227 scissum
1155 4184 1238 4229 est
1282 4191 1312 4228 a
1354 4190 1569 4231 sursum
1626 4172 1794 4245 usque
1851 4176 1942 4230 de-

370 4279 554 4319 orsum
574 4303 589 4328 ,
617 4273 673 4318 et
701 4274 844 4317 terra
877 4274 1021 4318 mota
1050 4275 1175 4331 est,
1206 4275 1261 4319 et
1286 4276 1451 4333 petrae
1482 4268 1671 4322 scissa:
1702 4277 1852 4332 sunt.
1885 4276 1943 4322 et

374 4364 723 4409 monumenta
742 4364 923 4424 aperta
945 4364 1088 4418 sunt,
1103 4365 1156 4409 et
1172 4356 1337 4410 multa
1357 4373 1588 4427 corpora
1602 4369 1935 4424 sanctorum,

2030 1882 2103 1954 μὴ
2135 1879 2482 1935 ἀπαιτεῖσθαι
2525 1882 2622 1950 τὴν
2652 1878 2851 1951 ψυχήν.
2885 1878 2994 1931 Καὶ
3040 1876 3249 1947 πρέπον
3281 1892 3345 1943 γε
3387 1873 3472 1926 ἐπὶ
3496 1873 3573 1942 τῆς

2039 1974 2212 2046 Ἰησοῦ
2259 1972 2438 2044 ψυχῆς
2480 1972 2622 2025 οῦτω
2665 1971 2845 2040 λέγειν
2892 1970 2985 2023 τὸν
3028 1969 3258 2023 θάνατον
3304 1966 3572 2034 γεγονέναι,

2028 2066 2122 2119 καὶ
2147 2065 2309 2117 αὑτὸν
2343 2062 2693 2135 παραστῆσαι
2726 2061 3049 2132 βουλόμενον
3086 2063 3199 2122 τοῖς
3236 2057 3496 2129 μαθηταῖς
3530 2056 3576 2108 τὸ

2031 2156 2303 2228 ἐξαίρετον
2336 2156 2436 2226 τῆς
2467 2153 2714 2207 ἐντεῦθεν
2748 2152 2913 2207 αὑτοῦ
2945 2151 3290 2221 ἀπαλλαγῆς,
3332 2149 3575 2220 εἰρηκέναι

2029 2251 2118 2303 τό·
2158 2269 2176 2301 ι
2203 2249 2389 2311 Οὐδεὶς
2431 2249 2573 2317 αἴρει
2624 2246 2721 2317 τὴν
2770 2248 2947 2318 ψυχήν
3001 2262 3103 2316 μου
3150 2245 3243 2298 ἀπ’
3290 2242 3444 2314 ἐμοῦ,
3485 2240 3576 2294 ἀλλ’

2030 2339 2142 2410 ἐγὼ
2172 2340 2360 2411 τίθημι
2397 2339 2564 2411 αὐτὴν
2598 2338 2692 2393 ἀπ’
2723 2336 2992 2408 ἐμαυτοῦ’
3017 2356 3035 2388 ι
3072 2334 3230 2388 τοῦτο
3257 2334 3370 2405 γὰρ
3408 2332 3507 2386 οὔτ’
3527 2331 3577 2385 ἂν

2032 2432 2289 2503 Μωῦσῆς,
2317 2433 2379 2485 ού
2411 2433 2518 2485 τῶν
2552 2428 2903 2501 πατριαρχῶν
2940 2445 3045 2491 τις,
3080 2428 3113 2498 ἢ
3151 2425 3460 2498 προφητῶν,
3489 2423 3576 2476 οὔτ’

2034 2523 2101 2578 ἂν
2129 2523 2235 2577 τῶν
2267 2523 2576 2577 ἀποστόλων
2607 2539 2690 2586 τις
2727 2517 2846 2575 εἷπε
2874 2519 2952 2590 τῷ
2995 2518 3190 2590 Ἰησοῦ,
3236 2519 3363 2571 ἐπεὶ
3396 2517 3579 2568 πάντων

2033 2618 2089 2669 αἱ
2121 2615 2290 2687 ψυχαὶ
2335 2615 2634 2687 ἀνθρώπων
2668 2613 2912 2684 αἴρονται
2956 2612 3052 2665 ἀπ“
3086 2611 3284 2664 αὐτῶν.
3325 2611 3512 2663 Τούτου
3538 2608 3581 2661 ἃ

2032 2708 2334 2778 νοηθέντος,
2386 2706 2607 2760 δύναται
2650 2707 2818 2774 σαφὲς
2870 2700 3010 2757 εἶναι
3063 2702 3123 2756 τὸ
3162 2704 3219 2757 ἐν
3276 2702 3366 2767 at?
3414 2698 3581 2770 ψαλμῷ

2033 2798 2219 2851 τοῦτον
2250 2799 2537 2869 εἰρημένον
2585 2796 2677 2849 τὸν
2707 2797 2908 2881 τρόπον
2947 2797 3012 2848 ἐκ
3051 2794 3349 2866 προσώπου
3377 2793 3464 2847 τοῦ
3493 2794 3583 2845 Em—

2033 2890 2232 2962 τῆρος’
2287 2910 2305 2942 ι
2343 2891 2430 2943 Ἐν
2482 2892 2694 2962 νεκροῖς
2738 2889 3041 2963 ἐλεύθερος.
3074 2910 3092 2941 ι
3167 2890 3493 2958 Ἐπιστήσας
3534 2888 3583 2937 ἐκ

2034 2983 2142 3036 τῶν
2175 2981 2520 3050 Εύαγγελίων
2550 2984 2661 3044 τοῖς
2691 2982 3095 3053 γεγραμμένοις
3131 2979 3259 3050 περὶ
3302 2980 3401 3050 τῆς
3428 2978 3584 3032 ἐντεῦο

2037 3070 2127 3124 θεν
2160 3071 2324 3124 αὐτοῦ
2359 3071 2700 3151 ἀπαλλαγῆς,
2747 3072 2997 3143 εὑρήσεις
3048 3069 3123 3141 μὴ
3155 3070 3468 3141 ἁπᾲδουσαν
3495 3068 3584 3139 (66)

2034 3164 2132 3235 τὴν
2172 3165 2299 3235 περὶ
2341 3164 2440 3234 τῆς
2474 3164 2654 3230 ἐξόδου
2684 3164 2846 3217 αὐτοῦ
2880 3163 3103 3234 ἐκδοχὴν
3127 3162 3236 3216 τῶν
3264 3165 3587 3234 ἀναγεγραμ-

2040 3256 2247 3325 μένων·
2299 3256 2346 3307 εί
2402 3256 2497 3327 μὲν
2541 3257 2648 3329 γὰρ
2699 3256 2774 3319 ὡς
2829 3257 2877 3309 οί
2931 3255 3411 3327 συσταυρωθέντες
3463 3253 3586 3322 αὐτῷ

2036 3348 2252 3421 λῃσταὶ,
2294 3348 2403 3402 τῶν
2438 3348 2780 3419 στρατιωτῶν
2810 3348 3187 3415 κατεαξάντων
3211 3348 3283 3401 τά
3319 3348 3476 3418 σκέλη
3501 3346 3588 3398 τῶν

2037 3438 2401 3504 πεπονθότων,
2435 3440 2734 3512 ἐτεθνήκει,
2773 3441 2872 3494 οὐκ
2914 3439 2979 3494 ἂν
3024 3440 3310 3511 ἐλέγομεν,
3342 3442 3421 3494 ὅτι
3454 3438 3585 3508 ἔθηκε

2036 3530 2134 3602 τὴν
2175 3530 2350 3603 ψυχὴν
2396 3530 2561 3584 αὑτοῦ
2615 3532 2710 3601 ἀφ’
2756 3531 2970 3598 ἐαυτοῦ,
3021 3532 3157 3586 ἀλλά
3202 3550 3313 3585 τινι
3503 3530 3588 3582 τῶν

2039 3622 2518 3693 ἀποθνησκόντων·
2557 3627 2674 3678 νυνὶ
2716 3624 2772 3677 δὲ
2818 3627 2846 3678 ὁ
2898 3624 3124 3696 Ἰησοῦς,
3174 3644 3193 3675 ‹
3218 3623 3429 3696 κράξας
3465 3624 3588 3693 φωνῇ

2044 3710 2253 3784 μεγάλῃ
2278 3751 2293 3775 ,
2342 3712 2517 3782 ἀφῆκε
2549 3713 2610 3765 τὸ
2653 3711 2900 3783 πνεῦμα·
2928 3732 2947 3765 ι
2982 3714 3079 3767 καὶ
3106 3716 3183 3777 ὡς
3226 3714 3489 3784 βασιλέως
3514 3731 3590 3766 κα-

2038 3802 2354 3866 ταλιπόντος
2393 3803 2455 3855 τὸ
2502 3802 2679 3873 σῶμα,
2725 3806 2819 3857 καὶ
2857 3806 3250 3877 ἐνεργήσαντος
3286 3805 3425 3877 μετά
3460 3804 3591 3858 δυνά-

2044 3911 2222 3965 μεως,
2275 3895 2369 3947 καὶ
2425 3894 2705 3959 ἐξουσίας,
2749 3897 2892 3966 ἅπερ
2949 3897 3163 3968 ἔκρινεν
3216 3896 3441 3966 εὔλογον
3478 3894 3592 3950 εἶναι

2042 3990 2235 4051 ποιεῖν,
2265 3986 2465 4051 εὐθέως
2507 4006 2525 4038 ι
2555 3988 2615 4041 τὸ
2648 3991 3049 4061 καταπέτασμα
3092 3989 3187 4043 τοῦ
3228 3990 3364 4045 ναοῦ
3399 3990 3592 4061 ἐσχίσθη

2041 4078 2243 4132 ἄνωθεν
2271 4079 2373 4142 ἓως
2408 4079 2579 4145 κάτω,
2616 4081 2766 4151 καὶὴ
2800 4081 2872 4151 γῆ
2916 4081 3155 4154 ἐσείσθη,
3198 4084 3295 4136 καὶ
3340 4086 3395 4137 αί
3426 4084 3594 4154 πέτραι

2042 4168 2389 4242 ἐσχίσθησαν,
2423 4171 2517 4223 καὶ
2546 4171 2615 4224 τὰ
2644 4175 2882 4243 μνημεῖα
2904 4172 3255 4245 ἀνεῴχθησαν
3274 4191 3289 4205 ο
3324 4176 3419 4229 καὶ
3451 4173 3593 4227 πολλὰ

2040 4262 2273 4332 σώματα
2321 4261 2431 4315 τῶν
2472 4264 2889 4334 κεκοιμημένων
2937 4265 3113 4334 ἁγίων
3152 4266 3482 4338 ἠγέρθησαν,
3518 4266 3595 4316 καὶ

2041 4351 2347 4419 ἐξελθόντες
2393 4353 2499 4407 ἀπὸ
2543 4354 2651 4408 τῶν
2715 4356 2995 4427 μνημείων
3048 4357 3189 4428 μετά
3237 4359 3338 4431 τὴν
3402 4358 3593 4426 ἔγερσιν

371 4450 466 4516 qui
486 4447 839 4511 dormierant,
862 4460 1237 4514 surrexerunt,
1261 4461 1316 4503 et
1337 4452 1543 4521 egressi
1565 4465 1596 4505 e
1622 4466 1827 4507 mouun

2136 4442 2230 4507 ποῦ,
2266 4444 2510 4515 εἰσῆλθον
2540 4446 2649 4516 (67)
2695 4448 2777 4511 εἰς
2825 4447 2922 4519 τὴν
2959 4449 3119 4517 ἀγίαν
3163 4449 3339 4514 πόλιν,
3374 4450 3464 4504 καὶ
3502 4450 3592 4501 ἐνε-

373 4543 445 4595 tis
465 4551 585 4610 poet
603 4542 1055 4596 resurrectionem
1076 4543 1212 4611 ejus,
1238 4543 1466 4612 ingressi
1485 4551 1608 4597 sunt
1625 4544 1676 4597 in
1694 4553 1937 4598 sanctam

373 4634 670 4696 civitatem,
687 4645 735 4688 et
751 4635 1342 4703 apparueruntmultis:
1369 4654 1388 4688 ι
1409 4635 1482 4689 ita
1501 4644 1559 4688 ut
1579 4636 1872 4700 «centurio,
1887 4642 1942 4690 et

374 4725 465 4791 qui
491 4740 612 4780 cum
644 4725 730 4780 illo
749 4737 925 4792 erant,
943 4736 1221 4782 ser-vanles
1243 4726 1445 4791 Jesum,
1472 4727 1583 4780 viso
1602 4734 1759 4780 terra:
1794 4734 1941 4779 motu

378 4818 544 4890 299
587 4828 783 4887 etqua:
832 4819 1248 4881 ﬁebant,'valde
1292 4819 1588 4879 timuerint,
1648 4816 1888 4872 dicentes
1924 4835 1939 4873 :

380 4908 518 4963 Vere
565 4907 735 4963 Filius
774 4910 869 4965 Dei
924 4922 1040 4965 erat
1077 4910 1164 4964 hic
1189 4910 1256 4964 ³ο.
1296 4928 1314 4961 ι
1353 4907 1627 4963 Fortassis
1672 4907 1834 4977 igitur
1887 4915 1946 4961 ut

380 5000 436 5055 in
473 5000 855 5057 traditionibus
878 5004 943 5056 de
965 5002 1180 5058 Christo
1208 5010 1326 5056 erat
1348 5016 1470 5055 eum
1520 4999 1855 5055 nasciturum
1885 5002 1936 5054 in

442 5119 492 5152 "
523 5116 657 5174 an.
692 5134 791 5185 xu,
827 5120 920 5173 20.
994 5121 1039 5152 ’⁷
1066 5119 1221 5175 Joan.
1254 5118 1433 5182 1,18.
1507 5117 1554 5150 ³⁸
1586 5116 1740 5172 Joan.
1768 5132 1887 5181 nx,
1915 5116 2005 5173 52.

382 5212 593 5283 tutique
614 5210 804 5280 judicii
838 5212 1068 5267 formula
1098 5214 1164 5266 ad
1207 5210 1411 5283 inferos
1469 5211 1763 5280 proficisci,
1818 5227 1942 5283 cum

377 5285 515 5338 duce
547 5282 636 5336 il'lo
659 5283 746 5336 cui
772 5284 1080 5336 mandatum
1125 5292 1207 5336 est
1227 5298 1320 5337 eos
1351 5282 1496 5335 illinc
1527 5283 1702 5336 istbuc
1752 5282 1941 5336 tradu-

379 5368 525 5408 cere.
562 5370 582 5404 ι
615 5352 758 5407 Idem
783 5351 961 5406 habet
998 5352 1241 5406 Plotinus
1274 5351 1415 5405 Enn.
1454 5367 1530 5417 ut,
1560 5351 1652 5406 lib.
1677 5368 1756 5406 ιν.
1812 5352 1946 5405 Ani-

380 5438 593 5477 marum
634 5429 812 5478 autem
844 5423 928 5477 vel
959 5434 1012 5478 et
1058 5425 1141 5487 εἰς
1182 5422 1332 5485 ἄῖδος
1365 5421 1440 5473 δῶ
1488 5423 1944 5486 deducendarum,

381 5492 464 5546 vel
491 5493 616 5547 inde
644 5493 1041 5548 evocandarum
1080 5509 1274 5547 munus
1302 5503 1359 5547 et
1379 5491 1609 5547 cilicium
1638 5493 1833 5546 vetusti
1863 5491 1945 5544 fa-

382 5560 655 5617 bulatores
676 5564 1019 5633 assignarunt
1047 5562 1338 5633 Mercurio,
1369 5563 1460 5631 qui
1496 5562 1617 5615 inde
1646 5564 1942 5633 πομπαῖος,

380 5634 758 5704 νεκροπομπὸς
796 5632 856 5704 et
900 5632 1568 5704 ψυχαγωγόςορρειιοιιιε
1611 5644 1716 5689 est.
1770 5632 1943 5689 Hum.

452 5651 613 5700 κροπο
660 5651 758 5697 τως
803 5651 856 5688 et
900 5651 1227 5704 ψυχαγωγος
1265 5651 1568 5701 appellatus

452 5701 569 5769 164)
604 5651 736 5760 ﬁant:
760 5717 789 5760 e
813 5703 1068 5763 Perionio
1099 5703 1486 5775 supplevimus.
1574 5720 1581 5727 ’

2046 4537 2380 4607 φανίσθησαν
2401 4538 2631 4602 πολλοῖς·
2657 4558 2676 4590 ι
2699 4540 2774 4603 ὡς
2801 4560 2820 4591 (
2839 4541 2929 4594 τὸν
2949 4543 3369 4615 ἑκατόνταρχον,
3387 4543 3475 4596 καὶ
3490 4542 3594 4601 τοὺς

2051 4634 2165 4703 μετ’
2185 4633 2349 4685 αὑτοῦ
2365 4634 2660 4706 τηροῦντας
2677 4635 2767 4688 τὸν
2794 4635 3020 4706 Ἰησοῦν,
3044 4637 3249 4700 ἰδόντας
3269 4637 3361 4690 τὸν
3378 4635 3592 4706 σεισμὸν,

2048 4725 2141 4778 καὶ
2165 4723 2234 4777 τὰ
2259 4725 2543 4796 γενόμενα,
2562 4726 2860 4797 φοϐηθῆναι
2886 4728 3110 4799 σφόδρα,
3128 4728 3387 4797 λέγοντας
3402 4745 3417 4758 ο
3459 4724 3591 4794 Ἀλη·

2050 4817 2159 4880 θῶς
2189 4817 2322 4871 Θεοῦ
2364 4819 2490 4882 Υἱὸς
2528 4816 2595 4891 ἦν
2631 4813 2802 4884 οὗτος.
2852 4839 2870 4871 ι
2912 4821 3066 4891 Τάχα
3112 4817 3206 4875 οῦν
3238 4823 3297 4875 ὲν
3329 4824 3446 4885 ταῖς
3486 4816 3595 4889 περὶ

2048 4906 2283 4979 Χριστοῦ
2309 4909 2667 4979 παραδόσεσιν
2690 4906 2778 4981 ἦν,
2798 4909 2985 4984 ὥσπερ
3012 4912 3074 4964 τὸ
3103 4912 3428 4983 γεγενῆσθαι
3453 4907 3594 4964 αὐτὸν

2046 5001 2104 5054 ἐν
2140 5000 2405 5071 Βηθλεὲμ,
2450 5002 2632 5055 καὶτὸ
2669 5004 2735 5055 ἐκ
2773 5003 2943 5074 φυλῆς
3000 5005 3170 5058 Ἰούδα
3214 5001 3595 5075 ἀναστήσασθαι

2080 5117 2124 5148 ³⁸
2154 5117 2344 5172 Matth.
2370 5133 2540 5184 xxvu,
2568 5118 2655 5173 50.
2731 5119 2776 5152 ³⁰
2806 5119 2997 5176 Matth.
3027 5137 3197 5185 xxvn,
3225 5121 3288 5176 51
3324 5135 3438 5191 seq.

2114 5209 2235 5281 .(65)
2265 5204 2447 5286 Qo‘dex
2473 5210 2821 5286 Bodleianus,
2839 5212 2962 5286 frdtp
2981 5213 3100 5286 τίνα
3125 5231 3184 5286 τε
3203 5213 3471 5286 βούλεται.
3506 5208 3593 5286 Βε-

2054 5281 2174 5355 gius
2199 5291 2260 5355 et_
2283 5281 2628 5355 Barberinus,
2657 5281 2950 5355 γὰρ-τίνας
2982 5300 3040 5337 τε
3074 5281 3339 5355 βούλεται.
3385 5282 3593 5355 Legebat

2049 5351 2331 5475 Pergiri‘ius
2359 5351 2469 5421 γάρ
2488 5369 2633 5419 τινα,
2657 5351 2748 5406 ὅτε
2771 5352 3042 5424 βούλεται,
3075 5351 3233 5425 ’(ιυοιι
3281 5355 3408 5407 mihi
3465 5351 3593 5403 valde

2054 5437 2154 5492 pro
2192 5436 2222 5492 ξι
2255 5437 2338 5492 nr.
2391 5491 2432 5492 γ,
3406 5490 3416 5492 _
3460 5487 3483 5492 _

2052 5487 2237 5614 gms)
2285 5491 2459 5546 Codd.
2513 5493 2716 5561 Regius
2769 5505 2824 5550 et
2881 5493 3249 5557 Barberinus,
3293 5487 3591 5549 ἀποδοῦσαν,

2124 5629 2429 5705 (“ludent
2494 5632 2652 5690 codd.
2715 5632 2915 5705 Regius
2950 5643 3006 5689 et
3037 5633 3394 5702 Barberinns,
3448 5630 3590 5685 εἰσελ-

2053 5700 2255 5765 θόντες.
2293 5704 2451 5757 male.
2801 5700 2819 5705 '
3059 5740 3070 5754 .
