3688 6146
142 370 255 427 557

1215 373 1572 430 COMMENT.
1616 371 1683 426 IN
1718 370 1909 429 JOAN.
1948 368 2191 430 TOMUS
2222 374 2366 428 XIX.

3304 382 3415 435 558

142 493 290 547 κατὰ
319 492 418 557 τὰς
445 492 616 561 ὑγιεῖς
636 489 859 561 ἐκδοχὰς
882 492 986 545 τῶν
1014 495 1364 566 προφητικῶν
1380 494 1572 564 λόγων,
1592 494 1734 549 οὑτω
1763 494 1809 551 Α
1840 488 1895 541 Bt

1883 489 2177 551 ethleltem,
2216 490 2663 558 proditurumque
2685 503 2751 542 ex
2788 488 2926 542 tribu
2953 486 3109 554 Jnda,
3137 488 3285 559 juxta
3317 510 3407 551 sa-

144 585 237 639 καὶ
253 584 490 657 περὶτοῦ
506 584 736 638 θανάτου
756 585 942 650 αὑτοῦ,
960 584 1035 649 ὡς
1050 586 1239 641 ἐαυτὸν
1314 588 1535 658 εἴπομεν
1547 590 1733 660 τρόπῳ

142 670 556 737 ἀπαλλάξαντος
597 672 690 727 τοῦ
722 673 871 745 .βίου.
926 679 1035 730 Καὶ
1064 678 1230 742 είκδς,
1266 680 1347 733 ὅτι
1396 679 1616 751 ᾔδεισαν
1642 679 1732 735 τὸν

142 761 319 827 οὑτως
363 764 774 836 ἐξελευσόμενον
825 767 1218 824 ἀπελεύσεσθαι
1261 774 1341 836 είς
1373 771 1556 844 χώραν
1602 772 1730 827 ἔνθα

142 854 244 907 οὑκ
269 854 536 924 ἠδύναντο
583 858 835 926 γενέσθαι
863 861 977 916 οὐδ’
1000 863 1049 916 oi
1077 863 1249 918 ταῦτα
1282 865 1547 929 νοοῦντες·
1588 866 1729 921 ὥστε

146 946 222 1015 μὴ
247 946 392 1000 κατά
421 947 482 1001 τὸ
507 949 872 1024 ἁπλούστερον
905 952 1067 1008 αὑτοῦ
1108 954 1221 1026 (68)
1264 959 1564 1029 εἰρηκέναι,
1593 958 1729 1013 ἀλλά

144 1039 291 1093 κατά
337 1057 467 1095 τινα
518 1042 648 1115 περὶ
710 1044 947 1116 Χριστοῦ
1010 1048 1307 1119 παράδοσιν
1353 1051 1442 1104 τό·
1500 1072 1518 1103 ι
1581 1054 1725 1124 Μήτι

143 1133 439 1187 ἀποκτενεῖ
490 1134 705 1200 ἐαυτὸν,
764 1137 845 1190 ὅτι
895 1137 1079 1208 λέγει·
1124 1141 1297 1194 Ὅπου
1341 1142 1453 1212 ἐγὼ
1499 1144 1722 1213 ὑπάγω,

145 1225 307 1296 ὑμεῖς
323 1227 384 1279 οὑ
409 1226 638 1284 δύνασθε
667 1228 881 1296 ἐλθεῖν;
926 1251 943 1283 ι
981 1233 1092 1286 Καὶ
1129 1236 1177 1287 εἰ
1213 1233 1430 1304 λέγουσι
1459 1236 1517 1290 δέ
1552 1238 1725 1293 ταῦτα

139 1319 194 1371 oi
235 1319 497 1384 Ἰουδαῖοι,
529 1320 886 1387 διστακτικῶς
916 1325 1054 1379 αὐτά
1083 1343 1247 1394 φασι·
1274 1328 1336 1382 τὸ
1368 1329 1503 1401 γάρ·
1535 1351 1552 1383 ι
1577 1333 1722 1404 Μήτι

139 1409 432 1462 ἀποκτενεῖ
455 1409 677 1476 ἐαυτόν;
713 1430 731 1462 ι
765 1412 1003 1468 τοιοῦτόν
1025 1417 1161 1468 ἐστι.
1190 1417 1296 1469 Καὶ
1326 1418 1384 1471 οὐ
1408 1418 1724 1490 θαυμαστὸν

139 1500 501 1570 ἀμφιϐάλλειν
531 1502 729 1566 αὐτοὺς
759 1504 888 1576 περὶ
920 1505 1177 1578 Χριστοῦ,
1198 1508 1287 1562 ὅτε
1307 1527 1371 1577 γε
1401 1510 1495 1564 καὶ
1530 1514 1589 1565 ἐν
1610 1514 1723 1577 τοῖς

137 1593 399 1673 ἀνωτέρω
423 1596 475 1649 oi
500 1596 567 1650 ἐκ
598 1596 693 1650 τοῦ
719 1597 876 1667 ὄχλου
909 1598 1242 1666 ἀκούσαντες
1279 1603 1388 1656 τῶν
1423 1603 1596 1673 λόγων
1621 1605 1716 1659 τοῦ

150 1683 331 1754 Ἰησοῦ
382 1668 597 1755 ἔλεγον·
640 1705 659 1740 ι
713 1682 882 1754 Οὗτός
914 1693 1060 1746 ἐστιν
1094 1692 1308 1763 ἀληθῶς
1339 1694 1368 1746 6
1399 1668 1715 1768 προφήτης·

135 1775 289 1831 ἄλλοι
321 1778 379 1831 δὲ
418 1778 635 1849 ἔλεγον·
680 1773 847 1846 Οὗτός
887 1783 1032 1838 ἐστιν
1069 1785 1097 1836 6
1142 1787 1405 1856 Χριστός·
1441 1789 1492 1841 οί
1523 1789 1581 1842 δὲ
1607 1788 1720 1842 ἔλε-

1837 595 1934 635 nas
1970 580 2357 651 intelligentias
2395 580 2829 650 prephetieornm
2864 596 3177 637 sermonum
3213 585 3291 653 ³¹;
3326 590 3414 642 sie

1833 670 1900 725 de
1927 679 2102 725 morte
2127 670 2298 739 ipsius
2329 671 2494 725 etiam
2524 681 2670 734 erat,
2703 672 2846 740 quod
2889 671 3138 728 Christus
3166 676 3412 743 seipsum

1831 778 1861 817 e
1892 765 2001 818 vita
2058 762 2390 819 liberaturus
2433 772 2579 818 esset
2624 779 2689 818 eo
2726 764 2884 818 modo
2914 780 3020 833 quo
3045 766 3319 834 diximus;
3350 779 3407 823 et

1830 865 1978 909 certe
2005 854 2285 925 probabile
2307 864 2390 910 est
2417 870 2512 910 eos
2539 854 2868 909 intellexisse
2894 868 3041 921 eum,
3067 858 3157 926 qui
3202 860 3283 914 sic
3307 874 3418 912 ex—

1833 948 2012 1001 iturus
2040 956 2206 1016 esset,
2255 949 2525 1003 abiturum
2559 949 2611 1003 in
2638 948 2811 1003 locum
2852 965 2961 1018 quo
2992 964 3061 1005 ne
3093 951 3147 1004 hi
3185 954 3413 1021 quidem

1831 1042 1947 1095 haec
1975 1040 2344 1112 intelligentes
2386 1038 2661 1109 proﬁcisci
2707 1052 2932 1111 possent
2964 1059 2978 1093 :
3012 1043 3149 1099 adeo
3186 1054 3244 1098 ut
3295 1062 3402 1100 non

1827 1133 2174 1202 simpliciter,
2207 1131 2303 1189 Sed
2335 1133 2491 1203 juxta
2523 1133 2815 1203 quamdam
2857 1134 2924 1189 de
2958 1134 3180 1190 Christo
3232 1138 3404 1192 tradi-

1829 1229 2030 1284 tionem
2059 1229 2296 1283 dixerint
2328 1251 2339 1282 :
2383 1245 2402 1278 ι
2438 1226 2690 1296 Nunquid
2725 1227 3110 1284 interfecturus
3137 1240 3222 1285 est
3247 1233 3404 1300 seip-

1826 1335 1969 1385 sum,
2000 1320 2126 1390 quia
2176 1319 2310 1374 dicit
2344 1339 2358 1373 :
2405 1317 2524 1386 Quo
2547 1333 2646 1388 ego
2696 1320 2870 1381 vado,
2902 1335 2995 1374 vos
3036 1337 3141 1374 non
3176 1323 3411 1391 potestis

1824 1412 2010 1467 venire
2039 1411 2122 1465 ³⁸⁸2
2150 1431 2170 1464 ι
2212 1410 2362 1478 Quod
2408 1411 2452 1465 si
2494 1411 2659 1464 etiam
2700 1409 2818 1465 bare
2867 1411 3161 1481 loquuntur
3202 1412 3405 1476 Judaei,

1825 1504 2072 1575 ambigue
2103 1504 2220 1558 Ita’e
2264 1503 2593 1572 loquuntur;
2642 1516 2772 1557 nam
2823 1503 3048 1559 dicere:
3088 1523 3111 1556 ι
3140 1504 3399 1575 Nunquid

1824 1595 2215 1651 interfecturus
2240 1605 2323 1669 est
2347 1594 2622 1664 seipsum?
2654 1613 2674 1646 ι
2707 1595 2812 1650 tale
2842 1596 3095 1665 quiddam
3136 1609 3241 1656 esu
3283 1597 3407 1655 Nec.

1824 1703 1956 1742 sane
1980 1688 2174 1741 mirum
2225 1697 2307 1740 est
2343 1703 2440 1742 eos
2471 1689 2536 1740 de
2581 1685 2798 1742 Christo
2830 1687 3128 1758 ambigere,
3176 1694 3403 1760 quando

1823 1781 1989 1834 etiam
2019 1781 2070 1834 in
2099 1781 2491 1848 superioribus,
2520 1794 2642 1833 eum
2673 1778 2842 1833 turbae
2872 1781 3151 1836 audissent
3185 1799 3407 1839 sermo-

137 1886 272 1936 γον·
302 1871 395 1944 Μὴ
425 1871 535 1944 γὰρ
566 1873 633 1927 ὲκ
666 1874 762 1945 τῆς
794 1875 1083 1940 Γαλιλαίας
1119 1879 1148 1930 6
1175 1879 1411 1949 Χριστὸς
1461 1880 1716 1952 ἔρχεταις
1751 1861 1791 1915 Β
1823 1887 1895 1927 "ei

1881 1886 1919 1927 ιε
1951 1870 2099 1937 Jesu,
2158 1872 2444 1926 dicerent:
2485 1889 2505 1922 ο
2541 1870 2639 1925 Hic
2680 1882 2763 1926 est
2810 1886 2935 1926 vere
2966 1874 3226 1942 propheta
3254 1876 3392 1944 ille;

132 1961 251 2032 Οὑχ
279 1962 522 2035 ήΓραφὴ
546 1960 718 2029 εἶπεν,
739 1965 818 2019 ὅτι
845 1967 909 2019 ἐκ
940 1968 1258 2041 σπέρματος
1280 1971 1460 2040 Δαυῖδ,
1494 1974 1587 2027 καὶ
1610 1974 1719 2027 ἀπὸ

135 2052 392 2125 Βηθλεὲμ
432 2055 533 2125 τῆς
584 2054 778 2128 κώμης
831 2059 965 2113 ὅπου
1019 2055 1087 2133 ἦν
1152 2061 1350 2130 Δαυῒδ,
1400 2067 1430 2118 6
1482 2065 1717 2136 Χριστὸς

130 2144 393 2216 ἔρχεταις
442 2165 461 2198 ι
488 2146 576 2200 ὅτε
606 2151 701 2203 καὶ
734 2169 752 2201 ι
788 2151 992 2222 σχίσμα
1027 2153 1316 2225 γεγένηται
1357 2158 1415 2210 ἐν
1456 2156 1535 2229 τῷ
1574 2157 1715 2229 όχλῳ

129 2234 203 2289 δι’
224 2237 410 2290 αὑτόν.
450 2258 469 2290 ι
511 2239 669 2295 Ἀλλά
701 2243 794 2296 καὶ⁸
825 2245 942 2313 μετ’
966 2245 1121 2314 ὀλίγα
1150 2238 1375 2302 ἐκείνων
1389 2249 1714 2323 γέγραπται,

128 2327 216 2380 δτι
242 2328 619 2402 ἀπεκρίθησαν
659 2334 709 2385 of.
746 2334 1050 2407 ὑπηρέται·
1087 2357 1107 2390 ι
1147 2340 1415 2394 Οὐδέποτε
1452 2342 1713 2413 ἐλάλησεν

128 2417 309 2484 οὕτως
336 2420 639 2492 ἄνθρωπος·
682 2444 700 2475 ι
727 2425 803 2489 ὡς
827 2428 922 2480 καὶ
952 2430 1078 2493 τοὺς
1091 2430 1415 2501 Φαρισαίους
1436 2433 1725 2505 εἰρηκέναι.

123 2513 245 2575 τοῖς
271 2512 610 2585 θαυμάζουσι
630 2515 722 2570 τὸν
747 2515 904 2587 λόγον
929 2520 1122 2575 αὑτοῦ·
1148 2539 1166 2572 ι
1195 2521 1285 2593 Μὴ
1307 2524 1401 2576 καὶ
1426 2524 1584 2595 ὑμεῖς
1614 2543 1714 2579 πε-

124 2600 429 2673 πλάνησθε;
450 2606 522 2675 μή
538 2622 619 2668 τις
640 2607 705 2658 ἐκ
722 2606 828 2660 τῶν
839 2609 1113 2680 ἀρχόντων
1137 2611 1451 2668 ἐπίστευσεν
1464 2615 1542 2677 είς
1552 2616 1714 2670 αὑτὸν

125 2689 161 2759 ἢ
181 2690 247 2743 ἐκ
260 2691 372 2743 τῶν
387 2692 721 2763 Φαρισαίων;
737 2695 850 2749 ἀλλ’
866 2696 899 2768 ἢ
924 2700 952 2749 6
969 2698 1145 2771 ὄχλος(
1150 2694 1395 2772 69)οὑτος
1414 2705 1442 2756 6
1459 2703 1533 2775 μὴ
1552 2706 1714 2774 γινώ-

128 2799 278 2837 σκων
291 2783 381 2839 τὸν
405 2785 568 2857 νόμον
593 2788 854 2860 ἐπάρατοί
876 2791 1042 2858 είσιν;
1062 2811 1082 2845 ι
1096 2793 1183 2846 ὅτε
1199 2796 1294 2848 καὶ
1311 2796 1619 2869 Νικοδήμου
1637 2801 1715 2852 εί-

129 2876 379 2948 ρηκότος·
401 2896 420 2929 ι
439 2878 575 2951 Μὴὸ
596 2880 777 2952 Νόμος
793 2882 951 2953 ἡμῶν
976 2884 1147 2956 κρίνει
1177 2886 1269 2941 τόν
1295 2888 1596 2960 ἄνθρωπον,
1619 2891 1713 2945 ἐὰν

132 2968 216 3040 μὴ
243 2967 461 3042 ἀκούσῃ
500 2972 717 3043 πρῶτον
762 2978 891 3047 παρ’
926 2977 1111 3043 αὑτοῦ,
1148 2980 1244 3032 καὶ
1283 2979 1396 3052 γνῷ
1440 2981 1492 3034 τί
1536 2985 1713 3048 ποιεῖ;

121 3060 534 3135 ἀπεκρίθησαν·
560 3063 651 3136 Μὴ
684 3067 779 3119 καὶ
810 3070 873 3121 σὺ
902 3070 965 3122 ἐκ
987 3069 1087 3139 τῆς
1113 3070 1405 3137 Γαλιλαίας
1437 3068 1523 3139 ei;
1554 3074 1710 3145 ἐρεύ-

1820 1963 1912 2017 alii
1958 1976 2087 2017 vero
2126 1962 2379 2016 dicebant
2412 1978 2427 2015 :
2457 1960 2558 2016 llic
2602 1971 2686 2017 est
2723 1961 2814 2016 ille
2836 1963 3086 2020 Christus
3114 1982 3133 2031 ;
3166 1967 3392 2037 quidam

1820 2063 1996 2109 autem
2028 2054 2281 2110 dicebant
2310 2070 2324 2105 :
2365 2052 2632 2106 Numnam
2655 2067 2721 2107 ex
2753 2051 2973 2109 Galilzea
3008 2058 3262 2114 Chrisuts
3294 2074 3399 2114 ve-

1821 2147 1933 2199 nit?
1960 2145 2148 2200 Nonne
2182 2145 2462 2215 Scriptura
2499 2145 2651 2208 dicit,
2687 2147 2828 2213 quod
2856 2161 2919 2200 ex
2953 2149 3163 2203 semine
3197 2152 3391 2216 David,

1819 2249 1874 2294 et
1912 2241 1978 2294 de
2016 2239 2329 2294 Bethleltem
2363 2238 2589 2293 castello
2631 2238 2720 2292 ubi
2762 2250 2879 2292 erat
2928 2238 3114 2306 David,
3142 2243 3399 2301 Christus

1818 2330 2036 2384 veniet?
2066 2348 2084 2380 ι
2121 2331 2338 2398 quando
2360 2329 2525 2382 etiam
2561 2347 2580 2378 ι
2615 2329 2885 2384 dissensio
2910 2341 3029 2386 orta
3062 2343 3146 2388 est
3187 2335 3239 2388 in
3272 2344 3400 2389 tura

1820 2422 1888 2476 ba
1924 2430 2143 2492 propter
2178 2436 2300 2475 eum
2336 2421 2403 2475 ³³.
2442 2439 2461 2471 ι
2497 2419 2605 2476 Sed
2636 2421 2801 2489 paulo
2856 2432 2978 2490 post
3009 2423 3093 2477 illa
3125 2428 3393 2496 scriptum

1819 2525 1903 2568 est
1930 2513 2277 2582 respondisse
2310 2512 2590 2565 ministros
2625 2528 2638 2563 :
2688 2528 2707 2560 ι
2745 2511 3029 2585 Nunquam
3067 2517 3173 2572 isto
3229 2521 3393 2572 modo

1818 2607 2030 2662 locutus
2054 2614 2137 2659 est
2162 2605 2322 2657 homo
2347 2603 2392 2634 ”
2424 2621 2436 2656 :
2472 2622 2491 2655 ι
2525 2605 2658 2657 adeo
2691 2611 2750 2656 ut
2782 2604 3039 2663 Pharisaei
3063 2609 3389 2665 admirantin

1817 2701 1919 2756 bus
1954 2710 2259 2755 sermonem
2288 2699 2405 2767 ejus
2434 2699 2669 2754 dixerint
2703 2718 2718 2754 :
2756 2721 2774 2752 ι
2805 2701 2943 2755 Num
2982 2717 3074 2757 vos
3100 2702 3261 2756 etiam
3289 2706 3395 2757 dea

1818 2794 1958 2862 cepti
1981 2792 2150 2847 estis?
2186 2807 2311 2845 num
2343 2792 2542 2861 aliquis
2562 2808 2628 2847 ex
2659 2793 3018 2862 principibus,
3044 2796 3126 2846 vel
3156 2809 3219 2847 ex
3245 2794 3393 2849 Pha~

1820 2884 1991 2939 risaeis
2025 2883 2078 2936 in
2103 2898 2225 2938 eum
2259 2882 2530 2937 credidit?
2554 2883 2749 2938 Annon
2777 2883 2932 2937 turba
2960 2885 3095 2948 haec,
3125 2900 3244 2953 quae
3274 2900 3389 2940 non

1818 2976 2065 3046 agnoscit
2109 2975 2307 3046 legem,
2373 2974 2737 3030 exsecrabiles
2794 2983 2921 3055 sunt
2962 2976 3047 3029 ”?
3092 2998 3112 3028 ι
3165 2979 3384 3046 quando

1816 3069 1979 3123 etiam
2006 3083 2125 3123 cum
2162 3068 2388 3123 dixisset
2423 3064 2747 3122 Nicodemus
2782 3085 2794 3119 :
2835 3087 2855 3118 ι
2889 3067 3023 3121 Num
3065 3071 3148 3123 lex
3200 3080 3389 3126 nostra

120 3166 307 3255 νησον,
343 3155 440 3208 καὶ
473 3155 576 3221 ἴδε,
609 3156 691 3210 ὅτι
720 3159 784 3211 ἐκ
813 3159 911 3227 τῆς
939 3160 1228 3225 Γαλιλαίας
1278 3165 1560 3235 προφήτης
1608 3165 1709 3220 οὑκ
1737 3197 1779 3255 c
1806 3157 1895 3230 Ῑιιό

1881 3160 2019 3214 dicat
2064 3161 2358 3220 hominem,
2413 3159 2512 3212 nisi
2566 3160 2717 3228 prius
2775 3160 3009 3214 audierit
3049 3163 3119 3215 ab
3149 3163 3288 3231 ipso,
3328 3173 3386 3217 et

119 3241 427 3317 ἐξέρχεται,
454 3247 574 3302 οὑδέ
601 3249 895 3321 ἐγείρεται.
934 3271 952 3302 ι
988 3253 1113 3318 Πῶς
1140 3253 1197 3306 δὲ
1224 3254 1476 3310 ἐδύναντο
1507 3257 1708 3311 ἀπλού-

122 3352 317 3408 στερον
343 3341 482 3391 νοεῖν
508 3340 671 3394 αὑτὸν
707 3341 902 3397 ἐαυτὸν
942 3344 1261 3415 ἀναιρήσειν
1289 3347 1339 3400 oi
1378 3348 1709 3412 ἀκούσαντες

121 3428 292 3483 αὑτοῦ
317 3429 597 3499 λέγοντος·
633 3452 657 3485 ι
699 3435 841 3503 Ἐγώ
868 3438 991 3507 εἰμι
1022 3437 1083 3489 τό
1117 3437 1232 3505 φῶς
1263 3437 1358 3491 τοῦ
1389 3440 1596 3511 κόσμου
1621 3457 1633 3470 ·
1678 3443 1705 3493 6

120 3520 433 3576 ἀκολουθῶν
463 3540 555 3595 μοι
588 3526 648 3578 οὑ
686 3527 760 3597 μὴ
787 3529 1136 3601 περιπατήσῃ
1158 3531 1214 3587 ἐν
1237 3532 1304 3601 τῇ
1342 3532 1550 3602 σκοτίᾳ,
1591 3531 1705 3585 ἀλλ’

119 3613 234 3679 ἕξει
261 3613 323 3668 τό
353 3615 468 3685 φῶς
493 3617 593 3689 τῆς
633 3618 815 3689 Canite;
852 3638 871 3671 ι
906 3620 1052 3693 Πρὸς
1078 3621 1137 3677 ὃν
1167 3623 1217 3674 οί
1238 3623 1522 3693 Φαρισαῖοι
1553 3626 1706 3696 εἰρή-

121 3724 303 3774 κασιν,
329 3708 411 3762 ὃτι
442 3732 459 3760 ι
497 3710 569 3763 Σὺ
601 3712 727 3782 περὶ
748 3712 974 3766 σεαυτοῦ
1005 3716 1329 3785 μαρτυρεῖς·
1363 3717 1396 3787 ή
1427 3717 1702 3788 μαρτυρία

121 3813 215 3850 σου
246 3800 349 3852 οὑκ
369 3799 512 3853 ἔστιν
542 3800 777 3872 ἀληθής·
806 3797 889 3866 οἷς
930 3804 1263 3875 ἀπεκρίνατο
1293 3806 1322 3858 6
1378 3805 1584 3878 Ἰησοῦς
1612 3806 1702 3859 λέ·
1739 3836 1748 3844 -

117 3906 262 3959 γων·
295 3891 414 3944 Κᾶν
445 3891 554 3962 ἐγὼ
579 3893 838 3966 μαρτυρῶ
866 3895 995 3966 περὶ
1046 3895 1311 3965 ἐμαυτοῦ,
1351 3899 1385 3966 ἡ
1427 3897 1701 3969 μαρτυρία

120 4000 225 4053 μου
264 3982 473 4054 ἀληθής
521 3986 686 4049 ἐστιν,
738 3985 819 4039 ὅτι
867 3982 982 4041 οἶδα
1023 3985 1185 4040 πόθεν
1217 3983 1400 4058 ἦλθον,
1451 3990 1544 4045 καὶ
1599 3989 1701 4043 ποῦ

119 4076 336 4145 ὑπάγω.
385 4076 572 4147 Ὑμεῖς
632 4078 772 4133 κατά
823 4079 924 4152 τὴν
978 4080 1156 4153 σάρκα
1213 4080 1450 4152 κρίνετε,
1501 4081 1611 4151 ἐγὼ
1640 4085 1705 4138 οὐ.

115 4168 289 4240 κρίνω
320 4168 534 4223 οὐδένα·
573 4171 667 4223 καὶ
695 4171 788 4225 ἐὰν
813 4170 985 4243 κρίνω
1009 4172 1066 4224 δὲ
1091 4172 1222 4240 ἐγὼ,
1250 4175 1284 4243 ἡ
1320 4173 1500 4245 κρίσις
1523 4177 1556 4247 ή
1590 4177 1700 4248 ἐμὴ

116 4260 327 4331 ἀληθής
358 4263 525 4323 ἐστιν,
559 4261 641 4314 ὅτι
677 4260 835 4332 μόνος
877 4262 976 4316 οὑκ
1012 4264 1148 4333 εἰμὶ,
1196 4263 1310 4317 ἀλλ’
1354 4265 1485 4332 ἐγὼ,
1533 4267 1628 4319 καὶ
1669 4269 1697 4319 6

116 4353 342 4424 πέμψας
375 4371 443 4424 με
472 4355 682 4426 Πατήρ.
719 4357 828 4409 Καὶ
850 4357 908 4409 ἐν
938 4356 1018 4426 τῷ
1049 4357 1219 4428 Νόμῳ
1246 4357 1305 4410 δὲ
1336 4357 1414 4427 τῷ
1445 4359 1696 4431 ὑμετέρῳ

116 4447 462 4518 γέγραπται,
505 4447 585 4500 ὅτι
623 4445 716 4500 δύο
759 4446 1061 4519 ἀνθρώπων
1099 4450 1132 4519 ή
1171 4449 1445 4520 μαρτυρία
1491 4449 1695 4523 ἀληθής

1814 3250 2129 3321 cognoverit
2157 3250 2284 3318 quid
2318 3248 2520 3303 iaciat?
2564 3249 2967 3317 responderunt
3002 3267 3014 3302 :
3044 3250 3181 3307 Num
3212 3263 3267 3308 et
3320 3261 3377 3308 tu

1811 3347 2067 3404 Galilaeus
2090 3346 2185 3403 es?
2210 3345 2485 3410 Scrutare,
2517 3354 2572 3402 et
2598 3345 2719 3401 vide
2742 3347 2885 3414 quod
2937 3360 2965 3396 a
3006 3343 3226 3399 Galilaaa
3255 3359 3378 3415 pro-

1809 3442 1972 3512 pheta
2006 3455 2110 3494 non
2136 3439 2410 3510 egreditur
2434 3453 2611 3508 neque
2636 3439 2807 3506 surgit
2828 3438 2893 3491 ³⁸.
2926 3456 2944 3488 ι
2975 3437 3080 3491 Sed
3108 3438 3383 3507 quomodo

1810 3531 2109 3602 simplicius
2136 3541 2388 3602 poterant
2422 3530 2726 3600 intelligere
2765 3531 3003 3584 futurum
3051 3539 3107 3582 ut
3137 3529 3374 3598 seipsutn

1810 3623 2165 3688 interﬁceret,
2203 3623 2489 3678 audientes
2527 3636 2650 3678 eum
2685 3621 2953 3676 dicentem
2990 3638 3005 3673 :
3041 3640 3059 3671 ι
3100 3621 3211 3688 Ego
3257 3635 3381 3675 sum-

1805 3712 1902 3771 lux
1929 3715 2112 3771 mundi
2146 3734 2159 3769 :
2193 3715 2282 3785 qui
2320 3714 2569 3785 sequitur
2597 3730 2704 3781 me,
2744 3728 3085 3783 nequaquam
3125 3713 3375 3767 ambula-

1805 3810 1945 3866 verit
1974 3813 2026 3862 in
2058 3808 2318 3873 tenebris,
2353 3808 2450 3864 sed
2482 3807 2700 3862 habebit
2741 3806 2922 3860 lumen
2969 3806 3092 3860 vita:
3125 3805 3207 3858 '7?
3244 3823 3263 3857 ο
3292 3805 3377 3861 Ad

1804 3914 1965 3970 quem
2003 3898 2261 3954 Pharisaei
2304 3899 2595 3954 dixerunt:
2632 3916 2650 3948 ι
2684 3895 2762 3949 Tu
2809 3897 2876 3951 de
2912 3897 3086 3966 teipse
3117 3897 3378 3951 testifica-

1803 3992 1909 4057 ris;
1963 3992 2328 4047 testimouium
2361 4002 2506 4045 tuum
2556 4007 2663 4044 non
2710 3998 2791 4042 est
2820 4003 3029 4043 verum.
3074 3986 3377 4055 Respondit

1802 4082 1985 4146 Jesus,
2012 4091 2067 4136 et
2100 4082 2238 4135 dixit
2268 4081 2348 4135 eis
2378 4097 2393 4133 ε
2434 4080 2657 4134 Etiamsi
2696 4095 2797 4150 ego
2839 4078 3206 4133 testimonium
3250 4092 3376 4144 per-

1803 4172 1964 4227 ltibeo
1988 4172 2056 4224 de
2105 4171 2337 4239 meipso,
2367 4183 2556 4224 verum
2602 4180 2685 4223 est
2748 4170 3114 4237 testimonium
3169 4182 3370 4230 meum,

1802 4264 1926 4337 quia
1961 4263 2076 4317 scio
2112 4263 2255 4316 unde
2288 4261 2468 4326 venio,
2505 4272 2559 4315 et
2584 4277 2692 4329 quo
2721 4261 2876 4315 vado.
2936 4261 3044 4316 Vos
3073 4261 3375 4315 secundum

1800 4370 2021 4410 carnem
2044 4351 2325 4422 judicatis,
2356 4369 2458 4425 ego
2495 4368 2600 4407 non
2625 4355 2808 4424 judico
2841 4368 3168 4423 quemquam
3196 4370 3210 4405 :
3238 4368 3369 4422 por-

1800 4462 1864 4502 ro
1886 4447 2048 4501 etiam
2077 4447 2120 4500 si
2140 4445 2376 4516 judicem
2411 4460 2532 4515 ego,
2555 4445 2821 4513 judicium
2849 4459 3025 4498 meum
3059 4459 3244 4498 verum
3266 4451 3371 4506 est,

116 4541 291 4593 ἐστιν·
322 4539 433 4609 ἐγὼ
457 4542 570 4611 εἰμι
592 4542 620 4594 6
647 4541 939 4612 μαρτυρῶν
971 4541 1100 4612 περὶ
1136 4541 1399 4611 ἐμαυτοῦ,
1428 4544 1521 4596 καί
1555 4560 1695 4615 μαρ-
1728 4551 1771 4605 ι)
1800 4539 1890 4609 qui

1881 4539 1926 4593 ia
1954 4538 2101 4594 solus
2130 4553 2234 4591 non
2265 4552 2414 4603 sunt;
2469 4537 2563 4591 sed
2590 4552 2710 4605 ego,
2744 4545 2800 4591 et
2825 4536 2917 4605 qui
2968 4536 3113 4590 misit
3153 4550 3238 4590 nte
3266 4534 3372 4588 Pa-

114 4635 270 4703 τυρεῖ
303 4633 432 4702 περὶ
451 4629 584 4703 ἐμοῦ
607 4633 636 4685 6
668 4633 889 4703 πέμψας
914 4649 980 4703 με
1004 4634 1033 4685 6
1053 4634 1263 4706 Πατήρ.
1302 4654 1322 4685 ›
1355 4633 1420 4686 Τί
1443 4634 1500 4687 δὲ
1536 4635 1699 4688 πιθα-ι

116 4724 203 4778 νόν
234 4724 376 4796 πρὸς
418 4724 478 4778 τὸ
512 4725 825 4779 ἀποκτενεῖν
872 4727 1065 4782 ἐαυτὸν
1112 4726 1250 4798 μετά
1290 4728 1413 4792 τοὺς
1457 4728 1691 4800 μεγαλο-

116 4814 413 4884 φυέστερον
458 4814 779 4885 είρηνμένους
823 4815 1012 4869 τοῦτον
1069 4816 1160 4869 τὸν
1205 4816 1404 4888 τρόπον
1463 4816 1686 4887 λόγους·

119 4923 136 4954 ι
172 4902 315 4959 Οὔτε
365 4906 465 4976 ἐμὲ
509 4907 703 4971 οἴδατε,
753 4906 877 4960 οὔτε
918 4907 1010 4961 τὸν
1055 4907 1274 4980 Πατέρα
1327 4926 1430 4980 μου
1453 4926 1465 4940 ·
1507 4911 1555 4961 εί
1589 4910 1689 4980 ἐμὲ

111 4996 313 5067 ᾔδειτε,
348 4996 554 5051 καὶτὸν
586 4997 808 5071 Πατέρα
832 5015 932 5068 μου
961 4996 1031 5051 ἂν
1061 4997 1275 5069 ᾕδειτε;
1313 5018 1331 5050 ο
1372 4998 1535 5062 Εἰκὸς
1556 4999 1689 5070 γὰρ,

109 5088 190 5141 ὅτι
216 5088 430 5152 τούτοις
459 5087 659 5159 ὁμοίως
689 5087 993 5160 ἐξεδέχοντο
1030 5090 1125 5143 καὶ
1155 5090 1217 5143 τό
1237 5107 1250 5120 ·
1293 5110 1310 5141 ι
1370 5090 1511 5160 Ἐγὼ
1545 5092 1688 5145 ὑπά-

110 5197 210 5249 γω,
243 5182 338 5234 καὶ
367 5180 631 5252 ζητήσετέ
659 5198 745 5252 με,
772 5181 867 5233 καὶ
892 5182 951 5234 ἐν
982 5183 1048 5252 τῇ
1086 5181 1332 5253 ἁμαρτία
1366 5183 1522 5252 ὑμῶν
1550 5183 1687 5236 άπο-

109 5273 389 5327 θανεῖσθε·
446 5275 581 5329 ὅπου
620 5273 729 5342 ἐγὼ
780 5274 995 5343 ὑπάγω,
1030 5275 1186 5346 ὑμεῖς
1223 5275 1283 5328 οὑ
1319 5274 1547 5329 δύνασθε
1598 5275 1687 5329 ἐλ-

108 5366 248 5420 θεῖν·
295 5385 315 5417 ι
345 5365 482 5438 πρὸς
500 5367 560 5419 ὃν
585 5366 681 5419 καὶ
708 5366 1069 5437 ἀπεκρίναντο
1093 5368 1143 5420 οί
1185 5367 1451 5420 Ἰουδαῖοι·
1487 5388 1505 5419 ι
1539 5369 1685 5439 Μήτι

106 5458 404 5510 ἀποκτενεῖ
447 5454 657 5518 ἑαυτὸν,
704 5455 786 5507 ὅτι
847 5454 1026 5524 λέγει·
1087 5455 1256 5508 Ὅπου
1311 5455 1422 5521 ἐγὼ
1466 5455 1682 5522 ὑπάγω,

107 5547 265 5618 ὑμεῖς
297 5548 358 5602 οὐ
391 5547 616 5601 δύνασθε
645 5547 857 5612 ἐλθεῖν;
899 5566 918 5599 ι
962 5548 1110 5602 Πάνυ
1143 5547 1200 5601 δέ
1235 5549 1326 5602 καὶ
1362 5549 1687 5620 ἐμφαίνεται

176 5662 224 5694 ³⁸
260 5661 424 5717 Mieh.
456 5676 513 5723 v,
539 5660 605 5728 2;
638 5660 827 5732 Matth.
852 5677 913 5723 ιι,
941 5662 1010 5732 6;
1048 5661 1203 5717 Joan.
1238 5676 1334 5725 vn,
1363 5661 1456 5717 42.
1532 5660 1576 5732 '2
1599 5660 1787 5732 Joan,
1808 5675 1887 5732 ut.

1881 5658 2003 5732 .22.
2053 5658 2295 5732 _”Joan.
2333 5675 2439 5732 vit,
2463 5659 2533 5714 40
2554 5676 2672 5732 seq.

390 5732 436 5764 ⁸⁸
461 5731 594 5787 ibid.
627 5731 826 5799 5i,52.
900 5732 942 5764 ³⁷
969 5731 1125 5792 Joan.
1154 5748 1271 5804 vni,
1301 5733 1388 5789 12.
1464 5733 1510 5767 ³⁸
1538 5731 1672 5790 ibid.
1705 5730 1895 5787 15—18.

101 5732 295 5788 67-59.

177 5845 297 5921 (68)
325 5844 550 5903 Αὑτοῦ.
578 5842 966 5920 Lego-«6106c.

1802 4641 1905 4686 ter.
1951 4631 2091 4698 Quin
2130 4641 2189 4687 et
2239 4630 2291 4684 in
2348 4630 2470 4701 lege
2512 4628 2676 4698 300
2706 4637 2885 4683 vestra
2943 4631 3205 4697 scriptum
3265 4637 3369 4689 est,

1799 4725 1943 4795 quod
1987 4726 2215 4779 duorum
2267 4725 2546 4778 hominum
2585 4722 2961 4777 testimonium
2996 4736 3183 4775 verum
3236 4729 3369 4775 est:

1800 4832 1899 4887 ego
1933 4832 2051 4871 sum
2101 4818 2148 4870 is
2208 4816 2300 4885 qui
2352 4815 2727 4870 testimonium
2783 4813 2901 4868 fero
2933 4814 2999 4866 de
3052 4812 3281 4881 meipso,
3315 4824 3373 4866 et

1800 4911 2166 4965 testimonium
2190 4908 2294 4965 l‘ert
2326 4911 2391 4965 de
2413 4925 2521 4976 me,
2547 4909 2641 4979 qui
2670 4907 2819 4962 misit
2842 4919 2928 4960 me
2947 4904 3107 4960 Pater
3121 4906 3183 4959 ³⁸.
3216 4922 3237 4956 ι
3260 4904 3375 4959 Cur

1798 5017 1928 5058 vero
1956 5000 2247 5056 verisimile
2296 5011 2435 5067 erat,
2482 5001 2626 5072 quod
2675 4998 2912 5069 seipsum
2978 4998 3371 5052 interfecturus

1797 5107 1943 5152 esset
1988 5106 2107 5165 post
2156 5103 2234 5150 tot
2267 5096 2433 5151 verba
2487 5104 2596 5148 tam
2628 5092 2915 5163 magnifice
2963 5107 2993 5145 a
3039 5106 3098 5147 se
3143 5093 3287 5147 hunc
3311 5091 3370 5146 in

1799 5184 2017 5239 modum
2066 5182 2213 5238 dicta
2244 5200 2258 5237 :
2291 5201 2310 5234 ι
2341 5181 2526 5251 Neque
2569 5196 2659 5236 me
2694 5181 2866 5248 scitis,
2918 5196 3098 5251 neque
3150 5181 3366 5235 Patrem

1798 5266 1975 5331 tneum
1997 5294 2014 5345 ;
2039 5274 2086 5331 si
2118 5289 2203 5330 me
2239 5275 2474 5337 sciretis,
2509 5274 2673 5329 etiam
2709 5273 2924 5328 Patrem
2977 5287 3157 5328 meum
3197 5272 3370 5327 seire-

1796 5372 1863 5424 tis
1891 5369 1967 5422 '9?
2003 5386 2022 5419 ι
2058 5350 2327 5422 Credibile
2354 5366 2500 5421 enim
2524 5376 2609 5419 est
2636 5379 2755 5431 eos,
2799 5364 3020 5434 perinde
3057 5373 3223 5430 atque
3254 5361 3370 5414 haec

1793 5462 1981 5526 verba,
2012 5460 2346 5515 intellexisse
2373 5457 2504 5513 illud
2538 5474 2550 5509 :
2591 5477 2610 5508 ι
2644 5457 2761 5529 Ego
2807 5458 2966 5516 vado.
3001 5463 3057 5509 et
3107 5454 3368 5522 quaeretis

1793 5562 1904 5611 me,
1933 5556 1987 5601 et
2027 5547 2080 5600 in
2113 5544 2336 5615 peccato
2362 5555 2543 5601 vestro
2569 5546 2909 5612 moriemini;
2944 5559 3052 5615 quo
3075 5556 3176 5613 ego
3205 5542 3367 5613 vado,

2747 5659 2793 5692 ³⁸
2825 5657 2955 5713 ibid.
2988 5655 3078 5712 46.
3155 5655 3209 5688 ⁸⁵
3231 5656 3365 5711 ibid.

1973 5731 2015 5762 "
2046 5729 2200 5784 Joan.
2232 5745 2349 5794 vm,
2384 5730 2467 5783 l9.

1881 5843 1990 5917 (69)
2019 5842 2309 5901 Ferrarius
2342 5845 2555 5902 videtur
2575 5847 2768 5918 legisse
2795 5845 2910 5901 ἀλλ’
2938 5847 2971 5918 ἦ
3008 5846 3107 5920 οὑχ
3127 5842 3362 5916 ὁδχλος.
