3688 6146
225 316 331 371 539
1706 314 2029 373 ORIGENIS
3362 326 3477 381 560

222 455 287 491 eo
323 450 420 490 vos
464 449 567 489 non
602 435 827 502 potestis
871 434 1057 490 venire
1085 435 1129 468 ⁸ο
1171 452 1183 489 :
1223 454 1241 487 ι
1283 435 1434 508 [(70)
1478 436 1566 491 cui
1618 436 1678 491 eti

2020 436 2166 491 socia
2189 437 2353 492 αὑτοῦ
2384 441 2441 492 ἐν
2461 437 2540 509 τῷ
2571 439 2682 510 (71)
2726 440 3091 509 αὐτεξουσίως
3133 445 3296 499 αὑτὸν
3330 446 3476 499 ἀπο-

222 528 391 586 Judzei
441 526 840 596 responderunt
879 541 895 579 :
951 543 971 578 ι
1011 526 1269 596 Nunquid
1313 526 1603 582 interliciet
1648 542 1678 582 si

2019 548 2164 593 rxetv,
2194 531 2561 585 καταλιπόντα
2587 531 2648 584 τὸ
2679 532 2857 605 σῶμα,
2888 535 2983 589 καὶ
3017 537 3074 590 ἐν
3104 536 3210 608 τῷο
3245 556 3265 589 ι
3319 538 3475 606 Ἐγὼ

226 635 367 687 sum,
425 618 553 688 quia
597 616 770 673 dicit:
802 616 922 684 Quo
945 632 1045 689 ego
1088 620 1248 685 vado,
1295 634 1391 674 vos
1421 635 1527 674 non
1564 627 1682 687 pote

2020 638 2111 690 rer
2148 641 2168 673 3
2200 624 2294 676 καὶ
2308 624 2446 694 τάχα
2466 622 2555 677 διά
2575 624 2667 677 τό·
2709 644 2728 677 ι
2773 627 2915 696 Ἐγὼ
2949 629 3162 699 ὑπάγω,
3201 650 3220 683 3
3250 631 3311 685 τὸ
3339 633 3476 685 ἐπι-

230 710 453 765 venire?
483 707 535 781 3]
574 706 739 764 Valde
760 709 922 763 etiam
945 710 1247 764 ostenditur
1271 718 1508 780 potestas
1534 710 1651 780 ejus
1680 719 1686 761 l

2031 731 2187 785 μενον
2228 716 2436 784 γίνεται
2464 718 2557 771 τό·
2599 737 2620 770 ι
2667 718 2779 771 Καὶ
2806 717 3067 792 ζητήσετέ
3113 739 3199 793 με.
3240 743 3261 776 3
3300 726 3482 787 Εἰκὸς

225 803 281 858 in
314 816 380 856 eo
404 801 548 869 quod
585 800 754 855 libera
778 809 1047 869 potestate
1071 811 1127 855 et
1150 800 1431 857 voluntate
1456 802 1569 871 ipse
1593 816 1680 856 mo

2026 807 2116 858 καὶ
2139 806 2264 869 τοὺς
2287 809 2697 880 παρατυχόντας
2727 809 2898 874 οὑτως
2932 812 3080 882 αὑτῷ
3116 814 3478 869 ἀπαλλασσο-

226 905 313 948 tur
340 893 529 948 relicto
561 905 820 959 corpore;
856 899 968 944 tum
993 892 1156 945 etiam
1186 892 1239 944 in
1272 894 1374 947 hoc
1408 893 1593 947 dicto:
1623 911 1641 943 ι
1672 893 1682 945 1

2028 917 2040 950 ›
2068 897 2158 951 τοῦ
2184 897 2301 967 βίου
2341 898 2521 971 ζητεῖν
2556 902 2717 956 αὑτόν
2735 920 2748 933 ·
2780 903 2869 957 διὰ
2894 903 2951 956 δὲ
2977 904 3040 959 τὸ
3061 907 3119 959 ἐν
3139 909 3257 972 ταῖς
3278 910 3484 979 ἀμαρ-

222 986 390 1049 vado;
440 992 547 1039 3et
600 982 871 1044 fortassis.
930 982 1060 1050 quia
1119 983 1302 1037 dixit:
1336 1001 1356 1034 ι
1410 983 1522 1054 Ego
1573 985 1674 1038 vnd

2030 989 2237 1043 aiith
2275 991 2638 1063 ἀποθνήσκειν
2666 994 2880 1059 αὑτοὺς,
2924 996 3056 1067 μηδέ
3104 997 3237 1068 μετὰ
3282 996 3486 1053 ταῦτα

223 1077 587 1145 subiungitur,
632 1090 653 1126 ι
705 1083 761 1128 et
792 1074 1050 1141 quaeretis
1103 1090 1209 1128 me.
1245 1092 1264 1123 ι
1301 1071 1611 1129 Verisimile
1644 1089 1674 1128 e

2032 1098 2066 1133 a
2100 1080 2517 1153 δυσωπηθέντας
2538 1082 2675 1155 πρὸς
2695 1084 2756 1137 τὸ
2782 1085 2856 1156 μὴ
2883 1074 3240 1150 διστακτικῶς
3277 1091 3483 1141 εἰπεῖν

222 1180 308 1226 est
347 1185 440 1225 eos
485 1169 577 1238 qui
609 1166 685 1221 illi
714 1167 787 1219 ita
813 1180 845 1219 e
884 1167 992 1218 vita
1041 1165 1295 1234 migranti
1335 1166 1583 1231 aderunt,
1613 1167 1678 1235 ip!

2077 1170 2273 1224 αὑτοῦ*
2334 1190 2353 1223 ι
2405 1174 2550 1244 Μήτι
2615 1175 2905 1229 ἀποκτενεῖ
2962 1177 3180 1243 ἐαυτόν;
3240 1198 3258 1230 3
3320 1180 3484 1232 ὅπου

225 1263 584 1333 quaesituros:
616 1258 816 1314 idcirco
869 1267 1048 1311 autem
1094 1258 1238 1326 quod
1296 1259 1351 1312 in
1401 1260 1637 1328 peccatis
1676 1276 1681 1310 ι

2029 1280 2092 1327 σι,
2128 1264 2201 1335 μὴ
2230 1264 2489 1319 δύνασθαι
2535 1267 2732 1331 αὑτοὺς
2756 1268 3032 1322 ἀπελθεῖν.
3082 1267 3244 1341 υἷμαι
3273 1271 3321 1323 δ’
3348 1273 3485 1336 ὅτι,

225 1353 555 1417 moriantur,
594 1363 770 1420 neque
823 1358 941 1417 post
972 1348 1060 1400 illa
1112 1348 1291 1401 omnia
1337 1351 1542 1420 pudore
1575 1350 1681 1403 ita:

2033 1356 2441 1429 ιακοηθέστερον
2487 1358 2843 1430 ὀνομάζοντες
2882 1361 2944 1415 τὸ
2976 1363 3115 1417 κατά
3139 1364 3234 1434 τὴν
3273 1366 3489 1435 παρά-

226 1444 545 1506 fundantur,
602 1452 662 1496 ut
718 1455 822 1495 non
874 1440 1189 1494 dubitanter
1253 1441 1319 1493 de
1371 1442 1487 1509 ipso
1539 1440 1678 1496 dicat

2058 1449 2186 1521 περὶ
2213 1449 2307 1503 τοῦ
2334 1449 2562 1504 θανάτου
2604 1450 2698 1504 τοὺ
2731 1453 2967 1523 Χριστοῦ
2997 1455 3077 1517 εἰς
3106 1455 3296 1519 αὑτοὺς
3324 1456 3489 1526 ἐλη-

230 1556 253 1592 .ι
277 1534 523 1603 Nunquid
552 1532 930 1587 interfecturus
948 1532 1183 1600 seipsum
1203 1532 1323 1588 est?
1351 1551 1370 1584 3
1396 1548 1504 1602 quo
1547 1533 1665 1602 ipse

2034 1558 2127 1606 τος,
2177 1541 2271 1595 καὶ
2304 1540 2383 1613 μὴ
2426 1541 2739 1608 δοξάζοντες
2779 1542 2870 1597 τὸν
2907 1544 3079 1608 οὕτως
3117 1546 3490 1600 ἀπαλλαττό-

225 1627 323 1688 dit,
344 1641 437 1681 eos
456 1625 606 1679 abire
629 1639 735 1679 non
766 1638 941 1693 posse.
963 1623 1230 1678 Existimo
1251 1625 1417 1679 etiam
1454 1624 1596 1693 quod
1634 1641 1681 1679 m

2033 1649 2049 1685 ν
2080 1631 2172 1686 τοῦ
2212 1631 2348 1702 βίου,
2380 1633 2630 1705 εἰρήκασι
2661 1633 2721 1685 τό
2741 1650 2754 1663 ·
2786 1653 2803 1687 ι
2834 1636 2978 1706 Μήτι
3002 1636 3287 1691 ἀποκτενεῖ
3322 1639 3489 1692 ἐαυ-

225 1717 383 1786 gnius
425 1718 766 1771 nominantes
809 1716 940 1771 illud
976 1718 1117 1787 quod
1157 1725 1276 1771 erat
1314 1717 1366 1770 in
1395 1716 1681 1771 traditione

2053 1741 2072 1774 3
2119 1723 2273 1795 Ἐνῆν
2302 1724 2412 1795 γὰρ
2439 1723 2797 1789 διστακτικῶς
2839 1726 2939 1796 μὲν
2975 1727 3167 1790 εἰπεῖν,
3201 1730 3315 1798 μετ’
3347 1731 3491 1800 ἐμ-

224 1785 401 1865 morte
423 1809 646 1874 Christi,
668 1810 758 1877 qui
777 1810 842 1863 ad
868 1825 963 1865 eos
991 1785 1235 1874 venerat,
1268 1821 1322 1863 et
1346 1824 1449 1863 non
1481 1808 1680 1879 gloriﬁc

2038 1832 2102 1879 ως
2138 1815 2195 1868 δὲ
2377 1785 2528 1887 παρά
2560 1815 2640 1887 τῷ
2687 1785 2900 1889 θανάτῳ
2940 1817 3095 1890 δόξης
3136 1785 3319 1885 αὑτοῦ,
3355 1785 3494 1875 αἱαὶ

228 1913 308 1957 tes
336 1916 460 1956 eum
490 1917 521 1955 e
558 1902 667 1955 vita
707 1902 812 1955 isto
847 1903 1007 1956 modo
1050 1901 1439 1963 discedentem,
1472 1902 1684 1956 dixerur

2037 1905 2245 1969 ιοὺτως
2272 1908 2479 1960 εἰπεῖν·
2518 1908 2649 1978 μήτι
2687 1909 2721 1979 ή
2748 1906 2894 1978 ψυχὴ
2938 1908 3123 1972 αὑτοῦ,
3166 1911 3249 1963 ὅτε
3287 1912 3493 1976 αὐτὸς

228 2012 251 2045 ει
285 1993 534 2062 Nunquid
587 1992 823 2060 seipsum
879 1991 1267 2046 interfecturus
1315 1991 1433 2045 est?
1494 2009 1513 2043 3
1560 1989 1684 2047 Lice

2034 2013 2153 2060 ιται,
2188 1996 2522 2063 ἐξελεύσεται
2552 1997 3003 2067 καταλειφθέντος
3042 2000 3135 2053 τοῦ
3178 2001 3490 2072 σώματος,

225 2086 369 2141 enim
402 2085 650 2155 ambigue
672 2086 875 2152 dicere,
902 2086 995 2140 sed
1046 2099 1168 2138 cum
1209 2098 1480 2139 consensu
1512 2082 1629 2151 ejus
1672 2102 1681 2150 ι

2042 2084 2095 2138 ιά
2132 2085 2287 2138 τοῦτό
2314 2102 2445 2157 φησι
2475 2087 2567 2140 τό⁶
2614 2107 2634 2138 ί
2673 2089 2843 2141 Ὅπου
2887 2087 2997 2157 ἐγὼ
3038 2091 3251 2159 ὑπάγω,
3293 2093 3496 2162 ὑμεῖς

226 2178 344 2242 riae,
372 2192 490 2247 quae
508 2186 626 2232 erat
649 2190 817 2245 penes
866 2186 1093 2230 mortem
1121 2172 1258 2241 ejus,
1292 2184 1346 2228 et
1379 2175 1532 2243 quasi
1558 2175 1682 2229 hunc

2040 2175 2202 2228 νασθε
2230 2175 2434 2243 ἐλθεῖν;
2478 2197 2497 2229 ›
2533 2179 2684 2249 ’Ἅμα
2705 2178 2760 2231 δέ
2788 2180 2883 2232 καὶ
2922 2186 3332 2253 παρατηρήσεις
3370 2183 3496 2236 διὰ.

225 2270 442 2326 modum
469 2270 648 2324 dicere
681 2286 695 2322 :
734 2266 985 2337 Nunquid
1028 2267 1213 2321 anima
1248 2266 1385 2335 ejus,
1425 2266 1681 2335 quandoi

2040 2266 2250 2337 ρημένα
2289 2269 2419 2338 ήμῖν
2461 2268 2588 2338 περὶ
2632 2268 2759 2332 τοῦ,
2809 2271 2928 2333 πῶς
2969 2270 3061 2324 τὸν
3105 2272 3217 2341 βίον
3262 2273 3494 2345 ἐξελή-

224 2362 482 2429 voluerit,
506 2361 671 2416 exibit
699 2358 957 2415 derelicto
1002 2372 1252 2427 corpore,
1285 2366 1339 2412 et
1367 2358 1507 2411 hanc
1552 2358 1622 2411 ob
1652 2371 1680 2408 c

2048 2356 2181 2427 (72),
2219 2356 2315 2409 τό⁸
2354 2376 2374 2408 ι
2419 2359 2529 2412 Καὶ
2566 2359 2870 2414 ἀναϐαίνων
2910 2362 2991 2423 εἰς
3040 2361 3406 2433 Ἰεροσόλυμα
3457 2368 3497 2418 ὁ

226 2469 343 2511 sam
378 2453 590 2523 inquit:
622 2468 642 2502 ι
680 2451 797 2518 Quo
832 2466 933 2521 ego
962 2450 1126 2514 vado,
1167 2463 1232 2504 eo
1268 2463 1364 2504 vos
1405 2464 1512 2502 non
1563 2456 1682 2516 pote

2033 2445 2101 2509 »ὗς
2119 2446 2388 2517 παρέλαϐε
2416 2448 2541 2511 τοὺς
2572 2448 2773 2502 δώδεκα
2809 2452 2927 2503 κατ’
2973 2449 3124 2513 ἰδίαν,
3173 2452 3268 2504 καὶ
3298 2454 3361 2504 ἐν
3398 2458 3489 2526 τῇ

224 2547 447 2603 venire?
475 2564 496 2597 3
526 2543 701 2599 Simul
725 2544 908 2608 etiam,
966 2542 1092 2611 quia
1129 2539 1485 2595 disseruimus
1512 2554 1673 2609 quom

2038 2534 2153 2593 ῐπεν
2182 2541 2382 2603 αὐτοῖς’
2418 2539 2546 2592 Ἰδοὺ
2576 2540 2931 2612 ἀναϐαίνομεν
2959 2544 3039 2605 εἰς
3078 2542 3494 2613 Ἱεροσόλυμα,

222 2656 255 2695 e
284 2639 390 2693 vita
420 2635 752 2700 discesserit,
779 2634 1093 2690 observabis
1118 2632 1249 2687 illud
1285 2647 1298 2683 :
1338 2649 1358 2681 ι
1391 2629 1460 2686 Ει
1480 2632 1678 2686 ascend

2060 2628 2187 2693 Υἱὸς
2210 2629 2302 2683 τοῦ
2336 2629 2618 2702 ἀνθρώπου
2648 2632 3082 2703 παραδοθήσεται
3112 2637 3220 2698 τοῖς
3261 2634 3497 2705 ἀρχιε-

221 2729 380 2786 Jesus
408 2727 821 2799 Jerosolymam,
855 2725 1146 2794 assumpsit
1182 2723 1464 2778 duodecim
1515 2738 1677 2778 seorSI

2041 2761 2057 2786 ,
2103 2722 2196 2774 καὶ
2228 2721 2632 2792 γραμματεῦσι,
2681 2722 2775 2775 καὶ
2816 2722 3233 2795 κατακρινοῦσιν
3284 2726 3497 2779 αὑτὸν

226 2831 281 2878 et
309 2824 362 2876 in
394 2821 479 2874 via
505 2819 641 2873 dixit
669 2818 809 2873 illis:
840 2817 977 2871 Ecce
997 2817 1340 2871 ascendimus
1362 2814 1682 2886 Jerosolym:

2044 2831 2114 2884 ιφ,
2148 2815 2243 2868 καὶ
2279 2814 2706 2885 παραδοθήσεται
2736 2815 2845 2886 (75)
2886 2820 2997 2880 τοῖς
3042 2815 3244 2869 ἔθνεσιν
3281 2819 3375 2881 είς
3416 2821 3500 2874 τὸ

229 2922 285 2968 et
312 2912 481 2967 Filius
513 2910 747 2968 hominis
779 2911 1019 2963 tradetur
1047 2905 1384 2977 principibus
1412 2908 1685 2962 sacerdoti

2041 2906 2169 2972 ῖξαι,
2212 2906 2305 2959 καὶ
2337 2905 2697 2976 μαστιγῶσαι,
2748 2907 2842 2960 καὶ
2892 2906 3219 2977 σταυρῶσαι,
3254 2909 3363 2961 καὶ
3404 2915 3497 2983 τῇ

222 3015 279 3060 et
301 3003 529 3067 scribis,
563 3011 617 3056 ct
643 2983 1079 3055 condemnabunt
1110 3014 1234 3054 eum
1277 3000 1460 3065 morti,
1495 3009 1552 3054 et
1596 3010 1676 3054 tra

2088 2993 2269 3065 ἡμέρᾳ
2316 2991 2688 3064 ἐγερθήσεται.
2738 3011 2756 3044 3
2822 2993 2946 3046 Ἐὰν
2993 2995 3051 3047 δέ
3095 3011 3176 3058 τις
3209 2994 3502 3052 ἀνθυπο-

221 3101 310 3147 tur
346 3091 596 3162 gentibus
625 3089 1023 3158 conspuendus,
1071 3095 1127 3142 et
1164 3086 1540 3158 ﬂagellandus,
1575 3098 1677 3145 etc

2044 3085 2120 3137 τό·
2157 3103 2175 3136 ι
2223 3084 2353 3137 Ἀπὸ
2378 3084 2495 3137 τότε
2515 3083 2713 3156 ἤρξατο
2744 3084 3010 3137 δεικνύειν
3037 3089 3147 3150 τοῖς
3175 3086 3500 3158 μαθηταῖς

227 3140 545 3252 ςίίὶςέιιόιιε,
577 3191 633 3235 et
663 3181 820 3234 tertia
850 3179 938 3234 die
967 3189 1212 3249 resurget
1234 3179 1301 3235 ⁸⁸.
1340 3197 1358 3232 3
1397 3178 1554 3245 Quod
1584 3180 1628 3235 si
1656 3197 1683 3252 q

2052 3175 2101 3238 ὓ,
2126 3176 2207 3229 ὅτι
2241 3176 2323 3229 δεῖ
2355 3175 2514 3230 αὑτὸν
2670 3176 3017 3248 Ἱεροσόλυμα
3052 3140 3325 3243 ἀνελθεῖν,Ι

226 3275 551 3343 respondeat
573 3272 701 3327 illud
733 3289 743 3323 :
781 3291 800 3323 ι
833 3272 915 3326 Ab
943 3287 1008 3326 eo
1031 3277 1469 3344 tempore.ca:pit
1492 3276 1682 3329 ostenti

2040 3269 2270 3321 ιπαθεῖν
2308 3267 2416 3321 ἀπὸ
2452 3268 2559 3321 τῶν
2602 3268 2920 3341 ἀρχιερέων,
2973 3272 3067 3324 καὶ
3110 3272 3496 3343 Φαρισαίων,

219 3363 494 3431 discipulis
539 3363 672 3427 suis,
709 3364 853 3431 quod
898 3370 1177 3429 Oporteret
1218 3374 1342 3416 eum
1380 3360 1675 3432 Jerosulym

2040 3359 2413 3430 γραμματέων,
2487 3360 2581 3413 καὶ
2637 3362 3068 3432 ἀποκτανθῆναι·
3133 3382 3152 3414 3
3198 3366 3294 3417 καί
3367 3369 3452 3421 τό
3476 3386 3496 3401 ο

218 3455 512 3528 proﬁcisci,
547 3466 602 3511 et
633 3455 799 3509 multa
830 3455 940 3525 puti
964 3469 994 3508 a
1022 3454 1359 3524 principibus
1410 3454 1674 3510 sacerdoti

2046 3452 2146 3505 λλει
2191 3453 2220 3504 ὁ
2266 3450 2393 3514 Tib;
2440 3450 2533 3504 τοῦ
2594 3451 2882 3524 ἀνθρώπου
2936 3454 3327 3525 παραδίδοσθαι
3390 3462 3502 3524 εἰς

217 3558 273 3605 et
300 3547 607 3611 Phariszeis,
632 3554 688 3601 ct
731 3546 945 3609 scribis,
995 3553 1052 3598 et
1082 3544 1313 3600 interfici
1342 3544 1417 3610 “;
1454 3563 1475 3597 3
1501 3556 1555 3599 et
1593 3545 1673 3599 illn

2040 3561 2069 3607 ς
2109 3541 2429 3613 ἀνθρώπων,
2465 3545 2559 3596 καὶ
2592 3544 2979 3601 ἀποκτενοῦσιν
3022 3545 3202 3610 αὑτὸν,
3255 3550 3369 3601 καὶ
3404 3556 3495 3624 τῇ

222 3658 243 3691 σ
282 3639 540 3694 Futurum
569 3645 652 3692 est
683 3645 741 3690 ut
762 3634 931 3689 Filius
968 3635 1205 3690 hominis
1237 3634 1396 3706 301
1434 3636 1678 3689 tradatur

2079 3635 2263 3706 ἡμέρᾳ
2310 3633 2685 3705 ἐγερθήσεται,
2722 3653 2740 3685 3
2778 3637 2941 3704 ἐρεῖς,
2993 3637 3074 3688 ὅτι
3117 3637 3497 3697 ἀπέκτειναν

215 3748 405 3788 manus
431 3731 732 3794 hominum,
755 3740 811 3784 et
838 3728 1087 3784 occident
1111 3743 1260 3794 eum,
1302 3740 1357 3785 et
1384 3728 1541 3784 tertia
1572 3730 1658 3784 die

2041 3749 2042 3758 ι
2076 3728 2128 3780 οἱ
2161 3726 2408 3795 λέγοντες
2430 3728 2658 3790 πάντεςο
2705 3744 2724 3777 ι
2764 3727 3025 3799 Σταύρου,
3072 3729 3306 3800 σταύρου
3366 3736 3497 3788 αὐ..

215 3834 399 3893 surget
428 3824 493 3889 ”,
542 3842 561 3876 3
606 3822 754 3879 dices
787 3822 931 3893 quod
969 3819 1358 3877 interfecerunt
1402 3835 1526 3876 eum
1571 3837 1671 3878 omi

2040 3841 2045 3865 ι
2078 3819 2173 3871 καὶ
2196 3820 2243 3871 οἱ
2267 3818 2544 3888 γενόμενοι
2578 3817 2752 3888 ἔνοχοι
2779 3818 2872 3871 τοῦ
2908 3819 3136 3873 θανάτου
3164 3822 3345 3875 αὑτοῦ
3368 3842 3388 3855 ·
3432 3832 3496 3882 εἰ

216 3918 495 3972 dicentes:
534 3935 552 3966 ‹
592 3913 883 3984 Crucifige,
913 3913 1169 3983 cruciﬁge
1192 3927 1316 3969 eum
1345 3913 1415 3976 “,
1458 3932 1478 3966 3
1520 3923 1575 3968 et
1601 3915 1656 3968 bi

2040 3909 2320 3982 προλαϐὼν
2352 3910 2481 3981 τοὺς
2523 3909 2855 3981 στρατιώτας
2896 3912 3219 3982 ἐρχομένους
3250 3915 3363 3969 ἐπὶ
3416 3921 3496 3974 τὸ

214 4010 295 4062 rei
327 4009 543 4062 fuerunt
573 4007 761 4060 mortis
786 4006 971 4071 ipsius,
1001 4004 1217 4059 etiamsi
1242 4018 1632 4074 praeoccupans
1663 4023 1670 4060 ι

2038 4021 2078 4056 ιι
2114 4004 2183 4056 τὰ
2212 4002 2375 4071 σκέλη
2402 4001 2589 4063 αὑτοῦ,
2639 4001 2845 4072 κράξας
2872 4002 2981 4071 (Ἠ)
3015 4008 3163 4074 φωνῇ
3208 4009 3494 4083 μεγάλῃ.

214 4098 337 4154 lites
359 4098 633 4153 venientes
669 4106 726 4151 ut
757 4097 1071 4166 frangerent
1106 4112 1272 4151 crura
1319 4095 1453 4165 ejus,
1504 4111 1627 4150 cum
1662 4115 1670 4149 ι

2040 4112 2185 4149 ευσε.
2219 4094 2558 4166 Παραθήσεις
2581 4094 2636 4147 δὲ
2665 4096 2743 4157 εἰς
2767 4094 2924 4147 τοῦτο
2958 4096 3051 4148 τό·
3089 4115 3106 4146 ι
3146 4098 3263 4161 Πᾶς
3291 4102 3328 4151 ὁ
3374 4105 3495 4156 εὖ-

214 4198 414 4246 masset
444 4202 576 4243 voce
609 4188 806 4254 valida,
853 4188 1213 4258 exspiraverit
1236 4187 1304 4240 δ’.
1336 4186 1473 4242 Hinc
1517 4188 1670 4242 etiarr

2038 4203 2082 4238 ›ν
2112 4202 2179 4256 με
2219 4186 2506 4239 ἀποκτενεῖ
2553 4201 2640 4255 με,
2686 4204 2705 4237 3
2747 4185 2839 4238 καὶ
2879 4186 2957 4238 τό·
3002 4205 3020 4237 ι
3064 4188 3177 4252 Πᾶς
3229 4191 3259 4242 ὁ
3307 4192 3494 4249 ἁπο-

215 4280 303 4336 lud
326 4278 613 4351 adiunges:
636 4296 654 4331 ι
673 4279 861 4334 Omnis
879 4278 1156 4333 inveniens
1186 4292 1271 4333 me
1299 4278 1511 4334 occidet
1530 4272 1671 4333 me“

2036 4296 2091 4341 ας
2128 4278 2265 4331 Κάῖν
2312 4278 2448 4331 ἐπτά
2493 4277 2849 4348 ἐκδικούμενα
2881 4279 3199 4349 παραλύσει.
3258 4301 3277 4332 3
3326 4285 3492 4354 Πῶς

211 4382 268 4427 et
313 4372 439 4426 illud
474 4389 488 4426 :
524 4389 543 4423 ι
573 4369 761 4425 Omnis
791 4370 880 4438 qui
928 4369 1260 4425 interfecerit
1314 4369 1469 4437 Cain,
1521 4380 1667 4441 septe

2038 4370 2119 4432 τᾶς
2142 4371 2170 4422 ὁ
2200 4369 2465 4440 εὑρίσκων
2497 4368 2586 4421 τὸν
2618 4370 2755 4422 Κάῖν
2787 4369 3076 4423 ἀποκτενεῖ
3107 4372 3289 4435 αὑτὸν,
3337 4379 3494 4445 ἐνὸς

210 4464 570 4519 vindieabitur
597 4462 675 4526 ‘7;
714 4480 734 4513 3
767 4461 1035 4531 quomodo
1070 4460 1213 4513 enim
1260 4463 1439 4516 omnis
1489 4461 1666 4516 inveni

2039 4461 2291 4524 τείναντος
2329 4461 2395 4514 ἂν
2440 4460 2603 4515 αὑτὸν
2638 4459 2733 4513 τοῦ
2782 4460 3201 4533 προειληφότος;
3252 4466 3285 4537 ἢ
3339 4473 3495 4538 πῶς

210 4555 368 4619 Cain,
395 4555 608 4610 occidet
636 4569 784 4619 eum,
815 4554 861 4606 si
888 4568 1026 4607 unus
1052 4550 1434 4621 anticipaverit
1459 4551 1666 4606 interlic

2040 4553 2115 4624 75)
2136 4554 2164 4605 ὁ
2184 4552 2508 4615 ἀποκτείνας
2534 4552 2671 4605 Κάῖν
2697 4553 2834 4607 ἐπτά
2886 4553 3238 4625 ὲκδικοὺμενα
3268 4576 3496 4633 παρα-

209 4644 374 4701 eum?
419 4644 514 4700 Vel
565 4645 832 4714 quomodo
881 4641 1061 4697 omnis
1089 4642 1179 4710 qui
1230 4639 1571 4694 interfecerit
1614 4641 1665 4694 C:

2032 4683 2045 4707 ,
2075 4644 2174 4695 οὑκ
2203 4642 2267 4695 ἂν
2291 4640 2497 4696 πολλῶν
2528 4642 2964 4696 ἀποκτεινάντων
2998 4644 3187 4706 αὑτόν;
3217 4646 3297 4710 ὡς
3343 4654 3487 4726 γὰρ

208 4738 510 4807 septuplum
558 4737 830 4805 punietur,
880 4750 1003 4788 cum
1052 4732 1205 4786 multi
1253 4746 1357 4785 non
1392 4733 1658 4788 interfece

2048 4733 2282 4804 πλήθους
2315 4732 2524 4803 εἴρηται
2554 4732 2644 4784 τό⁶
2684 4731 2822 4799 πᾶς.
2861 4734 3013 4805 Τάχα
3058 4734 3115 4788 δέ
3144 4737 3240 4789 καὶ
3279 4738 3318 4790 ὁ
3368 4746 3491 4812 μὲν

204 4830 368 4884 cuin?
391 4844 514 4882 nam
537 4829 698 4882 veluti
729 4827 795 4881 de
822 4825 1162 4879 multitudine
1182 4824 1323 4878 dicta
1341 4831 1421 4878 est
1449 4839 1550 4879 vox
1578 4840 1659 4877 om

2036 4843 2099 4889 1;,
2140 4824 2624 4899 ἀνθρωπικώτερον
2661 4825 2904 4879 ἐκλαϐὼν
2938 4828 3007 4881 τά
3038 4827 3305 4899 εἰρημένα
3359 4836 3492 4892 ὑτῴ

206 4920 478 4977 Fortassis
507 4922 670 4974 etiam
702 4920 992 4973 humanius
1027 4934 1147 4972 cum
1188 4917 1543 4971 intellexisset
1577 4915 1662 4970 Pel

2032 4919 2268 4989 ιωτῆρος,
2328 4918 2521 4989 φησίν
2572 4936 2591 4969 ι
2642 4918 2828 4983 Ἵλεώς
2871 4935 2976 4984 σοι,
3020 4922 3215 4993 Κύριε,
3263 4925 3342 4976 οὐ
3393 4932 3488 5002 μὴ

205 5028 327 5083 qua:
357 5011 501 5066 dicta
534 5020 660 5064 sunt
707 5025 738 5062 a
795 5007 1108 5073 Servatore,
1159 5008 1378 5078 inquit:
1426 5025 1444 5057 ι
1493 5006 1652 5076 Pmpi

2071 5027 2150 5063 σοι
2180 5009 2367 5063 τοῦτο·
2406 5030 2424 5061 3
2469 5011 2496 5063 ὁ
2532 5010 2589 5063 δὲ
2630 5009 2820 5081 Σωτὴρ
2852 5011 3121 5082 ἐπιτιμῶν
3165 5013 3353 5084 αὑτῷ,
3393 5020 3488 5087 ὡς

275 5132 319 5163 ⁸⁸
348 5130 480 5186 ibid.
509 5129 722 5201 2|,22.
762 5200 789 5201 Π
817 5130 859 5162 δ’
888 5128 1077 5201 Matth.
1110 5146 1198 5193 xx,
1230 5130 1293 5201 17
1321 5144 1436 5199 seq.
1471 5199 1497 5201 η
1529 5131 1575 5201 ‘f
1605 5127 1794 5201 Matth.
1829 5145 1940 5197 xw,
1970 5132 2061 5189 21.
2151 5129 2198 5163 ⁸³
2235 5129 2422 5186 Matth.
2457 5148 2589 5201 xvu,
2620 5134 2709 5201 2i,
2739 5135 2829 5191 22.
2923 5135 2971 5167 δ’
3002 5134 3132 5188 Luc.
3168 5147 3309 5188 xxtu
3334 5176 3354 5199 ,
3391 5137 3505 5193 21.

201 5203 247 5235 ⁵⁸
272 5201 432 5259 Joan.
462 5216 571 5264 xix,
607 5200 695 5263 '52,
725 5200 813 5255 '53.
887 5199 932 5231 “
960 5200 1094 5254 Gen.
1132 5216 1203 5263 IV,
1236 5200 1317 5253 l4.
1394 5200 1436 5231 ⁵⁷
1468 5199 1595 5255 ibid.
1632 5200 1654 5253 1

1164 5216 1203 5263 v,
1236 5200 1317 5253 H.
1394 5200 1436 5231 ⁵⁷
1468 5199 1595 5255 ibid.
1632 5200 1715 5253 15.
2176 5206 2189 5220 ⁸
2576 5199 2583 5201 ἡ
2618 5240 2620 5243 -

309 5297 398 5366 70)
423 5296 547 5352 Haec
572 5295 934 5366 supplevimus
957 5311 987 5349 e
1024 5293 1301 5366 Periognio.
1888 5298 1977 5366 gio
2010 5297 2163 5352 deest
2186 5299 2299 5350 καί.

308 5364 398 5443 1!)
436 5368 537 5443 TE?
557 5364 853 5443 namss“
884 5364 1363 5443 ιιιερίὲίρεβυείο-
1724 5436 1735 5443 .

2038 5370 2069 5435 ι)
2096 5368 2226 5443 ϐιῳ.
2259 5366 2559 5443 Bodleian”
2586 5369 2679 5443 ἐπὶ
2708 5368 3011 5443 τὸγπλῆξαιᾷ
3034 5370 3103 5426 τὰ
3140 5370 3314 5443 σκέλη
3365 5377 3494 5430 αὑ-

284 5434 397 5511 (72)
429 5437 562 5505 Πῶς
580 5436 688 5519 τρῖ
708 5435 856 5519 ,ϐίογ
885 5434 1234 5519 ὲξελήέὶυθεε
1250 5438 1495 5519 ’ltantom.
1534 5451 1689 5519 τίκτει
1716 5436 1735 5488 t'

2047 5434 2283 5509 κράξας,
2327 5450 2434 5494 etc.
2488 5439 2718 5511 Regius,
2779 5434 3071 5513 ἐπιπλῆξαι
3123 5440 3194 5495 τὰ
3242 5434 3440 5519 σκέλη
3470 5488 3492 5514 ,

213 5503 398 5578 ζώω,
431 5503 577 5578 nun},
611 5506 698 5571 15,
732 5505 842 5578 πρὸ
864 5504 957 5578 τοὺ
994 5506 1179 5578 τοῦτον
1217 5503 1452 5570 ἐξελθεῖν
1477 5505 1589 5578 κτὸν
1637 5507 1771 5576 βίον,
1876 5503 2101 5578 κράξας.

212 5574 280 5649 ἦν
307 5574 687 5650 ἐν⁷τῷ⁴κόλπῳ
727 5574 821 5630 τοῦ
856 5575 1119 5650 Ἀϐραάμ.
1161 5578 1228 5650 Et
1282 5593 1335 5629 ιιι
1373 5577 1574 5650 eodem

2034 5578 2266 5650 Qtlodex
2296 5576 2689 5650 Bodleianus,ﬂ
2720 5580 2836 5645 πῶς
2861 5583 2987 5646 πᾶς,
3008 5582 3230 5650 Regius,
3253 5581 3294 5650 ἢ
3319 5584 3490 5644 ἐπὰν

213 5645 379 5723 paulo
414 5645 870 5723 ii'iferiu_s_,__|_ium_.
900 5645 1001 5723 1Q,
1054 5645 1114 5698 οὑ
1156 5645 1263 5715 γὰρ
1318 5645 1476 5716 μόνον
1533 5647 1669 5700 κατὰ

2032 5645 2198 5723 Paulo
2229 5656 2350 5723 post
2370 5650 2424 5723 _in
2460 5645 2630 5720 Regio
2660 5645 2957 5723 perperam,
2992 5645 3191 5723 legitur
3225 5645 3488 5712 ἀδικού-

215 5711 574 5789 ἀπλοὺστερσν
599 5716 788 5789 ἐξῆλθε
814 5717 904 5770 τὸν
925 5711 1091 5789 οἷκον.
1170 5711 1179 5713 ἡ
1234 5711 1275 5789 Ἀ
1589 5784 1601 5789 _
1671 5784 1701 5789 _
1882 5734 2018 5788 μενά
2050 5733 2148 5789 pro
2173 5711 2548 5789 ἀδικούμενα.

286 5782 596 5854 (ῖὸμὶόιιει
626 5782 971 5857 Bodleianus,
989 5787 1083 5841 καὶ
1103 5784 1558 5857 παραδοθήσεται,
1587 5784 1642 5840 in
1665 5784 1773 5839 Be-
