3688 6146
199 352 304 408 561

1269 351 1628 410 COMMENT.
1669 351 1737 407 ΙΝ
1775 349 1971 408 JOAN.
2009 348 2246 408 TOMUS
2283 349 2424 405 XIX.

3342 346 3455 406 562

201 470 484 545 μὴκαλῶς
515 471 822 546 ὲξειληφότι
847 471 909 526 τὸ
938 471 1248 545 εἰρημένον,
1276 473 1440 545 φησίν
1458 490 1471 504 ο
1514 492 1533 527 ι
1563 473 1737 542 ’Ύπαπ

1918 480 2000 526 sto
2030 470 2148 534 tibi,
2185 470 2429 536 Domine,
2465 467 2566 523 hoc
2618 482 2725 523 non
2777 466 2882 522 erit
2947 464 3042 521 tibi
3065 465 3143 532 M';
3186 485 3205 517 ι
3241 474 3296 521 at
3325 480 3454 521 vero

197 565 381 618 ὀπίσω
428 582 552 637 μου,
586 566 827 631 Σατανᾶ,
859 565 1152 620 σκάνδαλόν
1194 582 1295 637 μου
1334 561 1405 630 εί,
1436 567 1519 620 ὅτι
1562 567 1623 620 ού
1660 584 1737 638 φρ

1918 568 2142 617 lervator
2175 562 2461 631 increpans
2483 574 2629 623 eum,
2665 559 2823 628 quasi
2854 574 2963 613 non
2988 558 3124 613 bene
3167 558 3450 613 intellexe-

197 659 311 720 νείς
347 656 419 710 τά
447 655 542 711 τοῦ
590 656 750 723 Θεοῦ,
782 656 919 711 ἀλλά
958 656 1027 711 τὰ
1056 657 1164 710 τῶν
1192 655 1514 728 ἀνθρώπων.
1555 678 1574 710 ι
1625 657 1785 711 Ἀλλά

203 752 303 803 καὶ
323 750 476 822 παρά
494 748 573 821 τῷ
593 749 791 822 Παύλῳ
819 750 1131 821 λεγόμενονο
1160 769 1178 802 ι
1221 749 1445 805 Ἑαυτὸν
1471 749 1784 823 παρέδωκεν

199 842 346 913 ὑπὲρ
386 840 545 912 ἡμῶν
592 840 783 895 θυσίαν
826 840 904 913 τῷ
954 839 1093 913 Θεῷ,
1143 861 1162 894 ι
1208 842 1309 912 ὅρα
1342 843 1392 895 εί
1427 842 1502 915 μὴ
1543 842 1784 896 τοιοῦτόν

197 935 370 987 ἐστιν.
397 932 584 996 οὑτως
612 932 741 1002 γοῦν
765 933 942 1005 μόνως
971 932 1175 1006 δυνήσῃ
1204 934 1375 987 σῶσαι
1398 934 1560 989 αὑτὸν
1593 936 1673 998 εἰς
1691 933 1783 987 τὸν

195 1023 372 1077 αίῶνα
406 1022 665 1095 ἀρχιερέα
688 1023 830 1077 κατά
867 1022 965 1095 τὴν
994 1021 1148 1089 τάξιν
1185 1022 1536 1094 Μελχισεδὲκ»,
1569 1023 1662 1076 καὶ
1692 1022 1782 1076 τὸν

213 1116 409 1186 ’Δμνδν
459 1114 553 1168 τοῦ
602 1113 737 1169 Θεοῢ
785 1113 876 1168 τὸν
928 1115 1151 1185 αῐροντα
1208 1114 1307 1185 τὴν
1360 1113 1634 1185 ἁμαρτίαν
1686 1111 1780 1166 τοῦ

197 1206 428 1277 κόσμου,
474 1206 914 1278 προσφερόμενον
965 1204 1155 1259 θυσίαν
1199 1205 1275 1277 τῷ
1323 1205 1475 1277 Θεῷ,
1524 1206 1623 1276 οὑχ
1676 1204 1780 1258 ὑπὸ

200 1294 437 1360 ἀσεϐῶν,
482 1294 598 1349 ἀλλ’
642 1294 748 1349 ὑπὸ
790 1294 1091 1366 ἀρχιερέων
1152 1295 1391 1350 εὐσεϐῶν
1431 1296 1561 1368 (76).
1597 1295 1781 1349 Ταῦτα

204 1385 307 1456 μὲν
329 1381 421 1439 οὖν
446 1387 628 1457 ἡμεῖς,
657 1385 800 1440 κατὰ
822 1386 1049 1457 δύναμιν
1077 1385 1457 1457 βασανίζοντες
1486 1387 1545 1440 τὸ
1584 1386 1777 1459 βούλη-

201 1496 280 1549 μα
321 1477 429 1531 τῶν
469 1478 735 1547 λεγόντων
760 1478 821 1532 τό
843 1495 857 1509 ο
899 1496 918 1530 ι
954 1480 1102 1551 Μήτι
1133 1480 1422 1532 ἀποκτενεῖ
1451 1479 1563 1545 ι77)
1594 1478 1776 1545 αὑτὸν,

196 1570 281 1624 ὅτι
304 1569 453 1638 λέγει
476 1587 490 1601 ·
527 1571 703 1624 Ὅπου
734 1570 844 1640 ἐγὼ
880 1570 1096 1639 ὑπάγω,
1139 1572 1296 1642 ὑμεῖς
1333 1572 1394 1624 οὑ
1430 1570 1657 1624 δύνασθε
1693 1570 1780 1623 ὲλ-

198 1659 337 1726 θεῖν,
375 1679 393 1711 ι
432 1661 572 1732 μετά
600 1661 662 1713 τὸ
686 1661 978 1731 ἀκηκοέναι
1006 1662 1336 1732 τηλικούτων
1372 1662 1481 1715 τῶν
1521 1679 1780 1733 προειρη-

1883 656 1955 710 rit
1988 659 2132 725 quod
2169 656 2371 710 dictum
2401 653 2599 720 fuerat,
2633 652 2851 721 inquit:
2882 669 2903 703 ι
2945 649 3096 707 Vade
3142 661 3291 706 retro
3343 668 3451 715 me,

1884 749 2113 811 Satana,
2142 744 2457 801 scandalum
2483 743 2616 797 mihi
2643 757 2722 807 es,
2748 742 3004 811 quoniam
3032 758 3138 797 non
3167 743 3314 811 sapis
3332 759 3450 811 quae

1881 840 1977 895 Dei
2008 846 2155 904 sunt,
2203 835 2296 891 sed
2327 848 2448 904 quae
2494 843 2619 887 sunt
2672 832 2949 886 hominum
2981 831 3050 885 “.
3086 850 3105 882 ι
3136 831 3268 887 Vide
3322 848 3451 886 vero

1883 945 2058 986 annon
2090 928 2251 981 etiam
2275 925 2419 995 quod
2451 924 2591 993 apud
2615 922 2846 978 Paulum
2877 922 3078 977 dicitur
3103 922 3151 955 ⁸⁸
3181 940 3196 978 :
3231 940 3252 975 ι
3294 923 3446 992 Scip-

1882 1038 1998 1076 sum
2030 1019 2253 1073 tradidit
2283 1030 2379 1085 pro
2412 1015 2566 1070 nobis
2596 1013 2828 1067 hostiam
2860 1012 2990 1080 Deo,
3028 1032 3048 1066 ι
3081 1014 3153 1069 sit
3183 1012 3308 1068 tale.
3355 1014 3449 1068 Sic

1883 1111 2048 1182 igitur
2076 1108 2246 1163 solum
2274 1119 2497 1161 servare
2540 1104 2746 1175 poteris
2792 1119 3062 1158 summum
3106 1108 3447 1160 sacerdotem

1882 1203 1936 1258 in
1970 1200 2225 1256 saeculum
2262 1198 2558 1255 secundum
2588 1196 2833 1250 ordinem
2870 1195 3264 1251 Melchisedech
3291 1198 3362 1261 εί,
3395 1207 3449 1251 et

1879 1295 2092 1364 Agnum
2121 1291 2217 1346 Dei
2246 1290 2524 1346 tollentem
2552 1295 2838 1357 peccatum
2869 1287 3055 1341 mundi
3088 1287 3155 1351 ",
3206 1285 3445 1343 oblatum

1882 1384 2112 1440 hostiam
2143 1383 2277 1448 Deo,
2307 1397 2411 1437 non
2443 1380 2512 1435 ab
2548 1378 2748 1449 impiis,
2775 1379 2868 1433 sed
2902 1394 2932 1433 a
2951 1378 3054 1449 piis
3079 1379 3443 1449 pontiﬁcibus.

1880 1474 2006 1531 Haec
2037 1477 2256 1547 quidem
2289 1490 2389 1530 nos
2421 1471 2744 1527 tradidimus
2785 1485 2883 1539 pro
2911 1471 3118 1527 viribus
3160 1471 3438 1540 exploran-

1880 1578 1961 1623 tes
1986 1568 2317 1638 propositum
2352 1565 2646 1620 dicentium
2677 1580 2692 1616 :
2730 1581 2748 1614 ι
2778 1560 3031 1631 Nunquid
3060 1560 3445 1617 interfecturus

1877 1666 1963 1714 est
1995 1657 2251 1725 seipsum,
2290 1654 2414 1725 quia
2453 1654 2585 1707 dicit
2617 1669 2631 1704 :
2662 1651 2780 1719 Quo
2804 1666 2904 1722 ego
2928 1653 3087 1715 vado,
3113 1668 3178 1706 eo
3206 1667 3303 1707 vos
3336 1668 3442 1706 non

202 1752 381 1823 μένων
409 1752 515 1805 ὑπὸ
533 1752 629 1806 τοῦ
659 1752 833 1825 Ἰησοῦ
859 1752 1052 1822 λόγων,
1087 1752 1481 1824 ὲκδεδώκαμεν.
1517 1754 1676 1817 Εἰκὸς
1715 1754 1737 1806 δ

1918 1750 2108 1804 otestis
2168 1749 2358 1803 venire
2393 1746 2481 1801 ":
2518 1764 2539 1799 ι
2570 1736 2852 1816 postquam
2913 1744 3250 1801 audivissent
3309 1745 3443 1800 tales

190 1859 350 1907 τινας
394 1846 834 1916 προσκόπτοντας
888 1846 964 1910 ὠς
1023 1845 1352 1917 βεϐιασμένη
1398 1848 1462 1916 τῇ
1510 1845 1737 1918 ἐρμηνεί

1918 1853 2166 1907 mtosque
2218 1851 2502 1894 sermones
2529 1851 2665 1906 quos
2715 1837 2965 1907 superius
3004 1837 3216 1891 dixerat
3262 1834 3439 1896 Jesus.

190 1934 404 1988 οἴεσθαι
442 1935 810 2008 ἁπλούστερον
864 1930 1060 2001 αὐτοὺς
1102 1936 1380 2008 εἰρηκέναι
1421 1937 1512 1989 τό·
1559 1956 1577 1988 ι
1628 1938 1737 2008 Mm

1926 1932 2145 1986 redibile
2196 1941 2375 1985 autem
2422 1939 2506 1984 est
2556 1929 2821 1998 quosdam
2858 1928 3090 1986 offeusos
3136 1933 3236 1988 hac
3274 1936 3442 1987 inter-

191 2027 487 2081 ἀποκτενεῖ
508 2028 717 2092 ἑαυτὸν,
756 2048 774 2079 ι
800 2028 874 2093 ὡς
898 2028 990 2081 τοῦ
1021 2029 1118 2099 μὲν
1153 2027 1326 2099 Ἰησοῦ
1353 2028 1773 2093 ἀποκτενοῦντος

191 2116 410 2181 ἑαυτὸν,
437 2120 530 2172 καὶ
558 2119 815 2190 ἐσομένου
839 2121 896 2172 ὲν
926 2119 1080 2191 χώρα
1098 2118 1206 2171 τῶν
1246 2120 1470 2183 ἑαυτοὺς
1508 2105 1771 2191 διαχειριέ

194 2210 471 2279 σαμένων,
528 2212 622 2264 καὶ
656 2210 1136 2283 κολασθησομένων
1197 2211 1289 2263 ἐπὶ
1330 2210 1522 2282 τούτῳ,
1571 2209 1681 2263 τῶν
1716 2210 1772 2263 δὲ

208 2301 477 2355 Ἰουδαίων
512 2302 664 2374 παρά
707 2304 821 2373 (78)
861 2302 1021 2355 τοῦτο
1064 2302 1125 2355 ού
1166 2302 1479 2373 δυναμένων
1528 2303 1644 2355 ἐκεῖ
1681 2318 1773 2370 γε-

191 2392 403 2456 νέσθαι,
426 2394 576 2467 παρά
596 2396 654 2449 τὸ
685 2394 759 2466 μὴ
783 2395 859 2464 τῷ
882 2393 1028 2464 αὑτῷ
1061 2394 1277 2465 ἐνόχους
1301 2395 1497 2457 αὐτοὺς
1527 2393 1772 2462 γίνεσθαι

189 2487 327 2557 περὶ
365 2486 571 2539 ἑαυτῶν
604 2489 975 2559 ἁμαρτήματι.
1024 2487 1182 2540 Ἀλλά
1226 2488 1323 2539 καὶ
1357 2487 1508 2540 αὑτοὶ
1552 2488 1773 2559 ἐπιστη-

190 2576 450 2631 σάτωσαν
482 2579 530 2630 εί
569 2576 816 2631 δύνανται
854 2578 903 2631 οἱ
950 2576 1189 2631 Ἰουδαῖοι
1228 2578 1644 2648 ὑπονενοτμέναι
1679 2578 1770 2631 τὸν

199 2666 416 2737 Ἰησοῦν
455 2667 630 2722 ταῦτα
664 2668 942 2738 εἰρηκέναι
976 2669 1164 2722 ἑαυτὸν
1208 2667 1653 2733 καταδικάζοντα,
1695 2668 1769 2732 ὡς

184 2759 630 2830 ἀπελευσόμενον
674 2762 753 2824 εἰς
792 2761 956 2814 τόπον
998 2762 1290 2823 κολάσεως,
1340 2759 1469 2813 ἔνθα
1512 2761 1611 2813 οὑκ
1649 2759 1767 2812 ἐδύ-

184 2865 353 2901 ναντο
400 2847 669 2916 γενέσθαι,
704 2850 826 2903 ὅσον
879 2850 970 2903 ἐπὶ
1014 2852 1079 2920 τῇ
1131 2849 1323 2919 ἐκδοχῇ
1376 2845 1569 2918 ταύτῃ,
1612 2846 1769 2899 οἱονεὶ

190 2941 509 3010 κρείττονος
555 2941 666 3013 (79)
727 2942 924 2996 αὑτοῦ·
974 2941 1006 3013 ἢ
1046 2941 1334 2995 ἀκόλουθον
1376 2939 1527 2994 ἔσται
1568 2938 1764 3008 λέγειν,

180 3031 297 3096 ὅτι,
321 3030 480 3104 εἴπερ
503 3033 656 3086 τοῦτο
677 3033 811 3087 νοῶν
852 3034 1086 3103 ἔφασκεν
1119 3036 1146 3088 ὁ
1185 3032 1410 3104 Ἰησοῦς,
1447 3033 1541 3086 καὶ
1580 3030 1766 3102 βουλό-

1876 2025 2201 2094 pretatione,
2240 2032 2494 2089 tanquam
2532 2031 2745 2089 coacta,
2776 2023 3091 2077 existimare
3117 2039 3211 2079 eos
3235 2025 3443 2094 simpli-

1875 2119 1991 2174 cius
2024 2116 2257 2171 dixisse:
2289 2132 2309 2167 ι
2336 2114 2585 2185 Nunquid
2610 2114 2998 2171 interfecturus
3019 2125 3103 2171 est
3122 2118 3381 2186 seipsum,
3414 2138 3432 2169 ι

1873 2210 2100 2278 perinde
2132 2209 2283 2276 quasi
2308 2205 2467 2261 Jesus
2491 2206 2878 2263 interfecturus
2914 2220 3060 2264 esset
3086 2209 3347 2277 seipsum,
3385 2219 3439 2263 ct

1874 2299 2088 2354 futurus
2109 2299 2163 2352 in
2199 2298 2318 2352 loco
2343 2311 2529 2351 eorum
2559 2296 2650 2366 qui
2682 2296 2785 2351 sihi
2835 2298 2967 2365 ipsis
2996 2312 3188 2352 manus
3236 2299 3437 2352 intule-

1875 2392 2003 2456 rint,
2034 2400 2090 2447 et
2117 2395 2187 2446 ob
2213 2390 2319 2445 boc
2340 2397 2466 2444 sunt
2507 2389 2790 2459 puniendi,
2820 2387 3022 2444 Judmis
3068 2405 3174 2444 non
3210 2388 3437 2441 valenti-

1871 2484 1973 2539 bus
2002 2484 2072 2538 ob
2117 2484 2219 2538 hoc
2260 2482 2351 2537 illo
2392 2482 2493 2546 ire,
2543 2491 2831 2552 propterea
2879 2482 3024 2553 quod
3077 2482 3294 2537 obnoxii
3328 2497 3433 2536 non

1871 2584 2053 2631 essent
2082 2575 2157 2628 illi
2204 2582 2426 2646 peccato
2482 2574 2550 2629 de
2597 2577 2811 2644 seipsis.
2853 2577 2921 2629 At
2969 2590 3101 2630 vero
3142 2575 3197 2630 hi
3245 2584 3435 2631 notent

1870 2678 2000 2717 num
2028 2664 2237 2733 possint
2265 2662 2433 2720 Judaei
2467 2662 2813 2735 sub'cogitare
2845 2665 3029 2721 Jesum
3067 2666 3182 2721 lnec
3226 2665 3433 2721 dixisse

1870 2757 2320 2811 condemnantem
2348 2757 2605 2827 seipsum,
2634 2759 2795 2815 veluti
2830 2758 3200 2827 profecturum
3251 2758 3315 2811 ad
3352 2757 3431 2813 lo-

1868 2864 1989 2903 cum
2048 2851 2315 2919 supplicii,
2371 2864 2479 2920 qno
2528 2868 2633 2909 non
2689 2861 2938 2921 poterant
2991 2851 3067 2905 illi
3116 2849 3428 2918 proﬁcisci,

1868 2949 2126 3007 quantum
2170 2941 2364 2995 attinet
2396 2943 2462 2994 ad
2490 2942 2633 2997 hanc
2664 2942 3099 3012 intelligentiam,
3150 2941 3307 3010 quasi
3341 2940 3431 2996 Je-

1866 3043 1929 3083 su
1982 3030 2237 3084 meliores
2291 3047 2355 3086 ac
2405 3034 2813 3101 prmstautiores
2862 3042 3083 3087 essent:
3117 3032 3201 3087 vel
3239 3046 3430 3087 conse-

186 3137 358 3191 μενος
378 3124 567 3177 ἑαυτὸν
594 3126 932 3188 ἀποκτεῖναι,
963 3127 1208 3197 κρεῖττον
1238 3122 1449 3194 ἐνόμιζε
1477 3123 1537 3177 τὸ
1574 3122 1737 3176 ἑαυτὸ

1918 3135 2037 3176 rens
2065 3121 2171 3176 erit
2197 3121 2396 3185 dicere,
2446 3122 2653 3189 Jesum,
2699 3125 2746 3179 si
2776 3125 3096 3194 loquebatur
3136 3126 3239 3179 hoc
3278 3125 3428 3193 cogi-

178 3184 435 3286 ἀναιρεῖν
455 3213 546 3267 τοῦ
578 3216 651 3287 μὴ
673 3215 829 3269 τοῦτο
865 3184 1058 3269 ποιεῖν.
1087 3217 1196 3269 Καὶ
1218 3217 1245 3269 ό
1283 3184 1597 3286 Ἡρακλέων
1637 3215 1737 3286 μέν

1921 3227 2005 3279 ns,
2056 3221 2111 3266 et
2142 3215 2330 3269 volens
2376 3214 2537 3285 302
2590 3216 2830 3286 seipsum
2861 3217 3188 3283 interﬁcere,
3237 3218 3429 3273 melius

179 3323 340 3375 τοιγε
370 3306 444 3369 ὡς
466 3306 828 3379 ἁπλούστερον
844 3308 1131 3380 εἰρημένω
1152 3306 1273 3360 τοῖν
1309 3326 1327 3358 ι
1358 3308 1499 3377 Μήτι
1529 3308 1761 3360 ἀποκτε-

178 3403 278 3453 νεῖ
308 3399 521 3461 ἐαυτὺν,
558 3418 577 3450 ι
616 3401 798 3469 φησὶν,
834 3401 916 3453 ὅτι
957 3400 1209 3473 πονηρῶς
1247 3399 1669 3469 διαλογιζόμενοι
1712 3402 1760 3453 οί

190 3491 444 3545 Ἰουδαῖοι
475 3490 648 3544 ταῦτα
688 3490 891 3561 ἔλεγον,
938 3492 1030 3545 καὶ
1079 3491 1325 3563 μείζονας
1368 3492 1590 3553 ἑαυτοὺς
1630 3492 1763 3544 ἀπο-

177 3584 507 3654 φαινόμενοι
546 3584 640 3638 τοῦ
680 3584 948 3655 Σωτῆρος,
1006 3586 1101 3637 καὶ
1150 3583 1637 3654 ὑπολαμϐάνοντες,
1680 3583 1761 3635 ὅτι

175 3673 346 3728 αὐτοὶ
381 3673 477 3743 μὲν
507 3672 890 3726 ἀπελεύσονται
918 3673 1054 3743 πρὸς
1073 3673 1163 3727 τὸν
1196 3673 1326 3726 Θεὸν
1353 3674 1432 3736 είς
1457 3673 1761 3726 ἀνάπαυσιν

172 3765 405 3819 αἰώνιον
425 3782 440 3796 ·
467 3767 494 3819 ό
519 3766 575 3819 δὲ
598 3765 785 3838 Σωτὴρ
804 3769 884 3830 εἰς
912 3765 1118 3837 φθορὰν
1153 3766 1244 3820 καὶ
1275 3766 1355 3829 εἰς
1388 3764 1613 3818 θάνατον
1642 3766 1762 3817 ἐαυ-

173 3858 280 3911 τὸν
320 3857 813 3930 διαχειρισάμενος,
864 3859 995 3910 ὅπου
1047 3858 1269 3920 ἑαυτοὺς
1310 3857 1408 3909 οὑκ
1460 3855 1759 3923 ἐλογίζοντο

172 3949 446 4003 ἀπελθεῖν
464 3966 478 3979 ο
510 3949 604 4002 καὶ
639 3949 829 4011 αὑταῖς
856 3947 1032 4013 λέξεσί
1063 3964 1244 4017 φησιν,
1269 3948 1349 4000 ὅτι
1378 3946 1545 4016 ᾤοντο
1580 3947 1757 4014 λέγειν

171 4039 277 4093 τὸν
303 4040 528 4109 Σωτῆρα
563 4043 610 4092 οἱ
656 4040 908 4098 Ἰουδαῖοι.
940 4041 1021 4093 ὅτι
1062 4038 1203 4107 Ἐγὼ
1230 4039 1462 4108 ἐμαυτὸν
1502 4038 1756 4110 διαχειρι-

175 4131 425 4201 σάμενος
455 4132 537 4194 εἰς
574 4130 776 4201 φθορὰν
811 4131 988 4201 μέλλω
1033 4129 1377 4201 πορεύεσθαι,
1417 4130 1550 4182 ὅπου
1602 4131 1755 4200 ὑμεῖς

170 4223 244 4276 οὗ
278 4220 509 4275 δύνασθε
540 4221 731 4276 ἐλθεῖν.
770 4223 883 4276 Οὑκ
906 4218 1021 4275 οἴδα
1052 4223 1108 4275 δὲ
1141 4220 1260 4285 πῶς
1298 4220 1437 4275 κατά
1466 4221 1556 4274 τὸν
1578 4221 1757 4273 εἰπόν-

170 4330 282 4366 τα·
315 4331 337 4363 ι
384 4311 525 4381 Ἐγώ
554 4315 667 4384 εἰμι
694 4314 755 4366 τὸ
786 4313 901 4383 φῶς
928 4313 1022 4366 τοῦ
1047 4314 1277 4385 κόσμου,
1321 4332 1339 4363 ι
1377 4313 1471 4365 καὶ
1506 4312 1573 4365 τὰ
1605 4311 1752 4381 έξῆςν

170 4399 244 4474 ἦν
282 4403 497 4469 λέγειν,
545 4404 626 4458 ὅτι
694 4404 832 4473 Ἐγὼ
880 4405 1112 4476 ἐμαυτὸν
1159 4405 1626 4476 διαχειρισάμενος
1675 4406 1754 4468 εἰς

1862 3313 2054 3374 putare
2086 3307 2320 3375 seipsum
2351 3307 2657 3362 interﬁcere
2690 3323 2851 3378 quam
2884 3323 2988 3362 non
3018 3321 3078 3363 se
3098 3309 3423 3365 interﬁcere.

1865 3394 2163 3451 Heracleon
2191 3412 2344 3459 sane,
2392 3398 2618 3466 perinde
2660 3400 2816 3469 quasi
2865 3400 2968 3454 hoc
3012 3399 3214 3454 dictum
3266 3400 3428 3455 fuerit

1860 3487 2162 3556 simplicius
2192 3506 2205 3543 :
2237 3508 2255 3541 ι
2296 3486 2551 3560 Nunquid
2585 3492 2977 3547 interfecturus
3004 3503 3088 3547 est
3113 3494 3372 3563 seipsum,
3399 3511 3421 3545 ι

1860 3580 2036 3650 inquit
2066 3581 2208 3650 quod
2240 3584 2470 3652 maligne
2524 3582 2824 3653 cogitantes
2863 3580 3032 3637 Judaei
3087 3585 3199 3639 haec
3230 3585 3423 3653 loque-

1861 3681 2069 3735 rentur,
2129 3671 2337 3741 seipsos
2384 3673 2545 3727 etiam
2593 3673 2937 3729 ostendentes
2970 3675 3087 3745 ipso
3138 3675 3425 3731 Servatore

1860 3761 2111 3833 majores,
2137 3773 2193 3817 et
2226 3764 2603 3819 existimantes
2632 3779 2692 3820 se
2720 3765 2939 3835 quidem
2976 3765 3312 3835 profecturos
3355 3768 3424 3821 ad

1862 3855 2026 3911 Deum
2057 3857 2108 3910 in
2132 3857 2373 3926 requiem
2408 3858 2827 3927 sempiternam;
2869 3858 3212 3913 Servatorem
3243 3867 3422 3912 autem

1858 3949 1925 4002 ad
1959 3949 2382 4017 corruptionem,
2416 3957 2470 4003 et
2500 3950 2564 4001 ad
2595 3958 2849 4010 mortem,
2901 3951 2950 4002 vi
2977 3949 3080 4004 sibi
3116 3949 3216 4018 ipsi
3248 3948 3420 4015 illata,

1857 4054 1963 4111 quo
2022 4040 2229 4107 seipsos
2307 4053 2411 4093 non
2472 4040 2853 4095 existimabant
2913 4038 3248 4109 profecturos
3301 4058 3317 4094 :
3365 4050 3423 4097 et

1857 4131 2049 4186 iisdem
2080 4131 2262 4186 verbis
2285 4130 2461 4200 inquit
2488 4130 2705 4187 Iudaeos
2730 4128 3047 4188 existimare
3075 4132 3419 4188 Servatorem

1857 4222 2075 4277 dicere:
2106 4221 2240 4292 Ego,
2279 4222 2412 4276 mihi
2457 4222 2557 4291 ipsi
2601 4223 2653 4277 vi
2699 4223 2870 4286 illata,
2908 4224 2974 4278 ad
3017 4224 3417 4293 corruptionem

1859 4313 2198 4382 profecturus
2230 4326 2371 4375 sum,
2399 4326 2507 4382 quo
2534 4328 2633 4368 vos
2659 4330 2763 4368 non
2792 4316 3016 4385 poteStis
3058 4316 3261 4371 venire.
3310 4317 3418 4371 Sed

1858 4406 1997 4458 haud
2031 4405 2146 4458 scio
2174 4421 2411 4475 quonam
2440 4415 2618 4475 pacto,
2642 4421 2767 4461 cum
2791 4407 3017 4461 dixisset
3043 4406 3232 4462 Jesus:
3262 4427 3280 4459 ι
3304 4408 3419 4477 Ego

172 4497 392 4568 φθορὰν
424 4496 598 4566 μέλλω
636 4496 978 4568 πορεύεσθαι.
1027 4497 1151 4549 Ἐὰν
1192 4497 1247 4549 δέ
1274 4513 1356 4560 τις
1391 4496 1522 4569 λέγῃ
1559 4496 1632 4567 μὴ
1664 4496 1737 4549 τδι

1925 4512 1974 4548 m
2019 4496 2105 4550 lux
2151 4496 2332 4550 mundi
2376 4497 2440 4559 ",
2504 4515 2523 4549 ι
2588 4509 2643 4551 et
2696 4513 2816 4567 qua:
2865 4508 3184 4566 sequuntur,
3249 4498 3421 4568 possit

172 4588 412 4658 Σωτῆρα
436 4588 610 4643 ταῦτα
636 4589 935 4661 εἰρηκέναι,
962 4590 1086 4652 τοὺς
1111 4587 1169 4641 δὲ
1192 4588 1474 4651 Ἰουδαίους
1494 4587 1737 4656 αὑτὸρῖθζ

1918 4602 2076 4643 cere:
2109 4588 2243 4660 Ego,
2279 4589 2409 4643 mihi
2448 4589 2547 4658 ipsi
2572 4589 2624 4643 vi
2649 4589 2815 4657 illata,
2850 4590 3190 4659 profecturus
3216 4604 3332 4644 sum
3350 4591 3416 4643 ad

172 4680 624 4751 ὑπονενοηκέναι,
656 4681 814 4751 δῆλον
857 4682 938 4734 ὅτι
980 4682 1097 4750 ἐρεῖ
1141 4681 1267 4744 τοὺς
1323 4680 1607 4742 Ἰουδαίους
1654 4696 1750 4731 πε-

1850 4678 2265 4747 corruptionem.
2312 4678 2409 4733 Sin
2444 4694 2574 4734 vero
2617 4679 2762 4733 dicat
2803 4680 3017 4748 aliquis,
3071 4679 3415 4735 Servatorem

172 4771 515 4839 φρονηκέναι
566 4774 692 4842 περὶ
729 4772 914 4837 αὑτοῦ,
963 4774 1046 4826 ὅτι
1080 4771 1388 4843 φθείρονται
1433 4772 1483 4824 οί
1526 4771 1737 4834 ἑαυτοὺς

1918 4785 1951 4823 c
1983 4786 2087 4824 non
2122 4772 2344 4836 dixisse,
2390 4773 2483 4827 sed
2529 4772 2627 4826 hoc
2657 4770 2866 4826 Judatos
2904 4772 3295 4840 subcogitasse,
3328 4772 3413 4826 di-

169 4861 674 4932 ὂιαχειρισάμενοι,
754 4865 847 4918 καὶ
901 4864 1053 4917 οὐδὲν
1108 4859 1270 4936 ἦττον
1336 4862 1507 4916 ὲποίει
1554 4862 1745 4929 ταῦτα,

172 4954 454 5008 πιστεύων
479 4955 871 5027 φθαρήσεσθαι,
908 4958 1000 5011 καὶ
1023 4955 1482 5028 κολασθήσεσθαι*
1517 4955 1652 5025 ὅπερ
1680 4951 1748 5027 ἦν

171 5045 322 5098 κατά
345 5046 521 5100 πάντα
546 5048 661 5118 (8i)
690 5048 911 5117 ¹ἠλίθιον.

1844 4871 1933 4915 cet
1973 4862 2179 4915 scilicet
2221 4861 2432 4917 Judteos
2479 4863 2743 4933 cogitasse
2780 4863 2847 4917 de
2893 4878 2958 4918 eo
2991 4864 3132 4933 quod
3171 4878 3421 4917 corrum~

1853 4962 2053 5021 puntur
2084 4953 2175 5021 qui
2213 4953 2313 5007 sibi
2361 4954 2490 5022 ipsis
2531 4964 2759 5009 mortem
2809 4954 3178 5019 consciscunt;
3223 4965 3279 5008 et
3330 4954 3415 5008 ni-

1854 5046 2144 5100 hilominus
2198 5043 2384 5100 Jesum
2427 5047 2542 5102 haec
2568 5046 2864 5113 facturum,
2907 5049 3119 5104 etiamsi
3172 5050 3410 5104 futurum

168 5140 427 5192 crederet
457 5149 515 5193 ut
538 5150 976 5210 corrumperetur
1014 5149 1068 5196 et
1095 5142 1406 5211 puniretur;
1458 5140 1508 5193 id
1534 5141 1674 5208 quod
1702 5150 1819 5194 erat
1849 5138 2021 5191 modis
2044 5138 2293 5192 omnibus
2316 5136 2545 5193 fatuum.

243 5250 295 5284 “
343 5248 530 5304 Matth.
570 5266 683 5315 xvr,
725 5250 816 5307 ᾗ.
892 5250 937 5282 ⁸³
980 5252 1113 5307 ibid.
1165 5250 1256 5306 23.
1332 5250 1378 5282 '°
1410 5249 1607 5318 Ephes.
1646 5265 1698 5317 ν,
1726 5248 1783 5303 9..

169 5319 218 5352 ⁵³⁵
243 5320 377 5372 ἱιιὶιί.
397 5319 485 5373 12.

1853 5250 1895 5281 ⁸⁸
1944 5248 2086 5302 Psal.
2127 5263 2240 5313 cu,
2272 5248 2330 5303 4.
2403 5248 2448 5280 ⁵⁸
2477 5248 2632 5304 Joan.
2671 5264 2709 5314 ι,
2749 5247 2838 5304 29.
2913 5249 2961 5283 ⁸³
2978 5249 3134 5307 Joan.
3172 5269 3286 5321 vm,
3314 5253 3407 5311 ‘22.

210 5501 223 5513 ο
245 5431 575 5513 (Ἱδλϐοάεξ
605 5431 945 5513 Bodleia‘ums,
988 5432 1286 5504 ἀρχιερέων
1319 5429 1578 5495 εὐσεϐῶν,
1636 5429 1737 5485 Re-

1919 5432 2029 5513 rtit,
2064 5449 2083 5482 ι
2121 5432 2271 5513 quasi
2299 5429 2456 5513 Jesus
2480 5432 2689 5513 melior,
2722 5448 2786 5487 ac
2818 5434 3161 5513 praestantior
3189 5445 3356 5503 esset,
3381 5455 3404 5492 ι

173 5501 337 5574 εἰπεζ
352 5502 655 5574 ἀρχιερέως
675 5501 933 5574 εὐσεϐῶς.

249 5571 363 5642 (77)
393 5570 572 5625 Codex
604 5571 925 5628 Bodleiauus
949 5612 965 5639 ,
992 5571 1139 5642 Μήτι
1170 5570 1482 5636 ἀποκτενεῖ,
1512 5570 1737 5641 Regius,

171 5638 270 5695 Μὴ
300 5641 607 5695 ἀποκτενεῖ.

385 5711 567 5791 godex
596 5711 934 5791 Bodleianus,
968 5710 1138 5782 παρά,
1174 5709 1391 5791 (legitis,
1423 5711 1572 5791 περί.

1843 5502 1939 5625 lsed
1995 5510 2173 5556 tamen
2228 5502 2512 5573 legendum
2564 5503 2773 5558 videtur
2820 5502 3172 5575 κρείττονες,
3223 5516 3279 5560 et
3330 5502 3404 5564 ita

1866 5586 1982 5625 ego.
3229 5612 3233 5616 ν

1866 5586 1982 5639 ego.

1917 5612 2030 5717 ξξθ)
2055 5639 2237 5717 (Iudex
2259 5640 2601 5717 Bodleianus,
2636 5643 2803 5717 adeo:
2838 5612 3260 5717 Regius,a€at¢}i.

1918 5712 2031 5777 (Si)
2062 5712 2219 5764 Κατὰ
2249 5710 2460 5765 πάντα.
2497 5714 2655 5767 Deest
2686 5715 2736 5766 in
2772 5710 2943 5781 Regio
2967 5716 3171 5782 codice,
3212 5710 3306 5774 Sed
3331 5718 3404 5773 le-

252 5777 363 5847 (79)
385 5782 753 5851 Κρείττσνος.
801 5782 891 5837 Sic
932 5777 1062 5838 mss.
1093 5792 1145 5836 et
1184 5777 1295 5851 ipse
1324 5777 1623 5845 Ferrarius,
1653 5782 1740 5852 qui
1850 5783 1994 5853 gitur
2023 5786 2074 5838 in
2113 5785 2386 5839 codicibus
2411 5782 2698 5840 Bodleiano
2729 5796 2780 5838 ct
2808 5777 3122 5840 Barheriuo.
