3688 6146
219 257 325 316 565

2007 261 2022 315 ἱ
3360 253 3463 308 566

291 383 343 438 ὅ.
377 403 394 434 ι
425 384 492 438 Ει
519 381 734 438 dicebat
764 382 869 439 illis
900 402 913 437 :
945 384 1054 440 Vos
1080 399 1150 440 ex
1175 383 1402 440 infernis
1442 385 1591 449 estis,
1627 399 1726 456 ego

2008 418 2016 432 .
2051 397 2069 428 ι
2098 379 2207 432 Καὶ
2220 378 2403 448 ἔλεγεν
2432 377 2613 442 αὐτοῖς
2631 393 2644 407 ⁸
2693 377 2882 449 Ὑμεῖς
2912 377 2977 430 ἐκ
3003 376 3112 429 τῶν
3150 373 3303 428 κάτω
3324 373 3464 438 ἐστὶ,

218 475 469 545 supernis
490 490 646 540 sum;
671 488 768 530 vos
792 490 859 529 ex
883 475 987 531 hoc
1007 475 1212 530 mundo
1235 476 1385 540 estis,
1407 491 1507 547 ego
1533 490 1643 530 non
1670 493 1674 527 ι

2029 471 2095 522 ὲκ
2129 469 2237 523 τῶν
2272 470 2384 524 ἄνω
2423 468 2535 540 εἰμί
2561 485 2574 498 ο
2621 468 2779 540 ὑμεῖς
2802 469 2868 522 ὲκ
2895 467 2990 522 τοῦ
3028 468 3239 537 κόσμου
3280 464 3466 519 τούτου

216 583 284 622 ex
330 566 435 622 hoc
476 565 682 621 mundo
723 564 794 624 ³⁸.
844 585 865 619 ι
897 564 960 621 In
996 566 1364 635 superioribus
1409 567 1571 622 etiam
1608 566 1672 622 di:

2016 603 2030 626 ,
2058 561 2168 632 ἐγὼ
2191 562 2291 616 οὔκ
2316 562 2433 632 εἰμὶ
2479 564 2545 614 ὲκ
2590 559 2683 615 τοῦ
2721 561 2929 631 κόσμου
2972 559 3186 615 τούτου.
3222 577 3248 612 ι
3280 558 3396 612 Καὶ
3417 560 3472 611 ἐν

223 675 245 707 ι
280 655 381 722 Qui
412 665 497 708 est
529 654 598 708 de
628 662 794 716 terra,
837 656 903 709 de
933 664 1076 707 terra
1102 666 1207 715 est.
1237 662 1294 708 et
1321 654 1389 708 de
1425 666 1568 709 terra
1615 656 1679 709 Im

2032 656 2289 727 ἀνωτέρω
2317 655 2468 721 ἔλεγε
2502 654 2594 708 τόο
2627 675 2646 706 ι
2692 656 2749 708 '0
2787 653 2862 709 ὣν
2898 656 2963 708 ἐκ
2992 655 3091 725 τῆς
3118 653 3248 723 γῆς,
3273 654 3343 706 ἐκ
3374 652 3478 721 τῆς

221 758 339 816 tnr;
380 752 472 818 qui
501 764 531 803 e
580 747 721 803 caelo
751 748 919 813 venit,
954 762 1117 816 supra
1145 762 1336 802 omnes
1391 758 1506 813 est;
1563 759 1617 802 et
1645 763 1677 817 q

2022 752 2155 816 ἐστι,
2185 748 2281 802 καὶ
2309 749 2374 800 ὲκ
2402 747 2503 818 τῆς
2525 749 2628 819 γῆς
2654 748 2836 803 λαλεῖ·
2865 749 2894 801 6
2917 750 2982 801 ὲκ
3004 747 3097 800 τοῦ
3119 743 3355 817 οὐρανοῦ
3383 744 3478 815 Ep-

218 843 358 897 vidit
382 853 438 898 et
462 843 672 898 audivit
725 842 829 897 hoc
862 852 1094 897 testatur
1128 843 1194 897 “.
1237 860 1257 895 ι
1298 842 1355 897 Si
1399 842 1561 913 igitur
1592 843 1674 911 qui

2031 858 2119 904 νος
2163 841 2346 894 ὲπάνω
2384 839 2599 893 πάντων
2638 839 2783 893 ἐστίν
2804 856 2818 869 ο
2867 839 2963 893 καὶ
3007 837 3037 890 ὃ
3081 836 3319 909 ἑώρακε,
3382 835 3482 887 καὶ

220 946 368 990 terra
389 945 493 1002 est,
537 935 605 990 de
635 945 780 990 terra
832 934 1107 1004 loquitur;
1154 946 1208 990 et
1249 936 1341 1005 qui
1373 949 1405 989 e
1451 935 1592 990 caelo
1621 946 1676 988 ve

2032 953 2112 1001 σε,
2142 935 2299 989 τοῦτο
2333 939 2618 1008 μαρτυρεῖ.
2660 956 2679 987 ι
2722 937 2785 989 Et
2834 936 3012 995 τοίνυν
3050 937 3079 990 6
3105 937 3171 988 ἐκ
3216 934 3320 1004 τῆς
3374 932 3485 1001 τῆς

221 1029 365 1097 quod
391 1027 530 1082 vidit
563 1041 618 1082 et
645 1027 868 1093 audivit,
903 1029 1004 1083 hoc
1058 1036 1312 1091 testatur,
1369 1042 1579 1096 quaeres
1609 1035 1677 1080 υιι

2034 1032 2083 1099 '1;
2103 1028 2209 1098 γῆς
2237 1027 2406 1091 λαλεῖ,
2431 1029 2525 1082 καὶ
2555 1031 2583 1082 6
2614 1030 2678 1081 ἐκ
2710 1027 2805 1082 τοῦ
2830 1027 3060 1099 οὐρα.νοῦ
3092 1027 3424 1098 ἐρχόμενος,
3456 1021 3490 1077 ὃ

223 1121 365 1175 idem
400 1121 471 1174 sit
496 1135 617 1175 esse
643 1135 673 1175 e
710 1130 852 1174 terra
876 1130 932 1175 et
961 1134 1083 1175 esse
1110 1133 1177 1175 ex
1211 1120 1459 1187 infernis,
1517 1134 1585 1173 an
1614 1119 1679 1173 di‘

2040 1137 2106 1173 κε
2160 1120 2254 1173 καὶ¹
2289 1121 2509 1192 ἤκουσε,
2545 1120 2703 1173 τοῦτο
2738 1122 3022 1191 μαρτυρεῖ,
3072 1117 3333 1189 ζητήσεις
3368 1115 3496 1170 τοί-

223 1222 366 1262 sum.
405 1208 577 1264 Simul
611 1219 793 1264 autem
828 1209 1145 1265 observabis
1177 1210 1320 1276 quod
1353 1209 1461 1265 illic
1497 1226 1603 1264 non
1636 1211 1679 1265 di

2040 1212 2251 1283 πότερόν
2287 1229 2416 1264 ποτε
2449 1212 2645 1265 ταυτὸν
2665 1214 2779 1265 ἐστι
2803 1212 2865 1265 τὸ
2890 1213 2954 1265 ὲκ
2973 1213 3073 1283 τῆς
3093 1212 3195 1282 γῆς
3227 1206 3381 1265 εἶναι
3407 1209 3496 1281 τῷ

223 1301 298 1356 rit
332 1318 347 1354 :
373 1299 475 1369 Qui
503 1310 641 1357 este
669 1301 831 1365 coelo,
862 1317 892 1357 e
921 1302 1063 1358 coelo
1085 1313 1192 1368 est,
1218 1312 1274 1357 et
1293 1316 1324 1356 e
1351 1302 1491 1357 caelo
1516 1302 1679 1372 loquil

2040 1303 2101 1358 Iw
2129 1303 2278 1356 κάτω
2300 1299 2459 1368 εἶναι,
2481 1304 2514 1374 ἢ
2534 1302 2738 1375 ἕτερον.
2768 1304 2917 1374 ’Δμα
2940 1303 2999 1356 δὲ
3041 1305 3496 1375 παρατηρήσεις,

224 1408 350 1446 nam
379 1390 627 1449 fortassis
656 1393 918 1450 Servatur
952 1412 1059 1451 non
1099 1405 1218 1452 erat
1239 1410 1269 1451 e
1303 1395 1485 1451 εωιοε
1536 1412 1642 1451 non
1677 1420 1680 1443 I

2043 1396 2174 1449 ιάκεί
2209 1396 2309 1448 οὐκ
2340 1390 2524 1448 εἶπενο
2574 1395 2631 1448 '0
2662 1395 2737 1448 ὢν
2772 1396 2838 1449 ὲκ
2871 1395 2964 1449 τοῦ
3004 1395 3228 1466 οὐρανοῦ
3269 1398 3343 1449 ὲκ
3389 1392 3499 1447 τοῦ

221 1484 527 1552 praesertim
588 1486 639 1539 in
707 1495 967 1556 quantum
1026 1497 1109 1542 est
1167 1489 1558 1559 primogenitus
1616 1505 1677 1544 Ou

2049 1487 2122 1540 νοῦ
2155 1490 2292 1551 ἐστι,
2319 1488 2413 1540 καὶ
2433 1487 2497 1540 ὲκ
2527 1490 2620 1543 τοῦ
2655 1486 2884 1556 οὐρανοῦ
2920 1486 3097 1540 λαλεῖο
3136 1487 3273 1557 τάχα
3300 1486 3437 1558 γὰρ
3471 1487 3505 1539 6

225 1584 493 1632 creaturae
524 1579 590 1631 ".
624 1578 776 1645 Quod
806 1581 949 1633 enim
979 1582 1173 1635 attinet
1206 1581 1273 1636 ad
1325 1597 1538 1645 vocem,
1591 1598 1617 1635 e
1643 1600 1681 1636 Ct

2058 1597 2086 1650 ρ
2109 1580 2209 1632 οὐκ
2237 1580 2301 1632 ἐκ
2328 1577 2419 1632 τοῦ
2447 1578 2674 1651 οὐρανοῦ
2709 1575 2797 1650 ἦν,
2827 1579 3060 1650 μάλιστα
3092 1580 3225 1633 καθὸ
3249 1578 3508 1652 Πρωτό-

224 1667 498 1721 secundus
524 1667 683 1742 homo
722 1676 860 1724 este
899 1670 1060 1734 ('(elo,
1098 1671 1554 1739 quemadmodum
1598 1672 1680 1726 ali.

2050 1688 2053 1725 τ
2086 1671 2264 1742 πάσης
2292 1671 2521 1735 κτίσεως
2544 1667 2630 1743 ἦν.
2666 1671 2739 1724 Τό
2770 1672 2913 1742 γάρ·
2945 1672 3014 1726 ἐκ
3045 1672 3149 1725 τοῦ
3184 1671 3506 1740 οὐρανοῦ,

225 1755 430 1812 Paulus
460 1759 592 1812 dicit
629 1736 696 1812 εξ.
746 1758 962 1816 Primus
1013 1762 1175 1817 homo
1217 1776 1249 1817 ο
1301 1772 1468 1827 terra,
1504 1773 1681 1819 terren

2056 1782 2197 1837 τερος
2221 1727 2593 1836 ἔνθρωποςυῆν
2621 1763 2680 1829 ἐξ
2699 1727 2928 1835 οὐρανοῦ
2952 1782 2965 1794 ο
2991 1765 3066 1828 ὡς
3090 1765 3182 1819 καὶ
3198 1766 3229 1818 6
3249 1727 3512 1830 ᾖαῦλός

225 1849 498 1905 secundus
531 1852 697 1907 homo
725 1867 756 1907 e
784 1852 922 1907 coelo
943 1853 1011 1909 ⁵⁸.
1037 1871 1057 1905 ι
1079 1855 1257 1922 Atque
1283 1855 1447 1909 etiam
1477 1858 1578 1911 hoc
1604 1856 1657 1910 in

2054 1857 2195 1928 οησίν
2220 1875 2232 1887 ο
2272 1877 2291 1909 ι
2340 1857 2397 1911 '0
2428 1856 2656 1929 πρῶτος
2682 1857 2965 1928 ἄνθρωπος
3005 1859 3069 1909 ἐκ
3093 1858 3213 1928 γῆς,
3250 1857 3510 1929 χοϊκός·

198 1939 444 1998 ἠοιθῢίε
473 1952 652 1998 utrum
682 1946 894 1999 tandem
934 1943 1078 2000 idem
1125 1946 1267 1999 dicat
1300 1946 1526 2001 dicendo
1568 1962 1581 1998 :
1625 1965 1644 1997 ι

2059 1966 2214 2020 τερος
2260 1948 2544 2020 ἄνθρωπος
2572 1948 2631 2013 ἐξ
2661 1946 2912 2020 οὐρανοῦ.
2953 1967 2972 1999 ›
3008 1949 3117 2001 Καὶ
3172 1948 3376 2002 ἐνθάδε
3444 1949 3515 2001 δὲ

226 2053 294 2090 ex
331 2037 559 2093 infernis
581 2038 736 2104 eStis,
774 2057 793 2090 ι
825 2044 881 2093 et
912 2054 927 2093 :
960 2055 978 2088 ι
1008 2037 1116 2093 Vos
1149 2053 1215 2092 ex
1241 2038 1343 2092 hoc
1371 2040 1569 2094 mundo
1593 2042 1682 2095 esti

2061 2041 2212 2112 ήσεις
2238 2040 2460 2113 πότερόν
2485 2057 2613 2094 ποτε
2637 2041 2801 2095 ταυτὸ
2822 2040 2970 2109 λέγει
2999 2042 3055 2093 ὲν
3088 2039 3163 2111 τῷ
3180 2058 3192 2070 ·
3224 2059 3243 2092 ι
3282 2041 3516 2112 Ὑμεῖς

229 2143 299 2181 an
325 2129 596 2184 diversum
627 2129 697 2183 sit
716 2143 837 2184 esse
862 2143 892 2183 e
931 2139 1072 2184 terra
1106 2131 1173 2183 ab
1207 2146 1272 2184 eo
1298 2133 1440 2200 quod
1471 2141 1554 2186 est
1583 2146 1685 2186 εδει

2058 2131 2102 2184 ὃν
2135 2132 2285 2185 κάτω
2327 2132 2472 2193 ἐστὲ,
2521 2153 2539 2184 ι
2580 2132 2695 2195 καὶ,
2734 2151 2752 2183 ι
2816 2132 3006 2203 Ὑμεῖς
3045 2133 3110 2187 ὲκ
3146 2132 3338 2185 τούτου
3396 2132 3514 2185 τοῦ

227 2223 341 2277 ltoe
367 2223 586 2277 mundo.
628 2223 893 2278 Similiter
940 2225 1101 2277 etiam
1131 2224 1183 2277 in
1227 2224 1311 2278 his
1342 2225 1521 2279 verbis
1549 2241 1683 2293 quae]

2060 2238 2108 2274 >υ
2156 2222 2302 2286 ἐστὲ,
2348 2243 2365 2275 ι
2400 2223 2432 2295 ἢ
2465 2223 2650 2295 ἕτερόν
2688 2226 2803 2276 ἐστι
2854 2223 2917 2276 τὸ
2956 2218 3094 2277 εἶναι
3126 2222 3190 2275 ἐκ
3227 2222 3329 2292 τῆς
3388 2222 3516 2292 γῆς

234 2332 255 2365 ι
287 2312 398 2383 Ego
425 2328 456 2368 e
490 2315 739 2383 supernis
768 2329 908 2379 sum,
936 2333 955 2364 ι
988 2324 1079 2370 et:
1118 2332 1137 2365 ι
1174 2315 1285 2384 Ego
1311 2331 1414 2368 non
1448 2332 1567 2369 sum
1597 2331 1664 2370 ex

2080 2313 2143 2365 τὸ
2167 2308 2305 2367 εἶναι
2331 2315 2395 2367 ὲκ
2420 2314 2513 2367 τοῦ
2532 2316 2746 2385 ,κόσμου
2773 2316 2986 2370 τούτου.
3016 2316 3088 2369 Τὸ
3112 2316 3156 2369 δ’
3180 2317 3378 2386 ὅμοιον
3403 2313 3523 2386 ζη-

233 2407 454 2462 mundo.
486 2406 743 2476 iDignum
766 2416 851 2461 est
868 2407 1011 2460 enim
1037 2417 1096 2461 ut
1118 2408 1473 2478 inspiciamus
1496 2404 1622 2477 quid
1643 2409 1685 2464 si

2056 2423 2091 2469 ις
2119 2408 2213 2460 καὶ
2255 2409 2314 2462 ὲν
2336 2406 2445 2479 τῷ·
2480 2426 2499 2457 ι
2544 2406 2684 2476 Ἐγὼ
2710 2410 2773 2461 ὲκ
2821 2408 2930 2462 τῶν
2964 2410 3075 2464 ἄνω
3115 2409 3250 2479 εἰμὶ,
3284 2427 3301 2459 ι
3347 2408 3512 2461 καί·

229 2499 480 2568 supernis
500 2513 643 2566 esse,
663 2508 718 2552 et
738 2499 865 2567 quid
888 2500 959 2554 sit
980 2516 1085 2556 non
1108 2515 1232 2555 esse
1253 2516 1321 2555 ex
1347 2501 1447 2555 hoc
1467 2502 1684 2557 mundo.

2066 2498 2124 2551 νὼ
2162 2500 2263 2553 οὐκ
2313 2500 2428 2570 εἰμὶ
2475 2501 2539 2554 ὲκ
2574 2499 2668 2553 τοῦ
2719 2501 2925 2572 κόσμου
2972 2501 3180 2554 τούτου.
3225 2520 3243 2552 ι
3294 2500 3522 2566 Ἄξιον

231 2592 299 2644 de
332 2590 497 2661 igitur
530 2607 713 2647 annon
743 2593 833 2662 qui
878 2595 1175 2661 assumpsit
1198 2603 1378 2647 ortum
1421 2609 1451 2648 a
1492 2594 1682 2650 materi

2068 2591 2171 2645 δεῖν
2204 2592 2255 2644 τί
2301 2592 2361 2645 τὸ
2405 2594 2471 2645 ἐκ
2517 2591 2627 2646 τῶν
2662 2593 2773 2647 ἄνω
2816 2590 2988 2658 εἶναι,
3035 2592 3130 2646 καὶ
3180 2592 3232 2645 τί
3281 2591 3350 2644 τὸ
3428 2592 3524 2664 μὴ

233 2685 576 2752 corporibus,
608 2699 675 2739 eo
697 2686 838 2754 quod
865 2686 1089 2740 meliora
1123 2686 1428 2755 reliquerit,
1457 2687 1583 2741 site
1619 2696 1689 2742 tet

2067 2681 2104 2735 μῦ
2152 2683 2358 2753 κόσμου
2409 2683 2599 2736 τούτου
2659 2679 2818 2737 εἶναι.
2873 2684 3013 2756 Ὅρα
3063 2683 3236 2736 τοίνυν
3291 2684 3346 2736 εἰ
3429 2685 3523 2754 μὴ

231 2776 393 2848 303
421 2778 512 2846 qui
545 2787 814 2847 quatenus
852 2788 937 2834 est
985 2796 1015 2832 ει
1052 2789 1221 2847 terra,
1244 2779 1324 2853 ‘de
1362 2788 1506 2834 terra
1547 2778 1687 2847 loqui

2083 2774 2193 2828 ἀπὸ
2225 2774 2356 2846 ὕλης
2382 2775 2596 2845 γένεσιν
2628 2778 2724 2830 καὶ
2756 2777 3023 2847 σωμάτων
3055 2773 3394 2844 ἀνειληφὼς,
3426 2775 3526 2845 τῷ

231 2869 397 2923 altius
441 2869 645 2939 aliquid
686 2871 880 2925 intueri
929 2871 1010 2922 vel
1048 2871 1231 2925 dicere
1278 2886 1384 2927 non
1431 2870 1658 2933 valens;

2066 2868 2356 2922 λελοιπέναι
2409 2870 2478 2923 τὰ
2536 2870 2844 2942 κρείττονα,
2888 2871 2952 2922 ὲκ
2995 2869 3097 2939 τῆς
3145 2869 3245 2938 γῆς
3293 2870 3522 2920 ἐστιν·

231 2961 376 3017 idem
423 2964 586 3017 etiam
617 2978 684 3017 ex
739 2962 968 3017 infernis
1016 2974 1155 3031 est‘;
1204 2978 1330 3017 nam
1357 2961 1465 3016 alia
1499 2971 1585 3017 est
1629 2977 1687 3018 eo

2082 2958 2205 3011 ὅσον
2235 2961 2382 3013 ἐστὶν
2406 2961 2470 3013 ὲκ
2503 2961 2600 3031 τῆς
2631 2961 2753 3030 γῆς,
2788 2961 2853 3013 ὲκ
2882 2960 2982 3029 τῆς
3012 2959 3116 3029 γῆς
3144 2958 3310 3018 λαλεῖν
3346 2958 3530 3028 ὑψη-

233 3055 443 3110 deratio
486 3069 605 3111 esse
649 3070 719 3110 ex
767 3054 1032 3123 infernis,
1076 3024 1337 3115 υιῖἴωεθ
1387 3069 1418 3111 e
1462 3065 1654 3110 terra:

2074 3051 2126 3102 6v
2155 3068 2206 3104 τι
2240 3052 2316 3123 μὴ
2341 3024 2895 3123 δυνάμενοςτβλέπειν,
2993 3024 3190 3121 λέγειν.
3227 3051 3285 3105 '0
3311 3051 3368 3104 δ’

233 3142 378 3197 enim
413 3143 619 3212 inferne
641 3186 656 3209 ,
704 3145 1086 3199 consideratur
1116 3146 1169 3199 in
1199 3147 1436 3215 quodam
1466 3145 1634 3202 veluti
1664 3145 1689 3199 lt

2073 3141 2125 3194 uti.
2161 3144 2224 3195 ὲκ
2255 3143 2363 3196 τῶν
2396 3145 2546 3197 κάτω
2577 3143 2744 3198 ἐστίν.
2784 3143 2950 3215 Ἀλλη
3003 3144 3249 3214 μέντοιγε
3298 3143 3331 3212 ἡ
3365 3143 3529 3196 ἐ,πέ-

232 3233 425 3290 itidem
452 3238 507 3290 in
541 3237 905 3307 dogmatibus,
946 3247 1002 3291 et
1047 3238 1102 3292 in
1136 3239 1383 3294 discursu
1419 3241 1619 3294 mentis
1647 3257 1661 3293 :

2074 3236 2185 3309 ἡηὲςιι
2208 3235 2318 3290 τῶν
2351 3237 2520 3301 κάτω,
2549 3238 2643 3291 καὶ
2665 3237 2766 3307 τῆς
2798 3237 2903 3307 γῆς
2922 3254 2935 3267 ο
2972 3236 3129 3291 κάτω
3157 3236 3262 3309 γὰρ
3293 3235 3530 3310 ὥσπερ

233 3324 429 3393 nisque
488 3326 732 3395 profecto
790 3327 992 3382 talibus
1051 3328 1397 3397 dogmatibus
1452 3338 1508 3383 et
1558 3329 1689 3385 όίεοι

2091 3310 2446 3405 τινῗνοεῖται,
2476 3329 2648 3394 οὕτως
2695 3330 2789 3383 καὶ
2815 3330 3067 3401 δόγμασι,
3117 3329 3209 3383 καὶ
3237 3329 3482 3402 διανοίᾳ
3501 3345 3526 3362 ο

236 3418 436 3474 mentis
461 3428 619 3474 utens
641 3434 765 3489 qua:
791 3428 919 3474 sunt
946 3435 1013 3475 ex
1067 3419 1318 3485 internis,
1345 3435 1414 3475 ex
1448 3418 1678 3476 infernis

2080 3424 2144 3486 ἃς
2174 3440 2239 3492 γε
2269 3425 2307 3476 ὁ
2328 3422 2564 3486 τοιοῦτος
2589 3420 2699 3494 (82)
2728 3422 2957 3493 δόγμασι
2988 3422 3081 3475 καὶ
3109 3420 3310 3491 διανοίᾳ
3339 3421 3533 3493 χρώ-

235 3511 415 3582 Atque
444 3516 609 3566 etiam
657 3512 743 3567 hic
778 3513 1013 3567 mundus
1040 3512 1294 3578 visibilis,
1327 3512 1634 3567 materialis
1655 3528 1685 3565 e

2071 3538 2092 3580 η,
2122 3514 2282 3569 ἅτινά
2308 3516 2453 3567 ἐστιν
2478 3517 2542 3567 ὲκ
2570 3513 2678 3567 τῶν
2705 3514 2874 3581 κάτω,
2905 3517 2969 3568 ὲκ
2995 3514 3102 3568 τῶν
3134 3516 3281 3570 κάτω
3311 3513 3527 3571 ἐστίν.

237 3613 414 3672 stens,
444 3614 664 3674 propter
722 3619 817 3657 eos
866 3605 958 3670 qui
996 3604 1261 3658 materiali
1296 3604 1403 3657 vita
1449 3615 1636 3675 egent,
1689 3604 1693 3658 l

2075 3626 2082 3661 ι
2120 3608 2214 3662 καὶ
2252 3607 2281 3659 6
2314 3604 2658 3677 δεικνύμενος
2688 3606 2908 3678 κόσμος,
2956 3607 3136 3671 ὑλικὸς
3174 3606 3531 3678 γενόμενος,

238 3698 460 3769 quidem
493 3698 658 3752 habet
691 3698 907 3753 diversa
934 3715 948 3763 ;
995 3713 1116 3768 quae
1148 3711 1281 3752 sane
1310 3696 1492 3751 omnia
1525 3712 1694 3767 comp:

2078 3700 2163 3764 οὺς
2206 3698 2495 3771 δεηθέντας
2551 3700 2652 3770 τῆς
2684 3698 2794 3771 (85)
2841 3698 3025 3752 ὲνύλου
3078 3700 3237 3771 ζωῆς,
3282 3698 3534 3765 τόπους

239 3792 387 3845 tione
443 3805 624 3845 rerum
680 3789 1150 3853 immaterialium,
1209 3799 1266 3843 et
1316 3788 1694 3853 invisibilium,

2078 3811 2152 3864 χει
2199 3792 2508 3864 διαφόρους,
2563 3792 2757 3855 οἵτινες
2798 3792 2860 3864 δὴ
2891 3793 3090 3857 πάντες
3123 3794 3198 3856 ὼς
3226 3793 3324 3864 μὲν
3347 3794 3534 3867 πρὸς

239 3897 471 3952 corpore
498 3883 824 3946 carentium,
878 3881 1089 3937 inferna
1116 3890 1266 3945 sunt,
1308 3896 1416 3935 non
1449 3888 1661 3934 tantum
1693 3881 1695 3887 ‘

2076 3886 2167 3947 ιλα,
2199 3885 2293 3938 καὶ
2343 3884 2412 3937 τὰ
2439 3885 2664 3955 ἀόρατα,
2701 3884 2795 3937 καὶ
2838 3884 2907 3938 τὰ
2934 3884 3200 3956 ἀσώματα
3225 3884 3380 3938 κάτω
3427 3890 3532 3941 εἱ-

240 3984 501 4041 qnantum
560 3974 969 4045 comparatione
1017 3975 1084 4030 ad
1127 3990 1215 4028 res
1268 3975 1592 4030 invisibiles.
1633 3975 1696 4041 Qu

2081 3978 2108 4031 ὑ
2137 3977 2293 4030 τόσον
2329 3975 2409 4046 τῷ
2439 3976 2609 4046 τόπῳ,
2638 3978 2760 4029 ὅσον
2784 3978 2850 4046 τῇ
2885 3976 3022 4046 πρὸς
3048 3977 3115 4033 τὰ
3139 3977 3339 4048 ἀόρατα
3368 3995 3537 4049 συγ.

240 4074 355 4121 tum
391 4075 567 4120 autem
602 4069 655 4120 in
690 4067 795 4121 hoc
826 4067 1027 4121 mundo
1056 4066 1174 4122 loca
1204 4068 1385 4122 mundi
1419 4068 1561 4123 inter
1588 4083 1648 4124 se
1668 4083 1696 4123 c

2083 4087 2133 4124 t'
2184 4071 2309 4123 ὅσον
2346 4069 2402 4122 δὲ
2443 4068 2553 4141 (84)
2594 4069 2686 4121 ἐπὶ
2721 4066 2800 4137 τῷ
2838 4067 3026 4138 κόσμῳ
3060 4065 3243 4128 τόποις
3277 4065 3533 4135 κόσμου

242 4160 483 4232 paranda
525 4169 673 4226 sunt,
710 4160 957 4230 quaedam
992 4159 1195 4215 fuerint
1224 4160 1338 4215 loca
1387 4160 1636 4229 inferne,
1667 4178 1698 4231 q

2084 4161 2401 4221 ετάζεσθαι.
2456 4157 2566 4213 εἷεν
2617 4160 2682 4214 ἄν
2718 4175 2865 4223 τινες
2900 4157 3053 4212 τόποι
3090 4160 3139 4210 οί
3176 4158 3353 4215 κάτω,
3413 4158 3540 4210 καὶ

244 4253 370 4307 dam
401 4267 638 4321 superne
668 4272 681 4308 :
715 4263 874 4307 terra:
918 4253 1062 4308 enim
1098 4254 1345 4322 proxima
1394 4252 1608 4309 inferne
1668 4268 1700 4308 si

2096 4252 2238 4307 ἄνω·
2289 4250 2361 4305 τὰ
2411 4249 2509 4321 μὲν
2561 4249 2671 4320 γὰρ
2699 4251 2952 4321 περίγεια
2996 4250 3146 4304 κάτω
3175 4248 3308 4311 ἐστὶ,
3337 4248 3421 4302 τὰ
3460 4250 3535 4304 δὲ

243 4344 488 4400 coelestia
521 4362 650 4401 vero
683 4359 942 4417 superne,
986 4345 1123 4401 adeo
1151 4356 1209 4400 ut
1238 4346 1341 4402 hac
1384 4347 1596 4402 ratione
1625 4361 1695 4416 qu

2080 4364 2146 4399 ua
2179 4345 2319 4399 ἄνω·
2355 4345 2432 4408 ὡς
2470 4344 2612 4398 κατὰ
2642 4344 2800 4397 τοῦτο
2826 4343 2916 4397 τὸν
2967 4343 3064 4413 μὲν
3113 4346 3178 4396 ἐκ
3203 4342 3307 4394 τῶν
3339 4343 3536 4398 κάτω

244 4435 473 4491 infernis
503 4439 597 4503 sit,
630 4437 678 4494 is
698 4440 863 4496 etiam
907 4437 1131 4493 omnino
1156 4437 1228 4492 sit
1256 4451 1326 4492 ex
1349 4439 1455 4493 hoc
1485 4438 1700 4492 mundo

2077 4453 2139 4498 υς
2163 4431 2299 4488 εἶναι
2333 4435 2398 4485 ὲκ
2447 4431 2541 4486 τοῦ
2590 4432 2795 4504 κόσμου
2827 4431 3015 4486 τούτου
3039 4448 3052 4461 ·
3108 4431 3198 4484 τὸν
3225 4430 3281 4484 δὲ
3305 4432 3369 4483 ἐκ
3407 4434 3533 4487 τοῦ

246 4543 376 4584 vero
405 4531 495 4599 qui
524 4547 591 4586 ex
624 4532 727 4587 hoc
761 4530 961 4586 mundo
992 4528 1088 4595 sit,
1122 4543 1231 4584 non
1278 4530 1503 4585 omnino
1534 4531 1605 4584 sit
1631 4544 1694 4583 ex

2075 4543 2125 4579 δυ
2177 4524 2370 4578 τούτου
2423 4523 2499 4595 μὴ
2529 4524 2746 4587 πάντως
2778 4520 2923 4577 εἶναι
2962 4524 3062 4578 καὶ
3093 4525 3159 4577 ὲκ
3188 4521 3295 4579 τῶν
3320 4522 3531 4581 κάτω.

246 4622 436 4679 ternis.
488 4623 624 4679 Vide
676 4624 823 4679 enim
876 4639 944 4677 an
985 4623 1270 4691 municeps
1309 4635 1601 4690 corporum
1637 4620 1702 4673 ali

2080 4635 2132 4689 ιρ
2165 4617 2389 4688 πολίτης
2432 4615 2540 4670 τῶν
2574 4615 2976 4686 σωμάτων,ὃρα
3004 4616 3054 4668 εί
3099 4614 3213 4668 ἐστι
3249 4613 3344 4685 μέν
3377 4632 3536 4682 πως

247 4728 408 4788 pacto
437 4720 507 4774 sit
532 4734 597 4775 ex
629 4721 734 4776 hoc
766 4720 992 4783 mundo,
1024 4734 1129 4774 non
1179 4728 1360 4771 tamen
1386 4732 1452 4771 ex
1489 4714 1703 4769 inferni:

2078 4711 2112 4764 ὖ
2160 4710 2363 4780 κόσμου
2398 4706 2611 4770 τούτου,
2661 4706 2721 4759 οὐ
2761 4704 2865 4777 μὴν
2900 4708 2965 4759 ὲκ
2994 4704 3101 4759 τῶν
3128 4701 3362 4765 τοπικῶς
3396 4705 3534 4759 κά-

249 4809 440 4866 caliter
470 4825 485 4876 ;
520 4819 892 4865 verumtamen
929 4809 1043 4879 ipse
1098 4809 1266 4863 etiam
1310 4822 1379 4862 cx
1427 4806 1660 4862 infernis

2074 4802 2192 4873 τλὴν
2221 4801 2316 4855 καὶ
2347 4800 2529 4863 αὐτὸς,
2552 4798 2627 4863 ὡς
2662 4798 2798 4869 πρὸς
2832 4796 3117 4869 σύγκρισιν
3138 4795 3244 4849 τῶν
3265 4795 3530 4865 νοητῶν,

250 4903 656 4974 comparatione
712 4917 890 4957 rerum
954 4918 1078 4971 quae
1132 4910 1314 4956 mente
1368 4900 1706 4970 percipiuntu

2084 4913 2124 4949 w
2156 4895 2305 4948 κάτω
2327 4909 2340 4923 ·
2371 4894 2464 4946 καὶ
2494 4891 2603 4961 γὰρ
2648 4892 2758 4953 πᾶς
2789 4892 2816 4943 6
2846 4889 2952 4942 τῶν
2982 4887 3320 4959 βλεπομένων
3345 4887 3540 4942 πολε-

248 4996 449 5052 etenim
502 4995 679 5049 omnis
725 4995 1002 5059 municeps
1049 5008 1239 5049 eorum
1295 5007 1415 5060 quae
1458 4991 1704 5046 videntur

2082 4986 2170 5039 καὶ
2193 4983 2630 5056 παρερχομένων,
2660 4981 2755 5034 καὶ
2781 4980 3150 5050 προσκαίρων,
3179 4980 3243 5031 ὲκ
3268 4976 3374 5030 τῶν
3400 4980 3538 5033 κά..

248 5107 484 5162 quasque
518 5099 922 5157 pertranseunt,
957 5098 1012 5144 et
1055 5104 1176 5159 quae
1206 5096 1333 5142 sunt
1373 5084 1704 5157 temporalia.

2082 5081 2165 5145 πτὶ,
2199 5079 2301 5132 κᾶν
2350 5080 2407 5131 ὲν
2458 5075 2741 5148 συγκρίσει
2791 5075 2971 5128 τόπων
3005 5076 3069 5127 ὲκ
3103 5071 3211 5127 τῶν
3241 5071 3538 5129 ἀνωτάτω

251 5186 480 5242 infernis
528 5196 631 5247 est.
665 5185 875 5240 etiamsi
906 5185 1325 5253 comparatione
1356 5181 1600 5237 locorum
1653 5180 1697 5233 si

2077 5173 2188 5244 ἱινῃ.
2222 5170 2440 5236 Ἔξεστι
2470 5168 2717 5240 μέντοιγε
2746 5166 2836 5220 τὸν
2881 5168 2946 5220 ὲκ
2978 5164 3084 5219 τῶν
3116 5165 3283 5228 κάτω,
3312 5162 3409 5215 καὶ
3449 5167 3533 5220 ἐκ

252 5280 500 5349 supernis
536 5296 551 5333 :
584 5279 820 5347 licetque
870 5277 1112 5349 profecto
1147 5277 1452 5345 cuicunque
1492 5273 1583 5342 qui
1615 5287 1683 5328 ex

2080 5264 2246 5333 όσμου
2279 5260 2490 5324 τούτου,
2544 5259 2637 5313 καὶ
2670 5261 2735 5312 ἐκ
2765 5257 2865 5325 τῆς
2889 5257 2994 5328 γῆς
3034 5254 3370 5328 μεταϐαλεῖν,
3406 5259 3536 5311 καὶ

138 5372 154 5385 ³
253 5370 439 5439 ternis,
489 5381 545 5428 et
589 5387 657 5426 ex
696 5373 800 5427 hoc
836 5371 1060 5435 mundo,
1088 5379 1197 5424 ete
1227 5379 1369 5423 terra
1403 5365 1592 5431 fuerit,

2079 5357 2181 5411 rem.
2202 5358 2265 5409 ἐκ
2287 5354 2392 5408 τῶν
2415 5355 2548 5418 ἄνω,
2583 5353 2676 5407 καὶ
2703 5351 2900 5424 μηκέτι
2928 5353 2993 5404 ὲκ
3024 5350 3118 5404 τοῦ
3151 5349 3350 5420 κόσμου
3377 5350 3535 5403 τού-

322 5513 369 5545 ⁸¹⁵
392 5511 549 5567 Joan.
576 5526 693 5578 Vill,
727 5510 815 5565 25.
894 5509 940 5541 ⁵⁸
967 5507 1123 5564 Joan.
1149 5524 1233 5573 tu,
1260 5509 1349 5574 51,
1379 5510 1468 5563 52.
1544 5508 1586 5538 ⁸⁷
1614 5507 1776 5563 Colos

1695 5507 1830 5562 loss.
1862 5520 1900 5568 ι,
1928 5501 2014 5557 15.
2092 5500 2139 5533 ⁸⁸
2168 5500 2189 5554 l
2216 5499 2344 5554 Cor.
2381 5514 2471 5562 xv,
2494 5496 2584 5551 47.
2659 5495 2706 5529 ⁸⁸
2733 5493 2773 5549 ll
2796 5494 2920 5549 Cor.
2957 5508 3031 5556 tv,
3062 5489 3149 5545 18.

331 5620 445 5689 (ετ)
473 5621 651 5676 Codex
692 5621 1020 5677 Barberinus
1056 5621 1108 5674 in
1144 5622 1386 5688 margine
1436 5619 1597 5676 habet
1650 5618 1787 5672 τοιοέ

2079 5613 2123 5689 ι)
2157 5613 2337 5689 “Opur-
2360 5609 2447 5689 δέ,
2476 5620 2584 5664 etc.
2613 5607 2923 5689 Legendum
2958 5604 3174 5689 Videtur;
3188 5597 3535 5689 δσρνδὲᾲξεῖ

259 5663 613 5762 toigL’sieque
636 5693 849 5762 videtur
881 5692 1073 5762 legisse
1094 5663 1399 5745 Ferragius.
1531 5689 1546 5762 ξ

2166 5663 2354 5753 κόσμῳ
2382 5663 2580 5762 τόπους
2624 5663 2828 5762 κόσμου
2885 5669 3351 5762 συνεξεταζερθαι,
3396 5663 3532 5762 εἷεν

332 5739 451 5828 ᾆδ’δὶ
462 5739 658 5814 ἑδῖιὲέ
674 5739 1187 5834 Εᾶἁίἑῑίὶἧῗιξξέἧςῗ
1203 5739 1423 5832 Riguis,
1456 5759 1598 5825 τούς,
1630 5756 1787 5814 male.

2073 5739 2393 5821 ινες,θιί“.’1η
2414 5739 2598 5807 codice
2630 5739 2921 5804 Bodleiano
2936 5755 3068 5801 ante
3089 5739 3196 5796 εἷεν
3212 5741 3411 5810 legitur
3442 5742 3529 5797 et.
