3688 6146
201 290 324 348 σεδ

1289 279 1651 354 COMMENT.
1692 293 1760 350 IN
1796 291 1988 349 JOAN.
2022 292 2259 349 TOMUS
2299 292 2438 350 χιχ.

3357 291 3463 350 566

190 427 327 476 του,
375 409 474 465 καὶ
519 410 676 466 ἄλλον
729 411 794 466 ἐκ
829 411 929 484 μὲν
961 411 1053 467 τοῦ
1089 413 1293 485 κόσμου
1331 415 1544 480 τούτου,
1594 416 1658 468 ἐκ
1699 432 1722 467 τ

1948 413 2001 465 iri
2041 420 2095 467 et
2124 412 2239 465 ﬁeri
2284 425 2314 465 e
2345 407 2614 479 supernis,
2646 422 2745 463 nec
2774 405 3004 479 amplius
3028 421 3094 462 ex
3125 406 3226 464 hoc
3259 412 3462 465 mundo

189 500 440 571 οὐρανοῦ
470 500 547 554 δέ.
580 500 716 572 Φησὶ
749 502 880 571 γοῦν
912 506 1022 567 τοῖς
1055 504 1322 575 μαθηταῖς
1348 506 1377 557 6
1419 504 1609 576 Σωτήρ
1641 502 1753 573 (85)
1773 519 1786 532 ·

196 610 224 647 ε
252 595 353 648 Ἐκ
380 593 476 647 τοῦ
500 594 705 665 κόσμου
738 590 858 666 ἦτε,
893 595 1047 666 κάγὼ
1076 596 1401 668 ἐξελεξάμην
1430 598 1571 667 ὑμᾶς
1602 598 1666 650 ὲκ
1696 594 1790 649 τοῦ

190 685 439 756 κόσμου,
475 687 568 739 καὶ
599 686 781 740 οὐκέτι
815 687 938 740 ἐστέ
961 690 1025 743 ἐκ
1057 688 1150 743 τοῦ
1180 689 1382 760 κόσμου
1402 707 1413 719 ·
1443 708 1459 740 ι
1495 688 1652 762 εἴπερ
1683 690 1790 761 γὰρ

189 770 372 845 ἦλθεν
417 776 447 828 6
478 775 672 847 Σωτὴρ
720 777 973 849 ζητῆσαι,
1030 779 1124 832 καὶ
1169 779 1341 832 σῶσαι
1388 778 1446 831 τὸ
1492 779 1788 844 ἀπολωλὸς,

190 862 340 937 ἦλθε
373 866 502 930 τοὺς
543 867 696 921 κάτω
742 872 837 924 καὶ
870 870 1434 943 πολιτογραφηθέντας
1465 873 1523 923 ἐν
1549 874 1660 935 τοῖς
1695 872 1792 925 κά-

190 974 283 1010 τω
315 959 653 1030 μεταστῆσαι
697 961 789 1015 ἐπὶ
836 958 904 1016 τὰ
932 963 1064 1018 ἀνω.
1124 964 1235 1017 Καὶ
1274 965 1381 1035 γάρ
1410 965 1488 1027 εἰς
1512 962 1582 1018 τὰ
1616 962 1792 1017 κατώ-

188 1063 343 1118 τερα
377 1049 521 1121 μέρη
547 1052 648 1122 τῆς
678 1052 782 1122 γῆς
805 1054 837 1106 6
863 1055 1108 1119 καταϐὰς
1138 1056 1299 1119 αὑτός
1326 1056 1441 1109 ἐστι
1470 1056 1557 1111 διὰ
1580 1057 1705 1120 τοὺς
1732 1058 1790 1110 ἐν

191 1142 319 1204 τοῖς
371 1142 671 1198 κατωτάτω
715 1146 815 1216 τῆς
845 1146 985 1216 γῆς·
1040 1147 1175 1201 ἀλλά
1205 1148 1300 1201 καὶ
1334 1149 1499 1221 ἀνέϐη
1534 1149 1791 1221 ὑπεράνω

195 1231 429 1287 πάντων
454 1234 562 1289 τῶν
592 1236 856 1308 οὐρανῶν,
882 1237 1140 1293 ὁδοποιῶν
1166 1242 1278 1304 τοῖς
1301 1240 1666 1312 βουλομένοις,
1698 1241 1791 1294 καὶ

192 1325 447 1396 γνησίως
494 1327 642 1398 αύτῷ
694 1329 1173 1402 μαθητευομένοις.
1217 1332 1315 1403 τὴν
1361 1334 1630 1407 φέρουσαν
1674 1334 1790 1389 ὁδὸν

194 1416 300 1469 ἐπὶ
326 1416 395 1470 τά
423 1418 677 1489 ὑπεράνω
705 1421 921 1475 πάντων
950 1423 1058 1476 τῶν
1094 1424 1359 1496 οὐρανῶν,
1392 1426 1670 1478 τουτέστιν
1697 1427 1790 1480 ἐπὶ

196 1506 276 1560 τὰ
312 1508 420 1575 ἔξω
470 1511 758 1582 σωμάτων.
816 1515 880 1567 El
906 1514 965 1592 δὲ
998 1518 1092 1568 καί¹
1122 1517 1306 1582 ποθεῖς
1344 1517 1533 1589 μαθεῖν
1556 1519 1664 1572 άπὸ
1692 1519 1789 1589 τῆς

201 1599 438 1671 Γραφῆς
467 1602 549 1666 τίς
575 1604 721 1657 ἐστιν
748 1607 776 1658 6
808 1606 874 1658 ἐκ
902 1606 1009 1659 τῶν
1041 1608 1212 1671 κάτω,
1262 1610 1357 1662 καὶ
1384 1610 1467 1673 τίς
1495 1613 1641 1665 ἐστιν
1669 1614 1697 1664 6
1726 1612 1790 1664 ἐκ

197 1692 317 1746 τῶν
348 1694 479 1757 ἀνω,
531 1695 696 1749 ἄκουε
719 1714 732 1727 ⁸
774 1698 925 1752 Ἐπεὶ
972 1700 1104 1753 ὅπου
1150 1703 1179 1754 ό
1212 1700 1481 1773 θησαυρὸς
1533 1703 1784 1766 ἐκάστου,

197 1784 327 1838 ἐκεῖ
350 1785 444 1840 καὶ
468 1788 501 1858 ή
531 1788 729 1859 καρδία
761 1791 909 1844 ἐστίν
934 1808 946 1821 ·
977 1792 1073 1847 ἐάν
1100 1810 1184 1857 τις
1230 1792 1534 1868 θησαυρίζῃ
1566 1797 1659 1849 ἐπὶ
1687 1794 1787 1865 τῆς

197 1874 336 1946 γῆς,
383 1876 443 1941 ἐξ
487 1878 651 1932 αὐτοῦ
703 1880 795 1934 τοῦ
837 1880 1182 1954 θησαυρίζειν
1209 1884 1303 1937 ἐπὶ
1327 1884 1425 1956 τῆς
1454 1886 1558 1955 γῆς
1586 1887 1650 1940 ὲκ
1679 1886 1787 1942 τῶν

199 1968 360 2021 κάτω
387 1968 595 2038 γίνεται
614 1988 628 2002 ⁸
664 1970 758 2025 ἐάν
791 1971 846 2025 δέ
871 1991 954 2037 τις
976 1973 1279 2048 θησαυρίζῃ
1308 1976 1364 2028 ἐν
1387 1978 1497 2040 τοῖς
1519 1976 1784 2047 οὐρανοῖς,

199 2062 464 2127 γεννᾶται
493 2061 720 2126 ἄνωθεν,
779 2066 873 2119 καὶ
920 2066 1286 2137 ἀναλαμϐάνει
1318 2068 1414 2140 τὴν
1463 2071 1646 2124 εἰκόνα
1692 2069 1785 2124 τοῦ

199 2150 530 2223 ἐπουρανίου
551 2171 565 2184 α
627 2153 763 2210 ἀλλά
799 2158 893 2210 καὶ
943 2158 1102 2224 ἄλλος
1152 2156 1375 2213 διελθὼν
1421 2162 1629 2226 πάντας
1661 2163 1786 2227 τοὺς

200 2242 470 2313 οὐρανοὺς
512 2246 570 2298 ἐν
596 2247 738 2301 τέλει
772 2248 1083 2321 εὑρίσκεται
1136 2252 1557 2324 μακαριωτάτῳ.
1599 2253 1698 2327 Είη
1738 2255 1783 2308 δ’

200 2332 272 2385 ἂν
309 2335 404 2388 καὶ⁵
447 2335 517 2389 τὰ
566 2339 823 2411 ἐκατέρου
853 2340 1010 2413 ἔργα,
1038 2338 1126 2396 οἷα
1170 2341 1320 2397 εἷπον
1350 2344 1495 2416 (86)'
1532 2346 1672 2401 ὥστε
1706 2348 1784 2400 εῖ-

202 2428 332 2478 πεῖν
379 2426 445 2479 ἂν
476 2428 543 2482 τὰ
593 2429 730 2502 ἔργα
759 2432 857 2503 τῆς
886 2432 1088 2505 σαρκὸς
1112 2437 1288 2489 ποιεῖν
1316 2435 1406 2489 τὸν
1447 2438 1513 2491 ἐκ
1544 2438 1652 2493 τῶν
1688 2439 1786 2493 κά-

199 2531 304 2579 τω,
336 2516 430 2571 τὸν
458 2518 514 2571 δὲ
561 2522 772 2593 καρπὸν
802 2524 896 2577 τοῦ
942 2524 1249 2597 πνεύματος
1295 2529 1383 2582 τὸν
1412 2532 1476 2583 ἐκ
1498 2532 1607 2585 τῶν
1650 2533 1782 2592 ἄνω.

203 2607 301 2658 καὶ
332 2609 492 2662 πάλιν
523 2611 621 2682 τὴν
653 2614 789 2682 πρὸς
836 2613 927 2670 τὸν
976 2616 1179 2689 κόσμον
1206 2618 1390 2673 τοῦτον
1430 2621 1650 2694 ἀγάπην
1693 2625 1784 2678 τὸν

203 2695 318 2789 (8?)
348 2700 414 2752 ἐκ
440 2700 530 2754 τοῦ
564 2704 767 2776 κόσμου
794 2708 982 2762 τούτου
1002 2725 1015 2738 ·
1050 2710 1193 2775 ἐπεὶ,
1225 2712 1363 2766 κατά
1385 2714 1474 2767 τὸν
1510 2717 1781 2789 Ἰωάννην.

200 2787 233 2839 6
258 2784 399 2857 ἔχων
444 2790 543 2862 τὴν
592 2793 814 2866 ἀγάπην
859 2797 951 2850 τοῦ
983 2798 1140 2862 Θεοῦ,
1172 2801 1378 2866 ἐκεῖνος
1407 2804 1508 2856 οὐκ
1538 2804 1683 2859 ἔστιν
1714 2784 1782 2861 ἐκ

198 2878 301 2932 τοῦ
328 2880 534 2951 κόσμου
565 2884 753 2938 τούτου
772 2903 785 2917 ’
817 2887 875 2953 ὃς
906 2888 962 2941 δὲ
988 2890 1087 2947 οὐκ
1115 2890 1303 2963 ἀγαπᾷ
1327 2893 1417 2946 τὸν
1450 2895 1669 2966 κόσμον,
1694 2899 1784 2951 ού-

200 2970 262 3024 δέ
291 2971 359 3026 τά
382 2976 439 3028 ἐν
462 2975 671 3048 κόσμῳ,
703 2979 836 3034 ἀλλὰ
855 2980 1028 3051 λέγων
1050 3001 1063 3013 ·
1102 3003 1120 3036 ι
1144 2986 1295 3058 Ἐμοὶ
1322 2989 1395 3059 μὴ
1417 2988 1624 3055 γένοιτο
1651 3009 1783 3045 καυ-

1892 520 2015 562 esse
2045 523 2058 560 :
2091 504 2180 559 alii
2213 504 2375 558 etiam
2402 502 2546 568 licet,
2570 516 2636 556 ex
2673 503 2772 556 hoc
2791 500 2988 556 saeculo
3018 516 3140 554 cum
3165 502 3258 567 sit,
3288 500 3403 555 ﬁeri
3434 517 3467 557 e

1893 597 2053 661 caelo,
2089 596 2307 650 dicente
2335 592 2614 661 discipulis
2645 591 2936 646 Servatore
2959 592 3046 646 8°:
3086 608 3104 640 ι
3140 588 3217 643 Ex
3264 592 3464 644 mundo

1891 687 2082 752 eratis,
2114 694 2168 738 et
2217 697 2317 754 ego
2352 697 2447 737 vos
2473 696 2506 737 e
2547 680 2748 735 mundo
2781 678 2942 748 elegi,
2976 693 3077 734 nec
3106 678 3343 746 amplius
3393 693 3464 732 ex

1893 779 2096 834 mundo
2120 776 2253 831 estis
2280 789 2295 828 :
2333 794 2352 827 ι
2389 771 2820 843 quandoquidem
2849 770 2993 825 enim
3022 770 3173 825 venit
3200 767 3464 823 Scrvator

1892 884 2139 940 quaerere
2184 878 2241 923 et
2287 881 2512 924 servare
2563 861 2705 934 quod
2758 864 2993 930 perierat
3038 861 3107 927 σί,
3163 862 3314 917 venit
3368 876 3463 915 eos

1895 950 2261 1017 translaturus
2285 959 2350 1014 ad
2376 973 2629 1028 superna,
2659 955 2750 1025 qui
2776 953 2987 1009 inferne
3014 965 3191 1019 erant,
3216 962 3272 1008 et
3299 954 3463 1008 ascri-

1891 1057 1968 1126 pti
2008 1057 2155 1110 cives
2203 1056 2349 1108 inter
2374 1068 2467 1107 eos
2511 1051 2603 1121 qui
2653 1049 2866 1103 inferne
2896 1057 3073 1103 erant.
3100 1048 3312 1103 Etenim
3348 1049 3465 1117 ipse

1891 1158 1992 1212 est,
2041 1147 2133 1217 qui
2175 1146 2456 1201 descendit
2510 1145 2561 1197 in
2620 1140 2908 1195 inferiores
2962 1151 3145 1210 partes
3199 1150 3358 1194 terra:
3386 1141 3453 1204 ⁶¹,

1892 1248 2113 1307 propter
2160 1251 2255 1291 eos
2302 1237 2393 1306 qui
2441 1245 2600 1290 erant
2649 1234 2701 1287 iu
2753 1232 2955 1288 inﬁmis
3001 1234 3246 1302 partibus
3279 1245 3459 1287 terrm.

1893 1329 2034 1394 Quin
2061 1330 2224 1385 etiam
2266 1331 2515 1385 ascendit
2557 1343 2719 1399 super
2752 1343 2941 1383 omnes
2994 1326 3159 1382 caelos
3213 1327 3276 1389 ⁸³,
3318 1326 3462 1380 viam

1892 1437 2207 1490 pt‘aaparaus
2254 1422 2585 1488 volentibus,
2633 1431 2796 1492 atque
2846 1421 3007 1475 etiam
3045 1421 3129 1474 his
3171 1420 3263 1488 qui
3294 1420 3463 1488 ipsius

1890 1512 2140 1581 discipuli
2171 1513 2383 1567 sincere
2415 1512 2637 1577 fuerint,
2672 1513 2735 1566 ad
2764 1528 2826 1567 ea
2859 1526 2979 1581 quae
2999 1519 3124 1565 sunt
3151 1524 3315 1579 supra
3347 1525 3464 1563 om-

1892 1619 1987 1657 nes
2037 1603 2224 1667 caelos,
2260 1605 2362 1659 hoc
2394 1614 2477 1657 est
2506 1604 2571 1658 ad
2626 1620 2689 1659 ea
2722 1620 2839 1672 quae
2866 1613 2990 1657 sunt
3019 1613 3174 1657 extra
3204 1617 3459 1670 corpora.

1891 1692 2044 1761 Quod
2079 1695 2123 1749 si
2152 1696 2307 1763 cupis
2336 1711 2364 1748 a
2394 1695 2680 1763 Scriptura
2716 1696 2925 1751 discere
2951 1695 3072 1764 quis
3097 1696 3170 1749 sit
3192 1710 3259 1749 ex
3288 1695 3462 1773 infer-

1889 1787 1997 1853 nis,
2059 1787 2297 1857 itemque
2327 1788 2450 1855 quis
2478 1789 2548 1843 sit
2597 1802 2629 1843 e
2674 1788 2950 1858 supernis,
2986 1788 3113 1841 audi
3150 1805 3163 1840 :
3194 1787 3461 1854 Quoniam

1890 1879 1977 1933 ubi
2031 1879 2196 1935 fuerit
2249 1879 2680 1951 uniuscujusque
2732 1880 3042 1944 thesaurus,
3094 1880 3205 1935 illic
3252 1879 3361 1936 erit
3401 1889 3458 1934 et

1890 1986 1985 2026 cor
2015 1970 2092 2037 “;
2144 1973 2188 2026 si
2219 1973 2342 2043 quis
2371 1974 2656 2027 thesauros
2687 1972 3056 2027 recondiderit
3085 1972 3137 2026 in
3173 1981 3343 2039 terra,
3390 1987 3461 2028 ex

1890 2064 2006 2131 ipso
2058 2065 2201 2132 quod
2255 2065 2507 2117 recondit
2536 2064 2823 2117 thesauros
2853 2064 2905 2116 in
2938 2073 3106 2127 terra,
3134 2078 3199 2118 ex
3233 2064 3462 2120 infernis

1886 2153 2156 2220 edicitur;
2191 2154 2274 2208 sin
2304 2169 2433 2208 vero
2464 2155 2754 2208 thesauros
2801 2154 3170 2209 recondiderit
3205 2155 3258 2208 in
3285 2156 3461 2219 caelis,

1886 2246 2132 2300 nascitur
2173 2260 2205 2299 e
2238 2245 2491 2313 supernis
2520 2283 2535 2306 ,
2569 2253 2623 2297 et
2664 2242 2891 2297 assumit
2933 2242 3233 2313 imaginem
3267 2258 3462 2314 super-

1887 2339 2130 2394 cuelestis
2153 2338 2198 2369 ”
2230 2356 2244 2391 :
2280 2349 2446 2406 atque
2476 2337 2639 2391 etiam
2690 2335 2829 2389 alius
2857 2335 3020 2407 304
3051 2352 3175 2391 cum
3205 2349 3451 2407 penetra-

1887 2429 1961 2483 rit
2000 2445 2189 2484 omnes
2234 2429 2403 2483 omlus
2433 2428 2502 2496 “,
2530 2429 2582 2482 in
2612 2429 2717 2482 ﬁne
2761 2428 3069 2485 invenietur
3121 2429 3461 2489 beatissimo.

1886 2522 2007 2575 Sint
2035 2532 2216 2575 autem
2251 2521 2533 2587 utriusque
2561 2536 2753 2591 opera,
2780 2521 2961 2590 qualia
2984 2523 3096 2576 dixi
3130 2540 3148 2579 z
3182 2525 3252 2578 ita
3289 2537 3348 2579 ut
3379 2527 3465 2582 di-

1884 2629 2077 2668 camus
2099 2628 2262 2683 Opera
2303 2613 2486 2666 carnis
2516 2611 2697 2666 facere
2726 2628 2850 2667 eum
2879 2615 2969 2683 qui
2994 2631 3057 2670 ex
3089 2616 3317 2672 infernis
3338 2628 3456 2685 est;

1888 2705 2119 2759 fructum
2152 2719 2280 2758 vero
2300 2703 2527 2772 spiritus
2546 2702 2725 2758 facere
2751 2720 2873 2758 eum
2893 2709 2983 2776 qui
3014 2718 3143 2763 este
3169 2712 3459 2779 supernis;

1885 2807 2051 2865 atque
2088 2811 2281 2850 rursus
2338 2810 2584 2850 amorem
2631 2810 2758 2865 erga
2794 2795 2941 2852 hunc
2990 2801 3245 2854 mundum
3278 2799 3461 2855 facere

1882 2887 2157 2942 hominem
2212 2902 2278 2942 ex
2321 2889 2425 2942 hoc
2477 2889 2679 2944 mundo
2728 2893 3083 2946 exsisteutem
3113 2909 3128 2949 :
3161 2892 3457 2961 quoniam,

1883 2983 2175 3036 secundum
2210 2980 2494 3045 Joannem,
2545 2983 2638 3051 qui
2685 2986 2852 3040 habet
2894 2998 3135 3039 amorem
3177 2984 3315 3050 Dei,
3367 2983 3460 3040 ille

195 3062 441 3169 'Ertiaﬁtzt,~
456 3066 521 3169 ei.
538 3065 645 3169 μὴν
658 3068 715 3122 ἐν
737 3068 814 3140 τῷ
838 3070 1056 3144 σταυρῷ
1083 3072 1176 3126 τοῦ
1207 3076 1412 3148 Κυρίου
1458 3095 1557 3149 μου
1606 3081 1722 3152 ἰησι

1948 3091 1990 3127 ιιι
2016 3083 2099 3128 est
2129 3088 2197 3128 ex
2230 3074 2332 3128 hoc
2362 3074 2593 3143 mundo;
2629 3078 2721 3146 qui
2754 3087 2932 3132 autem
2956 3093 3062 3132 non
3094 3076 3272 3147 diligit
3303 3093 3459 3132 mun-

202 3149 465 3223 Χριστοῦ,
493 3154 560 3209 δι’
587 3149 648 3210 οὗ
675 3159 797 3229 ἐμοὶ
831 3160 1036 3230 κόσμος
1081 3163 1441 3235 ἐσταύρωται,
1471 3170 1626 3238 κάγὼ
1667 3149 1777 3226 Ἰκό-

202 3255 350 3313 σμῳ,
374 3261 392 3296 1
423 3245 518 3299 καὶ
547 3248 739 3320 χωρῶν
766 3250 825 3303 τὸ
853 3251 1072 3325 ἀγαπᾷν
1098 3255 1303 3328 Κύριον
1333 3258 1423 3311 τὸν
1453 3258 1585 3314 Θεὸν
1613 3264 1777 3317 αὐτοῦ

201 3333 264 3428 ἐξ
294 3334 422 3428 ὅλης
467 3339 564 3409 τῆς
591 3342 817 3411 καρδίας
865 3346 1050 3410 αὐτοῦ,
1098 3349 1194 3403 καὶ
1223 3348 1283 3415 ἐξ
1326 3351 1455 3424 ὅλης
1476 3354 1573 3424 τῆς
1601 3355 1779 3428 ψυχῆς

202 3426 391 3490 αὐτοῦ,
425 3432 520 3483 καὶ
552 3429 611 3497 ἐξ
654 3433 782 3506 ὅλης
809 3434 908 3506 τῆς
952 3436 1189 3504 διανοίας
1224 3442 1411 3507 αὑτοῦ,
1456 3444 1533 3515 τῷ
1560 3445 1635 3517 μὴ
1668 3426 1779 3500 θλί-

203 3521 393 3577 ϐεσθαι
426 3525 524 3597 τὴν
560 3529 810 3601 τοιαύτην
856 3533 1074 3606 ἀγάπην
1105 3536 1208 3589 ὑπὸ
1247 3538 1346 3609 τῆς
1395 3539 1531 3611 πρὸς
1561 3542 1651 3595 τὸν
1684 3545 1775 3598 κό-

202 3627 343 3683 σμον
385 3618 624 3690 ἀγάπης,
661 3622 753 3675 καὶ
778 3623 844 3677 τά
875 3624 986 3697 (88)
1017 3627 1075 3680 ὲν
1121 3626 1200 3699 τῷ
1228 3628 1417 3700 κόσμῳ
1440 3648 1453 3660 ·
1500 3631 1778 3703 ἀμήχανον

202 3704 313 3778 γὰρ
342 3711 705 3784 συνυπάρχειν
754 3715 850 3788 τὴν
880 3718 1017 3789 πρὸς
1058 3718 1149 3772 τὸν
1199 3721 1402 3792 κόσμον
1445 3723 1663 3798 ἀγάπην
1712 3730 1777 3796 τῇ

386 3800 478 3854 τὸν
526 3802 659 3859 Θεὸν
690 3808 905 3881 ἀγάπῃο
961 3811 1037 3874 ὼς
1084 3813 1363 3883 ἀμήχανον
1418 3817 1779 3890 συνυπάρχειν

203 3887 454 3961 ἀλλήλοις
483 3893 598 3962 φῶς
620 3897 715 3949 καὶ
743 3899 949 3964 σκότος,
984 3900 1017 3972 ἢ
1048 3902 1282 3973 Χριστὸν
1324 3904 1417 3957 καὶ
1446 3904 1537 3959 τὸν
1562 3887 1777 3979 Βελίαρ,

202 3981 236 4051 ἢ
262 3983 355 4035 τὸν
379 3984 506 4038 ναὸν
550 3983 689 4042 εἶναι
717 3990 811 4043 τοῦ
856 3992 990 4046 Θεοῦ
1023 3994 1163 4064 μετά
1199 3998 1291 4049 τοῦ
1325 3997 1453 4052 ναοῦ
1492 4001 1781 4071 τυγχάνον·

201 4088 294 4164 τος
327 4072 436 4146 (89)
470 4076 720 4134 εἰδώλων.
769 4083 855 4146 Ὡς
887 4083 1151 4156 διαφορᾶς
1193 4087 1441 4157 μέντοιγε
1469 4090 1636 4164 οὔσης
1674 4093 1781 4148 τῶν

204 4163 355 4218 κάτω
379 4169 515 4239 πρὸς
536 4170 758 4242 ἄλληλα,
792 4173 1003 4244 λέγεται
1025 4177 1397 4249 ὑπερθετικῶς
1417 4182 1477 4235 τό
1497 4200 1512 4214 ·
1551 4203 1569 4235 ι
1596 4163 1782 4239 Ἔθεν-

203 4255 265 4308 τό
298 4274 366 4327 με
394 4259 453 4311 ἐν
494 4260 682 4334 λάκκῳ
727 4267 1022 4339 κατωτάτῳ
1045 4286 1058 4300 ·
1092 4288 1111 4321 1
1151 4271 1245 4324 καὶ
1274 4272 1336 4326 τό
1360 4290 1373 4303 ’
1415 4293 1432 4325 ι
1454 4274 1549 4338 Ei;
1580 4276 1648 4330 τὰ
1680 4296 1780 4332 κα-

200 4346 419 4403 τώτατα
445 4351 546 4422 τῆς
588 4354 691 4425 γῆς
724 4358 753 4410 6
797 4358 1061 4423 καταϐάς,
1096 4353 1252 4425 οὗτός
1283 4363 1431 4417 ἐστιν
1470 4366 1562 4419 καὶ
1584 4367 1612 4418 6
1642 4368 1773 4423 ἀνα-

1882 3170 2034 3234 dum,
2070 3183 2169 3223 nec
2198 3182 2262 3221 ea
2301 3166 2518 3236 quidem
2546 3183 2666 3237 quae
2709 3170 2761 3223 in
2797 3171 2998 3226 mundo
3023 3182 3149 3226 sunt
3181 3171 3356 3241 diligit
3383 3170 3453 3237 ",

1881 3260 1976 3314 sed
2002 3258 2173 3313 dicit:
2215 3276 2234 3308 1
2274 3257 2401 3311 Mihi
2430 3258 2575 3312 absit
2607 3258 2851 3327 gloriari,
2884 3261 2987 3318 nisi
3034 3262 3087 3315 in
3137 3276 3300 3316 cruce
3352 3261 3459 3317 Do-

1881 3348 2012 3404 mini
2072 3348 2175 3404 tnei
2225 3347 2353 3403 Jesu
2402 3347 2627 3413 Christi,
2675 3364 2772 3417 per
2822 3364 2985 3418 quem
3028 3350 3161 3405 mihi
3220 3349 3454 3403 mundus

1882 3443 2183 3498 cruciﬁxus
2205 3451 2312 3505 est,
2351 3447 2407 3493 et
2439 3453 2540 3505 ego
2578 3441 2783 3495 mundo
2815 3441 2883 3503 εθ,
2924 3460 2943 3492 ι
2979 3451 3033 3495 et
3056 3442 3203 3510 capit
3228 3440 3457 3509 diligere

1884 3537 2170 3592 Dominum
2201 3538 2366 3591 Deum
2391 3550 2549 3589 suum
2579 3548 2645 3587 ex
2678 3543 2791 3588 toto
2814 3534 2978 3589 corde
3002 3550 3122 3596 suo,
3162 3545 3216 3588 et
3242 3548 3308 3586 ex
3343 3540 3453 3586 tota

1884 3628 2065 3682 anima
2098 3643 2218 3695 sua,
2260 3635 2315 3682 et
2349 3641 2417 3680 cx
2466 3637 2578 3681 tota
2612 3636 2789 3680 mente
2835 3642 2930 3679 sua
2965 3626 3032 3691 ",
3063 3640 3128 3680 eo
3158 3625 3297 3694 quod
3347 3641 3456 3679 nou

1883 3729 2165 3790 prematur
2203 3718 2328 3774 talis
2360 3733 2517 3773 amor
2564 3719 2633 3773 ab
2663 3733 2850 3773 amore
2902 3718 3110 3784 mtmdi,
3162 3727 3217 3770 et
3265 3731 3455 3772 eorum

1883 3825 2004 3879 quae
2048 3821 2178 3865 sunt
2209 3811 2263 3865 in
2316 3810 2539 3864 mundo.
2592 3807 2756 3882 Fieri.
2786 3809 2929 3862 enim
2975 3809 3162 3877 nequit
3191 3818 3249 3862 ut
3293 3807 3459 3862 simul

1856 3902 2111 3981 .exsistat
2142 3918 2296 3957 amor
2324 3919 2451 3971 erga
2476 3902 2732 3957 mundum
2763 3916 2883 3955 cum
2909 3916 3092 3955 amore
3115 3916 3242 3971 erga
3261 3900 3454 3963 Deum,

1881 3996 2335 4065 quemadmodum
2374 3998 2491 4053 ﬁeri
2540 3998 2737 4066 nequit
2776 4006 2831 4048 ut
2872 3993 3031 4050 simul
3066 3996 3335 4049 exsistant
3364 3993 3459 4045 lux

1881 4097 1937 4142 et
1970 4088 2226 4151 tenebrae,
2256 4088 2507 4145 Christus
2532 4098 2585 4143 et
2615 4086 2795 4141 Beliar
2820 4102 2835 4143 :
2862 4089 2989 4143 item
3021 4088 3141 4142 ﬁeri
3181 4086 3372 4159 nequit
3400 4093 3458 4139 ut

1883 4178 2026 4233 idem
2072 4181 2330 4249 templum
2359 4182 2430 4237 sit
2463 4177 2723 4250 templum
2754 4181 2874 4247 Dei,
2906 4191 2962 4234 et
2995 4179 3250 4251 templum
3276 4180 3452 4235 idolo-

1884 4286 2002 4325 rum
2041 4272 2104 4329 ⁷ο.
2141 4270 2260 4327 Jam
2286 4276 2440 4342 quasi
2470 4257 2727 4332 diﬁeraut
2750 4277 2889 4329 inter
2906 4288 2965 4328 se
3000 4273 3114 4327 loca
3142 4287 3263 4341 quae
3289 4272 3457 4327 infer-

1884 4377 1953 4416 ne
1984 4372 2159 4428 sunt,
2198 4365 2522 4435 superlative
2556 4368 2801 4423 dicitur:
2838 4384 2858 4418 ι
2915 4364 3222 4420 Posuerunt
3271 4379 3358 4418 me
3400 4364 3457 4418 in

203 4438 324 4503 ϐάς.
362 4459 383 4493 ι
439 4444 639 4517 Διόπερ
666 4447 896 4503 ἐνώπιον
924 4451 1017 4503 τοῦ
1045 4452 1281 4524 Χριστοῦ
1334 4472 1353 4505 ι
1383 4458 1721 4527 προπεσοῦντ

1948 4470 2004 4509 cu
2035 4455 2223 4509 inﬁmo
2249 4456 2317 4521 ",
2377 4475 2396 4508 1
2430 4468 2485 4513 et
2518 4459 2646 4514 illud
2676 4478 2689 4515 :
2722 4479 2740 4511 ι
2792 4458 2897 4525 Qui
2927 4457 3205 4511 descendit
3233 4456 3300 4509 ad
3333 4456 3458 4509 iuli-

206 4532 306 4603 μὲν
339 4534 534 4600 πάντες
566 4540 614 4591 οἱ
646 4542 1058 4607 καταϐαίνοντες
1081 4563 1099 4595 1
1143 4546 1224 4608 είς
1262 4546 1328 4599 τά
1366 4548 1649 4622 κατώτερα
1683 4552 1779 4622 μέ-

205 4639 272 4694 ρη
304 4623 405 4695 τῆς
433 4627 557 4696 γῆς,
591 4630 672 4693 είς
706 4629 832 4701 ᾷδου
856 4648 869 4661 ·
922 4633 1043 4685 ἐπεὶ
1070 4633 1267 4704 ἀληθὲς
1298 4637 1361 4689 τό
1380 4654 1392 4666 ·
1446 4657 1464 4688 1
1489 4639 1603 4693 Ούκ
1630 4640 1776 4695 ἐστιν

204 4716 262 4767 ὲν
289 4716 367 4787 τῷ
395 4716 607 4791 θανάτῳ
638 4724 667 4774 6
701 4725 1053 4794 μνημονεύων
1087 4743 1177 4779 σου
1207 4741 1222 4756 ⁸
1268 4729 1325 4785 ἐν
1373 4729 1430 4783 δὲ
1458 4730 1533 4800 τῷ
1563 4731 1664 4804 ᾄδῃ
1693 4734 1776 4796 τίς

202 4806 649 4883 ὲξομολογήσεταί
696 4830 806 4880 σοι;
834 4834 852 4866 1
923 4816 1047 4870 Ἐἀν
1096 4817 1153 4870 δέ
1199 4836 1283 4882 τις
1330 4819 1677 4894 ἀνθυποφέρῃ
1713 4825 1773 4877 τὸ

203 4898 548 4955 καταϐαίνειν
593 4904 751 4957 αὑτὸν
776 4907 861 4975 είς
885 4905 952 4959 τὰ
982 4907 1265 4980 κατώτερα
1303 4910 1403 4980 τῆς
1429 4912 1551 4982 γῆς,
1584 4915 1775 4985 ἐπιτη-

203 4990 412 5060 ρήσεις,
447 4993 529 5047 ὅτι
578 4997 672 5049 ἐπὶ
708 4997 818 5051 τῶν
849 5000 1282 5055 καταϐαινόντων
1313 5005 1391 5066 είς
1427 5004 1532 5074 γῆν
1562 5006 1773 5077 εἴρηται

200 5081 289 5136 ἰϐ’
320 5089 791 5152 προσπεσοῦνται·
825 5093 1232 5148 ὑποπιπτόντων
1270 5095 1379 5167 γάρ
1414 5096 1492 5168 τῷ
1532 5100 1770 5171 Χριστῷ,

275 5245 323 5278 ⁸⁸
356 5244 514 5301 Joan.
551 5264 641 5307 xv.
670 5250 756 5306 l9.

860 5252 905 5284 ⁶¹
936 5252 1067 5307 Luc.
1094 5270 1208 5316 XIX,
1243 5255 1330 5308 10.

201 5316 249 5349 ⁸⁸
280 5314 444 5371 Hebr.
477 5333 547 5379 ιν,
586 5320 673 5373 14.

769 5322 812 5396 _°"
849 5320 1063 5396 l_.lo_au.
1108 5340 1167 5386 tt,
1210 5327 1276 5379 15
1317 5342 1434 5396 seq.

271 5522 473 5606 (8.5);0
493 5523 721 5606 ἶΣμιιξτήρ.
766 5524 928 5581 Deest
961 5540 1015 5580 tn
1045 5527 1233 5582 codice
1274 5528 1468 5600 Regio,
1501 5532 1595 5587 sed
1646 5526 1773 5606 legii

204 5592 293 5648 lttf
319 5595 381 5649 in
400 5592 720 5649 Bodleiano.

275 5662 505 5744 (8_6)Sic
558 5666 722 5744 habet
773 5666 941 5744 _codex_
972 5664 1316 5744 Bodleianus.
1369 5672 1561 5744 melius
1604 5689 1768 5744 quam

203 5730 424 5805 Regius,
456 5735 511 5791 in
540 5750 646 5806 quo
684 5735 882 5806 legitur
924 5735 1152 5801 ἑκάστου
1188 5737 1322 5810 ἔργα
1342 5730 1451 5795 οἷον
1478 5730 1626 5799 εἶπα.

1883 4563 2002 4603 mas
2028 4558 2213 4618 partes
2245 4560 2428 4616 terrae,
2464 4551 2551 4606 hic
2599 4561 2684 4607 est
2713 4552 2876 4606 etiam
2905 4549 2996 4619 qui
3037 4547 3283 4604 ascendit
3310 4547 3397 4613 7';
3430 4566 3450 4596 ι

1884 4641 2145 4710 quocirca
2178 4656 2364 4695 coram
2398 4642 2618 4698 Christo
2650 4662 2669 4694 ι
2704 4642 2988 4713 procident
3015 4654 3202 4694 omnes
3232 4638 3458 4711 descen-

1883 4734 2072 4788 dentes
2098 4734 2144 4765 ⁷³
2180 4752 2198 4784 ι
2239 4734 2304 4787 ad
2354 4734 2640 4790 inferiores
2671 4744 2856 4806 partes
2911 4744 3068 4788 terra:
3095 4774 3109 4796 ,
3142 4748 3334 4802 nempe
3398 4731 3454 4784 iu

1885 4825 2175 4891 infernum,
2223 4827 2482 4893 quoniam
2531 4842 2718 4881 verum
2751 4837 2834 4881 est
2877 4826 3008 4881 illud
3035 4843 3047 4879 :
3080 4844 3100 4874 ι
3142 4824 3258 4879 Non
3286 4834 3370 4878 est
3398 4824 3450 4876 iu

1884 4928 2057 4971 morte
2086 4919 2177 4987 qui
2212 4936 2420 4974 memor
2449 4921 2523 4974 sit
2572 4922 2685 4989 tui;
2738 4922 2792 4975 iu
2845 4919 3058 4975 inferno
3101 4930 3281 4974 autem
3329 4919 3452 4986 quis

1882 5010 2236 5063 conﬁtebitur
2265 5013 2362 5067 tibi
2393 5012 2481 5067 "7
2516 5031 2536 5064 ι
2568 5012 2721 5080 Quod
2768 5015 2812 5068 si
2845 5024 3034 5068 contra
3076 5013 3200 5083 quis
3230 5012 3454 5080 obiiciat

1882 5103 2059 5172 ipsum
2100 5103 2270 5158 etiam
2308 5105 2642 5160 descendere
2672 5106 2739 5160 ad
2786 5106 3074 5161 inferiores
3108 5113 3295 5176 partes
3337 5112 3452 5157 ter-

1439 5256 1484 5289 “
1516 5257 1712 5365 Eplli‘e's;

1948 5262 2034 5365 ,ξ’
2079 5262 2366 5365 ίδσίθλιῖ9.·..
2414 5265 2673 5365 “fimi:
2697 5283 2772 5333 ν¹ν
2795 5266 2933 5365 ξι..
2961 5266 3202 5365 ’,ἶέηδεῗΡ
3237 5281 3326 5365 λινε
3358 5266 3446 5365 ἐξ·

201 5329 249 5349 ·’
281 5329 444 5371 ﬂeor.
477 5333 547 5379 ιν.
586 5329 673 5373 14.
769 5329 811 5353 ⁵⁷
849 5329 872 5375 ι
910 5329 1063 5378 Joau.
1108 5340 1167 5386 ιι.
1210 5329 1276 5379 i5
1317 5342 1434 5396 seq.
1519 5330 1563 5359 ⁸⁸
1606 5329 1719 5383 Gal:

201 5384 247 5420 ’³
284 5386 426 5443 Psal.
466 5403 707 5455 unm,
749 5391 805 5445 7.
891 5392 1156 5463 "Ephes.
1195 5410 1268 5459 ιν,
1293 5397 1347 5463 9,
1379 5397 1466 5452 10.
1556 5399 1602 5431 ⁷⁸
1636 5401 1722 5455 Ps:

1948 5333 2029 5387 Μ.
2123 5334 2168 5365 δ’
2201 5334 2391 5388 Matth.
2433 5353 2568 5401 xxu,
2609 5338 2696 5392 37.

1965 5403 2055 5458 50.
2133 5404 2181 5435 7‘
2218 5403 2371 5461 Psal.
2399 5421 2475 5471 Vl,
2508 5408 2559 5462 6.

2808 5338 2853 5369 ⁷⁰
2892 5337 2934 5393 Il
2972 5336 3195 5402 Cor.\'t,
3259 5336 3450 5393 14-16.

2088 5537 2266 5618 Codex
2288 5539 2631 5618 Qodleianiis,
2669 5542 2776 5618 τόν·
2810 5542 3008 5618 Regius
3027 5583 3043 5607 ,
3068 5544 3191 5618 τήν,
3214 5542 3373 5599 male.

1950 5608 2063 5678 (88)
2091 5609 2274 5664 Codex
2311 5609 2653 5678 Bodleiauus,
2686 5614 2777 5665 καὶ
2808 5614 2930 5665 τῶν.

1934 5680 2061 5763 ,(89)
2086 5680 2270 5761 Codex
2308 5681 2653 5749 Bodleiauus,
2683 5684 3055 5755 τυγχάνοντος·
3093 5684 3292 5758 Regius
3318 5703 3449 5755 τυγ-

1884 5766 2086 5817 χανειν.
