3688 6146
307 223 408 277 567

1779 229 2099 288 ORIGENIS
2157 259 2168 269 -
3441 230 3501 286 5f
3504 232 3534 286 8

301 358 398 402 rte.
448 343 765 399 observabis
795 343 999 402 dictum
1048 361 1169 403 esse
1210 349 1277 404 de
1308 348 1768 407 descendentibus
1812 353 1815 405 ἴ

1998 351 2066 405 ια).
2090 351 2219 420 γόνυ
2251 350 2362 420 (90)
2394 351 2758 422 καμπτόντων
2790 351 2849 405 ἐν
2875 349 2952 422 τῷ
2969 350 3194 422 ὀνόματι
3237 343 3437 420 Ἰησοῦ,
3467 367 3540 405 τι-

304 452 511 495 serram
545 439 791 507 verbum,
815 441 1092 506 procidant
1123 459 1142 497 :
1166 457 1397 514 namque
1427 460 1492 498 ex
1537 445 1621 499 bis
1653 445 1744 513 qui
1775 459 1869 500 co-

303 548 421 587 ram
467 531 691 589 Christo
720 534 946 603 cadunt,
998 536 1199 607 quique
1231 552 1369 606 genu
1422 535 1648 592 flectunt
1688 539 1741 591 in
1772 553 1870 593 no-

302 622 448 678 mine
474 620 624 690 Jesu,
661 625 882 696 quidam
916 636 1098 693 antea,
1129 629 1347 698 quidam
1402 640 1524 699 post
1569 644 1753 685 coram
1802 643 1870 684 eo

300 714 493 769 cadent
525 732 540 781 ;
579 724 634 769 et
676 716 925 773 fortassis
959 720 1051 788 qui
1105 728 1231 773 sunt
1271 735 1437 789 super
1470 729 1690 785 terram,
1742 731 1868 776 ante

297 806 519 869 cadent.
543 817 596 862 et
635 816 761 862 ante
803 808 939 863 alios
968 809 1366 878 subjicienlur:
1399 811 1662 865 malorum
1717 826 1866 866 nam-

296 912 404 966 que
432 909 516 954 est
551 901 741 956 ultimo
762 900 951 967 subjici
975 918 988 967 ;
1014 916 1176 971 quam
1209 903 1278 956 ob
1302 917 1518 957 causam
1553 919 1573 955 ι
1597 902 1816 958 ultimus
1842 921 1861 955 ι

296 993 461 1048 etiam
499 1011 519 1044 ι
551 993 804 1048 inimicus
830 992 1135 1049 abolebitur
1162 1009 1306 1050 mors
1327 996 1393 1049 ⁷³.
1416 1014 1461 1071 η»
1493 994 1686 1051 Postea
1718 1010 1867 1065 quae-

299 1099 393 1140 res
421 1100 547 1138 uum
574 1086 1029 1155 quemadmodum
1060 1086 1302 1140 locorum
1328 1103 1450 1157 qua:
1478 1097 1603 1143 sunt
1631 1086 1864 1154 inferne,

300 1191 368 1232 eo
396 1177 539 1247 quod
591 1177 802 1231 dicatur
850 1179 978 1248 quid
1036 1177 1302 1243 infimum,
1357 1176 1434 1231 ita
1478 1178 1641 1233 etiam
1676 1190 1864 1232 eorum

198 1328 206 1336 ,
297 1284 422 1338 qua:
451 1279 577 1325 sunt
624 1284 858 1338 superne
888 1311 903 1334 ,
954 1270 1022 1322 sit
1060 1269 1364 1325 differentia
1398 1286 1413 1325 :
1452 1269 1612 1339 idque
1641 1283 1868 1338 praiser-

301 1359 424 1424 tim,
459 1361 718 1430 quoniam
753 1359 901 1429 regni
940 1358 1200 1415 caelorum
1244 1359 1532 1414 haereditas
1566 1358 1723 1413 nobis
1770 1358 1868 1414 ob-

302 1453 479 1521 tingat
514 1467 529 1506 ;
564 1453 657 1523 qui
687 1452 810 1507 caeli
841 1467 1031 1508 otnues
1058 1453 1380 1507 haereditate
1403 1452 1558 1507 nobis
1578 1450 1864 1521 obtingeu-

299 1553 384 1596 tes
412 1559 533 1598 cum
558 1546 669 1600 sint
691 1559 944 1614 superne,
983 1560 1088 1598 non
1125 1545 1404 1613 aequaliter
1425 1551 1605 1599 tamen
1637 1543 1779 1598 inter
1807 1558 1866 1599 se

300 1636 504 1691 habent
529 1637 659 1692 illud
683 1653 932 1707 superne.
957 1637 1097 1704 Quin
1144 1638 1313 1691 etiam
1348 1638 1391 1692 si
1417 1638 1613 1691 animae
1645 1645 1865 1707 propter

1971 443 2061 506 νὲς
2088 443 2186 514 μὲν
2229 442 2492 513 πρότερον
2522 441 2658 512 (91),
2692 440 2837 506 τινὲς
2882 441 2939 495 δὲ
2964 440 3187 512 ὓστερον
3215 442 3541 512 προπεσοῦν-

1969 553 2058 589 ται
2092 533 2240 605 αὐτῷ
2265 551 2278 565 ο
2331 533 2428 587 καὶ
2473 532 2613 603 τάχα
2646 535 2693 586 οἱ
2721 534 2814 586 ἐπὶ
2860 533 2964 603 γῆς
2989 532 3409 605 προπεσοῦνται,
3454 534 3539 587 καὶ

1968 625 2076 699 πρὸ
2103 626 2304 698 ἐτέρων
2337 624 2804 696 ὑποταχθήσονται
2830 624 2939 697 (92)
2962 642 2975 655 ·
3031 623 3294 696 χειρόνων
3337 624 3448 696 γὰρ
3487 625 3542 677 τὸ

1970 717 2191 790 ὕστερον
2220 715 2729 780 ὑποτάσσεσθαι,διὸ
2761 716 2855 770 καὶ
2892 735 2911 767 ι
2946 716 3171 787 ἔσχατος
3195 715 3392 789 ἐχθρὸς
3414 733 3540 770 κατ-

1967 813 2214 884 αργεῖται
2243 811 2271 861 ὁ
2296 809 2542 872 θάνατος.
2573 827 2591 860 ι
2630 807 2787 863 Μετὰ
2837 807 3011 863 ταῦτα
3041 807 3295 881 ζητήσεις
3336 809 3408 872 εί,
3437 806 3539 860 ῶσ-

1968 925 2075 980 περ
2110 906 2227 960 ἐστὶ
2259 905 2365 959 τῶν
2408 906 2557 961 κάτω
2594 904 2829 976 διαφορὰ
2862 904 2954 958 διὰ
2981 904 3042 958 τὸ
3073 904 3329 974 λέγεσθαί
3366 922 3420 958 τι
3451 922 3542 958 κα-

1965 1000 2211 1061 τωτάτω,
2240 998 2414 1063 οὕτως
2443 998 2537 1052 καὶ
2567 998 2675 1051 τῶν
2707 998 2818 1052 ἄνω
2846 997 3124 1071 διαφοραίο
3165 997 3404 1069 μάλιστα
3428 998 3542 1051 ἐπὶ

1966 1086 2299 1158 κληρονομία
2327 1086 2444 1139 ἐστὶ
2465 1086 2738 1157 βασιλείας
2753 1087 2864 1158 (95)
2889 1086 3154 1160 οὐρανῶνθ
3173 1087 3396 1141 πάντων
3417 1089 3543 1159 κλη-

1970 1179 2383 1251 ρονομουμένων
2413 1178 2659 1252 οὐρανῶν
2703 1179 2872 1233 ὄντων
2902 1180 3034 1244 ἄνω,
3082 1178 3193 1233 ἀλλ’
3221 1180 3322 1251 οὐχ
3349 1180 3543 1250 ὁμοίως

1965 1274 2195 1345 ἑχόντων
2222 1272 2281 1326 τὸ
2312 1268 2446 1326 εἶναι
2479 1272 2612 1326 ἄνω.
2663 1270 2823 1324 Ἀλλὰ
2851 1270 2943 1325 καὶ
2973 1272 3064 1324 ἐπὶ
3094 1274 3192 1342 τῆς
3225 1271 3430 1342 νοητῆς
3459 1288 3543 1324 κα-

1965 1364 2247 1426 ταϐάσεως
2266 1363 2376 1435 (94)
2395 1363 2495 1433 τῆς
2509 1362 2684 1433 ψυχῆς
2700 1361 2787 1415 διὰ
2797 1361 2893 1434 τὴν
2910 1364 3227 1427 κακίαν,καὶ
3251 1361 3323 1414 τά
3342 1361 3542 1434 μοχθη-

1969 1456 2039 1528 ρὰ
2062 1456 2326 1526 δόγματα,
2357 1454 2451 1508 καὶ
2474 1454 2671 1526 νοητῆς
2693 1453 3005 1518 ἀναϐάσεως
3028 1454 3196 1524 αὐτῆς
3218 1455 3415 1524 ὲπιστή
3425 1469 3538 1516 σας,

1966 1549 2064 1620 οὑχ
2108 1547 2295 1612 ἁπλῶς
2329 1546 2438 1617 (95)
2479 1547 2730 1618 εὑρήσεις
2775 1545 3068 1618 διαφοράνο
3114 1543 3392 1598 ὲπιπλεῖον
3436 1543 3541 1616 γὰρ

1967 1640 2170 1711 νοητῶς
2216 1637 2656 1693 καταϐαινουσῶν
2700 1638 2932 1708 νοήσεις.
2982 1637 3130 1707 ’Ἅμα
3164 1636 3220 1689 δὲ
3247 1637 3350 1706 ὅρα
3384 1637 3434 1688 εί
3469 1636 3539 1706 μὴ

296 1730 562 1785 malitiam
594 1741 649 1786 et
675 1746 839 1800 prava
863 1729 1022 1802 305
1046 1732 1319 1800 dogmata,
1344 1729 1734 1800 iutelligibilem
1768 1746 1815 1783 III

1998 1707 2390 1800 ιυστικώτερον,
2445 1727 2538 1780 καὶ
2565 1727 2626 1780 οὑ
2666 1707 2924 1789 τοπικῶς,
2975 1725 3102 1798 περὶ
3147 1724 3245 1795 τῆς
3274 1724 3387 1797 (96)
3439 1725 3540 1795 ’ἰη-

297 1821 507 1876 taveris
537 1822 885 1885 descensum,
933 1832 988 1876 et
1041 1820 1432 1893 intelligibiletu
1476 1820 1641 1891 ipsius
1675 1833 1867 1874 ascen-

295 1927 451 1977 sum,
501 1928 606 1967 non
660 1926 885 1980 parvam
941 1914 1185 1968 invenies
1237 1911 1596 1966 differentiam
1636 1928 1653 1963 :
1704 1910 1867 1964 latius

297 2003 443 2055 enim
479 2003 855 2058 considerabis
899 2003 1311 2075 intelligibiliter
1345 2004 1751 2058 descendentes.
1780 2003 1869 2057 Si-

295 2092 409 2147 mul
437 2094 601 2149 etiam
646 2095 768 2149 vide
800 2112 864 2150 an
909 2110 1012 2150 nou
1060 2096 1343 2151 sacratiori
1378 2095 1535 2149 modo
1563 2105 1614 2148 et
1647 2110 1752 2149 non
1790 2095 1867 2150 lo-

297 2185 490 2241 caliter
515 2187 788 2256 intelligas
813 2189 878 2242 de
907 2188 1084 2242 anima
1116 2187 1242 2244 Jesu
1274 2187 1405 2242 illttd
1436 2204 1453 2241 :
1495 2207 1514 2239 ι
1545 2188 1642 2255 Qui
1672 2203 1865 2243 ascen-

297 2276 378 2330 dit
435 2290 599 2345 super
637 2291 827 2332 omnes
869 2278 1035 2333 cmlos
1087 2279 1133 2310 ⁷⁸
1180 2296 1195 2332 :
1257 2298 1277 2331 ›
1342 2295 1464 2332 nam
1516 2278 1866 2349 intelligibilis

301 2380 582 2423 ascensus
618 2368 766 2423 illius
812 2371 1008 2424 anima:
1061 2370 1199 2424 ultra
1253 2370 1414 2424 etiam
1463 2385 1655 2451 omnes
1700 2370 1866 2425 caelos

298 2459 581 2524 transiliit,
607 2457 851 2529 jamque,
885 2470 943 2514 ut
981 2463 1051 2513 ita
1081 2461 1286 2524 dicam,
1313 2462 1379 2514 ad
1414 2461 1586 2531 ipsum
1622 2461 1867 2530 pervenit

297 2550 488 2605 Deum.
515 2548 894 2606 Verumtamen
940 2561 1135 2620 praeter
1163 2553 1305 2606 hunc
1338 2553 1609 2609 visibilem
1639 2564 1693 2609 et
1741 2569 1866 2609 seu-

297 2643 512 2698 sibilem
557 2644 838 2708 mundum,
881 2653 1217 2698 constantem
1266 2660 1297 2699 e
1330 2645 1471 2701 caelo
1501 2654 1557 2700 et
1591 2655 1755 2710 terra,
1779 2645 1866 2701 vel

298 2751 332 2791 e
385 2735 543 2791 cmlis
575 2744 633 2790 et
678 2744 842 2800 terra,
878 2744 962 2790 est
987 2736 1156 2791 etiam
1215 2736 1358 2790 alius
1385 2738 1603 2807 quidam
1635 2738 1865 2793 mundus

298 2829 486 2896 inquo
537 2837 665 2883 sunt
688 2842 810 2899 qua:
844 2842 950 2882 non
1013 2827 1304 2884 videntur:
1340 2837 1395 2883 et
1421 2830 1525 2883 hoc
1559 2838 1726 2883 totum
1781 2838 1866 2882 est

295 2920 529 2973 nmndus
578 2919 1011 2988 inaspectabilis,
1080 2919 1311 2973 mundus
1342 2920 1435 2990 qui
1489 2935 1593 2974 nun
1629 2920 1860 2985 videtur,

295 3012 535 3065 mundus
569 3012 923 3084 intelligibilis
961 3030 973 3064 :
1009 3010 1172 3079 cujus
1206 3013 1412 3066 visione
1460 3020 1515 3066 et
1559 3011 1859 3082 pulchritu-

1967 1821 2061 1875 σοῦ
2095 1821 2273 1892 ψυχῆς
2306 1821 2558 1883 άκούσεις
2589 1819 2677 1872 τό·
2731 1837 2752 1869 ‹
2777 1817 3005 1882 Ἀναϐὰς
3037 1819 3290 1889 ὑπεράνω
3324 1818 3538 1871 πάντων

1964 1913 2072 1967 τῶν
2105 1911 2367 1984 οὐρανῶνλ
2400 1930 2418 1962 ›
2475 1912 2508 1980 ἡ
2557 1908 2667 1980 γὰρ
2710 1909 2873 1980 νοητὴ
2906 1908 3165 1972 ἀνάϐασις
3198 1907 3416 1978 ἐκείνης
3443 1908 3537 1977 τῆς

1964 2005 2143 2078 ψυχῆς
2174 2006 2599 2078 ὑπερπεπήδηκε
2625 2005 2719 2057 καὶ
2744 2005 2949 2069 πάντας
2973 2005 3097 2068 τοὺς
3118 2004 3401 2075 οὐρανοὺς,
3424 2004 3533 2067 καὶ,

1964 2099 2039 2162 ὡς
2068 2098 2215 2151 ἐστιν
2252 2100 2447 2161 εἰπεῖν,
2495 2097 2594 2167 ήδη
2652 2095 2854 2166 ἔφθασε
2901 2096 3035 2166 πρὸς
3062 2095 3222 2149 αὑτὸν
3260 2094 3352 2148 τὸν
3387 2094 3534 2147 Θεόν.

1966 2189 2114 2260 Πλήν
2164 2187 2279 2240 ἐστι
2308 2205 2390 2251 τις
2424 2188 2518 2241 καὶ
2545 2187 2729 2259 ἕτερος
2758 2185 2906 2258 παρὰ
2937 2186 3028 2238 τὸν
3067 2184 3416 2256 δεικνύμενον
3448 2184 3537 2240 καὶ

1966 2279 2223 2350 αἰσθητὸν
2255 2279 2457 2349 κόσμον
2487 2278 2579 2331 τὸν
2614 2277 2919 2332 συνεστῶτα
2950 2274 3010 2342 ἐξ
3032 2276 3260 2348 οὐρανοῦ
3288 2276 3384 2330 καὶ
3413 2275 3533 2346 γῆς,

1966 2372 1998 2443 ἢ
2023 2371 2263 2443 οὐρανῶν
2297 2371 2390 2424 καὶ
2421 2370 2544 2441 γῆς,
2592 2369 2813 2441 κόσμος,
2849 2370 2909 2422 ὲν
3004 2368 3211 2422 ἐστιτὰ
3239 2369 3311 2440 μὴ
3344 2368 3534 2440 βλεπό-

1970 2479 2125 2531 μενα,
2176 2462 2269 2515 καὶ
2322 2461 2440 2515 ὅλον
2471 2458 2628 2536 τοῦτρ
2679 2461 2881 2530 κόσμος
2921 2459 3167 2531 ἀόρατος,
3223 2459 3433 2532 κόσμος
3476 2461 3533 2512 οὑ

1967 2553 2317 2625 βλεπόμενος,
2370 2554 2464 2606 καὶ
2513 2552 2698 2623 νοητὸς
2730 2552 2960 2624 κόσμος*
2993 2546 3052 2607 οὑ
3092 2555 3156 2624 τῇ
3188 2552 3307 2624 θέᾳ,
3335 2553 3431 2606 καὶ¹
3462 2551 3536 2622 τῷ

1965 2639 2152 2694 κάλλει
2180 2641 2455 2710 ὲνόψονται
2486 2642 2536 2692 οἱ
2575 2639 2805 2710 καθαροὶ
2834 2643 2900 2713 τῇ
2933 2640 3149 2713 καρδίᾳ,
3177 2659 3535 2713 προευτρεπι-

1967 2728 2185 2801 ζόμενοι
2218 2729 2306 2783 διὰ
2347 2730 2441 2784 τοῦ
2476 2731 2668 2801 ὲνορᾷν
2701 2729 2848 2800 αὑτῷ
2880 2732 2973 2784 ἐπὶ
3022 2731 3082 2784 τὸ
3113 2731 3414 2802 μετελθεῖν,
3465 2731 3534 2794 ῶς

1965 2827 2011 2880 τ’
2046 2826 2112 2880 ἂν
2144 2826 2237 2880 καὶ
2263 2824 2425 2879 αὑτὸν
2469 2825 2622 2896 ὁρᾷν,
2679 2823 2753 2888 ὡς
2785 2824 3014 2896 ὁρᾶσθαι
3048 2824 3288 2893 πέςρυκεν
3328 2826 3358 2877 ό
3385 2824 3531 2890 Θεὸς,

1963 2917 2055 2970 τὸν
2084 2918 2234 2972 Θεόν.
2276 2918 2538 2989 Ζητήσεις
2563 2914 2619 2968 δὲ
2660 2917 2708 2968 εί
2741 2915 2881 2979 κατά
2901 2932 2955 2968 τι
2984 2913 3092 2968 τῶν
3123 2914 3533 2986 σημαινομένων

1965 3009 2186 3064 δύναται
2216 3010 2243 3062 ὁ
2276 3008 2625 3082 Πρωτότοκος
2671 3006 2851 3078 πάσης
2877 3006 3103 3071 κτίσεως
3146 3003 3284 3061 εἶναι
3314 3008 3531 3078 κόσμος,

295 3104 422 3157 dine
454 3102 701 3160 fruentur
735 3105 826 3175 qui
857 3120 993 3173 puro
1027 3114 1155 3159 sunt
1184 3105 1366 3168 corde,
1397 3119 1505 3174 quo
1527 3103 1686 3172 hujus
1706 3120 1815 3158 mut

1998 3103 2061 3155 :ati
2092 3102 2323 3174 μάλιστα
2368 3099 2488 3153 καθ’
2515 3099 2544 3153 ὃ
2575 3099 2734 3167 σοφία
2775 3097 2922 3152 ἐστὶν
2953 3101 2986 3170 ἡ
3021 3098 3428 3162 πολυποίκιλος·
3460 3098 3532 3170 τῷ

295 3201 349 3255 ai
382 3199 735 3270 iutelligibilis
771 3200 976 3254 visione
996 3209 1158 3253 antea
1191 3200 1326 3252 bene
1353 3198 1528 3268 parati
1553 3206 1856 3267 penetrant,

294 3292 381 3347 vel
421 3292 489 3345 ad
521 3294 697 3360 ipsum
730 3290 900 3346 Deum
929 3291 1249 3354 videndum,
1277 3298 1541 3360 quatenus
1570 3289 1738 3343 videri
1769 3305 1862 3344 ua-

295 3395 412 3437 tura
454 3391 629 3454 potest
670 3384 831 3439 Deus.
891 3383 1113 3453 Insuper
1146 3384 1311 3438 etiam
1341 3397 1553 3452 quaeres
1613 3397 1679 3436 an
1710 3383 1860 3452 juxta

296 3476 530 3544 aliquam
563 3475 1014 3546 significationem
1065 3475 1236 3544 possit
1265 3474 1660 3545 Primogeuitus
1687 3476 1863 3530 omnis

293 3577 560 3620 creatura:
591 3566 635 3596 "’
665 3580 782 3621 esse
808 3568 1063 3629 mundus,
1097 3573 1159 3620 et
1187 3567 1487 3634 praesertim
1517 3564 1569 3618 in
1600 3575 1861 3633 quantum

292 3669 378 3713 est
424 3657 687 3727 sapientia
745 3657 1097 3712 multiformis
1149 3656 1195 3688 ⁷⁸
1229 3678 1241 3712 :
1277 3673 1343 3711 eo
1383 3656 1526 3712 enim
1564 3658 1706 3726 quod
1752 3657 1864 3711 sint

296 3753 349 3805 iu
381 3752 646 3822 sapientia
678 3765 870 3806 omnes
920 3751 997 3804 rei
1024 3749 1399 3818 cujuscunque
1444 3748 1861 3821 rationesjuxta

294 3859 429 3913 quas
466 3843 611 3898 facta
646 3852 775 3897 sunt
821 3844 1001 3897 omnia
1049 3857 1169 3912 quae
1196 3841 1338 3896 facta
1366 3843 1517 3897 fuere
1544 3857 1574 3895 a
1615 3842 1746 3905 Deo,
1804 3850 1862 3895 ut

294 3937 472 4005 inquit
494 3936 761 4006 Propheta
791 3955 804 3990 :
833 3955 852 3988 ι
881 3937 1076 3994 Omnia
1108 3935 1159 3987 in
1210 3935 1474 4004 sapientia
1517 3932 1691 3990 fecisti
1726 3935 1794 3998 ⁷³,
1835 3952 1855 3985 ›

296 4032 348 4084 in
384 4032 500 4100 ipso
526 4033 688 4084 etiam
724 4031 956 4085 mundus
988 4029 1172 4096 fuerit,
1204 4039 1357 4083 tanto
1401 4027 1737 4097 pieturatior,
1766 4040 1859 4080 or-

295 4124 472 4178 natior
521 4134 682 4193 atque
735 4125 895 4177 etiam
944 4123 1289 4193 praestantior
1341 4120 1542 4175 mundo
1589 4117 1858 4182 sensibili,

296 4226 500 4283 quanto
536 4215 675 4269 ratio
717 4214 897 4267 mundi
934 4215 1071 4269 nuda
1100 4213 1166 4268 ab
1193 4212 1341 4267 omni
1372 4211 1596 4265 materia
1637 4218 1860 4279 pra-stat

294 4306 399 4360 hoc
429 4306 628 4359 mundo
673 4305 980 4368 materiato,
1017 4319 1122 4357 non
1151 4316 1377 4373 prepter
1401 4301 1716 4363 materiam,
1764 4299 1859 4353 sed

292 4397 705 4467 participatione
742 4396 885 4450 illius
908 4397 1104 4466 Λόγου,
1141 4395 1220 4467 [id
1245 4404 1331 4451 est
1384 4394 1526 4449 illius
1566 4392 1684 4447 Filii
1740 4390 1858 4456 Dei,

1961 3194 2070 3266 γὰρ
2100 3190 2237 3248 εἶναι
2271 3193 2475 3257 πάντας
2523 3189 2830 3246 οὑτινοσοῦν
2875 3192 2999 3255 τοὶ-ς
3038 3190 3249 3259 λόγους,
3299 3190 3420 3244 καθ’
3442 3190 3532 3257 οὒς

1962 3287 2250 3356 γεγένηται
2294 3286 2474 3339 πάντα
2515 3285 2585 3339 τὰ
2615 3283 2718 3337 ὑπὸ
2749 3282 2840 3336 τοῦ
2870 3281 3003 3335 Θεοῦ
3027 3284 3084 3336 ὲν
3113 3284 3274 3355 σοφίᾳ
3306 3300 3528 3355 πεποιηο

1966 3374 2121 3445 μένα,
2149 3373 2222 3436 ῶς
2246 3390 2407 3444 φησιν
2431 3374 2460 3424 ὁ
2480 3372 2762 3442 προφήτης
2781 3388 2795 3401 ⁸
2831 3391 2849 3422 t
2878 3371 3060 3424 Πάντα
3089 3373 3146 3424 ὲν
3168 3372 3329 3444 σοφίᾳ
3350 3374 3531 3444 ἐποίη-

1964 3482 2081 3529 σας,
2108 3485 2126 3517 ι
2184 3466 2240 3517 ὲν
2287 3463 2435 3535 αὑτῷ
2485 3464 2569 3535 εἴη
2603 3462 2669 3517 ἂν
2713 3463 2806 3516 κα)⁹
2834 3462 2993 3526 αὐτὸς
3039 3464 3259 3535 κόσμος,
3297 3465 3530 3536 τοσούτῳ

1963 3554 2344 3628 ποικιλώτερος
2396 3553 2489 3607 τοῦ
2546 3553 2802 3624 αἰσθητοῦ
2853 3554 3058 3625 κόσμου
3104 3556 3196 3608 καὶ
3239 3556 3529 3629 διαφέρων,

1961 3648 2069 3719 ὅσῳ
2099 3647 2342 3718 διαφέρει
2369 3646 2572 3717 γυμνὸς
2619 3646 2799 3718 πάσης
2843 3645 2974 3717 ὑλης
3016 3646 3110 3699 τοῦ
3151 3647 3271 3700 ὅλου
3303 3649 3415 3716 (97)
3443 3648 3531 3702 κό-

1964 3756 2100 3810 σμου
2148 3739 2303 3808 λόγος
2350 3738 2443 3791 τοῦ
2493 3737 2679 3790 ἐνύλου
2716 3738 2941 3808 κόσμου,
2968 3739 3066 3792 οὑκ
3107 3740 3215 3792 ἀπὸ
3246 3740 3345 3810 τῆς
3377 3740 3524 3811 ὕλης,

1959 3833 2071 3887 ἀλλ’
2092 3832 2197 3886 ἀπὸ
2223 3831 2322 3901 τῆς
2350 3831 2580 3902 μετοχῆς
2601 3829 2694 3883 τοῦ
2720 3831 2915 3899 Λόγου.
2942 3831 3035 3884 καὶ
3060 3832 3157 3902 τῆς
3179 3833 3392 3901 σοφίας,
3422 3832 3527 3885 τῶν

1960 3923 2303 3995 κοσμούντων
2334 3923 2433 3994 τὴν
2461 3922 2589 3993 ὑλην
2615 3923 3060 3993 κεκοσμημένων.
3090 3925 3199 3976 Καὶ
3229 3925 3330 3995 δρα
3361 3927 3410 3977 εί
3441 3925 3525 3977 δύο

1959 4031 2114 4068 ναται
2156 4015 2186 4066 ό
2235 4013 2407 4081 λέγων
2429 4030 2441 4042 ’
2481 4031 2500 4063 ι
2522 4012 2635 4067 Οὑκ
2683 4013 2798 4083 εἰμὶ
2830 4012 2940 4081 ἐγὼ
2971 4014 3035 4066 ἐκ
3058 4012 3150 4066 τοῦ
3176 4015 3383 4085 κόσμου
3408 4013 3525 4066 τοὺ-

1958 4124 2074 4171 του,
2102 4125 2122 4159 ι
2170 4108 2203 4177 ή
2244 4105 2387 4175 ψυχὴ
2417 4099 2553 4157 εἶναι
2599 4101 2693 4156 τοῦ
2736 4102 2910 4174 Ἰησοῦ
2954 4104 3418 4175 ἐμπολιτευομένη
3454 4105 3527 4176 τῷ

1958 4197 2063 4267 ὅλῳ
2091 4197 2278 4266 κόσμῳ
2307 4194 2519 4264 ἐκείνῳ.
2564 4194 2658 4248 καὶ
2687 4194 2866 4248 πάντα
2892 4195 3051 4247 αὐτὸν
3095 4196 3525 4267 ἐμπεριερχομέ-

1959 4306 2047 4359 νη,
2101 4288 2194 4341 καὶ
2236 4284 2649 4358 χειραγωγοῢσα
2672 4278 2935 4338 ὲπάὑτὺν
2952 4286 3078 4348 τοὺς
3120 4287 3525 4357 μεμαθητευμέ-

1958 4395 2102 4440 νους,
2126 4377 2206 4429 ὅτι
2239 4375 2387 4427 οὐδὲν
2416 4373 2525 4443 (98)
2561 4372 2673 4443 ἔχει
2703 4375 2907 4437 ἐκεῖνος
2948 4376 2976 4426 ὁ
3006 4374 3207 4444 κόσμος
3245 4376 3417 4438 κάτω,
3452 4376 3524 4439 ὡς

291 4462 386 4555 qui
440 4462 523 4543 est
565 4502 691 4541 vera
740 4485 923 4557 ratio,]
969 4462 1025 4541 et
1073 4462 1484 4556 participatione
1530 4484 1806 4553 sapientiae

1998 4469 2079 4523 ὑδὲ
2106 4468 2215 4540 (99)
2245 4462 2417 4529 οὗτος,
2451 4466 2527 4529 ὡς
2548 4465 2684 4536 πρὸς
2707 4466 2767 4519 τὸ
2789 4466 3011 4537 ἀκριϐὲς
3034 4464 3356 4533 ὲξετάζοντι,
3394 4469 3522 4522 ἄνω.

293 4592 414 4646 quin
472 4578 731 4634 mundum
785 4588 841 4633 et
910 4585 1286 4634 ornamentum
1337 4574 1571 4630 afferunt
1615 4573 1856 4626 materia:

291 4667 530 4722 omnium
561 4684 681 4738 qua:
714 4670 913 4723 mundo
948 4668 1200 4738 insignita
1230 4666 1451 4721 fuerint.
1476 4664 1554 4719 Ac
1583 4663 1704 4717 vide
1729 4676 1857 4716 num

362 4807 407 4839 ⁷⁵
437 4805 606 4861 lCor.
637 4820 728 4868 xv,
758 4802 848 4856 26.
920 4803 967 4834 ⁷⁸
988 4800 1185 4870 Ephes.
1216 4816 1286 4863 tv,
1317 4798 1406 4854 lO.
1479 4799 1524 4831 ⁷⁷
1550 4795 1759 4852 Coloss.
1785 4812 1822 4862 t,
1860 4794 1948 4850 15.

363 4924 475 4998 (90)
506 4925 616 4998 Καὶ
654 4922 902 4998 γόΪυτ-Ιιι
941 4921 1110 4991 Regio
1140 4921 1326 4998 enclice
1353 4919 1498 4998 deest
1526 4916 1641 4997 καί.

366 4984 477 5068 (91)
509 4984 689 5051 Codei
715 4984 1052 5055 Bodleiauusv,
1094 4991 1358 5062 πρότερον
1381 5004 1395 5018 ο
1457 4988 1675 5056 Regius,
1729 4984 1857 5055 πρό-

290 5084 473 5227 figet)
500 5135 678 5189 Codex
705 5130 1052 5193 Bodleiauus,
1078 5128 1539 5200 ὑποταχθήσονται
1564 5144 1576 5155 ·
1633 5127 1851 5194 Ῑῖθὲίυεν

291 5222 707 5264 ῡποτασσονται.

364 5280 477 5351 (95)
505 5277 686 5351 Cede;
717 5271 1060 5351 Bodleianus,
1090 5272 1205 5323 ἐστὶ
1265 5268 1573 5341 βασιλείας·
1633 5265 1858 5335 Regius,

292 5345 436 5403 ἐστὶν
461 5345 502 5419 νή
531 5345 793 5419 βασιλεία.

365 5404 686 5489 (a4)'Codd.
731 5413 1059 5489 Budleianus
1104 5420 1160 5466 et
1212 5409 1562 5471 Barberinus,
1618 5404 1859 5461 καταϐά-

296 5484 470 5559 σεωςνλ
506 5488 726 5559 Regius,
768 5484 994 5559 βάσεως·
1029 5551 1082 5559 __
1145 5555 1158 5559 _
1215 5552 1228 5559 _
1402 5549 1416 5559 ,
1512 5547 1550 5559 ..
1609 5547 1640 5559 ..
1678 5547 1691 5559 .

365 5547 475 5626 (9'5)
504 5547 627 5627 0ὺᾷ
651 5547 879 5629 ἁπλῶς,
897 5551 1119 5629 etc._Sie
1145 5549 1485 5629 babet_codex
1505 5547 1853 5629 podleianus,

297 5617 567 5697 quodper
590 5617 982 5697 'g'ramma'ticas
1005 5624 1148 5697 leges
1177 5638 1279 5697 non
1309 5621 1455 5697 licet.
1505 5617 1560 5672 In
1594 5618 1763 5697 [legio
1798 5628 1855 5697 et

300 5686 625 5750 l'iat-be't'inov
646 5697 858 5766 legitur,
919 5694 1014 5763 οὐχ
1057 5686 1240 5757 ἅπλῶς
1296 5690 1545 5760 εὑρήσεις
1595 5686 1853 5760 διαφορὰν

1960 4565 2085 4628 Πῶς
2111 4565 2217 4634 γὰρ
2250 4562 2469 4615 δύναται
2499 4560 2642 4631 ἔχειν
2672 4576 2727 4612 τι
2770 4560 2797 4612 ὁ
2823 4560 3023 4630 κόσμος
3050 4554 3202 4623 οὗτος
3238 4560 3373 4627 ἄνω,
3402 4555 3461 4613 οὗ
3490 4563 3523 4631 ή

1963 4656 2138 4719 κτίσις
2173 4652 2444 4724 καταϐολή
2486 4654 2632 4705 ἐστιν
2660 4651 2771 4722 (1);
2802 4652 2877 4705 Οὑ
2907 4652 3016 4723 γάρ
3043 4651 3118 4715 ὡς
3150 4651 3338 4722 ἔτυχεν
3362 4653 3523 4706 ἀκουο

2013 4794 2061 4827 ⁷⁸
2085 4794 2282 4863 Epltes.
2316 4808 2398 4859 tu,
2427 4790 2515 4846 10.
2605 4790 2651 4823 ⁷⁸
2679 4789 2820 4845 Psal.
2863 4806 2979 4855 cm,
3011 4789 3104 4844 24.

1961 4912 2235 4966 ὲπιπλεῖον
2266 4909 2471 4981 νοητῶς
2523 4906 2963 4981 καταϐαινουσῶν
3025 4907 3255 4981 νοήσειςἶ
3306 4907 3524 4960 lluetius

1966 4999 2147 5037 vocem
2175 4977 2388 5052 νοήσεις
2414 4982 2783 5052 expungelmt,
2817 4980 2896 5030 vel
2932 4980 3001 5029 ita
3030 4987 3191 5052 certe
3245 4977 3521 5052 lugendum

1965 5053 2235 5112 censebat,
2258 5045 2362 5121 ὀὑχ
2399 5048 2582 5121 ἁπλῶς
2632 5049 2903 5121 εὑρήσεις,
2947 5048 3053 5121 Δκα).
3088 5045 3351 5118 διαφορὰν
3403 5049 3523 5100 ἑπι-

1963 5123 2143 5176 πλεῖον
2172 5116 2843 5197 νοητῶςκκαταϐαινουσῶν
2869 5118 3102 5197 νοήσεις.

2027 5193 2144 5274 (96)
2167 5189 2347 5247 Codex
2369 5190 2719 5254 Bodleiat-us,
2765 5189 2892 5259 περὶ
2921 5189 3021 5258 τῆς
3048 5204 3061 5216 °

1961 5281 2145 5403 τοῖέΠ)
2180 5330 2290 5385 Τοῦ
2321 5328 2576 5403 «Salamin
2605 5329 2791 5403 codice
2818 5326 3108 5403 Bodleiano
3138 5325 3294 5403 deest
3316 5324 3456 5403 ὅλου.

2036 5394 2148 5474 (98)
2172 5402 2352 5456 Codex
2385 5398 2729 5467 Bodleiauus,
2762 5399 2842 5451 ὅτι
2868 5397 3058 5450 οὐδέν’
3086 5396 3139 5450 in
3166 5394 3335 5465 Regio
3375 5398 3518 5450 deest

1962 5475 2141 5629 61299!)
2161 5542 2342 5598 Codex
2364 5539 2709 5604 Bodleianus,
2735 5536 2811 5601 ὡς
2834 5536 2956 5589 οὐδέ
2976 5552 2992 5568 ο
3021 5536 3074 5591 in
3112 5534 3278 5606 Regio
3305 5534 3507 5611 omitti-

1964 5624 2215 5752 ωἱῖίῇίῖ
2252 5684 2288 5750 ή
2321 5683 2514 5746 κτίσις
2540 5676 2840 5744 καταϐολὴ
2878 5677 3062 5733 ἐστιν.
3108 5677 3163 5731 lu
3208 5677 3309 5732 hac
3363 5688 3509 5736 voce,

3119 5184 3340 5255 Regius,
3397 5185 3519 5256 περὶ
