3688 6146
88 312 187 369 569

1132 309 1488 369 COMMENT.
1526 307 1595 365 IN
1631 307 1823 368 JOAN.
1852 306 2092 365 TOMUS
2124 307 2266 365 XIX.

3222 302 3329 362 570

88 434 237 489 στέον
266 429 382 498 τοῦ,
429 449 448 485 ι
471 429 587 505 Πρὸ
631 432 936 505 καταϐολῆς
962 432 1197 505 κόσμου’
1229 452 1248 486 ι
1298 430 1550 504 ἐπίτηδες
1573 429 1663 484 διά

1829 428 1940 483 μεείι
1969 427 2152 483 anima
2177 441 2299 482 esse
2343 425 2470 481 Jesu
2500 439 2623 497 qua.-
2660 424 2790 482 dicit
2818 442 2833 481 :
2866 442 2889 480 α
2934 425 3049 498 Ego
3078 440 3185 481 non
3209 440 3329 479 sum

87 524 336 595 τοιαύτην
373 522 448 595 (2)
475 521 716 578 ἐπίνοιαν
762 524 1082 579 πλασάντων
1124 525 1292 596 ὄνομα
1335 525 1445 578 τῶν
1487 523 1658 593 ἁγίων

90 614 167 677 τὸ,
203 613 308 681 τῆς
328 609 679 678 καταϐολῆς.
712 614 973 683 Καίτοιγε
1027 613 1280 668 ἐδύναντο
1323 614 1505 684 λέγειν
1552 612 1659 684 πρὸ

93 709 312 770 κτίσεως
337 704 564 777 κόσμου,
598 706 691 760 καὶ
734 705 810 778 μὴ
839 706 1145 778 χρήσασθαι
1187 705 1266 778 τῷ
1290 707 1391 777 τῆς
1421 708 1663 761 καταϐο-

91 797 203 868 λῆς
245 797 497 869 ὀνόματι,
533 798 690 862 Ὅλος
740 794 835 852 οὖν
866 798 895 851 6
921 797 1144 870 κόσμος,
1185 797 1280 852 καὶ
1310 796 1379 851 τὰ
1420 798 1479 851 ἐν
1510 798 1661 871 αύτῷ

94 890 149 944 ἐν
176 887 445 960 καταϐολῇ
480 890 627 943 ἐστιν
649 905 664 920 ·
716 887 822 954 ἔξω
852 887 910 941 δὲ
941 888 1248 960 καταϐολῆς
1274 887 1480 959 κόσμου
1525 904 1662 943 παν-

93 981 179 1046 τὸς
199 981 435 1051 γίνονται
479 981 527 1034 οί
557 980 650 1035 τοῦ
689 980 863 1053 Ἰησοῦ
895 982 1107 1053 γνήσιοι
1135 980 1393 1053 μαθηταὶ,
1421 977 1517 1045 οὓς
1542 979 1660 1045 εξε-

95 1074 276 1142 λέξατο
316 1075 383 1127 ὲκ
431 1070 527 1125 τοῦ
552 1072 780 1144 κόσμου,
828 1072 917 1127 ἴνα
947 1072 1143 1145 μηκέτι
1181 1065 1313 1127 ὦσιν
1342 1073 1408 1126 ἐκ
1439 1070 1534 1125 τοῦ
1567 1070 1660 1126 κό-

99 1182 248 1237 σμου,
277 1165 525 1237 αἴροντες
546 1165 639 1220 τὸν
667 1164 897 1237 σταυρὸν
928 1165 1158 1231 ἑαυτῶν,
1187 1164 1282 1219 καὶ
1308 1163 1661 1220 ἀκολουθοῦν-

95 1272 180 1320 τες
205 1254 369 1326 αὐτῷ.

1760 536 1826 577 ex
1857 521 1961 577 hoc
1989 521 2194 576 nmndo
2218 519 2287 587 ⁸⁸,
2326 540 2345 572 ι
2373 534 2708 575 conversans
2753 518 2809 574 in
2842 518 2939 574 illo
2962 529 3079 575 toto
3107 517 3329 585 unmdo,

1759 626 2088 681 omnemque
2131 626 2255 667 eum
2299 611 2658 682 perlustrans,
2694 626 2967 681 manuque
3011 611 3217 664 ducens
3261 607 3332 663 ad

1759 722 1883 762 eum
1910 720 2006 761 eos
2031 704 2123 775 qui
2170 704 2494 759 didicissent
2537 702 2667 757 nihil
2699 702 2911 758 inferne
2944 702 3144 758 habere
3171 717 3332 758 mun-

1762 801 1889 854 dum
1942 798 2092 853 illum
2141 795 2583 867 intelligihiletn;
2642 794 3103 865 quemadmodum
3161 808 3338 863 neque

1761 888 1885 952 iste,
1916 888 1961 943 si
1996 887 2121 957 quis
2151 894 2403 943 accurate
2427 887 2743 957 perpendat,
2773 886 3069 954 quidquam
3100 896 3337 949 superne

1740 981 1947 1045 ,habet.
1979 982 2237 1052 Alioquin
2281 980 2554 1052 quomodo
2586 979 2819 1034 mundus
2850 978 2956 1034 iste
2986 978 3186 1034 habere
3232 977 3337 1031 ali-

1762 1074 1891 1143 quid
1912 1087 2148 1143 superne
2193 1081 2373 1143 potest
2395 1112 2411 1138 ,
2457 1073 2614 1142 cujus
2664 1071 2909 1127 conditio
2939 1080 3025 1125 est
3056 1068 3288 1139 dejectio
3314 1069 3340 1124 τ

1761 1164 1949 1235 Neque
1982 1165 2127 1221 enim
2179 1167 2479 1222 oscitanter
2507 1164 2794 1235 legendum
2848 1171 2933 1217 est
2961 1161 3119 1227 illud,
3156 1179 3177 1212 ι
3210 1170 3341 1217 ante

1767 1259 2127 1330 dejectionem
2156 1260 2341 1316 mundi
2373 1259 2448 1326 ⁸¹,
2484 1277 2505 1311 ο
2555 1262 2679 1313 'cum
2713 1257 2887 1312 sancti
2927 1248 3340 1316 convenienter,

97 1359 147 1404 et
197 1347 432 1404 studiose
483 1363 678 1404 nomen
708 1348 811 1405 hoc
834 1347 935 1419 τῆς
965 1346 1270 1418 καταϐολῆς
1308 1346 1449 1421 [hoc
1479 1357 1562 1404 est
1592 1349 1927 1423 dejectionis]
1968 1362 2191 1421 propter
2233 1352 2392 1406 talem
2425 1350 2834 1421 intelligentiam
2863 1348 3142 1404 finxerint.
3186 1346 3341 1401 Alio-

99 1446 217 1511 quin
240 1445 417 1500 dicere
440 1452 691 1513 poterant
719 1441 825 1513 πρὸ
854 1442 1087 1506 κτίσεως
1125 1440 1252 1514 [hoc
1286 1453 1374 1497 est
1407 1451 1529 1498 ante
1568 1443 1945 1517 conditionem]
1997 1445 2219 1511 mundi,
2263 1461 2365 1501 nec
2396 1447 2474 1500 uti
2515 1444 2821 1515 dejectionis
2852 1440 3136 1499 vocabulo.
3166 1439 3341 1496 Totus

99 1539 267 1607 itaque
307 1536 557 1597 mundus,
590 1545 646 1590 et
668 1550 788 1605 qua:
819 1535 872 1589 in
912 1536 1027 1604 ipso
1062 1546 1211 1603 sunt,
1243 1537 1295 1591 in
1332 1536 1633 1607 dejectione
1674 1546 1839 1603 sunt;
1883 1549 1941 1593 at
1980 1537 2109 1594 vero
2161 1546 2315 1593 extra
2353 1537 2712 1608 dejectionem
2754 1537 2921 1592 totius
2960 1534 3144 1590 mundi
3177 1528 3343 1605 306

99 1633 349 1689 exsistunt
381 1633 627 1702 germani
658 1630 786 1688 Jesu
820 1630 1089 1701 discipuli,
1121 1647 1256 1702 quos
1288 1648 1320 1688 e
1345 1633 1545 1688 mundo
1564 1630 1822 1704 elegerat,
1849 1641 1908 1688 ut
1926 1648 2031 1691 non
2058 1633 2286 1706 amplius
2315 1643 2501 1689 essent
2523 1648 2555 1689 e
2587 1633 2808 1700 mundo,
2841 1630 3089 1687 tollentes
3121 1640 3341 1684 crucem

98 1740 258 1790 suam,
287 1734 343 1779 et
366 1734 659 1794 sequentes
690 1738 812 1780 eum
836 1726 902 1777 ⁸³.

161 1817 214 1874 6.
247 1835 267 1869 ι
288 1811 455 1871 Εἶπον
481 1812 575 1870 οὖν
598 1817 748 1888 ὑμῖν,
774 1816 857 1870 ὅτι
876 1815 1231 1871 ἀποθανεῖσθε
1257 1818 1315 1871 ὲν
1335 1819 1457 1881 ταῖς
1482 1818 1663 1889 ἁμαρ-

100 1910 228 1973 τίαις
256 1909 407 1980 ὑμῶν
430 1926 445 1940 ·
502 1908 597 1963 ὲὰν
641 1908 751 1981 γάρ
779 1908 855 1980 μὴ
898 1908 1245 1981 πιστεύσητε,
1276 1910 1355 1963 ὅτι
1390 1909 1501 1978 ἐγώ
1524 1912 1661 1981 εἰμι,

1839 1818 1891 1873 6.
1927 1836 1948 1870 ι
1994 1819 2115 1874 Dixi
2146 1834 2278 1890 ergo
2319 1819 2474 1875 vobis
2503 1818 2647 1888 quod
2677 1815 2984 1872 moriemini
3018 1815 3072 1869 in
3103 1811 3341 1883 peccatis

1767 1911 1969 1964 vestris
1995 1927 2010 1975 ;
2045 1909 2149 1964 nisi
2196 1910 2340 1965 enim
2384 1909 2730 1965 credideritis
2759 1907 2901 1976 quod
2925 1922 3025 1976 ego
3050 1919 3193 1970 sum,
3219 1916 3341 1958 mo-

102 1999 440 2054 ἁποθανεῖσθε
507 2002 566 2054 έν
612 2002 733 2064 ταῖς
769 2001 1063 2072 ἁμαρτίαις
1091 1999 1262 2070 ὑμῶν.
1288 2020 1307 2052 ι
1342 2001 1478 2054 Πότε
1511 1997 1663 2055 εἶπεν

1829 2002 1986 2057 emini
2021 2002 2073 2055 in
2102 2002 2341 2070 peccatis
2372 2000 2571 2056 vestris
2599 1999 2667 2055 ⁸³.
2707 2018 2727 2051 ι
2760 1998 2988 2066 Quando
3028 1997 3166 2052 dixit
3191 1995 3337 2051 illis:

104 2092 269 2156 αὐτοῖς
291 2107 304 2121 ·
355 2109 375 2143 t
397 2090 783 2146 ’Δποθανείσθε
840 2093 898 2145 ὲν
943 2094 1063 2155 ταῖς
1093 2092 1387 2163 ἁμαρτίαις
1437 2092 1610 2164 ὑμῶν,
1636 2114 1656 2147 ι

1829 2094 2134 2149 Moriemini
2194 2095 2248 2147 in
2292 2094 2534 2163 peccatis
2566 2092 2783 2156 vestris,
2825 2109 2844 2142 ι
2875 2089 2979 2145 nisi
3013 2088 3231 2159 quando
3260 2086 3343 2141 di-

103 2183 134 2253 ἥ
166 2184 247 2237 ὅτε
274 2183 481 2254 ἔφασκε
499 2200 514 2214 ·
552 2202 572 2236 t
597 2183 902 2255 Ζητήσεσθέ
925 2185 1003 2255 ('5)
1031 2201 1119 2255 με,
1143 2185 1237 2238 καὶ
1263 2185 1321 2237 έν
1341 2187 1460 2249 ταῖς
1482 2186 1663 2258 ἀμαρ-

104 2278 232 2341 τίαις
261 2277 410 2349 ὑμῶν
462 2276 818 2331 ἀποθανεῖσθε
845 2293 859 2343 ;
889 2296 909 2330 ι
957 2278 1021 2331 Τί
1064 2279 1122 2333 δὲ
1165 2279 1227 2332 τὸ
1269 2279 1438 2333 αῐτιον
1474 2278 1570 2333 τοῦ
1603 2280 1661 2333 ὲν

105 2370 212 2433 ταῖς
236 2369 534 2440 ἁμαρτίαις
565 2367 742 2426 αὐτῶν
768 2368 1133 2441 ἀποθνήσκειν
1161 2369 1501 2442 ἀνθρώπους,
1535 2371 1571 2443 ἢ
1602 2371 1663 2424 τὸ

109 2461 177 2532 μὴ
218 2460 511 2527 πιστεύειν,
561 2462 644 2515 ότι
682 2461 888 2529 Ἰησοῦς
938 2465 1085 2517 ἐστιν
1131 2464 1160 2517 6
1192 2465 1457 2535 Χριστός;
1501 2464 1663 2529 αὐτὸς

108 2551 205 2622 γάρ
250 2568 443 2623 φησιν·
507 2572 527 2605 t
556 2553 684 2607 Ἐὰν
714 2552 790 2625 μὴ
840 2554 1184 2627 πιστεύσητε,
1240 2557 1323 2609 ὅτι
1371 2555 1482 2627 ἐγώ
1525 2559 1661 2628 είμι,

109 2641 441 2698 ἀποθανεῖσθε
480 2644 540 2697 ὲν
574 2645 695 2709 ταῖς
727 2645 1023 2717 ἁμαρτίαις
1051 2646 1226 2718 ὑμῶν.
1249 2665 1268 2699 t
1326 2648 1390 2701 Εί
1441 2646 1499 2700 δὲ
1525 2649 1555 2700 6
1587 2647 1663 2720 μὴ

111 2732 381 2799 πιστεύων,
410 2734 500 2788 ὅτι
540 2733 749 2804 Ἰησοῦς
792 2737 821 2788 6
847 2736 1080 2807 Χριστός
1114 2738 1281 2801 ἐστιν,
1316 2736 1664 2793 ἀποθανεῖται

112 2824 164 2877 ὲν
200 2827 312 2890 ταῖς
333 2826 639 2897 ἁμαρτίαις
684 2828 899 2891 ἑαυτοῦ,
930 2827 1107 2898 δῆλον,
1136 2829 1216 2882 ὅτι
1263 2830 1293 2881 6
1327 2829 1400 2901 μὴ
1429 2829 1667 2902 ἀποθνή-

116 2931 246 2970 σκων
273 2917 329 2971 ὲν
366 2919 487 2981 ταῖς
518 2917 810 2989 ἁμαρτίαις
840 2918 1005 2973 αὑτοῦ
1055 2919 1385 2974 πεπίστευκε
1424 2920 1502 2992 τῷ
1528 2922 1664 2993 Χρι-

118 3007 244 3078 στῷ·
282 3012 309 3062 6
347 3008 402 3062 δὲ
431 3008 794 3081 ἀποθνήσκων
839 3012 897 3063 ἐν
945 3014 1066 3076 ταῖς
1119 3013 1412 3085 ἁμαρτίαις
1450 3014 1663 3080 ἑαυτοῦ,

118 3095 207 3153 κᾶν
236 3097 360 3172 λέγῃ
403 3099 682 3154 πιστεύειν
710 3099 786 3172 τῷ
816 3100 1055 3172 Χριστῷ,
1105 3101 1179 3166 ὼς
1225 3103 1362 3174 πρὸς
1390 3102 1450 3157 τὸ
1471 3102 1668 3174 ἀληθὲς

118 3189 172 3242 ού
199 3192 547 3246 πεπίστευκεν
581 3191 759 3262 αύτῷο
809 3192 903 3246 ἐὰν
937 3192 1043 3266 γὰρ
1073 3193 1147 3265 (4)
1174 3192 1399 3266 λέγηται
1451 3196 1549 3266 μὲν
1576 3196 1667 3249 πί-

122 3296 241 3347 στις,
271 3284 431 3354 χωρὶς
459 3283 517 3336 δὲ
551 3283 727 3356 ἔργων
755 3284 1014 3358 τυγχάνῃ,
1049 3287 1219 3356 νεκρά
1241 3288 1389 3342 ἐστιν
1421 3290 1454 3358 ἡ
1488 3288 1669 3341 τοιαύ-

1768 2186 1873 2251 xit,
1902 2204 1922 2238 ι
1964 2184 2234 2253 Quaeretis
2270 2200 2380 2249 me,
2407 2194 2464 2238 et
2485 2184 2538 2237 in
2572 2183 2811 2253 peccatis
2836 2181 3033 2236 vestris
3062 2179 3342 2234 moriemi-

1769 2277 1823 2331 ni
1880 2275 1972 2330 θ’δῖ
2010 2294 2033 2328 ι
2069 2275 2211 2342 Quid
2246 2288 2379 2330 vero
2421 2283 2507 2329 est
2560 2274 2614 2328 in
2646 2286 2810 2328 causa
2848 2281 2901 2325 ut
2937 2269 3187 2325 homines
3221 2283 3341 2323 mo-

1769 2369 1982 2424 riantur
2002 2369 2055 2424 in
2084 2368 2321 2439 peccatis
2342 2367 2476 2431 suis,
2499 2366 2605 2422 nisi
2635 2380 2739 2419 non
2768 2363 2991 2419 credere
3012 2360 3197 2417 Jesutn
3219 2375 3342 2415 esse

1769 2442 2100 2518 Christum?
2156 2461 2276 2533 ipse
2323 2462 2470 2515 enim
2523 2460 2694 2527 inquit
2728 2476 2741 2511 :
2775 2476 2793 2509 ι
2838 2454 2951 2510 Nisi
3003 2453 3345 2510 credideritis

1769 2555 1915 2626 quod
1940 2570 2040 2625 ego
2068 2554 2181 2622 ipse
2215 2544 2357 2615 sum,
2388 2550 2691 2606 moriemini
2721 2550 2774 2604 in
2804 2548 3040 2619 peccatis
3062 2546 3280 2602 vestris.
3318 2562 3340 2597 ι

1771 2647 1925 2716 Quod
1953 2647 2000 2702 si
2026 2647 2150 2717 quis
2173 2660 2281 2699 non
2334 2646 2509 2699 credit
2538 2642 2722 2699 Jesnm
2751 2656 2873 2695 esse
2905 2640 3202 2706 Christum,
3228 2651 3346 2711 mos

1772 2742 1912 2797 ritur
1962 2740 2015 2795 in
2066 2738 2304 2808 peccatis
2347 2738 2495 2801 suis;
2549 2736 2753 2790 scilicet
2802 2733 2894 2803 qui
2946 2748 3053 2786 non
3112 2730 3346 2785 moritur

1772 2835 1828 2888 in
1876 2832 2112 2904 peccatis
2165 2830 2319 2895 suis,
2369 2830 2414 2884 is
2445 2829 2662 2883 Christo
2708 2827 2903 2883 credit.
2958 2826 3030 2878 At
3082 2838 3211 2877 vero
3250 2821 3344 2892 qui

1773 2926 2004 2982 moritur
2034 2924 2087 2979 in
2121 2922 2362 2987 peccatis
2391 2922 2526 2984 suis,
2561 2919 2776 2975 etiarnsi
2826 2919 2971 2973 dicat
3014 2932 3073 2970 se
3125 2913 3346 2968 Christo

1774 3016 2020 3081 credere,
2048 3023 2310 3084 quantum
2360 3012 2426 3068 ad
2457 3011 2739 3067 veritatem
2788 3010 2889 3079 ipsi
2924 3023 3030 3063 non
3074 3006 3345 3071 credidit;

1775 3124 1899 3163 nam
1944 3106 2163 3163 etiamsi
2211 3106 2425 3160 dicatur
2454 3103 2610 3168 lides,
2666 3103 2759 3158 sed
2801 3104 2873 3157 sit
2912 3102 3030 3155 sine
3062 3098 3342 3168 cperihus,

1775 3198 2084 3267 huiusmodi
2118 3196 2252 3253 ﬁdes
2286 3205 2499 3252 mortua
2525 3204 2628 3262 est,
2667 3205 2725 3247 ut
2755 3193 2984 3264 legimus
3022 3192 3073 3245 in
3107 3190 3344 3255 Epistola

1776 3278 1896 3363 qua:
1940 3288 2129 3345 Jacobi
2166 3290 2384 3345 nomine
2429 3286 2813 3344 circumfertur
2863 3286 2931 3340 ⁸⁵.
2986 3285 3121 3348 Ouis
3181 3283 3349 3353 igitur

120 3388 198 3444 τη,
234 3375 303 3439 ὡς
352 3376 408 3427 ὲν
435 3378 503 3448 τῇ
540 3374 814 3447 φερομένῃ
854 3375 1107 3432 Ἰακώϐου
1123 3379 1399 3452 Ἐπιστολῇ
1434 3380 1668 3448 ἀνέγνω-

1829 3394 1936 3438 itas
1963 3391 2049 3439 est
2079 3382 2333 3445 credens,
2369 3381 2474 3437 nisi
2519 3381 2608 3434 ille
2633 3381 2726 3450 qui
2762 3394 2827 3434 eo
2873 3378 3119 3448 pervenit
3153 3385 3346 3430 utnon

125 3483 229 3537 μεν.
260 3468 350 3532 Τίς
372 3464 463 3522 οὖν
495 3469 607 3539 ἄρα
639 3469 783 3522 ἐστὶν
804 3471 841 3522 6
876 3469 1146 3525 πιστεύων
1176 3470 1209 3542 ἢ
1242 3473 1271 3526 6
1300 3472 1580 3538 πεπονθὼς
1608 3475 1674 3528 ὲκ

122 3558 204 3610 τοῦ
233 3559 524 3613 διακεῖσθαι
570 3560 711 3613 κατὰ
750 3560 841 3613 τὸν
888 3560 1066 3631 λόγον,
1115 3564 1210 3616 καὶ
1261 3564 1675 3634 συμπεφυκέναι

123 3648 255 3720 αὐτῷ
293 3650 352 3704 τὸ
399 3652 471 3725 μὴ
522 3652 879 3723 ἐμπεσεῖσθαι
912 3653 999 3719 ἂν,
1044 3656 1168 3709 ὅσον
1215 3656 1314 3727 μὲν
1351 3658 1443 3710 ἐπὶ
1466 3657 1676 3725 τούτοις

124 3742 221 3804 τοῖς
264 3744 459 3814 ῥητοῖς,
510 3745 597 3806 εἰς
644 3745 712 3797 τὰ
767 3743 1033 3816 λεγόμενα
1077 3746 1212 3818 πρὸς
1262 3747 1490 3802 θάνατον
1535 3745 1676 3803 εἶναι

125 3831 511 3906 ἁμαρτήματα;
562 3838 684 3891 ὅσον
736 3836 792 3891 δὲ
842 3839 935 3892 ἐπὶ
952 3837 1076 3909 τῷ·
1118 3858 1136 3890 t
1161 3840 1275 3904 Πᾶς
1305 3842 1335 3894 6
1382 3841 1673 3906 πιστεύων,

126 3922 196 3975 ὅτι
229 3924 422 3994 Ἰησοῦς
446 3928 536 3981 6X
547 3929 725 3999 ριστός
754 3930 921 3994 ἐστιν,
952 3932 1017 3983 ὲκ
1035 3930 1130 3983 τοῦ
1158 3930 1293 3984 Θεοῦ
1313 3932 1621 4004 γεγένηται,
1650 3952 1670 3984 ι

128 4013 214 4084 οὐχ
244 4017 537 4090 ἁμαρτάνει
592 4020 854 4092 καὶπρὸς
895 4021 923 4074 ὅ
969 4039 1020 4074 τι
1051 4020 1319 4091 δηποτοῦν
1368 4023 1479 4076 τῶν
1526 4023 1676 4096 παρά

128 4106 206 4161 τὸν
245 4112 393 4183 όρθδν
421 4113 721 4185 γινομένων
748 4114 903 4183 λόγον
926 4131 940 4180 ;
993 4116 1114 4169 "Et:
1143 4116 1198 4169 δὲ
1240 4117 1438 4187 μᾶλλον
1466 4118 1677 4189 νοήσεις

128 4201 175 4255 τί
201 4204 334 4259 ἐστιν
351 4223 365 4236 ·
403 4226 421 4259 t
443 4208 574 4261 Ἐὰν
601 4225 620 4259 ι
651 4207 758 4280 γὰρ
785 4226 804 4258 t
836 4207 910 4280 μὴ
932 4207 1277 4279 πιστεύσητε,
1298 4210 1380 4263 ὅτι
1405 4209 1515 4279 ἐγώ
1539 4212 1676 4281 είμι,

132 4294 457 4352 ἀποθανεῖσθε
504 4302 563 4353 ὲν
605 4302 726 4364 ταῖς
775 4300 1067 4372 ἁμαρτίαις
1116 4300 1289 4372 ὑμῶν,
1317 4322 1336 4353 ι
1391 4301 1429 4359 ἁ
1476 4305 1623 4359 ἐστιν
1650 4306 1679 4358 ὁ

134 4385 452 4457 Πρωτότοκος
481 4392 664 4464 πάσης
710 4393 940 4457 κτίσεως
986 4393 1451 4466 ἀναλογιζόμενος.
1497 4390 1621 4449 Οἷον
1650 4398 1679 4449 6

134 4480 376 4535 πιστεύων
417 4484 468 4538 τί
508 4487 656 4539 ἐστιν
697 4486 732 4557 ἡ
780 4486 1114 4559 δικαιοσύνη,
1147 4489 1247 4542 οὐκ
1289 4487 1355 4542 ἂν
1383 4487 1675 4561 ἀδικῆσαι⁸

136 4572 218 4625 καὶ
264 4574 345 4630 διὰ
375 4578 434 4631 τὸ
464 4578 863 4650 τεθεωρηκέναι
893 4581 1013 4652 ἥτις
1043 4581 1190 4636 ἐστὶν
1237 4583 1271 4653 ἡ
1298 4582 1479 4652 σοφία,
1515 4600 1680 4637 πεπι-

137 4665 351 4731 στευκὼς
393 4671 471 4734 είς
518 4671 619 4742 τὴν
664 4670 874 4741 σοφίαν,
898 4673 998 4725 οὐκ
1036 4672 1101 4727 ἄν
1138 4690 1191 4727 τι
1230 4674 1413 4746 μωρὸν
1442 4673 1677 4746 λέγοι,.ἢ

1776 3478 1957 3539 cadat,
2001 3483 2262 3543 quantum
2296 3473 2361 3526 ad
2394 3473 2509 3526 haec
2546 3473 2708 3526 verba
2738 3470 2997 3541 pertinet,
3041 3472 3093 3523 in
3123 3483 3184 3522 ea
3218 3482 3347 3536 pec-

1777 3576 1897 3622 cata
1922 3580 2041 3635 qua:
2070 3575 2197 3621 sunt
2240 3565 2309 3620 ad
2355 3574 2584 3619 mortem
2611 3564 2679 3629 ⁸⁸,
2712 3579 2777 3617 eu
2821 3564 2964 3632 quod
3014 3560 3237 3615 affectus
3275 3560 3348 3614 sit

1777 3660 2075 3715 secundum
2126 3657 2388 3712 rationem
2423 3664 2479 3711 et
2516 3656 2784 3711 coaluerit
2833 3670 2958 3709 cum
3006 3653 3118 3707 ea?
3172 3668 3347 3721 quan-

1778 3762 1892 3805 tum
1922 3765 2053 3805 vero
2080 3749 2147 3803 ad
2189 3748 2279 3802 illa
2310 3748 2470 3802 verba
2506 3764 2519 3801 :
2560 3765 2579 3796 ι
2618 3744 2808 3800 Omnis
2837 3745 2931 3815 qui
2955 3745 3129 3799 credit
3151 3744 3338 3798 Jesuut

1776 3857 1898 3898 esse
1921 3842 2221 3905 Christum,
2261 3854 2328 3894 ex
2364 3837 2480 3892 Deo
2501 3846 2665 3892 natus
2696 3846 2779 3892 est
2812 3837 2881 3905 ⁸⁷,
2931 3854 2949 3888 ι
2986 3846 3047 3890 ut
3087 3850 3192 3890 non
3223 3849 3351 3905 pec-

1778 3944 1866 3988 cet
1911 3933 1964 3987 in
2009 3933 2117 3987 ullo
2146 3946 2333 3987 eorum
2372 3945 2493 4000 qua!
2542 3929 2677 3982 fiunt
2731 3936 2928 3996 prmter
2954 3941 3154 3981 rectam
3184 3927 3352 3981 ratio-

1779 4024 1930 4079 nem?
1959 4022 2187 4093 Insuper
2209 4023 2465 4077 memoria
2496 4032 2747 4091 repetens
2770 4037 2853 4084 ea,
2885 4037 3001 4090 quae
3031 4029 3116 4074 est
3148 4019 3352 4073 Primo-

1779 4117 1995 4186 genitus
2018 4116 2200 4169 onmis
2228 4124 2497 4169 creaturae
2541 4115 2610 4180 ⁸⁸,
2658 4114 3037 4169 considerabis
3065 4113 3193 4183 quid
3227 4112 3299 4167 sit
3329 4127 3348 4169 ξ

1785 4226 1805 4258 ι
1842 4206 1959 4263 Nisi
2010 4207 2354 4261 credideritis
2382 4206 2527 4277 quod
2579 4222 2682 4278 ego
2732 4222 2873 4271 sum,
2931 4205 3239 4261 moriemini
3292 4205 3346 4259 in

1778 4300 2019 4371 peccatis
2051 4300 2250 4354 vestris
2276 4300 2342 4354 ⁸⁸.
2392 4319 2410 4353 t
2461 4299 2621 4355 Verbi
2660 4301 2855 4369 gratia,
2894 4299 2985 4369 qui
3012 4298 3180 4353 credit
3217 4298 3349 4366 quid

1780 4390 1850 4445 sit
1884 4390 2125 4460 justitia,
2151 4389 2411 4460 injuriam
2444 4406 2548 4445 non
2575 4389 2767 4445 inferet
2792 4408 2807 4454 ;
2836 4400 2893 4445 et
2934 4391 3022 4459 qui
3055 4391 3350 4445 crediderit

1781 4480 1833 4536 in
1862 4480 2210 4551 sapientiam,
2242 4481 2386 4551 quod
2415 4481 2555 4536 satis
2603 4481 2880 4550 explorate
2925 4483 3230 4551 perceperit
3258 4498 3353 4537 co-

1780 4574 2132 4645 gnoveritque
2171 4587 2315 4638 eam,
2378 4574 2424 4629 is
2474 4589 2573 4630 nec
2614 4574 2822 4629 fatuum
2852 4574 3054 4644 aliquid
3103 4575 3354 4643 loquetur

1782 4681 1884 4722 nec
1922 4666 2105 4722 faciet.
2142 4646 2236 4723 Ασ
2268 4667 2385 4723 haec
2431 4670 2523 4737 qui
2579 4666 2869 4722 crediderit
2912 4666 3102 4738 Λόγῳ,
3135 4665 3211 4740 [id
3269 4678 3354 4721 est

137 4756 370 4826 πράττοιο
407 4762 530 4815 ἐπεὶ
557 4763 586 4815 6
621 4763 914 4827 πιστεύσας
937 4763 1014 4835 (5)
1056 4763 1134 4836 τῷ
1165 4766 1223 4818 ὲν
1252 4767 1394 4836 ἀρχῇ
1427 4767 1564 4839 πρὸς
1586 4765 1668 4820 τὸν

1829 4762 1974 4816 ιιίοηί
2029 4770 2086 4816 et
2130 4760 2267 4818 Filio
2302 4760 2434 4834 Dei]
2488 4761 2580 4830 qui
2626 4770 2747 4815 erat
2798 4760 2851 4815 in
2904 4761 3170 4831 principio
3208 4759 3354 4830 apud

138 4846 259 4902 Θεὸν
279 4851 447 4924 Λόγῳ,
472 4856 531 4909 ὲν
562 4854 640 4927 τῷ
673 4857 1125 4928 κατανενοηκέναι
1154 4858 1338 4923 αὑτὸν,
1368 4860 1518 4914 οὐδὲν
1551 4860 1675 4915 ἁλό-

201 4980 241 5013 ⁶⁸
259 4978 667 5060 !oau.j_rttt,_25._
729 4988 772 5021 ⁸⁸
807 4987 964 5060 Joan.
1000 5006 1131 5057 xvn,
1157 4991 1263 5060 24;

1783 4855 1952 4909 Deum
1972 4854 2017 4886 ’°
2041 4870 2058 4921 ;
2085 4854 2209 4909 dum
2261 4854 2405 4909 illius
2434 4854 2740 4923 cognitione
2768 4851 2987 4919 fruitur,
3016 4853 3150 4908 nihil
3184 4870 3213 4909 a
3266 4869 3354 4909 ra-

1293 4991 1491 5060 Ephes.
1519 5010 1558 5057 ι,
1578 4994 1613 5048 4
1630 4992 1651 5058 ;’

1829 5009 1865 5045 r.
1896 5008 1935 5055 I,
1958 4989 2050 5045 30.
2114 4988 2160 5020 ⁸³
2187 4985 2563 5060 Joan._x_v,_19
2587 5003 2601 5051 ;
2629 4984 2798 5060 Marc.
2823 4985 3047 5060 ηιμ-54.
3121 4985 3169 5017 ⁸³
3192 4983 3351 5060 Joan.

139 5051 341 5131 3.524.
412 5053 464 5131 ιχ
482 5054 609 5112 ibid.
642 5058 731 5114 2t.
807 5060 854 5092 θ’
884 5059 1001 5117 Jac.
1030 5077 1095 5129 ιι,
1119 5051 1211 5121 '20.
1249 5051 1515 5119 ἰε’[ιοηι.
1547 5051 1668 5131 "vi,'t

1829 5062 1896 5117 "l
1923 5051 2081 5119 Joan.
2108 5073 2162 5125 v,
2201 5060 2255 5114 1.
2330 5058 2376 5089 ⁸⁸
2395 5051 2603 5112 Cdloss.
2637 5067 2677 5122 I,
2706 5057 2795 5112 14.
2870 5055 3084 5111 "Joan.
3117 5072 3234 5125 Vill,
3258 5057 3359 5110 24.-

141 5117 181 5150 ⁸⁶
201 5119 340 5176 Joan.
366 5138 406 5190 t,
432 5123 487 5178 2.

144 5259 407 5344 καταϐολή,
435 5260 794 5344 patrocinium
830 5262 1089 5344 ‘qumsivnit
1122 5260 1386 5344 Origenes
1432 5262 1668 5344 opinioni

1829 5279 2063 5344 erperam
2094 5263 2311 5344 legitur,
2330 5265 2603 5344 _ér_rirr;6eg
2633 5267 2887 5339 τοιαύτην
2918 5266 3163 5322 ἐπίνοιαν
3212 5264 3353 5321 πλα-

146 5342 258 5408 stite,
286 5332 383 5408 qua
410 5332 664 5408 mundum
711 5332 984 5408 conditum
1027 5334 1261 5399 fingebat
1298 5350 1362 5388 ex
1382 5332 1668 5408 __tnent_intn

1829 5332 2001 5408 ίινξτων
2018 5332 2294 5408 ὀνομάτων
2319 5332 2508 5405 ἀγίωνξ

149 5398 455 5474 diversitate,
485 5417 605 5473 qua:
637 5404 746 5457 huc
778 5403 937 5474 dejici
962 5398 1171 5474 meritae
1212 5416 1356 5458 sunt.
1382 5402 1514 5457 Vide
1542 5404 1581 5460 Ι.
1611 5420 1672 5458 ιιι

145 5466 267 5544 Papi
299 5466 518 5539 ἀρχῶν,
532 5484 653 5544 cap.
688 5473 743 5535 5,
772 5466 919 5544 num.
946 5472 1001 5536 4,
1032 5484 1087 5527 et
1122 5473 1441 5543 Origent’ana
1469 5486 1671 5540 nostra,

149 5531 230 5590 lib'.
252 5531 512 5609 inquiest'.
543 5531 630 5608 ΙΞ,
660 5531 814 5598 num.
850 5543 908 5608 2,
941 5531 1030 5599 ubi
1080 5544 1147 5598 de
1196 5531 1400 5601 mundo
1448 5531 1669 5600 disseri;

150 5617 271 5660 tuus.
302 5608 550 5668 Hunnus.

212 5676 279 5749 (ἶ)
316 5681 608 5754 Ἐπίεηϐες
635 5684 731 5739 διὰ
754 5682 871 5753 τὴν
897 5685 1199 5754 τοιαύτην.
1248 5684 1341 5740 Sic
1378 5696 1522 5740 recte
1575 5684 1670 5739 ha-

155 5741 230 5799 bet
256 5741 408 5804 codex
429 5741 766 5822 Bodleianus,
792 5741 842 5810 in
866 5755 1035 5825 Regio
1073 5741 1249 5812 autem
1283 5766 1337 5812 et
1373 5757 1666 5813 Barbcrina

1812 5406 1935 5488 J5)
1982 5405 2157 5462 Codex
2201 5407 2542 5472 Bodleianus,
2600 5405 2934 5482 ζητήσεσθε-
2996 5407 3219 5479 Regius,
3262 5405 3356 5482 ξη-

1778 5492 1925 5549 τητξξ

1850 5546 1928 5621 (6)
1955 5546 2135 5621 Codex
2158 5544 2503 5621 Bodleianus,
2526 5547 2623 5603 ἐὰν
2646 5548 2755 5621 γάρ
2779 5547 3051 5621 -__Regius,
3075 5548 3171 5605 ὲάν
3198 5550 3277 5606 δέ.

1851 5618 1928 5688 (5)
1966 5618 2121 5671 Ἐπεὶ
2165 5621 2197 5672 ὀ
2237 5619 2603 5686 πιστεύσας,
2652 5618 2760 5676 etc.
2802 5618 3088 5679 Ferrarius
3134 5623 3352 5680 videtur

1778 5686 1975 5759 legisse
1997 5689 2079 5742 ἔτι
2100 5689 2127 5741 ό
2154 5688 2469 5757 πιστεύσας,
2500 5701 2608 5747 etc.
3214 5727 3218 5729 Α
