3688 6146
350 314 476 375 ττι

1820 298 2143 360 ORIGENIS
3480 292 3560 348 572

375 432 525 488 tione
567 430 806 486 alienum
844 430 1108 485 -l'acturus
1161 438 1247 484 est
1282 445 1300 484 :
1336 428 1416 485 sic
1450 427 1544 498 qui
1588 425 1767 483 credit
1797 438 1906 493 quo

2053 436 2160 489 γως
2197 417 2456 489 ποιήσαιο
2494 415 2629 488 πρὸς
2673 410 2886 476 τούτοις
2927 411 2958 464 6
3003 407 3291 472 πιστεύων,
3322 409 3402 462 ὅτι
3436 409 3562 476 αὑτός

374 524 492 593 ipse
546 529 632 576 est
670 536 775 591 pax
824 529 1013 575 nostra
1057 521 1143 585 ",
1194 520 1610 588 haudquaquam
1661 515 1941 599 quidpiam

368 613 691 684 operabitur
723 611 936 668 dissidii
980 621 1077 666 aut
1116 611 1266 668 belli.
1298 611 1438 678 Quin
1481 611 1670 677 etiam,
1704 609 1946 680 quando-

371 706 589 777 quidem
644 703 895 760 Christus
944 713 1033 759 est
1088 718 1202 759 non
1256 704 1432 759 solum
1478 703 1575 757 Dei
1630 702 1940 772 sapientia,

369 806 558 850 verum
588 795 754 849 etiam
784 794 879 849 Dei
915 794 1178 865 potentia,
1211 794 1303 862 qui
1335 794 1511 849 credit
1556 792 1654 859 illi,
1682 793 1736 848 in
1771 806 1943 863 quan-

371 895 486 941 tum
514 887 758 957 potentia
787 886 885 942 Dei
915 894 1022 950 est,
1053 885 1476 956 haudquaquam
1515 885 1621 941 erit
1671 885 1941 954 impotens

372 978 440 1034 ad
468 978 750 1048 praeclara.
792 977 1026 1033 Proinde
1059 977 1369 1034 necessario
1418 993 1541 1033 eum
1585 977 1942 1033 consideran-

373 1077 458 1122 tes
487 1067 803 1135 patientiam
831 1076 886 1121 et
908 1065 1313 1128 fortitudinem,
1343 1075 1567 1135 propter
1588 1064 1718 1119 illud
1757 1079 1773 1117 :
1816 1080 1838 1115 ι
1874 1061 1941 1117 Et

363 1174 518 1216 nunc
545 1174 667 1230 quae
691 1166 777 1213 est
806 1159 1067 1229 patientia
1094 1158 1256 1214 mea?
1286 1156 1479 1212 Nonne
1510 1157 1769 1212 Dominus
1784 1158 1831 1190 ⁸³
1858 1156 1881 1211 Τ
1912 1174 1934 1208 ι

367 1257 471 1313 et,
521 1267 539 1300 ι
592 1247 877 1305 Fortitudo
933 1263 1096 1315 mea;
1155 1266 1176 1300 ι
1224 1255 1324 1314 et,
1387 1266 1408 1299 ι
1453 1246 1771 1302 Substantia
1816 1260 1939 1301 mea

368 1339 631 1395 Dominus
673 1340 756 1405 ",
802 1358 824 1394 ι
875 1340 1117 1395 dicemus
1167 1340 1315 1411 quod
1360 1339 1407 1394 si
1455 1338 1700 1395 cedimus
1747 1338 1815 1392 ad
1861 1337 1941 1391 la-

363 1431 569 1498 bores,
607 1447 714 1487 non
771 1433 1049 1488 credimus
1099 1432 1197 1497 illi,
1249 1432 1303 1487 in
1359 1441 1615 1501 quantum
1644 1438 1733 1486 est
1776 1430 1937 1501 307

356 1520 659 1591 patientia;
707 1531 764 1578 et
818 1522 866 1577 si
904 1523 1267 1591 inﬁrmamur,
1321 1538 1429 1578 non
1458 1523 1732 1578 credimus
1764 1522 1838 1586 ei,
1881 1522 1936 1576 in

367 1624 633 1680 quantum
692 1622 778 1669 est
821 1616 1011 1671 robur.
1076 1614 1228 1682 Quod
1268 1614 1317 1669 si
1369 1614 1661 1686 eollegeris
1702 1624 1939 1669 caeteras

363 1700 565 1758 Christi
595 1705 1079 1768 considerationes,
1105 1720 1213 1760 non
1238 1703 1527 1760 dilﬁculter
1558 1705 1829 1771 invenies,
1867 1719 1935 1760 ex

367 1793 457 1849 his
500 1810 620 1865 quae
670 1796 926 1860 diximus,
977 1811 1214 1868 quonam
1262 1806 1423 1868 pacto
1470 1797 1563 1867 qui
1605 1812 1713 1852 non
1763 1798 1940 1852 credit

365 1884 612 1955 Christo,
641 1888 903 1943 moriatur
929 1888 983 1943 in
1027 1891 1270 1960 peccatis
1292 1890 1427 1944 suis.
1468 1888 1603 1944 Nam
1646 1890 1739 1958 qui
1777 1889 1940 1946 fuerit

364 1976 421 2031 in
467 1978 552 2032 his
605 1993 727 2047 quae
781 1980 1059 2035 contraria
1111 1989 1237 2035 sunt
1272 1979 1700 2036 considerationi
1747 1995 1936 2036 earum

361 2081 547 2123 rerum
570 2083 693 2138 quae
715 2079 801 2123 est
822 2070 1088 2135 Christus,
1116 2070 1170 2125 in
1202 2071 1315 2126 suis
1342 2073 1580 2140 peccatis
1612 2072 1864 2128 moritur.

439 2166 490 2218 7.
525 2176 546 2210 ι
570 2160 837 2215 Dicebant
867 2176 996 2233 ergo
1039 2162 1113 2216 illi
1151 2179 1165 2216 :
1197 2162 1274 2217 Tu
1316 2165 1439 2233 quis
1474 2179 1534 2219 es
1551 2163 1632 2218 "‘2
1658 2183 1680 2216 ι
1730 2162 1937 2219 Conse-

359 2261 538 2317 quens
561 2259 683 2303 erat
727 2259 819 2316 ut,
874 2252 1155 2308 audientes
1193 2270 1315 2324 qua:
1357 2270 1390 2310 a
1440 2253 1568 2310 Jesu
1616 2256 1937 2310 dicebantur

361 2350 488 2390 cum
520 2339 690 2394 multa
718 2351 1009 2409 potestate,
1034 2345 1438 2417 interrogarent
1480 2347 1602 2417 quis
1625 2358 1775 2403 esset
1804 2349 1931 2403 talia

361 2430 628 2503 loquens;
658 2435 945 2491 videbatur
964 2439 1108 2493 enim
1130 2453 1252 2495 esse
1276 2440 1472 2511 aliquis
1492 2442 1713 2497 homine
1739 2442 1930 2510 major,

359 2531 419 2578 et
455 2535 647 2579 natura
674 2529 920 2595 quedam
949 2529 1188 2584 divinior
1215 2529 1476 2588 Servatur
1501 2533 1690 2588 dicens
1724 2548 1739 2585 :
1775 2552 1794 2586 ι
1816 2532 1930 2589 Nisi

361 2616 708 2673 credideritis
743 2620 884 2688 quod
913 2634 1012 2691 ego
1053 2637 1205 2687 sum,
1243 2623 1547 2678 moriemini
1601 2624 1652 2678 in
1686 2627 1931 2695 peccatis

358 2709 559 2764 vestris
587 2710 658 2761 ".
680 2730 699 2763 ι
732 2709 861 2767 Illud
885 2726 1015 2785 ergo
1048 2730 1063 2769 :
1094 2732 1113 2766 ι
1139 2714 1218 2768 Tu
1240 2716 1363 2785 quis
1390 2731 1451 2772 es
1473 2716 1523 2771 2»
1556 2716 1721 2774 veluti
1746 2729 1925 2788 postu-

362 2795 590 2854 lantium
629 2812 714 2857 est
761 2818 1099 2873 responsum,
1149 2805 1261 2876 Ego
1313 2822 1433 2863 sum
1484 2809 1731 2866 Christus
1771 2829 1785 2865 :
1819 2813 1927 2877 vel,

362 2888 475 2958 Ego
516 2906 635 2946 sum
675 2895 939 2963 propheta
978 2911 991 2947 ε
1022 2895 1132 2958 vel,
1174 2898 1289 2965 Ego
1322 2914 1438 2954 sum
1469 2900 1649 2969 Elias;
1687 2904 1772 2958 vel
1810 2902 1927 2957 l'or-

362 2980 543 3047 tassis,
592 2982 702 3053 Ego
756 3000 875 3039 sum
924 2986 1150 3056 angelus
1192 2988 1286 3045 Dei
1326 3011 1337 3045 :
1371 3005 1545 3061 neque
1595 2993 1779 3059 enim,
1823 2996 1927 3050 nisi

2044 515 2191 567 ἐστιν
2222 513 2255 583 ή
2288 512 2479 583 εἰρήνη
2506 508 2682 580 ἡμῶν,
2710 507 2812 561 ούκ
2828 505 2894 560 ἄν
2916 522 2967 558 τι
2992 503 3224 573 πολέμου
3256 500 3349 555 καὶ
3372 501 3563 567 στάσεως

2042 604 2313 676 ὲνεργοίη.
2369 601 2527 656 Ἀλλά
2564 599 2659 655 καὶ
2690 598 2851 668 εἴπερ
2892 595 3125 668 Χριστός
3172 595 3318 646 ἐστιν
3344 593 3400 645 οὐ
3443 593 3563 663 μόνον

2040 695 2177 750 Θεοῦ
2212 694 2394 763 σοφία,
2435 692 2573 747 ἀλλά
2599 691 2694 746 καὶ
2721 688 2856 743 Θεοῦ
2895 687 3145 757 δύναμις,
3170 686 3198 738 6
3224 682 3475 737 πιστεύων
3494 687 3566 738 αύ-

2040 787 2119 859 τῷ
2154 787 2277 842 καθ’
2303 787 2332 841 ὃ
2369 785 2597 857 δύναμίς
2633 786 2804 847 ἐστιν,
2850 781 2950 834 οὐκ
2986 780 3052 834 ἂν
3079 778 3165 850 εἴη
3207 777 3339 849 περὶ
3372 777 3433 831 τὰ
3460 778 3567 832 καλὲ

2040 878 2321 942 ἀδύνατος.
2370 875 2706 945 Ἀναγκαίως
2731 873 2788 927 δὲ
2814 871 3164 933 ὑπονοοῦντες
3203 868 3366 922 αὐτὸν
3401 869 3567 939 ὑπομο-

2039 974 2137 1045 νὴν
2169 974 2264 1028 καὶ
2297 973 2450 1044 ἰσχὺν
2476 971 2563 1026 διὰ
2587 970 2649 1024 τό
2673 988 2686 1002 ·
2722 988 2741 1021 ι
2761 968 2871 1022 Καὶ
2903 966 2998 1021 νῦν
3026 965 3111 1029 τίς
3140 967 3173 1035 ἠ
3196 964 3433 1034 ὑπομονὴ
3464 981 3567 1033 pm;

2041 1066 2173 1137 Οὐχὶ
2193 1065 2423 1136 Κύριος;
2453 1084 2471 1116 ι
2496 1063 2592 1118 καὶ
2615 1062 2706 1116 τό⁸
2736 1081 2754 1114 ι
2778 1059 2953 1132 Ἰσχύς
2982 1050 3104 1131 μου,
3126 1077 3144 1109 ι
3173 1057 3271 1110 καὶ
3290 1055 3379 1109 τόο
3408 1055 3573 1109 «Ὑπό-

2042 1159 2230 1222 στασίς
2260 1175 2362 1229 μου
2394 1159 2423 1211 6
2446 1156 2669 1228 Κύριος,
2691 1173 2710 1205 ι
2742 1154 3006 1225 φήσομεν,
3039 1151 3122 1203 ὃτι
3156 1150 3206 1202 εί
3238 1147 3496 1217 ὲνδίδομεν
3517 1145 3573 1217 (6)

2041 1253 2177 1324 πρὸς
2224 1253 2439 1316 πόνους,
2470 1252 2532 1304 ού
2576 1249 2903 1319 πιστεύομεν
2940 1245 3088 1317 αύτῷ
3119 1247 3213 1300 καὶ
3256 1243 3378 1297 καθ’
3406 1243 3433 1296 ’ὁ
3459 1245 3575 1296 ἐστιν

2039 1344 2306 1414 ὑπομονήο
2332 1343 2426 1396 καὶ
2448 1344 2497 1395 εί
2518 1338 2871 1411 ἀσθενοῦμεν,
2899 1339 2961 1393 οὐ
2992 1336 3434 1406 πεπιστεύκαμεν
3460 1335 3578 1405 αὐτῷ

2039 1433 2160 1488 καθ’
2184 1435 2213 1487 ὃ
2233 1436 2378 1487 ἐστιν
2402 1433 2573 1503 ἰσχύς.
2617 1431 2743 1485 Ἐὰν
2775 1429 2831 1483 δὲ
2864 1428 3261 1497 ἀναλεγόμενος
3293 1426 3393 1488 τάς
3420 1423 3578 1489 λοιπὰς

2039 1524 2281 1587 ὲπινοίας
2309 1522 2400 1578 τοῦ
2439 1521 2694 1593 Χριστοῦ,
2720 1522 2781 1575 ού
2814 1518 3065 1592 χαλεπῶς
3093 1518 3159 1571 ὲκ
3173 1518 3287 1569 τῶν
3315 1516 3580 1588 εἰρημένων

2039 1618 2287 1689 εὑρήσεις
2315 1616 2435 1669 τίνα
2463 1615 2663 1687 τρόπον
2682 1616 2711 1667 ὀ
2740 1612 2814 1684 μὴ
2837 1610 3106 1665 πιστεύων
3135 1608 3214 1679 τῷ
3244 1604 3459 1679 Χριστῷ
3482 1606 3583 1659 ἁπο-

2040 1705 2282 1760 θανείται
2312 1708 2369 1759 ὲν
2392 1707 2513 1769 ταῖς
2547 1702 2842 1775 ἁμαρτίαις
2870 1699 3058 1754 αὑτοῦ·
3091 1698 3379 1768 γινόμενος
3409 1694 3507 1766 γὰρ
3540 1696 3583 1745 ἐν

2036 1799 2151 1860 τοῖς
2174 1795 2437 1858 ἐναντίοις
2469 1797 2535 1866 τῇ
2562 1792 2775 1862 ἐπινοίᾳ
2803 1785 2877 1846 ὧν
2909 1791 3059 1845 ἐστιν
3087 1793 3116 1845 6
3138 1789 3400 1862 Χριστὸς,
3429 1788 3484 1843 ὲν
3504 1785 3584 1843 αξι-

2033 1891 2156 1953 ταῖς
2176 1887 2510 1960 ἀποθνήσκει
2536 1889 2656 1950 ταῖς
2683 1885 2997 1957 ἁμαρτίαις.

2104 2163 2158 2217 7.
2199 2182 2218 2215 ι
2253 2162 2478 2233 Ἔλεγον
2505 2156 2599 2216 οῦν
2628 2161 2793 2233 αὐτῷ’
2818 2162 2891 2216 Σὺ
2919 2160 3003 2225 τίς
3029 2155 3109 2227 ei;
3144 2178 3161 2212 ι
3194 2158 3509 2214 Ἀκόλουθον
3534 2152 3585 2229 ἦν

2031 2257 2159 2319 τοὺς
2197 2256 2581 2327 ἀκροωμένους
2614 2255 2749 2326 μετά
2776 2253 2973 2325 πολλῆς
3005 2253 3257 2320 ἐξουσίας
3287 2250 3588 2320 ἀπαγγελλο-

2034 2349 2212 2419 μένων
2245 2348 2351 2405 ὑπὸ
2379 2348 2472 2401 τοῦ
2501 2349 2703 2420 Κυρίου
2739 2346 3101 2401 πυνθάνεσθαι
3139 2347 3226 2409 τίς
3260 2347 3350 2416 εἴη
3383 2348 3410 2399 6
3446 2344 3587 2398 ταῦτα.

2031 2438 2223 2507 λέγων·
2260 2438 2508 2507 ἐνέφαινε
2550 2439 2660 2509 γὰρ
2690 2439 2754 2492 τὸ
2797 2437 2934 2492 εἶναι
2967 2437 3262 2510 ἀνθρώπου
3301 2436 3481 2509 μεῖζον
3509 2437 3585 2507 (7),

2032 2533 2126 2584 καὶ
2155 2530 2402 2603 θειοτέρα
2440 2549 2525 2595 τις
2558 2531 2718 2601 φύσις
2759 2532 3047 2602 τυγχάνειν
3074 2535 3102 2585 6
3136 2532 3338 2602 Σωτὴρ
3374 2531 3587 2600 φάσκων,

2030 2625 2133 2689 ὅτι,
2174 2645 2192 2678 ι
2246 2626 2371 2679 Ἐὰν
2396 2625 2469 2696 μὴ
2507 2626 2822 2697 πιστεύητε,
2848 2627 2930 2679 ὅτι
2951 2624 3061 2695 ὲγώ
3087 2626 3228 2695 εἰμι,
3262 2622 3590 2677 ἀποθανεῖσθε

2031 2716 2089 2769 ὲν
2117 2718 2237 2780 ταῖς
2264 2716 2560 2788 ἁμαρτίαις
2608 2715 2782 2787 ὑμῶν.
2826 2734 2845 2766 t
2883 2715 2957 2768 Τὸ
3010 2710 3122 2768 οὖν·
3165 2734 3183 2764 ι
3235 2715 3319 2767 Σὺ
3366 2714 3447 2777 τίς
3474 2709 3546 2777 εἷς
3574 2731 3591 2764 ι

2029 2811 2193 2863 οἱονεὶ
2212 2810 2503 2863 αἰτούντων
2530 2805 2597 2880 ἦν
2625 2810 2937 2880 ἀπόκρισιν,
2957 2810 3060 2871 ὃτι,
3103 2808 3246 2877 Ἐγὼ
3283 2812 3411 2880 εἰμι
3437 2811 3464 2862 ό
3487 2810 3594 2879 Χρι-

2032 2904 2175 2967 στόςο
2206 2905 2261 2974 ἢ,
2305 2902 2445 2971 Ἐγὼ
2476 2904 2589 2972 εἰμι
2619 2905 2647 2957 6
2675 2905 2978 2975 προφήτης
3000 2905 3057 2972 ἢ,
3093 2902 3235 2970 Ἐγώ
3261 2904 3387 2973 εἰμι
3416 2900 3590 2959 Ἠλίας-

2029 2996 2062 3067 ἦ
2094 2997 2253 3066 τάχα,
2300 2995 2443 3064 Ἐγώ
2466 2998 2581 3068 εἰμι
2613 2994 2841 3064 ἄγγελος
2868 2992 3022 3047 Θεοῦ·
3061 2996 3161 3048 οὐκ
3199 2993 3266 3047 ἂν
3289 2994 3409 3066 γὰρ
3446 2994 3513 3064 μὴ
3531 2989 3594 3053 εἷς

356 3085 500 3126 unus
534 3088 599 3128 ex
634 3075 716 3130 his
757 3087 935 3157 esset,
969 3093 1034 3136 ac
1080 3080 1276 3137 similis
1320 3082 1421 3148 eis,
1470 3084 1748 3156 proferret
1792 3088 1910 3142 tali:

2053 3105 2114 3151 rt;
2140 3088 2345 3143 τούτων
2387 3084 2475 3157 ἦν,
2521 3089 2615 3141 καὶ
2648 3086 3024 3158 παραπλήσιος
3060 3086 3134 3158 (8)
3182 3086 3375 3150 αὐτοῖς
3417 3084 3594 3155 τυγχὰ·

357 3164 526 3219 verba
558 3169 808 3236 genuina.

2027 3198 2156 3247 νων,
2186 3180 2558 3252 προσεφέρετο
2586 3181 2842 3251 γνησίους
2864 3179 3054 3249 λόγους
3084 3179 3463 3251 τηλικούτους.

354 3320 3587 3355 mw

1512 3494 2452 3628 ΩΡΙΓΕΝΟΥΣ

950 3722 1091 3776 ΤΩΝ
1122 3724 1252 3779 ΕΙΣ
1286 3726 1331 3780 T
1328 3727 1372 3778 0
1406 3727 1595 3779 KATA
1634 3728 1972 3781 ΙΩΑΝΝΗΝ
2002 3728 2492 3784 ΕΥΑΓΓΕΛΙΟΝ
2522 3728 3000 3787 ΕΞἩΓΗΤῙΚΩΝ

1701 3892 2081 3980 ἸῸΜΟΣ
2133 3880 2261 3978 Κ’.

1646 4255 2319 4375 ORIGENIS

808 4468 1578 4539 COMMENTARIORUM
1620 4478 1704 4540 IN
1747 4479 2277 4543 EVANGELIUM
2319 4481 2744 4547 SECUNDUM
2786 4483 3163 4548 JOANNEM

1408 4655 1815 4750 TOMUS
1861 4661 2546 4755 VICESIMUS.

426 5000 483 5059 1.
512 4999 855 5059 Yicesimum
887 5016 1091 5063 tomum
1134 5009 1189 5066 in
1244 5012 1595 5085 Evangeiium
1648 5028 1676 5068 a
1715 5011 1910 5068 Joanne

2067 4986 2154 5067 ’1.
2200 5011 2456 5067 Είκοστὸν
2486 5011 2911 5084 ύπαγορεύοντες
2943 5013 3025 5077 είς
3075 5011 3135 5066 τδ
3166 5010 3310 5067 κστά
3350 5012 3592 5084 Ἰωάννην

355 5096 615 5152 traditum
649 5103 1089 5170 commentaturi,
1136 5103 1231 5161 Dei
1259 5106 1630 5162 amantissime
1660 5116 1824 5176 atque
1862 5108 1917 5161 in

357 5186 588 5245 Domino
643 5192 1091 5247 exercitatis-sime
1156 5197 1449 5262 Ambrosi,
1544 5201 1925 5257 decentissime

354 5294 645 5351 precamur
670 5297 701 5338 e
727 5283 1063 5354 plenitudine
1086 5288 1211 5343 Filii
1237 5288 1353 5353 Dei.
1382 5291 1436 5345 in
1465 5305 1624 5361 quem
1649 5306 1921 5362 prepenso

2028 5106 2357 5174 Εὐαγγέλιον
2402 5104 2586 5176 τόμον,
2635 5103 2992 5173 φιλοθεὼτατε
3032 5104 3125 5158 καὶ
3168 5104 3590 5176 φιλομαθέστατε

2028 5201 2087 5252 ὲν
2117 5199 2307 5268 Κυρίῳ
2366 5196 2675 5267 Ἀμὸρόσιε,
2723 5196 2993 5268 εὐχόμεθα
3022 5197 3087 5250 ἐκ
3109 5195 3202 5249 τοῦ
3238 5196 3591 5269 πληρώματος

2027 5290 2121 5344 τοῦ
2156 5289 2286 5343 Υίοῦ
2312 5289 2403 5343 τοῦ
2435 5287 2591 5353 Θεοῦ,
2619 5292 2698 5353 είς
2716 5289 2775 5342 ὃν
2805 5288 3060 5360 εύδόκησε
3102 5290 3210 5343 πᾶν
3239 5288 3303 5343 τὸ
3329 5289 3592 5361 πλήρωμα

426 5417 470 5449 ⁹¹
502 5415 704 5486 Ephes.
743 5433 802 5484 ιι,
828 5418 916 5473 ﬂ.
991 5420 1040 5453 “
1072 5421 1211 5477 Psal.
1249 5439 1478 5491 xxxvm,
1514 5424 1570 5480 8.
1650 5425 1697 5458 ”
1726 5425 1871 5482 Psal.
1904 5441 2070 5492 cxvn,
2103 5425 2192 5478 M.
2263 5424 2311 5456 “
2338 5422 2492 5479 Joan.
2520 5440 2637 5492 vm,
2664 5424 2755 5480 25.
2831 5424 2878 5456 ⁹⁶
2902 5422 3034 5480 ibid.
3059 5424 3151 5480 24.

428 5533 504 5604 (6)
517 5533 764 5612 Codices
790 5534 1109 5612 Bodleianns
1139 5547 1193 5595 et
1241 5538 1588 5608 Barberinus,
1620 5544 1668 5597 εἰ
1707 5543 1903 5598 ἐνδίδο-

2053 5559 2112 5595 ου
2144 5540 2363 5612 μείζων.

361 5602 491 5669 μεν,
517 5602 572 5656 1η
602 5605 773 5672 Regio
803 5609 988 5661 codice
1015 5611 1165 5664 deest
1196 5612 1266 5663 εξ.

429 5671 506 5752 (7)
548 5674 617 5727 Τὸ
632 5671 795 5752 εῖναι
817 5677 1126 5752 ἀνθρώπου
1158 5680 1376 5752 μεῖζον.
1410 5681 1552 5751 Lego
1576 5699 1641 5752 ζτι
1676 5678 1814 5738 εἶναι
1836 5684 1930 5737 ἁν-

360 5738 603 5811 ορὼπου.
632 5738 939 5804 Εεηετίιιέ
960 5738 1176 5809 videtur
1214 5738 1414 5824 legisse
1445 5738 1527 5819 τίς
1552 5748 1689 5810 εἶναι
1715 5752 1924 5824 ἀνθρώ-

2106 5602 2183 5677 (8)
2225 5602 2404 5681 Codex
2451 5610 2671 5678 Regius,
2714 5610 2815 5665 ούκ
2847 5609 2913 5664 ἂν
2962 5609 3037 5681 μὴ
3067 5608 3127 5663 ἓν
3168 5625 3222 5662 τι
3264 5608 3470 5681 τούτων
3498 5602 3587 5681 ἦν,

2031 5680 2437 5809 famulitium»),
2469 5683 2565 5739 sed
2596 5681 2923 5740 Bodleianus
2949 5680 3233 5737 lectionem
3270 5680 3445 5736 nostri
3475 5680 3591 5735 tex-

2057 5769 2117 5809 us
2156 5768 2220 5809 ex
2265 5769 2280 5807 ι
2357 5764 2395 5807 t.
