3688 6146
388 294 493 353 575
1828 282 1962 338 0R"

2072 279 2154 335 ilS
3500 276 3581 331 576

384 409 612 479 judicia,
645 418 819 478 eaque
844 406 995 463 dictu
1032 404 1293 474 difficilia,
1337 420 1460 477 quae
1491 406 1749 461 videntur
1783 404 1851 459 ab
1874 405 1957 459 his

2072 401 2278 471 Γήτουςν
2321 395 2702 468 θεωρουμένας
2752 395 2858 448 ὑπὸ
2905 392 3015 447 τῶν
3055 392 3350 463 εἰληφότων
3374 389 3458 445 τὸν
3480 393 3587 465 Χρι-

389 501 481 570 qui
513 507 749 554 mentem
775 497 978 554 Christi
1006 510 1393 569 perceperunt.
1423 508 1484 553 ut
1520 499 1739 554 videant
1777 513 1897 567 quas
1923 514 1953 551 a

2072 491 2186 545 ποῦ
2206 489 2352 553 νοῦν,
2384 489 2471 542 ἵνα
2501 488 2651 543 ἴδωσι
2679 486 2748 541 τὰ
2768 485 2872 540 ὑπὸ
2898 485 2993 540 τοῦ
3020 485 3155 539 Θεοῦ
3177 483 3487 556 χαρισθέντα
3511 486 3589 538 αὖ.

389 588 500 644 Deo
525 589 628 644 sibi
656 590 853 644 donata
883 597 1010 644 sunt
1036 590 1105 655 ",
1144 590 1302 660 pauci
1334 590 1796 659 comprehendere
1830 603 1953 659 pos-

2072 586 2189 648 τοῖς,
2221 581 2421 649 ὀλίγοις
2459 580 2577 633 ἐστὶ
2618 579 2843 633 δυνατὸν
2874 575 3216 639 καταλαϐεῖν,
3248 577 3359 639 τοῖς
3380 576 3588 644 ἐπιμελέ-

389 687 548 744 sunt,
582 680 674 748 qui
704 678 1018 748 diligentius
1051 681 1399 734 commentati
1443 689 1571 734 sunt
1616 694 1733 749 qua:
1775 688 1952 732 ortum

2072 691 2249 745 ηερον
2281 672 2350 725 τὰ
2375 670 2483 741 πρὸ
2507 673 2774 739 γενέσεως
2796 669 2891 723 καὶ
2914 670 2982 723 τά
3012 669 3069 722 ἐν
3102 666 3311 736 γενέσει
3346 667 3463 738 mp‘t
3490 669 3580 723 ἐκά-

388 774 701 843 prascedant
740 787 968 842 quaeque
1002 773 1113 827 sint
1153 772 1208 827 in
1262 781 1384 828 ortu
1432 772 1819 843 cujuscunque.
1876 771 1957 826 Ac

389 865 644 933 quoniam
678 864 794 920 haec
818 865 945 919 talia
975 865 1286 936 quempiam
1330 864 1657 921 conturbare
1708 870 1953 932 possunt,

388 954 482 1024 qui
536 952 627 1008 illa
669 955 886 1023 quidem
941 962 1130 1024 ponat,
1163 955 1255 1009 sed
1290 970 1396 1008 non
1442 954 1757 1023 explorate,
1794 952 1958 1023 309

387 1046 632 1115 periculo
664 1062 763 1102 nos
787 1047 888 1117 ipsi
912 1046 1228 1114 objicimus,
1250 1049 1395 1117 quod
1419 1048 1486 1102 de
1512 1047 1676 1102 rebus
1690 1045 1953 1117 ejusmodi

388 1140 494 1197 hoc
516 1141 636 1196 loco
661 1141 842 1197 dicere
868 1150 923 1197 et
942 1140 1215 1212 explicare
1239 1142 1606 1214 periculosum
1627 1143 1718 1209 sit,
1743 1140 1952 1196 etiamsi

386 1247 514 1288 vera
538 1232 646 1288 sint
671 1249 684 1287 :
719 1241 773 1289 et
793 1241 942 1289 certe
959 1233 1322 1303 periculosum
1354 1243 1461 1300 est,
1494 1242 1780 1303 propterea
1809 1232 1956 1302 quod

387 1339 527 1394 opus
576 1325 649 1380 sit
700 1325 1062 1393 dispensatori
1119 1324 1504 1395 mysteriorum
1595 1325 1691 1380 Dei
1747 1334 1957 1393 tempus

386 1429 635 1481 quaerere
663 1413 977 1485 proferendi
1014 1413 1142 1470 talia
1179 1414 1435 1485 dogmata
1472 1414 1675 1484 absque
1707 1415 1954 1471 molestia

385 1507 703 1563 auditoris:
739 1517 795 1563 et
847 1508 1064 1562 modum
1138 1505 1450 1572 observare,
1504 1507 1591 1561 vel
1650 1506 1771 1577 ejus
1813 1508 1957 1578 quod

384 1595 590 1664 deﬁcit,
643 1598 730 1653 vel
763 1599 907 1669 quod
949 1607 1210 1669 superat,
1270 1605 1358 1663 et,
1409 1598 1456 1652 si
1510 1598 1768 1669 temporis
1819 1599 1959 1654 ratio

387 1686 672 1755 habeatu’r,
707 1689 849 1759 quod
877 1699 1073 1759 pratler
1095 1699 1299 1745 rectam
1332 1692 1595 1746 rationem
1624 1689 1719 1757 ﬁt;
1748 1689 1876 1760 quin
1904 1700 1959 1746 et

2060 782 2184 819 στου
2211 763 2534 833 διειληφόσι.
2568 763 2677 815 Καὶ
2714 762 2836 815 ἐπεὶ
2881 759 3113 832 ταράξαι
3164 757 3276 829 (Li)
3309 757 3373 812 ἄν
3400 774 3509 811 τινα
3538 760 3589 813 τὰ

2057 864 2302 927 τοιαῦτα,
2336 862 2595 916 συνθέντα
2623 861 2720 931 μὲν
2735 859 2926 925 ταῦτα,
2955 858 3028 930 μὴ
3055 854 3388 929 ἀκριϐοῦντα
3410 856 3479 920 δὲ,
3505 874 3591 909 κιν-

2057 955 2198 1028 δύνῳ
2229 954 2650 1027 παραδαλοῦμεν
2685 954 2911 1016 ἑαυτοὺς
2956 950 3033 1022 τῷ
3065 948 3329 1023 περὶτῶν
3356 948 3590 1013 τοιούτων,
3642 965 3646 968 ‘

2061 1046 2191 1102 ἔνθα
2230 1046 2293 1099 τὸ
2319 1045 2519 1115 λέγειν,
2570 1046 2664 1098 καὶ
2701 1043 3062 1097 ἀναπτύσσειν
3111 1042 3179 1095 τά
3218 1039 3444 1095 τοιαῦτά
3479 1042 3592 1094 ἐστιν

2060 1136 2379 1206 ἐπισφαλὲς,
2418 1135 2521 1191 κᾶν
2554 1135 2895 1207 άληθεύηται·
2920 1133 3053 1204 (15),
3082 1134 3179 1187 καὶ
3209 1132 3496 1201 ἐπισφαλὲς
3530 1132 3595 1186 διὰ

2060 1228 2122 1282 τὸ
2153 1229 2263 1283 δεῖν
2289 1229 2383 1282 τὸν
2411 1229 2692 1298 οἰκονόμον
2723 1225 2833 1279 τῶν
2865 1225 2960 1279 τοῦ
2979 1226 3113 1279 Θεοῦ
3153 1224 3481 1297 μυστηρίων,
3524 1229 3594 1279 καὶ

2060 1321 2153 1373 τὸν
2198 1321 2389 1392 καιρὸν
2444 1317 2625 1391 ζητεῖν
2663 1318 2763 1388 τῆς
2816 1317 3181 1389 προσαγωγῆς
3224 1315 3337 1369 τῶν
3381 1316 3595 1370 τοιούτων

2060 1412 2365 1484 δογμάτων,
2399 1412 2474 1484 μὴ
2510 1411 2812 1483 βλάπτοντα
2851 1409 2959 1481 (16)
3006 1411 3097 1464 τὸν
3130 1408 3419 1476 ἀκούοντα,
3454 1410 3534 1462 καὶ
3550 1411 3597 1462 τὸ

2066 1504 2261 1575 μέτρον
2293 1502 2608 1575 περιαθρείν
2636 1500 2729 1555 τοῦ
2756 1501 3110 1564 ἐλλείποντος,
3152 1499 3188 1572 ἢ
3231 1497 3597 1564 πλεονάζοντος,

2064 1592 2166 1646 κᾶν
2201 1595 2229 1646 ὁ
2261 1593 2450 1664 καιρὸς
2472 1594 2722 1665 τηρῆται,
2758 1593 2909 1664 παρὰ
2939 1592 3027 1645 τὸν
3056 1591 3213 1662 ὀρθὸν
3241 1591 3398 1659 λόγον
3420 1593 3595 1661 γινομέ-

2062 1703 2178 1750 νου,
2220 1687 2314 1741 καὶ
2367 1687 2785 1758 ἐπιμελέστερον
2809 1681 3083 1751 ἐξετάζειν
3111 1684 3340 1755 πότερον
3367 1682 3597 1737 σύνδουλοί

383 1780 702 1851 diligentius
732 1782 898 1835 etiam
929 1782 1267 1850 perpendere
1310 1792 1493 1837 utrum
1533 1782 1784 1837 conservi
1826 1781 1956 1846 sint,

2072 1782 2195 1833 εἰσιν
2214 1773 2296 1842 οἷς
2323 1777 2671 1850 παραδίδοται
2689 1778 2758 1831 τά
2789 1775 3030 1839 τοιαῦτα,
3060 1774 3093 1846 ἢ
3126 1773 3303 1827 δοῦλοι
3323 1772 3473 1827 άλλου
3488 1776 3597 1839 τινὸς

384 1872 584 1942 quibus
624 1873 912 1927 traduntur
942 1872 1096 1937 talia,
1127 1887 1195 1926 an
1221 1873 1361 1929 servi
1390 1873 1690 1943 cujuspiam
1710 1873 1955 1939 alterius,

384 1964 478 2034 qui
527 1963 775 2019 diversus
821 1963 894 2018 sit
950 1978 980 2018 a
1036 1964 1266 2020 Domino
1316 1965 1733 2020 dominantium.
1803 1965 1958 2032 Quod

385 2063 572 2111 autem
624 2056 940 2111 necessario
987 2057 1372 2127 perpendenda
1413 2058 1521 2113 sint
1547 2059 1659 2113 haec
1704 2059 1886 2113 omnia
1930 2074 1959 2112 a

392 2144 776 2213 dispensatore
820 2149 1205 2220 mysteriorum
1259 2150 1376 2214 Dei,
1430 2151 1587 2206 ducet
1636 2149 1958 2220 Scriptura,

388 2236 576 2292 dicens
603 2255 616 2291 :
648 2236 905 2302 Quisnam
931 2251 1004 2293 est
1041 2241 1215 2309 ﬁdelis
1247 2242 1577 2307 dispensator
1618 2258 1681 2295 ac
1708 2243 1957 2311 prudens,

385 2343 540 2397 quem
589 2328 848 2395 pra'ﬁciat
900 2329 1155 2385 Dominus
1200 2332 1468 2398 famulitio
1507 2349 1642 2397 suo,
1701 2343 1754 2386 ut
1790 2333 1875 2386 det
1905 2334 1960 2388 in

389 2420 833 2488 temporetritici
889 2437 1188 2475 mensuram
1253 2422 1514 2475 conservis
1560 2422 1672 2475 suis
1718 2420 1788 2474 ‘?
1846 2420 1958 2475 Non

390 2524 583 2565 omnes
611 2524 746 2580 ergo
790 2513 1037 2566 homines
1065 2526 1250 2566 semen
1299 2521 1425 2564 sunt
1472 2511 1745 2577 Abrahae;
1786 2526 1961 2580 neque

389 2599 563 2655 etiam
612 2601 725 2655 suis
764 2602 961 2656 animis
998 2603 1267 2672 ingenitas
1298 2602 1499 2656 habent
1529 2601 1771 2657 rationes
1792 2643 1808 2668 ,
1841 2616 1962 2672 quae

388 2694 628 2760 valeant,
659 2693 707 2748 si
745 2694 1084 2758 excolantur,
1119 2694 1301 2749 facere
1324 2693 1464 2749 filios
1494 2694 1747 2749 Abrahae.

462 2869 518 2925 '5.
548 2869 766 2937 Quaerat
802 2872 965 2941 igitur
996 2872 1230 2943 aliquis,
1282 2875 1350 2927 ad
1413 2875 1530 2930 haec
1587 2874 1796 2941 dicens,
1845 2875 1959 2932 ﬁeri

387 2962 604 3032 quidem
628 2978 785 3031 posse
810 2974 867 3018 ut
893 2964 1292 3034 vituperatione
1318 2966 1390 3021 sit
1411 2965 1605 3036 dignus
1632 2967 1722 3035 qui
1747 2969 1961 3037 genitus

387 3068 576 3107 semen
609 3054 860 3119 Abrahm,
923 3070 1030 3109 non
1085 3057 1248 3109 etiam
1285 3054 1427 3111 ﬁlius
1474 3057 1646 3128 ipsius
1686 3059 1813 3125 liat;
1863 3060 1957 3114 sed

385 3158 498 3213 quo
548 3157 707 3214 pacto
764 3145 891 3215 jure
949 3147 1297 3201 incusaretur
1352 3163 1459 3202 non
1515 3146 1727 3204 faciens
1793 3165 1959 3221 opera

385 3235 641 3296 Abrahae,
664 3235 753 3304 qui
789 3252 853 3290 ne
874 3237 1143 3307 principio
1164 3237 1379 3306 quidem
1411 3238 1570 3293 habet
1598 3250 1656 3294 ut
1678 3241 1751 3296 sit
1774 3255 1959 3296 semen

386 3325 640 3390 Abrahae,
675 3342 703 3379 a
743 3342 850 3395 quo
907 3327 1272 3395 proﬁciscitur
1315 3345 1438 3385 esse
1487 3331 1628 3387 ﬁlios
1674 3332 1947 3387 Abrahm?

389 3414 471 3469 Ad
515 3430 635 3484 quae
671 3418 1158 3487 respondebimus,
1215 3420 1447 3476 historia
1507 3434 1760 3494 tanquam
1810 3425 1958 3479 scala

391 3514 630 3574 utentes,
662 3516 718 3563 et
751 3510 979 3578 vestigia
1011 3511 1261 3568 veritatis
1304 3513 1465 3581 hujus
1514 3514 1617 3570 loci
1654 3526 1960 3585 quaarentes

391 3599 446 3652 in
481 3598 676 3655 litteris
707 3641 723 3667 ,
771 3600 818 3656 si
854 3617 980 3656 cum
1034 3618 1141 3658 non
1185 3614 1330 3660 esset
1372 3606 1495 3676 quis
1532 3605 1766 3662 Abrahae
1797 3606 1960 3674 (ilius,

391 3687 593 3743 nullius
620 3689 752 3760 justi
788 3690 973 3748 Semen
1004 3704 1174 3761 esset,
1221 3696 1387 3751 etiam
1419 3697 1575 3768 culpa
1605 3713 1802 3753 vacare
1837 3713 1962 3769 pec-

395 3794 525 3832 cans
559 3792 780 3850 posset;
812 3786 1013 3856 quippe
1036 3787 1127 3855 qui
1161 3788 1364 3843 nullam
1406 3789 1620 3843 honesti
1668 3804 1887 3843 causam
1929 3805 1959 3844 a

397 3874 696 3930 seminibus
726 3878 975 3933 haberet.
1003 3880 1073 3934 At
1102 3896 1247 3935 nunc
1275 3890 1331 3934 ut
1366 3881 1418 3934 in
1447 3881 1746 3937 seminibus
1770 3896 1961 3949 corpo-

391 3964 596 4020 ralibus
628 3967 765 4022 alter
796 3971 1017 4038 quidem
1061 3973 1420 4043 complurium
1456 3973 1727 4043 justorum
1773 3988 1958 4027 semen

391 4064 498 4118 est,
529 4055 665 4109 alter
692 4072 819 4112 vero
848 4061 1162 4128 pauciorum
1188 4104 1205 4128 ,
1252 4073 1311 4117 ut
1340 4064 1690 4134 perspicuum
1742 4066 1850 4118 erit
1890 4079 1957 4119 ex

391 4142 498 4209 his,
522 4160 643 4213 quae
679 4148 950 4214 dicentur,
978 4150 1050 4204 ita
1078 4152 1244 4206 etiam
1276 4167 1395 4209 esse
1432 4155 1720 4208 dicendum
1767 4152 1957 4207 analo-

391 4250 495 4305 gon
544 4238 597 4291 in
655 4240 957 4295 seminibus
1015 4245 1278 4314 mysticis.
1342 4246 1616 4301 Abraham
1669 4246 1960 4303 vicesimus

391 4330 604 4396 genitus
626 4341 706 4388 est
742 4348 770 4387 a
809 4335 1145 4406 protoplasto
1175 4353 1189 4389 :
1218 4339 1382 4410 310
1407 4355 1533 4394 nam
1578 4341 1762 4395 decem
1791 4354 1959 4410 gene-

461 4423 508 4455 ⁹⁹
548 4425 567 4479 l
599 4424 724 4481 Cor.
764 4442 826 4494 ιι,
863 4428 949 4483 12.
1028 4430 1043 4460 ⁸
1074 4428 1203 4485 Luc.
1237 4447 1337 4497 xu,
1364 4431 1457 4485 42.

2060 1870 2214 1943 παρά
2262 1870 2354 1924 τὸν
2408 1869 2611 1941 Κύριον
2666 1868 2774 1921 τῶν
2828 1868 3208 1939 κυριευόντων.
3260 1866 3383 1919 ’Ὁτι
3438 1866 3488 1918 δὲ
3540 1867 3599 1919 δεῖ

2059 1965 2239 2018 πάντα
2300 1963 2473 2017 ταῦτα
2521 1962 2791 2029 ἐξετάζειν
2833 1963 2923 2016 τὸν
2954 1961 3238 2032 οἰκονόμον
3287 1960 3394 2014 τῶν
3432 1979 3599 2032 μυστη-

2063 2057 2192 2130 ρίων
2252 2055 2347 2108 τοῦ
2410 2054 2545 2108 Θεοῦ
2605 2055 2936 2125 παρίστησιν
3002 2055 3036 2126 ἠ
3094 2053 3384 2123 φάσκουσα
3455 2052 3595 2118 λέξις·

2065 2149 2163 2215 Τίς
2198 2148 2313 2217 ἆρα
2354 2147 2529 2201 ἐστὶν
2553 2150 2586 2200 ό
2622 2146 2837 2213 πιστὸς
2862 2145 2956 2199 καὶ
2995 2148 3286 2215 φρόνιμος
3306 2146 3594 2213 οἰκονόμος,

2059 2240 2133 2294 ὃν
2160 2237 2526 2305 καταστήσει
2553 2241 2586 2292 ό
2628 2238 2841 2305 Κύριος
2868 2236 2965 2290 ἐπὶ
2994 2236 3105 2305 τῆς
3141 2234 3426 2297 οἰκετείας
3449 2233 3597 2290 αὐτοῦ

2058 2329 2165 2383 τοῦ
2196 2328 2426 2381 διδόναι
2486 2327 2556 2380 ὲν
2587 2325 2768 2394 καιρῷ
2796 2325 2863 2379 τὸ
2913 2324 3287 2394 σιτομέτριον
3330 2324 3449 2389 τοῖς
3481 2341 3597 2378 συγ-

2060 2420 2306 2487 δούλοις
2358 2420 2613 2483 ἐαυτοῦ;
2663 2420 2738 2472 Οὐ
2781 2418 2981 2482 πάντες
3031 2413 3123 2471 οὖν
3171 2421 3315 2471 εἰσιν
3364 2415 3595 2485 ἄνθρωποι

2062 2514 2283 2584 σπέρμα
2321 2511 2416 2565 τοῦ
2446 2512 2715 2584 Ἀϐραάμ·
2754 2510 2876 2564 οὐδὲ
2908 2509 3016 2581 γὰρ
3032 2510 3212 2579 ἔχουσι
3250 2508 3365 2581 (17)
3395 2509 3510 2571 τοὺς
3534 2506 3597 2560 λάμ

2060 2620 2193 2673 γους
2254 2603 2844 2673 συγκατεσπαρμένους
2890 2601 3068 2655 αὐτῶν
3119 2603 3239 2663 ταῖς
3281 2599 3488 2670 ψυχαξ,
3530 2598 3599 2650 καὶ

2059 2695 2408 2767 δυναμένους,
2463 2697 2511 2750 εἰ
2570 2694 2957 2766 γεωργηθείεν,
3027 2694 3255 2765 ποιῆσαι
3319 2694 3476 2746 τέκνα
3528 2691 3597 2743 τοῦ

2060 2786 2156 2839 ’Δϐ
2165 2786 2332 2858 ραάμ.

2130 2880 2185 2936 5.
2218 2880 2458 2950 Ζητήσαι
2488 2896 2572 2941 τις
2596 2878 2661 2932 ἂν
2681 2874 2775 2931 οὖν
2804 2879 2938 2949 πρὸς
2971 2878 3143 2931 ταῦτα
3166 2877 3415 2946 φάσκων,
3446 2875 3600 2930 ὄτιδύο

2059 2989 2215 3026 ναται
2270 2970 2368 3041 μὲν
2407 2968 2604 3039 ψεκτὸς
2657 2965 2795 3022 εἶναι
2843 2971 2871 3022 ὁ
2923 2970 3212 3039 γενόμενος
3273 2969 3484 3040 σπέρμα
3528 2966 3600 3018 τοῦ

2063 3062 2334 3134 Ἀϐραὰμ,
2374 3062 2424 3114 εί
2457 3060 2530 3132 μὴ
2568 3060 2662 3112 καὶ
2690 3060 2878 3113 τέκνον
2903 3059 3066 3113 αὑτοῦ
3095 3058 3327 3127 γένοιτο·
3354 3058 3463 3122 πῶς
3489 3056 3527 3111 δ’
3553 3055 3599 3109 ἂν

2064 3154 2303 3223 εὐλόγως
2335 3152 2608 3224 μεμφθείη
2638 3152 2711 3222 μὴ
2750 3152 2920 3205 ποιῶν
2949 3152 3014 3205 τά
3045 3150 3178 3222 ἔργα
3202 3151 3302 3203 τοῦ
3337 3148 3600 3221 Ἀδραὰμὸ

2067 3242 2201 3315 μηδὲ
2224 3241 2322 3312 τὴν
2355 3239 2527 3311 ἀρχὴν
2559 3238 2694 3310 ἔχων
2727 3239 2787 3292 τὸ
2808 3237 2945 3291 εἶναι
2973 3238 3193 3308 σπέρμα
3232 3237 3331 3290 τοῦ
3366 3233 3597 3304 Ἀϐραὰμ,

2042 3337 2157 3404 ,ἀφ’
2185 3330 2245 3390 οὗ
2274 3334 2493 3406 ἔρχεται
2519 3333 2577 3387 τὸ
2592 3332 2840 3402 γενέσθαι
2862 3332 3025 3384 τέκνα
3039 3329 3118 3401 τῷ
3144 3331 3401 3401 Ἀϐραάμ
3421 3348 3434 3389 :
3456 3325 3601 3400 Ἐροῦο

2066 3443 2165 3497 μεν
2195 3425 2252 3479 δὲ
2285 3425 2422 3496 πρὸς
2442 3423 2612 3477 ταῦτα
2643 3424 2883 3494 ὡσπερεὶ
2912 3421 3184 3493 ἐπιϐάθρα¹
3204 3422 3523 3493 χρησάμενοι
3548 3419 3597 3487 τῇ

2064 3517 2294 3591 ἱστορίᾳ,
2335 3516 2427 3570 καὶ
2466 3516 2535 3568 τά
2588 3514 2709 3585 ἴχνη
2739 3516 2837 3587 τῆς
2866 3514 3006 3568 κατὰ
3048 3515 3138 3568 τὸν
3169 3515 3338 3568 τόπον
3385 3511 3599 3582 ἀληθείας

2065 3610 2353 3680 ζητοῦντες
2392 3612 2448 3662 ἐν
2471 3611 2584 3671 τοῖς
2621 3608 2960 3678 γράμμασιν,
2999 3608 3101 3670 ὅτι,
3133 3608 3181 3660 εί
3219 3607 3320 3679 μὲν
3356 3606 3427 3678 μὴ
3454 3603 3600 3664 ὥντις

2063 3701 2251 3755 τέκνον
2281 3700 2375 3754 τοῦ
2405 3698 2676 3771 Ἀϐραάμ,
2707 3698 2920 3762 οὐδενὸς
2939 3699 3148 3752 δικαίου
3184 3698 3406 3770 σπέρμα
3433 3692 3511 3768 ἦν,
3529 3694 3599 3748 καὶ

2064 3792 2394 3864 ἀνέγκλητος
2422 3790 2681 3861 ἐτύγχανε
2719 3790 2828 3843 τῶν
2859 3789 3197 3861 ἁμαρτωλῶν
3232 3807 3341 3853 τις,
3372 3786 3599 3860 μηδεμίαν

2062 3882 2200 3954 ἔχων
2230 3882 2336 3935 άπὸ
2383 3881 2711 3952 σπερμάτων
2760 3880 3009 3951 ἀφορμὴν
3055 3879 3148 3933 τοῦ
3194 3879 3381 3951 καλοῦ·
3421 3878 3523 3934 νυνὶ
3558 3875 3599 3928 δὲ

2063 3973 2251 4044 ὥσπερ
2286 3974 2378 4026 ἐπὶ
2397 3973 2504 4026 τῶν
2535 3974 2822 4043 σωμάτων,
2853 3975 2881 4024 ὁ
2911 3973 3008 4044 μέν
3034 3990 3119 4037 τις
3140 3973 3255 4025 ἐστὶ
3272 3972 3518 4025 πλειόνων
3540 3968 3598 4021 δι-

2063 4066 2234 4120 καίων
2269 4066 2509 4138 σπέρμα,
2543 4066 2726 4137 ἔτερος
2740 4066 2795 4118 δὲ
2814 4065 3154 4136 ὁλιγοτέρων,
3182 4064 3279 4136 (ὡς
3308 4065 3458 4134 δῆλον
3475 4062 3596 4115 ἔσται

2064 4161 2129 4212 ἐκ
2156 4160 2254 4229 τῆς
2298 4155 2653 4229 παραθέσεως
2700 4155 2807 4208 τῶν
2846 4155 3303 4226 λεχθησομένων,)
3343 4154 3503 4215 οὕτως
3526 4150 3598 4203 καὶ

2061 4254 2154 4306 ἐπὶ
2194 4251 2301 4305 τῶν
2351 4252 2451 4321 τῆς
2495 4251 2782 4319 ἀναγωγῆς
2823 4250 2884 4303 τὸ
2927 4248 3183 4317 ἀνάλογον
3232 4249 3382 4302 ἔσται
3434 4247 3597 4315 λέγειν.

2074 4344 2323 4417 Ἀϐραάμ
2367 4343 2605 4406 εἰκοστὸς
2651 4341 2970 4412 γεγέννηται
3021 4342 3128 4412 (18)
3162 4342 3271 4395 άπὸ
3306 4341 3399 4395 τοῦ
3428 4353 3599 4411 πρωτο-

462 4521 574 4603 (ii)
626 4524 788 4603 Ἑξπελ
812 4526 1079 4603 ταράξαι.
1114 4528 1213 4603 $_ie_
1232 4539 1377 4603 recte
1419 4527 1588 4603 habet
1625 4528 1953 4603 codex__Bar-
1983 4533 2027 4589 D
2059 4542 2237 4603 nonne
2290 4526 2433 4603 enim
2473 4543 2492 4575 ι
2529 4532 2722 4603 potens
2772 4531 2857 4603 est
2886 4522 3056 4603 ρους
3116 4522 3182 4575 de
3212 4517 3597 4603 lapidibusjstis

392 4592 729 4669 berii_1_its,_lri
754 4592 922 4669 Regio
952 4610 1005 4652 et
1027 4598 1326 4669 Bodleiano
1358 4598 1552 4669 legitur
1573 4599 1923 4669 ἐπιταράξαι.

466 4663 578 4741 (15)
614 4663 791 4721 Codex
824 4666 1169 4732 Bodleianus,
1197 4665 1525 4737 άληθεύηται
1546 4683 1559 4696 ο
1584 4663 1804 4735 Regius,
1830 4669 1965 4741 άλη-

393 4733 799 4878 (ῗῗῖῗῖἰῗιίῖοᾶεκ
847 4807 1189 4867 Bodleianus,
1223 4804 1297 4878 μὴ
1351 4804 1686 4875 βλάπτονταο
1741 4807 1960 4878 Regius,

394 4874 755 4960 gléffp‘fqti.‘
772 4880 971 4960 omissa
1006 4874 1271 4945 particula
1287 4874 1552 4960 'uegativa
1580 4878 1675 4960 μη.

465 4947 579 5014 (l7)
609 4945 763 4999 Οὐδὲ
788 4946 897 5017 γὰρ
935 4947 1179 5015 ἔχουσι,
1211 4958 1321 5001 etc.
1353 4948 1474 5001 Haec
1505 4945 1685 5001 omnia
1711 4946 1963 5001 dubitan-

392 5026 476 5069 ter
512 5018 737 5084 proponi
764 5020 830 5068 ah
870 5019 1099 5083 Origene
1141 5032 1300 5084 supra
1346 5018 1688 5072 notahamus.
1736 5017 1958 5071 Animas

391 5086 609 5154 quidem
641 5086 884 5154 ejusdem
911 5102 1029 5139 esse
1056 5096 1285 5143 naturae.
1323 5097 1380 5141 et
1401 5088 1466 5140 ad
1504 5088 1734 5140 salutem
1766 5100 1956 5140 conse-

391 5157 663 5224 quendam
694 5170 847 5222 mque
898 5156 1139 5220 habiles;
1193 5167 1373 5212 certas
1400 5168 1580 5210 autem
1634 5156 1954 5226 qualitates,

392 5242 514 5279 cum
567 5226 892 5294 corporibus
947 5226 1314 5289 illabereutur,
1371 5225 1666 5294 accepisse
1711 5225 1954 5292 censuit,

392 5306 614 5363 propter
658 5310 854 5350 causas
886 5296 1148 5363 quasdam
1201 5297 1533 5364 antiquiores
1576 5296 1956 5361 conjunctione

391 5368 634 5430 ipsarum
662 5380 788 5420 cum
824 5380 1053 5433 corpore
1079 5382 1096 5432 ;
1120 5380 1240 5433 qua:
1272 5365 1562 5434 qualitates
1596 5367 1640 5418 si
1669 5365 1957 5433 diligenter

388 5435 736 5497 excolantur,
785 5436 1035 5491 homines
1072 5435 1365 5491 virtutibus
1407 5436 1700 5489 instructos
1755 5445 1810 5487 et
1859 5451 1952 5489 or-

391 5513 549 5558 natos
581 5505 808 5558 dabunt.
850 5505 958 5559 Nec
987 5506 1115 5558 mihi
1155 5506 1416 5573 probatur
1450 5506 1594 5573 quod
1628 5504 1799 5567 addit,
1846 5520 1954 5559 non

389 5588 579 5645 nunties
610 5591 671 5645 In
695 5576 987 5629 Abrahami
1022 5576 1161 5629 ﬁlios
1183 5577 1413 5630 evadere
1441 5589 1615 5645 posse,
1648 5574 1791 5643 quod
1822 5590 1956 5644 qua-

389 5640 571 5713 litates
623 5644 743 5698 illas
788 5647 983 5701 animis
1016 5648 1128 5701 suis
1163 5647 1354 5700 insitas
1385 5640 1491 5699 non
1536 5640 1791 5707 habeant,
1839 5640 1961 5713 illi“!

391 5712 624 5766 excultae
676 5716 821 5783 ipsus
867 5714 1164 5773 Abrahami
1220 5716 1359 5774 ﬁlius
1415 5728 1641 5786 possent
1695 5712 1958 5772 eiiicere:

2068 4598 2333 4652 Suscitare
2364 4596 2502 4648 lilios
2527 4591 2802 4647 Abrahm?
2837 4611 2854 4644 ι
2886 4592 3064 4646 Nihilo
3097 4591 3269 4659 magis
3303 4592 3426 4644 mihi
3455 4591 3597 4659 placet

2067 4669 2210 4735 quod
2241 4664 2485 4735 subiicit.
2523 4664 2681 4733 culpa
2730 4677 2928 4735 vacare
2953 4677 3128 4735 reum,
3167 4663 3209 4714 si
3243 4676 3417 4735 neque
3442 4661 3589 4712 Abra-

2066 4731 2207 4791 liami
2239 4736 2380 4788 [ilius
2429 4731 2629 4796 fuerit,
2664 4748 2841 4802 neque
2878 4732 3008 4801 justi
3039 4731 3236 4793 ullius;
3291 4733 3411 4798 quia
3448 4740 3594 4782 causa

2066 4808 2201 4860 bene
2231 4804 2423 4874 agendi
2456 4802 2874 4874 neutiquamilli
2898 4803 3075 4854 insitas
3104 4802 3172 4855 ad
3190 4815 3420 4874 eumque
3450 4808 3593 4874 trans:

2067 4879 2244 4929 missm
2265 4866 2488 4927 "fuerint
2518 4889 2531 4924 :
2566 4866 2687 4925 nam
2715 4872 2852 4925 tollit
2887 4881 3170 4938 peccatum
3188 4871 3445 4937 originis;
3471 4878 3516 4921 el
3538 4866 3593 4938 ad

2067 4946 2360 5013 qualitates
2389 4944 2511 4996 illas
2550 4934 2906 5013 refertquod
2938 4942 3002 4993 ad
3042 4934 3435 5013 gratiam—erat
3479 4934 3591 5013 reie-

2066 5008 2319 5068 rendnm.
2354 5013 2429 5066 Ita
2478 5023 2654 5064 tamen
2700 5008 2847 5063 illum
2877 5026 2980 5062 non
3012 5011 3183 5075 lingit;
3240 5010 3428 5064 scribit
3473 5008 3587 5059 enim

2062 5086 2224 5152 paulo
2254 5083 2479 5152 inl'crins
2506 5099 2520 5134 :
2562 5081 2699 5132 Ἀλλ’
2719 5081 2841 5134 οὐδὲ
2876 5079 3120 5152 ἐλήλυβέἀ
3150 5096 3235 5152 τις
3272 5077 3422 5152 κενὸς
3446 5091 3588 5142 σωτη-

2062 5149 2192 5226 ρίων
2215 5152 2307 5206 καὶ
2329 5151 2500 5226 άγίων
2528 5152 2885 5226 σπερμάτων·
2914 5149 2967 5202 εί
2993 5149 3200 5226 μῂιάρα
3217 5149 3590 5226 δυσωπῄσαιτις

2057 5216 2355 5294 ἡμᾶς-,και
2383 5216 2466 5284 είς
2482 5216 2647 5294 τοῦτο’
2673 5216 2790 5294 ᾆμα
2825 5216 3493 5294 παρατιθέμενος-*τὴνλάπὸ
3517 5216 3588 5294 τοῦ

2059 5264 2636 5363 έλέοδ’βοήθειᾶν,οὺκ
2678 5264 3163 5363 άτπογινώγσκουσὲν
3195 5264 3291 5363 nisi.
3317 5264 3435 5363 τοὺς
3457 5280 3588 5363 κακι-

2061 5353 2244 5427 στουςξ
2277 5353 2371 5416 καὶ
2401 5353 2568 5433 χωρὶς
2595 5353 2831 5482 ἀρίστων
2860 5360 3189 5428 σπερμάτων
3225 5353 3588 5421 εἰσεληλυθότας

2061 5434 2134 5482 εἰς
2178 5431 2270 5482 τὸν
2324 5430 2462 5482 ϐίον-
2506 5431 2601 5482 καὶ
2668 5428 2953 5482 υσωπήσαι
2990 5427 3099 5481 ἀπὸ
3135 5425 3261 5480 τοῦ.
3303 5427 3532 5478 Aurata:
3562 5420 3587 5470 ό

2054 5434 2134 5495 εἰς
2178 5420 2270 5485 {by
2323 5420 2463 5501 βίον,
2485 5420 2601 5484 ’καὶ
2637 5420 3099 5501 δυσωπήσαίάπὸ
3135 5425 3261 5480 τοῦ.
3284 5420 3533 5501 Aureum.
3562 5420 3587 5470 ό

2054 5490 2201 5626 Sede
2238 5490 2464 5556 ἐπ’τῶφέ
2515 5503 2702 5556 λίθων
2749 5490 2969 5569 ἐγεῖραι
3015 5500 3199 5551 τέκνα
3236 5495 3316 5561 τῷ
3351 5490 3582 5563 Ἀϐραὰμι

2106 5588 2310 5626 UE'I‘IUS.

2106 5588 2310 5628 UE'I‘IUS.

2137 5644 2251 5713 (18)
2298 5641 2543 5713 Ἀϐραὰμ
2567 5640 2842 5707 εἰκοστὸς
2870 5632 3231 5713 ⁸γενγεέγίνηται.
3249 5652 3348 5696 etc.
3367 5638 3589 5708 Origenes

2068 5712 2258 5773 nomn.
2289 5712 2323 5767 4
2362 5718 2414 5767 in
2455 5712 2643 5779 Nune,
2671 5727 2819 5767 num.
2854 5715 2955 5767 ιτς
2982 5712 3179 5783 Viginti
3215 5723 3270 5768 ct
3297 5713 3399 5767 duo
3433 5721 3585 5763 rursus
