3688 6146
358 315 465 373 579

1810 318 2138 376 ORIGENIS
3504 324 3581 378 580

359 435 438 488 alit
462 440 704 489 sanctam
731 446 884 488 suam
909 430 1249 502 qualitatem,
1285 447 1480 504 nempe
1520 449 1641 489 eam
1673 449 1792 505 quae
1816 448 1920 491 erat

2099 434 2255 488 ὶντων
2274 433 2380 486 τῶν
2416 432 2522 504 πρὸ
2552 432 2716 485 αὐτοῦ
2753 432 2996 500 δικαίων,
3032 434 3126 487 κα)⁸
3157 432 3370 497 τούτοις
3395 439 3587 505 προστέ-

360 526 415 580 in
447 524 667 594 proprio
708 524 918 578 semine
945 538 963 575 :
988 521 1151 592 cujus
1187 524 1485 594 participes
1527 539 1651 581 esse
1691 535 1934 595 possent,

357 618 449 685 qui
476 624 598 686 post
623 615 799 685 ipsum
830 622 1165 669 vocarentur
1193 629 1378 671 semen
1402 617 1655 672 Abrahae.
1706 618 1779 672 At
1805 630 1943 671 vero

356 706 552 760 Arram
624 705 905 759 minimam
982 701 1066 757 sui
1129 702 1297 770 ipsius
1360 712 1825 773 paternorumque
1882 703 1937 756 in

356 798 540 868 scipso
582 796 854 852 seminum
909 809 1098 851 curam
1155 793 1417 850 habuisse
1469 794 1687 848 videtur
1739 810 1754 846 :
1795 793 1943 848 unde

358 892 415 946 in
484 905 669 946 rerum
739 897 994 943 naturam
1063 885 1366 957 producere
1452 885 1554 941 Lot
1635 886 1937 955 spirantem

357 983 550 1039 saltem
598 981 935 1053 aliquantum
987 978 1183 1033 salutis
1237 978 1434 1049 potuit.
1496 977 1668 1033 Porro
1721 977 1938 1033 Naehor

355 1071 606 1141 utrisque
652 1069 916 1125 fratribus
966 1067 1203 1123 inferior
1247 1068 1419 1124 fuisse
1476 1069 1711 1124 videtur.
1770 1069 1929 1139 311

356 1162 724 1231 Quamobrem
790 1163 917 1218 licet
967 1161 1018 1217 ei
1078 1161 1168 1231 qui
1226 1175 1335 1216 non
1390 1163 1462 1217 sit
1509 1177 1699 1218 semen
1754 1163 1935 1217 Abra-

355 1256 462 1324 hae,
499 1271 616 1313 esse
644 1270 829 1311 semen
861 1253 1010 1322 Noe;
1046 1269 1114 1310 eo
1142 1255 1287 1324 quod
1313 1254 1535 1309 omnino
1582 1255 1801 1323 genitus
1837 1255 1930 1318 sit,

354 1349 507 1420 iuxta
538 1348 728 1403 diluvii
761 1348 1069 1410 historiam,
1114 1360 1146 1399 a
1179 1346 1310 1411 Noe,
1356 1361 1451 1416 per
1497 1347 1931 1413 successionem;

356 1440 500 1511 quod
526 1441 571 1496 si
598 1440 728 1504 hoc,
752 1438 919 1493 etiam
953 1452 1138 1494 semen
1176 1436 1383 1499 Euoch,
1413 1437 1744 1507 omninoque
1768 1437 1933 1491 etiam

356 1548 542 1589 semen
566 1532 714 1587 Enos
740 1541 795 1586 et
829 1530 982 1587 Seth.
1024 1527 1299 1584 incertum
1343 1539 1526 1583 autem
1562 1537 1647 1584 est
1690 1528 1848 1585 nobis
1880 1530 1933 1583 in

356 1625 543 1681 multis
575 1623 810 1694 posteris
841 1622 976 1688 Noe,
1023 1622 1272 1693 quisnam
1305 1622 1375 1676 sit
1415 1636 1600 1677 semen
1633 1620 1782 1686 Sem,
1815 1623 1936 1692 quis

354 1732 541 1773 semen
592 1717 783 1783 Cham,
822 1718 1050 1786 quisque
1101 1718 1172 1771 sit
1222 1731 1408 1772 semen
1466 1714 1688 1786 Japhet,
1744 1727 1801 1771 et
1854 1717 1937 1772 sic

2039 528 2219 585 θεικεν
2252 528 2362 599 (22)
2409 529 2569 597 ἁγίαν
2606 526 2740 582 ίδίαν
2776 529 3056 599 ποιότητα,
3083 529 3183 601 τὴν
3212 527 3362 583 κατά
3391 530 3450 583 τὸ
3483 532 3585 587 ἴδιον

2037 620 2201 674 αὐτοῦ
2251 621 2495 694 σπέρμα,
2538 616 2599 676 οὗ
2644 622 2900 677 ἐδύναντο
2934 622 3180 693 μετέχειν
3212 623 3265 674 oi
3316 625 3427 692 μετ’
3457 625 3588 678 αὐτὸν

2037 712 2360 783 καλούμενοι
2405 712 2631 783 σπέρμα
2672 713 2944 785 Ἀϐραάμ’
2979 715 3008 766 ὁ
3035 713 3093 766 δὲ
3126 713 3348 785 Ἀρρἀ
3386 716 3471 767 ἐπὶ
3492 715 3587 770 ἐλά-

2037 820 2220 872 χιστον
2251 804 2443 859 ἑαυτοῦ
2466 805 2786 876 ἐπιμέλειαν
2805 805 3157 876 πεποιῆσθαι,
3186 808 3286 860 καὶ
3300 805 3407 859 τῶν
3427 824 3585 880 πατρι-

2037 895 2149 948 κῶν
2171 897 2227 948 ἐν
2256 896 2437 969 ἐαυτῷ
2471 898 2820 968 σπερμάτων·
2861 897 2984 951 ὃθεν
3012 898 3300 970 δεδύνηται
3336 900 3587 971 προϐαλεῖν

2037 987 2267 1041 πνέοντα
2299 987 2402 1042 κᾶν
2423 989 2515 1043 ἐπὶ
2536 990 2698 1042 ποσὸν
2742 989 2842 1060 τῆς
2880 989 3154 1063 σωτηρίας
3195 990 3289 1043 τὸν
3337 990 3474 1042 Λώτσ
3500 993 3589 1046 όᾶ

2035 1079 2239 1152 Ναχὼρ
2262 1081 2586 1152 ἀμφοτέρων
2608 1080 2717 1135 τῶν
2754 1081 3000 1151 ἀδελφῶν
3044 1072 3285 1136 ἐλάττων
3323 1083 3587 1152 γεγονέναι.

2039 1170 2256 1236 Ἔξεστι
2306 1174 2485 1226 τοίνυν
2529 1172 2603 1244 μὴ
2645 1173 2775 1228 ὄντα
2833 1174 3054 1245 σπέρμα
3100 1175 3196 1228 τοῦ
3244 1174 3591 1246 Ἀϐραὰμ,τῷ

2038 1264 2256 1327 πάντως
2281 1264 2369 1318 διὰ
2400 1264 2497 1335 τὴν
2520 1265 2662 1318 κατά
2688 1265 2782 1319 τὸν
2814 1265 3195 1336 κατακλυσμὸν
3240 1266 3479 1336 ἱστορίαν
3504 1268 3587 1319 ἀπὸ

2034 1356 2159 1410 Νῶε
2196 1356 2291 1409 τοῦ
2331 1357 2459 1429 ἑξῆς
2497 1358 2799 1427 γεγονέναι,
2834 1355 2972 1413 εἶναι
3008 1359 3231 1432 σπέρμα
3287 1359 3445 1412 Νῶε·
3482 1360 3588 1414 εἰδὲ

2033 1451 2212 1517 τοῦτο,
2266 1451 2362 1505 κα)⁵
2407 1453 2629 1524 σπέρμα
2691 1451 2880 1523 Ἑνὼχ,
2917 1452 3134 1517 πάντως
3176 1453 3233 1506 δὲ
3274 1453 3371 1507 καὶ
3402 1453 3588 1525 σπέρμα

2049 1542 2233 1608 Ἐνὼς,
2270 1546 2364 1598 καὶ
2403 1545 2529 1617 Σήθ·
2565 1544 2756 1616 ἄδηλον
2783 1545 2827 1599 δ’
2854 1547 2986 1616 ἡμῖν
3015 1546 3108 1600 ἐπὶ
3139 1545 3249 1603 τῶν
3281 1544 3486 1599 πολλῶν
3511 1565 3589 1599 κι-

2032 1635 2258 1705 τωτέρω
2282 1633 2375 1688 τοῦ
2402 1634 2546 1699 Νῶε,
2587 1636 2670 1699 τίς
2710 1636 2934 1706 σπέρμα
2964 1636 3058 1689 τοῦ
3105 1637 3227 1708 Σήμ
3255 1636 3390 1707 (25),
3419 1639 3504 1690 καὶ
3524 1639 3587 1700 τίς

2034 1725 2129 1778 τοῦ
2157 1726 2306 1798 Χάμ,
2340 1727 2434 1780 καὶ
2453 1727 2535 1791 τίς
2560 1727 2653 1781 τοῦ
2691 1728 2888 1796 ’Ῑάφεθ,
2925 1728 3148 1782 καὶτῶν
3174 1730 3270 1783 ἐπὶ
3300 1731 3587 1801 κατωτέρωι

355 1810 649 1880 deinceps;
681 1824 803 1864 cum
828 1808 1005 1863 nullus
1033 1809 1104 1864 sit
1135 1820 1312 1864 tamen
1334 1809 1423 1878 qui
1452 1810 1673 1864 omnino
1689 1810 1920 1865 sitsemi-

2099 1813 2174 1883 ⁵ὴν
2203 1815 2306 1868 οὐκ
2344 1814 2459 1869 ἐστι
2490 1833 2575 1879 τις
2610 1815 2875 1886 μηδαμῶς
2919 1817 3159 1888 μετέχων
3192 1800 3590 1891 σπέρματοςίδι-

356 1902 727 1970 nisjustorum
757 1916 975 1971 expers.
1010 1901 1245 1971 lnspicio
1275 1913 1457 1957 autem
1496 1919 1623 1957 num
1670 1903 1810 1959 forte
1848 1904 1933 1959 fa-

353 1996 456 2051 cile
488 1995 631 2049 factu
663 1995 755 2058 sit,
775 2005 831 2047 ut
852 1992 942 2063 qui
973 2008 1077 2047 non
1108 1995 1179 2048 sit
1208 2008 1392 2049 semen
1420 1995 1673 2064 Abrahae,
1703 1996 1935 2052 habeat-

352 2102 460 2157 que
496 2086 814 2142 occasiones
853 2098 992 2155 quas
1023 2085 1212 2139 habuit
1241 2086 1521 2139 Abraham
1550 2102 1614 2140 ex
1653 2088 1929 2157 prioribus

352 2177 672 2241 seminibus,
718 2175 839 2229 talis
883 2173 999 2227 ﬁeri
1049 2174 1226 2243 possit
1251 2182 1310 2228 ut
1339 2174 1534 2229 similis
1563 2176 1636 2228 sit
1665 2174 1926 2239 Abrahae,

352 2268 564 2323 etiamsi
595 2268 834 2336 alioquin
866 2282 1052 2323 semen
1078 2267 1224 2321 illius
1253 2281 1357 2319 non
1376 2266 1468 2320 sit.
1497 2266 1566 2321 Ut
1587 2266 1730 2321 enim
1755 2267 1931 2320 Abra-

353 2361 479 2414 ham
525 2375 632 2414 non
667 2375 731 2413 ex
779 2361 987 2413 semine
1014 2357 1246 2413 Abrahae
1277 2359 1568 2423 exsistens,
1602 2359 1698 2412 sed
1729 2374 1796 2412 ex
1831 2372 1928 2413 eo-

353 2464 475 2503 rum
506 2463 642 2518 quos
675 2464 837 2516 supra
873 2449 1271 2510 recmsuimns,
1306 2447 1484 2502 factus
1517 2459 1604 2503 est
1627 2448 1927 2516 Abraham,

351 2541 433 2595 sic
455 2539 617 2596 facile
654 2539 802 2595 factu
831 2550 935 2607 est,
965 2549 1025 2594 ut
1071 2541 1197 2609 quis
1244 2540 1384 2595 alter
1418 2542 1515 2596 ﬂat
1544 2543 1848 2605 Abraham,
1879 2540 1929 2595 si

350 2634 583 2689 coluerit
616 2634 836 2689 meliora
875 2633 975 2688 sibi
1009 2632 1247 2703 ingenita
1278 2633 1520 2699 semina;
1557 2650 1657 2688 nec
1705 2633 1930 2689 omnino

349 2727 459 2782 erit
488 2742 553 2781 ex
590 2730 797 2781 semine
820 2726 1079 2793 Abrahte,
1106 2726 1199 2781 sed
1237 2726 1353 2796 ipse
1374 2728 1538 2781 etiam
1572 2726 1799 2781 idoneus
1824 2725 1929 2781 erit

348 2820 618 2876 seminare
644 2828 899 2890 tanquam
928 2820 1221 2876 Abraham.

419 2913 475 2966 4.
526 2913 950 2982 lnterpretamur
992 2923 1173 2969 autem
1227 2914 1346 2968 haec
1377 2916 1583 2977 omnia,
1628 2912 1934 2968 referentes

346 3019 472 3075 quae
502 3004 776 3070 dicuntur,
813 3019 922 3058 non
976 3005 1043 3059 ad
1095 3019 1351 3076 corpora,
1390 3020 1493 3060 nee
1534 3005 1600 3059 ad
1651 3004 1922 3070 homines,

349 3098 446 3154 sed
472 3099 538 3151 ad
565 3099 807 3166 quaedam
834 3097 1188 3167 intelligibilia
1206 3139 1218 3161 .
1248 3108 1304 3154 et
1343 3100 1410 3153 ad
1442 3100 1687 3154 rationes
1712 3099 1918 3168 plures,

348 3191 432 3246 vel
464 3192 773 3261 pauciores,
794 3206 928 3260 quas
955 3192 1281 3262 participant
1305 3190 1668 3248 diversimode
1697 3194 1922 3248 descen-

2033 1906 2222 1959 καίων.
2294 1907 2582 1980 Ἐφίστημι
2624 1908 2681 1961 δὲ
2729 1910 2939 1980 μήποτε
2994 1909 3219 1963 δυνατὸν
3277 1910 3467 1981 ἔχοντα
3510 1911 3588 1975 τὰς

2030 1999 2306 2071 ἀφορμάς,
2332 2000 2399 2065 ἃς
2418 1996 2562 2072 εἶχεν
2582 2004 2610 2056 ό
2648 2001 2896 2074 Ἀϐραὰμ
2918 2003 2984 2056 ἐκ
3009 2002 3118 2055 τῶν
3143 2005 3426 2077 προτέρων
3451 2022 3589 2079 σπερ-

2039 2089 2243 2160 μάτων,
2271 2090 2521 2159 γενέσθαι
2551 2091 2644 2145 τὸν
2677 2092 2751 2164 μὴ
2788 2092 2917 2146 ὄντα
2961 2093 3186 2166 σπέρμα
3221 2095 3320 2148 τοῦ
3371 2097 3593 2169 Ἀϐραὰμ

2033 2182 2293 2249 τοιοῦτον,
2320 2182 2460 2236 ὥστε
2488 2183 2649 2237 αὐτὸν
2670 2185 2772 2237 οὐκ
2799 2184 2924 2238 ὅντα
2955 2186 3063 2238 ἀπὸ
3095 2186 3187 2239 τοῦ
3231 2188 3479 2259 Ἀϐραὰμ
3494 2188 3591 2254 ἐξο-

2038 2274 2337 2345 μοιωθῆναι
2368 2275 2445 2345 τῷ
2489 2276 2763 2348 Ἀϐραάμ.
2819 2278 2905 2342 Ὠς
2946 2278 3054 2350 γάρ
3109 2279 3369 2351 Ἀϐραὰμ
3404 2282 3498 2334 οὐκ
3536 2285 3586 2336 ὲκ

2036 2367 2350 2438 σπέρματος
2393 2366 2642 2439 Ἀϐραὰμ
2672 2369 2977 2441 τυγχάνων,
3025 2370 3163 2425 ἀλλά
3200 2373 3319 2427 τῶν
3360 2390 3587 2446 προειρη-

2037 2458 2215 2528 μένων
2271 2459 2493 2529 τέγονεν
2547 2461 2829 2533 Ἀϐραάμσ
2887 2462 3030 2516 οὕτω
3078 2465 3309 2519 δυνατόν
3368 2485 3483 2520 τινα
3530 2468 3584 2520 τὰ

2034 2551 2315 2621 κρείττονα
2338 2552 2448 2607 τῶν
2477 2555 2534 2607 ἐν
2565 2554 2715 2625 αὐτῷ
2756 2558 3330 2630 συγκατασπαρέντων
3373 2562 3591 2632 γεωργή-

2034 2658 2225 2707 σαντα,
2255 2643 2511 2712 γενέσθαι
2540 2645 2699 2699 ἄλλον
2732 2646 3002 2719 Ἀϐραάμ,
3029 2650 3089 2702 οὐ
3122 2652 3345 2718 πάντως
3367 2655 3430 2706 ἐκ
3455 2654 3586 2725 σπέρ-

2036 2753 2204 2805 ματος
2247 2737 2518 2810 Ἀϐραὰμ,
2540 2738 2678 2794 ἀλλὰ
2704 2740 2800 2794 καὶ
2824 2741 2989 2796 αὐτὸν
3020 2744 3202 2798 ἱκανὸν
3246 2747 3506 2818 σπείρειν,
3528 2746 3586 2811 ὡς

2048 2827 2318 2900 Ἀϐραάμ.

2099 2923 2154 2979 4.
2208 2924 2385 2979 Ὅλων
2429 2926 2486 2980 δὲ
2534 2927 2745 2983 τούτων
2785 2930 3074 3003 ἀκούωμεν
3114 2933 3487 3007 ἀναφέροντες
3530 2934 3584 2988 τὰ

2027 3014 2293 3088 λεγόμενα
2323 3019 2422 3072 οὐκ
2457 3021 2548 3073 ἐπὶ
2589 3022 2816 3094 σώματα
2845 3024 2940 3078 καὶ
2973 3025 3319 3097 ἀνθρώπους,
3368 3028 3474 3082 ἀλλ’
3512 3026 3586 3080 ἐπί

2023 3127 2145 3164 τινα
2192 3112 2356 3182 νοητά
2399 3114 2497 3168 καὶ
2535 3115 2726 3184 λόγους
2778 3118 3061 3185 πλείονας,
3106 3120 3140 3192 ἢ
3188 3122 3495 3186 ἐλάττονας,
3525 3114 3584 3174 ὧν

2027 3202 2311 3273 μετέχουσι
2344 3205 2616 3278 διαφόρως
2657 3210 2707 3262 οἱ
2735 3211 3016 3275 κατιόντες
3047 3215 3124 3277 είς
3160 3214 3398 3282 γένεσιν,
3433 3215 3463 3285 ἢ
3493 3216 3583 3267 εἰσ-

349 3284 576 3349 dentes,
608 3283 693 3338 vel
730 3284 1011 3339 venientes
1063 3286 1119 3339 in
1174 3285 1390 3352 lucem;
1437 3284 1689 3339 fortassis
1739 3285 1920 3355 aliquo

2099 3312 2205 3359 ντες
2237 3295 2373 3367 (2Ᾱ),
2409 3300 2505 3352 καὶ
2552 3300 2693 3371 τάχα
2740 3302 2798 3355 δὲ
2843 3302 2961 3368 πῶς
3011 3306 3104 3358 καὶ
3144 3306 3408 3371 ἀνιόντες.
3454 3283 3585 3359 Ἔπι-

349 3377 517 3454 etiam
570 3377 730 3432 modo
781 3378 1158 3434 ascendentes.
1212 3377 1474 3449 lnspicies
1521 3379 1821 3433 etiamnum
1854 3378 1923 3433 ad

350 3470 477 3523 talia
512 3467 749 3537 semina,
783 3478 948 3538 atque
999 3470 1166 3524 etiam
1208 3470 1275 3524 ad
1323 3470 1531 3524 semina
1583 3483 1799 3535 eorum,
1830 3471 1923 3539 qui

348 3560 695 3631 accipiebant
729 3561 783 3615 in
815 3560 1027 3630 seipsos
1061 3560 1199 3628 ipsa,
1257 3574 1378 3628 quae
1417 3574 1515 3615 sua
1562 3560 1924 3614 nominaban-

349 3664 463 3718 tur,
502 3654 633 3710 illud
662 3653 858 3710 referri
903 3655 1106 3724 possit:
1142 3656 1345 3707 Euntes
1390 3653 1570 3720 ibant,
1612 3662 1659 3706 et
1704 3653 1923 3721 ﬂebant,

347 3750 608 3802 mittentes
646 3748 845 3803 semina
878 3764 976 3803 sua
996 3748 1042 3803 ⁸.
1076 3746 1404 3802 Consideret
1443 3747 1589 3801 enim
1620 3746 1715 3817 qui
1747 3753 1927 3816 potest

346 3840 705 3906 quarumdam
737 3841 1040 3895 animarum
1092 3839 1216 3903 iter,
1264 3837 1595 3893 venientium
1650 3838 1703 3891 in
1747 3846 1922 3893 ortum

346 3949 469 3988 cum
510 3931 637 3987 fletu
674 3941 728 3986 et
779 3932 986 3986 semina
1018 3931 1332 3995 ferentium,
1363 3931 1451 3986 vel
1480 3931 1718 4001 plurium
1746 3930 1924 3997 justo-

348 4040 489 4089 rum,
520 4021 606 4077 vel
635 4023 968 4092 pauciorum,
999 4030 1163 4090 atque
1191 4022 1522 4091 injustorum
1558 4021 1837 4075 similiter.
1874 4020 1929 4074 Is

239 4168 243 4171 Α
344 4113 512 4169 etiam
554 4115 772 4167 intuens
813 4112 982 4167 veluti
1033 4100 1299 4184 agricolas
1327 4127 1428 4182 pro
1471 4112 1770 4167 seminibus
1800 4128 1923 4182 quae

346 4205 586 4260 habeant
607 4203 893 4269 sollicitos,
926 4203 1232 4258 consideret
1257 4203 1531 4272 quomodo
1557 4204 1670 4258 haec
1701 4204 1920 4273 quidem

345 4295 619 4361 excolam,
655 4309 850 4364 nempe
888 4295 1095 4349 semina
1129 4294 1474 4362 praestantia;
1517 4296 1604 4350 illa
1640 4310 1771 4351 vero
1811 4311 1920 4350 non

345 4391 559 4461 quidem
589 4390 875 4453 seminent,
904 4389 1342 4459 quandoquidem
1359 4391 1579 4444 venient
1607 4391 1768 4444 etiam
1795 4404 1919 4443 cum

2028 3385 2249 3457 στήσεις
2281 3388 2337 3441 δέ
2366 3390 2414 3442 εί
2435 3389 2658 3445 δύναται
2694 3393 2787 3446 ἐπὶ
2816 3393 2885 3447 τὰ
2913 3395 3137 3450 τοιαῦτα
3165 3398 3458 3470 σπέρματα
3481 3399 3583 3470 ἠδη,

2026 3476 2242 3533 καὶτῶν
2270 3482 2350 3543 είς
2369 3482 2596 3547 ἑαυτοὺς
2618 3484 3007 3556 λαμϐανόντων
3030 3489 3168 3544 αὑτά
3207 3490 3322 3544 ἴδια
3350 3490 3582 3562 ὀνομαζό-

2029 3585 2165 3639 μενα
2220 3571 2590 3646 ἀναφέρεσθαι
2639 3578 2737 3631 τό*
2781 3581 3177 3650 Πορευόμενοι
3228 3583 3580 3652 ἐπορεύοντο,

2026 3662 2124 3715 καὶ
2152 3663 2418 3731 ἔκλαιον,
2444 3668 2787 3737 βάλλοντες
2810 3672 2920 3743 (25)
2950 3674 3022 3728 τὰ
3044 3675 3362 3743 σπέρματα
3390 3677 3579 3732 αὐτῶν·

2025 3756 2187 3822 εἴτις
2213 3760 2322 3831 γάρ
2341 3760 2584 3827 δύναται,
2629 3765 2728 3838 τὴν
2767 3768 2903 3837 μετά
2936 3768 3213 3839 κλαυθμοῦ
3263 3773 3484 3843 πορείαν
3515 3788 3587 3823 τι-

2027 3848 2131 3902 νῶν
2181 3851 2367 3922 ψυχῶν
2423 3857 2502 3919 εἰς
2555 3856 2766 3925 γένεσιν
2822 3860 3131 3932 ἐρχομένων
3191 3864 3578 3932 κατανοησάτω,

2027 3941 2306 4008 φερουσῶν
2342 3941 2409 3996 τὰ
2448 3945 2773 4017 σπέρματα,
2815 3950 2933 4021 ἤτοι
2977 3951 3239 4006 πλειόνων
3282 3953 3516 4015 δικαίων,
3552 3953 3579 4024 ἦ

2023 4028 2368 4103 ὀλιγοτέρων,
2404 4036 2499 4089 καὶ
2542 4037 2743 4092 ἀδίκων
2777 4042 2997 4111 ὁμοίως.
3037 4044 3148 4097 Καὶ
3186 4047 3434 4101 ἐννοείτω
3470 4047 3580 4101 θεω-

2029 4122 2136 4192 ρῶν
2190 4125 2429 4198 ὼσπερεὶ
2478 4132 2757 4203 γεωργοὺς
2805 4134 3153 4202 ἀγωνιῶντας
3199 4140 3335 4211 περὶ
3381 4135 3452 4194 ὧν
3484 4139 3575 4207 (26)

2023 4213 2205 4285 έχουσι
2230 4220 2577 4290 σπερμάτων,
2607 4223 2724 4288 πῶς
2746 4225 2872 4279 τάδε
2910 4226 3009 4298 μὲν
3042 4233 3428 4303 γεωργήσωσι,
3458 4226 3575 4300 λέγω

2022 4305 2080 4359 δὲ
2107 4307 2173 4360 τὰ
2205 4307 2553 4381 διαφέροντα,
2589 4313 2717 4367 τάδε
2741 4314 2797 4367 δὲ
2834 4315 2907 4386 μὴ
2935 4317 3251 4388 σπείρωσιν,
3288 4321 3397 4372 εἴτε
3420 4320 3579 4391 ἔρχον-

2022 4415 2111 4452 ται
2145 4401 2239 4454 καὶ
2272 4404 2407 4471 μετά
2441 4407 2699 4476 χειρόνων
2735 4410 3094 4482 σπερμάτων·
3130 4416 3282 4466 ποῖον
3309 4413 3416 4487 γάρ
3453 4412 3577 4474 εἰκὸς

344 4483 528 4552 pravis
568 4481 884 4536 seminibus.
916 4481 1148 4548 Qualem
1192 4481 1339 4536 enim
1394 4479 1580 4535 ﬂetum
1633 4479 1918 4551 probabile

2099 4492 2297 4564 πυθμὴν
2340 4495 2545 4551 κλαίειν
2587 4479 2996 4574 τούτουςξπερὶ
3019 4496 3093 4557 ὧν
3128 4522 3296 4576 φησιν
3323 4479 3357 4560 ό
3386 4479 3572 4573 ’Λόγος

344 4585 427 4630 est
454 4575 554 4629 hos
599 4572 834 4645 plorare,
868 4573 937 4626 de
968 4572 1168 4642 quibus
1215 4572 1392 4640 inquit
1433 4571 1625 4626 Sermo
1655 4587 1669 4621 :
1714 4569 1915 4623 Euntes

2099 4587 2417 4655 ιρευόμενοι
2458 4591 2835 4661 ἐπορεύοντο,
2879 4596 2980 4649 καὶ
3024 4597 3290 4663 ἔκλαιον,
3331 4597 3574 4664 ,ϐάλλον-

344 4667 509 4732 ibant,
547 4641 613 4720 etv
630 4666 846 4733 ﬂebant,
884 4641 1146 4717 mittentes
1179 4664 1377 4716 semina
1405 4679 1501 4715 sua
1520 4663 1545 4715 Ρ
1571 4661 1648 4715 Ac
1672 4660 1915 4730 profecto

2099 4699 2118 4744 ς
2147 4641 2264 4749 (27)
2288 4680 2361 4735 τὰ
2388 4641 2700 4753 σπέριῖατα
2724 4641 2914 4741 αὐξῶν
2939 4705 2957 4751 ;
2998 4690 3109 4742 Καὶ
3133 4641 3290 4755 simi;
3322 4641 3385 4760 ﬂ
3417 4688 3569 4758 ἀγαθή

343 4765 479 4814 bona
512 4772 635 4826 spes
662 4767 745 4812 est
786 4758 837 4811 in
865 4756 1145 4821 euntibus,
1166 4770 1231 4809 ac
1254 4753 1537 4819 ﬂentibus,
1568 4753 1912 4808 mittentibus

2099 4788 2165 4823 τιν
2196 4772 2254 4825 ἐν
2288 4775 2398 4836 τοῖς
2429 4777 2830 4847 πορευομένοις,
2892 4780 2983 4832 καὶ
3046 4753 3310 4846 κλαίουσι,
3334 4753 3345 4760 Ι
3376 4753 3569 4852 βάλλουέ

345 4849 546 4906 semina
574 4865 704 4913 sua;
739 4849 789 4903 hi
820 4862 1058 4918 namque
1085 4856 1345 4917 tanquam
1389 4847 1614 4901 omnino
1653 4846 1916 4900 venientes

2099 4861 2204 4933 (28)
2230 4862 2301 4916 τὰ
2331 4864 2622 4937 σπέρματα
2638 4846 2873 4923 ἑαυτῶν·
2892 4866 3034 4924 οὗτοι
3056 4872 3163 4943 γὰρ
3183 4872 3259 4937 ὡς
3287 4846 3481 4927 ἐπίπαν
3495 4871 3572 4938 ἐρ-

343 4941 538 4996 venient
580 4941 635 4994 in
676 4942 1049 5006 exsultatione,
1094 4940 1362 5010 portantes
1391 4937 1689 5009 manipulos
1716 4937 1904 4992 suos’.

2099 4966 2257 5014 μενοι
2281 4951 2542 5019 ἥξουσιν
2573 4955 2644 5008 ἐν
2667 4957 3049 5027 ἀγαλλιάσει,
3069 4937 3437 5031 icti-porrecta
3460 4937 3570 5030 δρά-

409 5081 432 5113 “
458 5079 599 5136 Psal.
628 5096 791 5146 cxxv,
821 5079 876 5135 6.
953 5081 974 5113 ³
1001 5080 1135 5137 ibid.

409 5201 524 5271 (22)
559 5199 968 5271 Πωστέθεικε.
1000 5201 1308 5271 Legendutn
1352 5216 1549 5258 censeo
1586 5203 1907 5273 προστεθει-

342 5274 522 5415 ιέἴὲἑ)
555 5341 739 5398 Codex
768 5340 1113 5415 Bodleianus,
1138 5346 1360 5412 optime,
1390 5341 1611 5415 σπέρμα
1632 5343 1727 5396 τοῦ
1764 5344 1836 5414 Σή
1847 5358 1906 5414 μ·

340 5412 577 5485 Regius,
599 5428 902 5485 perperam.
932 5412 1246 5485 σπέρματος
1270 5415 1414 5483 Σήμ.

2009 5202 2338 5285 emendavit,
2381 5206 2733 5285 ἀχωνιῶντας
2777 5212 3073 5285 περιόντας
3104 5214 3234 5285 περὶ
3270 5207 3366 5268 ὧν.
3406 5215 3468 5269 At
3518 5211 3562 5285 in

2011 5273 2305 5353 ljodleiano
2341 5287 2396 5329 et
2424 5277 2725 5333 Barhcrino
2774 5273 2998 5353 legitur,
3054 5273 3409 5353 ἀγωνιῶντας
3458 5283 3563 5353 περὶ

2009 5335 2107 5409 ὧν,
2132 5355 2259 5408 etc.,
2288 5361 2409 5414 quas
2472 5363 2726 5426 germana
2773 5335 2930 5407 lec'tio
2955 5335 2963 5337 ﬁ
2985 5335 3302 5416 bs.‘;’".i.'.‘.'..'
3325 5335 3564 5426 ’ἓέερέῶι-

930 5420 1414 5495 σπέρματοςιΣήμ.
2008 5429 2108 5495 τας
2145 5430 2210 5468 ex
2252 5426 2525 5495 postrema
2555 5420 2759 5495 syllaba
2819 5426 3172 5489 prmcedentis
3213 5420 3472 5490 vocabuli,
3518 5433 3565 5476 et

409 5483 522 5560 (ξιξ)
548 5483 729 5560 podex
762 5483 1446 5560 ΒοιΙΙείρηᾳε“,-ἐλθόντες.“μ
1686 5553 1723 5560 _
1805 5554 1816 5560 _
2013 5486 2187 5539 tribus
2217 5483 2833 5560 sequentibus'videtur'
2862 5507 2957 5560 per
3012 5495 3221 5551 librarii
3281 5483 3558 5552 festinatio-

375 5553 519 5640 '(?.5)
555 5553 697 5609 Idem
733 5556 901 5610 codex
937 5553 1284 5620 Bodleianus,
1331 5554 1635 5625 βάλλοντες,
1686 5553 1910 5624 Regius,
2016 5553 2461 5642 nern_coaliiisse.
2500 5628 2539 5642 n
2616 5628 2629 5642 .

342 5641 942 5776 Ϋιῗὲἴῧεῗλγωνεῶντας
972 5695 1104 5776 περὶ
1133 5690 1240 5759 ὧν,
1307 5706 1411 5776 etc.
1475 5696 1660 5776 gods):
1705 5692 1908 5775 Regius

2099 5625 2199 5707 ;27)
2245 5627 2470 5706 (lodices
2500 5628 2698 5699 Regius
2735 5639 2788 5684 et
2822 5632 3181 5701 Barberinus,
3213 5636 3497 5706 βάλλοντες.

2099 5696 2396 5764 ,28)1ιιιειη
2433 5701 2649 5757 codices
2698 5700 2901 5772 Regius
2954 5717 3010 5760 et
3062 5704 3402 5773 Barberinus,
3451 5701 3559 5776 βάλ-

341 5759 525 5828 habet,
549 5759 892 5831 ἀγωνιῶντας
921 5759 1231 5838 περιῶντας
1288 5768 1414 5839 περ).
1468 5759 1563 5823 ὧν.
1623 5759 1913 5823 Pet'ionius.

2099 5759 2183 5820 ᾖσι.
