3688 6146
336 290 442 346 583

1775 290 1934 350 ORIG
1945 291 2101 348 ENlS
3475 292 3560 346 586

335 413 664 470 disseremus
695 430 820 471 cum
872 416 942 472 ad
982 413 1413 487 explorationem
1440 413 1589 470 illius
1617 421 1905 469 contextus

2089 428 2175 484 ρος
2201 410 2261 464 τό
2280 428 2293 442 ο
2327 406 2490 476 Οἶδα,
2513 410 2604 464 ὅτι
2625 409 2865 480 σπέρμα
2908 408 3149 479 Ἀϐραάμ
3174 408 3344 471 ἐστε,
3367 407 3455 460 καὶ
3478 410 3558 461 τό·

344 506 765 574 pervenerimus.

2016 506 2087 557 Εἰ
2107 502 2290 556 τέκνα
2320 503 2427 557 τοῦ
2468 500 2715 572 Ἀϐραάμ
2739 502 2900 566 ἐστε,
2930 501 3004 555 τὰ
3026 499 3167 570 ἔργα
3196 499 3310 553 τοῦ
3347 499 3561 566 Ἀϐραὰμ

341 599 574 655 ποιεῖτε.
618 598 754 668 Περὶ
796 596 1046 669 μέντοιγε
1092 597 1295 651 τέκνων
1355 594 1602 668 Ἀϐραὰμ
1646 594 1714 648 τὰ
1766 593 1904 666 ἔργα
1940 592 2035 647 τοῦ
2072 593 2320 666 Ἀϐραὰμ
2354 594 2684 659 ποιούντων,
2729 593 2865 648 Θεοῦ
2910 593 3160 658 διδόντος,
3206 590 3563 662 εὐκαιρότερον

335 694 588 770 ἐροῦμεν,
617 694 922 764 φθάσαντες
955 696 1049 749 ἐπὶ
1078 693 1177 766 τὴν
1207 694 1437 764 βάσανον
1461 692 1673 762 ἐκείνης
1695 691 1792 760 τῆς
1814 688 2031 757 λέξεως.

407 791 461 846 5.
495 790 556 845 Ei
597 805 725 859 ergo
761 789 854 859 qui
888 790 1051 844 fuerit
1078 789 1311 843 Abraha:
1333 804 1541 853 semen,
1577 790 1702 844 licet
1741 788 1905 842 etiam

339 883 478 949 fieri,
511 884 556 937 si
593 884 928 953 diligentiam
962 881 1238 943 adhibeat.
1268 879 1387 949 ejus
1417 882 1595 946 (ilius;
1637 880 1903 951 quemad-

338 976 556 1030 modum
604 976 749 1030 factu
808 973 1125 1028 facillimum
1173 981 1284 1037 est,
1337 982 1397 1026 ut
1429 973 1572 1027 nulla
1604 974 1905 1044 diligentia,

336 1067 595 1136 nullaque
624 1066 833 1120 cultura
869 1065 1137 1128 adhibita,
1166 1067 1268 1120 hoc
1303 1065 1466 1120 etiam
1513 1065 1729 1135 perdat,
1764 1063 1905 1133 quod

337 1174 522 1215 semen
565 1159 794 1213 Abrahze
828 1166 966 1212 erat.
1003 1156 1174 1210 Porro
1209 1157 1261 1210 hi
1293 1157 1360 1211 ad
1390 1171 1528 1225 quos
1557 1166 1677 1210 erat
1703 1170 1904 1220 sermo,

338 1250 576 1305 nondum
629 1257 787 1303 erant
836 1248 1129 1317 deploratae
1175 1247 1324 1316 spei,
1381 1247 1583 1302 sciente
1636 1244 1763 1301 Jesu
1813 1261 1906 1301 eos

337 1341 632 1395 etiamnum
666 1339 896 1392 Abrahae
927 1353 1110 1392 semen
1146 1352 1286 1402 esse,
1311 1353 1375 1393 ac
1402 1338 1618 1392 vidente
1649 1352 1744 1392 eos
1774 1352 1903 1390 non-

2079 783 2133 839 5.
2164 782 2380 848 Ἔξεστι
2400 783 2577 836 τοίνυν
2608 781 2829 854 σπέρμα
2853 780 2943 835 τοῦ
2985 781 3237 853 Ἀϐραὰμ
3258 780 3566 850 τυγχάνοντα

2011 872 2263 943 γενέσθαι
2306 873 2469 928 αὐτοῦ
2507 874 2579 926 δι’
2617 873 2931 944 ἐπιμελείας
2965 873 3060 927 κα)⁸
3094 873 3309 926 τέκνον.
3362 873 3566 925 Δυνατέν

2011 965 2069 1020 δὲ
2102 969 2196 1021 καὶ
2216 966 2275 1034 ἐξ
2301 966 2562 1037 ἀμελείας
2582 968 2677 1021 καὶ
2706 966 3090 1038 ἀγεωργησίας,
3117 965 3385 1019 ἀπολέσαι
3417 965 3502 1017 καὶ
3521 965 3568 1018 τὸ

2014 1054 2154 1115 εἶναι
2195 1059 2360 1114 αὐτοῦ
2420 1061 2662 1133 σπέρμα.
2716 1052 2875 1113 Οὗτοι
2932 1059 3183 1130 μέντοιγε
3234 1057 3319 1111 ἐτι
3367 1056 3568 1110 ἐλπίδων

2012 1152 2152 1230 ἦσαν
2177 1156 2285 1227 (55)
2321 1155 2456 1228 πρὸς
2495 1153 2589 1218 οὓς
2617 1156 2645 1208 6
2675 1153 2854 1222 λόγος,
2887 1151 3102 1216 εἰδότος·
3127 1150 3223 1204 τοῦ
3284 1147 3477 1221 Ἰησοῦ,
3504 1152 3568 1204 ὅτι

2016 1249 2240 1321 σπέρμα
2277 1247 2355 1300 ἔτι
2376 1243 2515 1318 ἦσαν
2536 1244 2630 1299 τοῦ
2673 1242 2943 1317 Ἀϐραὰμ,
2982 1243 3077 1296 καὶ
3115 1241 3469 1313 θεωροῦντος,
3504 1242 3572 1294 ὃτι

2013 1341 2223 1395 οὐδέπω
2254 1339 2686 1393 ἀπολωλέκεισαν
2725 1338 2785 1390 τὸ
2827 1334 3083 1390 δύνασθαι
3125 1333 3385 1403 γενέσθαι
3433 1333 3573 1386 τέκνα

340 1433 466 1486 dum
520 1431 767 1484 amisisse
824 1429 1137 1484 facultatem
1184 1444 1301 1483 eam
1342 1443 1445 1498 qua
1489 1428 1606 1482 fieri
1658 1435 1905 1498 poterant

2089 1432 2108 1485 5
2154 1431 2432 1504 Ἀϐραάμ·
2467 1430 2542 1494 ὠς
2567 1429 2675 1501 γὰρ
2701 1427 2925 1483 δυνατοῦ
2955 1426 3107 1489 ὄντος
3130 1425 3229 1479 τοῦ
3266 1426 3464 1487 αὐτοὺς
3495 1442 3572 1492 γε.

339 1524 573 1578 Abrahae
596 1523 731 1589 lilii;
769 1533 1023 1592 tanquam
1051 1521 1197 1575 enim
1234 1519 1393 1575 facile
1440 1519 1586 1574 factu
1630 1529 1799 1584 esset,
1853 1530 1905 1573 ut

2089 1524 2203 1577 σθαι
2246 1522 2410 1576 τέκνα
2459 1521 2553 1575 τοῦ
2610 1519 2879 1590 Ἀϐραὰμ,
2928 1519 3065 1590 πρὸς
3115 1517 3175 1571 τὸ
3216 1514 3363 1571 εἶναι
3401 1517 3574 1580 αὐτοὺς

339 1621 695 1682 praeterquam
719 1613 861 1683 quod
888 1628 1073 1668 semen
1101 1621 1289 1667 essent
1312 1611 1565 1674 Abrahae,
1610 1611 1775 1666 etiam
1814 1612 1905 1666 lilii

2089 1614 2258 1685 ῖέρμα,
2288 1617 2450 1684 φησὶν
2480 1612 2680 1675 αὐτοῖς’
2713 1613 2784 1664 El
2812 1609 2992 1664 τέκνα
3016 1608 3122 1662 τοῦ
3153 1606 3406 1677 Ἀϐραάμ
3433 1607 3573 1671 ἐστε,

339 1679 699 1769 edicerentur,
736 1679 924 1773 inquit
969 1706 1037 1758 ad
1083 1718 1219 1757 eos:
1253 1703 1314 1758 Si
1339 1703 1443 1772 ﬁlii
1492 1703 1717 1757 Abrahre
1760 1706 1905 1770 estis,

2126 1679 2272 1776 ἔργα
2303 1679 2423 1759 τοῦ
2490 1704 2735 1774 Ἀϐραὰμ
2789 1702 3025 1756 ποιεῖτε.
3081 1702 3167 1766 Ὡς
3213 1701 3275 1754 δέ
3318 1701 3424 1754 εἰσί
3453 1717 3576 1762 τινες

342 1800 499 1863 o’pera
537 1796 765 1850 Abraha:
795 1797 980 1864 facile.
1014 1794 1289 1851 Utautem
1314 1804 1439 1851 sunt
1464 1796 1689 1865 quidam
1724 1811 1905 1851 semen

2089 1795 2236 1866 κέρμα
2264 1795 2358 1849 τοῦ
2393 1795 2662 1869 Ἀϐραὰμ,
2691 1794 2863 1858 οὕτως
2887 1793 3054 1857 ἄλλοι,
3081 1794 3156 1856 ὼς
3184 1793 3300 1864 (54)
3328 1795 3357 1846 6
3398 1794 3575 1861 Δανιήλ

339 1887 590 1951 Abrahae,
626 1888 704 1942 sic
732 1885 823 1940 alii
853 1885 1179 1939 exsistentes
1206 1899 1415 1949 semen,
1448 1901 1553 1939 non
1579 1896 1704 1939 sunt
1727 1901 1911 1940 semen

339 1979 555 2035 dicente
586 1979 847 2033 Daniele:
886 1978 1073 2032 Semen
1104 1975 1381 2043 Chanaan,
1428 1986 1475 2030 et
1522 1994 1625 2031 non
1657 1978 1803 2033 Iuda
1824 1980 1865 2010 "
1895 1994 1910 2044 ;

339 2073 419 2126 sic
444 2071 533 2126 alii
565 2072 796 2125 aliorum
833 2079 976 2135 sunt,
1006 2080 1061 2125 et
1095 2088 1202 2126 non
1245 2081 1396 2136 sunt,
1429 2073 1648 2126 dicente
1686 2071 1914 2141 Sapien-

342 2161 457 2213 tia:
508 2159 698 2215 Semen
739 2160 1095 2214 exsecratione
1122 2161 1361 2213 devotum
1396 2162 1459 2214 ab
1500 2161 1651 2214 initio
1670 2163 1741 2217 “.
1775 2160 1912 2227 Quin

341 2252 505 2306 etiam
534 2251 621 2305 his
643 2251 926 2317 addemus,
956 2250 1099 2318 quod
1133 2259 1192 2303 ut
1237 2250 1289 2304 in
1327 2251 1489 2305 rebus
1541 2250 1914 2320 corporalibus

342 2359 508 2398 unum
536 2343 802 2398 interdum
840 2357 1025 2399 semen
1057 2345 1271 2415 operari
1324 2344 1528 2409 valens,
1564 2345 1735 2414 magis
1787 2359 1916 2414 pro-

343 2433 457 2489 ficit
489 2449 650 2502 quam
687 2433 857 2488 multa
893 2436 1101 2490 semina
1123 2476 1140 2501 ,
1177 2436 1256 2490 sic
1289 2450 1518 2491 cernere
1548 2441 1712 2489 etiam
1756 2436 1916 2490 liceat

345 2525 399 2579 in
428 2525 725 2581 seminibus
752 2528 1152 2597 spiritualibus.
1191 2528 1244 2582 Id
1274 2537 1454 2583 autem
1486 2528 1627 2598 quod
1675 2529 1798 2583 dico
1848 2543 1915 2582 ex

344 2617 431 2671 his
461 2632 579 2688 quae
607 2612 731 2673 mox
763 2620 1012 2674 dicentur
1034 2619 1262 2690 liquebit
1289 2637 1305 2687 ;
1339 2620 1597 2690 quoniam
1629 2621 1771 2675 enim
1821 2621 1913 2689 qui

345 2708 601 2774 seminat,
654 2708 891 2762 rationes
937 2723 966 2760 a
1010 2707 1309 2777 majoribus
1358 2717 1609 2775 acceptas
1645 2708 1700 2760 in
1733 2706 1916 2775 seipso

348 2799 511 2855 habet
531 2807 588 2855 et
618 2799 904 2868 ingenitas,
931 2799 1219 2869 aliquando
1246 2799 1462 2870 quidem
1511 2797 1769 2868 praevalet
1800 2797 1917 2865 ejus

348 2890 511 2956 ratio,
539 2890 701 2961 idque
734 2892 877 2958 quod
903 2891 1164 2962 gignitur,
1190 2891 1373 2945 editur
1395 2889 1681 2944 seminanti
1705 2889 1914 2954 simile;

346 2980 640 3052 aliquando
671 2996 805 3039 vero
834 2982 974 3037 ratio
1003 2981 1190 3036 fratris
1223 2982 1340 3052 ejus
1376 2982 1468 3051 qui
1497 2981 1802 3045 seminavit,
1828 2979 1917 3035 vel

346 3074 539 3145 patris,
567 3074 652 3129 vel
675 3076 944 3136 avunculi,
971 3075 1107 3130 adde
1132 3075 1295 3130 etiam
1315 3075 1421 3142 avi,
1440 3071 1734 3145 praevalet;
1757 3087 1918 3141 quam

345 3164 418 3218 ob
449 3179 696 3230 causam,
726 3167 815 3235 qui
851 3167 904 3219 in
945 3166 1121 3221 lucem
1146 3166 1403 3228 eduntur,
1436 3167 1689 3220 oriuntur
1720 3162 1804 3220 liis
1834 3163 1918 3220 vel

346 3256 459 3310 illis
486 3257 713 3314 similes.
747 3259 988 3314 Cernere
1023 3274 1153 3313 vero
1179 3259 1345 3314 etiam
1376 3268 1459 3313 est
1490 3259 1758 3313 rationem
1788 3272 1920 3311 con-

340 3344 514 3418 jugis,
547 3347 633 3402 vel
664 3347 851 3403 fratris
882 3348 1020 3418 ejus,
1045 3349 1130 3403 vel
1160 3350 1247 3403 avi
1273 3347 1389 3417 ejus
1419 3348 1743 3418 praevalere,
1765 3347 1916 3416 juxta

345 3440 737 3496 concussiones
765 3456 885 3511 quae
913 3451 1040 3497 sunt
1085 3442 1137 3496 in
1189 3441 1556 3505 mistionibus,
1593 3440 1721 3495 dum
1757 3439 1919 3496 simul

345 3543 539 3585 omnes
565 3545 806 3600 eousque
827 3532 1237 3596 concutiuntur,
1275 3530 1453 3601 quoad
1486 3530 1780 3601 praevaleat
1817 3530 1919 3586 ali-

345 3633 451 3691 qua
486 3622 628 3675 ratio
662 3623 961 3677 seminalis.
1014 3621 1141 3678 Hzec
1190 3623 1355 3691 igitur
1403 3621 1808 3677 transferantur
1851 3623 1920 3677 ad

345 3711 582 3766 animam
613 3713 916 3768 seminibus
944 3713 1373 3787 intelligibilibus
1403 3714 1640 3783 plenam,
1663 3730 1785 3785 qum
1822 3730 1919 3770 ve-

343 3805 529 3860 nerint
562 3819 591 3858 a
627 3805 974 3875 quibusdam,
1025 3808 1116 3875 qui
1169 3816 1354 3877 patres
1383 3808 1502 3877 ejus
1532 3809 1810 3874 dicuntur,
1866 3820 1922 3865 et

344 3895 512 3950 veluti
536 3897 1092 3966 seminalesquredam
1119 3908 1333 3967 patrum
1367 3900 1608 3953 rationes
1633 3900 1921 3968 perfician-

349 3999 457 4055 tur,
486 4002 715 4061 propter
746 3991 971 4045 multam
1011 3990 1367 4045 mobilitatem
1414 3989 1821 4062 agilitatemque
1865 4000 1921 4047 et

346 4082 711 4137 intensionem
743 4083 810 4136 ad
847 4081 982 4135 tales
1007 4082 1428 4152 imaginationes
1455 4082 1573 4151 ejus
1596 4085 1766 4153 partis
1797 4085 1908 4138 ani-

346 4190 471 4240 mae,
502 4189 622 4243 quae
662 4174 1108 4242 prmstantissima
1154 4184 1274 4239 est;
1308 4190 1432 4245 quae
1474 4176 1518 4230 si
1567 4177 1913 4242 excolantur,

346 4269 455 4322 erit
484 4266 681 4335 aliquis
713 4266 874 4333 filius,
910 4267 997 4320 hic
1043 4266 1260 4335 quidem
1307 4269 1557 4334 Abrahae,
1601 4267 1766 4340 314
1806 4268 1918 4324 Noe

2016 1903 2180 1956 φησι·
2219 1887 2459 1955 Σπέρμα
2489 1885 2595 1939 τοῦ
2630 1885 2894 1955 Χαναὰμ,
2928 1884 3025 1938 καί
3057 1886 3169 1939 οὐκ
3236 1882 3459 1937 Ἰούδαο
3496 1883 3577 1934 καὶ

2014 1977 2182 2038 ἄλλοι,
2216 1977 2351 2048 ὼςή
2384 1978 2571 2047 Σοφία
2613 1977 2805 2049 φησίν·
2840 1976 3082 2046 Σπέρμα
3111 1976 3226 2047 (55)
3269 1973 3576 2043 erumpant-

2011 2087 2125 2125 ’νον
2165 2069 2264 2123 ἀπ’
2324 2068 2538 2138 ἀρχῆς.
2598 2069 2707 2122 Καὶ
2744 2070 2824 2133 είς
2869 2068 3041 2122 ταῦτα
3087 2068 3145 2121 δὲ
3196 2068 3465 2139 φήσομεν,
3507 2066 3576 2117 ὅτι

2015 2161 2203 2232 ὥσπερ
2221 2159 2360 2215 κατὰ
2372 2161 2439 2215 τὰ
2459 2161 2742 2232 σωματικὰ
2767 2160 2874 2215 ἀπὸ
2893 2159 3102 2213 πολλῶν
3116 2159 3449 2230 σπερμάτων
3462 2173 3574 2228 προ-

2016 2251 2206 2304 κόπτει
2261 2252 2460 2322 μᾶλλον
2496 2253 2785 2324 ἐνεργῆσαι
2832 2252 3052 2323 δυνηθὲν
3086 2250 3198 2304 ἐσθ’
3247 2252 3342 2303 ὅτε
3391 2250 3447 2303 ἓν
3482 2247 3575 2301 τῶν

2020 2342 2368 2414 σπερμάτων,
2391 2343 2561 2408 οὕτως
2595 2344 2735 2398 ἔστιν
2771 2344 2899 2397 ίδεῖν
2933 2342 3026 2398 καὶ
3061 2343 3169 2396 τῶν
3201 2341 3572 2414 πνευματικῶν

2021 2437 2364 2507 σπερμάτων.
2401 2438 2465 2489 Ὅ
2491 2436 2546 2488 δέ
2577 2435 2726 2507 λέγω.
2756 2434 2907 2489 ἔσται
2945 2435 3113 2505 σαφὲς
3151 2437 3217 2488 ἐκ
3264 2434 3379 2489 τῶν
3415 2433 3577 2503 λεχθηο

2022 2528 2264 2598 σομένων
2287 2545 2300 2558 ο
2341 2528 2464 2581 ἐπεὶ
2502 2527 2609 2599 γὰρ
2655 2528 2768 2600 ἔχει
2805 2530 2863 2582 ἐν
2913 2528 3090 2600 ἐαυτῷ
3143 2527 3500 2601 προγονικούς
3525 2544 3575 2579 τε

2021 2621 2114 2674 καὶ
2140 2621 2489 2688 συγγενικοῦς
2519 2620 2709 2690 λόγους
2733 2624 2762 2674 6
2796 2622 3054 2695 σπείρων,
3089 2622 3176 2675 ὁτὲ
3210 2622 3314 2692 μὲν
3354 2621 3578 2693 κρατεῖό

2018 2710 2180 2765 αὑτοῦ
2233 2711 2419 2780 λόγος,
2468 2713 2564 2767 καὶ
2625 2714 2972 2768 ἀποτίκτεται
3021 2713 3084 2767 τό
3135 2713 3473 2785 γεννώμενον
3511 2711 3577 2781 τῷ

2022 2802 2305 2874 σπείραντι
2347 2804 2550 2874 ὅμοιον,
2600 2805 2689 2857 ὁτὲ
2730 2804 2787 2858 δὲ
2822 2794 2864 2859 ὁ⁴
2889 2805 3046 2875 λόγος
3082 2804 3175 2859 τοῦ
3227 2803 3462 2873 ἀδελφοῦ
3494 2800 3575 2855 τοῦ

2022 2893 2363 2966 σπείραντος,
2406 2895 2440 2967 ἢ
2487 2894 2581 2949 τοῦ
2623 2896 2828 2968 πατρὸς
2867 2896 2960 2950 τοῦ
3017 2897 3343 2969 σπείραντος
3383 2894 3509 2970 (56),
3546 2895 3576 2966 ἢ

1947 3026 1989 3084 C
2018 2986 2113 3041 τοῦ
2150 2987 2295 3040 θείου
2344 2986 2438 3041 τοῦ
2489 2988 2828 3060 σπείραντος,
2876 2989 3044 3043 ἐνίοτε
3100 2990 3195 3043 καὶ
3226 2990 3455 3043 πάππου
3497 2986 3577 3042 τοῦ

2024 3078 2359 3151 σπείραντος,
2394 3079 2522 3151 παρ’
2553 3078 2582 3132 ὃ
2613 3079 2850 3148 γίνονται
2889 3081 2938 3132 oi
2974 3080 3394 3151 ἀποτικτόμενοι
3423 3080 3578 3146 ὅμοιοι

2018 3168 2215 3235 τοῖσδε,
2246 3169 2278 3239 ἢ
2305 3169 2501 3224 τοῖσδε.
2534 3170 2691 3225 Ἔστι
2724 3171 2781 3225 δὲ
2816 3171 2942 3224 ίδείν
2961 3172 3371 3243 ἐπικρατοῦντα
3396 3170 3578 3227 καὶτὸν

2019 3261 2177 3332 λόγον
2219 3261 2331 3334 (57)
2363 3263 2462 3335 τῆς
2506 3263 2781 3332 γυναικὸς,
2822 3263 2855 3336 ἦ
2905 3264 2999 3318 τοῦ
3046 3267 3253 3338 πατρὸς
3285 3271 3386 3341 τῆς
3406 3268 3578 3339 ’γυναιο

2021 3355 2133 3419 κὸς,
2174 3352 2208 3426 ἢ
2261 3352 2355 3407 τοῦ
2410 3353 2640 3425 ἀδελφοῦ
2697 3356 2888 3428 αὐτῆς,
2931 3358 2962 3428 ἢ
2998 3358 3089 3412 τοῦ
3124 3360 3356 3415 πάππου
3405 3363 3576 3433 αὐτῆς,

2022 3447 2162 3501 κατά
2200 3447 2327 3512 τοὺς
2375 3448 2434 3501 ἐν
2483 3450 2601 3512 ταῖς
2649 3447 2826 3519 μίξεσι
2877 3448 3173 3521 βρασμοὺς,
3209 3453 3328 3522 ἅμα
3383 3457 3578 3509 πάντων

2024 3537 2315 3610 σειομένων
2363 3538 2468 3603 ἕως
2524 3539 2870 3612 ἐπικρατήσῃ
2918 3556 3001 3603 τις
3045 3540 3153 3593 τῶν
3208 3545 3579 3616 σπερματικῶν

2020 3629 2213 3700 λόγων.
2249 3630 2433 3685 Ταῦτα
2461 3631 2525 3703 δὴ
2554 3630 2874 3702 μεταγέσθω
2906 3633 2997 3685 ἐπὶ
3030 3632 3127 3704 τὴν
3160 3635 3578 3708 πεπληρωμένην

2019 3721 2195 3794 ψυχὴν
2245 3721 2450 3793 νοητῶν
2509 3721 2857 3794 σπερμάτων,
2901 3722 3235 3794 ἐληλυθότων
3274 3726 3384 3778 ἀπό
3438 3739 3578 3777 τινων

2021 3813 2437 3885 ὀνομαζομένων
2467 3814 2716 3885 πατέρων
2742 3813 2930 3885 αὐτῆς,
2962 3816 3055 3868 καὶ
3082 3815 3143 3868 τὸ
3168 3817 3323 3888 παρὰ
3349 3818 3409 3870 τὸ
3432 3816 3575 3869 nolu-

2021 3906 2237 3979 κίνητον
2280 3908 2313 3979 ἦ
2362 3907 2644 3979 εὐκίνητον
2682 3907 2775 3960 τοῦ
2826 3908 3174 3980 ἡγεμονικοῦ,
3220 3911 3316 3962 καὶ
3359 3911 3454 3982 τὴν
3499 3911 3578 3962 ἐπὶ

2020 3997 2231 4051 τοιάσδε
2268 3998 2567 4067 φαντασίας
2612 3999 2893 4052 ἐπίστασιν
2932 4001 3395 4070 προκυπτέτωσαν
3435 4001 3576 4056 οἱονεὶ

2022 4089 2386 4160 σπερματικοί
2410 4107 2557 4153 τινες
2581 4089 2689 4143 τῶν
2724 4090 2978 4163 πατέρων
3011 4092 3177 4160 λόγοι,
3217 4087 3289 4146 ὧν
3316 4111 3575 4165 γεωργου-
3622 4108 3626 4116 ‘

2024 4183 2198 4253 μένων
2232 4182 2384 4237 ἔσται
2414 4201 2497 4248 τις
2531 4183 2740 4250 τέκνον,
2780 4187 2809 4238 6
2836 4185 2892 4237 δέ
2927 4185 3024 4256 μὲν
3053 4186 3146 4239 τοῦ
3200 4188 3468 4260 Ἀϐραὰμ,
3495 4188 3577 4255 δῆ-

2020 4274 2109 4327 λον
2137 4275 2180 4328 δ’
2213 4276 2295 4328 ὅτι
2326 4275 2485 4339 αὐτὸς
2516 4275 2592 4329 ὢν
2622 4278 2715 4330 καὶ
2748 4276 2843 4330 τοῦ
2872 4277 3021 4330 Νῶε’
3054 4277 3211 4343 ἄλλος
3245 4280 3300 4332 δὲ
3317 4280 3413 4334 τοῦ
3435 4279 3571 4334 Νῶε’

346 4358 699 4413 nihilominus
732 4357 894 4411 etiam
927 4357 1104 4423 filius;
1135 4357 1228 4412 ille
1252 4372 1383 4412 vero
1412 4357 1560 4426 Noe;
1595 4375 1703 4414 non
1739 4362 1810 4414 ita
1843 4370 1905 4415 ta-

2089 4388 2119 4439 χ
2148 4367 2289 4421 ὥστε
2318 4368 2374 4421 δὲ
2407 4364 2546 4423 εἶναι
2575 4370 2669 4424 καὶ
2713 4369 2807 4422 τοῦ
2850 4371 3129 4442 Ἀϐραάμ’
3177 4374 3269 4426 καὶ
3305 4374 3460 4444 ἄλλος
3495 4370 3574 4426 τοῦ

348 4464 472 4505 men
514 4457 575 4502 nt
607 4450 771 4503 etiam
801 4450 1036 4504 Abrahae
1067 4450 1137 4504 sit
1171 4450 1344 4519 lilius;
1377 4466 1563 4507 rursus
1590 4453 1730 4506 alius
1772 4451 1918 4507 Cha-

348 4556 517 4607 naan,
551 4550 607 4594 et
631 4541 761 4596 item
794 4541 931 4596 alius
962 4541 1196 4612 alicujus
1235 4541 1531 4610 justorum,
1561 4543 1645 4596 vel
1680 4541 1908 4611 injusto-

351 4648 493 4687 rum.
524 4632 775 4686 Attamen
805 4646 903 4688 nec
930 4648 1053 4687 cum
1081 4632 1350 4688 similibus
1403 4632 1706 4703 iisdemque
1749 4635 1914 4688 semi-

348 4725 506 4779 nibus
528 4724 771 4780 venimus
799 4740 1008 4791 omnes,
1031 4739 1131 4780 nec
1157 4724 1321 4779 etiam
1348 4738 1548 4778 vacuus
1584 4724 1918 4783 salutaribus

347 4823 404 4869 et
429 4816 629 4869 sanctis
653 4816 951 4872 seminibus
985 4818 1134 4871 venit
1165 4817 1459 4887 quispiam.
1493 4816 1605 4872 Nisi
1640 4817 1783 4874 forte
1814 4821 1919 4877 hac

348 4908 403 4962 in
443 4922 499 4960 re
522 4908 644 4977 quis
671 4923 769 4963 nos
793 4908 1021 4973 refellat,
1053 4909 1365 4979 praesidium
1395 4924 1424 4963 a
1458 4910 1567 4966 Deo
1588 4912 1920 4981 proveniens

349 4998 619 5053 adducens
653 4997 706 5052 in
743 4999 1002 5065 medium,
1028 5000 1174 5069 quod
1205 5015 1276 5055 ne
1308 5001 1374 5055 de
1403 5003 1656 5070 pessimis
1696 5005 1915 5074 quidem

346 5091 621 5158 desperat,
643 5089 737 5160 qui
767 5090 931 5145 nullis
962 5092 1263 5147 seminibus
1298 5093 1519 5162 optimis
1544 5095 1596 5149 in
1623 5097 1788 5153 vitam
1825 5115 1919 5157 ve-

417 5186 465 5219 “
502 5184 637 5241 Dan.
666 5200 788 5251 xm,
821 5184 911 5240 56.
987 5186 1031 5219 ³³
1056 5185 1183 5256 Sap.
1219 5203 1320 5253 xu,
1348 5188 1448 5254 Η.

413 5307 525 5378 (5'5)
554 5306 988 5380 'Ett_é.1:t[60)_r
1013 5304 1195 5380 ἦσαν.
1224 5309 1305 5363 Ad
1350 5312 1650 5378 marginem
1711 5319 1914 5377 codicis
1942 5350 1956 5363 ο

350 5376 635 5455 Barberini
698 5378 893 5449 legitur
927 5378 1009 5455 ἔτι
1038 5376 1641 5455 ἐντος-ἐλπίδωνῌῆσαν.
1691 5376 1918 5448 lluetius

348 5448 694 5524 scribendum
723 5449 1034 5524 ce_nse_t,_€rt
1067 5452 1160 5504 ἐπὶ
1188 5448 1607 5524 ἐλπίδωνῆσαν.

382 5516 531 5638 ὶ(’5ί)
565 5518 742 5642 (ἐυιιιοι
772 5519 1123 5588 Bodleianus,
1158 5521 1333 5586 οὕτως
1354 5516 1504 5577 ἄλλοι
1535 5523 1687 5590 ὄντες
1710 5528 1810 5582 οὐκ
1841 5530 1919 5583 εί-

382 5605 459 5643 ην.
494 5605 590 5643 ως,
630 5604 659 5643 e
688 5605 736 5643 c.

352 5602 889 5734 ῗιὶἒὲἶλίίοῗιθξοάει
917 5661 1266 5734 Bodleianus,
1303 5664 1397 5719 καὶ
1425 5663 1574 5718 ἄλλοι
1606 5663 1801 5734 ἄλλων,
1842 5669 1919 5733 ὡς

351 5725 382 5789 ἡ
417 5725 585 5793 Σοφία
614 5728 745 5797 φησι
766 5747 779 5759 ·
815 5731 1071 5802 Σπέρμα,
1103 5746 1209 5792 etc.

2024 4458 2266 4525 Χαναὰν,
2297 4460 2389 4512 καὶ
2421 4459 2579 4524 ἄλλος
2597 4461 2741 4524 τινὸς
2766 4459 2873 4513 τῶν
2899 4461 3145 4528 δικαίων,
3174 4464 3208 4534 ἢ
3236 4464 3348 4517 τῶν
3375 4465 3572 4518 ἀδίκων.

2025 4551 2170 4623 Πλὴν
2211 4553 2272 4605 οὐ
2309 4552 2448 4624 μετὰ
2485 4553 2706 4625 ὁμοίων,
2742 4556 2837 4608 καὶ
2874 4555 2981 4608 τῶν
3036 4556 3215 4610 αὐτῶν
3258 4557 3573 4629 ἐληλύθαμεν

2022 4645 2223 4708 πάντες
2290 4646 2640 4717 σπερμάτων,
2708 4646 2822 4701 ἀλλ’
2859 4648 2978 4701 οὐδὲ
3018 4649 3245 4718 ἐλήλυθέ
3308 4668 3392 4714 τις
3441 4649 3571 4710 κενὸς

2026 4738 2307 4810 σωτηρίων
2352 4739 2446 4793 καὶ
2485 4740 2655 4808 ἁγίων
2697 4742 3057 4813 σπερμάτων
3097 4744 3145 4795 εί
3181 4741 3255 4813 μὴ
3287 4743 3395 4816 ἄρα
3424 4743 3570 4795 δυσω-

2026 4832 2196 4903 πήσαι
2228 4849 2313 4896 τις
2353 4833 2518 4903 ἡμᾶς,
2555 4835 2650 4888 καὶ
2691 4837 2773 4899 είς
2817 4834 2974 4889 τοῦτο
3014 4835 3129 4905 ἅμα
3165 4838 3571 4907 παρατιθέμεναὶ

2027 4919 2122 4993 τὴν
2174 4922 2282 4976 ἀπὸ
2315 4924 2410 4977 τοῦ
2455 4924 2592 4977 Θεοῦ
2641 4923 2920 4995 βοήθειαν,
2972 4925 3071 4978 οὐκ
3116 4925 3571 4995 ἀπογινώσκουσιν

2023 5012 2144 5067 οὐδὲ
2169 5016 2293 5078 τοὺς
2327 5015 2616 5080 κακίστους
2641 5016 2774 5087 (58),
2818 5020 2914 5072 καὶ
2946 5019 3115 5090 χωρὶς
3152 5019 3390 5090 ἀρίστων
3430 5031 3571 5085 σπερ-

2027 5105 2212 5177 μάτων
2244 5108 2653 5181 εἰσεληλυθότας
2700 5111 2781 5174 εἰς
2811 5110 2902 5164 τὸν
2955 5110 3087 5180 βίον,
3134 5112 3228 5164 καὶ
3279 5109 3569 5180 δυσωπῆσαι

2094 5323 2207 5395 (56)
2248 5326 2326 5379 ’Ἡ
2354 5323 2462 5377 τοῦ
2483 5324 2707 5392 πατρὸς
2762 5323 2868 5395 τοῦ
2890 5323 3292 5395 ’σπείρειν-τος.
3334 5319 3481 5374 Deest
3521 5314 3565 5369 in

2024 5392 2214 5450 codice
2252 5395 2438 5463 Hegio,
2467 5401 2560 5447 sed
2589 5397 2782 5460 legitur
2808 5394 2859 5446 in
2890 5392 3201 5447 Bodleiano.

2095 5458 2473 5588 (δηιίαἷτὸν
2508 5458 2713 5533 λόγον.
2741 5464 2796 5517 In
2842 5468 3026 5518 codice
3094 5461 3382 5516 Bodleiano
3434 5458 3566 5512 deest

2025 5553 2211 5677 κα’(ίόὸ)
2241 5605 2418 5677 Codex
2452 5603 2797 5677 Bodleianus,
2825 5603 2944 5657 οὐδὲ
2973 5604 3097 5667 τοὺς
3121 5601 3444 5666 κακίστουςο
3474 5598 3563 5653 Be-

2026 5676 2168 5747 gius,
2193 5675 2287 5731 καὶ
2312 5676 2439 5739 τοὺς
2469 5675 2779 5738 κακίστους.
