3688 6146
127 285 223 341 585

1156 279 1511 336 COMMENT.
1552 279 1622 334 lN
1653 277 1842 336 JOAN.
1880 277 2114 335 TOMUS
2153 278 2272 333 XX.

3224 272 3336 328 586

123 405 220 458 ἀπὸ
252 401 374 456 τοῦ’
408 401 666 456 Δύναται
703 405 736 455 ὀ
768 401 911 468 Θεὸς
956 402 1025 454 ἐκ
1063 401 1180 454 τῶν
1215 404 1398 457 λίθων
1444 404 1648 456 τούτων

1831 411 1950 453 :rmt
1977 417 1992 463 ;
2025 409 2079 454 et
2107 414 2239 454 sane
2257 413 2323 452 ex
2349 397 2452 452 hoc
2475 395 2618 450 dicto
2652 388 2897 449 refellere
2930 406 3030 449 nos
3074 391 3193 462 quis
3230 407 3327 462 po-

122 491 326 563 ἐγεῖραι
353 491 528 545 τέκνα
563 491 643 556 τῷ
679 491 942 562 Ἁϐραάμ.
978 492 1058 546 Τὰ
1089 493 1146 545 δὲ
1187 492 1451 564 εἰρημένα
1492 491 1668 544 πάντα

1772 502 1913 546 test:
1963 489 2154 544 Potens
2201 499 2276 542 est
2303 488 2458 542 'Deus
2497 504 2562 541 ea:
2595 487 2735 541 hisce
2777 486 3038 553 lapidibus
3076 488 3332 540 suscitare

125 587 238 657 περὶ
262 585 564 657 σπέρματος
613 585 882 658 Ἀϐραὰμ,
927 586 1022 640 καὶ
1062 586 1169 638 τῶν
1203 586 1464 654 ἀνάλογον
1493 585 1648 656 τοῦτο

1831 581 1908 635 ios
1939 582 2166 635 Abrahae
2210 579 2277 633 ³³.
2314 579 2580 634 Cancrum
2633 577 2814 630 omnia
2845 590 2964 644 qua:
2995 576 3231 631 diximus
3263 576 3333 631 de

123 675 336 746 ἐχόντων
378 674 612 742 εὐλόγως
653 674 720 728 ἂν
753 673 1214 746 παραδεξαίμεθα,
1249 675 1404 747 εἴπερ
1438 675 1670 747 παραδε-

123 766 309 837 ξόμεθα
357 765 414 818 οὐ
467 764 608 819 κατὰ
650 765 710 817 τὸ
752 764 860 835 (59)
911 767 1218 837 σωματικὸν
1280 765 1530 838 εἰρῆσθαι
1577 765 1664 817 τό·

120 861 227 912 οὐκ
253 856 599 925 ἀπεστάλην
629 859 681 910 sl
707 856 792 926 μὴ
825 860 912 923 εὶς
940 858 1012 912 τὰ
1043 859 1306 926 πρόϐατα
1331 857 1401 911 τὰ
1429 859 1666 911 ἀπολω-

122 950 257 1002 λότα
277 947 440 1000 οἴκου
476 946 738 1015 Ἰσραὴλ,
776 949 869 1001 καὶ
899 947 988 1001 τόο
1031 947 1182 1002 Οὐδὲ
1213 948 1282 1000 ὲν
1314 946 1394 1012 τῷ
1435 945 1671 1013 Ἰσραὴλ

125 1040 409 1105 τοσαύτην
447 1040 657 1092 πίστιν
687 1033 890 1106 εὗρον,
940 1040 1031 1092 καὶ
1070 1040 1172 1093 ὅσα
1213 1038 1420 1102 τούτοις
1455 1040 1670 1109 εἴρηται

122 1127 514 1200 παραπλησίως.

183 1218 229 1272 6.
271 1219 500 1273 Ἐοίκασι
533 1219 590 1274 δὲ
616 1211 780 1284 οὗτοι,
822 1221 956 1292 πρὸς
978 1219 1071 1281 οὓς
1103 1221 1130 1273 0
1165 1220 1337 1289 λόγος,
1373 1219 1446 1290 μὴ
1478 1222 1672 1292 χωρεῖν

123 1311 204 1364 τὸν
232 1311 402 1379 λόγον,
448 1311 507 1364 οὐ
539 1311 836 1382 δυνάμενον
878 1313 956 1374 εἰς
1003 1298 1220 1373 αὐτοὺς,
1259 1310 1326 1363 δι’
1370 1309 1672 1382 ὑπερϐολὴν

125 1399 363 1470 μεγέθους
386 1399 513 1453 ἰδίου
545 1401 639 1454 τοῦ
669 1402 807 1473 ὑπὲρ
834 1402 1048 1466 αὐτοὺς,
1072 1404 1297 1472 χωρεῖν*
1328 1402 1557 1473 ἐπείπερ
1591 1401 1672 1456 ἔτι

120 1489 244 1564 ἦσαν
264 1493 479 1563 σπέρμα
503 1492 595 1546 τοῦ
639 1493 888 1565 Ἀϐραὰμ
917 1495 1094 1564 μόνον.
1117 1494 1255 1548 Εἰδέ
1286 1494 1422 1566 πρὸς
1452 1493 1530 1565 τῷ
1561 1494 1672 1565 (40)

121 1582 243 1638 εἶναι
269 1586 485 1658 σπέρμα
515 1586 608 1639 τοῦ
650 1586 898 1659 Ἀϐραὰμ
935 1587 1305 1659 ἐγεώργησαν,
1341 1588 1434 1640 καὶ
1463 1591 1543 1650 εἰς
1580 1587 1676 1658 μέ-

124 1675 284 1743 γεθος,
315 1675 408 1730 καὶ
438 1676 610 1748 αὔξην
642 1679 702 1732 τὸ
735 1679 956 1749 σπέρμα
990 1678 1083 1732 τοῦ
1130 1677 1380 1748 Ἀϐραὰμ
1413 1677 1674 1731 ἐπεδεδώ-

125 1784 218 1830 κει,
248 1769 302 1822 ἐν
337 1768 413 1839 τῷ
448 1769 690 1840 μεγέθει,
732 1772 824 1824 καὶ
843 1773 908 1841 τῇ
942 1768 1078 1842 αὔξῃ
1111 1771 1203 1823 τοῦ
1238 1771 1544 1842 σπέρματος
1579 1770 1674 1824 τοῦ

133 1858 384 1931 Ἀϐραὰμ,
428 1863 763 1933 ἐκεχωρήκει
810 1861 928 1916 ἃνὸ
965 1861 1058 1916 τοῦ
1109 1861 1280 1933 Ἰησοῦ
1334 1861 1490 1930 λόγος
1535 1861 1670 1933 (41).

125 1951 222 2004 Καὶ
243 1951 398 2024 μέχρι
427 1969 494 2021 γε
527 1953 624 2007 τοῦ
659 1952 818 2024 δεῦρο
835 1954 1046 2025 φήσεις,
1079 1953 1166 2006 ὅτι
1189 1955 1217 2006 ὁ
1238 1952 1405 2021 Λόγος
1428 1954 1490 2004 οὐ
1509 1955 1677 2026 χωρεῖ

122 2043 174 2095 ἐν
204 2045 308 2106 τοῖς
346 2044 418 2116 μὴ
471 2045 805 2115 προκόψασιν
852 2045 960 2099 ἀπὸ
997 2045 1089 2099 τοῦ
1131 2041 1268 2099 εἶναι
1321 2045 1541 2117 σπέρμα
1580 2045 1673 2099 τοῦ

134 2130 384 2203 Ἀϐραὰμ,
448 2135 584 2206 μηδέ
651 2134 963 2205 ἐληλυθόσιν
1016 2135 1094 2198 εἰς
1154 2133 1215 2188 τὸ
1272 2134 1521 2204 γενέσθαι
1580 2135 1677 2188 αὑ-

122 2223 234 2286 τοὺς
272 2223 380 2295 (ιη)
426 2225 616 2280 τέκνα.
659 2219 818 2279 Οὗτοι
865 2227 922 2280 δὲ
963 2227 1058 2280 καὶ
1098 2227 1411 2281 ἀποκτεῖναι
1464 2226 1675 2280 θέλουσι

120 2315 200 2365 τὸν
218 2315 403 2383 Λόγον,
431 2318 530 2370 καὶ
553 2317 793 2390 ὡσπερεὶ
828 2319 1113 2388 συντρίψαι
1142 2319 1324 2384 αὐτὸν,
1355 2318 1417 2370 τὸ
1450 2318 1676 2389 μέγεθος

122 2405 189 2476 μὴ
218 2406 522 2480 χωροῦντες
551 2409 734 2462 αὐτοῦ.
766 2411 874 2463 Καὶ
901 2408 988 2462 ὰεί
1031 2427 1093 2478 γε
1127 2410 1242 2462 ἔστι
1281 2409 1504 2481 θεωρεῖν
1545 2410 1674 2474 τοὺς

123 2498 189 2570 μὴ
215 2499 524 2573 χωροῦντας
556 2501 645 2554 τὸν
674 2501 866 2570 Λόγον,
903 2500 991 2554 διὰ
1027 2501 1088 2554 τὺ
1124 2499 1431 2572 βραχύτερα
1471 2502 1669 2563 αὐτοὺς

119 2583 247 2644 εἶναι
278 2592 467 2663 σκεύη,
515 2589 768 2657 θέλοντας
807 2592 1123 2646 ἀποκτεῖναι
1170 2592 1269 2663 τὴν
1312 2593 1538 2662 ἑνότητα
1580 2591 1674 2646 τοῦ

123 2683 365 2751 μεγέθους
397 2684 517 2754 (43)
541 2684 636 2737 τοῦ
670 2686 866 2754 Λόγου,
899 2685 975 2750 ὡς
1009 2683 1333 2757 δυναμένους
1365 2683 1476 2757 (Η)
1499 2685 1683 2758 χωρῆ-

122 2791 201 2828 catt
227 2777 357 2846 μετὰ
377 2778 482 2847 τὴν
511 2776 790 2848 ἀναίρεσιν
823 2777 989 2832 αὐτοῦ
1019 2777 1118 2849 τὴν
1160 2779 1450 2850 συντριϐὴν
1487 2777 1674 2842 αὐτοῦ,

123 2871 206 2922 καὶ
258 2870 388 2943 μέλη
435 2869 627 2925 αὐτοῦ.
670 2865 765 2934 Οἷς
811 2869 906 2923 ἐὰν
938 2870 1224 2940 ἐγγένηται
1264 2866 1415 2933 οὗτος
1449 2874 1477 2924 0
1509 2870 1678 2938 Λόγος

121 2959 342 3032 ὡσπερεὶ
381 2960 666 3015 ἀνελοῦσιν
709 2961 870 3014 αὐτόν
908 2978 1040 3032 φησι
1083 2962 1170 3014 τό·
1213 2960 1676 3030 Διεσκορπίσθη-

124 3066 233 3104 σαν
253 3050 444 3104 πάντα
468 3051 546 3106 τὰ
577 3051 727 3106 ὀστᾶ
757 3069 894 3121 μου.
942 3051 1113 3124 Εἴπερ
1140 3046 1231 3104 οὖν
1263 3069 1346 3115 τις
1378 3052 1534 3122 ἡμῶν
1562 3053 1678 3105 ἐστι

125 3143 327 3215 σπέρμα
352 3144 448 3198 τοῦ
483 3138 764 3216 Ἀϐραὰμ,
793 3143 889 3197 καὶ
919 3144 1000 3197 ἔτι
1037 3146 1065 3197 0
1106 3143 1278 3212 Λόγος
1323 3143 1416 3197 τοῦ
1453 3143 1586 3198 Θεοῦ
1618 3145 1679 3198 οὐ

119 3238 275 3308 χωρεί
315 3237 370 3287 ἐν
404 3236 580 3306 αὐτῷ,
625 3236 698 3307 μὴ
733 3234 964 3306 ζητείτω
1009 3236 1321 3289 ἀποκτεῖναι
1365 3235 1456 3289 τὸν
1488 3237 1680 3304 Λόγον,

125 3325 247 3378 ἀλλὰ
280 3328 632 3396 μεταϐάλλων
658 3329 764 3380 ἀπ’)
792 3326 887 3380 τοῦ
916 3323 1054 3381 εἶναι
1074 3329 1294 3399 σπέρμα
1314 3328 1405 3381 τοῦ
1433 3327 1683 3400 Ἀϐραὰμ

127 3413 211 3466 ἐπὶ
256 3415 313 3468 τὸ
379 3415 638 3485 γενέσθαι
678 3417 868 3470 τέκνον
924 3416 1019 3470 τοῦ
1084 3417 1352 3488 Ἀϐραὰμ,
1392 3418 1683 3490 δυνήσεται

124 3506 354 3579 χωρῆσαι
399 3508 458 3563 ὃν
487 3509 631 3573 τέως
661 3510 759 3563 οὐκ
784 3508 977 3581 ἐχώρει
1004 3510 1174 3580 Λόγον
1201 3510 1334 3563 Θεοῦ

188 3619 236 3672 7.
271 3622 328 3674 *Α
373 3621 489 3692 ἐγὼ
533 3620 762 3688 ἑώρακα
809 3621 968 3691 παρὰ
998 3623 1079 3688 τῷ
1115 3624 1322 3692 Πατρὶ,
1365 3621 1553 3678 λαλῶ·
1584 3623 1683 3676 καὶ

123 3710 278 3780 ὑμεῖς
301 3709 413 3768 οὖν
433 3717 474 3773 d
521 3714 823 3781 ἠκούσατε
843 3715 1000 3783 παρὰ
1031 3715 1136 3769 τοῦ
1167 3715 1415 3782 Πατρός,
1443 3713 1680 3768 ποιεῖτε.

126 3801 320 3876 Ὠσπερ
344 3804 668 3878 ἀνθρώπους
698 3807 762 3860 ἄν
783 3824 932 3871 τινας
961 3807 1205 3878 εἴποιμεν
1231 3809 1324 3860 ἀπ’
1352 3809 1524 3878 ἀρχῆς
1557 3808 1686 3860 αὺτ-

121 3891 276 3958 όπτας
306 3896 594 3964 γεγονέναι
643 3895 737 3950 τοῦ
771 3896 965 3965 Λόγου,
1004 3899 1131 3968 περὶ
1177 3890 1251 3952 ὧν
1279 3899 1307 3949 0
1337 3898 1550 3960 Λουκᾶς
1581 3915 1684 3968 φη-

124 3999 189 4036 σι·
219 3984 418 4052 Καθὼς
433 3985 784 4054 παρέδοσαν
805 3987 946 4056 ἡμῖν
968 3990 1021 4040 οἱ
1036 3988 1136 4042 ἀπ’
1153 3987 1346 4057 ἀρχῆς
1375 3989 1684 4052 αὐτόπται,

122 4075 211 4127 καὶ
247 4077 539 4145 ὑπηρέται
568 4079 872 4147 γενόμενοι
901 4078 1008 4132 τοῦ
1041 4081 1253 4148 Λόγουο
1284 4078 1428 4132 οὕτω
1453 4079 1544 4132 τὸν
1572 4080 1684 4130 Σω-

1768 675 1977 728 Semine
2006 673 2258 735 Abrahae,
2292 670 2472 739 deque
2508 669 2593 724 his
2631 669 2723 740 qui
2757 666 3164 724 similitudinem
3207 684 3332 723 cum

1771 769 1873 822 hoc
1911 765 2132 830 habent,
2158 766 2280 836 jure
2325 765 2694 828 admittemus,
2753 765 2797 819 si
2843 764 3190 820 admittamus
3228 781 3331 820 non

1768 861 1920 932 juxta
1955 859 2288 929 corporalem
2313 857 2717 926 intelligentiam
2739 857 2938 912 dictum
2972 857 3137 910 fuisse
3166 857 3331 911 illud:

1777 953 1899 1006 Non
1941 968 2056 1005 sum
2108 951 2297 1003 missus
2333 950 2435 1002 nisi
2464 950 2531 1001 ad
2563 966 2675 1003 oves
2713 965 2830 1016 qua:
2856 950 3116 1016 perierant
3149 948 3334 1001 domus

1772 1044 1942 1100 Israel
1965 1044 2044 1097 ἐξ
2075 1053 2132 1098 et
2161 1043 2322 1096 illud:
2352 1041 2434 1096 Ne
2456 1044 2510 1095 in
2537 1041 2735 1096 Israele
2757 1044 2967 1112 quidem
2989 1051 3193 1095 tantum
3211 1041 3336 1110 ﬁdei

1772 1137 1945 1191 inverti
1982 1137 2063 1201 ‘5;
2109 1144 2162 1189 et
2185 1150 2304 1204 qua:
2333 1135 2414 1188 his
2438 1134 2634 1187 similia
2672 1133 2815 1188 dicta
2845 1141 2988 1188 sunt.
3210 1187 3222 1201 ,

1843 1228 1895 1282 6.
1935 1225 2196 1281 Videntur
2227 1237 2402 1280 autem
2429 1227 2478 1280 hi
2507 1228 2573 1280 ad
2609 1241 2744 1295 quos
2765 1236 2849 1280 est
2878 1240 3078 1289 sermo,
3109 1239 3212 1280 non
3243 1239 3336 1279 ca-

1773 1332 1902 1386 pere
1939 1330 2265 1383 sermonem,
2317 1318 2407 1386 qui
2451 1331 2559 1385 prae
2603 1317 2911 1386 praestantia
2947 1315 3338 1385 magnitudinis

1775 1421 1906 1470 suae,
1939 1423 2058 1476 quas
2097 1422 2254 1476 supra
2294 1408 2438 1476 ipsos
2460 1415 2595 1472 erat,
2642 1422 2748 1461 non
2795 1407 3025 1460 habebat
3055 1407 3232 1462 locum
3283 1408 3334 1460 in

1774 1497 1876 1562 eis,
1908 1498 2346 1567 quandoquidem
2373 1513 2554 1553 semen
2597 1498 2832 1552 Abrahae
2887 1498 3066 1552 adhuc
3126 1507 3336 1552 tantum

1775 1602 1950 1644 erant.
1987 1589 2137 1656 Quod
2160 1592 2206 1645 si
2230 1591 2463 1645 Abrahae
2489 1604 2670 1644 semen
2708 1605 2832 1643 cum
2861 1599 3064 1655 essent,
3093 1589 3338 1646 addidis-

1777 1692 1897 1736 sent
1926 1682 2054 1736 illutl
2083 1682 2316 1736 Abrahae
2336 1697 2518 1737 semen
2545 1682 2816 1748 excolere,
2849 1692 2909 1736 ut.
2944 1698 3198 1754 magnum
3245 1682 3338 1737 lle-

1783 1784 1866 1827 ret
1920 1785 1976 1827 et
2000 1783 2309 1843 augeretur,
2333 1775 2664 1829 accrevisset
2703 1774 2834 1828 illud
2867 1786 3017 1828 certe
3055 1776 3120 1828 ad
3157 1774 3337 1828 incre-

1779 1874 2019 1918 mentum
2056 1865 2590 1934 magnitudinemque
2619 1865 2842 1919 seminis
2865 1866 3138 1930 Abrahaa;
3179 1875 3342 1935 atque

1780 1953 2154 2022 percepisseut
2181 1952 2309 2007 .lesu
2341 1967 2671 2007 sermonem.
2713 1954 2780 2007 Et
2825 1953 3086 2009 hactenus
3125 1953 3339 2022 quidem

1780 2046 1931 2100 dices
1960 2045 2278 2100 Sermonem
2312 2059 2416 2098 non
2449 2045 2646 2098 cadere
2677 2044 2729 2097 in
2759 2058 2854 2098 eos
2884 2045 2974 2114 qui
3005 2060 3110 2098 non
3145 2060 3210 2099 eo
3253 2060 3341 2100 us-

1780 2151 1886 2206 que
1906 2135 2276 2206 profecerunt,
2301 2145 2361 2188 ut
2388 2149 2571 2190 semen
2600 2133 2831 2190 Abrahae
2857 2151 2979 2190 cum
3009 2146 3211 2200 essent,
3249 2135 3343 2191 lie-

1783 2237 1908 2280 reut
1945 2226 2106 2281 etiam
2133 2225 2250 2294 ejus
2271 2225 2386 2278 lilii.
2421 2223 2484 2278 Hi
2506 2225 2670 2280 etiam
2693 2224 2998 2280 interficere
3015 2225 3344 2280 voluntSer-

1782 2331 2020 2379 nionem,
2044 2316 2318 2385 velutique
2360 2315 2532 2384 ipsum
2566 2325 2879 2380 conterere,
2917 2317 3339 2386 magnitudinem

1784 2423 1886 2464 non
1915 2409 2194 2480 capientes
2223 2409 2361 2479 ejus.
2395 2407 2629 2462 Proinde
2650 2408 2856 2477 aliquos
2885 2423 3101 2477 semper
3123 2416 3209 2463 est
3235 2422 3344 2462 cer-

1783 2516 1914 2556 nere
1941 2516 2047 2555 non
2076 2501 2354 2570 capientes
2375 2498 2718 2564 Sermonem,
2759 2499 2904 2570 quod
2943 2499 3191 2555 breviora
3237 2500 3344 2554 sint

1783 2609 1972 2649 eorum
2008 2607 2158 2659 vasa,
2187 2591 2430 2647 volentes
2456 2590 2767 2646 interﬁcere
2813 2592 3073 2647 unitatem
3127 2591 3344 2646 Sermo—

1783 2687 1869 2742 nis
1899 2704 1914 2754 ;
1946 2688 2125 2758 quasi,
2154 2699 2277 2742 cum
2305 2686 2479 2755 ipsum
2501 2685 2895 2749 interfecerint,
2917 2699 3114 2754 capere
3135 2684 3344 2754 possint

1784 2782 2165 2836 contritionem
2199 2779 2316 2849 ejus
2335 2816 2354 2846 ,
2383 2787 2439 2834 et
2463 2777 2701 2834 dividere
2722 2791 2843 2831 eum
2874 2776 2927 2830 iu
2960 2777 3044 2829 his
3076 2777 3130 2828 in
3152 2776 3344 2844 quibus

1784 2872 1970 2929 fuerit.
2005 2872 2103 2928 llic
2126 2888 2257 2928 sane
2280 2873 2470 2928 Sermo
2495 2871 2660 2925 veluti
2697 2869 2763 2924 ad
2794 2882 2924 2924 suos
2971 2866 3342 2922 interfectores

1747 2972 1751 2976 ’
1785 2969 1994 3038 inquit:
2029 2968 2390 3035 Disperseruut
2429 2965 2602 3018 omnia
2630 2980 2748 3018 ossa
2776 2979 2890 3016 mea
2907 2964 2974 3019 ³⁵.
3005 2963 3185 3031 Itaque
3210 2961 3347 3016 sic:

1787 3060 1941 3114 nobis
1972 3059 2168 3129 aliquis
2194 3071 2378 3112 semen
2407 3063 2492 3109 est
2519 3053 2771 3120 Abrahae,
2797 3060 2852 3106 et
2881 3053 3062 3106 adhuc
3097 3052 3149 3106 iu
3177 3066 3238 3106 se
3262 3051 3345 3106 lo-

1782 3169 1905 3210 cum
1938 3169 2045 3206 nou
2075 3151 2235 3206 habet
2265 3149 2457 3204 Sermo
2481 3146 2597 3210 Dei,
2639 3150 2726 3212 n'e,
2775 3159 2980 3215 quaeso,
3015 3152 3226 3213 qmerat
3257 3143 3307 3197 iu
3330 3172 3345 3184 -

1786 3250 2032 3301 torlicere
2070 3243 2412 3304 Sermonem,
2447 3239 2540 3294 sed
2585 3252 2654 3293 ex
2702 3236 2912 3292 semine
2963 3237 3196 3290 Abrahae
3241 3235 3344 3289 im-

1783 3346 2022 3392 mutatus
2045 3335 2098 3389 iu
2131 3333 2298 3387 lilium
2324 3331 2579 3393 Abrahae,
2604 3327 2922 3383 Sermonem
2951 3324 3046 3380 Dei
3078 3325 3346 3380 hactenus

1783 3445 1888 3484 non
1917 3436 2225 3499 perceptum
2253 3438 2446 3495 capere
2474 3421 2690 3493 poterit.
2751 3468 2840 3526 η,-

1853 3608 2014 3680 315
2048 3609 2099 3662 7.
2125 3607 2236 3678 Ego
2267 3623 2381 3676 quae
2419 3607 2527 3660 vidi
2576 3606 2716 3669 apud
2769 3604 3016 3670 Patrem,
3049 3603 3255 3674 loquar;
3286 3612 3338 3658 ει

1783 3723 1873 3760 vos
1895 3721 2016 3775 ergo
2053 3719 2170 3772 qua:
2202 3702 2473 3756 audivistis
2502 3717 2534 3754 a
2568 3698 2748 3764 Patre,
2777 3701 2936 3768 facile
2969 3700 3035 3751 ".
3069 3698 3138 3754 Ut
3169 3699 3345 3752 homi-

1787 3812 1882 3851 nes
1914 3795 2176 3865 qaosdam
2207 3792 2439 3846 dicimus
2479 3791 2546 3844 ab
2591 3789 2745 3843 initio
2793 3791 3045 3856 ipsosmet
3091 3787 3212 3841 Filii
3254 3786 3346 3841 Dei

1786 3895 2125 3955 spectatores
2153 3882 2340 3947 luisse,
2367 3882 2432 3935 de
2463 3881 2659 3949 quibus
2705 3878 2876 3932 Lucas
2913 3879 3089 3947 inquit
3130 3895 3144 3931 :
3176 3876 3348 3932 Siculi

1787 3979 2118 4032 tradiderunt
2170 3977 2318 4028 nobis
2356 3974 2412 4028 Iti
2448 3975 2537 4043 qui
2569 3971 2632 4025 ab
2674 3971 2822 4024 initio
2866 3973 3068 4037 ipsimet
3092 3981 3347 4038 spectato-

1787 4086 1868 4124 res
1900 4086 1962 4122 ac
2010 4067 2241 4122 ministri
2277 4065 2426 4134 fuere
2461 4063 2734 4120 Sermonis
2759 4062 2840 4126 ²⁸;
2876 4062 2955 4116 sic
3001 4063 3347 4116 Serratorent

1787 4162 1950 4214 etiam
1992 4160 2236 4213 dicemus
2273 4157 2558 4224 ipsummet
2593 4165 2954 4223 spectatorem
2997 4169 3119 4208 esse
3159 4168 3350 4209 eorum

1788 4267 1910 4322 quae
1945 4249 2235 4318 suntapud
2266 4249 2520 4310 Patrem;
2555 4257 2609 4300 et
2641 4247 2782 4300 hanc
2809 4248 2970 4300 etiam
3011 4247 3081 4300 ob
3127 4260 3346 4301 causam

120 4164 251 4235 τῆρα
278 4168 558 4239 αὐτόπτην
586 4169 694 4240 (46)
730 4169 952 4240 λέξομεν
970 4169 1106 4224 εἶναι
1154 4171 1262 4223 τῶν
1293 4169 1442 4242 παρὰ
1468 4169 1544 4242 τῷ
1574 4172 1686 4224 Πα-

118 4257 221 4327 cpi,
253 4260 344 4312 καὶ
371 4260 518 4314 κατὰ
549 4259 704 4313 τοῦτο
741 4261 990 4333 εἰρῆσθαι
1019 4263 1098 4315 τό’
1135 4261 1345 4328 Οὐδεὶς
1379 4263 1531 4331 ἔγνω
1579 4262 1688 4315 τὸν

123 4347 359 4418 Πατέρα,
390 4353 444 4404 εὶ
467 4349 559 4420 μὴ
591 4354 625 4405 ό
666 4352 817 4418 Υἱὸς,
854 4354 954 4406 οὐκ
989 4353 1067 4407 ἔτι
1105 4353 1385 4408 αὐτόπτων
1412 4353 1578 4406 ὄντων
1610 4347 1648 4405 οἳ

1831 4344 1990 4395 ictum
2048 4341 2178 4394 illttd
2224 4339 2444 4395 fuisse:
2499 4337 2665 4392 Nemo
2721 4339 2929 4405 agnovit
2985 4333 3200 4391 Patrem
3247 4337 3352 4391 nisi

121 4437 430 4512 ἀνθρώπους
484 4444 599 4513 (47)
652 4443 993 4517 ἀποκαλύψῃ.
1047 4446 1206 4516 Δηλοῖ
1246 4446 1300 4498 δὲ
1326 4445 1387 4498 τὸ
1412 4445 1648 4513 αὐτόπτη

1831 4433 1967 4488 'ilius
2021 4432 2066 4464 "
2097 4449 2111 4486 :
2144 4445 2266 4486 cum
2326 4431 2612 4492 homines,
2653 4430 2852 4498 quibus
2904 4427 3076 4484 Filius
3125 4430 3350 4496 revelat,

123 4532 220 4583 τῶν
253 4535 307 4587 ἐν
350 4533 430 4604 τῷ
481 4535 661 4606 Πατρὶ
695 4535 980 4606 τυγχάνειν
1011 4536 1102 4589 τὸν
1141 4536 1367 4606 Σωτῆρα
1415 4534 1600 4604 σαφῶς

1834 4541 1901 4580 on
1931 4526 2038 4580 sint
2070 4531 2327 4591 autoptae,
2365 4521 2467 4576 hoc
2501 4529 2585 4575 est
2617 4534 2713 4588 per
2757 4533 2814 4574 se
2861 4529 3218 4589 spectatores.
3275 4521 3352 4580 Ac

121 4625 445 4698 προκειμένη
480 4624 628 4691 λέξις
666 4628 725 4680 ἐν
760 4626 856 4696 τῷ·
905 4629 964 4681 Ἃ
987 4627 1102 4693 ἐγὼ
1139 4625 1372 4695 ἑώρακα
1410 4625 1570 4694 παρὰ
1603 4643 1648 4678 τι

1831 4621 1955 4675 liam
1994 4630 2236 4688 praisens
2261 4621 2551 4669 contextus
2580 4628 2595 4665 :
2630 4611 2742 4682 Ego
2778 4628 2896 4681 quae
2930 4612 3036 4666 ridi
3073 4613 3215 4681 apud
3245 4612 3352 4666 Pa-

187 4742 230 4773 "
249 4741 438 4798 Matth.
465 4759 555 4810 Ill,
576 4743 631 4798 9.
707 4746 752 4776 ”
775 4744 962 4801 Matth.
987 4759 1078 4808 ιν,
1107 4743 1200 4799 24.
1274 4744 1320 4778 ’⁸
1345 4742 1535 4800 Matth.
1560 4756 1648 4796 vui

127 4809 170 4841 ”
192 4812 318 4867 Luc.
345 4830 401 4868 ι.
428 4814 524 4868 ειη.

1871 4740 1918 4776 ἐ
1947 4735 2086 4792 Psal.
2118 4747 2232 4796 tm,
2259 4729 2348 4785 15.
2425 4730 2469 4761 ⁸⁷
2501 4727 2660 4782 Joan.
2690 4743 2808 4791 vm,
2835 4725 2924 4781 '58.
2996 4727 3042 4758 ’⁸
3068 4725 3196 4782 Luc.
3229 4742 3267 4791 ι,
3292 4727 3350 4783 2.

235 4829 318 4867 uc.
345 4830 401 4881 ι,
428 4817 524 4869 τι..

191 4929 300 4998 (59)
327 4929 510 4984 Codex
569 4926 915 4999 Bmlleianus,
971 4925 1385 4999 παραδεξόμεθα
1413 4925 1555 4999 κατὰ
1594 4923 1648 4978 τό

1831 4920 2036 4975 leianus
2061 4928 2116 4972 et
2139 4912 2518 4999 Bnrherinusz'
2537 4913 2736 4999 [legitis
2779 4928 2924 4992 vero,
2946 4912 3021 4999 ςος
3041 4912 3353 4999 δμναμένων

123 4980 936 5070 ﬁctilis-gius:ﬁpEBsidusea
962 4998 1022 5078 οὐ
1053 4980 1210 5051 ’κατᾶ
1238 4980 1316 5058 τό,
1351 5010 1456 5078 etc.
1508 4980 1681 5065 Nega;
1787 4991 2032 5118 ἢνωρῆσαι
2066 4987 2202 5058 μετὰ
2223 4987 2321 5056 τὴν
2351 4980 2642 5071 συντριϐὴῆ
2663 4981 2849 5047 αὑτοῦ,
2885 4984 2980 5036 καὶ
3020 4980 3154 5054 μέλη
3181 4980 3350 5037 ἀὐτοῦ

128 5071 312 5118 tionem
343 5087 450 5118 non
485 5069 736 5118 agnoscit
761 5068 1043 5118 Ferrarius
1068 5108 1082 5118 .
1120 5084 1279 5118 uuam
1312 5068 1570 5118 exhibent
1601 5077 1680 5117 ιε)-
1787 5079 1815 5115 0
1840 5080 1868 5118 ς
1898 5059 1991 5113 ἐὰν
2021 5059 2328 5118 ἐγγένηται.
2363 5058 2516 5108 Ουτω
2537 5055 2565 5106 ὁ
2588 5055 2824 5118 Λόγος-σο

128 5055 312 5123 tionem
343 5055 450 5124 don
482 5055 1043 5135 agut'tscit'Ferrarius
1068 5108 1082 5132 ,
1120 5084 1279 5136 quam
1308 5055 1570 5120 exhibent
1588 5055 1648 5117 ἷει

1831 5055 1991 5136 eis»
2021 5055 2328 5136 ἒῒγένηέαι-
2363 5055 2516 5136 οβτω
2537 5055 2824 5136 dedas-a-

129 5154 238 5192 men
263 5141 419 5194 codd.
471 5124 672 5209 RZgius
714 5147 770 5193 et
820 5124 1166 5202 Barberitius,
1198 5147 1252 5191 et
1287 5152 1447 5200 quam
1491 5149 1681 5191 sensus
2005 5124 3035 5209 paenulas;in_codicg:B,ogiIeian91
3097 5191 3142 5209 ν

131 5154 238 5192 tuen
262 5141 419 5222 codd.
471 5130 672 5209 REgius
714 5147 770 5193 et
820 5130 1166 5202 Barberittus,
1198 5147 1252 5191 et
1287 5152 1447 5200 quam
1491 5151 1648 5191 sensu

131 5220 372 5276 requirit.
990 5275 1009 5276 ί
1096 5275 1104 5276 ί
1198 5275 1203 5276 γ
1466 5275 1469 5276 ν
1609 5273 1631 5276 __

1884 5130 1951 5183 45
2012 5130 2178 5182 Θεοῦ.
2220 5130 2376 5179 Deest
2404 5130 2455 5178 iu
2488 5130 2672 5178 codice
2694 5130 3005 5177 Bodleiano.

1858 5130 2156 5270 issi-osus
2180 5195 2286 5276 τόν
2299 5192 2565 5276 ΛΣωτῆρα
2590 5195 2916 5276 adeantur,
2955 5203 3063 5276 etc.
3097 5191 3215 5276 lfee

1789 5261 1918 5328 sunt
1951 5261 2131 5322 tamen
2161 5265 2248 5332 qui
2295 5261 2582 5332 Origenem
2630 5265 2832 5318 dixisse
2883 5261 3220 5332 contendunt
3263 5261 3356 5314 Fi-

1785 5343 1919 5397 liqu
1957 5354 2059 5392 non
2095 5331 2277 5388 videre
2302 5335 2538 5390 Patrem.
2585 5333 2786 5388 Jureue
2833 5349 2899 5386 an
2932 5347 3109 5397 secus,
3165 5331 3354 5401 dispu-

1790 5422 1966 5466 tamus
1993 5409 2043 5462 in
2078 5406 2431 5472 Origenianis.
2464 5405 2726 5460 Hormus.

1859 5480 1974 5548 (47)
2018 5475 2400 5548 Ἀνθρώπρυς.
2470 5475 2774 5548 Eleuteuta
2800 5473 2968 5548 Regii
2995 5472 3217 5548 codicis
3244 5472 3353 5548 _sic

1788 5539 1913 5605 sunt
1935 5539 2231 5616 c'outrafta,
2253 5539 2328 5616 οἷς
2353 5539 2510 5616 ἄνους
2537 5539 3129 5616 ἀποκαλύψῃξγλὶόριιη
3157 5542 3352 5616 legisse

1791 5601 2072 5675 Periouius
2102 5612 2182 5680 οἷς
2221 5601 2543 5685 ’ἀνθρώποις
2564 5632 2576 5643 ·
2627 5601 2807 5669 (τουδί
2830 5601 3156 5685 Bodleiatms
3189 5601 3353 5685 habet

194 5696 300 5768 (ιδ)
335 5696 446 5752 Τοῦ
461 5696 770 5768 μεγέθους.
809 5697 964 5750 Deest
997 5697 1050 5768 in
1087 5697 1273 5751 codice
1307 5695 1617 5768 Bodleiano.

1831 5688 1868 5753 ἴς
1901 5687 2200 5768 ἀνθρώπων
2223 5682 2578 5768 gemmae;
2608 5685 2704 5768 sed
2746 5684 3048 5740 rectissime
3071 5682 3356 5738 Ferrarius

198 5753 308 5839 iii)
363 5771 444 5834 Ως
461 5753 864 5835 ὂυόιαμένῖους,
890 5779 992 5820 etc.
1035 5767 1124 5823 Sic
1154 5769 1355 5824 habent
1385 5766 1539 5822 codd.
1585 5765 1648 5821 Bo

1831 5763 1934 5832 lgit,
1966 5753 2046 5824 οἷς
2079 5759 2142 5814 ἂν
2170 5757 2198 5809 0
2232 5757 2356 5820 Υἱὸς
2381 5753 2723 5825 ἀποκαλύψῃ.

439 5861 713 5925 Puncta
759 5862 875 5925 Gtt.
922 5863 1058 5924 Χιν
1076 5906 1094 5925 .

2965 5849 3040 5909 19

192 5273 296 5349 ('40)
324 5279 502 5349 Codd.
533 5277 852 5349 Bodleianus
888 5285 942 5331 et
987 5275 1340 5340 Barberiuus,
1382 5275 1519 5346 πρὸς
1565 5273 1642 5345 τῷ
1665 5290 1678 5304 ·

129 5342 604 5424 Βιέχὶιξεζπρδςτό.
653 5417 682 5424 __
723 5417 736 5424 _
1227 5418 1249 5424 _
1350 5415 1362 5424 _
1428 5342 1439 5346 ὴ
1503 5412 1528 5424 ..

188 5416 297 5496 ςῌ)
323 5414 507 5473 Codex
555 5417 907 5484 Bodleiauus,
939 5418 1284 5487 κεχωρηκυῖα
1316 5415 1406 5468 τὸν
1437 5414 1530 5468 τοῦ
1577 5414 1682 5482 Ἰη-

130 5487 215 5538 σοῦ
240 5487 416 5550 λόγον.

193 5557 299 5625 (42)
334 5557 540 5612 Omnes
587 5573 740 5624 tuss.,
792 5556 1006 5619 αὐτούς.
1063 5557 1287 5612 Huetius
1335 5554 1683 5611 scribendum

131 5638 266 5696 putat
293 5627 479 5680 αὐτοῦ.
