3688 6146
197 262 301 315 589

1250 262 1604 318 COMMENT.
1649 261 1713 318 ΙΝ
1754 263 1945 320 JOAN.
1983 262 2221 317 TOMUS
2254 263 2370 316 XX.
2475 257 2478 260 ’

3329 263 3432 319 590

193 383 265 444 ὡς
306 381 531 452 μηδέπω
577 375 693 437 οὖσι
745 383 954 446 τέκνοις
1002 384 1098 436 τοῦ
1157 385 1404 457 Ἀϐραὰμ
1445 386 1658 454 λέγεται
1685 389 1756 440 τόε

1941 386 2100 440 uibus
2122 385 2312 446 etiam,
2353 391 2608 452 tanquam
2639 380 2732 451 qui
2769 397 2875 437 non
2902 393 3088 440 essent
3137 383 3231 437 ﬁlii
3265 384 3437 437 Abra-

195 476 263 527 Εὶ
285 473 465 527 τέκνα
493 474 598 529 τοῦ
637 476 882 545 Ἀϐραάμ
906 477 1065 540 ἐστε,
1103 479 1173 530 τὰ
1202 479 1345 548 ἔργα
1371 479 1478 532 τοῦ
1511 480 1765 548 Ἀϐραὰμ

194 566 408 618 ποιεῖτε
434 561 590 636 [52]),
614 568 908 639 παρίστησι
940 569 1000 621 τὸ
1028 571 1252 640 μηδέπω
1275 571 1494 636 τούτους
1522 573 1764 642 καρποὺς

194 656 337 726 ἔχειν
365 657 455 710 τοῦ
486 657 798 729 ἐληλυθέναι
833 661 969 731 πρὸς
1006 660 1097 715 τὸν
1135 662 1379 732 Σωτῆρα.
1426 662 1568 733 Πρὸς
1595 663 1651 716 δὲ
1675 663 1762 716 τὸν

193 748 365 812 οὕτως
391 750 740 818 ἀντιλέγοντα
765 752 1134 822 ἀπαντήσεταί
1157 770 1260 818 τις,
1297 754 1368 825 μὴ
1403 754 1596 807 ταύτὸν
1625 751 1762 809 εἶναι

195 839 419 907 φάσκων
450 840 528 892 τό·
561 839 688 906 Πᾶς
721 844 753 893 ὁ
783 842 1054 908 ἀκούσας
1076 845 1232 910 παρὰ
1259 843 1364 896 τοῦ
1387 845 1636 913 Πατρός,
1664 847 1760 899 καὶ

188 928 414 998 μαθὼν,
442 931 536 1000 τῷο
567 931 675 984 Καὶ
711 931 878 998 ὑμεῖς
909 928 1022 986 οὖν
1053 931 1092 986 ἂ
1121 935 1424 1000 ἠκούσατε
1461 936 1621 1002 παρὰ
1656 935 1762 988 τοῦ

193 1023 443 1090 Πατρός*
485 1025 514 1075 ὁ
559 1025 656 1095 μὲν
687 1024 795 1096 γὰρ
823 1025 958 1096 πρὸς
982 1026 1041 1080 τὸ
1088 1025 1319 1079 ἀκοῦσαι
1349 1025 1500 1096 παρά
1523 1026 1616 1079 τοῦ
1646 1029 1761 1080 Πα-

191 1116 314 1187 τρὸς
350 1116 537 1187 μαθὼν
567 1119 783 1183 πάντως
812 1120 1027 1191 ἔρχεται
1061 1120 1197 1193 πρὸς
1224 1121 1314 1174 τὸν
1345 1122 1589 1193 Σωτῆρα·
1620 1124 1670 1176 οί
1703 1123 1760 1176 δὲ

193 1210 528 1275 ἀκούσαντες
577 1213 696 1282 μὲν,
745 1212 820 1284 μὴ
861 1214 1076 1277 πάντως
1120 1214 1177 1266 δὲ
1221 1216 1314 1267 καὶ
1359 1214 1758 1285 μεμαθηκότες,

190 1301 396 1355 οὐδέπω
435 1304 601 1356 τέκνα
627 1307 735 1358 εἰσὶ
759 1305 854 1358 τοῦ
893 1306 1160 1377 Ἁϐραάμ.

256 1394 308 1447 8.
337 1394 747 1465 Πυνθανοίμεθα
775 1396 818 1448 δ’
848 1395 914 1450 ἂν
935 1397 1044 1450 τῶν
1066 1396 1164 1460 τὰς
1198 1396 1386 1465 φύσεις
1413 1399 1755 1467 εἰσαγόντων,

191 1487 280 1538 καὶ
309 1488 385 1550 είς
423 1485 505 1548 τὺ,
547 1487 628 1538 ὄτι
666 1486 717 1538 '0
740 1487 928 1555 Λόγος
960 1490 993 1540 ὀ
1015 1487 1156 1557 ἐμὸς
1187 1490 1258 1542 οὐ
1281 1488 1462 1556 χωρεῖ
1484 1490 1554 1544 ἐν
1596 1491 1757 1560 ὑμῖν,

190 1578 544 1632 ἀποδιδόντων
573 1578 714 1632 κατά
759 1579 1124 1649 Ἡρακλέωνα,
1149 1581 1232 1634 ὅτι
1259 1580 1345 1634 διὰ
1372 1581 1529 1634 τοῦτο
1559 1582 1620 1635 οὐ
1655 1601 1761 1654 χω-

191 1670 290 1742 ρεῖ,
313 1669 394 1721 ὃτι
421 1669 784 1740 ἀνεπιτήδειοι
805 1671 922 1740 ἦτοι
939 1672 1059 1724 κατ’
1076 1670 1260 1724 οὐσίαν
1288 1671 1479 1741 ἥκατά
1509 1672 1754 1743 γνώμην,

1873 478 1974 542 hae,
2009 478 2252 531 dicitur:
2289 475 2348 529 Si
2392 475 2491 544 ﬁlii
2529 475 2751 529 Abrahte
2801 477 2961 541 estis,
3002 493 3157 548 Opera
3210 477 3435 531 Abrahc

1868 570 2044 636 facite)
2075 571 2266 622 docere
2296 570 2391 622 bos
2434 568 2670 623 nondum
2698 567 2901 623 habere
2926 568 3135 624 fructus
3183 569 3434 624 veniendi

1874 662 1939 713 ad
1972 659 2341 716 Servatorem.
2381 660 2454 713 At
2486 675 2612 713 vero
2662 660 2729 714 ad
2759 661 2902 714 hunc
2936 660 3015 714 sic
3057 659 3436 715 contradicen-

1873 761 1978 805 tcm
2014 752 2361 820 respoudebit
2391 752 2548 819 alius,
2578 769 2686 809 non
2732 754 2874 809 idem
2919 769 3038 810 esse
3072 770 3087 808 :
3124 752 3308 808 Omnis
3343 749 3433 823 qui

1870 845 2074 896 audivit
2098 861 2129 897 a
2177 844 2354 909 Patre,
2380 855 2426 898 et
2455 846 2665 909 didicit,
2722 862 2844 901 cum
2880 847 2968 902 his
2995 848 3214 902 verbis:
3246 843 3313 898 Et
3342 861 3434 899 vos

1869 933 2049 1000 igitur,
2075 949 2192 1002 qua:
2224 936 2496 988 audivistis
2523 953 2553 989 a
2590 935 2788 990 Patre:
2816 936 2968 990 illum
3001 951 3268 1005 namque,
3298 950 3437 1004 prte-

1869 1032 2113 1092 terquam
2155 1026 2296 1094 quod
2331 1041 2360 1080 a
2385 1025 2549 1082 Patre
2577 1028 2810 1081 audierit
2857 1037 2913 1082 et
2961 1027 3228 1091 didicerit.
3267 1027 3435 1082 etiam

1868 1117 2051 1170 venire
2075 1117 2140 1170 ad
2169 1117 2553 1182 Servatorem;
2589 1118 2690 1173 hos
2725 1133 2856 1174 vero
2899 1119 2990 1188 qui
3019 1119 3288 1174 audierim
3316 1119 3436 1188 qui-

1867 1207 2014 1274 dem,
2041 1209 2134 1262 sed
2165 1224 2270 1262 non
2301 1209 2521 1264 omnino
2539 1210 2828 1265 didicerint
2848 1212 3034 1277 etiam,
3059 1211 3294 1266 nondum
3313 1226 3434 1267 esse

1866 1299 2098 1354 Abrahae
2131 1301 2289 1356 ﬁlios.

1935 1389 1989 1447 8.
2028 1392 2135 1447 Sed
2179 1393 2580 1465 interrogentur
2614 1410 2644 1449 a
2679 1395 2837 1452 nobis
2880 1398 2974 1466 qui
3004 1405 3234 1453 naturas
3258 1398 3428 1453 intro-

1867 1482 2094 1544 ducunt.
2129 1484 2326 1554 quique
2360 1486 2414 1538 in
2445 1489 2546 1541 hoc
2567 1495 2824 1542 contextu
2849 1507 2862 1541 :
2883 1487 3067 1543 Sermo
3099 1505 3240 1544 meus
3259 1489 3431 1544 locum

1866 1590 1971 1627 non
2005 1575 2158 1628 habet
2199 1577 2254 1628 in
2279 1577 2424 1631 vobis
2464 1577 2531 1642 ³³,
2559 1576 2713 1646 juxta
2747 1578 3134 1637 Heracleouem
3157 1581 3433 1652 explicant

1865 1679 1986 1720 eum
2018 1667 2218 1722 idcirco
2258 1667 2432 1723 locum
2475 1670 2528 1722 in
2576 1671 2655 1725 eis
2707 1686 2812 1726 non
2855 1672 3073 1737 habere,
3136 1673 3265 1743 quia
3321 1673 3432 1727 sint

190 1760 302 1824 πῶς
329 1763 378 1813 οἱ
408 1762 773 1831 ἀνεπιτήδειοι
813 1763 932 1815 κατ’
967 1761 1152 1815 οὐσίαν
1194 1763 1434 1834 ῆκουσαν
1474 1763 1627 1834 παρὰ
1669 1763 1756 1817 τοῦ

1940 1769 2059 1812 tura
2103 1760 2190 1812 vel
2239 1761 2420 1817 animo
2463 1761 2732 1817 inhabiles
2783 1783 2797 1818 :
2839 1765 3108 1832 quomodo
3161 1763 3430 1820 inhabiles

191 1852 429 1922 Πατρός;
463 1852 624 1906 Ἀλλά
647 1854 740 1906 καὶ
766 1853 990 1925 πότερόν
1021 1871 1148 1906 ποτε
1182 1855 1428 1926 πρόϐατα
1453 1847 1598 1909 οῦτοι
1621 1851 1760 1927 ἦσαν

188 1944 279 1997 τοῦ
312 1943 575 2014 Χριστοῦ,
603 1944 636 2014 ἢ
666 1944 934 2015 ἀλλότριοι
956 1945 1197 2016 ὑπῆρχον
1222 1945 1385 1998 αὐτοῦ
1408 1963 1422 2011 ;
1537 1946 1592 1999 δὲ
1621 1943 1761 2017 ἦσαν

189 2036 478 2108 ἀλλότριοι,
506 2035 622 2098 πῶς
646 2036 882 2107 ἥκουσαν
914 2037 1062 2107 παρὰ
1084 2037 1177 2089 τοῦ
1203 2038 1414 2108 Πατρὸς
1454 2039 1658 2106 σαφῶς,
1685 2039 1760 2103 ὡς

188 2129 404 2186 οἴονται.
462 2127 754 2198 λεγομένου
808 2129 945 2199 πρὸς
989 2131 1116 2192 τοὺς
1161 2129 1491 2201 ἀλλοτρίους,
1528 2132 1610 2184 ὅτι
1656 2134 1762 2185 Διά

184 2217 354 2275 τοῦτο
391 2220 566 2292 ὑμεῖς
615 2223 726 2275 οὐκ
779 2222 1045 2286 ἀκούετε,
1083 2222 1173 2276 ὅτι
1214 2224 1324 2278 οὐκ
1352 2225 1492 2277 ἐστε
1517 2225 1588 2279 ἐκ
1641 2225 1760 2278 τῶν

189 2317 490 2383 προϐάτων
532 2317 648 2370 τῶν
695 2311 884 2385 spius;
913 2315 961 2366 εί
993 2313 1068 2385 μὴ
1115 2314 1223 2386 ἄρα
1250 2316 1552 2388 θλιϐόμενοι
1587 2319 1759 2390 ἑτέρῳ

188 2409 365 2478 ἀτόπῳ
392 2408 621 2472 ἑαυτοὺς
650 2404 1031 2479 περιεάλλουσι
1057 2405 1326 2475 λέγοντες,
1356 2407 1506 2478 παρά
1533 2409 1630 2478 μὲν
1664 2409 1757 2462 τοῦ

187 2497 393 2570 Πατρὸς
450 2499 744 2570 ἀκηκοέναι
789 2501 921 2562 ’τοὺς
951 2496 1284 2571 ἀλλοτρίους,
1322 2499 1395 2571 μὴ
1433 2501 1652 2554 ἀκούειν
1700 2500 1757 2554 δὲ

188 2594 308 2654 τοὺς
337 2592 538 2655 αὐτοὺς
561 2591 782 2654 τούτους
807 2591 957 2666 παρὰ
981 2591 1075 2645 τοῦ
1103 2591 1376 2662 Σωτῆρος.
1407 2592 1468 2645 Εἰ
1495 2591 1540 2644 δ’
1567 2594 1756 2646 οἰκεῖοι

189 2683 274 2737 τοῦ
303 2683 558 2756 Σωτῆρος
597 2680 737 2755 ἦσαν
775 2685 996 2755 καὶτῆς
1049 2683 1325 2755 μακαρίας
1357 2683 1590 2754 φύσεως,
1639 2685 1757 2750 πῶς

191 2773 403 2845 ἐζήτουν
439 2775 602 2828 αὑτὸν
647 2775 984 2838 ἀποκτεῖναι,
1022 2775 1117 2828 καὶ
1158 2773 1276 2837 πῶς
1310 2776 1339 2828 ό
1381 2774 1476 2828 τοῦ
1503 2776 1757 2848 Σωτῆρος

191 2868 336 2936 λόγος
359 2871 462 2922 οὐκ
489 2867 684 2939 ἐχώρει
717 2869 774 2920 ἐν
805 2869 1020 2933 αὐτοίς;

255 2965 305 3016 9.
349 2962 808 3030 Ἀπεκρίθησαν,
857 2962 956 3015 καὶ
1011 2959 1188 3016 εἶπαν
1232 2960 1408 3027 αὐτῷ·
1464 2961 1517 3013 Ὁ
1562 2960 1757 3029 πατὴρ

1871 1859 2066 1905 natura
2101 1866 2131 1904 a
2163 1851 2326 1907 Patre
2370 1853 2700 1908 audierunt?
2751 1853 2856 1908 Sed
2901 1864 3082 1909 utrum
3125 1855 3340 1910 tandem
3372 1855 3428 1909 hi

1861 1954 2168 2000 erantoves
2200 1945 2423 2011 Christi,
2453 1962 2521 2001 an
2564 1945 2633 2001 ab
2654 1947 2771 2017 ipso
2798 1948 3000 2003 alieni?
3030 1947 3180 2015 Quod
3205 1950 3250 2005 si
3272 1959 3430 2006 erant

1862 2036 2050 2102 alieni,
2079 2038 2356 2106 quomodo
2385 2039 2678 2094 audierunt
2707 2054 2736 2092 a
2768 2039 2963 2105 Patre,
2990 2041 3191 2110 palam,
3231 2050 3291 2096 ut
3330 2057 3430 2110 pu-

1863 2138 2002 2197 tant,
2027 2129 2241 2186 dicente
2273 2131 2340 2186 ad
2365 2131 2572 2186 alienos
2607 2150 2623 2187 :
2663 2129 2891 2201 Propter
2912 2133 3008 2186 hoc
3035 2149 3124 2186 vos
3148 2149 3250 2187 non
3269 2133 3429 2188 audi-

1860 2223 1951 2286 tis,
1981 2222 2120 2281 auod
2160 2239 2264 2276 non
2308 2223 2425 2277 sitis
2465 2239 2529 2277 ea:
2577 2222 2755 2278 ovibus
2799 2223 2931 2277 meis
2975 2223 3061 2278 ³³9
3117 2223 3234 2279 Nisi
3291 2225 3431 2280 forte

1860 2328 1983 2368 cum
2023 2324 2337 2384 urgeantur,
2394 2315 2447 2369 in
2492 2315 2640 2370 aliud
2679 2315 2976 2371 absurdum
3019 2315 3231 2385 seipsos
3257 2315 3430 2384 conii-

1860 2405 2031 2467 ciunt,
2071 2406 2314 2461 dicentes
2345 2421 2374 2460 a
2405 2404 2568 2462 Patre
2599 2407 2815 2476 quidem
2839 2407 3053 2462 audisse
3074 2407 3297 2470 alienos,
3329 2407 3427 2462 bos

1859 2511 1993 2554 vero
2019 2498 2167 2568 ipsos
2200 2513 2308 2554 non
2337 2499 2528 2554 audire
2571 2513 2600 2553 a
2640 2497 2948 2554 Servatore.
2984 2499 3092 2554 Sed
3115 2499 3161 2554 si
3199 2499 3430 2554 familia-

1859 2603 1948 2644 res
2001 2598 2160 2644 erant
2221 2587 2530 2645 Servatoris
2575 2629 2591 2654 ,
2654 2599 2708 2645 et
2762 2592 2934 2646 beata:
2993 2591 3140 2646 illius
3195 2601 3425 2654 naturae.

1859 2680 2132 2748 quomodo
2161 2681 2478 2752 qurerebant
2505 2695 2630 2736 eum
2672 2683 3015 2750 interﬁcere,
3058 2691 3113 2738 et
3157 2683 3425 2752 quomodo

1859 2773 2166 2832 Servatoris
2186 2788 2366 2830 sermo
2387 2788 2492 2828 non
2527 2770 2766 2830 habebat
2789 2773 2965 2830 locum
2999 2774 3056 2830 in
3087 2774 3208 2831 eis?

1929 2953 2096 3026 31³1
2149 2955 2203 3010 9.
2261 2953 2681 3024 Responderunt.
2743 2965 2792 3010 et
2853 2955 3099 3010 dixerunt
3150 2957 3234 3012 ei:
3265 2953 3430 3010 Pater

192 3052 616 3124 τ)μῶν“Α6ραάμ
654 3055 804 3108 ἐστι.
831 3053 1049 3118 Δόξαιεν
1077 3043 1262 3125 ἀν’τὴν
1294 3053 1585 3124 ἀπόκρισιν
1613 3049 1756 3107 οὗτοι

1940 3063 2039 3106 uer
2065 3051 2332 3105 Abraham
2363 3061 2438 3104 est
2485 3049 2553 3105 ³⁵.
2585 3049 2855 3106 Videntur
2887 3049 2944 3107 hi
2977 3048 3438 3120 abjectius.longe

192 3146 512 3218 πεποιῆσθαι
539 3146 672 3200 πολὺ
701 3146 1077 3218 ταπεινότερον
1109 3143 1453 3216 ἐκδεξάμενοι
1483 3145 1610 3216 περ).
1639 3144 1753 3210 τοῦ,

189 3233 267 3298 τίς
293 3237 474 3290 αὐτῶν
528 3232 596 3307 ἦν
623 3238 652 3289 ὁ
686 3235 867 3307 πατὴρ
897 3235 1030 3308 (55),
1069 3235 1101 3306 ἢ
1149 3235 1224 3300 ὡς
1253 3237 1282 3288 ὁ
1319 3235 1521 3306 Κύριος
1551 3235 1753 3302 ἔλεγενο

191 3327 221 3379 ό
245 3327 335 3396 μὲν
367 3327 478 3400 γὰρ
503 3329 707 3398 Ἰησοῦς
738 3329 1023 3399 ἀναφέρων
1055 3327 1146 3380 ἐπὶ
1177 3327 1264 3380 τὸν
1293 3326 1424 3380 Θεὸν
1449 3325 1652 3396 ἔφασκε
1675 3326 1756 3379 τόο

196 3419 297 3472 Καὶ
338 3420 510 3490 ὑμεῖς
559 3415 673 3476 οὖν
719 3419 758 3474 ἃ
805 3421 1106 3488 ὴκοῡσατε
1154 3418 1314 3486 παρὰ
1357 3415 1463 3471 τοῦ
1507 3418 1756 3485 Πατρός,

197 3511 422 3565 ποιεῖτεο
453 3515 503 3565 0i
544 3513 600 3566 δὲ
630 3504 1010 3583 ταπεινότερον
1039 3510 1133 3564 τὸν
1181 3509 1273 3563 τοῦ
1309 3509 1493 3574 ἔθνους
1517 3525 1760 3580 παρομο-

197 3601 430 3672 λογοῦσιν
456 3605 570 3675 (54)
619 3604 827 3657 ἑαυτῶν
860 3603 1092 3674 πατέρα,
1136 3601 1412 3670 λέγοντεςο
1467 3600 1520 3652 Ὁ
1565 3597 1760 3667 πατὴρ

198 3693 358 3761 ἡμῶν
384 3696 636 3766 Ἀϐραάμ
681 3698 833 3751 ἐστι.
886 3695 1102 3766 Βοηθῶν
1143 3694 1186 3746 δ’
1225 3694 1289 3748 ἄν
1326 3711 1408 3757 τις
1440 3693 1642 3758 αὐτοῖς,
1684 3691 1760 3755 ὡς

197 3787 366 3852 καλῶς
405 3789 882 3859 ἀποκριναμένοις,
927 3789 1109 3858 φήσει,
1154 3787 1234 3838 ὅτι
1269 3785 1346 3848 ὡς
1387 3785 1616 3856 μέτριοι,
1666 3783 1760 3837 καὶ

201 3881 268 3949 μὴ
312 3881 544 3944 διδόντες
604 3882 814 3942 ἑαυτοῖς
868 3875 1006 3932 εἶναι
1059 3879 1196 3942 υἱοῖς
1249 3875 1410 3939 Θεοῦ,
1453 3875 1548 3929 τοῦ
1583 3874 1757 3947 Ἰησοῦ

198 3969 454 4038 λέγοντοςο
487 3973 546 4025 Ἃ
577 3972 880 4039 ἠκούσατε
909 3969 1068 4038 παρὰ
1103 3967 1207 4022 τοῦ
1239 3967 1489 4035 Πατρός,
1521 3967 1757 4031 ποιεῖτε,

199 4064 284 4116 καὶ
310 4065 669 4135 ἀναφέροντος
685 4065 778 4117 ἐπὶ
800 4064 891 4117 τὸν
911 4062 1064 4128 Θεὸν,
1085 4063 1265 4131 φασίν·
1301 4062 1353 4114 Ὁ
1378 4059 1572 4129 πατὴρ
1595 4059 1761 4130 ἡμῶν

198 4155 433 4225 Ἀϐραάμ
458 4157 607 4210 ἐστι.
646 4157 814 4228 Δῆλον
843 4157 899 4211 δὲ
937 4157 1019 4210 ὃτι
1048 4157 1142 4211 καὶ
1169 4156 1326 4210 τοῦτο
1351 4155 1560 4208 εὐθύνει
1579 4157 1620 4208 ό
1648 4155 1761 4208 Σω-

197 4249 315 4318 τὴρ,
343 4249 417 4312 ὡς
447 4249 660 4321 ψευδῶς
696 4250 1004 4322 εἰρημένον,
1046 4249 1133 4302 διὰ
1161 4249 1275 4302 τοῦ”
1312 4250 1382 4302 Ei
1420 4249 1602 4302 τέκνα
1655 4247 1761 4301 τοῦ

195 4329 434 4410 Ἀὔραάμ
472 4343 633 4408 ἐστε,
674 4342 747 4395 τὰ
774 4342 917 4412 ἔργα
963 4341 1069 4394 τοῦ
1102 4341 1348 4410 Ἀϐραὰμ
1375 4342 1613 4394 ποιεῖτε.
1648 4343 1762 4393 Οὐκ

1861 3143 2196 3213 respondere
2244 3156 2407 3212 quam
2464 3143 2665 3198 alserit
2725 3143 2985 3198 Dominus
3017 3183 3034 3208 ,
3089 3143 3428 3198 declarantes

1859 3237 1982 3306 quis
2011 3236 2256 3308 ipsorum
2286 3245 2434 3292 esset
2461 3247 2619 3304 pater
2644 3253 2659 3303 ;
2691 3237 2954 3306 siquidem
2978 3236 3138 3292 .Iesus
3164 3237 3228 3290 ad
3261 3237 3426 3291 Deum

1860 3327 2102 3384 referens
2153 3329 2408 3383 dixerat:
2447 3329 2516 3383 Et
2559 3345 2646 3384 vos
2692 3329 2876 3398 igitur,
2925 3345 3042 3399 quae
3084 3329 3365 3384 audivistis
3395 3345 3428 3381 a

1860 3418 2042 3485 Patre,
2071 3420 2228 3490 facite
2261 3421 2305 3453 ³⁸
2327 3435 2342 3473 :
2363 3423 2418 3476 bi
2444 3435 2572 3476 vero
2589 3421 2850 3490 abiectius
2874 3429 3078 3492 patrem
3097 3421 3336 3490 gentium
3360 3420 3426 3479 ⁸⁸.

1859 3520 2070 3582 patrem
2134 3527 2292 3567 suum
2338 3511 2596 3579 fatentur,
2672 3513 2914 3568 dicentes
2966 3513 3184 3570 :Pater
3255 3523 3429 3567 uoster

1860 3605 2124 3658 Abraham
2168 3613 2243 3658 est
2277 3603 2343 3655 ³⁷.
2373 3603 2526 3672 Quod
2561 3604 2608 3660 si
2641 3604 2764 3674 quis
2799 3619 2895 3659 eos
2922 3605 3216 3659 defendens
3242 3643 3259 3669 ,
3304 3615 3428 3660 tau-

1860 3712 2020 3764 quam
2044 3697 2136 3766 qui
2170 3695 2306 3751 bene
2329 3697 2746 3765 responderint,
2783 3697 2946 3761 dicet,
2987 3694 3115 3752 Jesu
3164 3698 3376 3752 dicente
3409 3716 3423 3750 :

1863 3787 1994 3854 Quae
2044 3787 2324 3841 audivistis
2357 3785 2595 3851 aPatre,
2631 3787 2821 3856 facite,
2857 3796 2914 3840 et
2955 3786 3198 3841 voculam
3247 3786 3427 3840 Patris

1862 3879 2134 3935 referente
2160 3879 2227 3932 ad
2258 3879 2451 3946 Deum,
2484 3894 2579 3935 eos
2602 3879 2782 3934 dicere
2808 3901 2822 3935 :
2855 3877 3019 3933 Pater
3055 3891 3230 3933 uoster
3251 3878 3415 3932 Abra-

1861 3972 1984 4024 ham
2027 3979 2126 4035 est,
2179 3984 2277 4025 ceu
2324 3972 2599 4026 modestos
2652 3980 2708 4026 et
2757 3969 3000 4026 nolentes
3050 3969 3152 4024 sibi
3189 3969 3429 4024 tribuere

1862 4056 2003 4126 quod
2036 4056 2128 4110 ﬁlii
2164 4056 2257 4111 Dei
2303 4067 2508 4124 essent,
2550 4060 2896 4129 perspicuum
2928 4067 3012 4114 est
3049 4058 3152 4112 hoc
3197 4058 3358 4112 etiam
3394 4075 3425 4111 a

1863 4147 2150 4202 Servatore
2185 4147 2406 4218 corrigi,
2439 4163 2539 4203 ceu
2574 4147 2710 4203 falso
2734 4148 2962 4213 dictum,
2991 4147 3079 4203 his
3110 4147 3328 4202 verbis:
3363 4147 3428 4203 Si

1861 4238 1962 4306 ﬁlii
1993 4239 2216 4294 Abrahae
2237 4240 2380 4302 estis,
2407 4255 2565 4310 opera
2595 4240 2827 4294 Abrahae
2851 4239 3032 4310 facite.
3066 4237 3254 4309 Neque
3295 4255 3426 4294 vero

1864 4328 2099 4383 absurde
2119 4338 2316 4397 praeter
2340 4328 2455 4383 haec
2483 4337 2695 4399 quaerat
2733 4329 2894 4383 etiam
2932 4327 3132 4397 aliquis
3157 4329 3429 4398 quomodo

200 4430 403 4496 ἀτόπως
428 4433 486 4486 δὲ
522 4433 776 4505 καὶπρὸς
811 4433 985 4487 ταῦτα
1029 4433 1257 4503 ζητήσαι
1281 4450 1363 4496 τις
1397 4432 1483 4495 ἂν,
1520 4434 1600 4486 ὅτι
1642 4433 1756 4496 πῶς

1941 4428 2144 4484 rvator,
2168 4418 2259 4487 qui
2287 4418 2368 4473 eis
2394 4433 2461 4472 ne
2489 4419 2612 4474 ﬁliis
2643 4417 2862 4486 quidem
2902 4432 3022 4474 esse
3046 4417 3278 4473 Abrahae
3300 4433 3430 4473 cou-

201 4521 332 4575 κατά
351 4523 439 4576 τὸν
465 4523 690 4596 Σωτῆρά
714 4525 848 4586 ἐστι,
882 4523 954 4594 μὴ
974 4521 1494 4591 συγκατατιθέμενον
1515 4517 1650 4574 εἶναι
1671 4521 1761 4573 αὐ-

201 4613 317 4676 τοὺς
335 4615 496 4668 τέκνα
525 4613 618 4667 τοῦ
649 4614 918 4686 Ἀϐραὰμ,
937 4613 998 4666 τὸ
1025 4613 1203 4680 λέγειν
1228 4613 1426 4676 αὐτοῖς’
1456 4612 1564 4666 Καὶ
1591 4611 1759 4681 ὑμεῖς

203 4697 308 4757 οὖν
348 4705 385 4759 d
414 4707 711 4775 ἠκούσατε
744 4705 903 4774 παρὰ
939 4704 1043 4759 τοῦ
1068 4703 1317 4770 Πατρός,
1355 4702 1591 4763 ποιεῖτε,
1625 4703 1758 4756 ἀνα-

206 4797 494 4866 φερομένου
526 4797 643 4861 τοῦ,
677 4799 836 4866 παρὰ
873 4796 978 4850 τοῦ
1020 4795 1267 4864 Πατρός,
1306 4796 1398 4848 ἐπὶ
1421 4795 1512 4848 τὸν
1537 4795 1686 4848 Θεόν⁹
1731 4795 1760 4846 ό

206 4884 306 4954 γὰρ
339 4888 410 4957 μὴ
436 4887 509 4940 ῶν
534 4888 720 4942 τέκνον
746 4887 840 4942 τοῦ
868 4887 1120 4959 Ἀϐραὰμ
1146 4886 1285 4940 κατά
1305 4885 1534 4956 μίμησιν
1559 4884 1760 4956 ἀρετῆς

205 4977 478 5032 ὁποιανοῦν
515 4980 621 5032 τῶν
661 4980 772 5050 (55)
820 4980 956 5050 μετὰ
1000 4980 1090 5032 τὸν
1116 4977 1389 5048 Ἀϐραὰμ,
1423 4975 1638 5045 ψεκτὸς,
1685 4975 1760 5038 ὡς

206 5061 360 5130 οῦτοι,
406 5070 542 5141 πρὸς
582 5071 674 5134 οὓς
719 5073 747 5124 ὁ
790 5069 963 5138 λόγος,
1009 5068 1187 5138 πολλῷ
1249 5067 1445 5139 μᾶλλον
1494 5065 1594 5118 οὐκ
1647 5065 1760 5117 ἐστι

209 5157 386 5212 τέκνον
414 5161 506 5214 τοῦ
527 5162 679 5214 Θεοῦ.
713 5163 852 5233 Ὅρα
875 5162 931 5214 δὲ
954 5162 1002 5213 εἰ
1041 5161 1132 5214 καὶ
1155 5160 1292 5232 πρὸς
1315 5159 1471 5212 τοῦτο
1491 5155 1762 5228 δυνάμεθα

209 5244 376 5314 λέγειν
406 5251 505 5321 (ὅτι
539 5253 638 5305 οὐκ
664 5250 895 5323 εἶρηται’
915 5251 1024 5304 Καὶ
1056 5249 1224 5319 ὑμεῖς
1265 5245 1377 5303 οὖν
1401 5247 1440 5302 ἂ
1462 5248 1762 5316 ἠκούσατε

1870 4510 2117 4575 cedebat,
2143 4509 2324 4566 dicere
2345 4519 2528 4579 posset
2557 4523 2573 4562 :
2597 4508 2667 4565 Et
2686 4526 2775 4563 vos
2795 4509 2976 4579 igitur,
3003 4525 3120 4580 qua:
3153 4509 3429 4564 audivistis

1867 4621 1897 4657 ι
1927 4603 2106 4672 Patre,
2148 4603 2306 4673 facite
2330 4641 2347 4668 ,
2370 4601 2536 4656 relata
2574 4615 2708 4658 voce
2746 4600 2925 4656 Patris
2969 4603 3033 4655 ad
3059 4601 3228 4658 Deum
3260 4618 3276 4655 :
3305 4617 3430 4656 nam

1866 4695 1958 4766 qui
1991 4695 2222 4750 Abrahae
2265 4694 2410 4749 ﬁlius
2444 4709 2549 4748 non
2583 4702 2698 4757 est,
2731 4693 3091 4762 qualicunque
3117 4693 3278 4749 modo
3320 4697 3444 4772 νὴ·-⁸

1869 4797 2036 4841 tutem
2065 4797 2400 4856 posterorum
2430 4785 2963 4848 Abrabaaimitando,
2987 4785 3035 4840 is
3059 4784 3432 4854 vituperabilis

1865 4880 2089 4950 perinde
2118 4891 2281 4948 atque
2303 4881 2356 4934 hi
2391 4879 2455 4932 ad
2498 4894 2635 4947 quos
2677 4889 2762 4933 est
2792 4892 3008 4942 sermo,
3051 4877 3221 4932 multo
3259 4878 3432 4947 magis

1866 4986 1972 5026 non
1999 4971 2101 5024 erit
2131 4971 2270 5025 Illius
2309 4971 2424 5024 Dei.
2473 4969 2704 5024 Proinde
2746 4967 2873 5022 vide
2912 4983 2981 5022 an
3015 4969 3180 5022 etiam
3222 4968 3288 5022 ad
3329 4969 3435 5023 hoc

1868 5063 2047 5117 dicere
2074 5061 2341 5129 possimus
2371 5059 2650 5131 (quoniam
2681 5073 2785 5113 non
2829 5058 3032 5112 dictum
3062 5057 3165 5111 fuit
3198 5073 3213 5109 :
3245 5055 3315 5110 Et
3347 5073 3434 5110 vos

1866 5155 2045 5224 igitur,
2081 5170 2198 5224 qua:
2237 5155 2512 5208 audivistis
2540 5169 2569 5206 a
2607 5152 2768 5207 Patre
2809 5161 3016 5215 vestro,
3052 5150 3139 5204 vel
3192 5164 3223 5203 a
3282 5159 3434 5220 patre

1868 5255 2078 5311 nostro,
2128 5247 2246 5312 sed,
2273 5264 2307 5300 a
2339 5244 2544 5318 Patre),
2570 5246 2712 5315 quod
2742 5245 2866 5300 licet
2898 5242 3094 5312 aliquis
3147 5241 3220 5295 sit
3261 5252 3438 5310 pater,

165 5420 180 5450 ,
270 5388 312 5420 "
339 5385 492 5441 Joan.
531 5403 649 5452 vut,
677 5388 767 5441 '57.
845 5387 889 5418 ³³
917 5383 1081 5440 Joan.
1105 5403 1161 5449 χ,
1181 5383 1272 5439 9.6.
1349 5385 1394 5416 "‘
1422 5383 1576 5438 Joan.
1605 5399 1722 5446 vm,

1940 5383 1973 5414 ⁵⁵
2003 5383 2131 5439 ibid.
2157 5383 2247 5438 38.
2323 5385 2368 5416 ³⁸
2389 5383 2524 5439 Gen.
2551 5398 2684 5446 xvu,
2709 5382 2763 5444 4,
2785 5381 2840 5436 5.
2917 5380 2960 5411 ³⁷
2987 5378 3143 5434 Joan.
3180 5394 3303 5444 vul,
3345 5378 3437 5433 59.

170 5493 176 5502 ’
276 5507 382 5576 (5‘!)
413 5504 586 5561 Codex
606 5505 952 5568 Bodleianus,
982 5507 1183 5557 ποιεῖτε
1202 5523 1215 5534 ·
1242 5503 1464 5566 Regius,
1498 5505 1752 5576 ἐποιεῖτε.

214 5574 384 5696 Σϋιῖἱό)
418 5576 592 5632 Codex
646 5577 984 5640 Bodleiauus,
1034 5587 1196 5640 recte,
1250 5577 1464 5646 πατήρ·
1533 5574 1754 5643 Regius,

275 5665 407 5696 )TTU.

275 5665 350 5717 ἄτη
360 5667 407 5717 ρο

280 5712 385 5785 (bis)
422 5716 558 5774 Idem
591 5718 753 5775 codex
788 5715 1127 5784 Bodleianus,
1159 5712 1598 5788 ἀνομολογοῦσιν.

1958 5502 2046 5569 55)
2077 5502 2240 5556 Κατὰ
2270 5504 2525 5572 μίμησιν
2555 5499 2769 5568 ἀρετῆς
2801 5499 3125 5572 όποιανοῦν
3144 5497 3299 5572 τῶν,
3331 5509 3436 5554 etc.

1866 5571 1957 5626 Sic
1990 5577 2129 5628 luuic
2161 5569 2356 5636 locum,
2388 5569 2438 5626 in
2499 5573 2776 5626 codicibus
2812 5569 2979 5636 Hegio
3029 5579 3085 5626 et
3142 5569 3439 5627 Barberiuo

1869 5643 2131 5709 furatum,
2167 5644 2383 5700 sanitati
2413 5643 2649 5697 restituit
2675 5639 3014 5696 Bodleianus.
