3688 6146
1743 261 2064 322 ORIGENIS
3386 282 3475 340 59g

279 400 391 442 non
421 383 678 440 continuo
715 389 889 438 tamen
914 392 1068 452 pater
1099 381 1262 440 etia‘n't
1290 385 1361 441 sit
1390 399 1577 440 eorum
1611 389 1702 458 qui
1734 405 1759 440 ιι

2007 387 2097 459 ιρὰ
2119 389 2210 442 τοῦ
2249 387 2453 461 πατρὸς
2502 390 2676 462 ὑμῶν,
2703 391 2760 463 ἢ,
2789 391 2936 464 παρὰ
2962 393 3056 446 τοῦ
3104 395 3301 468 πατρὸς
3323 398 3477 470 ἡμῶν,

280 485 408 532 sunt
432 475 525 531 filii
548 475 799 540 Abrahae,
841 489 942 530 nec
974 473 1193 530 formati
1225 491 1256 530 a
1283 478 1492 533 semine
1529 479 1762 534 Abrahae
1791 481 1842 534 in

277 569 408 626 filiis
434 567 705 634 Abrahae;
733 567 820 622 vel
862 567 974 623 haec
996 569 1159 624 verba
1189 568 1464 626 indefinite
1485 569 1629 626 dicta
1664 587 1678 625 :
1713 570 1846 636 Qua:

277 657 556 712 audivistis
585 667 618 710 a
645 656 824 723 Patre,
860 657 998 712 sumi
1031 671 1255 728 possunt
1279 675 1378 730 pro
1401 674 1468 715 eo
1487 659 1630 729 quod
1656 668 1778 727 est,
1810 675 1840 713 a

279 747 441 804 Patre
468 762 610 812 meo,
653 757 716 803 ut
753 747 1032 804 declarant
1079 749 1167 805 illa
1196 750 1403 806 verba:
1439 750 1571 817 Qute
1600 767 1693 820 ego
1736 752 1842 806 vidi

277 841 422 909 apud
447 838 662 894 Patrem
683 877 700 905 ,
745 839 961 911 loquor,-
990 856 1111 911 qua
1137 842 1275 897 idem
1304 842 1482 898 valent
1503 857 1568 898 ac
1593 843 1635 897 si
1671 843 1840 908 dicas,

277 929 420 999 apud
479 927 692 982 Patrem
723 945 895 984 meum
977 928 1176 988 Verum
1223 932 1500 987 enimvero
1552 937 1843 988 etlocemur

277 1023 443 1077 etiam
486 1023 538 1076 in
579 1023 926 1092 sequentibus
971 1038 1332 1094 quorumnam
1378 1024 1521 1081 Deus
1555 1026 1627 1081 sit
1655 1025 1838 1090 Pater,

275 1127 377 1186 per
421 1116 535 1168 haec
577 1129 697 1182 quae
748 1113 986 1184 loquitur
1033 1115 1294 1170 Servator
1323 1132 1336 1168 :
1366 1113 1427 1170 Si
1484 1115 1622 1170 Deus
1675 1113 1842 1168 Pater

275 1216 440 1259 vester
472 1216 626 1270 esset,
683 1205 968 1274 diligeretis
1016 1206 1194 1274 utique
1239 1221 1322 1258 me
1354 1205 1422 1259 ³⁸.
1469 1204 1546 1257 Ac
1599 1202 1840 1273 profecto

274 1296 466 1366 liquet,
509 1299 600 1368 qui
635 1297 827 1352 Filium
867 1308 1112 1366 quaerant
1145 1296 1483 1360 interficere,
1538 1295 1690 1349 illum
1733 1309 1839 1348 non

275 1391 522 1460 diligere,
552 1402 606 1445 et
633 1407 738 1446 non
767 1390 1051 1460 diligentes
1078 1404 1224 1455 eum,
1257 1389 1398 1444 filios
1427 1389 1518 1442 Dei
1551 1403 1652 1442 non
1675 1401 1796 1442 esse
1820 1402 1836 1452 ;

274 1483 416 1538 unde
441 1483 782 1552 perspicuum
810 1482 1040 1538 elﬁcitur
1069 1483 1186 1538 haec
1209 1483 1374 1536 verba
1405 1499 1418 1534 :
1449 1480 1513 1534 Et
1544 1497 1631 1534 uos
1652 1481 1836 1548 igitur,

273 1590 390 1643 qua:
417 1575 690 1628 audivistis
717 1591 749 1628 a
779 1573 961 1640 Patre,
991 1575 1146 1640 facite
1179 1575 1244 1638 θ’,
1291 1589 1398 1628 non
1441 1574 1618 1628 minus
1657 1573 1840 1626 valere

275 1679 340 1721 ac
371 1665 418 1720 si
447 1666 650 1722 dictum
686 1665 896 1733 fuisset,
925 1683 958 1720 a
986 1657 1141 1720 Patre
1185 1677 1376 1721 vestro.

340 1943 508 2014 318
553 1942 641 1997 10.
685 1941 820 1996 Dicit
855 1940 964 1995 illis
996 1939 1153 1994 Iesus
1178 1955 1197 1994 :
1222 1938 1280 1994 Si
1311 1939 1412 2007 lilii
1439 1939 1664 1994 Abralue
1689 1939 1834 2004 estis,

272 2053 432 2106 opera
459 2037 682 2090 Abraha:
707 2036 865 2102 facite
908 2033 978 2086 ⁸⁸.
1019 2033 1436 2101 Respondeant,
1489 2031 1581 2100 qui
1623 2045 1692 2086 ex
1751 2030 1837 2086 his

273 2141 393 2196 qua:
448 2126 617 2196 gessit
646 2122 949 2189 Abraham,
1013 2121 1292 2189 elegerunt
1344 2135 1508 2174 unum
1563 2119 1834 2188 quoddam

270 2232 447 2287 opus,
499 2230 691 2286 nempe
727 2213 1004 2270 :Credidit
1047 2223 1222 2267 autem
1273 2213 1537 2266 Abraham
1588 2212 1732 2276 Deo,
1786 2221 1835 2266 et

270 2310 586 2378 imputatum
611 2317 685 2362 est
704 2306 783 2359 illi
805 2303 872 2360 ad
889 2303 1152 2375 justitiam
1183 2302 1252 2368 ⁸⁸,
1278 2313 1333 2358 et
1359 2304 1461 2358 hoc
1513 2303 1834 2358 existimant

271 2415 393 2459 csse
423 2401 489 2456 ad
517 2399 660 2470 quod
696 2397 1002 2452 referantur
1036 2399 1149 2450 [nec
1185 2396 1344 2451 verba
1372 2414 1385 2449 :
1413 2394 1585 2465 Opera
1609 2395 1835 2450 Abrahw

270 2493 450 2565 facite,
485 2501 544 2547 ut
570 2491 735 2548 etiam
771 2489 1099 2545 concedatur
1145 2487 1254 2543 illis
1307 2487 1466 2541 iidem
1514 2500 1636 2542 esse
1676 2502 1830 2557 opus,

270 2585 415 2655 quod
452 2583 674 2638 minime
719 2581 1078 2636 concederent
1130 2580 1222 2648 qui
1263 2580 1641 2634 auctoritatem
1685 2579 1831 2633 illam

269 2677 562 2730 admittunt
591 2692 606 2728 :
643 2673 802 2728 Fides
825 2673 935 2738 sine
957 2671 1201 2742 aperilms
1225 2682 1429 2725 mortua
1453 2681 1527 2724 est
1560 2670 1629 2734 ⁸³,
1657 2685 1834 2739 neque

267 2767 326 2823 hi
357 2768 448 2838 qui
497 2766 802 2836 intelligunt
852 2763 1042 2818 melius
1099 2779 1220 2820 esse
1265 2763 1552 2834 iustificari
1603 2778 1672 2817 ex
1729 2764 1832 2820 fide

267 2875 428 2932 quam
481 2873 549 2915 ex
605 2856 862 2927 operibus
914 2855 1045 2927 legis
1094 2855 1160 2920 ⁸³,
1205 2863 1260 2910 ει
1292 2855 1473 2910 dicant
1509 2869 1681 2924 quare
1720 2870 1829 2910 non

267 2953 472 3007 dictum
498 2951 569 3005 sit
603 2948 948 3020 singulariter
979 2965 994 3002 :
1031 2945 1093 3002 Si
1120 2946 1224 3015 ﬁlii
1259 2946 1482 3000 Alii-alue
1508 2947 1668 3013 estis,
1700 2964 1830 3017 opus

266 3044 490 3099 Abrahae
529 3041 705 3111 facile,
745 3043 839 3094 sed
870 3054 1093 3095 numero
1128 3039 1384 3108 plurium,
1418 3055 1573 3109 opera
1596 3040 1826 3097 Abraha:

265 3139 459 3208 facile;
484 3135 627 3205 quod
659 3147 779 3188 meo
794 3131 1001 3200 judicio
1033 3133 1260 3201 perinde
1281 3133 1424 3187 valet
1453 3149 1519 3188 ac
1543 3134 1589 3188 si
1622 3134 1824 3190 dictum

260 3231 474 3293 fuisset,
508 3228 693 3282 omnia
718 3241 876 3295 opera
922 3225 1146 3279 Abrahae
1176 3225 1354 3296 flcite.
1389 3224 1486 3278 Sin
1520 3240 1651 3280 vero
1682 3226 1824 3280 idem

262 3331 346 3378 est
376 3336 442 3376 ac
474 3320 520 3376 si
559 3319 901 3383 diceremus,
936 3317 1118 3371 omnia
1167 3332 1326 3382 opera
1375 3316 1600 3372 Abralue
1641 3316 1824 3386 facite,

258 3423 318 3472 et
345 3425 519 3484 neque
547 3407 899 3479 corporaliter
918 3407 1199 3461 adhaerere
1233 3405 1442 3460 ancilla:
1476 3407 1637 3460 debet
1668 3405 1715 3460 is
1732 3406 1823 3475 qui

261 3522 483 3565 uxorem
529 3505 732 3569 habet;
772 3517 945 3573 neque
1000 3502 1270 3556 defuncta:
1307 3501 1520 3569 coniugi
1557 3501 1718 3555 aliam
1765 3503 1820 3555 in

261 3609 541 3658 senectute
593 3597 878 3667 coniugem
928 3595 1353 3663 superinducere
1393 3594 1439 3648 is
1487 3594 1576 3662 qui
1604 3635 1620 3660 ,
1658 3594 1821 3667 juxta

262 3691 572 3749 Servatoris
601 3685 1122 3756 interpretationem,
1156 3684 1387 3751 voluerit
1423 3685 1651 3740 Abrahae
1679 3685 1823 3741 filius

260 3781 525 3838 declarari
551 3795 619 3834 ex
647 3793 712 3833 eo
741 3777 885 3848 quod
911 3774 1147 3832 Abrahae
1186 3790 1353 3844 opera
1377 3773 1567 3830 fecerit
1591 3817 1605 3841 ,
1641 3775 1818 3846 palam

260 3875 386 3931 hinc
429 3873 686 3927 discimus
739 3883 960 3924 necesse
1011 3869 1168 3924 nobis
1216 3884 1376 3930 esse,
1421 3879 1478 3922 ut
1529 3868 1821 3939 allegorice

259 3965 622 4033 intelligentes
681 3975 895 4016 omnem
943 3961 1176 4016 Abrahae
1242 3960 1546 4024 historiam,
1605 3960 1817 4029 singula

257 4070 380 4126 quae
417 4055 530 4123 ipse
569 4051 922 4120 corporaliter
969 4049 1138 4117 fecit,
1189 4049 1542 4118 spiritualiter
1588 4064 1618 4103 a
1661 4049 1819 4105 nobis

257 4151 418 4214 fiant,
457 4145 784 4214 incipientes
818 4144 885 4198 ab
934 4157 1000 4197 eo
1043 4143 1233 4197 dicto:
1282 4140 1539 4211 Egredere
1577 4143 1641 4196 de
1674 4150 1817 4196 terra

255 4249 374 4304 tua,
403 4246 452 4292 et
487 4239 550 4290 de
592 4234 900 4304 cognatione
921 4243 1013 4286 tua
1033 4271 1050 4295 ,
1079 4244 1128 4285 et
1151 4234 1214 4286 de
1245 4235 1397 4286 domo
1428 4235 1593 4301 patris
1627 4235 1726 4300 tui,
1766 4242 1816 4286 et

254 4331 368 4385 nisi
391 4330 448 4382 in
463 4339 653 4382 terram
669 4343 826 4396 quam
841 4333 1197 4378 monstravero
1220 4324 1317 4376 tibi
1332 4323 1378 4355 ⁸⁸
1401 4339 1415 4378 :
1445 4324 1497 4376 id
1518 4325 1661 4393 quod
1685 4337 1816 4379 sane

1944 477 2080 532 ἀλλὰ
2113 478 2274 546 παρὰ
2323 479 2430 534 τοῦ
2472 481 2742 553 Πατρός)·
2772 484 2920 547 ὅστις
2969 484 3074 538 κᾶν
3119 483 3152 557 ᾖ
3201 488 3391 560 πατὴρ,
3427 491 3479 545 οὔ

1943 569 2156 634 πάντως
2187 572 2282 624 καὶ
2300 570 2409 625 τῶν
2462 573 2535 645 μὴ
2557 576 2758 628 τέκνων
2781 576 2875 630 τοῦ
2892 578 3140 650 Ἀϐραάμ
3161 581 3274 632 ἐστι
3302 582 3479 654 πατὴρ,

1943 663 2038 715 καὶ
2067 663 2140 734 μὴ
2169 665 2618 736 μεμορφωμένων
2651 667 2760 722 ἀπὸ
2794 670 3105 743 σπέρματος
3131 671 3373 746 Ἀϐραὰμ
3401 676 3479 730 ἐπὶ

1940 757 2009 811 τὰ
2044 757 2208 811 τέκνα
2241 758 2335 812 τοῦ
2366 759 2634 833 Ἀϐραάμ·
2675 761 2709 833 ἢ
2748 761 3067 834 ἀδιορίστως
3110 764 3389 834 εἰρημένον
3413 765 3478 818 τό·

1947 847 2015 900 "A
2031 846 2331 915 ἠκούσατε
2345 849 2506 918 παρὰ
2521 848 2626 904 τοῦ
2634 849 2880 920 Πατρὸς.
2902 853 3124 907 δύναται
3143 852 3209 906 λα
3215 854 3482 925 μϐάνεσθαι

1940 937 2061 991 ἀντὶ
2085 937 2200 992 τοῦ·
2225 939 2332 992 ἀπὸ
2353 941 2446 994 τοῦ
2472 942 2681 1014 Πατρός
2712 959 2832 1013 μου,
2863 946 2954 998 καὶ
2990 944 3146 998 τοῦτο
3169 945 3316 1000 ἔσται
3339 947 3480 1016 σαφὲς,

1940 1030 2006 1084 ἐκ
2033 1031 2148 1084 τοῦ·
2183 1033 2243 1085 ‘A
2273 1031 2386 1102 ἐγὼ
2411 1031 2641 1101 ἑώρακα
2670 1037 2825 1103 παρὰ
2851 1035 2929 1100 τῷ
2953 1037 3159 1104 Πατρὶ,
3179 1035 3359 1100 λαὰῶ,
3387 1038 3482 1092 ἴσον

1939 1121 2232 1191 δυναμένου
2246 1121 2343 1193 τῷ,
2369 1123 2529 1190 παρὰ
2550 1123 2630 1189 τῷ
2657 1127 2841 1193 Harp!
2859 1144 3000 1194 μου.
3033 1129 3143 1179 Καὶ
3166 1130 3224 1180 ἐν
3256 1131 3360 1190 τοῖς
3374 1129 3482 1196 ἑξῆς

1938 1211 1997 1264 δὲ
2026 1211 2383 1283 διδασκόμεθα
2409 1214 2570 1267 τίνων
2593 1215 2738 1268 ἐστὶν
2759 1213 3178 1286 ἁΘεὸς-Πατὴρ,
3192 1217 3258 1270 δι’
3283 1211 3352 1270 ὧν
3370 1217 3485 1271 ταῦ-

1937 1319 2006 1355 τα
2030 1302 2176 1373 λέγει
2196 1305 2224 1357 ὁ
2245 1305 2454 1376 Σωτήρ·
2485 1307 2554 1358 El
2585 1308 2618 1360 ό
2641 1307 2786 1373 Θεὸς
2810 1309 3010 1376 Πατὴρ
3041 1309 3209 1378 ὑμῶν
3231 1305 3326 1380 ἦν,
3356 1311 3483 1378 rimo

1939 1392 2086 1449 πᾶτε
2105 1393 2182 1448 ἂν
2207 1395 2327 1465 ὲμέ.
2366 1397 2540 1466 Σαφές
2572 1398 2650 1461 δὲ,
2678 1399 2760 1452 ὅτι
2785 1401 2834 1452 οἱ
2867 1399 3154 1469 ζητοῦντες
3187 1403 3479 1456 ἀποκτεῖναι

1936 1486 2028 1541 τὸν
2058 1487 2184 1541 Υἱὸν
2229 1487 2340 1559 (56)
2381 1489 2482 1542 οὐκ
2510 1490 2736 1559 ἠγάπων
2768 1491 2947 1544 αὐτόν’
2986 1491 3061 1563 μὴ
3095 1492 3406 1559 ἀγαπῶντες
3435 1492 3483 1546 δὲ

1938 1578 2119 1644 αὐτὸν,
2150 1580 2251 1632 οῦκ
2275 1579 2341 1634 ἂν
2391 1580 2752 1652 ἐχρημάτιζον
2775 1584 2884 1636 υἱοὶ
2917 1583 3026 1654 (57)
3055 1583 3150 1636 τοῦ
3180 1583 3332 1637 Θεοῦο
3357 1583 3483 1637 ὥστε

1936 1671 2114 1742 δῆλον,
2134 1674 2215 1726 ὅτι
2243 1674 2322 1726 τό·
2362 1674 2471 1728 Καὶ
2495 1673 2663 1742 ὑμεῖς
2693 1669 2806 1730 οὖν⁸
2831 1676 2872 1731 d
2903 1677 3206 1745 ἠκούσατε
3220 1677 3372 1744 παρὰ
3392 1677 3483 1730 τοῦ

1866 1736 1911 1792 Β
1937 1736 2188 1833 Πατρός,
2215 1765 2452 1831 ποιεῖτε,
2475 1736 2578 1820 οῦκ
2607 1736 2721 1822 ἴσον
2737 1736 2958 1824 δύναται
2982 1770 3078 1841 τῷ,
3093 1771 3251 1838 παρὰ
3267 1736 3481 1824 {awa-

1935 1856 2075 1925 τρὸς
2103 1857 2287 1927 ὑμῶν.

2007 1949 2093 2004 10.
2145 1950 2315 2020 Λέγει
2373 1951 2568 2018 αὐτοῖς
2627 1953 2662 2006 ό
2728 1950 2974 2018 Ἶησοῦςο
3026 1951 3096 2005 El
3150 1949 3334 2004 τέκνα
3390 1946 3482 2000 τοῦ

1937 2041 2184 2112 Ἀϐραάμ
2209 2043 2368 2109 ἐστε,
2403 2044 2476 2098 τὰ
2512 2043 2656 2113 ἔργα
2686 2043 2790 2099 τοῦ
2816 2044 3061 2113 Ἀϐραὰμ
3086 2042 3323 2096 ποιεῖτε.
3349 2041 3406 2094 Gl
3432 2040 3483 2092 ἓν

1934 2149 1987 2184 τι
2028 2132 2136 2201 (58)
2181 2133 2555 2204 ἐπιλεξάμενοι
2591 2135 2698 2188 τῶν
2748 2134 2840 2188 τοῦ
2899 2135 3148 2207 Ἀϐραὰμ
3188 2135 3380 2206 ἔργων,
3409 2131 3479 2184 τό·

1935 2221 2285 2274 Ἐπίστευσε
2313 2222 2380 2274 δὲ
2410 2223 2655 2292 Ἀϐραὰμ
2679 2221 2758 2289 τῷ
2790 2222 2932 2288 Θεῷ,
2957 2225 3054 2277 καὶ
3084 2225 3367 2293 ἐλογίσθη
3392 2227 3482 2279 αὐ-

1934 2308 2013 2375 τῷ
2039 2311 2125 2375 εἰς
2148 2309 2558 2378 δικαιοσύνην,
2603 2311 2699 2364 καὶ
2729 2311 2887 2364 τοῦτο
2911 2313 3218 2383 νομίζοντες
3249 2309 3377 2366 εἶναι
3407 2311 3482 2383 ἐφ’

1932 2401 1961 2454 ὃ
1987 2401 2403 2472 ἀναφέρεταιτό·
2460 2403 2535 2457 Τὰ
2559 2402 2704 2473 ἔργα
2726 2403 2831 2458 τοῦ
2852 2403 3099 2473 Ἀϐραὰμ
3139 2406 3375 2472 ποιεῖτε,
3409 2409 3482 2459 ἶνα

1933 2493 2028 2545 καὶ
2055 2493 2378 2564 συγχωρηθῇ
2419 2494 2622 2558 αὐτοῖς,
2667 2495 2750 2547 ὅτι
2775 2493 2931 2566 ἔργον
2957 2495 3104 2548 ἐστὶν
3132 2497 3164 2566 ὴ
3193 2497 3390 2562 πίστις,
3428 2499 3484 2551 οὐ

1935 2585 2284 2656 συγχωρηθὲν
2314 2585 2380 2639 ἂν
2404 2586 2507 2638 ὑπὸ
2547 2585 2655 2640 τῶν
2688 2586 3138 2658 παραδεχομένων
3159 2588 3241 2641 τό·
3291 2591 3483 2655 Πίστις

1931 2677 2109 2744 χωρὶς
2121 2677 2310 2746 ἔργων
2337 2677 2518 2745 νεκρὰ
2548 2678 2737 2741 ἐστιν,
2762 2679 2872 2732 οὐδ’
2900 2679 3004 2732 ὑπὸ
3024 2679 3134 2732 τῶν
3169 2680 3482 2745 ἀκουόντων,

1930 2767 2010 2820 ὅτι
2041 2767 2281 2840 διαφέρει
2302 2769 2363 2822 τὸ
2386 2768 2718 2824 δικαιοῦσθαι
2747 2772 2810 2824 ἐκ
2835 2769 3066 2835 πίστεως
3079 2772 3224 2844 ἥπερ
3246 2771 3304 2836 ἐξ
3323 2771 3484 2843 ἔργων

1931 2859 2116 2929 νόμου,
2167 2860 2578 2928 ἀπολεγέτωσαν
2636 2860 2750 2930 (59)
2790 2861 2880 2914 διὰ
2907 2861 2959 2915 τι
2997 2862 3096 2916 οὐκ
3129 2863 3363 2934 εῖρηται’
3420 2861 3480 2915 Ei

1929 2949 2111 3004 τέκνα
2156 2950 2261 3004 τοῦ
2307 2950 2552 3020 Ἀϐραάμ
2599 2950 2757 3016 ἐστε,
2797 2951 2864 3004 τὸ
2897 2952 3074 3021 ἔργον
3100 2954 3206 3008 τοῦ
3254 2955 3480 3022 Ἀϐραὰμ

1929 3043 2163 3106 ποιεῖτε,
2217 3041 2428 3106 ἐνικῶς,
2457 3043 2591 3098 ἀλλὰ
2642 3042 3016 3115 πληθυντικῶς
3035 3083 3052 3108 ,
3089 3048 3164 3100 Τὰ
3209 3047 3351 3116 ἔργα
3385 3046 3480 3099 τοῦ

1927 3132 2173 3203 Ἀϐραὰμ
2201 3134 2436 3198 ποιεῖτε,
2465 3136 2598 3199 ἴσον,
2632 3135 2707 3200 ὡς
2733 3132 2914 3207 οἶμαι,
2939 3137 3203 3208 τυγχάνον
3227 3139 3321 3209 τῷ·
3345 3137 3485 3192 Πάν-

1926 3243 2000 3280 τα
2028 3227 2100 3280 τὰ
2123 3227 2266 3296 ἔργα
2286 3227 2390 3281 τοῦ
2421 3227 2663 3297 Ἀϐραὰμ
2691 3227 2928 3282 ποιεῖτε.
2966 3231 3030 3282 El
3051 3229 3107 3283 δέ
3134 3232 3246 3284 ἴσον
3270 3229 3480 3300 ἐπὶτῷο
3539 3279 3542 3281 .

1926 3316 2006 3370 Τὰ
2033 3317 2210 3370 πάντα
2240 3317 2382 3386 ἔργα
2402 3315 2509 3370 τοῦ
2543 3316 2788 3386 Ἀϐραὰμ
2822 3318 3060 3384 ποιεῖτε,
3094 3319 3188 3372 καὶ
3229 3321 3361 3391 μήτε
3383 3336 3476 3371 σω-

1928 3409 2170 3479 ματικῶς
2193 3409 2454 3481 παιδίσκῃ
2479 3409 2558 3462 δεῖ
2573 3409 2883 3482 προσελθεῖν
2896 3409 2984 3464 τὸν
3013 3411 3205 3480 ἔχοντα
3224 3410 3476 3482 γαμετὴν,

1928 3501 2064 3572 μήτε
2093 3501 2228 3570 μετὰ
2242 3501 2341 3571 τὴν
2368 3503 2621 3573 τελευτὴν
2651 3503 2760 3575 (60)
2776 3505 2876 3576 τῆς
2894 3501 3284 3573 γεγαμημένης
3303 3505 3358 3555 ἐν
3384 3501 3475 3570 γή-

1924 3607 1998 3662 ρᾳ
2037 3591 2201 3662 ἄλλην
2255 3595 2486 3661 γυναῖκα
2537 3592 2740 3658 λαϐεῖν,
2792 3594 2884 3650 τὸν
2919 3595 3058 3649 κατὰ
3095 3595 3190 3646 τοῦ
3240 3594 3476 3663 Σωτῆρος

1923 3682 2197 3753 ὑφήγησιν
2230 3682 2450 3737 θέλοντα
2478 3684 2660 3738 τέκνον
2693 3684 3072 3756 ἀποδειχθῆναι
3088 3684 3179 3738 τοῦ
3211 3683 3475 3755 Ἀϐραὰμ,

1921 3774 1985 3827 ἐκ
2012 3773 2104 3828 τοῦ
2135 3779 2306 3831 ποιεῖν
2326 3776 2394 3831 τὰ
2416 3777 2550 3849 ἔργα
2569 3776 2661 3830 τοῦ
2681 3777 2951 3849 Ἀϐραάμ·
2981 3777 3164 3849 σαφῶς
3190 3778 3292 3832 καὶ
3307 3774 3473 3830 ἐντεῦ-

1921 3864 2012 3920 θεν
2036 3867 2391 3940 μανθάνομεν,
2425 3871 2505 3922 ὄτι
2524 3870 2604 3923 δεῖ
2625 3871 2800 3923 πᾶσαν
2830 3871 2927 3942 τὴν
2951 3869 3090 3924 κατὰ
3118 3871 3208 3922 τὸν
3240 3867 3475 3938 Ἀϐραὰμ

1917 3960 2316 4030 ὰλληγοροῦντα
2354 3963 2591 4034 ἱστορίαν
2611 3963 2838 4016 ἕκαστον
2869 3961 3231 4032 πνευματικὸν
3262 3961 3472 4028 ποιῆσαι

1917 4053 2026 4107 τῶν
2067 4056 2470 4126 πεπραγμένων
2511 4055 2601 4107 ὑπ’
2652 4054 2838 4119 αὐτοῦ,
2873 4055 3176 4126 ἀρξάμενον
3217 4053 3326 4108 ἀπὸ
3363 4051 3470 4106 τοῦθ

1921 4146 2164 4210 Ἔξελθε
2185 4147 2254 4200 ἐκ
2281 4146 2388 4214 τῆς
2418 4145 2524 4216 γνῆς
2565 4163 2700 4209 σου,
2748 4147 2846 4201 καὶ
2887 4149 2956 4201 ἐκ
2983 4145 3092 4215 τῆς
3131 4146 3470 4217 συγγενείας

1919 4252 2058 4302 σου,
2101 4237 2198 4290 καὶ
2221 4237 2289 4291 ἐκ
2332 4237 2438 4292 τοῦ
2465 4239 2633 4291 οἴκου
2661 4238 2765 4292 τοῦ
2795 4240 3016 4308 πατρός
3063 4254 3202 4305 σου,
3242 4241 3330 4304 εις
3366 4236 3469 4304 τὴν

1917 4328 2031 4400 γῆν
2062 4328 2143 4397 ἣν
2171 4327 2247 4381 ἄν
2284 4344 2381 4384 σοι
2424 4329 2617 4394 δείξω,
2648 4329 2938 4401 εἰρημένου
2969 4331 3030 4384 οὐ
3065 4331 3208 4401 μόνῳ
3239 4330 3345 4402 (61)
3397 4328 3467 4398 τῷ

253 4423 457 4476 dictum
483 4427 566 4474 est
593 4433 698 4472 non
730 4416 829 4472 soli
860 4417 1128 4478 Abrahae,
1171 4430 1358 4470 verum
1394 4416 1556 4469 etiam
1587 4415 1759 4470 cuicui

2007 4422 2194 4494 ἔραὰμ,
2229 4423 2364 4477 ἀλλὰ
2403 4423 2498 4477 καὶ
2523 4425 2686 4477 παντὶ
2719 4425 2792 4495 τῷ
2827 4425 3066 4494 ἐσομένῳ
3079 4425 3252 4495 τέκνῳ
3293 4421 3463 4476 αὑτοῦ.

249 4528 358 4587 que
388 4512 478 4584 qui
503 4509 673 4579 ipsius
707 4509 846 4562 filius
874 4511 945 4562 sit
980 4505 1218 4561 futurus.
1262 4506 1359 4561 Est
1395 4506 1540 4559 enim
1563 4508 1809 4575 quaedam

251 4602 671 4672 uniuscujusque
716 4609 959 4654 nostrum
994 4607 1134 4652 terra
1157 4639 1172 4661 ,
1208 4607 1370 4665 atque
1411 4599 1655 4666 quaedam
1688 4607 1812 4651 ante

253 4697 491 4754 divinum
514 4706 831 4762 responsum
869 4703 975 4744 non
1017 4688 1153 4743 bona
1185 4691 1479 4756 cognatio;
1510 4697 1564 4742 et
1603 4696 1814 4756 postre-

252 4804 341 4844 mo
365 4786 609 4858 quaedam
642 4786 834 4839 (lotnus
870 4781 1040 4851 patris
1070 4780 1275 4841 nostri,
1302 4787 1594 4846 antequam
1624 4792 1812 4847 perve-

250 4884 364 4939 niat
385 4894 564 4935 sermo
596 4877 688 4932 Dei
722 4877 790 4931 ad
827 4891 924 4930 nos
952 4891 968 4928 :
997 4872 1346 4943 quae.omnia
1398 4870 1554 4925 nobis
1587 4880 1810 4939 propter

248 4984 558 5029 sermonem
601 4967 694 5024 Dei
746 4965 1050 5022 damnanda
1110 4974 1236 5018 sunt
1282 4972 1337 5016 et
1386 4963 1704 5028 omittenda,
1760 4963 1808 5017 si

251 5062 598 5122 Senatorem
676 5059 922 5113 audimus
973 5052 1373 5110 dicentem:Si
1428 5053 1530 5120 ﬁlii
1582 5053 1808 5108 Abrahae

315 5203 362 5238 ³⁸
389 5201 546 5259 Joan.
585 5215 704 5259 vm.
738 5198 828 5254 42.
921 5197 963 5228 ’°
1003 5194 1129 5249 ibid-
1172 5193 1260 5251 58.
1368 5193 1415 5225 “
1446 5191 1576 5248 ibid-
1614 5193 1702 5248 59-

254 5268 478 5328 ”Rom.
522 5287 604 5336 ιιι,
639 5269 731 5325 28.
807 5268 856 5299 ⁸⁸
897 5265 1030 5322 Gen.
1077 5280 1176 5329 ιιιι,
1228 5265 1281 5321 1.

313 5409 428 5480 (56)
455 5409 636 5466 Codex
668 5407 1007 5480 Budleian'us,
1038 5406 1184 5480 )‘idv'
1215 5405 1436 5476 Regius,
1473 5400 1700 5475 Ἰησοῦν.

317 5477 430 5547 (57)
459 5482 636 5536 Codex
665 5479 886 5550 Regius,
917 5478 966 5530 oi
1003 5477 1127 5530 υἱοί.

315 5551 428 5616 (58)
461 5552 638 5605 Codex
671 5546 890 5618 Re'gius,
924 5546 1312 5618 perperatntéy
1343 5547 1432 5616 τῇ.

315 5618 427 5686 (59)
454 5619 628 5686 Codex
661 5615 1009 5686 Bodleianus,
1029 5615 1499 5686 ἀποκριθήτωσαν.

314 5681 428 5754 (60)
457 5685 616 5740 Μετὰ
640 5687 747 5756 τὴν
767 5685 1076 5754 τελευτήν,
1118 5681 1227 5741 etc.
1265 5681 1541 5740 Secundus
1581 5681 1801 5747 nuptias

1917 4515 2072 4568 Ἔστι
2094 4514 2204 4585 γάρ
2235 4532 2320 4578 τις
2348 4517 2442 4569 καὶ
2468 4516 2696 4570 ἑκάστου
2728 4517 2882 4586 ἡμῶν
2910 4517 3001 4586 γῆ,
3039 4517 3133 4569 καὶ
3173 4518 3207 4586 ἡ
3243 4514 3347 4587 πρὸ
3379 4511 3465 4565 τοῦ

1913 4607 2056 4660 θείου
2082 4607 2462 4679 χρηματισμοῦ
2488 4608 2586 4661 οὐκ
2617 4607 2793 4679 ἀγαθὴ
2831 4609 3134 4677 συγγένεια,
3173 4611 3266 4662 καὶ
3303 4610 3332 4660 ό
3370 4603 3463 4676 πρὸ

1911 4697 2003 4750 τοῦ
2034 4698 2334 4765 φθάσαντος
2385 4700 2466 4762 εἰς
2503 4700 2648 4768 ἡμᾶς
2693 4699 2849 4767 λόγου
2887 4698 3022 4751 Θεοῦ
3063 4696 3206 4762 οἶκος
3239 4698 3348 4770 (6‘!)
3378 4695 3464 4751 τοῦ

1913 4791 2117 4860 πατρὸς
2163 4790 2340 4861 ήμῶν,
2377 4791 2444 4844 δι’
2483 4790 2519 4843 ἃ
2554 4807 2675 4843 τινα
2709 4788 2921 4843 ἅπαντα
2971 4791 3109 4846 κατὰ
3152 4791 3306 4858 λόγον
3339 4787 3460 4844 Θεοῦ

1912 4880 2090 4952 δεήσει
2115 4883 2258 4952 ἡμᾶς
2287 4880 2609 4947 ἐπεξελθεῖν,
2641 4881 2794 4952 εἴπερ
2815 4880 3080 4950 ἀκούομεν
3103 4882 3196 4934 τοῦ
3226 4882 3460 4955 Σωτῆρος

1913 4971 2181 5039 λέγοντοςο
2216 4973 2283 5025 El
2324 4971 2501 5025 τέκνα
2525 4971 2630 5025 τοῦ
2657 4970 2900 5040 Ἀϐραάμ
2922 4972 3080 5037 ἐστε,
3113 4973 3184 5026 τὰ
3200 4973 3341 5041 ἔργα
3365 4970 3460 5026 τοῦ

1914 5060 2158 5129 Ἀϐραὰμ
2187 5060 2422 5115 ποιεῖτε·
2445 5061 2585 5114 οὕτω
2603 5059 2711 5131 γὰρ
2733 5059 3030 5131 φθάσομεν,
3053 5060 3130 5124 ὡς
3152 5061 3458 5114 καταλιπόν-

2008 5211 2096 5261 xv,
2138 5194 2233 5260 l6;
2269 5193 2425 5250 Rom.
2462 5211 2535 5258 tv,
2580 5195 2641 5261 5;
2691 5194 2807 5249 Jac.
2848 5211 2908 5262 ιι,
2945 5195 3034 5251 25.
3107 5194 3154 5230 ⁸³
3182 5197 3314 5251 ibid.
3373 5195 3454 5248 20.

1916 5421 2019 5457 non
2045 5405 2266 5457 omnino
2293 5404 2550 5472 probasse
2585 5400 2868 5473 Origenem
2919 5401 3030 5471 jam
3086 5401 3364 5457 docuimus
3404 5398 3455 5453 in

1915 5473 2268 5557 Orligertia‘ui-s.
2291 5475 2549 5557 Haemus.

1982 5540 2099 5615 (Gl)
2129 5544 2308 5615 Codex
2346 5544 2685 5615 Bodleianus,
2722 5540 2866 5615 μόνιρ
2890 5559 2904 5572 ·
2936 5542 3158 5612 Regius,
3185 5541 3361 5612 μόνον.

1983 5546 2099 5675 (Gl)
2129 5546 2308 5599 Codex
2346 5546 2685 5609 Bodleianus,
2722 5546 2866 5614 μόνω
2890 5559 2904 5572 ·
2936 5546 2960 5596 l1

1983 5614 2073 5683 (se
2129 5614 2184 5671 In
2209 5616 2393 5670 codice
2421 5613 2586 5684 Regio
2615 5613 2767 5667 deest
2794 5593 2960 5674 οιθκης.
