3688 6146
259 390 363 447 593

1300 391 1652 447 COMMENT.
1698 392 1764 446 lN
1802 391 1991 449 JOAN.
2034 392 2270 451 TOMUS
2308 395 2426 452 XX.

3373 385 3476 458 sit

253 527 340 573 τες
389 509 488 580 τήν
539 510 814 581 ἡμετέραν
865 511 988 582 γῆν,
1043 511 1128 581 ἐφ’
1172 512 1240 584 ήν
1270 512 1429 578 δείξει
1473 515 1607 585 ἡμῖν
1647 513 1794 584 γῆνέ

1967 516 2054 582 tis,
2091 530 2246 584 Opera
2284 513 2507 568 Abralue
2547 514 2735 582 facite;
2772 515 2852 570 sic
2879 514 3021 570 enim
3068 515 3472 585 perveniemus,

251 603 378 666 Θεὸς
423 602 520 674 τὴν
569 601 784 672 άληθῶς
826 604 1054 675 ἀγαθὴν,
1111 605 1204 659 καί
1257 605 1424 670 ὅντως
1479 605 1697 678 πολλὴν,
1749 607 1815 679 ήν

251 695 356 751 ἀπὸ
397 694 601 767 Κυρίου
639 694 736 747 τοῦ
787 695 920 749 Θεοῦ
971 695 1171 768 πρέπει
1221 695 1456 750 δίδοσθαι
1502 699 1615 761 τοῖς
1653 700 1813 769 ποιή-

253 803 376 841 σασι
429 786 492 839 τὸ
532 785 1006 857 προστεταγμένον
1053 787 1111 839 ὲν
1155 784 1252 857 τῷ·
1301 786 1544 850 Ἔξελθε
1587 786 1656 840 ἐκ
1702 786 1814 855 τῆς

251 876 358 950 τῆς
417 890 569 932 σου·
633 878 729 930 καὶ
783 876 860 940 ὡς
929 877 1316 942 καταλιπόντες
1372 878 1691 948 συγγένειαν
1749 881 1810 932 οὐ

250 969 415 1041 καλὴν
478 969 561 1033 εἰς
616 968 767 1032 ἔθνος
831 968 1069 1040 ἐσόμεθα
1137 971 1300 1042 μέγα,
1369 971 1466 1024 καὶ
1534 968 1716 1041 μεῖζον
1776 969 1810 1041 ἦ

249 1061 386 1116 κατὰ
437 1060 774 1131 ἀνθρώπους·
833 1062 928 1116 καὶ
975 1061 1050 1126 ὡς
1101 1064 1611 1134 καταφρονήσαντες
1661 1061 1811 1115 οῐκου

249 1153 450 1225 πατρὸς
510 1153 610 1206 οὐκ
670 1151 972 1217 ἐπαινετοῦ,
1033 1152 1528 1225 εὐλογηθησόμεθα,
1578 1152 1812 1224 μεγαλυ-

248 1245 467 1315 νομένου
531 1242 624 1297 τοῦ
687 1244 946 1315 ὀνόματος
1013 1245 1199 1317 ήμῶν,
1255 1246 1528 1317 γινόμενοι
1584 1245 1811 1318 εὐλογη-

247 1337 327 1389 τοὶ
378 1335 470 1388 ἐπὶ
512 1335 784 1401 τοσοῦτον,
832 1337 908 1399 ὡς
955 1337 1080 1397 τοὺς
1121 1337 1220 1408 μὲν
1264 1336 1616 1407 εὐλογοῦντας
1663 1338 1810 1408 ἡμᾶς

247 1427 578 1496 εὐλογεῖσθαι
625 1428 732 1482 ὑπὸ
778 1427 874 1481 τοῦ
915 1428 1070 1492 Θεοῦ,
1114 1430 1241 1493 τοὺς
1288 1429 1346 1484 δὲ
1393 1431 1810 1502 καταρωμένους

247 1517 348 1572 ὑπὸ
384 1521 628 1591 κατάραν
653 1520 905 1584 ἔσεσθαι,
939 1521 1120 1575 πᾶσάν
1151 1538 1212 1574 τε
1245 1521 1349 1593 γῆς
1388 1522 1560 1593 φυλὴν
1588 1523 1646 1575 ὲν
1676 1523 1809 1593 ἡμῖν

245 1608 606 1677 εὐλογεῖσθαιυ
642 1611 730 1663 ὅτε
759 1611 853 1664 καὶ
882 1610 1010 1682 περὶ
1054 1610 1212 1682 ἡμῶν
1250 1613 1392 1665 εἴποι
1440 1611 1506 1666 ἂν
1537 1613 1567 1664 6
1615 1611 1802 1680 λόγος·

257 1701 604 1768 Ὲπορεύθη,
653 1703 730 1764 ὡς
769 1701 983 1774 εἴρηται
1026 1703 1154 1774 περ)⁴
1195 1702 1474 1774 Ἀϐραάμ·
1517 1701 1627 1757 Καὶ
1675 1702 1809 1756 ἐπο-

241 1792 416 1859 ρεύθη
458 1792 721 1861 Ἀϐραὰμ,
763 1791 1028 1861 καθάπερ
1059 1792 1361 1860 ἐλάλησεν
1387 1791 1546 1858 αὐτῷ
1572 1793 1802 1860 Κύριος.

1914 604 2039 675 quia
2075 605 2455 674 reliquerimus
2494 613 2692 659 terram
2730 613 2990 671 nostram,
3017 607 3083 659 ad
3118 620 3239 659 eam
3270 615 3472 660 terram

1916 712 2079 766 quam
2110 697 2270 752 nobis
2312 697 2560 751 ostendet
2599 696 2896 752 Dominus:
2927 711 3122 767 nempe
3160 699 3228 752 ad
3267 707 3471 754 terram

1913 804 2041 846 vere
2071 791 2264 845 bonam
2289 805 2524 860 vereque
2551 789 2774 844 multam
2803 828 2818 854 ,
2850 804 3010 859 quam
3041 805 3070 844 a
3099 789 3327 848 Domino
3363 791 3471 848 Deo

1914 880 2032 935 dari
2087 895 2187 952 par
2239 884 2322 936 est
2373 882 2456 937 his
2504 881 2593 951 qui
2647 880 2792 950 quod
2836 878 2992 948 jubet
3041 881 3096 936 in
3149 882 3245 938 illo
3289 884 3470 950 dicto,

1914 972 2176 1043 Egredere
2211 974 2275 1028 de
2312 983 2451 1028 terra
2474 984 2586 1037 tua,
2628 975 2956 1043 peregerint.
2973 967 3116 1036 Quin
3133 969 3301 1028 etiam
3345 989 3472 1030 tan-

1911 1078 2076 1133 quam
2111 1064 2201 1134 qui
2236 1065 2612 1135 reliquerimus
2667 1066 3047 1134 cognationem
3079 1079 3184 1118 non
3233 1065 3467 1132 bonam,

1911 1154 2117 1209 erimus
2167 1153 2466 1225 ingentem
2521 1168 2771 1224 magnam
2824 1154 2893 1221 ⁴⁵,
2935 1167 3164 1225 eamque
3207 1153 3470 1223 majorem

1911 1259 2072 1314 quam
2116 1245 2443 1300 hominum:
2477 1253 2849 1315 tanquamque
2912 1245 3005 1314 qui
3061 1245 3470 1314 despexerimus

1911 1337 2129 1391 domum
2188 1337 2358 1406 patris
2407 1336 2806 1402 illaudabilem,
2857 1336 3261 1398 benedicemur,
3307 1334 3472 1406 319

1909 1427 2257 1499 magniﬁcam
2344 1430 2560 1484 nomine
2618 1436 2836 1494 nostro,
2888 1437 2943 1484 et
2986 1430 3053 1484 ad
3111 1435 3312 1482 tantam
3374 1430 3470 1482 be-

1909 1519 2272 1574 nedictionem
2305 1520 2707 1587 pervenientes,
2745 1528 2805 1573 ut
2835 1519 2918 1574 vel
2945 1518 3101 1574 nobis
3127 1532 3344 1588 quoque
3374 1519 3470 1574 be-

1908 1607 2226 1663 nedicentes
2255 1621 2284 1661 a
2319 1609 2544 1663 Domino
2572 1609 2984 1675 benedicantur,
3011 1609 3270 1679 nobisque
3297 1605 3468 1663 male-

1907 1698 2176 1766 dicentes,
2206 1700 2344 1756 diris
2375 1702 2761 1767 devoveantur,
2793 1711 2956 1771 atque
2973 1699 3134 1756 etiam
3159 1715 3348 1758 omnes
3383 1699 3466 1755 fa-

1909 1789 2069 1844 miliae
2102 1800 2262 1846 terrae
2305 1790 2360 1845 in
2396 1791 2550 1847 nobis
2583 1792 2975 1847 benedicantur
3003 1811 3016 1846 :
3049 1792 3264 1863 quando
3301 1792 3468 1848 etiam

242 1877 404 1952 Οἶμαι
447 1882 528 1946 δὲ,
569 1883 650 1936 ὅτι
679 1886 738 1937 ἐν
767 1887 887 1949 ταῖς
921 1886 1136 1956 ἀρχαῖς,
1165 1886 1259 1938 καὶ
1288 1884 1382 1938 ἐπὶ
1414 1883 1580 1937 ποσὸν
1618 1883 1648 1936 6
1680 1881 1794 1938 Λὼτ

1965 1896 1974 1934 2
2009 1882 2168 1937 nobis
2203 1897 2388 1938 sermo
2435 1883 2525 1938 ille
2557 1884 2766 1939 dicetur
2797 1902 2812 1939 :
2840 1884 3098 1956 Egressus
3144 1895 3253 1949 est,
3285 1895 3346 1941 ut
3381 1884 3466 1940 di-

242 1972 425 2041 ἕψεται
467 1975 619 2045 ήμῖν,
657 1968 718 2028 οὗ
750 1972 1015 2045 σύμϐολον
1055 1971 1123 2046 ἦν
1149 1974 1242 2028 τό·
1289 1974 1400 2028 Καὶ
1445 1974 1630 2044 ᾤχετο
1674 1974 1802 2044 μετ’

239 2063 421 2118 αὐτοῦ
451 2065 603 2130 Λὼτ,
635 2066 729 2119 καὶ
769 2067 1152 2131 ἐπανελθόντες
1191 2068 1271 2131 είς
1301 2066 1406 2136 γῆν
1437 2065 1658 2120 Χαναὰν
1695 2066 1802 2120 διο-

238 2156 500 2228 δεύσομεν
540 2158 636 2230 τὴν
682 2160 787 2230 γῆν
818 2159 922 2224 ἕως
953 2160 1048 2214 τοῦ
1089 2160 1257 2213 τόπου
1287 2159 1504 2230 Συχὲμ,
1553 2158 1696 2213 οῦτω
1734 2161 1801 2231 τῇ

238 2247 499 2303 ἀναϐάσει
527 2249 626 2320 τῆς
672 2250 910 2314 διανοίας
952 2250 1370 2322 προκόπτοντες,
1417 2251 1522 2315 ἕως
1563 2250 1803 2322 ἔλθωμεν

237 2337 327 2393 ἐπὶ
359 2339 462 2412 τὴν
492 2339 622 2412 δρῦν
649 2342 748 2414 τὴν
777 2341 1006 2414 ὑψηλὴν,
1052 2342 1146 2396 καὶ
1183 2343 1480 2411 ὀφθήσεται
1510 2344 1644 2414 ἡμῖν
1687 2343 1803 2396 Κύ-

241 2449 350 2502 ριος
371 2432 400 2484 ό
425 2432 581 2497 Θεὸς,
607 2434 636 2486 6
662 2434 848 2503 ὀφθεὶς
879 2434 959 2506 τῷ
993 2433 1263 2506 Ἀϐραὰμ,
1295 2434 1390 2487 καὶ
1417 2433 1804 2503 ὲπαγγελεῖται

236 2525 362 2595 περὶ
395 2525 499 2596 τὴν
539 2525 750 2597 ὑψηλὴν
789 2525 940 2598 δρῦν,
989 2526 1094 2597 γῆν
1125 2526 1305 2580 δοῦναι
1355 2525 1434 2597 τῷ
1482 2525 1656 2598 νοητῷ
1701 2527 1804 2597 τῆς

233 2613 405 2688 ψυχῆς
452 2618 614 2688 ήμῶν
665 2617 959 2690 σπέρματι.
1000 2618 1104 2672 Τοῦ
1134 2619 1192 2674 δὲ
1217 2619 1509 2691 νοήσαντός
1537 2621 1653 2674 ἐστι
1703 2620 1798 2674 τόο

238 2710 422 2779 Ἔργα
478 2710 586 2765 τοῦ
633 2711 877 2781 Ἀϐραὰμ
922 2710 1160 2775 ποιεῖτε,
1197 2711 1294 2764 καὶ
1339 2711 1402 2764 τὸ
1452 2710 1802 2782 οἰκοδομῆσαι

233 2799 618 2875 θυσιαστήριον
666 2803 887 2874 Κυρίῳ,
934 2802 1010 2874 τῷ
1041 2803 1237 2873 ὃπουή
1287 2801 1464 2874 ὑψηλὴ
1512 2803 1645 2875 δρῦς
1689 2805 1805 2856 ὲπι-

237 2895 546 2967 φαινομένῳ
576 2895 670 2948 καὶ
695 2897 847 2966 ἡμῖν,
879 2895 970 2948 καὶ
1007 2894 1145 2966 μετὰ
1166 2894 1336 2948 ταῦτα
1361 2895 1661 2966 ἀποστῆναι
1693 2894 1802 2948 ἀπὸ

234 2983 325 3037 τοῦ
371 2985 542 3038 τόπου
594 2985 693 3056 τῆς
737 2985 946 3057 ὑψηλῆς
997 2985 1156 3057 δρυὸς
1187 2985 1262 3048 ὡς
1297 2985 1390 3039 ἐπὶ
1435 2985 1495 3038 τὸ
1528 2985 1672 3057 ὄρος,
1709 2987 1802 3040 καὶ

233 3075 324 3128 τοῦ
356 3077 518 3148 ὅρους
549 3077 689 3130 κατὰ
731 3075 830 3139 τὰς
882 3076 1145 3140 ἀνατολὰς
1175 3075 1275 3148 τῆς
1316 3077 1519 3149 Βαιθὴλ
1549 3077 1597 3149 (ὃ
1632 3078 1802 3150 ἑρμη-

236 3167 443 3222 νεύεται
491 3164 660 3234 οἶκος
691 3169 895 3236 Θεοῦ),
927 3168 1054 3223 ἔνθα
1081 3170 1267 3241 στήσει
1298 3169 1490 3223 ἑαυτοῦ
1534 3169 1630 3242 τὴν
1663 3187 1799 3241 σκη-

1906 1981 2053 2027 ctum
2101 1984 2185 2029 est
2212 1976 2280 2031 de
2299 1975 2574 2030 Abraham
2596 1975 2680 2031 “:
2715 1976 2784 2030 Et
2806 1992 3044 2046 egressus
3067 1984 3145 2032 est
3177 1977 3465 2042 Abraham,

1903 2063 2344 2133 quemadmodum
2368 2065 2574 2119 locutus
2614 2065 2663 2118 si
2702 2065 2872 2135 fuerat
2905 2066 3179 2122 Dominus.
3203 2067 3467 2124 Existimo

1904 2165 2085 2210 autem
2117 2155 2360 2211 futurum
2407 2167 2466 2212 ut
2509 2158 2561 2212 in
2613 2158 2896 2228 principio,
2922 2167 2978 2214 et
3018 2159 3331 2229 aliquandiu
3364 2159 3468 2216 Lot

1905 2263 2004 2303 nos
2050 2260 2334 2317 sequatur,
2361 2248 2514 2318 cujus
2561 2260 2686 2305 nota
2727 2249 2858 2305 illud
2907 2250 3007 2306 fuit
3035 2268 3050 2305 :
3083 2249 3150 2304 Et
3179 2251 3466 2306 ambulavit

1903 2355 2022 2392 cum
2043 2355 2105 2394 eo
2129 2339 2227 2393 Lat
2250 2340 2317 2406 ⁸⁷,
2346 2351 2402 2396 et
2425 2343 2714 2397 redeuntes
2741 2342 2794 2397 in
2817 2341 3075 2397 Chanaan
3105 2344 3464 2412 pertransibi-

1905 2447 2027 2485 mus
2054 2431 2350 2502 regionem,
2377 2447 2548 2502 usque
2578 2433 2648 2488 ad
2672 2433 2849 2488 locum
2877 2434 3128 2500 Sicltem;
3161 2435 3242 2491 sic
3265 2449 3462 2490 ascen-

1903 2522 2057 2578 sione
2083 2523 2427 2593 cogitationis
2467 2524 2838 2594 prolicientes,
2884 2527 3058 2580 donec
3089 2527 3465 2594 perveniamus

1905 2611 1972 2666 ad
2002 2626 2262 2682 quercum
2296 2612 2484 2666 altam.
2521 2613 2801 2669 Videbitur
2823 2614 2988 2668 etiam
3019 2614 3174 2670 nobis
3205 2614 3466 2672 Dominus

1905 2700 2066 2766 Deus,
2119 2702 2212 2771 qui
2255 2702 2404 2757 visus
2439 2711 2526 2757 est
2571 2701 2826 2769 Abrahm,
2883 2718 2948 2758 ac
3005 2703 3286 2772 promittet
3317 2707 3462 2760 circa

1901 2807 2160 2861 quercum
2213 2791 2377 2847 altam
2433 2793 2629 2848 semini
2676 2793 2995 2864 intelligibili
3037 2795 3230 2849 anima:
3269 2803 3465 2851 nostra:

1902 2883 2034 2938 dare
2062 2891 2285 2938 terram.
2317 2884 2488 2940 Porro
2519 2887 2586 2940 ad
2623 2901 2747 2942 eum
2800 2887 2890 2956 qui
2927 2887 3042 2942 haec
3073 2887 3235 2942 verba
3278 2888 3465 2942 cousi-

1902 2974 2175 3030 deraverit
2203 2991 2218 3031 :
2257 2973 2430 3043 Opera
2460 2977 2683 3031 Abrahce
2715 2977 2871 3046 facile
2891 2977 2957 3045 ⁸³,
2989 2977 3224 3049 pertinet
3245 2992 3464 3048 quoque

1901 3077 2052 3117 aram
2102 3064 2375 3120 aediﬁcare
2422 3066 2650 3121 Domino
2672 3067 2753 3135 ‘9;
2806 3067 3055 3135 Domino,
3096 3069 3338 3140 inquam,
3369 3069 3460 3139 qui

1902 3155 2058 3209 nobis
2084 3170 2298 3224 quoque
2325 3167 2570 3226 apparet,
2587 3159 2675 3213 ubi
2698 3170 2788 3214 est
2805 3175 3042 3229 quercus
3073 3160 3219 3228 alta;
3247 3169 3462 3231 postea-

234 3259 348 3328 νὴν,
371 3261 471 3331 τῆς
511 3260 612 3331 μὲν
634 3231 863 3331 -Βαιθὴλ
882 3231 960 3323 ὧς
983 3261 1075 3313 ἐπὶ
1113 3231 1256 3313 κατὰ
1297 3231 1600 3324 θάλασσαν,
1615 3259 1716 3330 τῆς
1742 3231 1794 3314 δὲ

1965 3261 2008 3300 ie
2052 3247 2316 3312 recedere,
2344 3263 2373 3301 a
2419 3249 2540 3304 loco
2570 3248 2693 3304 altae
2741 3265 2997 3320 quercus,
3023 3251 3178 3322 quasi
3209 3253 3276 3306 ad
3309 3267 3461 3307 mon-

247 3351 432 3419 ’Δγγαὶ
473 3349 588 3422 (65)
615 3349 691 3414 ὡς
732 3350 826 3404 ἐπὶ
852 3353 972 3404 κατ’
1002 3350 1275 3420 άνατολὰςξ
1315 3351 1693 3423 (ἑρμηνεύεται
1743 3351 1802 3405 δὲ

247 3441 437 3511 Ἀγγαὶ
478 3439 736 3510 ἑορταὶ),
777 3442 870 3495 καὶ
899 3442 974 3506 ὡς
1017 3442 1336 3514 προκόπτων
1379 3460 1443 3513 γε
1489 3445 1517 3496 6
1564 3444 1800 3509 τοιοῦτος

235 3531 372 3600 μετὰ
411 3531 586 3586 ταῦτα
615 3530 864 3604 δεύτερον
905 3533 1245 3605 οἰκοδομήσει
1285 3533 1364 3605 τῷ
1395 3534 1584 3606 Κυρίῳ
1615 3533 1801 3588 θυσια-

235 3623 480 3694 στήριον·
531 3623 633 3694 ῆδη
682 3623 778 3677 καὶ
839 3624 1210 3679 ἐπικαλεῖσθαι
1246 3625 1538 3697 δυνάμενος
1586 3625 1680 3678 ἐπὶ
1724 3623 1800 3696 τῷ

229 3715 451 3787 ὀνόματι
481 3717 584 3770 τοῦ
627 3717 853 3790 Κυρίου,
890 3719 985 3772 κα).
1021 3717 1149 3789 ἑξῆς
1175 3718 1424 3791 ἀπαίρων
1457 3718 1731 3780 κάκεῖθεν,
1771 3721 1801 3772 6

231 3807 483 3878 ἐσόμενος
513 3807 701 3863 τέκνον
738 3808 829 3862 τοῦ
867 3809 1132 3882 Ἀϐραὰμ,
1166 3811 1453 3882 γενόμενός
1489 3827 1606 3874 πως
1636 3827 1800 3882 στρα-

229 3895 623 3970 τηγικώτερος,
655 3899 750 3950 καὶ
789 3900 991 3963 συνιεὶς
1022 3899 1158 3972 πρὸς
1188 3901 1344 3964 ὅσους
1385 3899 1675 3971 πολεμίους
1703 3901 1800 3955 αῦ-

228 3989 318 4043 τδν
363 3991 894 4063 παρασκευάσασθαι
956 3993 1068 4058 δεῖ,
1119 3993 1564 4065 στρατοπεδεύσει
1617 3995 1676 4048 ὲν
1729 3995 1796 4066 τῇ

229 4083 443 4155 ἐρήμῳο
490 4082 633 4154 μετὰ
662 4083 833 4136 ταῦτα
865 4087 1060 4155 πεῖραν
1103 4085 1262 4157 λιμοῦ
1308 4085 1533 4156 λήψεται
1580 4082 1673 4139 τοῦ
1707 4085 1798 4138 ἐπὶ

226 4176 324 4245 τῆς
374 4175 504 4247 γῆς,
549 4176 643 4229 καὶ
694 4177 774 4240 εἰς
823 4176 923 4248 τὴν
971 4177 1239 4246 Αἴγυπτον
1295 4177 1664 4248 καταϐήσεται
1702 4174 1798 4230 τοῦ

226 4269 566 4340 παροικῆσαι
597 4265 706 4336 (64)
754 4269 887 4331 ἐκεῖ,
931 4267 1016 4321 ἵνα
1061 4268 1133 4340 μὴ
1168 4269 1262 4322 καὶ
1300 4266 1462 4322 αὑτοῦ
1495 4267 1798 4341 κατισχύσῃ

229 4361 255 4412 6
283 4358 442 4430 λιμὸς
466 4362 496 4413 6
526 4359 811 4430 ἐνισχῦσας
847 4361 940 4414 ἐπὶ
977 4361 1075 4432 τῆς
1120 4361 1254 4432 γῆς’
1287 4363 1382 4416 καὶ
1429 4361 1798 4433 καταϐήσεται

228 4449 306 4512 είς
343 4449 624 4518 Αἴγυπτον
665 4448 802 4519 μετὰ
841 4450 941 4520 τῆς
986 4449 1341 4521 εὐπροσώπου
1373 4450 1564 4504 ἑαυτοῦ
1605 4467 1796 4519 γυναι-

1903 3347 2034 3403 tem,
2057 3349 2114 3392 et
2143 3354 2172 3392 a
2205 3332 2388 3395 nionte
2413 3339 2480 3394 ad
2506 3341 2772 3396 orientem
2803 3341 2988 3397 Bethel
3014 3343 3185 3413 (quod
3210 3343 3255 3398 si
3288 3343 3460 3399 inter-

1900 3428 2152 3496 preteris,
2173 3434 2462 3484 estdomus
2497 3431 2636 3502 Dei),
2669 3433 2760 3487 ubi
2792 3433 2921 3502 liget
2945 3436 3237 3489 tentorium
3267 3450 3456 3501 suum;

1899 3516 2091 3576 Bethel
2131 3523 2346 3590 quidem
2376 3533 2626 3592 tauquam
2657 3525 2722 3578 ad
2753 3538 2924 3591 mare,
2960 3528 3128 3594 Anga‘.
3169 3540 3298 3582 vero
3337 3536 3458 3582 tan-

1899 3625 2062 3681 quam
2097 3615 2165 3668 ad
2187 3614 2452 3670 orientem
2480 3614 2548 3686 (si
2580 3617 2953 3684 interpreteris
2973 3619 3116 3672 enim
3147 3618 3332 3686 Angae,
3362 3633 3455 3674 so-

1902 3715 1995 3761 nat
2037 3703 2386 3774 luturum“),
2429 3717 2593 3775 atque
2640 3707 2688 3763 is
2735 3705 2977 3776 profecto
3020 3722 3119 3764 ceu
3170 3709 3456 3780 proﬁciens

1899 3807 2019 3869 post
2065 3800 2182 3856 haec
2239 3815 2454 3863 rursum
2508 3801 2734 3858 Domino
2782 3802 3071 3859 adiﬁcabit
3105 3817 3298 3870 aram;
3342 3804 3455 3875 jam

1899 3894 2061 3954 etiam
2095 3894 2352 3950 invocare
2381 3893 2570 3949 valens
2601 3897 2654 3948 in
2683 3895 2899 3950 nomine
2932 3895 3162 3962 Domini,
3189 3912 3285 3966 per
3307 3899 3458 3953 ordi-

1899 4001 2132 4057 nemque
2161 3988 2287 4042 inde
2310 3987 2544 4054 solvens,
2571 3988 2662 4058 qui
2695 3987 2908 4044 futurus
2927 3999 3012 4045 est
3036 3990 3180 4047 [ilius
3202 3992 3452 4060 Abrahae,

1898 4074 2078 4132 iactus
2113 4077 2297 4147 aliquo
2344 4078 2505 4133 modo
2533 4079 2767 4135 ducendi
2799 4081 3072 4136 exercitus
3095 4082 3344 4151 peritior,
3373 4083 3461 4138 in-

1900 4167 2256 4238 telligensque
2279 4169 2344 4222 ad
2378 4178 2513 4240 quot
2538 4171 2674 4226 bella
2698 4171 2936 4241 seipsum
2960 4187 3267 4244 praeparare
3291 4189 3458 4245 opor-

1903 4271 2036 4330 teat,
2086 4267 2566 4322 castrametabitur
2610 4268 2662 4322 in
2725 4267 3054 4335 solitudine;
3100 4279 3286 4339 postea
3334 4285 3458 4324 cum

1898 4354 2096 4410 famem
2125 4367 2300 4411 ortam
2331 4358 2385 4412 in
2415 4369 2562 4414 terra
2589 4359 2807 4429 sentiet,
2827 4361 2884 4415 in
2916 4359 3208 4432 Egyptum
3235 4361 3460 4417 descen-

1899 4447 2012 4514 det,
2041 4446 2155 4504 illic
2182 4449 2546 4532 habitaturus,
2566 4466 2635 4507 ne
2667 4453 2953 4508 adversum
2976 4467 3190 4523 quoque
3225 4467 3284 4508 se
3315 4467 3457 4522 pra-.—

229 4538 344 4604 κδς,
384 4539 662 4610 συνθήκας
688 4539 838 4603 τινὰς
861 4539 1139 4611 τιθέμενος
1182 4539 1289 4611 (65)
1322 4541 1460 4612 πρὸς
1490 4539 1678 4610 αὐτὴν,
1710 4541 1794 4595 ἵνα

1965 4539 2078 4594 χιωι
2125 4540 2317 4607 fames,
2341 4559 2462 4612 quae
2489 4558 2651 4614 super
2698 4553 2897 4600 terram
2945 4543 3320 4613 praevaluerit;
3358 4544 3457 4597 de-

227 4631 401 4704 ἑαυτῷ
431 4632 545 4703 (66)
582 4632 648 4684 δι’
681 4632 848 4704 αὐτὴν
886 4634 937 4686 οἱ
979 4631 1264 4701 Αἰγύπτιοι
1292 4633 1512 4706 ἡμέρως
1553 4634 1794 4706 χρήσων-

1965 4635 2231 4703 endetque
2261 4634 2312 4688 in
2359 4634 2648 4705 Aigyptum
2683 4650 2805 4691 cum
2839 4635 3064 4708 conjuge
3102 4651 3197 4690 sua
3225 4637 3458 4706 eleganti

223 4739 330 4787 ται,
365 4726 464 4778 καὶ
502 4725 766 4793 γένωνται
804 4726 862 4778 ὲν
893 4724 1154 4796 Αἰγύπτῳ
1197 4724 1346 4795 αὐτῷ
1397 4724 1669 4796 πρόϐατα,
1703 4725 1798 4778 κα)⁸

205 4813 449 4885 μόσχοι,
479 4816 578 4868 καὶ
618 4814 759 4880 livor,
799 4814 896 4870 καὶ
947 4816 1172 4882 παῖδες,
1213 4815 1308 4870 καὶ
1348 4815 1662 4880 παιδίσκαι,
1699 4817 1797 4870 καὶ

225 4907 458 4977 ἡμίονοι,
486 4906 587 4962 καὶ
617 4906 874 4980 κάμηλοι,
915 4909 1044 4980 περ).
1087 4899 1164 4963 ὧν
1206 4907 1438 4963 ἑκάστου
1482 4906 1595 4979 (67)
1629 4906 1794 4978 σοφοῦ

290 5046 340 5078 ⁸⁸
379 5047 525 5102 Gen.
567 5047 726 5115 111,2,
756 5049 811 5104 5.
885 5045 1091 5102 “ibid.
1121 5049 1177 5103 4.
1250 5046 1294 5080 ⁸⁷
1325 5045 1456 5101 ibid.
1483 5046 1518 5100 4
1545 5061 1664 5116 seq.

292 5164 406 5238 (6⁸5)
438 5166 672 5238 Ἄτται,
721 5175 841 5238 etc.
886 5167 942 5222 In
991 5167 1180 5238 codice
1229 5168 1395 5238 Regio
1462 5167 1555 5238 bis,
1598 5165 1794 5236 legitur

233 5234 512 5307 ξΔγγάει.’
548 5234 603 5290 lu
655 5237 931 5293 codicibus
975 5237 1187 5291 τῶνα
1234 5234 1429 5307 legitur
1491 5234 1785 5306 aliquando

236 5305 419 5377 ῘΔγγεί
451 5320 551 5361 seu
588 5307 798 5377 Ἀγγαί,
823 5305 1484 5377 quemadmodum—exstat
1524 5305 1794 5363 in’codice

225 5373 543 5447 Dotlleiano,
575 5373 671 5432 seu
697 5373 900 5446 ”Αγγέ,
934 5387 992 5432 ut
1015 5376 1213 5433 Genes.
1254 5393 1354 5443 xu,
1385 5379 1441 5442 8,
1503 5379 1792 5447 aliquando

225 5443 344 5517 Γαί,
368 5455 434 5517 ιιι
461 5445 772 5513 1υ8.ξνιι,2,
791 5443 845 5502 et
871 5463 1010 5517 saepe
1034 5449 1136 5500 hoc
1173 5447 1339 5510 libro;
1366 5443 1649 5517 aliquando
1665 5447 1791 5514 Αἰά,

227 5523 282 5587 ut
311 5515 330 5569 l
363 5516 524 5570 Esdr.
559 5532 620 5584 ιι,
645 5519 750 5582 28;
794 5515 1084 5587 aliquando
1133 5517 1234 5580 Αἵ,
1287 5529 1343 5572 ut
1385 5517 1426 5570 ιι
1456 5515 1633 5587 Esdr.
1693 5531 1789 5582 vn,

1907 4722 2098 4791 forma,
2125 4725 2293 4794 pactis
2321 4726 2639 4795 quibusdam
2671 4741 2792 4782 cum
2836 4727 2951 4797 ipsa
2999 4728 3325 4796 constitutis,
3349 4741 3461 4801 quo

1903 4829 1963 4869 se
1992 4826 2273 4871 mansuete
2302 4815 2545 4887 Egyptii
2591 4817 2736 4874 illius
2773 4833 2941 4874 causa
2969 4829 3214 4887 utantur,
3239 4820 3458 4890 sintque

1903 4907 1976 4962 illi
2003 4908 2057 4962 in
2099 4905 2336 4980 Egypto
2368 4923 2520 4973 oves,
2553 4919 2610 4965 et
2644 4909 2818 4978 vituli,
2845 4921 2901 4967 et
2931 4911 3092 4981 asini,
3133 4922 3190 4969 et
3215 4913 3377 4981 servi,
3405 4923 3460 4971 et

1739 5045 1787 5080 “
1808 5057 1967 5103 δοίη.
1995 5057 2109 5109 vni,
2131 5043 2222 5101 59.
2295 5043 2342 5076 δ’
2369 5043 2507 5100 Gen.
2540 5059 2638 5112 xu,
2660 5043 2692 5099 7
2723 5059 2836 5114 seq.

1898 5167 1990 5222 bet
2022 5165 2220 5229 Haina,
2250 5176 2305 5221 et
2341 5167 2594 5236 Arabium,
2628 5181 2748 5234 quae
2771 5166 2923 5236 Δίαν.
2957 5164 3217 5223 Ηυετιυε.

1967 5239 2080 5306 (64)
2116 5237 2224 5291 Τοῦ
2248 5235 2622 5304 παροικῆσαι.
2653 5237 2742 5290 Sic
2797 5234 2959 5290 habet
2992 5242 3162 5292 codex
3208 5234 3456 5293 Bodleia-

1897 5323 2033 5377 nus;
2069 5310 2117 5362 in
2159 5308 2328 5377 llegio
2351 5310 2503 5361 deest
2536 5306 2650 5361 τοῦ.

1893 5374 2280 5500 θέἃίξῗὲςϐοάεὶ
2313 5377 2632 5432 Bodleianus
2667 5392 2764 5446 pro
2792 5374 3070 5448 τιθέμενος
3122 5377 3287 5433 habet
3341 5393 3460 5433 συν.

1927 5464 2137 5518 εμενος.

1966 5514 2078 5584 (66)
2111 5519 2235 5572 Ἵνα
2261 5514 2474 5582 ἐαυτῷ,
2509 5525 2617 5574 etc.
2653 5515 2743 5570 Sic
2772 5516 2932 5570 habet
2977 5517 3147 5571 codex
3219 5516 3464 5572 Bodleia-

225 5583 314 5659 ᾆῖ,
343 5598 399 5639 et
439 5587 728 5654 aliquando
754 5583 968 5659 Γαί,ἰιι
1002 5585 1202 5641 Jeretu.
1227 5603 1376 5651 mx,
1408 5588 1463 5641 5.
1497 5585 1552 5639 Id
1580 5588 1788 5659 derivat

1967 5606 2025 5652 s;
2055 5587 2256 5658 Regius
2285 5602 2414 5659 vero
2435 5627 2451 5651 ,
2480 5602 2797 5656 perperam,
2829 5586 2914 5640 ἴνα
2964 5587 3142 5659 ἑαυτῷ
3172 5587 3239 5642 δι’
3289 5588 3463 5659 αὐτὴν

226 5653 493 5736 prigenes
525 5653 559 5736 εξ
591 5667 704 5723 an,
735 5658 954 5726 [erutus
986 5667 1090 5736 est,
1122 5659 1265 5726 quod
1285 5675 1414 5736 Anon
1450 5660 1654 5736 patitur
1684 5657 1788 5736 He-_-

231 5725 410 5794 braica
447 5725 867 5794 scripturamn,
913 5727 998 5781 cui
1056 5728 1400 5781 consentiunt
1453 5725 1690 5784 Onkelos
1732 5734 1790 5781 et

227 5789 528 5868 Jonathan,
565 5789 923 5868 Tavrasi'nsfet
951 5796 1120 5868 Syrus
1155 5799 1438 5864 interpres,
1471 5798 1640 5850 codex
1683 5795 1785 5849 Sa-

229 5865 536 5920 maritanus
569 5873 622 5921 et
654 5865 1042 5923 Samaritaruiu
1092 5868 1501 5940 interpretatio,
1524 5881 1646 5937 qua:
1692 5868 1788 5921 ba-

1891 5659 1940 5710 οἰ
1966 5659 2248 5726 Αἰγύπτιοι
2279 5658 2590 5729 χρήσονται.

1964 5730 2072 5799 (67)
2100 5726 2660 5794 ΟοᾱειιίΒυιιιθὶαιιυε,
2689 5726 2918 5781 ἑκάστου
2941 5745 2954 5758 ·
3003 5727 3224 5799 Regius,
3262 5726 3456 5784 ἐκατέ-

1895 5815 2022 5870 ρων.
