3688 6146
215 358 319 413 595

1696 357 2014 415 ORIGENIS

3357 366 3458 419 596

214 474 452 540 ancillae,
483 484 540 530 et
579 476 730 542 muli,
757 485 811 530 et
841 476 1057 543 cameli,
1087 477 1153 531 de
1180 477 1377 546 quibus
1410 477 1653 546 singulis,
1682 477 1723 529 al

1921 492 2061 537 ινος,
2110 475 2204 528 καὶ
2247 475 2336 526 ὲπὶ
2382 472 2450 526 τὰ
2499 473 2634 545 βάθη
2677 475 2775 544 τῆς
2808 476 3028 546 Γραφῆς
3078 477 3458 546 ἐπισταμένως

210 569 372 638 cujus
394 569 676 637 sapientis,
703 580 757 624 et
779 570 870 638 qui
899 570 1164 639 profunda
1189 571 1482 640 Scriptura:
1506 571 1664 625 docte
1692 585 1784 639 pe—

210 668 430 714 netrare
468 661 666 730 possit,
699 661 933 716 ofﬁcium
959 663 1064 717 erit
1099 663 1283 718 dicere
1315 680 1329 716 :
1363 674 1417 718 et
1444 663 1606 733 320
1636 672 1784 717 certe

208 756 516 822 generatim
550 770 768 810 omnem
812 757 1047 811 Abrahae
1091 757 1373 810 historiam
1418 757 1780 824 explorantes,

208 853 263 896 et
301 862 641 917 quaecunque
676 850 742 903 de
776 850 892 918 ipso
938 860 1064 904 sunt
1094 852 1316 918 scripta,
1354 865 1473 920 quae
1504 865 1668 903 unum
1700 849 1782 902 di-

211 948 388 1002 cunt,
439 948 494 992 et
541 941 685 995 aliud
741 941 1011 1005 iunuunt,
1064 941 1377 1010 spirituales
1430 940 1783 1009 spiritualiter

209 1028 394 1082 omnia
441 1029 626 1084 facere
673 1031 1016 1087 conabimur.
1042 1030 1176 1086 Vide
1205 1046 1338 1086 vero
1359 1047 1427 1086 an
1455 1046 1559 1086 non
1595 1041 1782 1100 aperte

209 1135 276 1176 es
302 1121 388 1176 his
417 1137 537 1191 qua:
564 1124 614 1177 in
638 1124 742 1178 hoc
773 1125 892 1179 loco
914 1125 1306 1194 indagavimus,
1329 1132 1542 1179 constet
1571 1125 1782 1193 sapien-

209 1215 283 1268 tis
329 1215 610 1284 cujusdam
664 1231 810 1279 esse,
856 1225 910 1270 et
963 1218 1108 1272 omni
1157 1217 1359 1271 virtute
1413 1217 1614 1280 ornati,
1661 1215 1778 1269 ﬁeri

207 1307 443 1362 Ahralue
488 1309 651 1363 ﬁlius.
695 1310 834 1377 Quid
874 1311 1017 1364 enim
1059 1325 1196 1381 opus
1234 1320 1316 1366 est
1360 1311 1540 1365 dicere
1577 1319 1776 1379 quanta
1859 1369 1861 1372 ,

205 1415 343 1468 opus
370 1400 442 1454 sit
474 1401 764 1470 sapientia,
815 1413 871 1458 ut
896 1403 1126 1458 Abrahae
1151 1417 1316 1472 opera
1348 1403 1775 1468 consideremus,

205 1503 522 1564 quantaque
566 1509 702 1562 opus
741 1496 814 1550 sit
862 1498 1124 1564 potentia,
1158 1507 1218 1551 ut
1244 1512 1306 1552 ea
1334 1495 1640 1552 faciamus?
1670 1497 1775 1552 Sed

204 1583 350 1650 quali
376 1585 644 1654 sapientia
678 1585 932 1656 qualique
952 1586 1196 1656 potentia
1220 1601 1462 1657 egemus,
1488 1587 1592 1640 nisi
1621 1585 1777 1641 Chri-

203 1674 295 1736 sti,
325 1675 418 1743 qui
463 1685 548 1729 est
594 1677 684 1730 Dei
737 1678 980 1747 potentia
1013 1686 1067 1732 et
1095 1677 1187 1733 Dei
1229 1677 1498 1748 sapientia
1525 1677 1611 1732 l‘°?
1641 1677 1774 1732 Cum
1847 1725 1850 1728 _

202 1777 334 1834 ergo
365 1767 626 1834 scriptum
655 1769 761 1822 sit:
792 1768 853 1824 Si
877 1768 978 1836 ﬁlii
1009 1770 1233 1824 Abrahte
1255 1770 1575 1838 estis,0pera
1602 1769 1774 1823 Abra-

1890 567 2108 636 φθάνειν
2155 566 2454 635 δυναμένου
2500 566 2659 636 ἔργον
2688 566 2754 620 ἂν
2793 567 2878 638 εἴη
2921 567 3128 636 λέγειν·
3166 568 3261 621 καὶ
3288 569 3457 633 ἀπαξ-

1885 659 2072 722 απλῶς
2116 677 2179 728 γε
2242 661 2422 712 πᾶσαν
2464 657 2561 728 τὴν
2608 658 2749 711 κατὰ
2798 659 2888 712 τὸν
2929 659 3177 730 Ἀϐραὰμ
3219 660 3458 732 ἱστορίαν

1886 752 2295 822 βασανίζοντες,
2341 751 2437 806 καὶ
2477 751 2572 804 ὃλα
2607 752 2678 806 τά
2711 752 2840 823 περὶ
2884 751 3046 806 αὐτοῦ
3091 752 3457 824 γεγραμμένα

1884 846 2040 900 ἅτινά
2069 848 2213 899 ἐστιν
2243 844 2704 916 ἀλληγορούμενα,
2732 845 2807 909 ὡς
2831 842 3192 915 πνευματικοὶ
3213 862 3459 916 πνευμα-

1881 937 2049 1000 τικῶς
2102 939 2274 991 ποιεῖν
2329 936 2717 1008 πειρασόμεθα.
2765 938 2906 1006 Ὅρα
2949 937 3005 990 δὲ
3049 938 3097 990 εί
3143 938 3221 1008 μὴ
3267 938 3456 1006 σαφῶς

1881 1027 1990 1081 ἀπὸ
2021 1026 2122 1096 τῆς
2151 1027 2449 1090 ἐξετάσεως
2480 1026 2588 1080 τῶν
2616 1025 2756 1078 κατά
2787 1025 2878 1078 τὸν
2917 1027 3078 1080 τόπον
3121 1025 3456 1096 παρίσταται

1883 1121 2012 1189 ἡμῖν
2035 1119 2170 1187 (68),
2196 1119 2278 1170 ὅτι
2310 1117 2471 1187 σοφοῦ
2496 1135 2658 1180 τινος,
2683 1118 2777 1170 καὶ
2807 1117 2954 1187 πάσῃ
2982 1117 3147 1187 ἀρετῇ
3179 1134 3458 1188 κεκοσμη-

1885 1211 2044 1281 μένου
2080 1210 2142 1262 τὸ
2171 1209 2422 1279 γενέσθαι
2460 1208 2553 1262 τοῦ
2599 1209 2846 1280 Ἀϐραὰμ
2887 1209 3093 1262 τέκνον.
3122 1209 3186 1262 Τί
3230 1210 3341 1281 γὰρ
3370 1209 3457 1262 δεῖ

1879 1301 2060 1371 λέγειν
2088 1303 2219 1372 ὅσης
2245 1302 2435 1371 σοφίας
2467 1301 2737 1373 χρῄζομεν
2765 1303 2844 1364 είς
2872 1302 2933 1354 τὸ
2969 1302 3158 1372 νοῆσαι
3199 1301 3265 1354 τά
3312 1301 3453 1371 ἔργα

1878 1394 1974 1447 τοῦ
2029 1393 2310 1466 Ἀϐραὰμ,
2349 1395 2442 1448 καὶ
2491 1394 2622 1466 ὅσης
2676 1394 2953 1464 δυνάμεως
2998 1396 3077 1457 εἰς
3115 1394 3176 1446 τὸ
3221 1393 3478 1462 ποιῆσαι.

1879 1486 2049 1554 αὐτά;
2078 1486 2240 1550 Ποίας
2267 1486 2323 1539 δὲ
2359 1487 2566 1555 σοφίας,
2606 1485 2639 1556 ἢ
2681 1487 2838 1550 ποίας
2878 1486 3156 1558 δυνάμεως
3183 1487 3448 1557 δεόμεθα,

1877 1580 1911 1650 ἢ
1946 1578 2200 1652 Χριστοῦ,
2234 1580 2292 1642 ὅς
2320 1581 2436 1632 ἐστι
2467 1577 2599 1632 Θεοῦ
2633 1579 2857 1650 δύναμις
2901 1579 3032 1651 (69),
3064 1579 3157 1634 καὶ
3190 1578 3328 1633 Θεοῦ
3358 1596 3453 1633 σο-

1879 1669 2010 1738 φία;
2049 1669 2122 1721 Τὸ
2156 1670 2254 1739 μὲν
2286 1663 2378 1723 οῦν
2410 1668 2788 1740 γεγραμμένον
2825 1669 3000 1722 ἐστίν·
3029 1672 3098 1723 Εἰ
3127 1670 3306 1723 τέκνα
3337 1665 3452 1722 τοῦ

1894 1758 2136 1828 Ἀϐραάμ
2161 1760 2320 1824 ἐστε,
2344 1759 2419 1813 τὰ
2449 1760 2592 1830 ἔργα
2618 1761 2722 1814 τοῦ
2761 1761 3003 1830 Ἀϐραὰμ
3043 1760 3286 1814 ποιεῖτε·
3315 1764 3452 1815 ἀκο-

199 1854 280 1907 lue
310 1855 550 1924 facile“,
583 1860 1123 1933 consequenterhuic
1145 1861 1385 1916 dixeris:
1414 1858 1470 1915 Si
1499 1861 1596 1916 ﬁlii
1625 1859 1723 1916 isa:

1916 1850 2084 1915 ούθως
2134 1852 2177 1905 δ’
2219 1850 2285 1906 ἂν
2336 1855 2489 1924 παρά
2537 1851 2695 1906 τοῦτο
2748 1853 2953 1916 εῐποις·
3008 1853 3074 1906 Εἰ
3140 1852 3304 1907 τέκνα
3344 1852 3447 1906 τοῦ

200 1947 356 2012 estis,
392 1948 553 2005 facite
583 1965 748 2020 opera
777 1951 967 2018 Isaac;
999 1951 1362 2022 similiterque
1401 1955 1466 2009 de
1495 1953 1687 2019 Jacob,
1719 1963 1776 2008 et

199 2039 266 2093 de
292 2039 522 2107 singulis
542 2041 746 2096 sanctis
780 2044 1043 2109 patrihus.
1069 2042 1268 2098 Contra
1295 2043 1494 2114 singuli
1537 2059 1774 2112 peccan-

198 2136 282 2183 tes
318 2133 615 2200 generatim
662 2133 883 2202 quidem
932 2133 1028 2187 ﬁlii
1068 2143 1192 2188 sunt
1241 2134 1464 2199 diaboli,
1510 2135 1769 2204 quoniam

199 2219 306 2286 Qui
331 2220 462 2290 facit
486 2233 779 2290 peccatum,
810 2239 874 2277 ea:
915 2223 1122 2278 diabolo
1159 2235 1316 2278 natus
1347 2235 1422 2279 est
1444 2225 1490 2257 "
1517 2242 1532 2292 ;
1563 2225 1773 2293 private

195 2326 328 2367 vero
359 2312 441 2368 vel
466 2311 622 2379 Cain,
659 2312 741 2367 vel
768 2313 961 2377 Cham,
992 2314 1076 2368 vel
1108 2314 1385 2379 Chanaan,
1417 2313 1502 2370 vel
1536 2314 1772 2369 Pharao-

196 2406 304 2471 nis,
351 2403 439 2459 vel
479 2404 1004 2470 Nabuchodonosor,
1049 2406 1138 2460 vel
1179 2406 1412 2475 alicujus
1449 2407 1767 2477 impiorum.

194 2497 608 2567 Consequenter
655 2501 818 2554 etiam
863 2499 948 2554 his
998 2499 1172 2565 dices,
1209 2514 1652 2570 unumquemque
1699 2516 1768 2556 ex

193 2588 298 2642 hac
318 2590 429 2643 vita
456 2590 778 2660 migrantem
800 2591 1070 2661 proﬁcisci
1099 2592 1164 2646 ad
1191 2606 1318 2647 suos
1341 2601 1523 2661 patres
1547 2608 1562 2657 ;
1595 2592 1769 2646 omni-

193 2679 297 2734 bus
345 2679 491 2734 enim
523 2681 834 2736 hominibus
878 2680 1270 2737 decedentibus
1303 2697 1334 2738 e
1362 2683 1492 2747 vita,
1527 2697 1633 2738 non
1666 2682 1765 2739 s‘oli

190 2772 507 2828 Abrahamo
530 2774 636 2829 dici
670 2775 1002 2832 censendum
1033 2786 1119 2832 est
1149 2798 1161 2833 :
1195 2775 1274 2830 Tu
1298 2787 1475 2830 autem
1499 2778 1568 2830 ad
1590 2787 1765 2845 patres

189 2876 307 2920 tuos
342 2865 439 2920 ibis
459 2867 527 2932 ³³,
563 2867 776 2923 etiamsi
804 2883 906 2924 non
932 2870 1184 2924 omnibus
1205 2869 1515 2924 hominibus
1538 2869 1766 2923 addatur

190 2954 348 3021 illud,
376 2973 494 3010 cum
526 2973 675 3027 pace.
717 2957 790 3011 At
821 2971 950 3011 vero
985 2957 1265 3027 perfectis,
1296 2959 1490 3028 hisque
1519 2959 1610 3027 qui
1653 2958 1764 3026 spi-

189 3046 463 3118 ritualiter
498 3048 732 3119 longaevi
764 3048 992 3116 fuerint,
1022 3050 1153 3105 illud
1192 3050 1358 3105 etiam
1409 3049 1661 3105 additur:
1694 3047 1762 3103 Ικ

184 3149 450 3194 senectute
475 3145 612 3195 bona
645 3141 735 3208 ⁵⁸;
779 3143 1217 3212 quandoquidem
1268 3144 1487 3198 canities
1529 3142 1757 3196 homini-

185 3232 279 3286 bus
303 3242 380 3287 est
407 3233 689 3302 prudentia
711 3232 782 3298 ⁸⁵,
817 3243 872 3288 et
898 3251 1091 3289 corona
1119 3235 1454 3305 gloriatiauis
1503 3244 1578 3287 est
1609 3249 1758 3287 sene-

182 3332 340 3384 ctus:
373 3333 428 3378 et
450 3324 618 3394 gloria
651 3324 799 3380 veris
823 3341 886 3380 ac
913 3326 1114 3381 divinis
1142 3327 1363 3382 senibus
1392 3325 1622 3381 canities
1651 3324 1753 3379 illa:

179 3425 310 3471 sunt
341 3432 463 3486 quae
498 3429 680 3474 mente
711 3427 1032 3483 cernuntur,
1069 3419 1218 3487 ipsos
1243 3429 1519 3474 ornautes.

1889 1945 2073 1998 Ἰσαάκ
2115 1945 2267 2008 ὲστε,
2319 1945 2386 1998 τὰ
2427 1944 2562 2017 ἔργα
2609 1944 2703 1999 τοῦ
2760 1943 2944 1999 Ἰσαὰκ
2988 1947 3218 1999 ποιεῖτε·
3267 1944 3337 1999 τὰ
3385 1945 3449 1998 δὲ

1874 2038 2032 2109 ὃμοια
2063 2037 2160 2091 καὶ
2211 2039 2340 2110 περὶ
2381 2036 2473 2090 τοῦ
2527 2037 2742 2102 Ἰακὼϐ,
2784 2037 2877 2092 καὶ
2920 2038 3036 2102 ἑνὸς
3070 2037 3300 2092 ἑκάστου
3331 2037 3450 2090 τῶν

1872 2130 2043 2198 ἀγίων
2081 2129 2353 2201 πατέρων.
2397 2127 2510 2183 Καὶ
2555 2129 2620 2181 ὲκ
2665 2128 2773 2182 τῶν
2823 2123 3077 2184 ἐναντίων
3126 2129 3183 2183 δὲ
3213 2129 3449 2193 ἕκαστος

1871 2223 1978 2276 τῶν
2006 2221 2427 2292 ἁμαρτανόντων
2458 2221 2689 2291 γενικῶς
2722 2221 2820 2292 μὲν
2846 2223 3033 2276 τέκνον
3064 2222 3182 2274 ἐστὶ
3209 2221 3300 2274 τοῦ
3326 2221 3449 2275 δια-

1871 2313 2024 2366 ϐόλου
2045 2331 2058 2344 ·
2106 2314 2229 2366 ἐπεὶ
2272 2312 2400 2379 Πᾶς
2441 2315 2474 2366 ό
2510 2311 2697 2366 ποιῶν
2735 2312 2850 2380 τὴν
2891 2313 3183 2382 ἁμαρτίαν
3220 2313 3290 2366 ἐκ
3331 2309 3447 2364 τοῦ

1870 2405 2150 2459 διαϐόλου
2185 2403 2560 2474 γεγέννηται·
2596 2403 2694 2474 ἤδη
2739 2402 2796 2455 δὲ
2828 2402 2921 2456 καὶ
2961 2401 3289 2473 ἰδικώτερον,
3319 2403 3446 2472 ἦτοι

1869 2497 1963 2551 τοῦ
1997 2497 2157 2561 Κάῖν,
2187 2497 2221 2568 ἢ
2263 2495 2358 2549 τοῦ
2389 2494 2540 2565 Χάμ,
2570 2495 2603 2565 ἦ
2631 2495 2723 2548 τοῦ
2754 2495 2993 2560 Χαναὰν,
3020 2495 3052 2565 ἢ
3081 2495 3174 2548 τοῦ
3213 2493 3444 2566 Φαραὼ,

1868 2591 2026 2662 ἢτοῦ
2074 2589 2562 2661 Ναϐουχοδονόσορ,
2601 2588 2634 2658 ἦ
2673 2602 2815 2649 τινος
2859 2587 2965 2639 τῶν
3019 2587 3244 2641 ἀσεϐῶν.
3299 2588 3446 2640 Τού-

1866 2701 1978 2748 τοις
2023 2683 2081 2738 δὲ
2135 2681 2441 2747 ἀκολούθως
2483 2683 2662 2753 ἐρεῖς,
2705 2681 2788 2733 ὅτι
2839 2679 3066 2743 ἕκαστος
3101 2679 3447 2733 ἀπαλλαττὸ-

1869 2793 2030 2846 μενος
2053 2777 2146 2830 τοῦ
2183 2777 2296 2847 βίου
2336 2780 2524 2832 τούτου
2555 2778 2916 2832 ἀπελεύσεται
2949 2778 3084 2850 πρὸς
3111 2779 3235 2841 τοὺς
3268 2778 3444 2840 ἰδίους

1865 2869 2134 2940 πατέρας·
2167 2871 2447 2941 νομιστέον
2474 2871 2582 2944 γὰρ
2610 2872 2672 2924 οὐ
2706 2871 2852 2943 μόνῳ
2878 2870 2955 2940 τῷ
2993 2869 3261 2942 Ἀϐραὰμ,
3294 2868 3440 2921 ἀλλά

1866 2960 1959 3013 καὶ
1991 2963 2156 3014 πᾶσιν
2205 2961 2512 3032 ἀνθρώποις
2557 2962 2810 3031 λέγεσθαι
2845 2962 2979 3033 πρὸς
3021 2964 3088 3033 τῇ
3122 2961 3285 3029 ἐξόδῳ
3330 2961 3436 3013 τό·

1864 3053 1946 3106 Σὺ
1981 3054 2050 3106 δὲ
2079 3056 2390 3124 ἀπελεύσῃ
2426 3057 2570 3123 πρὸς
2599 3055 2740 3121 τοὺς
2780 3055 3038 3123 πατέρας
3065 3071 3211 3108 σου·
3245 3053 3441 3107 οὐκέτι

1861 3145 1917 3198 δὲ
1965 3149 2130 3200 πᾶσιν
2168 3146 2508 3219 ἀνθρώποις,
2557 3147 2691 3200 ἀλλά
2736 3148 2916 3218 μόνοις
2960 3150 3071 3210 τοῖς
3112 3148 3285 3216 ἁγίοις
3326 3145 3435 3198 τό·

1856 3239 2006 3306 μετὰ
2041 3239 2316 3307 εἰρήνης·
2365 3245 2475 3304 τοῖς
2515 3241 2574 3294 δὲ
2621 3241 3076 3311 τετελειωμένοις,
3121 3240 3214 3292 καὶ
3261 3256 3436 3292 πνευ-

1863 3330 2105 3401 ματικῶς
2139 3333 2544 3404 μακροημέροις
2581 3333 2893 3405 γενομένοις
2927 3334 3021 3386 καὶ
3051 3332 3142 3385 τό·
3183 3331 3437 3400 Τραψεὶς

1856 3423 1926 3476 έν
1950 3423 2101 3494 γήρᾳ
2138 3425 2300 3490 καλῷ
2319 3442 2332 3455 ·
2365 3427 2593 3498 ἐπείπερ
2627 3426 2815 3480 Πολιά
2835 3427 2964 3479 ἐστι
2999 3426 3292 3494 φρόνησις
3322 3425 3435 3478 ἀν.

180 3513 462 3581 θρώποις,
511 3515 605 3568 καὶ¹
649 3514 950 3584 στέφανος
992 3515 1346 3584 καυχήσεως
1395 3515 1611 3586 γῆρας·
1649 3520 1742 3572 καὶ
1771 3519 1896 3584 δόξα
1925 3524 2038 3585 τοῖς
2061 3521 2331 3594 ἀληθινοῖς
2360 3523 2456 3576 καὶ
2486 3522 2649 3586 θείοις
2677 3521 3066 3593 πρεσϐυτέροις
3094 3523 3148 3576 αἱ
3189 3521 3432 3592 κοσμοῦ-

180 3623 270 3662 σαι
296 3608 492 3670 αύτοὺς
521 3609 709 3680 νοηταὶ
737 3608 939 3662 πολιαί.

248 3703 337 3756 Η.
368 3702 525 3756 Nunc
553 3712 728 3757 autem
764 3704 1000 3772 quwritis
1031 3721 1110 3758 me
1132 3705 1441 3774 interﬁcere,
1469 3707 1747 3772 hominem,

175 3796 265 3864 qui
286 3797 557 3851 veritatem
579 3797 785 3853 loculus
813 3815 927 3853 sum
951 3797 1112 3864 vobis,
1127 3815 1284 3867 quam
1305 3800 1482 3852 audivi
1503 3818 1534 3853 α
1554 3800 1662 3855 Deo
1678 3804 1743 3855 ⁵⁸.

175 3886 358 3944 Jesum
393 3888 486 3957 qui
517 3899 768 3958 quazrunt
803 3890 1111 3946 interﬁcere
1131 3932 1146 3958 ,
1177 3890 1429 3960 quoniam
1459 3892 1599 3947 Deus
1640 3909 1746 3948 non

178 3980 529 4046 interﬁcitur,
573 3981 786 4036 etiamsi
847 3982 1197 4046 interﬁcieut,
1227 3983 1499 4039 hominem
1535 3985 1746 4040 interﬁ-

176 4071 343 4125 cient.
385 4071 540 4138 Quod
568 4073 612 4126 si
643 4084 896 4141 quaerunt
942 4074 1270 4143 interﬁcere,
1305 4085 1360 4130 et
1387 4079 1627 4131 nondum
1662 4078 1745 4132 iu-

176 4161 471 4226 terliciant,
502 4163 727 4217 insidias
781 4162 856 4216 illi
906 4163 1070 4218 veluti
1126 4166 1331 4221 homini
1366 4176 1600 4230 struunt,
1635 4185 1740 4223 non

173 4253 342 4308 Deum
369 4269 489 4310 esse
511 4254 912 4318 existimantes,
935 4255 1019 4309 cui
1047 4265 1330 4311 struuntur
1359 4259 1586 4313 insidize.
1608 4259 1739 4313 Nam

172 4347 355 4402 nullus
387 4347 708 4404 existimans
726 4347 894 4402 Deum
923 4361 1045 4402 esse
1069 4347 1156 4402 cui
1205 4356 1487 4403 struuntur
1510 4351 1738 4416 insidiae,

171 4439 395 4495 insidias
439 4441 517 4494 illi
554 4449 808 4495 strueret.
850 4439 1090 4494 Cernere
1138 4455 1267 4495 vero
1317 4440 1444 4496 licet
1477 4444 1738 4512 quosdam

171 4529 354 4598 aliquo
412 4531 572 4585 modo
606 4546 820 4602 semper
854 4531 1108 4588 Sermoni
1155 4542 1429 4589 struentes
1485 4535 1737 4601 insidias,

166 4626 422 4697 quoniam
475 4625 786 4680 interﬁcere
825 4635 1074 4694 qutazrunt
1101 4641 1223 4681 eum
1253 4636 1309 4680 et
1357 4626 1537 4680 delere
1567 4643 1580 4680 :
1615 4635 1734 4679 tau-

170 4733 332 4787 quam
369 4719 640 4772 hominem
677 4720 850 4788 ipsum
895 4717 1020 4790 (hoc
1055 4728 1140 4772 est
1175 4719 1465 4772 humanum
1494 4728 1547 4770 et
1591 4733 1736 4772 mor-

167 4807 486 4878 talem)esse
508 4809 918 4864 existimantes:
945 4807 1036 4878 qui
1055 4807 1137 4863 vel
1168 4807 1542 4860 humaniorem
1568 4807 1736 4878 ipsius

164 4911 400 4970 partem,
453 4909 526 4964 et,
556 4902 700 4969 quod
751 4900 984 4967 videtur,
1019 4899 1318 4953 invadunt:
1347 4899 1506 4969 321
1540 4901 1632 4954 sed
1677 4908 1736 4954 ut

162 5008 362 5062 corpus
423 4993 588 5048 etiam
647 4993 930 5048 Sermonis
976 4993 1330 5061 interﬁciant,
1389 4994 1729 5064 perspicuum

161 5093 246 5140 est
269 5099 362 5140 eos
395 5093 515 5152 post
541 5084 654 5139 haec
682 5085 913 5154 amplius
941 5085 1144 5155 aliquid
1180 5085 1365 5142 facere
1400 5101 1506 5140 nou
1547 5100 1728 5155 posse.

232 5205 279 5235 ⁸ο
334 5203 355 5257 l
383 5201 510 5260 Cor.
544 5221 586 5267 1,
611 5205 701 5261 24.

161 5272 206 5305 ⁵⁸
230 5274 389 5330 Joau.
415 5291 525 5340 vnt,
557 5275 647 5328 40.

231 5386 345 5458 (68)
389 5387 570 5456 Ἡμῖν.
607 5388 721 5445 Non
757 5398 1035 5457 comparet
1066 5390 1119 5442 in
1160 5389 1346 5444 codice
1376 5389 1692 5444 Bodleiano.

197 5459 341 5540 ,(69)
386 5460 535 5513 Θεοῦ
566 5459 835 5530 δύναμις.
888 5459 1022 5513 Θεοῦ
1079 5462 1228 5514 deest
1283 5461 1335 5514 in
1387 5459 1575 5514 codice
1627 5460 1734 5515 Be-

161 5546 351 5671 εηῖἶῖθὶ
382 5598 617 5671 Ζητεῖτέ
643 5619 740 5671 με.
774 5600 865 5656 Sic
900 5610 1048 5655 recte
1079 5599 1244 5654 habet
1277 5599 1450 5655 codex
1485 5597 1732 5655 Bodleia-

166 5681 309 5741 μηδ-ς
325 5666 610 5741 _in__liegin
625 5666 789 5741 deest
814 5689 904 5741 με.

234 5721 346 5806 (τι)
379 5721 553 5808 Ἔσςτῗ
569 5721 789 5806 δέναὶξιῖξ
809 5721 922 5798 ἀεί.
953 5750 1057 5794 etc.
1093 5739 1149 5793 ln
1174 5751 1360 5797 coatcc
1384 5721 1553 5808 Regio
1578 5736 1731 5794 deest

165 5819 302 5861 πως.
330 5805 485 5868 Ἶιιού
517 5819 688 5864 exstat
729 5805 780 5866 in
804 5811 1117 5869 Bodleiano.

1928 3707 2016 3760 Η.
2056 3707 2185 3761 Νῦν
2215 3705 2284 3758 δὲ
2316 3703 2533 3772 ζητεῖτέ
2553 3722 2629 3774 με
2672 3704 2783 3776 (70)
2823 3703 3165 3758 ἀποκτεῖναι
3206 3702 3431 3771 ἅνθρω-

1853 3816 1997 3864 πον,
2069 3799 2135 3864 ὃς
2192 3798 2306 3866 τὴν
2369 3797 2659 3863 ἀλήθειαν
2723 3795 2866 3865 ὑμῖν
2930 3794 3241 3862 λελάληκα
3263 3834 3282 3858 ,
3342 3794 3429 3861 ἢν

1852 3889 2090 3958 ἥκουσα
2129 3889 2290 3957 παρὰ
2333 3888 2438 3942 τοῦ
2470 3888 2635 3942 Θεοῦ.
2671 3891 2733 3941 Οἱ
2767 3886 3052 3958 ζητοῦντες
3080 3888 3426 3949 ἀποκτεῖναι,

1852 3981 1971 4033 ἐπεὶ
2021 3979 2152 4042 Θεὸς
2211 3980 2312 4031 οὐκ
2361 3979 2773 4040 ἀποκτίννυται,
2817 3976 2919 4030 κᾶν
2966 3974 3421 4039 ἀποκτιννύωσιν,

1851 4069 2134 4140 ἄνθρωπον
2178 4067 2613 4122 ἀποκτιννύουσι.
2647 4067 2768 4122 Κᾶν
2801 4066 3034 4136 ζητῶσιν
3067 4066 3421 4131 ἀποκτεῖναι.⁸

1854 4161 2017 4231 μήπω
2057 4160 2494 4222 ἀποκτιννύντες,
2524 4159 2642 4228 οὐχὶ
2674 4158 2806 4211 Θεὸν
2835 4154 3143 4227 νομίζοντες
3174 4152 3333 4217 εἶναι,
3371 4148 3427 4222 ᾧ

1849 4252 2309 4316 ἐπιϐουλεύουσιν,
2334 4252 2405 4314 ὡς
2436 4251 2706 4322 ἀνθρώπῳ
2737 4248 3171 4302 ἐπιϐουλεύουσιν
3190 4265 3202 4277 ο
3240 4249 3422 4314 οὐδεὶς

1847 4344 1954 4416 γὰρ
1999 4344 2313 4414 πειθόμενος
2362 4339 2496 4397 εἶναι
2529 4343 2661 4394 Θεὸν
2691 4342 2898 4404 τοῦτον,
2944 4335 2989 4406 ᾧ
3038 4339 3420 4403 ἐπιϐουλεύει,

1845 4436 2222 4490 ὲπιϐουλεύσαι
2255 4435 2322 4489 ἂν
2368 4433 2536 4505 αὐτῷ.
2571 4436 2723 4487 Ἐστι
2756 4433 2812 4486 δέ
2860 4451 2976 4495 πως
3009 4433 3093 4485 ἀεὶ
3127 4433 3234 4501 (71)
3275 4431 3419 4484 θεω-

1844 4529 2006 4600 ρῆσαι
2039 4531 2162 4592 τοὺς
2208 4528 2286 4597 τῷ
2313 4528 2470 4598 Λόγῳ
2509 4525 2601 4580 τοῦ
2646 4525 2779 4579 Θεοῦ
2819 4525 3280 4587 ἐπιϐουλεύοντας,
3329 4525 3420 4578 ὅτι

1842 4625 2155 4676 ἀποκτεῖναι
2180 4621 2421 4692 ζητοῦσι,
2448 4622 2540 4674 καὶ
2566 4619 2882 4689 ἐξαφανίσαι
2915 4619 3101 4687 αὐτὸν,
3125 4617 3420 4688 ἄνθρωπον

1842 4715 2023 4777 αὐτὸν,
2057 4716 2332 4767 τουτέστιν
2367 4711 2700 4784 ἀνθρώπινον
2737 4712 2846 4782 (72)
2867 4751 2881 4775 ,
2924 4712 3017 4765 καὶ
3051 4710 3238 4779 θνητὸν
3273 4705 3418 4763 εἶναι

1839 4810 2327 4882 ὑπολαμϐάνοντες,
2368 4811 2401 4881 ἢ
2446 4808 2538 4862 καὶ
2584 4806 2660 4877 τῷ
2696 4802 3156 4876 ἀνθρωπινωτέρῳ
3206 4802 3412 4866 αὐτοῦ,

1837 4905 1929 4958 καὶ
1958 4904 2271 4975 βλεπομένῳ
2304 4901 2653 4954 ἐπιτίθενται·
2691 4899 2776 4951 ἵνα
2818 4897 2873 4950 δὲ
2917 4896 3011 4949 καὶ
3047 4894 3413 4948 ἀποκτείνωσι

1833 4997 1895 5049 τὸ
1942 4997 2099 5067 σῶμα
2147 4995 2242 5048 τοῦ
2292 4995 2464 5063 Λόγου
2515 4991 2700 5062 σαφῶς
2745 4991 2891 5060 (75),
2937 4990 3017 5041 ὅτι
3065 4987 3202 5057 μετά
3235 4985 3411 5039 ταῦτα

1832 5087 1981 5140 οὐδὲν
2045 5085 2294 5139 δύνανται
2360 5084 2579 5153 ποιῆσαι
2646 5081 3046 5151 περισσότερον.
3089 5076 3289 5146 Διόπερ
3338 5075 3408 5128 οὐ

806 5203 850 5238 ⁵⁸
875 5205 1034 5261 Joan.
1061 5221 1179 5273 vut,
1203 5206 1294 5262 39.
1369 5207 1458 5261 "1
1487 5207 1644 5268 Joan.
1677 5220 1760 5270 Ill,
1789 5207 1843 5261 8.
1919 5207 1963 5238 ³⁵³
1984 5206 2120 5263 Ceu.
2156 5221 2243 5272 xv,
2277 5205 2364 5259 15.
2441 5203 2487 5234 ⁵⁸
2515 5201 2642 5272 Sap.
2676 5217 2752 5267 tv,
2782 5199 2834 5254 9.
2912 5197 2957 5229 "
2983 5195 3139 5250 Prov.
3167 5209 3279 5260 xvr,
3308 5193 3397 5248 Si.

1904 5387 2013 5458 (72)
2043 5385 2223 5441 Codex
2284 5383 2630 5458 Botlleiunus,
2685 5378 2873 5458 αὐτὸν,
2921 5375 2995 5438 ὼς
3037 5372 3402 5458 ἀνθρώπινον.

1829 5447 2007 5516 Paulo,
2027 5467 2170 5525 post,
2192 5454 2348 5525 ρι’οῆ
2385 5449 2614 5525 καὶ-τῷ,
2639 5462 2769 5525 etc.,
2809 5448 2874 5501 ad
2903 5447 3203 5525 margin-em
3240 5447 3400 5522 codi-

1830 5513 1910 5585 cis
1938 5513 2211 5582 Bodleiaui
2234 5513 2430 5596 legitur
2453 5523 2500 5574 οἱ
2535 5513 2627 5574 καὶ
2655 5519 2755 5591 τῷ,
2786 5528 2917 5581 etc.,
2950 5513 3090 5584 quod
3115 5513 3403 5567 Ferrarius

1828 5607 2273 5741 δθίὲἓιῖδὲιῗὲὧς.
2303 5665 2614 5737 Legendum
2641 5661 2853 5717 videtur
2887 5656 3071 5726 σαφές,
3101 5662 3153 5707 et
3200 5655 3274 5708 ita
3320 5652 3403 5708 le-

1829 5740 1904 5810 git
1933 5738 2243 5796 Ferrarius.
