3688 6146
367 333 470 390 599

1843 327 2163 387 ORIGENIS
3479 332 3562 388 600

369 451 467 503 Dei
502 448 731 510 verbum,
786 464 848 500 ac
886 447 1100 500 virtutes
1137 445 1306 516 futuri
1346 447 1549 509 saeculi,
1578 458 1622 500 et
1670 447 1914 501 exciderit

2047 449 2297 518 μέτοχον
2328 465 2392 501 τε
2420 447 2742 517 γενηθέντα
2773 448 3113 518 Πνεύματος
3142 447 3332 518 ἁγίου,
3364 450 3451 503 καί
3485 470 3560 507 xw

365 543 538 594 denuo
563 547 850 606 reponatur
870 555 962 606 per
991 539 1369 605 pmtitentiam,
1391 540 1454 590 ab
1482 539 1686 608 integro
1721 541 1934 608 cruciﬁ-

363 647 490 701 gens
518 629 721 683 sibimet
755 629 855 699 ipsi
889 627 1090 680 Filium
1123 628 1234 690 Dei,
1265 637 1313 681 et
1342 627 1632 695 infamous,
1675 629 1780 694 vel,
1813 638 1936 682 ante

366 721 700 792 cruciﬁgens,
735 722 842 785 vel,
873 722 1044 773 denuo
1073 720 1386 789 cruciﬁgens
1422 719 1618 772 Filium
1650 719 1769 785 Dei,
1793 719 1936 789 infa-

368 834 618 887 mansque
635 817 702 872 δ’.
730 816 842 870 sive
876 825 1162 886 antequam
1188 813 1487 884 corporalis
1513 811 1819 867 Servatoris
1840 829 1939 868 no-

371 913 466 965 stri
503 913 763 965 adventus
791 910 1036 964 historiis
1080 909 1453 969 mandaretur,
1484 907 1596 961 sive
1638 915 1780 974 post.
1812 905 1930 960 Non

372 1005 515 1057 enim
545 1003 636 1072 qui
662 1019 806 1057 nunc
838 1011 960 1070 post
988 1001 1460 1064 illuminationem,
1492 1009 1795 1070 czeleraque
1843 998 1935 1053 Dei

372 1099 426 1152 in
459 1115 514 1155 se
541 1097 799 1152 beneﬁcia
829 1105 1042 1167 peccat,
1071 1095 1264 1149 Filium
1302 1095 1396 1149 Dei
1439 1095 1618 1150 denuo
1667 1093 1938 1163 cruciﬁgit

372 1200 596 1262 propter
615 1199 834 1258 peccata
855 1189 920 1243 ad
944 1202 1060 1257 qua:
1083 1187 1471 1250 recurrit,uihil
1492 1186 1776 1258 pertici'ens
1792 1185 1938 1240 illius

375 1281 604 1334 actionis
619 1295 737 1351 quae
762 1277 1104 1334 commnnius
1131 1276 1331 1330 dicitur
1357 1277 1683 1345 corporalis,
1717 1275 1782 1328 ad
1815 1290 1934 1330 crn-

373 1369 702 1438 citigendum
736 1368 930 1423 Filium
963 1366 1052 1420 Dei
1081 1385 1094 1420 :
1131 1381 1235 1420 non
1269 1366 1406 1420 idem
1432 1374 1610 1422 autem
1641 1366 1809 1420 etiam
1840 1379 1936 1417 an-

376 1471 460 1515 tea
494 1461 681 1524 ﬁeret;
713 1470 767 1514 et
793 1458 883 1529 qui
911 1467 1118 1526 peccat,
1157 1467 1436 1528 postquam
1487 1457 1720 1512 audierit
1755 1457 1933 1510 divina

372 1551 559 1616 verba,
585 1560 740 1606 antea
787 1549 1134 1604 cruciﬁxerat
1163 1548 1358 1603 Filium
1408 1547 1522 1602 Dei.
1566 1549 1717 1615 Quod
1763 1549 1808 1603 si
1847 1548 1933 1601 cui

374 1645 554 1713 placet
585 1643 872 1698 admittere
902 1643 1042 1712 quod
1071 1642 1125 1696 in
1169 1641 1318 1697 Actis
1351 1639 1500 1694 Pauli
1536 1642 1797 1709 scriptum
1828 1649 1932 1703 est,

375 1747 630 1808 tanquam
657 1751 683 1790 a
709 1737 1000 1790 Servatore
1022 1735 1222 1789 dictum
1247 1751 1260 1786 :
1288 1733 1468 1787 Denuo
1493 1733 1652 1787 debeo
1673 1733 1930 1801 cruri/igi,

2036 543 2152 596 λὸν
2204 539 2577 611 γευσάμενον
2623 538 2772 595 Θεοῦ
2811 539 2998 610 ῥῆμα,
3034 539 3307 609 δυνάμεις
3354 557 3412 594 τε
3449 542 3564 610 μέλ-

2035 639 2252 702 λοντος
2294 633 2528 700 αἰῶνος,
2567 633 2662 688 καί
2703 631 3130 701 παραπεσόν-τα
3148 671 3164 694 ,
3211 631 3394 686 πάλιν
3447 633 3564 687 dra.

2038 725 2318 786 καινίζειν
2349 725 2565 781 ἑαυτὸν
2607 727 2695 790 είς
2731 723 3056 793 μετάνοιαν
3097 722 3239 794 (80),
3287 723 3411 791 ἦτοι
3451 743 3563 793 ato-

2035 816 2412 886 σταυροῦντα
2430 856 2446 881 ,
2501 816 2540 885 ἢ
2597 795 3094 882 ἀνασύιυροῦντα
3149 815 3256 868 τὸν
3323 815 3449 869 Tibr-
3482 817 3566 870 τοῦ

2039 907 2209 970 Θεοῦ,
2238 906 2336 960 καί
2382 903 2998 974 παραδειγματίζοντα,
3034 903 3146 956 εἴτε
3191 903 3296 974 πρὸ
3327 905 3420 973 τῆς
3452 909 3566 959 ἱστο-

2039 1000 2305 1071 ρουμένης
2340 997 2656 1068 σωματικῆς
2683 996 2776 1049 τοῦ
2816 996 3067 1068 Σωτῆρος
3099 997 3256 1066 ἡμῶν
3292 997 3564 1069 ἐπιδημίας,

2036 1089 2145 1144 εἴτε
2192 1091 2286 1144 καὶ
2330 1089 2572 1160 ὕστερον.
2605 1089 2679 1142 Οὐ
2729 1089 2836 1159 γὰρ
2867 1089 2896 1140 ὁ
2931 1088 3031 1158 μὲν
3061 1087 3156 1141 νῦν
3192 1087 3331 1158 μετά
3362 1089 3445 1142 τὸν
3478 1108 3566 1158 φω-

2035 1183 2226 1254 τισμὸν
2268 1183 2361 1236 καὶ
2400 1183 2498 1246 τὰς
2529 1181 2722 1244 λοιπὰς
2764 1183 2845 1245 είς
2882 1181 3042 1236 αὑτὸν
3083 1180 3178 1234 τοῦ
3222 1182 3356 1235 Θεοῦ
3387 1183 3570 1255 εὑερτεο

2037 1277 2158 1339 σίας
2195 1275 2524 1346 ἁμαρτάνων
2561 1275 2896 1346 ἀνασταυροῖ
2924 1274 3016 1328 τὸν
3053 1275 3178 1328 Υίὸν
3215 1273 3310 1327 τοῦ
3349 1275 3469 1329 Θεοῦ
3501 1277 3568 1330 διὰ

2035 1366 2142 1420 τῶν
2180 1367 2324 1420 ἰδίων
2357 1369 2576 1439 ἀμαρτη
2588 1367 2791 1438 μάτων,
2821 1367 2904 1435 ἐφ’
2933 1365 2970 1421 ἃ
3006 1367 3474 1439 ἐπαλινδρόμησεν,
3500 1371 3569 1423 οὒ-

2034 1460 2124 1517 δὲν
2169 1461 2266 1532 τῆς
2311 1461 2612 1531 κοινότερον
2659 1458 2957 1530 λεγομένης
2991 1460 3310 1531 σωματικῆς
3363 1461 3486 1532 πρὸς
3523 1463 3569 1515 τὺ

2037 1553 2347 1624 σταυρῶσαι
2378 1554 2468 1607 τὸν
2503 1553 2630 1607 Υίὸν
2668 1551 2763 1606 τοῦ
2805 1551 2938 1606 Θεοῦ
2987 1553 3280 1625 ἐνεργείας*
3307 1555 3566 1610 ἐπιτελῶν·

2034 1645 2154 1714 οὐχὶ
2183 1644 2240 1698 δὲ
2274 1644 2368 1698 καὶ
2409 1645 2672 1715 πρότερον
2701 1642 2864 1696 τοῦτο
2902 1643 3128 1711 ὲγίνετο,
3171 1646 3267 1698 καὶ
3300 1646 3328 1714 δ
3359 1646 3570 1717 ἀμαρτὰρ

2035 1753 2142 1788 νων
2181 1734 2320 1806 μετά
2365 1733 2425 1786 τὸ
2455 1733 2685 1786 ἀκοῦσαι
2727 1731 2885 1785 θείων
2913 1732 3087 1801 λόγων
3122 1733 3476 1804 προεσταύρου
3499 1733 3571 1786 τὸν

375 1834 420 1884 is
446 1803 894 1899 quemadmodum
921 1835 1040 1896 post
1065 1831 1359 1881 adventum
1391 1824 1628 1878 admittit
1657 1822 1808 1887 illud,
1832 1822 1918 1875 De-

2047 1826 2164 1879 Υίὸν
2185 1803 2287 1878 ’τοῦ
2325 1825 2481 1878 Θεοῦ.
2516 1824 2585 1877 Ei
2613 1843 2692 1894 τῳ
2723 1823 2777 1876 δὲ
2811 1822 2963 1891 φίλον
2992 1803 3405 1894 παραδέξασθαι
3434 1825 3486 1878 τι
3526 1827 3569 1877 ὲν

377 1939 483 1976 nuo
517 1920 672 1975 debeo
721 1919 1086 1990 cruciﬁgi,sic
1118 1927 1174 1972 et
1201 1926 1328 1972 ante
1371 1916 1660 1970 adventum
1689 1915 1938 1969 admittet

373 2014 551 2068 locum
580 2013 857 2070 habuisse.
894 2011 1109 2080 quando
1154 2009 1341 2063 eadem
1371 2022 1533 2062 causa
1569 2017 1649 2061 est
1678 2006 1888 2059 dicendi
1921 2022 1934 2059 :

373 2105 498 2160 lam
531 2105 690 2160 debeo
717 2103 975 2173 cruciﬁgi.
1003 2100 1114 2157 Cur
1136 2101 1281 2155 enim
1309 2116 1413 2155 non
1437 2099 1600 2153 etiam
1625 2106 1786 2152 antea
1814 2112 1938 2150 cru-

375 2197 571 2254 ciﬁxus
601 2205 705 2262 est,
737 2207 793 2249 ιιι
830 2193 1224 2264 crnciﬁgendus
1271 2201 1354 2246 est
1381 2188 1599 2246 denuo?
1631 2189 1766 2244 Vide
1809 2202 1939 2242 vero

375 2305 447 2345 an
481 2306 585 2344 non
617 2300 824 2343 tantum
859 2297 1197 2354 sanctorum,
1232 2285 1321 2352 qui
1358 2293 1481 2353 post
1501 2282 1704 2337 Christi
1739 2281 1940 2335 adven-

377 2390 491 2434 tum
544 2380 715 2446 fuere,
766 2379 836 2434 sit
885 2395 985 2432 vox
1039 2378 1171 2432 illa:
1227 2376 1356 2430 Cum
1399 2373 1608 2429 Christo
1653 2375 1939 2442 cruciﬁxus

375 2489 492 2527 sum
517 2472 583 2536 “,
632 2472 725 2526 sed
761 2486 911 2540 teque
957 2471 1020 2524 ad
1070 2468 1281 2540 priores
1327 2468 1492 2522 etiam
1547 2467 1839 2537 pertineat,
1871 2481 1939 2520 ne

377 2558 599 2614 differre
622 2559 863 2613 dicamus
886 2568 1125 2621 sanctos,
1158 2557 1249 2627 qui
1275 2565 1396 2627 post
1418 2555 1616 2610 Christi
1643 2556 1934 2610 adventum

376 2649 552 2714 tuere,
575 2665 604 2702 a
632 2647 835 2719 Moyse,
858 2657 913 2704 et
939 2649 1236 2720 prophetis,
1257 2659 1312 2704 et
1342 2647 1686 2718 patriarchis.
1707 2647 1821 2702 Vox
1848 2648 1934 2701 illa

372 2756 624 2811 quoque:
661 2739 786 2795 Vivo
817 2758 930 2811 ego,
955 2759 1059 2795 non
1088 2741 1314 2807 amplius
1342 2755 1456 2810 ego,
1490 2746 1579 2793 sed
1610 2739 1728 2793 vivit
1774 2740 1828 2792 in
1857 2755 1937 2793 me

372 2831 610 2888 Christus
633 2832 701 2900 “,
726 2847 875 2902 aeque
917 2835 1079 2888 etiam
1111 2833 1329 2888 dicatur
1377 2846 1481 2886 non
1513 2830 1686 2886 solum
1714 2830 1780 2885 de
1810 2844 1938 2884 san-

370 2924 475 2980 ctis
503 2925 592 2994 qui
622 2933 741 2993 post
783 2923 982 2980 Christi
1019 2925 1310 2978 adventum
1349 2923 1525 2986 fuere,
1557 2936 1741 2976 verum
1770 2920 1934 2976 etiam

372 3017 441 3070 de
466 3017 550 3070 his
579 3016 668 3085 qui
695 3025 877 3071 antu.
906 3014 1146 3071 Observo
1173 3015 1336 3069 etiam
1361 3023 1415 3067 et
1441 3013 1544 3068 hoc
1574 3014 1777 3067 dictum
1807 3011 1936 3066 Ser-

371 3107 575 3162 vatoris
600 3125 616 3161 :
651 3107 790 3161 Deus
837 3107 1122 3170 Abraham,
1159 3117 1206 3160 et
1234 3105 1374 3160 Deus
1398 3105 1574 3171 Isaac,
1594 3113 1642 3158 et
1670 3103 1811 3158 Deus
1831 3103 1932 3158 Ja-
1960 3143 2003 3201 Ο

371 3199 463 3250 cob
477 3213 499 3264 ;
523 3197 662 3251 Deus
684 3207 858 3251 autem
881 3214 981 3251 non
999 3207 1070 3253 est
1095 3207 1443 3264 mortuorum,
1460 3197 1551 3249 sed
1571 3197 1845 3249 viventium
1864 3195 1930 3259 “,

370 3306 500 3345 num
530 3290 670 3347 forte
693 3290 986 3356 Abraham,
1010 3290 1158 3346 Isaac
1179 3298 1232 3344 et
1253 3288 1439 3354 Jacob,
1469 3300 1688 3359 propter
1707 3289 1809 3344 hoc
1825 3289 1936 3344 sint

369 3384 640 3448 viventes,
662 3384 915 3452 quoniam
937 3392 994 3437 et
1018 3383 1117 3452 ipsi
1139 3397 1258 3437 cum
1277 3381 1497 3436 Christo
1519 3381 1824 3452 consepulti
1844 3397 1931 3435 re-

369 3485 723 3530 surrexerunt
747 3493 760 3540 ;
787 3490 891 3530 non
911 3474 1131 3528 omnino
1158 3482 1338 3527 tamen
1365 3473 1664 3542 corporalis
1691 3473 1934 3543 sepultu-

370 3583 445 3621 rae
475 3565 626 3634 Jesu,
653 3567 736 3622 vel
766 3565 1062 3636 corporalis
1114 3565 1530 3620 resurrectionis
1571 3562 1688 3630 ejus
1733 3565 1928 3619 instar.

371 3658 496 3713 "€130.
513 3659 772 3712 hactenus
794 3659 859 3712 de
876 3673 940 3712 eo
970 3656 1110 3727 quod
1129 3665 1245 3711 est:
1265 3655 1381 3709 Hoc
1412 3657 1676 3710 Abraham
1705 3673 1809 3710 non
1851 3657 1932 3724 fe-

371 3753 462 3803 cit.
496 3749 656 3821 323
688 3750 823 3815 Quid
856 3759 1032 3803 autem
1069 3747 1172 3802 hoc
1203 3759 1286 3803 est
1319 3747 1482 3815 aliud,
1537 3747 1637 3802 nisi
1687 3763 1935 3817 quaerere

369 3837 679 3892 interﬁcere
729 3840 999 3893 hominem
1058 3839 1146 3909 qui
1193 3839 1471 3892 veritatem
1511 3839 1723 3893 locutus
1771 3838 1935 3893 fuerit

370 3941 531 3997 quam
559 3945 588 3982 a
628 3928 740 3983 Deo
771 3930 1051 3984 audierit?
1099 3928 1389 3984 Tradimus
1421 3928 1564 3982 enim
1593 3937 1648 3983 et
1678 3929 1933 3984 docemus

372 4034 646 4088 nunquam
685 4019 920 4076 defuisse
947 4022 1155 4076 sanctis
1189 4020 1531 4092 spiritualem
1563 4019 1690 4076 Jcsu
1725 4019 1932 4074 adven-

370 4119 484 4162 tum
519 4121 680 4181 atque
710 4111 1186 4180 dispensationem.
1225 4113 1380 4180 Quod
1432 4113 1479 4168 si
1530 4113 1666 4180 hate,
1708 4114 1933 4182 perinde

371 4213 535 4273 atque
563 4205 617 4258 in
650 4203 770 4259 aliis
795 4205 1279 4274 consideravimus,
1312 4206 1378 4260 ad
1421 4219 1640 4260 sensum
1669 4207 1932 4276 anagogi-

370 4311 496 4351 cum
528 4297 835 4363 reduxeris,
876 4297 1018 4351 alius
1054 4298 1170 4353 haec
1216 4299 1395 4352 omnia
1433 4299 1591 4366 hujus
1622 4297 1725 4353 loci
1775 4299 1926 4352 simio

368 4387 497 4442 liter
535 4389 832 4457 explanare
886 4388 1137 4455 tentabit,
1199 4390 1264 4443 ad
1313 4388 1600 4457 mysticum
1650 4388 1929 4442 Abraham

2035 1918 2156 1978 ταῖς
2187 1915 2400 1968 Παύλου
2427 1913 2696 1987 Πράξεσιν
2726 1915 2842 1986 (81),
2865 1915 3372 1986 ἀναγεγραμμένον,
3395 1916 3462 1978 ὡς
3487 1915 3569 1967 ὑπὸ

2035 2004 2129 2057 τοῦ
2185 2005 2430 2075 Σωτῆρος
2495 2004 2810 2076 εἰρημένον·
2853 2006 3106 2058 Ἄνωθεν
3157 2005 3362 2074 μέλλω
3415 2021 3566 2059 σταυ-

2030 2097 2303 2167 ροῦσθαι,
2347 2093 2500 2160 οὗτος
2526 2097 2600 2162 ὡς
2630 2097 2766 2163 μετά
2798 2097 2895 2168 τὴν
2919 2097 3215 2168 ἐπιδημίαν
3243 2098 3565 2168 παραδέχεται

2036 2189 2096 2242 τό
2114 2207 2126 2218 ·
2157 2190 2408 2242 Ἀνωθεν
2447 2187 2653 2256 μέλλω
2684 2187 3095 2256 σταυροῦσθαι
3136 2188 3431 2259 γινόμενον,
3458 2189 3568 2243 οὕτω

2038 2283 2130 2336 καὶ
2163 2281 2265 2352 πρὸ
2297 2282 2397 2351 τῆς
2427 2281 2748 2352 ἐπιδημίας,
2791 2282 2918 2334 ὅταν
2949 2282 3018 2336 τὰ
3051 2284 3190 2337 αὐτὰ
3225 2283 3372 2338 αῐτια
3401 2284 3569 2352 γίνεται

2038 2373 2128 2427 τοῦ
2185 2372 2437 2441 λέγεσθαι
2477 2374 2572 2427 ἀν’
2605 2372 2748 2439 Ἤδη
2791 2373 2996 2442 μέλλω
3039 2375 3468 2442 σταυροῦσθαι,
3502 2376 3568 2428 διὰ

2037 2467 2088 2519 τί
2114 2467 2221 2538 γὰρ
2272 2465 2418 2534 οὐχὶ,
2469 2466 2544 2528 ὡς
2581 2466 2785 2520 ἀνωθεν
2840 2465 3021 2535 μέλλει
3075 2465 3458 2537 σταυροῦσθαι,
3497 2466 3568 2518 καὶ

2037 2558 2300 2630 πρότερον
2326 2557 2487 2610 ὲσταύ
2497 2573 2666 2630 ρωτος
2692 2557 2831 2627 Ὅρα
2853 2556 2909 2609 δὲ
2938 2559 2987 2610 εί
3024 2557 3098 2629 μὴ
3135 2559 3310 2629 μόνων
3336 2558 3435 2611 τῶν
3463 2559 3567 2628 μετὰ

2035 2651 2134 2721 τὴν
2181 2649 2481 2722 παρουσίαν
2526 2651 2672 2703 ἐστὶν
2719 2649 2889 2718 ἁγίων
2926 2652 2960 2722 ἡ
3012 2652 3160 2722 φωνή
3185 2667 3198 2680 ·
3253 2649 3338 2716 Τῷ
3380 2649 3569 2718 Χριστῴ

2036 2742 2525 2810 συνεσταύρωμαι
2545 2781 2558 2804 ,
2588 2741 2722 2794 ἀλλά
2769 2740 2878 2812 (82)
2913 2741 3009 2794 καὶ
3055 2741 3158 2794 τῶν
3191 2741 3478 2814 προτέρων,
3506 2742 3570 2794 ἵνα

2039 2832 2114 2902 μὴ
2163 2832 2442 2902 διαφέρειν
2492 2831 2738 2901 λέγωμεν
2789 2832 2916 2896 τοὺς
2969 2831 3107 2903 μετά
3157 2831 3253 2903 τὴν
3309 2832 3569 2902 παρουσίαν

2034 2922 2243 2991 ἁγίους,
2273 2922 2571 2986 Μωῦσέως,
2608 2923 2703 2976 καὶ⁵
2735 2921 2844 2978 τῶν
2884 2921 3176 2995 προφητῶν
3209 2924 3345 2993 (85),
3373 2925 3460 2978 καὶ
3489 2941 3569 2975 πα·

2034 3013 2333 3088 τριαρχῶν.
2368 3015 2479 3068 Καὶ
2505 3013 2597 3067 τό·
2629 3013 2722 3067 Ζῶ
2754 3014 2955 3068 οὐκέτι
2994 2997 3124 3084 ένίὶι,
3171 3011 3237 3081 ζῇ
3280 3013 3347 3066 δὲ
3381 3015 3444 3067 ἐν
3466 3013 3566 3082 ἐμοὶ

2036 3108 2305 3176 Χριστὸς,
2339 3106 2582 3176 λεγέσθω
2602 3105 2853 3180 μὴμόνον
2872 3102 2980 3159 ὑπὸ
2991 3109 3100 3158 τῶν
3122 3102 3261 3173 μετά
3279 3102 3378 3173 τὴν
3399 3124 3566 3178 παρου.

2039 3200 2178 3264 σίαν,
2220 3199 2353 3252 ἀλλά
2401 3198 2494 3252 καὶ
2541 3199 2647 3252 ὑπὸ
2689 3198 2796 3252 τῶν
2841 3199 3140 3268 προτέρων.
3195 3199 3475 3268 Ἑφίστημι
3523 3196 3565 3249 δὲ

2037 3291 2130 3344 καὶ
2156 3287 2261 3360 τῷ·
2295 3289 2438 3356 Θεὸς
2469 3289 2733 3357 Ἀϐραὰμ,
2765 3289 2862 3342 καί
2895 3287 3040 3355 Θεὸς
3085 3289 3305 3353 Ἰσαὰκ,
3333 3290 3421 3344 καί
3454 3287 3567 3354 Θεὸς

2049 3381 2272 3436 Ἰακώϐ*
2319 3381 2462 3448 Θεὸς
2495 3380 2563 3433 δὲ
2610 3383 2720 3434 οὐκ
2769 3381 2901 3435 ἔστι
2960 3381 3210 3449 νεκρῶν,
3243 3382 3404 3437 ἀλλὰ
3455 3381 3565 3443 ζών-

2035 3491 2173 3536 των,
2206 3473 2480 3544 εἰρημένῳ
2513 3473 2618 3525 ὑπὸ
2646 3471 2740 3525 τοῦ
2769 3473 3040 3544 Σωτῆρος,
3084 3475 3292 3545 μήποτε
3323 3473 3406 3526 διὰ
3443 3471 3566 3525 τοῦτο

2035 3565 2233 3630 ζῶντές
2277 3569 2412 3618 εἰσιν
2467 3565 2751 3636 Ἀϐραὰμ,
2791 3565 3008 3628 Ἰσαὰκ,
3055 3565 3149 3618 καὶ
3207 3563 3428 3630 Ἰακὼϐ,
3472 3565 3565 3616 ἐπεὶ

2035 3658 2129 3711 καὶ
2200 3657 2352 3710 αὐτοὶ
2421 3657 2780 3726 συνταφέντες
2839 3655 2916 3728 τῷ
2985 3657 3205 3729 Χριστῷ
3277 3658 3564 3724 συνανέστη-

2037 3765 2134 3801 σαν
2191 3747 2298 3817 (84)
2337 3747 2514 3817 αὐτῷ,
2555 3747 2617 3800 οὑ
2676 3748 2890 3810 πάντως
2934 3747 3073 3802 κατὰ
3137 3751 3236 3821 τὴν
3293 3745 3565 3819 σωματικὴν

2032 3837 2128 3891 τοῦ
2175 3837 2348 3910 Ἰησοῦ
2398 3837 2595 3908 ταφὴν,
2641 3837 2672 3907 ἢ
2718 3837 3031 3910 σωματικὴν
3084 3840 3376 3893 ἀνάστασιν
3414 3835 3562 3892 αὐτοῦ.

2034 3930 2220 3984 Ταῦτα
2276 3931 2412 4003 πρὸς
2461 3931 2521 3988 τό
2545 3947 2558 3960 °
2611 3930 2788 3984 Τοῦτο
2847 3930 3103 4002 Ἀϐραὰμ
3159 3934 3270 3986 οὐκ
3333 3932 3563 3997 ἐποίησε.

2033 4023 2099 4075 Τί
2126 4023 2182 4076 δὲ
2212 4022 2368 4076 τοῦτο
2399 4022 2514 4093 ἢτδ
2537 4021 2716 4091 ζητεῖν
2748 4022 3065 4077 ἀποκτεῖναι
3095 4021 3377 4094 ἄνθρωπον
3403 4023 3455 4084 ὃς
3488 4019 3563 4090 si};

2033 4115 2290 4186 ἀλήθειαν
2331 4114 2643 4179 λελάληκεν,
2659 4115 2725 4186 ἣν
2741 4111 2943 4179 ἢκουσε
2961 4115 3214 4188 παρὰτοῦ
3240 4116 3372 4169 Θεοῦ
3393 4132 3406 4180 ;
3434 4115 3562 4166 'Am-

2032 4210 2246 4281 δίδομεν
2287 4209 2420 4281 γὰρ,
2452 4209 2527 4273 ὡς
2564 4212 2671 4286 ἄρα
2712 4210 2853 4264 κατά
2883 4210 2974 4263 τὸν
3003 4210 3210 4280 Ἰησοῦν
3260 4204 3562 4279 πνευματικὴ

2031 4301 2313 4370 οἰκονομία
2338 4301 2439 4354 οὐκ
2485 4299 2630 4353 ἔστιν
2663 4301 2748 4353 ὅτε
2776 4303 2890 4363 τοῖς
2917 4301 3094 4368 ἁγίοις
3124 4301 3224 4354 οὐκ
3257 4296 3344 4372 ἦν.
3384 4299 3494 4352 Ἐὰν
3519 4293 3562 4348 δὲ

2031 4395 2310 4466 ἀναγάγῃς
2331 4391 2507 4447 ταῦτα
2541 4393 2750 4463 (ὥσπερ
2805 4394 3244 4464 ὑπονενοήκαμεν
3281 4395 3336 4446 ὲν
3375 4391 3559 4452 ἄλλοις).

369 4494 434 4535 ea
470 4477 736 4544 referens,
769 4480 971 4536 omissa
1033 4479 1238 4550 vulgari
1290 4481 1610 4551 explanandi
1640 4492 1918 4536 consuetu-

2047 4488 2218 4559 ἕτερος
2231 4486 2381 4558 παρὰ
2409 4485 2468 4540 τὸ
2483 4486 2786 4557 κοινότερον
2809 4487 2901 4540 ἐπὶ
2924 4484 3328 4558 μυστικώτερον
3354 4481 3562 4555 Ἀϐραὰμ

373 4575 520 4642 dine,
549 4590 800 4645 quarens
829 4576 1022 4630 horum
1054 4574 1389 4646 singulorum
1421 4577 1890 4644 consequentiam.

441 4757 528 4813 15.
592 4753 695 4812 Vos
731 4756 909 4825 facitis
958 4773 1117 4826 opera
1161 4757 1326 4823 patris
1371 4757 1526 4812 vestri
1566 4756 1634 4807 “.
1671 4754 1822 4822 Quod
1862 4758 1929 4811 ad

371 4849 574 4904 dictum
605 4848 710 4903 hoc
741 4849 954 4912 attinet,
992 4847 1200 4902 clarum
1249 4863 1354 4902 non
1391 4857 1474 4902 est
1519 4863 1680 4918 quem
1716 4857 1926 4917 patrem

365 4939 701 5006 Judaeorum,
741 4942 830 5010 qui
887 4940 990 4994 sibi
1038 4941 1403 5003 crediderant,
1441 4942 1639 5011 quique
1691 4940 1926 4995 nondum

365 5042 701 5102 agnoverant
735 5031 1042 5095 veritatem,
1097 5033 1230 5087 velit
1275 5033 1494 5087 dicere:
1549 5034 1616 5088 ad
1649 5035 1748 5090 hos
1781 5035 1924 5089 enim

437 5177 482 5209 ⁶²
511 5175 676 5232 Hebr.
705 5191 776 5241 vr,
798 5175 832 5230 4
865 5191 981 5246 seq.

435 5321 550 5394 (80)
579 5322 870 5394 Perperam
929 5320 982 5374 in
1013 5323 1197 5394 codice
1230 5321 1621 5394 Regiolegitur
1675 5339 1926 5394 παραπε-

2035 4580 2236 4651 ὁμοίως
2267 4578 2442 4632 πάντα
2469 4577 2534 4631 τὰ
2571 4577 2712 4630 κατά
2742 4577 2832 4630 τὸν
2855 4577 3019 4630 τόπον
3054 4575 3366 4647 ἐξομαλίσαι
3406 4570 3561 4643 πειρά-

2037 4686 2189 4723 σεται
2221 4668 2331 4738 (85)
2364 4667 2540 4738 ζητῶν
2571 4668 2670 4739 τὴν
2705 4667 2934 4720 ἑκάστου
2966 4667 3169 4720 τούτων
3193 4665 3504 4721 ἀκολουθίαν.

2110 4760 2195 4813 15.
2233 4759 2418 4828 Ὑμεῖς
2467 4759 2684 4813 ποιεῖτε
2717 4758 2789 4812 τὰ
2829 4758 2974 4828 ἔργα
3014 4759 3118 4813 τοῦ
3164 4759 3384 4828 πατρὸς
3408 4753 3554 4826 ὑμῶν.

2037 4854 2198 4907 Ὅσον
2221 4853 2312 4906 ἐπὶ
2345 4851 2421 4923 τῷ
2449 4852 2598 4924 ρητῷ
2621 4851 2793 4923 τούτῳ
2823 4853 2923 4906 οὐκ
2955 4852 3070 4905 ἐστι
3108 4854 3274 4922 σαφὲς
3309 4852 3420 4904 τίνα
3445 4847 3555 4900 θέλει

2034 4947 2208 4999 εἰπεῖν
2241 4944 2453 5016 πατέρα
2493 4945 2604 4997 τῶν
2631 4943 3072 4998 πεπιστευκότων
3117 4943 3266 5014 αὐτῷ
3308 4939 3550 4999 Ἰουδαίων,

2034 5036 2129 5089 καὶ
2162 5034 2385 5106 μηδέπω
2411 5033 2725 5102 ἐγνωκότων
2749 5034 2848 5102 τὴν
2875 5032 3133 5104 ἀλήθειαν
3159 5050 3174 5062 ο
3229 5033 3361 5104 πρὸς
3398 5026 3552 5086 αὐτοὺς

1055 5177 1102 5208 ⁸³
1133 5176 1307 5232 Galat.
1339 5193 1400 5242 ιι,
1435 5178 1520 5232 19.
1599 5177 1647 5209 ⁸⁸
1671 5179 1802 5233 ibid.
1833 5177 1918 5232 ει).

2077 5176 2265 5230 Matth.
2299 5191 2438 5238 χχιι,
2458 5173 2547 5228 '52.
2623 5175 2668 5205 ⁸⁸
2691 5173 2844 5230 Joau.
2874 5191 2990 5233 νιιι.
3018 5175 3106 5228 el.

2026 5321 2168 5389 apud
2197 5328 2442 5374 nostrum
2469 5316 2756 5386 Origenem
2789 5315 2880 5370 lib.
2912 5331 2930 5369 ι
2964 5314 3105 5382 Περὶ
3143 5311 3358 5384 ἀρχῶν,
3382 5323 3486 5378 cap.
3507 5306 3547 5360 2.

365 5390 558 5456 σόντας
584 5393 747 5446 πάλιν
769 5393 1158 5459 ἀνακαινισμὸν
1179 5396 1350 5446 ποιεῖν
1406 5392 1614 5446 ἑαυτῶν
1647 5395 1725 5458 είς
1756 5390 1929 5464 ’μετά-
2026 5390 2289 5464 “uerius.

361 5480 533 5520 νοιαν.

433 5533 548 5602 (81)
590 5534 685 5585 Ἐν
717 5533 846 5600 ταῖς
868 5533 1111 5587 Παύλου
1165 5531 1448 5600 Πράξεσι.
1494 5533 1781 5586 Existimat
1825 5531 1929 5586 Pe-

363 5603 574 5673 rionins
605 5602 913 5673 legendum,
941 5605 1170 5673 Πέτρου,
1189 5613 1254 5673 et
1282 5605 1394 5673 haec
1429 5605 1590 5656 verba
1619 5603 1781 5656 Petro
1807 5604 1926 5673 ptri-

365 5669 453 5721 hui
494 5672 560 5723 ab
597 5669 900 5743 llégesippo
927 5669 1144 5728 asserit.
1169 5672 1328 5743 Certe
1355 5671 1498 5725 Petri
1531 5673 1662 5726 Acta
1697 5674 1764 5743 ab
1804 5672 1929 5743 [tie-

363 5750 592 5805 ronymo
627 5741 1117 5797 commemorantur
1143 5745 1236 5797 lib.
1271 5742 1344 5794 De
1385 5743 1566 5808 script.
1605 5742 1788 5795 eccles.
1820 5741 1925 5794 Sed

2098 5461 2208 5536 (8ξὶ)
2240 5457 2448 5536 -ᾎλλιί,
2481 5457 2658 5518 Codex
2685 5456 3203 5536 Regiusnperperam
3236 5453 3386 5534 habet
3435 5448 3543 5526 ipa.

2098 5463 2188 5531 (8‘2
2254 5463 2448 5514 Ἀλλά.
2481 5463 2658 5518 Codex
2687 5463 2886 5536 Regius
2921 5469 3203 5525 perperam
3237 5463 3386 5534 habet
3435 5463 3542 5526 attat.

2093 5463 2208 5601 (83;
2231 5531 2338 5583 Καὶ
2369 5528 2487 5582 τῶν
2512 5540 2848 5601 προφητ-ων.
2887 5524 3011 5601 llzec
3045 5526 3204 5601 verba
3242 5540 3336 5596 nec
3355 5539 3398 5576 Ill
3425 5535 3542 5574 COut-

2023 5596 2404 5655 ce'Bo'dleiano
2440 5614 2538 5652 nec
2569 5596 2710 5666 apud
2743 5596 3058 5650 Ferrarium
3098 5596 3358 5664 leguntur.

2094 5668 2204 5739 (84)
2233 5670 2411 5724 Codex
2450 5667 2666 5738 Regius.
2703 5668 2860 5726 male.
2888 5668 3310 5739 συναρέστησαν.

2095 5735 2207 5810 (8⁵)
2229 5739 2410 5797 Codex
2443 5735 2788 5807 Bodleianus,
2818 5735 3162 5808 πειράσεται·
3201 5735 3422 5806 Regius,
3451 5740 3536 5779 m-

370 5813 550 5861 tamen
581 5809 713 5865 nihil
749 5820 934 5880 muto;
966 5829 1090 5869 nam
1119 5815 1374 5870 Actorum
1420 5811 1573 5867 Pauli
1621 5813 1824 5869 mentio
1851 5809 1931 5882 _ﬁt_
2027 5809 2200 5880 ράσοι.
