3688 6146
114 302 209 355 σοι

1164 301 1625 366 (ἸΟΜΜΕΝΤηΙΝ
1657 302 1850 361 JOAN.
1886 304 2130 362 TOMUS
2167 305 2292 361 XX.

3257 307 3366 363 609

108 419 212 490 γὰρ
254 417 432 472 ταῦτα
460 417 638 472 πάντα
670 418 826 490 φησι,
876 420 968 475 καὶ
1001 421 1050 473 εί
1099 421 1174 493 μὴ
1218 423 1516 494 ἐπεφέρετο
1567 424 1684 495 μετ’

1877 441 1907 479 c
1945 425 2128 481 omnia
2165 426 2425 496 loquitur,
2460 433 2517 480 et
2549 425 2662 482 nisl-
2687 435 2806 496 post
2845 441 3016 497 pauca
3049 425 3360 484 intulisset:

109 509 258 578 ὀλίγα
308 510 404 564 τό·
450 509 634 580 Ὑμεῖς
676 512 747 565 ἐκ
794 512 902 567 τοῦ
957 513 1182 582 πατρὸς
1229 516 1336 570 τοῦ
1401 515 1683 572 διαϐόλου

1800 515 1904 569 Vos
1938 532 2004 570 ex
2023 529 2172 584 patre
2200 517 2416 572 diabolo
2445 518 2594 582 estis,
2617 527 2666 572 et
2697 518 2964 572 desideria
3004 520 3173 589 patris
3202 519 3362 574 vestri

109 599 264 664 ἐστὲ,
294 600 397 655 καί
434 603 539 668 τίις
560 602 879 673 ἐπιθυμίας
910 605 1016 659 τοῦ
1041 607 1264 675 πατρὸς
1289 606 1456 677 ὑμῶν
1483 608 1686 662 θέλετε

1879 606 1948 660 tis
2009 608 2184 676 facere
2231 608 2300 673 ⁸⁷,
2343 623 2413 664 ηε
2459 623 2601 664 nunc
2650 609 2868 678 quidem
2918 625 3362 681 agnosceremus,

110 694 320 760 ποιεῖν,
354 695 455 749 κᾶν
493 694 680 764 σαφῶς
700 695 797 750 οὐκ
829 696 1161 768 ἐγνώκειμεν
1197 699 1260 753 τὸ
1312 699 1555 772 βούλημα
1589 700 1682 754 τοῦ

112 787 420 858 εἰρημένου.
455 788 528 841 Οὐ
559 787 874 859 θαυμαστὸν
918 789 976 842 δὲ
1022 792 1071 844 εί
1111 793 1223 857 τοῖς
1263 795 1684 849 πεπιστευκόσιν

112 880 254 951 αὐτῷ
298 881 593 944 Ἰουδαίοις,
621 881 849 952 μηδέπω
875 883 1120 953 μείνασιν
1146 884 1312 938 αὑτοῦ
1341 888 1397 939 ἐν
1421 887 1498 958 τῷ
1518 887 1681 959 λόγῳ,

113 972 195 1026 ἶνα
231 973 451 1044 ἀληθῶς
503 973 668 1027 αὐτοῦ
711 975 972 1044 γένωνται
1031 977 1291 1048 μαθηταὶ,
1340 979 1433 1032 καὶ
1483 981 1684 1048 γνῶσιν

111 1064 202 1135 τὴν
231 1064 512 1136 ἀλήθειαν,
552 1067 644 1120 ἐπὶ
672 1065 749 1137 τῷ
775 1066 1202 1140 ὲλευθερωθῆναι
1229 1070 1321 1123 ὑπ’
1345 1071 1534 1142 αὐτῆς,
1570 1071 1686 1126 ἐλε-

113 1172 171 1224 γε
201 1154 292 1209 τό·
341 1153 531 1224 Ὑμεῖς
569 1156 790 1210 ποιεῖτε
822 1157 895 1211 τὰ
923 1157 1069 1229 ἔργα
1096 1159 1200 1214 τοῦ
1231 1159 1456 1229 πατρὸς
1493 1161 1681 1231 ὑμῶν,

114 1249 221 1311 καὶ,
249 1247 326 1312 ὡς
358 1250 419 1302 ὲν
453 1251 566 1312 τοῖς
589 1249 714 1320 ἑξῆς
744 1250 1086 1322 ἐπιφέρεται,
1114 1252 1175 1306 τό
1194 1270 1208 1285 ο
1255 1254 1442 1323 Ὑμεῖς
1479 1256 1548 1309 ἐκ
1576 1257 1683 1310 τοῦ

113 1343 329 1410 πατρὸς
359 1343 468 1397 τοῦ
494 1342 776 1399 διαϐόλου
804 1345 968 1400 ἐστέ.
996 1347 1114 1401 Κᾶν
1140 1347 1250 1420 γὰρ
1296 1350 1504 1419 ἀπηνὲς
1544 1347 1681 1405 εἶναι

113 1435 234 1504 δοκῇ
264 1434 324 1486 τὺ
357 1434 568 1488 τοιοῦτο
597 1435 888 1506 λεγόμενον
920 1438 1050 1509 περι¹
1087 1440 1530 1494 πεπιστευκότων
1584 1442 1682 1513 μὲν

114 1525 272 1597 αὐτῷ,
298 1527 394 1580 καὶ
421 1526 874 1598 μἀθητευθέντων
903 1547 1042 1594 πως,
1077 1531 1140 1584 οὐ
1189 1530 1294 1603 μὴν
1337 1532 1437 1604 ἤδη
1468 1532 1684 1603 ἀληθῶς

115 1620 563 1692 χρηματισάντων
594 1621 852 1694 μαθητῶν
881 1623 975 1677 τοῦ
1010 1623 1207 1696 Ἰησοῦ,
1243 1627 1392 1697 ὅμως
1418 1644 1684 1698 κατανοη-

112 1714 224 1766 τέον
246 1715 340 1768 καὶ
368 1715 431 1769 τὸ
461 1717 521 1770 ὲν
553 1719 616 1788 τῇ
657 1715 932 1790 Καθολικῇ
979 1719 1264 1790 Ἐπιστολῇ
1291 1720 1396 1774 ὑπὸ
1435 1721 1681 1776 Ἰωάννου

1791 697 1982 753 saltem
2024 709 2236 768 aperte,
2288 700 2576 755 consilium
2638 699 2936 769 loquentis.
2991 700 3101 757 Nec
3160 703 3360 757 mirum

1788 790 2036 860 profecto
2063 792 2111 847 si
2145 793 2210 846 ad
2243 807 2338 849 eos
2374 791 2612 859 Iudaeus,
2642 794 2736 862 qui
2769 793 2818 848 ei
2854 795 3222 860 crediderant,
3256 810 3362 852 nec

1794 897 1971 941 tamen
2009 895 2213 941 tantum
2248 887 2508 956 temporis
2539 887 2592 940 in
2633 901 2886 943 sermone
2939 887 3056 955 ejus
3103 903 3359 958 perman-

1792 986 2064 1034 serautut
2102 993 2234 1035 vere
2282 979 2457 1050 ipsius
2512 979 2637 1035 facti
2696 979 2952 1048 discipuli
3003 986 3362 1048 agnoscerent

1791 1069 2097 1134 veritatem,
2125 1080 2184 1124 ut
2215 1071 2284 1126 ab
2313 1086 2377 1125 ea
2421 1071 2808 1134 liberarentur,
2852 1069 3053 1125 dixerit
3092 1087 3107 1124 :
3147 1067 3246 1124 Vos
3275 1070 3362 1139 fa.-

1789 1162 1910 1215 citis
1945 1179 2103 1230 opera
2130 1166 2298 1231 patris
2329 1165 2488 1218 vestri
2520 1164 2565 1196 ⁸⁸
2609 1180 2625 1225 ;
2657 1173 2712 1218 et
2745 1162 2875 1217 illud
2913 1163 3096 1227 etiam,
3124 1161 3268 1229 quod
3302 1161 3359 1214 in

1791 1257 2144 1324 sequentibus
2170 1259 2517 1328 subjungitur
2543 1277 2557 1313 :
2587 1256 2693 1312 Vos
2708 1273 2775 1312 ea:
2797 1266 2946 1323 patre
2972 1255 3181 1310 diabolo
3210 1256 3358 1310 estis.

1789 1347 2048 1413 Quamvis
2075 1350 2220 1402 enim
2251 1348 2607 1402 inhumanum
2643 1347 2748 1402 hoc
2777 1347 2979 1401 dictum
3013 1345 3265 1400 videatur
3289 1344 3357 1397 ad

1789 1457 1886 1496 eos
1927 1442 2018 1510 qui
2068 1443 2116 1495 ei
2145 1441 2509 1507 crediderant,
2558 1441 2758 1510 quique
2791 1439 2973 1508 aliquo
3007 1438 3167 1492 modo
3195 1435 3264 1491 ab
3295 1451 3362 1492 eo

1791 1534 1971 1589 edocti
2003 1531 2242 1596 fuerant,
2279 1547 2388 1588 non
2432 1541 2614 1586 tamen
2643 1545 2710 1586 eo
2737 1545 2906 1600 usque
2937 1539 2996 1584 ut
3029 1544 3154 1586 vere
3197 1528 3362 1583 disci-

1789 1626 1898 1696 puli
1933 1625 2134 1681 Christi
2165 1626 2502 1691 dicerentur,
2543 1633 2783 1678 attamen
2835 1635 3061 1677 necesse
3100 1629 3186 1675 est
3223 1632 3362 1672 cou-

1789 1719 2093 1774 sideremus
2141 1717 2270 1771 illud
2321 1733 2349 1770 a
2378 1715 2588 1770 Joanne
2619 1714 2670 1767 in
2697 1713 2977 1768 Catholica
3009 1710 3248 1775 Epistola
3277 1712 3362 1765 di-

115 1809 394 1881 εἰρημένον
439 1811 571 1883 περὶ
614 1810 745 1865 υἱῶν
789 1812 948 1879 Θεοῦ,
995 1813 1090 1868 καὶ
1140 1815 1272 1870 υίῶν
1311 1816 1578 1871 διαϐόλου.
1619 1819 1680 1873 '0

1878 1824 1928 1861 m
1965 1809 2032 1862 tle
2063 1807 2186 1861 ﬁliis
2229 1806 2341 1868 Dei,
2399 1805 2573 1873 deque
2617 1804 2742 1857 ﬁliis
2784 1801 3009 1857 diaboli.
3066 1799 3172 1865 Qui
3216 1814 3362 1853 com-

115 1899 290 1955 ποιῶν
317 1903 450 1975 γὰρ,
484 1904 636 1975 φησι,
659 1904 777 1971 τὴν
813 1905 1108 1975 ἁμαρτίαν
1143 1907 1211 1961 ἐκ
1247 1907 1354 1962 τοῦ
1399 1908 1680 1966 διαϐόλου

113 1993 291 2060 ἐστίν,
321 1994 412 2048 ὅτι
453 1997 556 2052 ἀπ’
584 1997 777 2067 ἀρχῆς
798 2002 831 2053 ό
871 1997 1149 2066 διάϐολος
1185 1999 1528 2070 ἁμαρτάνει.
1577 2005 1682 2071 Εἰς

113 2085 280 2140 τοῦτο
306 2086 722 2158 ἐνεφανερώθη
751 2093 784 2144 ό
810 2090 941 2156 Υἱὸς
963 2091 1070 2146 τοῦ
1105 2091 1272 2158 Θεοῦ,
1307 2094 1407 2148 ἵνα
1428 2095 1590 2164 λύσῃ
1611 2097 1684 2151 τὰ

114 2178 248 2246 ἔργα
294 2179 402 2234 τοῦ
449 2180 750 2236 διαϐόλου.
783 2180 910 2250 Πᾶς
939 2186 972 2238 ό
1000 2185 1432 2254 γεγεννημένος
1475 2187 1543 2240 ἐκ
1575 2187 1682 2242 τοῦ

119 2269 256 2323 Θεοῦ
283 2269 581 2339 ἁμαρτίαν
625 2273 697 2326 οὐ
737 2273 912 2337 ποιεῖ,
955 2274 1041 2327 ὅτι
1093 2274 1332 2344 σπέρμα
1373 2277 1561 2332 αὑτοῦ
1615 2278 1684 2331 ἐν

116 2360 264 2426 αὐτῷ
291 2362 484 2431 μένει,
515 2364 613 2420 καὶ
652 2367 726 2420 οὐ
778 2364 1026 2421 δύναται
1069 2367 1448 2438 ἁμαρτάνειν,
1488 2369 1580 2424 ὅτι
1613 2371 1682 2425 ἐκ

117 2451 216 2507 τοῦ
246 2453 394 2508 Θεοῦ
417 2455 788 2526 γεγέννηται.
826 2458 930 2511 Ἐν
965 2459 1154 2526 τούτῳ
1191 2458 1421 2529 φανερά
1450 2459 1582 2514 ἐστι
1612 2460 1685 2515 τὰ

118 2547 286 2600 τέκνα
313 2546 418 2600 τοῦ
459 2547 628 2611 Θεοῦ,
662 2548 760 2602 καὶ
785 2549 859 2603 τὰ
881 2549 1065 2604 τέκνα
1083 2550 1191 2605 τοῦ
1225 2551 1508 2607 διαϐόλου
1525 2569 1539 2583 ο
1567 2552 1686 2619 πᾶς

119 2639 149 2690 ό
173 2637 254 2707 μὴ
278 2637 362 2692 ὢν
400 2639 640 2706 δίκαιος
677 2642 788 2695 οὐκ
836 2642 1010 2696 ἐστιν
1042 2643 1111 2697 ἐκ
1151 2643 1260 2698 τοῦ
1301 2645 1472 2710 Θεοῦ,
1524 2647 1625 2700 καὶ
1652 2650 1686 2701 ό

114 2728 192 2800 μὴ
224 2731 472 2801 ἀγαπῶν
495 2732 604 2786 τὸν
627 2733 892 2802 ἀδελφὸν
918 2734 1123 2789 αὐτοῦ.
1157 2735 1278 2789 Τῶν
1299 2737 1479 2808 ῥητῶν
1507 2739 1686 2792 τοίνυν

119 2819 309 2874 τούτων
332 2822 510 2887 οὕτως
549 2823 801 2895 ἐχόντων,
833 2825 1170 2896 κατανόησον
1194 2829 1242 2880 εί
1277 2828 1351 2900 μὴ
1383 2829 1568 2898 σαφῶς
1611 2830 1686 2883 εἴ·

123 2927 290 2982 ρηται,
323 2913 405 2966 ὅτι
441 2911 569 2980 Πᾶς
597 2918 630 2968 ό
662 2913 848 2970 ποιῶν
878 2915 994 2984 τὴν
1022 2917 1315 2986 ἁμαρτίαν
1339 2919 1408 2973 ἐκ
1436 2919 1543 2974 τοῦ
1568 2920 1688 2974 δια-

120 3007 286 3060 ϐόλου
318 3007 527 3060 ἐστίν’
575 3008 697 3063 ὅσον
732 3008 993 3080 ποιοῦμεν
1029 3011 1325 3083 ἁμαρτίας,
1353 3013 1562 3067 οὐδέπω
1589 3013 1687 3087 τὴν

121 3100 179 3152 ἐκ
205 3098 296 3152 τοῦ
320 3101 572 3153 διαϐόλου
603 3104 817 3170 γένεσιν
847 3103 1256 3174 ἁπεδυσάμεθα,
1279 3105 1383 3159 κᾶν
1410 3107 1684 3162 πιστεύειν
1713 3135 1753 3180 η

117 3191 187 3254 είς
207 3189 294 3242 τὸν
319 3187 531 3260 Ἰησοῦν
557 3185 907 3257 νομιζώμεθα
929 3184 1026 3236 καὶ
1061 3183 1218 3238 τοῦτο
1245 3182 1532 3237 ἀκόλουθόν
1561 3185 1675 3236 ἐστι

118 3282 186 3351 τῷ
215 3281 468 3350 λέγεσθαι
514 3282 628 3342 τοῖς
673 3276 1092 3331 πεπιστευκόσιν
1130 3275 1402 3338 Ἰουδαίοις
1441 3274 1546 3327 ὑπὸ
1581 3273 1676 3327 τοῦ

119 3373 282 3442 Ἰησοῦ
302 3391 316 3404 ·
357 3371 547 3440 Ὑμεῖς
576 3368 795 3422 ποιεῖτε
833 3367 908 3421 τὰ
929 3367 1074 3436 ἔργα
1102 3367 1209 3421 τοῦ
1239 3365 1462 3433 πατρὸς
1488 3364 1676 3434 ὑμῶν,

121 3463 516 3534 ἀναφερομένου
542 3460 635 3514 τοῦ
665 3459 890 3527 πατρός
917 3459 1008 3511 ἐπὶ
1046 3457 1139 3510 τὸν
1170 3456 1435 3518 διάϐολον,
1464 3456 1550 3509 διὰ
1581 3455 1641 3508 τό
1660 3472 1675 3487 ο

132 3554 303 3623 ’.ιμεῖς
341 3555 410 3607 ἐκ
450 3553 561 3607 τοῦ
602 3550 825 3619 πατρὸς
868 3550 976 3605 τοῦ
1013 3549 1296 3604 διαϐόλου
1321 3547 1483 3602 ἐστέ.
1529 3547 1592 3600 El
1624 3547 1680 3602 δὲ

122 3647 220 3708 πᾶς
243 3647 271 3698 ὁ
302 3646 470 3700 ποιῶν
497 3645 596 3715 τὴν
629 3643 902 3715 ἁμαρτίαν
933 3644 997 3696 ὲκ
1019 3641 1112 3696 τοῦ
1135 3642 1378 3695 διαϐόλου
1407 3640 1540 3701 ἐστὶ.
1573 3641 1682 3704 πᾶς

122 3737 148 3788 ὁ
184 3737 254 3807 μὴ
291 3736 365 3789 ὣν
414 3737 483 3790 ὲκ
520 3735 614 3790 τοῦ
663 3735 909 3789 διαϐόλου
960 3734 1022 3787 οὑ
1073 3736 1218 3787 ποιεῖ
1249 3733 1349 3803 τὴν
1387 3732 1678 3804 ἁμαρτίαν.

123 3827 272 3882 ’Λλλὰ
320 3830 415 3883 καὶ
463 3828 624 3900 εἴπερ
673 3829 753 3891 εἰς
796 3827 954 3880 τοῦτο
1003 3825 1320 3898 ἐφανερώθη
1358 3827 1388 3879 ὁ
1425 3825 1549 3888 Υἱὸς
1585 3823 1679 3877 τοῦ

121 3919 267 3985 Θεοῦ,
295 3921 383 3975 ἵνα
404 3920 545 3992 λύσῃ
570 3919 638 3972 τὰ
667 3919 801 3990 ἔργα
825 3918 918 3971 τοῦ
942 3918 1205 3985 διαϐόλου,
1228 3919 1352 3972 ὅσον
1379 3917 1588 3970 οὐδέπω
1613 3915 1682 3969 τὰ

123 4012 175 4064 ἐν
203 4013 328 4084 ἡμῖν
355 4013 545 4066 ἔλυσεν
581 4011 718 4082 ἔργα
752 4011 847 4064 τοῦ
876 4009 1144 4073 διαϐόλου,
1176 4009 1254 4082 τῷ
1297 4011 1372 4081 μὴ
1411 4025 1683 4081 παρεστη-

125 4103 267 4154 κέναι
295 4105 443 4174 ημᾶς
472 4104 699 4164 ἑαυτοὺς
726 4100 804 4171 τῷ
827 4101 1006 4154 λύοντι
1037 4101 1102 4155 τὰ
1128 4100 1262 4173 ἔργα
1289 4100 1383 4154 τοῦ
1411 4099 1678 4163 διαϐόλου,

123 4194 320 4248 οὐδέπω
349 4193 670 4264 ἀπεθέμεθα
698 4193 758 4246 τὸ
785 4188 925 4245 εἶναι
951 4192 1116 4247 τέκνα
1149 4190 1241 4244 τοῦ
1275 4191 1541 4254 διαϐόλου,
1575 4189 1683 4243 ἀπὸ

124 4286 223 4338 τῶν
248 4286 477 4358 καρπῶν
517 4284 998 4355 ἐπιγινωσκόμενοι
1027 4285 1172 4348 τίνος
1212 4284 1378 4355 ἐσμὲν
1408 4283 1547 4336 υίοί’
1591 4281 1683 4336 καὶ

126 4377 184 4430 ἐκ
216 4377 416 4430 τούτων
459 4377 706 4448 μέντοιγε
743 4376 902 4446 δῆλόν
939 4377 1118 4440 ἐστιν,
1157 4377 1239 4429 ὅτι
1290 4376 1350 4429 οὐ
1388 4375 1476 4428 διὰ
1510 4391 1680 4428 κατα-

129 4469 314 4540 σκευὴν
341 4470 452 4542 (86)
485 4470 598 4533 υἱός
633 4469 716 4532 τίς
748 4470 865 4521 ἐστι
906 4467 1151 4521 διαϐόλου
1171 4507 1187 4530 ,
1220 4467 1342 4520 οὐδὲ
1383 4465 1470 4520 διὰ
1505 4465 1566 4518 τὸ
1593 4465 1685 4519 οὖ-

126 4575 226 4622 τως
243 4559 755 4632 δεδημιουργῆσθαι,
783 4560 896 4622 υἱός
917 4577 999 4621 τις
1023 4556 1327 4630 ἀνθρώποις
1353 4556 1569 4624 λέγεται
1591 4555 1682 4609 τοῦ

129 4651 274 4704 Θεοῦ·
299 4655 391 4706 καὶ
415 4652 592 4723 δῆλον,
618 4654 700 4706 ὅτι
723 4651 942 4705 δύναται
971 4652 1130 4704 ὁπότε
1161 4651 1276 4712 υἱὸς
1308 4649 1403 4702 τοῦ
1438 4647 1684 4702 διαϐόλου

130 4743 368 4808 γενέσθαι
398 4744 514 4806 υίὸς
545 4743 640 4796 τοῦ
669 4741 826 4795 Θεοῦ·
863 4742 1001 4812 ὅπερ
1031 4741 1199 4811 σαφὲς
1222 4741 1316 4793 καὶ
1355 4741 1385 4794 ὁ
1411 4738 1686 4801 Ματθαῖος

131 4836 264 4886 ποιεῖ
312 4835 640 4906 ἀναγράφων
695 4833 785 4887 τὸν
848 4832 1078 4905 Σωτῆρα
1132 4829 1304 4893 οξτως
1374 4829 1649 4902 εἰρηκέναι
1670 4844 1683 4857 ·

131 4921 462 4990 Ἠκούσατε,
495 4924 585 4978 ὅτι
624 4923 862 4993 ἐρῤέθη·
888 4921 1240 4989 Ἀγαπήσεις
1278 4919 1387 4975 τὸν
1421 4919 1676 4988 πλησίον

132 5015 263 5069 σου,
287 5008 389 5061 και
399 5007 684 5074 μισήσεις
712 5007 818 5060 τὸν
838 5008 1054 5077 ἐχθρόν
1081 5024 1220 5062 σου.
1257 5009 1405 5077 Ἐγὼ
1445 5011 1513 5064 δὲ
1537 5012 1692 5080 λέγω

134 5091 299 5161 ὑμῖν·
359 5096 650 5166 Ἀγαπᾶτε
703 5098 816 5167 (87)
858 5099 1000 5163 τοὺς
1056 5096 1308 5166 ἐχθροὺς
1349 5095 1537 5166 ὑμῶν,
1595 5099 1691 5153 καὶ

136 5190 532 5259 πρεσεύχεσθε
586 5189 739 5260 ὑπὲρ
784 5190 904 5246 τῶν
943 5192 1280 5247 διωκόντων
1319 5189 1492 5262 ὑμᾶς,
1535 5191 1695 5258 ὅπως

136 5276 380 5346 γένησθε
415 5283 532 5338 υἱοὶ
564 5285 669 5338 τοῦ
708 5284 936 5354 Πατρός
959 5285 1143 5355 ὑμῶν,
1191 5284 1299 5340 τοῦ
1342 5286 1414 5340 ἐν
1440 5285 1564 5352 τοῖς
1591 5286 1692 5338 οὐ·

137 5372 349 5440 ρανοῖς.
395 5376 767 5450 Προσεύχεσθε
815 5379 945 5451 γὰρ,
998 5379 1081 5433 ὅτι
1129 5379 1196 5433 ὲκ
1231 5377 1349 5444 τοῦ,
1411 5379 1687 5448 Ἀγαπᾶτε

1712 4421 1758 4480 D

1783 1899 1942 1952 mittit
1971 1899 2140 1960 enim,
2174 1899 2369 1965 inquit.
2397 1908 2687 1964 peccatum,
2730 1911 2795 1948 ea:
2833 1895 3047 1946 diabolo
3087 1901 3188 1954 est,
3221 1907 3357 1961 quo.

1785 1993 1929 2044 niam
1955 1990 2018 2043 ab
2048 1991 2198 2044 initio
2233 1987 2476 2042 diabolus
2516 1996 2712 2056 peccat.
2749 1985 2829 2038 Ad
2860 1985 2958 2037 hoc
2983 1985 3232 2052 apparuit
3262 1980 3360 2035 Fi-

1782 2082 1888 2136 lius
1921 2081 2035 2146 Dei,
2061 2090 2118 2134 ut
2151 2080 2405 2134 dissolvat
2433 2093 2589 2144 opera
2616 2076 2834 2130 diaboli.
2879 2076 3065 2132 Omnis
3105 2075 3197 2145 qui
3259 2091 3358 2128 na-

1784 2180 1870 2225 tus
1911 2179 1988 2225 est
2026 2185 2091 2225 ea:
2127 2169 2257 2235 Deo,
2297 2177 2571 2239 peccatum
2616 2183 2722 2221 non
2766 2165 3069 2228 committit,
3111 2168 3360 2234 quoniam

1783 2279 1958 2318 semen
1999 2263 2166 2332 ipsius
2207 2265 2261 2315 in
2296 2278 2356 2316 eo
2381 2272 2579 2325 manet,
2604 2269 2652 2315 et
2684 2275 2787 2312 non
2822 2269 2986 2326 potest
3030 2273 3261 2325 peccare,
3299 2271 3360 2311 eo

1783 2357 1922 2428 quod
1961 2371 2027 2410 ea:
2057 2355 2166 2409 Deo
2198 2365 2354 2408 natus
2386 2362 2487 2408 est.
2530 2351 2592 2406 In
2630 2351 2727 2405 hoc
2774 2349 3043 2418 manifesti
3086 2358 3210 2403 sunt
3258 2347 3360 2417 ﬁlii

1784 2450 1910 2514 Dei,
1934 2460 1982 2503 et
2020 2448 2120 2518 ﬁlii
2153 2447 2356 2501 diaboli
2406 2460 2424 2499 :
2458 2446 2627 2500 omnis
2657 2444 2744 2515 qui
2775 2458 2877 2496 non
2913 2442 3044 2511 facit
3071 2440 3357 2509 justitiam.

1786 2559 1889 2596 non
1927 2552 2002 2595 est
2037 2557 2102 2595 ea:
2137 2539 2271 2606 Deo,
2309 2550 2356 2592 et
2389 2539 2483 2608 qui
2516 2553 2618 2591 non
2647 2535 2818 2606 diligit
2852 2534 3076 2603 fratrem
3107 2551 3264 2589 suum
3291 2535 3353 2588 ⁸⁸.

1785 2634 1994 2701 Quibus
2027 2631 2213 2688 verbis
2263 2632 2344 2687 sic
2391 2629 2745 2694 habentibus,
2787 2629 3076 2684 considera
3126 2644 3196 2683 an
3251 2645 3358 2685 non

1786 2737 1977 2796 aperte
2029 2727 2238 2782 dictum
2279 2725 2387 2781 sit:
2417 2724 2604 2780 Omnis
2643 2723 2735 2794 qui
2760 2725 3038 2777 committit
3066 2734 3360 2792 peccatum,

1787 2833 1854 2871 ex
1876 2816 2092 2870 diabolo
2122 2826 2223 2874 est.
2251 2816 2486 2872 Proiude
2519 2817 2570 2869 in
2599 2822 2864 2884 quantum
2893 2822 3176 2883 peccatum
3206 2830 3358 2871 com-

1787 2908 2076 2974 mittimus,
2101 2908 2340 2964 nondum
2355 2909 2609 2963 exuimus
2623 2917 2801 2963 ortum
2816 2922 2882 2963 ex
2897 2907 3129 2974 diabolo,
3146 2906 3359 2962 etiamsi

1789 3001 2018 3058 credere
2050 3000 2106 3054 in
2137 2998 2324 3056 Jesum
2351 2999 2771 3068 existimemur;
2816 3008 2876 3055 et
2899 3013 3238 3069 consequens
3273 3009 3361 3054 est

1791 3102 1900 3157 hoc
1933 3099 2041 3155 dici
2075 3113 2105 3153 a
2129 3095 2256 3152 Jesu
2286 3094 2508 3161 Judteis,
2533 3094 2626 3166 qui
2650 3096 2700 3153 ei
2721 3094 3065 3152 crediderant
3088 3083 3122 3149 ε’
3140 3092 3244 3150 Vos
3271 3095 3361 3164 {a-

1744 3169 1756 3184 ”
1781 3184 1905 3237 citis
1942 3200 2100 3252 opera
2135 3185 2304 3254 patris
2343 3184 2535 3248 vestri,
2577 3183 2891 3238 relationem
2941 3186 3176 3241 habente
3219 3199 3354 3240 voce

1779 3274 1951 3343 patris
1988 3274 2056 3328 ad
2092 3274 2365 3330 diabolum
2387 3315 2402 3338 ,
2457 3284 2678 3344 propter
2731 3275 2860 3329 illud
2899 3293 2914 3329 :
2967 3275 3065 3329 Vos
3101 3292 3167 3330 ea:
3203 3286 3354 3344 patre

1781 3367 1992 3423 diabolo
2030 3371 2178 3426 estis.
2219 3370 2376 3436 Quod
2415 3369 2460 3423 si
2497 3369 2674 3424 omnis
2710 3371 2802 3440 qui
2838 3373 3126 3427 committit
3159 3389 3354 3442 pecca-

1783 3467 1920 3526 tum,
1952 3460 2116 3532 324
2143 3470 2228 3516 est
2267 3478 2332 3516 ex
2374 3462 2617 3527 diabolo;
2665 3463 2842 3517 omnis
2887 3464 2978 3533 qui
3022 3481 3132 3518 non
3174 3476 3356 3522 estex

1785 3550 2022 3614 diabolo,
2056 3567 2164 3606 non
2205 3552 2492 3606 committit
2517 3561 2819 3621 peccatum.
2852 3552 2993 3618 Quin
3023 3555 3182 3608 etiam
3213 3556 3257 3609 si
3288 3557 3358 3610 ad

1786 3642 1892 3697 hoc
1939 3643 2188 3712 apparuit
2224 3643 2390 3697 FiLus
2441 3643 2566 3707 Dei,
2607 3652 2667 3697 ut
2717 3642 2889 3696 solvat
2924 3659 3087 3712 opera
3123 3645 3355 3712 diaboli,

1785 3734 1911 3803 quia
1968 3734 2095 3788 huic
2151 3749 2262 3788 non
2317 3733 2726 3789 exhibuerimus
2771 3749 2872 3788 nos
2927 3735 3072 3804 ipsos
3126 3737 3358 3793 solventi

1785 3839 1950 3894 Opera
1991 3825 2225 3892 diaboli,
2273 3826 2516 3880 nondum
2560 3825 2910 3896 deposuimus
2955 3843 3078 3882 esse
3121 3828 3214 3883 ﬁlii
3245 3830 3358 3884 dia-

1785 3917 1930 3981 boli;
1969 3918 2096 3988 quia
2144 3919 2212 3974 ab
2259 3918 2515 3989 operibus
2562 3919 2906 3989 agnoscimur
2951 3919 3105 3989 cujus
3150 3919 3243 3974 ﬁlii
3283 3921 3358 3976 si-

1786 4026 1936 4075 mus;
1969 4026 2038 4064 ex
2065 4011 2262 4080 quibus
2293 4010 2455 4065 etiam
2489 4011 2835 4080 perspicuum
2866 4020 2970 4078 est,
2999 4027 3109 4066 non
3137 4023 3362 4084 propter

1785 4100 2058 4170 Opiﬁcium
2103 4102 2334 4172 aliquem
2379 4101 2577 4156 diaboli
2622 4101 2792 4156 ﬁlium
2836 4117 2976 4168 esse,
3018 4119 3195 4174 neque
3235 4105 3361 4175 quia

1787 4193 1867 4247 sic
1896 4203 2110 4247 creatus
2134 4193 2316 4256 fuerit,
2353 4193 2496 4248 ﬁlius
2523 4193 2788 4264 quispiam
2819 4193 2875 4247 in
2915 4195 3224 4250 hominibus
3251 4197 3360 4252 dici

1787 4285 1882 4339 Dei
1913 4303 1927 4338 :
1958 4284 2068 4339 imo
2103 4285 2451 4339 manifestum
2479 4294 2563 4340 est
2590 4285 2734 4354 quod
2765 4285 2857 4356 qui
2884 4285 3171 4356 aliquando
3196 4287 3360 4342 fuerit

1785 4374 1982 4429 diaboli
2013 4373 2152 4428 ﬁlius
2171 4414 2185 4438 ,
2221 4373 2359 4428 efﬁci
2405 4374 2578 4444 possit
2608 4374 2748 4429 ﬁlius
2791 4374 2905 4429 Dei.
2939 4375 2996 4430 ld
3024 4377 3168 4446 quod
3197 4377 3361 4431 etiam

1789 4465 2072 4520 Matthzeus
2104 4465 2251 4519 hunc
2293 4464 2349 4517 in
2384 4465 2604 4519 modum
2646 4465 2975 4530 manifestat,
3020 4465 3362 4523 Servatorent

1789 4557 1989 4612 dixisse
2041 4555 2339 4611 scribens:
2393 4555 2634 4610 Audistis
2691 4557 2889 4610 dictum
2939 4573 3051 4612 esse
3089 4574 3109 4612 :
3161 4557 3363 4630 Diliges

1787 4647 2089 4715 proximum
2129 4656 2312 4711 tuum,
2351 4657 2401 4701 et
2456 4647 2580 4700 odio
2632 4647 2839 4703 habebis
2878 4650 3150 4704 inimicum
3191 4661 3358 4705 tuum.

1789 4739 1859 4791 At
1885 4753 1978 4807 ego
2009 4737 2128 4792 dico
2153 4737 2297 4792 vobis
2329 4755 2348 4795 :
2377 4737 2600 4809 Diligite
2625 4740 2868 4792 inimicos
2892 4750 3112 4808 vestros,
3137 4750 3186 4796 et
3214 4753 3368 4796 orate

1791 4843 1888 4896 pro
1912 4828 2336 4898 persequentibus
2360 4845 2467 4895 vos,
2498 4838 2554 4882 ιιι
2584 4830 2702 4884 sitis
2726 4829 2829 4899 ﬁlii
2856 4830 3039 4885 Patris
3075 4833 3235 4887 vestri
3273 4835 3365 4904 qui

1793 4920 1848 4972 in
1869 4917 2013 4974 caelis
2054 4927 2132 4972 est
2157 4919 2224 4974 ⁷ο.
2256 4917 2419 4974 Orate
2446 4920 2616 4987 enim,
2640 4921 2766 4992 quia
2807 4930 3025 4978 orantes
3051 4938 3152 4994 pro
3176 4939 3365 4994 perse-

1791 5015 2087 5077 quentibus
2121 5028 2236 5075 vns,
2276 5025 2336 5065 et
2376 5015 2630 5067 inimicus
2687 5024 2893 5068 vestros
2942 5030 3128 5069 amore
3179 5029 3368 5082 prose-

1794 5110 2046 5166 quentes,
2081 5099 2175 5154 ﬁlii
2207 5099 2516 5155 eﬂictemini
2552 5100 2730 5157 Patris
2757 5105 3020 5168 ccelestis.
3046 5105 3090 5160 si
3125 5105 3246 5174 quis
3271 5119 3367 5156 au-

1797 5202 1880 5246 tea
1909 5207 1974 5244 ex
2007 5190 2164 5246 vobis
2192 5206 2299 5245 non
2331 5191 2496 5246 fuerit
2524 5193 2670 5249 illius
2696 5195 2858 5251 ﬁlius.
2887 5196 3152 5264 Quoniam
3183 5205 3366 5249 autem

1798 5283 2074 5340 manifesti
2129 5295 2254 5340 sunt
2285 5285 2382 5340 ﬁlii
2419 5287 2534 5355 Dei,
2566 5296 2622 5343 et
2653 5289 2746 5344 ﬁlii
2793 5289 3015 5351 diaboli,
3045 5295 3268 5356 propter
3309 5285 3368 5340 id

1794 5381 1941 5448 quod
1990 5377 2242 5450 superius
2272 5378 2475 5435 dictum
2498 5388 2583 5436 est
2609 5379 2676 5438 de
2707 5379 2909 5438 diaboli
2951 5377 3096 5446 ﬁliis,
3127 5389 3364 5449 nempe:

207 5513 420 5573 "Joan.
448 5533 564 5588 vut,
587 5519 678 5576 44.
753 5521 798 5553 ⁸⁸
821 5519 952 5576 ibid.
977 5521 1066 5577 41.
1141 5521 1186 5554 ⁸⁸
1206 5519 1228 5575 l
1247 5518 1405 5576 Joan.
1433 5537 1516 5585 Ill,
1547 5521 1693 5580 8-10.

1877 5522 2033 5578 latth.
2056 5537 2112 5586 v,
2134 5521 2205 5577 45
2228 5537 2347 5594 seq.

211 5669 318 5794 (88)
353 5675 434 5728 Οὐ
465 5673 560 5730 διὰ
584 5679 988 5746 κατασκευήν,
1011 5687 1116 5735 etc.
1153 5677 1364 5734 Jactum
1400 5678 1503 5735 hoc
1563 5692 1693 5736 con-

211 5754 228 5794 ι
300 5741 672 5794 alentinianos.

149 5747 228 5794 tra
261 5741 672 5804 Valentinianus.

1877 5678 1999 5753 (R7)
2032 5675 2332 5749 Ἅγαιᾶτε.
2384 5678 2460 5735 Ita
2529 5681 2700 5738 colles
2753 5677 3114 5750 Bodleianus,
3153 5677 3362 5753 Regius

1798 5749 1950 5814 vero,
1976 5749 2314 5822 ἀγαπῆσατε.
