3688 6146
270 295 376 349 Mil,

1706 295 1866 353 ORIG
1875 293 2027 350 ENIS

3388 294 3502 351 οοι

268 414 378 480 Qui
404 413 681 468 committit
712 426 989 480 peccatum
1028 433 1096 470 ea:
1127 418 1341 471 diabolo
1383 430 1457 471 est
1486 417 1533 451 "
1559 436 1574 484 ;
1615 420 1682 472 de
1708 419 1817 472 lilii:

1949 423 2061 476 τοὺς
2085 414 2332 485 ἐχθροὺς,
2359 414 2454 468 καὶ
2487 412 2852 485 προσεύχεσθε
2886 414 3024 486 ὑπὲρ
3037 412 3145 466 τῶν
3173 412 3506 476 διωκόντων,

266 520 398 561 vero
430 506 518 559 Dei
561 521 579 559 :
612 503 799 559 Oinais
834 509 925 574 qui
971 518 1127 561 natus
1176 520 1251 562 est
1286 525 1350 562 ex
1396 508 1526 571 Deo,
1565 519 1832 576 peccatum

268 612 374 649 non
401 597 696 660 committit,
728 599 981 666 quoniam
1019 615 1194 653 semen
1235 601 1399 667 ipsius
1445 602 1502 654 in
1545 618 1604 654 eo
1635 610 1832 666 manet,

265 696 314 736 et
342 700 446 738 non
472 694 637 753 potest
666 702 901 754 peccare,
935 704 995 742 eo
1024 690 1164 757 quod
1213 705 1280 743 ea:
1328 690 1436 744 Deo
1479 702 1636 745 natus
1665 702 1742 746 est
1765 694 1831 758 7’,

268 776 611 844 perspicuum
639 788 724 831 est
751 779 1026 833 hominem
1083 795 1302 836 onmem
1346 783 1437 851 qui
1477 784 1835 852 compleverit

269 868 565 935 rationem,
590 869 672 922 vel
712 869 880 925 [ilium
913 872 1028 933 Dei,
1062 875 1146 927 vel
1177 873 1347 928 lilium
1386 877 1586 931 diaboli
1618 894 1741 933 esse
1764 880 1832 934 ⁷³.

270 955 379 1006 Aut
415 956 559 1009 enim
591 958 885 1012 committit
917 969 1219 1027 peccatum,
1249 974 1343 1017 aut
1372 981 1479 1020 nou
1506 969 1830 1024 committit:

268 1060 393 1100 cum
423 1047 560 1101 nihil
609 1049 679 1103 sit
741 1051 883 1105 inter
913 1054 1257 1110 committere
1299 1068 1582 1124 peccatum
1627 1071 1683 1117 et
1727 1078 1833 1118 non

267 1138 610 1194 committere
658 1153 994 1210 peccatum;
1052 1154 1108 1199 et
1165 1146 1210 1201 si
1277 1150 1497 1219 quidem
1548 1164 1832 1222 peccaturo

270 1232 582 1300 eomtmttit‘,
634 1233 832 1290 dish-sli
884 1245 971 1289 est
1020 1255 1035 1306 ;
1087 1237 1170 1294 sin
1225 1256 1354 1298 vero
1406 1257 1683 1313 peccatum
1727 1265 1832 1304 non

267 1328 581 1393 committit,
601 1341 665 1381 ex
702 1328 811 1382 Deo
838 1338 995 1383 natus
1020 1340 1121 1384 est.
1152 1330 1452 1402 Conjuncta
1491 1349 1618 1391 sunt
1650 1348 1832 1394 autem

267 1418 625 1472 enuntiationi
677 1419 866 1475 horum
916 1423 984 1476 de
1026 1422 1155 1477 ﬁliis
1200 1425 1293 1478 Dei
1341 1436 1397 1479 et
1442 1427 1566 1481 (iliis
1611 1430 1832 1499 diaboli,

268 1524 393 1578 qua:
418 1509 472 1564 in
501 1510 739 1580 Epistola
778 1512 896 1583 ipsa
928 1515 1189 1570 dicuntur
1236 1518 1304 1572 de
1342 1517 1433 1573 his
1476 1520 1569 1589 qui
1615 1532 1742 1575 sunt
1777 1524 1832 1577 in

270 1600 410 1655 Filio
440 1603 558 1664 Dei.
584 1604 759 1673 deque
787 1606 872 1661 his
906 1610 998 1676 qui
1027 1623 1133 1662 non
1164 1609 1420 1665 viderunt
1445 1627 1568 1666 eum
1592 1631 1608 1668 :
1642 1613 1830 1670 Omnis

267 1692 437 1756 enim,
467 1693 661 1761 inquit,
695 1697 789 1759 qui
813 1697 871 1750 in
898 1713 961 1750 eo
998 1709 1209 1763 manet,
1239 1716 1344 1755 non
1367 1713 1549 1771 peccat
1582 1719 1604 1768 ;
1643 1715 1693 1759 et
1719 1722 1833 1759 ont-

267 1783 352 1837 nis
389 1783 482 1852 qui
511 1795 714 1853 peccat,
739 1804 845 1842 non
874 1790 1009 1843 uidit
1051 1791 1223 1859 ipsum
1259 1792 1333 1839 "2
1370 1794 1538 1865 Igitur
1572 1796 1620 1850 si
1653 1800 1832 1852 omnis

263 1873 359 1944 qui
388 1873 442 1928 in
481 1874 574 1929 illo
602 1888 807 1941 manet,
833 1893 938 1933 non
962 1892 1176 1948 peccat;
1209 1883 1302 1951 qui
1336 1894 1549 1953 peccat,
1579 1900 1688 1941 non
1722 1903 1833 1942 ma-

265 1975 360 2020 net
389 1966 445 2020 in
480 1965 650 2023 Filio:
675 1978 733 2023 et
761 1970 808 2025 si
832 1962 1014 2028 omitis
1045 1974 1139 2043 qui
1181 1985 1394 2044 peccat,
1435 1992 1544 2031 non
1579 1979 1831 2048 viditiipo

264 2071 424 2122 sum;
445 2060 541 2128 qui
556 2061 689 2115 vidit
713 2062 911 2130 ipsum,
942 2078 1049 2119 non
1070 2075 1278 2134 peccat.
1306 2066 1517 2123 Pariter
1536 2069 1643 2125 hoc
1663 2072 1828 2126 etiam

266 2151 483 2205 notabis
517 2152 648 2220 quid
688 2153 791 2207 sibi
828 2153 957 2209 velit
990 2153 1231 2212 Joannes
1264 2159 1451 2215 dicens
1480 2181 1492 2215 :
1520 2159 1703 2216 Omnis
1740 2164 1831 2233 qui

264 2249 472 2308 peccat,
508 2259 613 2296 non
643 2245 771 2298 vidit
806 2246 1002 2313 ipsum,
1039 2250 1197 2317 quasi
1231 2250 1318 2304 his
1346 2252 1551 2318 verbis,
1582 2255 1711 2307 vidit
1750 2257 1831 2325 ip-

264 2347 385 2385 smu
396 2331 470 2396 ’⁸,
496 2334 727 2392 innuens
743 2351 957 2406 semper
967 2339 1177 2409 aliquos
1193 2356 1314 2397 esse
1328 2357 1488 2412 posse
1502 2347 1593 2415 qui
1616 2346 1831 2406 videant

261 2421 426 2492 325
448 2422 644 2478 Filium
682 2427 795 2491 Dei,
820 2429 1023 2498 quique
1048 2445 1115 2484 ex
1150 2431 1329 2500 ipsius
1365 2434 1573 2489 visione
1608 2437 1831 2503 partici-

262 2522 395 2581 pent
422 2516 719 2583 potentiam
753 2532 1031 2586 nunquam
1064 2523 1344 2588 peccandi.
1391 2522 1659 2579 Praeterea
1680 2526 1829 2581 dices

263 2605 381 2660 haec
410 2607 621 2661 verba:
664 2606 767 2663 Vos
799 2609 974 2679 facitis
1017 2628 1179 2679 opera
1213 2615 1380 2682 patris
1422 2619 1579 2670 vestri
1619 2617 1688 2681 ⁷⁵,
1731 2618 1829 2671 ali-

260 2701 479 2767 quando
526 2700 747 2770 quidem
799 2702 907 2755 dici
946 2704 1015 2757 ad
1068 2703 1205 2760 ﬁlios
1252 2706 1489 2772 diaboli,
1537 2708 1829 2778 aliquando

259 2803 393 2845 vero
417 2792 487 2846 ad
520 2792 663 2849 ﬁlios
694 2792 789 2848 Dei
826 2810 841 2846 :
873 2808 967 2862 qu1
1023 2806 1247 2863 peccata
1299 2814 1532 2868 namque
1578 2804 1827 2858 commit-

260 2890 405 2949 tunt,
432 2899 595 2953 opera
624 2888 803 2955 patris
824 2887 907 2940 sui
934 2887 1134 2942 diaboli
1178 2891 1562 2957 committunt;
1611 2903 1669 2948 at
1695 2910 1829 2951 vero

259 2975 353 3043 qui
382 2976 642 3045 praeclare
686 2994 747 3033 se
777 2988 1012 3050 gerunt,
1067 2994 1236 3049 opera
1280 2984 1483 3038 faciunt
1525 2984 1706 3041 Patris
1742 2986 1823 3041 sui

1935 508 1965 558 ὀ
1995 506 2069 577 μὴ
2094 506 2169 560 ὣν
2203 507 2465 579 πρότερον
2509 507 2604 560 τοῦ
2645 510 2704 560 ἐν
2740 508 2986 577 οὐρανοῖς
3033 505 3246 576 Πατρὸς
3276 504 3507 576 ὕστερον

1933 599 2100 651 αὑτοῦ
2132 600 2342 667 γίνεται
2387 599 2522 662 υἱός.
2553 600 2674 653 Ὅτι
2712 599 2771 652 δὲ
2801 599 2889 651 διὰ
2929 599 2991 651 τό
3026 596 3161 669 (88)·
3203 596 3295 650 Ἑν
3322 595 3508 666 τούτῳ

1935 691 2146 762 φανερὰ
2174 694 2291 745 ἐστι
2319 692 2386 745 τὰ
2409 691 2546 763 ἔργα
2573 691 2670 745 τοῦ
2690 689 2847 754 Θεοῦ,
2883 692 2977 744 καὶ
3002 689 3072 742 τά
3100 689 3238 760 ἔργα
3263 688 3354 741 τοῦ
3379 688 3509 741 δια-

1934 783 2114 848 ϐόλου,
2149 783 2545 855 προειρημένον
2576 782 2687 854 (89)
2713 784 2840 853 περὶ
2871 783 2969 852 μὲν
2993 780 3102 836 τῶν
3132 779 3228 834 τοῦ
3250 780 3505 833 διαϐόλου

1932 877 2158 941 τέκνων,
2193 877 2276 929 ὅτι
2322 877 2384 928 '0
2408 874 2596 929 ποιῶν
2624 874 2740 942 τὴν
2761 875 3052 944 ἁμαρτίαν
3078 874 3145 926 ἐκ
3168 873 3274 927 τοῦ
3295 871 3505 926 διαϐό-

1932 971 2047 1021 λου
2075 968 2209 1022 ἐστι
2227 983 2245 999 ο
2275 968 2404 1038 περὶ
2426 966 2483 1019 δὲ
2510 966 2621 1019 τῶν
2646 966 2739 1019 τοῦ
2757 965 2915 1029 Θεοῦ,
2946 965 3028 1018 ὅτι
3054 963 3180 1031 Πᾶς
3220 967 3252 1018 ὁ
3294 980 3511 1033 τετενο

1932 1059 2193 1129 νημένος
2238 1059 2308 1113 ἐκ
2355 1060 2464 1115 τοῦ
2514 1059 2664 1114 Θεοῦ
2716 1059 3014 1129 ἁμαρτίαν
3062 1059 3134 1112 οὐ
3182 1056 3352 1123 ποιεῖ,
3410 1054 3512 1108 ὅτε

1934 1151 2172 1221 σπέρμα
2206 1151 2395 1206 αὑτοῦ
2443 1152 2514 1205 ἐν
2555 1151 2716 1216 αὐτῷ
2758 1151 2947 1220 μένει,
2990 1149 3089 1203 καὶ
3123 1151 3193 1203 οὐ
3242 1149 3512 1202 δύναται

1933 1242 2314 1313 ἁμαρτάνειν,
2363 1243 2455 1297 ὅτι
2494 1243 2565 1297 ἐκ
2589 1242 2698 1296 τοῦ
2725 1241 2873 1296 Θεοῦ
2908 1240 3267 1311 γεγέννηται,
3300 1238 3507 1307 GMP-*4.

1932 1335 2015 1387 ὅτι
2044 1336 2152 1398 πᾶς
2184 1333 2491 1405 ἄνθρωπος,
2526 1331 3012 1403 συμπεπληρωκὼς
3036 1331 3127 1384 τὸν
3156 1331 3329 1398 λόγον,
3373 1330 3511 1398 ἤτοι

1932 1425 2120 1479 τέκνον
2143 1424 2239 1478 τοῦ
2268 1425 2405 1478 Θεοῦ
2431 1426 2600 1489 ἐστιν,
2628 1424 2662 1494 ἦ
2707 1424 2894 1477 τέκνον
2923 1422 3018 1476 τοῦ
3065 1421 3306 1475 διαϐόλου
3324 1436 3339 1450 ⁸
3377 1420 3514 1489 ἦτοι

1933 1516 2043 1587 γὰρ
2073 1519 2219 1570 ποιεῖ
2249 1517 2543 1589 ἁμαρτίαν,
2593 1518 2627 1589 ἢ
2654 1518 2926 1589 ἁμαρτίαν
2975 1516 3038 1568 οὐ
3087 1518 3244 1577 ποιεῖ,
3278 1513 3514 1575 οὐδενὸς

1932 1607 2083 1672 ὄντος
2105 1607 2310 1680 μεταξὺ
2346 1608 2442 1662 τοῦ
2471 1610 2643 1663 ποιεῖν
2669 1606 2941 1679 ἁμαρτίαν
2972 1607 3066 1660 καὶ
3099 1605 3189 1660 τοῦ
3217 1604 3516 1676 ἁμαρτίαν

1938 1703 2011 1774 μὴ
2042 1705 2217 1756 ποιεῖν
2236 1718 2251 1732 ·
2284 1703 2380 1756 καὶ
2408 1704 2458 1755 εἰ
2489 1702 2586 1773 μὲν
2609 1704 2752 1755 mi
2777 1700 3074 1772 ἁμαρτίαν,
3098 1701 3162 1753 ὲκ
3189 1699 3281 1751 τοῦ
3307 1696 3514 1750 διαϐό-

1861 1759 1907 1815 B
2057 1795 2230 1847 ἐστίν’
2259 1794 2390 1847 εἰδὲ
2416 1759 2689 1863 ἁμαρτίαν
2715 1793 2776 1845 οὐ
2808 1759 2973 1854 ⁴ιιτοιεῖ,
3005 1759 3071 1843 ei
3104 1789 3196 1842 τοῦ
3228 1787 3362 1842 Θεοῦ
3400 1803 3517 1855 γε-

1928 1887 2438 1959 γέννηται.Ἔχεται
2459 1885 2516 1938 δὲ
2538 1886 2637 1955 τῆς
2659 1886 2717 1938 ὲν
2727 1883 2935 1948 τούτοις
2968 1883 3098 1955 περὶ
3126 1882 3328 1935 τέκνων
3352 1877 3516 1933 Θεοῦ

1929 1977 2024 2030 καὶ
2052 1976 2257 2030 τέκνων
2276 1974 2523 2029 διαϐόλου
2549 1974 2876 2043 ἀποφάσεως
2906 1973 2977 2027 τά
2994 1974 3053 2025 ὲν
3078 1974 3144 2042 τῇ
3172 1972 3308 2040 αὐτῇ
3341 1970 3519 2023 Ἐπι-

1930 2069 2091 2141 στολῇ
2120 2068 2390 2140 λεγόμενα
2415 2067 2544 2137 περὶ
2573 2065 2683 2120 τῶν
2701 2066 2870 2119 ὄντων
2894 2065 2953 2118 ὲν
2979 2063 3067 2134 τῷ-
3087 2060 3199 2132 Υἱῷ
3224 2060 3318 2114 τοῦ
3330 2058 3516 2123 Θεοῦ,

1928 2163 2022 2215 καὶ
2049 2160 2162 2213 τῶν
2196 2161 2272 2231 μὴ
2303 2159 2627 2231 ἑωρακότων
2668 2156 2830 2210 αὐτόν
2854 2173 2869 2187 ’
2902 2154 3029 2222 Πᾶς
3076 2153 3204 2224 γὰρ,
3239 2152 3437 2224 φησὶν,
3476 2152 3518 2205 ό

1927 2252 2001 2306 ἐν
2028 2249 2190 2316 αὐτῷ
2222 2248 2425 2319 μένων
2454 2250 2569 2317 οὐχ
2606 2245 2960 2316 ἁμαρτάνει·
3002 2245 3103 2297 καὶ
3142 2240 3259 2307 πᾶς
3310 2239 3436 2310 (90)
3477 2240 3518 2293 δ

1927 2339 2286 2411 ἁμαρτάνων
2321 2340 2435 2407 οὐχ
2463 2337 2720 2405 ἑώρακεν
2762 2334 2965 2389 αὐτόν.
2998 2329 3201 2385 Οὐκοῦν
3230 2330 3279 2381 εἰ
3309 2329 3430 2390 πᾶς
3482 2328 3517 2379 ὁ

1927 2434 1987 2486 ἐν
2010 2431 2159 2501 αὐτῷ
2205 2429 2382 2502 μένων
2402 2428 2502 2498 οὐχ
2525 2426 2826 2498 ἁμαρτάνει
2853 2423 2987 2494 (91),
3020 2423 3049 2474 ὁ
3078 2419 3411 2491 ἁμαρτάνων
3442 2416 3514 2469 οὐ

1931 2526 2083 2597 μένει
2139 2526 2198 2578 ὲν
2237 2522 2318 2594 τῷ
2348 2520 2500 2591 Υἱῷο
2551 2520 2646 2573 καὶ
2688 2520 2738 2572 εἰ
2781 2520 2890 2580 πᾶς
2950 2518 2981 2569 ὁ
3021 2513 3346 2585 ἁμαρτάνων
3398 2511 3517 2579 οὐχ

1927 2617 2171 2691 ὁὼρακεν
2193 2615 2377 2678 αὑτὸν,
2404 2615 2432 2666 ό
2449 2609 2707 2683 ἑωρακὼς
2727 2608 2889 2663 αὑτὸν
2900 2608 3000 2677 οὐχ
3012 2603 3518 2691 ἁμαρτάνει.⁹Αμα

1926 2709 1983 2763 δὲ
2006 2689 2112 2763 Vua}.
2160 2703 2489 2778 σημειώσεις
2516 2703 2629 2772 (92)
2655 2701 2709 2753 τί
2745 2697 2882 2753 νοῶν
2914 2700 2944 2749 ὁ
2971 2696 3221 2765 Ἰωάννης
3245 2689 3366 2746 εἷπε
3385 2691 3461 2743 τό
3481 2708 3499 2720 ο

1925 2797 2053 2864 Πᾶς
2084 2802 2117 2852 ὁ
2143 2795 2494 2866 ἁμαρτάνων
2516 2795 2628 2860 οὐχ
2652 2789 2911 2858 ἑώρακεν
2927 2786 3133 2852 αὑτὸν,
3151 2784 3238 2838 διὰ
3263 2782 3341 2836 τό
3358 2779 3518 2836 Ἑώ-

1919 2904 2108 2958 ρακεν
2129 2886 2337 2950 αὐτόν,
2364 2883 2441 2946 ὡς
2475 2882 2562 2935 ἀεὶ
2589 2878 2901 2949 δυναμένων
2929 2873 3068 2929 εἶναι
3105 2873 3212 2926 τῶν
3237 2871 3512 2943 ὁρώντων

1924 2983 2016 3036 τὸν
2046 2981 2174 3034 Υἱὸν
2206 2978 2300 3032 τοῦ
2331 2976 2488 3039 Θεοῦ,
2518 2975 2614 3028 καὶ
2640 2976 2706 3028 ὲκ
2730 2972 2824 3025 τοῦ
2865 2968 3162 3041 ἑωρακέναι
3197 2964 3354 3018 αὐτὸν
3397 2980 3511 3033 με-

260 3064 523 3124 DeiuSed
554 3071 835 3139 probabile
872 3082 961 3129 est
1004 3071 1246 3128 futurum
1299 3086 1358 3130 ut
1396 3078 1595 3147 aliquis
1640 3095 1706 3134 ex
1743 3082 1817 3136 his

1949 3070 2378 3143 ταλαμϐανόντων
2433 3066 2713 3136 δυνάμεως
2757 3062 2895 3135 πρὸς
2925 3060 2987 3113 τὸ
3020 3056 3514 3151 μηδαμῶςςὰμαρτ

260 3171 561 3227 moveatur,
585 3163 834 3231 cogitans
863 3182 933 3219 an
959 3166 1208 3221 faciendo
1234 3168 1373 3222 bona
1400 3179 1457 3224 et
1487 3170 1624 3223 mala
1665 3187 1821 3227 seor-

258 3264 404 3315 sum,
430 3252 571 3306 idem
606 3266 828 3324 propter
853 3256 992 3309 bona
1025 3256 1168 3312 lilius
1202 3257 1321 3322 Dei,
1347 3271 1404 3313 et
1433 3271 1660 3330 propter
1684 3265 1821 3319 mala

258 3342 404 3397 ﬁlius
424 3344 622 3398 diaboli
651 3361 774 3401 esse
795 3348 988 3415 possit.
1027 3348 1134 3401 Sed
1164 3348 1269 3403 hoc
1295 3354 1821 3423 praeterquam'quod

256 3431 712 3490 absurdissimum
730 3447 834 3502 est,
861 3453 967 3492 non
998 3440 1244 3493 innuitur
1264 3458 1332 3496 ex
1358 3443 1539 3497 dictis.
1563 3444 1823 3499 Euuntiat

256 3537 489 3592 namque
504 3523 740 3582 Joannes
764 3530 904 3596 quod
929 3534 1303 3599 unusquisque
1322 3535 1414 3602 qui
1437 3550 1501 3587 ex
1533 3537 1641 3590 Deo
1662 3549 1823 3591 natus

256 3626 362 3682 est,
385 3627 662 3685 peccatum
682 3636 791 3674 non
817 3620 1000 3686 faciat,
1022 3623 1167 3692 quod
1188 3639 1372 3679 semen
1394 3624 1542 3681 illius
1564 3629 1616 3682 in
1641 3632 1823 3698 seipse

255 3701 474 3767 habeat,
504 3720 605 3760 nec
638 3722 797 3774 posse
821 3709 966 3764 hunc
1006 3724 1268 3778 peccare,
1320 3728 1386 3766 eo
1424 3717 1569 3783 quod
1608 3733 1671 3771 ex
1711 3717 1822 3774 Deo

255 3804 420 3849 natus
451 3796 558 3850 sit:
589 3796 773 3853 Omnis
797 3802 977 3870 igitur,
1017 3805 1107 3870 qui
1138 3820 1204 3857 ea:
1235 3805 1341 3858 Deo
1369 3818 1524 3861 natus
1558 3819 1661 3875 est,
1699 3828 1822 3879 pec-

254 3894 433 3936 catum
461 3902 565 3939 non
593 3890 867 3942 committit
916 3891 983 3955 7‘;
1041 3908 1141 3947 nec
1202 3903 1383 3949 tauleu
1430 3909 1691 3967 scrIptum
1738 3912 1820 3956 est

254 3975 400 4044 quod
420 3977 602 4029 omnis
632 3990 791 4033 natus
818 3996 881 4034 ex
906 3982 1128 4037 diabolo
1155 4024 1172 4048 ,
1206 3985 1473 4052 justitiam
1522 4006 1628 4044 non
1666 4007 1820 4047 c0111-

256 4070 457 4136 ruittit;
487 4072 582 4125 sed
610 4090 625 4125 :
651 4073 755 4138 Qui
782 4076 1058 4128 committit
1077 4088 1369 4144 peccatum,
1393 4097 1457 4134 ex
1485 4084 1695 4137 diabolo
1719 4096 1817 4140 est.

256 4160 467 4216 Rursus
498 4177 602 4215 non
631 4167 1084 4233 quemadmodum
1116 4169 1321 4222 dictum
1368 4182 1448 4226 est
1475 4191 1492 4227 :
1531 4174 1636 4237 Qui
1678 4193 1820 4229 com-

256 4254 414 4305 mittit
440 4263 731 4321 peccatam,
761 4272 826 4308 ex
845 4258 1053 4311 diabolo
1076 4271 1151 4312 est
1188 4262 1257 4323 ⁷⁷.
1290 4263 1369 4317 ita
1401 4266 1662 4333 scriptum
1688 4279 1773 4321 est
1799 4287 1815 4323 :

257 4342 361 4407 Qui
405 4344 698 4398 committit
734 4347 1029 4413 justitiam,
1073 4362 1140 4401 ex
1192 4350 1302 4404 Deo
1349 4364 1455 4408 est.
1518 4356 1587 4409 Et
1624 4358 1819 4412 adhibe

1925 3166 2127 3219 τὰνειν.
2172 3164 2294 3216 Ἔτι
2325 3162 2537 3232 φήσεις,
2582 3159 2686 3221 ὅτι,
2726 3155 2921 3225 Ὑμεῖς
2963 3152 3180 3207 ποιεῖτε
3230 3149 3303 3203 τὰ
3345 3146 3514 3217 ἔργα

1925 3258 2032 3311 τοῦ
2090 3254 2314 3322 πατρὸς
2370 3252 2535 3322 ὑμῶν
2557 3292 2575 3317 ,
2624 3250 2713 3301 ὁτὲ
2754 3248 2853 3319 μὲν
2883 3246 3079 3315 λέγοιτ’
3106 3245 3174 3300 ἂν
3202 3240 3336 3313 πρὸς
3363 3240 3512 3301 τοὺς

1926 3350 2076 3412 uioh;
2105 3347 2199 3400 τοῦ
2231 3344 2479 3398 διαϐόλου
2498 3383 2516 3407 ,
2558 3342 2647 3395 ὁτὲ
2705 3340 2840 3411 πρὸς
2869 3340 2995 3401 τοὺς
3028 3335 3176 3398 υἱοὺς
3205 3332 3296 3387 τοῦ
3328 3330 3504 3384 Θεοῦ.

1927 3442 1991 3493 Oi
2027 3439 2127 3510 μὲν
2157 3437 2267 3508 γὰρ
2298 3435 2699 3506 ἁμαρτάνοντες
2735 3428 2949 3484 ποιοῦσι
2992 3427 3062 3523 τά
3082 3427 3241 3523 ἔργα
3263 3423 3354 3477 τοῦ
3390 3440 3508 3523 73a.-

1926 3532 2052 3604 τρὸς
2089 3529 2270 3583 αὐτῶν
2316 3526 2565 3580 διαϐόλου
2587 3541 2602 3555 ·
2649 3526 2699 3576 οἱ
2751 3522 2808 3575 δὲ
2844 3517 3231 3591 κατορθοῦντες
3277 3517 3505 3615 ποιοῦσι

1923 3620 1996 3674 τὰ
2026 3620 2163 3690 ἔργα
2192 3617 2285 3670 τοῦ
2319 3615 2531 3686 Πατρὸς
2579 3611 2759 3666 αὐτῶν
2804 3608 2963 3662 Θεοῦ.
2997 3607 3155 3668 Εἰκὸς
3181 3605 3237 3658 δὲ
3274 3606 3339 3657 ὲκ
3366 3605 3507 3655 τοῦ-

1923 3728 2031 3763 των
2055 3709 2175 3762 τινὰ
2209 3704 2615 3778 κινηθήσεσθαι,
2649 3702 2724 3773 μὴ
2757 3701 2863 3772 ἄρα
2882 3700 3102 3766 δύνηται
3120 3698 3227 3767 (95)
3249 3698 3278 3749 ὁ
3303 3694 3501 3758 αὐτὸς,

1923 3804 2002 3874 τῷ
2039 3804 2210 3855 ποιεῖν
2241 3798 2421 3867 ἁγαθὰ
2452 3796 2544 3850 καὶ
2576 3794 2789 3866 πονηρὰ
2842 3792 2976 3863 ἔργα
3012 3791 3116 3844 ἁνὰ
3160 3789 3345 3861 μέρος,
3401 3787 3503 3841 διὰ

1928 3894 2026 3965 μὲν
2068 3893 2134 3946 τὰ
2166 3890 2345 3960 ἀγαθὰ
2376 3889 2564 3941 τέκνον
2589 3882 2727 3938 εἶναι
2773 3883 2929 3945 Θεοῦ,
2960 3881 3048 3935 διὰ
3075 3880 3133 3934 δὲ
3164 3880 3232 3933 τὰ
3271 3879 3502 3932 ἐναντία.

1923 3987 2111 4040 τέκνον
2155 3985 2249 4039 τοῦ
2294 3983 2561 4038 διαϐόλου.
2603 3979 2763 4033 Ἀλλὰ
2800 3976 2958 4030 τοῦτο
2983 3974 3117 4046 πρὸς
3150 3972 3231 4043 τῷ
3280 3968 3500 4037 ἁλογὼ-

1923 4097 2080 4132 τατον
2117 4074 2256 4131 εἶναι
2287 4077 2348 4129 οὐ
2388 4073 2642 4144 δηλοῦται
2691 4069 2803 4125 ἀπὸ
2833 4068 2938 4120 τῶν
2975 4063 3174 4137 ῥητῶν.
3233 4061 3499 4129 ’Δποφαξ-

1923 4184 2070 4221 νεται
2095 4165 2203 4236 γὰρ
2238 4166 2267 4217 ό
2307 4164 2579 4231 Ἰωάννης,
2631 4160 2714 4213 ὃτι
2759 4160 2869 4221 πᾶς
2920 4159 2949 4209 ό
2996 4153 3391 4224 γεγεννημένος
3427 4153 3495 4203 ἐκ

1923 4258 2017 4311 τοῦ
2032 4255 2165 4309 Θεοῦ
2185 4253 2456 4325 ἁμαρτίαν
2477 4251 2540 4304 οὐ
2562 4251 2722 4313 misi,
2746 4250 2826 4301 ὅτι
2844 4246 3064 4317 σπέρμα
3078 4242 3241 4296 αὐτοῦ
3264 4245 3322 4295 ἐν
3340 4242 3493 4312 αὐτῷ

1926 4351 2093 4421 μένει,
2142 4348 2236 4400 καὶ
2263 4348 2322 4400 οὐ
2349 4344 2570 4397 δύναται
2616 4341 2972 4414 ἁμαρτάνειν,
3005 4339 3086 4390 ὅτι
3128 4338 3193 4389 ἐκ
3226 4335 3319 4388 τοῦ
3351 4335 3490 4387 Θεοῦ

256 4436 497 4490 animum
549 4439 617 4491 ad
667 4440 1002 4498 diﬂerentias
1057 4445 1529 4512 propositionum,
1576 4463 1811 4516 quonam

1949 4442 2253 4511 εγέννηται.
2282 4436 2408 4503 Πᾶς
2451 4435 2630 4488 τοίνυν
2657 4437 2691 4487 ὁ
2721 4435 3087 4503 γεννώμενος
3114 4430 3182 4483 ἐκ
3212 4430 3319 4480 τοῦ
3341 4430 3493 4481 Θεοῦ

256 4539 414 4598 pacto
441 4545 563 4585 cum
589 4534 735 4585 omni
772 4534 1051 4601 diligentia
1073 4553 1103 4589 a
1126 4534 1336 4597 Joanne
1374 4540 1535 4593 dicta:
1566 4539 1768 4597 iuerint
1795 4560 1813 4597 :

256 4619 393 4674 adeo
418 4631 479 4673 ut
498 4624 727 4676 miretur
749 4625 947 4694 aliquis
968 4628 1236 4694 quomodo
1268 4630 1818 4697 irrepreheusibiliter

262 4729 319 4772 ει
363 4722 420 4765 ιιι
446 4715 666 4785 quidam
698 4718 965 4783 dicerent,
993 4720 1300 4787 dialectice,
1329 4721 1436 4775 illis
1460 4737 1590 4776 usus
1628 4723 1814 4791 fuerit,

254 4800 458 4855 similia
480 4816 593 4857 non
647 4806 879 4862 aﬂereus
916 4811 984 4864 de
1038 4812 1123 4866 his
1165 4814 1257 4880 qui
1304 4824 1433 4866 sunt
1486 4829 1553 4867 ex
1603 4814 1820 4870 diabolo

255 4897 430 4968 deque
463 4899 547 4953 his
586 4902 676 4968 qui
710 4911 838 4956 sunt
876 4919 942 4959 ex
997 4904 1148 4959 Deo:
1182 4905 1437 4960 similiter
1480 4921 1609 4961 vero
1653 4917 1814 4961 extu-

251 4988 425 5054 lisset,
447 4992 493 5045 si
524 4996 855 5063 scripsisset,
892 4999 1373 5067 quemadmodum,
1405 4998 1511 5064 Qui
1542 5010 1813 5068 peccatum

250 5085 547 5151 committit,
575 5101 642 5139 ea:
676 5088 887 5142 diabolo
912 5098 1015 5154 est;
1037 5090 1539 5161 ita,Quijustitiam
1558 5095 1812 5147 commit-

1921 4532 2213 4602 ἁμαρτίαν
2256 4531 2327 4584 οὐ
2368 4526 2556 4582 ποιεῖ’
2588 4526 2650 4578 οὐ
2686 4525 2792 4596 μὴν
2825 4524 3165 4593 γέγραπται,
3199 4522 3281 4574 ὃτι
3317 4521 3426 4581 πᾶς
3462 4519 3491 4570 ὁ

1921 4623 2316 4694 γεγεννημένος
2344 4623 2408 4673 ὲκ
2435 4619 2527 4673 τοῦ
2567 4618 2812 4672 διαϐόλου
2850 4614 3196 4683 δικαιοσύνην
3228 4613 3290 4665 οὐ
3324 4612 3486 4663 ποιεῖ·

1921 4711 2035 4763 ἁλλ’
2060 4711 2114 4761 ’0
2135 4707 2320 4762 ποιῶν
2348 4706 2464 4775 τὴν
2491 4706 2780 4776 ἁμαρτίαν
2808 4704 2877 4758 ἐκ
2901 4705 3005 4758 τοῦ
3024 4704 3307 4757 διαϐόλου
3330 4699 3485 4754 ἐστι.

1918 4801 2086 4854 Πάλιν
2112 4801 2232 4870 οὐχὶ
2261 4800 2448 4870 ὥσπερ
2474 4799 2687 4870 εἴρηται
2707 4817 2722 4830 ·
2763 4798 2827 4850 '0
2852 4796 3038 4851 ποιῶν
3056 4796 3170 4863 τὴν
3194 4795 3485 4864 ἁμαρτίαν

1915 4893 1984 4945 ἐκ
2032 4892 2138 4944 τοῦ
2177 4890 2457 4943 διαϐόλου
2489 4889 2678 4955 ἐστὶν,
2728 4888 2901 4951 οὕτως
2944 4888 3379 4958 ἀναγέγραπται·
3426 4885 3480 4938 Ὁ

1918 4983 2083 5035 ποιῶν
2109 4983 2208 5053 τὴν
2225 4982 2567 5054 δικαιοσύνην
2586 4984 2650 5035 ὲκ
2669 4981 2763 5034 τοῦ
2789 4980 2924 5035 Θεοῦ
2951 4984 3087 5034 ἐστι.
3118 4981 3227 5032 Καὶ
3247 4981 3479 5049 πρόσχες

1916 5076 2037 5137 ταῖς
2070 5073 2352 5145 διαφοραῖς
2381 5073 2489 5126 τῶν
2517 5074 2834 5146 προτάσεων
2858 5113 2874 5137 ,
2920 5073 3042 5126 τίνα
3097 5073 3296 5144 τρόπον
3347 5069 3477 5142 μετὰ

314 5249 359 5280 ⁷⁸
393 5249 587 5307 lJoan.
607 5252 816 5317 111,86t
841 5253 926 5308 10.
998 5256 1044 5287 τ’
1069 5257 1200 5313 ibid.
1230 5257 1285 5311 9.
1357 5257 1403 5288 ⁷³
1426 5256 1557 5311 ibid.
1578 5259 1661 5312 10.
1744 5260 1792 5291 ⁷⁸
1818 5260 1951 5315 ibid.
1974 5260 2029 5314 6.
2104 5260 2150 5291 "
2168 5258 2299 5313 ibid.
2332 5258 2422 5312 11.
2498 5255 2579 5310 ⁷⁸1
2606 5256 2765 5313 Joan.
2795 5256 2953 5321 111,9.
3023 5255 3073 5288 "
3096 5255 3229 5310 ibid.
3257 5253 3314 5308 8.

321 5376 577 5461 (ξδιῖοτι
610 5390 678 5443 δὲ
706 5390 803 5443 διὰ
826 5393 914 5455 τό,
942 5401 1047 5447 etc.
1101 5391 1155 5445 In
1215 5394 1401 5447 codice
1437 5392 1609 5461 Regio
1668 5395 1821 5446 deest

250 5455 564 5534 Ibidem
604 5477 709 5514 non
747 5462 873 5534 legit
934 5461 1220 5515 Ferrarius
1278 5463 1431 5534 ἔργα,
1484 5455 1579 5515 sed
1628 5461 1817 5527 τέκνα,

249 5523 451 5601 iulg]
473 5526 629 5601 loqu.
654 5546 734 5601 11_I,
769 5523 856 5597 li),
888 5535 1032 5601 quod
1068 5544 1274 5585 rectum
1307 5523 1543 5585 'vi'detur.

467 5596 643 5671 ﬁnde:
659 5594 1084 5671 _Rtsgiu's.'1uale,
1106 5602 1535 5671 προειρημένων.

462 5664 579 5763 ξςαὶι
601 5665 736 5763 πᾶε.
758 5660 826 5763 1:1
849 5660 1036 5751 codice
1057 5660 1221 5737 [legio
1251 5660 1400 5763 (Ife-st
1422 5671 1547 5755 xa'l.‘

332 5727 442 5796 (91)
470 5729 649 5785 Codex
686 5727 1036 5805 Bodleiauus,
1082 5727 1247 5805 recte,
1283 5740 1312 5790 ὁ
1355 5743 1413 5792 ἐν
1445 5741 1592 5808 αὐτῷ
1640 5743 1814 5808 μένων

1913 5392 2012 5478 οξιχ
2042 5390 2343 5478 ἁμαρτάνει
2364 5406 2379 5419 ο
2411 5389 2611 5458 Regius
2638 5404 2920 5459 perperam
2952 5388 3113 5442 habet
3141 5389 3171 5439 ὁ
3203 5388 3262 5438 ὲν
3299 5385 3472 5439 αὐτῶν

1914 5465 2508 5599 ουξδὲξι
2544 5527 2635 5583 Sic
2666 5531 2835 5585 codex
2870 5529 3227 5591 Bodleianus;
3273 5523 3468 5593 Regius

1914 5599 2404 5672 verme-4196:0313.
2473 5667 2522 5672 __
2697 5669 2708 5672 Α
2853 5668 2880 5672 _
2946 5667 2977 5672 ﬂ
3017 5667 3029 5672 _
3272 5662 3310 5672 ..
3388 5662 3399 5672 .

1984 5670 2095 5739 (95)
2126 5662 2402 5734 Α’ὗνηταῖ.
2468 5667 2562 5723 Sic
2611 5669 2778 5724 codex
2849 5667 3206 5731 Bodleianus;
3272 5662 3465 5732 Regius

1914 5756 2060 5806 vero,
2091 5740 2329 5794 δύναται.
