3688 6146
33 283 136 338 605

1106 285 1464 344 COMMENT.
1504 288 1573 342 ΙΝ
1609 286 2076 352 1οΑΝ..ΤΟΜ1]5
2111 291 2230 347 XX.

3203 296 3307 353 606

34 405 210 477 πάσης
245 403 554 478 ἀκριϐείας
579 404 675 477 τῷ(
701 405 923 481 Ἰωάννῃ
955 405 1219 479 εἴρηνται*
1250 408 1382 465 ὥστ’
1404 408 1472 464 ἂν
1505 409 1611 464 Θαυ

1773 414 1822 476 it,
1859 426 1928 468 ex
1955 413 2067 468 Deo
2089 420 2217 482 est;
2258 411 2344 468 vel
2386 412 2458 479 si,
2491 412 2943 483 quemadmodum
2967 413 3305 483 scripserat:

34 498 202 570 μάσαι
233 498 367 553 τινὰ
405 497 531 562 πῶς
561 498 840 572 άλήπτως,
874 501 991 566 καὶ,
1017 501 1093 565 ὡς
1125 502 1192 557 ἂν
1219 502 1425 558 εῐποιέν
1456 520 1601 567 τινες
1619 545 1635 569 ,

36 589 403 655 διαλεκτικῶς
472 589 762 663 ἐξήνεγκεν
810 593 978 659 αὐτὰς
999 634 1016 659 ,
1067 593 1142 667 μὴ
1183 594 1252 650 τὰ
1305 596 1466 669 ὃμοια
1524 596 1635 669 (94)

38 682 566 754 προσενεγκάμενος
598 684 729 756 περὶ
759 682 868 738 τῶν
900 687 965 739 ὲκ
988 683 1085 739 τοῦ
1108 686 1380 754 διαϐόλου,
1410 690 1635 747 καὶτῶν

37 778 99 832 ἐκ
127 774 225 831 τοῦ
256 775 440 830 Θεοῦ·
474 777 677 848 ὁμοίως
726 776 774 830 δ’
799 776 867 831 ἂν
898 778 1214 850 ἐξήνεγκεν,
1272 783 1322 835 εἰ
1373 784 1635 856 ἐπεποιή-

35 887 149 935 κει,
190 868 392 941 ὥσπερ
437 868 529 923 τόο
578 870 633 922 ’0
660 866 848 922 ποιῶν
903 867 1020 938 τὴν
1074 870 1370 940 ἁμαρτίαν
1417 873 1487 926 ἐκ
1525 873 1634 928 τοῦ

36 960 322 1017 διαϐόλου
365 960 583 1027 ἐστὶν,
613 961 818 1026 οὕτως’
851 962 911 1018 '0
957 962 1129 1016 ποιῶν
1155 963 1255 1036 τὴν
1287 964 1635 1038 δικαιοσύνην

35 1057 94 1108 ἐκ
123 1051 219 1107 τοῦ
247 1052 393 1107 Θεοῦ
432 1055 618 1108 ἐστιν·
653 1053 687 1127 ἢ
719 1056 769 1108 ει
801 1053 913 1128 (95)
946 1053 1139 1127 ὥσπερ
1180 1056 1507 1128 ἀνέγραφεν,
1550 1059 1632 1112 ὅτι

34 1143 155 1213 Πᾶς
181 1146 215 1199 ό
253 1143 711 1216 γεγεννημένος
762 1145 834 1200 ἐκ
882 1146 991 1201 τοῦ
1040 1147 1190 1202 Θεοῦ
1232 1149 1525 1218 ἁμαρτίαν
1558 1151 1633 1204 οὐ

35 1238 212 1302 ποιεῖ,
267 1239 604 1310 ἐπεποιήκει
644 1237 736 1292 τό·
765 1239 884 1303 Πᾶς
924 1241 953 1294 6
989 1240 1389 1312 γεγεννημένος
1441 1242 1506 1295 ὲκ
1535 1240 1631 1295 τοῦ

35 1327 277 1383 διαϐόλου
310 1327 674 1400 δικαιοσύνην
704 1328 766 1381 οὐ
795 1330 960 1382 ποιεῖ.
1002 1331 1231 1402 Μήποτε
1277 1331 1335 1385 δὲ
1386 1332 1480 1386 καὶ
1507 1331 1586 1403 τῷ
1611 1374 1627 1399 ,

34 1418 221 1484 ἐστὶν,
258 1412 551 1491 εἰρημένῳ
582 1417 678 1472 ἐπὶ
709 1417 806 1472 τοῦ
842 1421 908 1474 ὲκ
933 1420 1031 1475 τοῦ
1074 1421 1349 1489 διαϐόλου,
1386 1422 1461 1495 μὴ
1493 1440 1631 1495 χρη-

39 1511 263 1583 σάμενος
296 1511 396 1565 επὶ
425 1510 540 1565 τῶν
567 1511 635 1565 ἐκ
659 1512 754 1567 τοῦ
783 1512 945 1577 Θεοῦ,
974 1512 1008 1585 ἢ
1044 1512 1143 1584 τῷ,
1173 1514 1626 1585 γεγεννημένος,

39 1603 521 1676 ἀναγεγραμμένῳ
550 1604 776 1686 ἐπὶτῶν
797 1605 863 1659 ὲκ
883 1605 979 1660 τοῦ
1008 1605 1169 1670 Θεοῦ,
1203 1604 1279 1677 μὴ
1315 1606 1630 1678 συγχρησά-

43 1712 192 1767 μενος
212 1693 307 1748 ἐπὶ
322 1695 441 1749 τῶν
462 1696 531 1749 ὲκ
554 1694 650 1749 τοῦ
668 1695 940 1762 διαϐόλου,
964 1697 1111 1751 πάνυ
1128 1695 1415 1766 σοφώτατα
1436 1696 1627 1765 ἐξέδω-

40 1766 160 1854 κεν;
205 1786 424 1859 Ἐπῆρε
453 1786 569 1859 γὰρ
594 1787 689 1842 τόν
714 1789 781 1842 ὲκ
810 1788 905 1843 τοῦ
934 1787 1071 1842 Θεοῦ
1097 1788 1494 1860 γεγεννημένον
1523 1789 1624 1845 τά·
1654 1766 1698 1822 Β

43 1880 129 1947 ξας
151 1880 239 1933 ἐπ’
259 1879 463 1935 αὑτοῦ·
499 1880 658 1954 ὅπερ,
693 1882 741 1936 ει
769 1882 865 1936 καὶ
891 1880 986 1935 ἐπὶ
1012 1880 1108 1936 τοῦ
1151 1882 1218 1935 ὲκ
1246 1879 1343 1935 τοῦ
1373 1880 1622 1937 διαϐόλου

41 1972 236 2044 εἴρητο,
263 1977 460 2047 χεῖρον
490 1972 556 2029 ἄν
576 1990 631 2028 τι
656 1972 906 2045 ἐνέφαινε
943 1972 1057 2046 (96)
1089 1973 1242 2050 παρὰ
1268 1974 1352 2039 τὸ,
1392 1975 1490 2030 Ἐκ
1516 1975 1622 2031 τοῦ

43 2063 314 2119 διαϐόλου
342 2064 525 2120 ἐστιν
542 2081 557 2097 ⁸
588 2064 727 2120 ἀλλὰ
756 2064 852 2120 καὶ
890 2064 1050 2138 εἴπερ
1073 2065 1148 2130 ὡς
1177 2066 1272 2121 ἐπὶ
1306 2067 1400 2122 τοῦ
1431 2069 1497 2122 ὲκ
1525 2067 1620 2122 τοῦ

40 2153 275 2208 διαϐόλου
304 2152 474 2221 έταξε
506 2153 588 2223 τὸ,
623 2153 778 2219 ἐστὶ,
808 2155 1133 2228 ἐπεποιήκει
1168 2155 1262 2208 ἐπὶ
1292 2154 1389 2211 τοῦ
1431 2157 1497 2210 ὲκ
1524 2155 1620 2211 τοῦ

45 2244 188 2311 Θεοῦ,
215 2244 442 2301 ἔλαττον
473 2245 541 2300 ἂν
573 2246 705 2318 περὶ
740 2245 835 2300 τὸν
915 2244 983 2297 ὲκ
1020 2244 1116 2299 τοῦ
1163 2246 1303 2304 Θεοῦ
1355 2245 1619 2320 παρίστη,

48 2335 213 2409 πολλῷ
248 2337 568 2411 κρείττονος
626 2338 987 2409 τυγχάνοντος
1029 2339 1126 2394 τοῦ
1168 2341 1526 2411 γεγεννῆσθαι
1557 2343 1622 2395 ὲκ

48 2428 129 2482 τοῦ
155 2428 287 2483 Θεοῦ
317 2429 480 2502 παρά
506 2431 569 2484 τὺ
608 2425 747 2483 εἶναι
779 2431 845 2484 ἐκ
881 2430 978 2484 τοῦ
1006 2420 1172 2486 Θεοῦ.
1215 2432 1382 2503 Φήσει
1408 2431 1465 2485 δέ
1488 2449 1572 2496 τις
1601 2472 1618 2500 ,

55 2523 130 2576 ὅτι
156 2523 276 2576 τινα
299 2523 410 2578 τῶν
438 2523 760 2595 κτισμάτων
810 2523 930 2577 ἐστὶ
976 2524 1074 2595 μὲν
1124 2526 1191 2579 ὲκ
1234 2524 1329 2579 τοῦ
1371 2526 1532 2590 Θεοῦ,
1558 2528 1619 2581 οὐ

59 2614 154 2686 μὴν
178 2607 501 2686 γεγέννηται
529 2617 595 2669 ἐκ
618 2614 714 2669 τοῦ
729 2614 890 2682 Θεοῦ,
909 2615 1005 2669 καὶ
1018 2614 1237 2680 πάντως
1262 2616 1437 2671 ταῦτα
1460 2617 1619 2673 ὲλάτ-

55 2721 170 2758 τονα
210 2704 321 2776 ἔχει
349 2705 511 2771 τάξιν
549 2709 610 2761 ὲν
635 2705 716 2777 τῷ
754 2707 919 2760 παντὶ
952 2706 1063 2761 τῶν
1082 2707 1439 2780 γεγεννῆσθαι
1471 2709 1623 2779 λεγο-

60 2798 216 2868 μένων
241 2799 304 2852 ἐκ
333 2799 430 2855 τοῦ
472 2799 633 2855 Θεοῦ.
665 2800 777 2854 Καὶ
804 2800 1093 2871 γενόμενός
1125 2817 1190 2871 γε
1215 2800 1359 2855 κατὰ
1383 2801 1483 2875 τὴν
1505 2803 1621 2856 δια-

61 2891 233 2962 φορὰν,
267 2892 549 2948 τουτέστιν
578 2894 643 2947 ὲκ
674 2892 769 2947 τοῦ
809 2892 1089 2961 διαϐόλου,
1110 2894 1145 2966 ἢ
1168 2895 1525 2967 γεγεννῆσθαι
1555 2899 1620 2950 ἐκ

57 2982 141 3036 τοῦ
164 2982 317 3049 Θεοῦ,
350 2985 612 3059 ζητήσεις
653 2985 851 3057 μήποτ’
880 2985 996 3040 ἐστι
1024 3003 1108 3050 τις
1151 2988 1180 3040 ό
1226 2987 1320 3041 καὶ
1362 3003 1619 3059 γεγεννη-

1740 504 1927 559 Omnis
1946 505 2037 576 qui
2065 515 2219 561 natus
2237 515 2313 561 est
2342 522 2409 560 ea:
2428 506 2562 572 Deo,
2582 518 2854 574 peccatum
2876 523 2978 561 non
3008 507 3305 571 committit,

1736 595 2046 665 scripsisset
2074 613 2089 650 :
2120 594 2313 652 Omnis
2336 597 2429 667 qui
2467 607 2626 652 natus
2650 605 2736 652 est
2777 614 2845 653 ex
2875 598 3109 657 diabolo.
3138 599 3306 666 justi-

1737 685 1868 739 tiam
1926 701 2032 741 non
2093 687 2410 744 committit.
2456 686 2651 744 Annon
2692 690 2859 744 etiam
2908 690 3308 760 sapientissime

1734 775 2026 831 admodum
2054 778 2234 847 posuit
2261 778 2486 833 verbum
2515 786 2680 853 est,et
2700 779 3016 834 vocabulum
3065 778 3305 849 genitus;

1732 866 1957 920 verbum
1998 875 2075 921 est
2106 867 2310 923 dictum
2352 870 2419 925 de
2453 883 2518 924 eo
2543 869 2635 940 qui
2674 885 2740 924 ex
2787 869 3001 925 diabolo
3046 880 3150 933 est,
3196 886 3303 927 non

1732 971 1940 1024 ponens
1976 956 2047 1013 de
2090 957 2177 1014 his
2217 959 2313 1029 qui
2364 974 2431 1014 ex
2479 959 2591 1015 Deo
2644 970 2809 1026 sunt;
2874 969 2931 1013 et
2979 959 3302 1015 vocabulum

1730 1049 1934 1119 genitus
1964 1049 2228 1119 scriptum
2252 1050 2321 1107 de
2342 1051 2428 1106 his
2453 1051 2544 1120 qui
2563 1062 2689 1106 sunt
2713 1066 2779 1105 ex
2806 1051 2940 1118 Deo,
2960 1065 3065 1107 non
3093 1065 3304 1122 ponens

1734 1140 1802 1194 de
1828 1139 1914 1195 his
1938 1140 2031 1210 qui
2060 1150 2275 1196 suntex
2310 1142 2572 1198 diabolo?
2621 1141 2831 1196 Extulit
2867 1142 3013 1196 enim
3060 1156 3184 1196 eum
3210 1141 3304 1211 qui

1729 1246 1796 1286 ex
1827 1232 1937 1288 Deo
1971 1241 2076 1300 est,
2101 1232 2423 1289 vocabulum
2450 1234 2660 1305 genitus
2692 1248 2899 1302 ponens
2930 1233 2996 1288 de
3027 1249 3091 1289 eo
3116 1251 3131 1300 ;
3159 1231 3304 1303 quod

1729 1323 1774 1377 si
1800 1323 1963 1378 etiam
1993 1324 2062 1378 de
2081 1323 2304 1380 diabolo
2325 1325 2615 1394 Posuisset,
2645 1322 2799 1393 pejus
2833 1323 3086 1391 quiddam
3116 1331 3304 1378 osten-

1728 1432 1892 1473 surus
1917 1426 2036 1473 erat
2058 1432 2221 1487 quam
2252 1417 2298 1473 si
2324 1417 2575 1483 dixisset,
2620 1425 2696 1470 est
2724 1430 2790 1469 ea:
2816 1414 3030 1469 diabolo
3081 1429 3102 1469 :
3140 1423 3305 1484 atque

1726 1510 1892 1566 etiam
1921 1511 1966 1566 si
1986 1510 2263 1582 posuisset
2292 1510 2519 1566 verbum
2547 1517 2626 1563 est
2658 1509 2724 1563 de
2745 1523 2812 1563 eo
2844 1509 2934 1577 qui
2965 1517 3136 1564 estex
3167 1506 3301 1575 Deo,

1726 1601 2183 1671 quemadmodum
2216 1601 2398 1672 posuit
2448 1600 2518 1657 de
2556 1614 2624 1657 eo
2669 1599 2762 1668 qui
2813 1613 2878 1654 ex
2928 1599 3161 1655 diabolo.
3193 1609 3299 1667 est.

1728 1694 1909 1749 minus
1931 1703 2254 1750 ostensurus
2297 1691 2475 1747 fuerat
2518 1695 2590 1752 de
2625 1707 2694 1753 eo
2747 1690 2840 1760 qui
2887 1704 2955 1745 ex
2989 1692 3099 1748 Deo
3139 1699 3302 1749 natus

1724 1793 1833 1849 est,
1868 1799 1993 1840 cum
2036 1784 2199 1855 longe
2249 1782 2446 1839 melius
2472 1783 2546 1838 sit
2578 1782 2818 1855 genitum
2854 1780 3025 1839 fuisse
3078 1797 3145 1838 ex
3190 1784 3301 1841 Deo

1722 1876 1888 1948 quam
1909 1892 1978 1933 ex
2004 1876 2116 1934 Deo
2134 1890 2277 1932 esse.
2302 1873 2468 1946 326
2488 1874 2596 1929 Sed
2629 1874 2777 1930 dicet
2813 1873 3010 1944 aliquis
3035 1876 3298 1946 quasdam

1722 1977 2009 2026 creaturas
2032 1983 2158 2025 esse
2180 1983 2249 2023 ex
2277 1968 2412 2033 Deo,
2435 1981 2558 2037 qua:
2584 1967 2811 2022 omnino
2838 1968 3033 2037 genitae
3058 1985 3165 2025 non
3188 1972 3300 2027 sint

1720 2075 1790 2116 ex
1832 2060 1968 2124 Deo,
2018 2059 2228 2128 basque
2275 2057 2503 2112 omnino
2549 2054 2840 2112 inferiores
2879 2072 3003 2116 esse
3048 2060 3300 2117 omnibus
3344 2098 3349 2103 η

1720 2164 1843 2221 qua:
1864 2165 1895 2204 a
1915 2149 2025 2204 Deo
2057 2149 2310 2203 dicantur
2344 2147 2528 2218 genita
2552 2160 2697 2204 esse.
2733 2148 2814 2205 Ac
2837 2161 2991 2206 certe
3014 2167 3136 2207 cum
3171 2167 3300 2219 per-

1721 2240 1939 2295 veneris
1967 2238 2035 2294 ad
2062 2237 2424 2294 differentiam
2456 2240 2604 2295 illam
2626 2255 2749 2311 quae
2775 2250 2861 2297 est
2900 2242 3042 2298 inter
3072 2257 3196 2300 esse
3229 2260 3300 2302 ex

1722 2331 1962 2396 diabolo,
1988 2338 2044 2386 et
2073 2331 2220 2386 inter
2253 2332 2497 2401 genitum
2522 2347 2647 2389 esse
2672 2349 2739 2389 ex
2772 2335 2904 2400 Deo,
2927 2349 3142 2405 quaeres
3168 2353 3295 2393 num

1723 2425 1864 2479 forte
1885 2425 2085 2493 aliquis
2107 2425 2180 2480 sit
2202 2425 2294 2494 qui
2319 2425 2485 2480 etiam
2517 2441 2582 2481 ex
2609 2427 2826 2484 diabolo
2859 2430 2931 2485 sit
2960 2441 3142 2497 natus,
3173 2446 3297 2488 cum

1720 2515 1945 2571 omnino
1966 2517 2058 2586 qui
2082 2516 2157 2572 sit
2174 2533 2242 2572 ex
2267 2517 2509 2583 diabolo,
2536 2533 2646 2575 non
2666 2522 2930 2576 continuo
2956 2523 3119 2578 etiam
3141 2533 3298 2580 natus

1721 2608 1794 2663 sit
1829 2622 1898 2663 ex
1943 2608 2160 2665 diabolo
2192 2626 2209 2666 :
2240 2618 2297 2664 et
2326 2624 2543 2666 rursum
2574 2627 2706 2667 num
2736 2612 2810 2668 sit
2829 2612 3031 2684 aliquis
3060 2629 3128 2669 ex
3158 2614 3293 2683 Deo,

1720 2700 1811 2771 qui
1843 2715 1950 2754 non
1975 2701 2141 2755 etiam
2177 2703 2403 2758 omnino
2424 2716 2493 2759 ex
2519 2701 2635 2760 Deo
2655 2705 2730 2760 sit
2750 2715 2913 2760 natus
2942 2723 2959 2773 ;
3001 2722 3127 2763 cum
3154 2709 3200 2762 si
3224 2711 3299 2764 sit

1720 2794 1918 2863 aliquis
1943 2809 2012 2850 ex
2039 2795 2170 2863 Deo,
2201 2810 2309 2851 non
2337 2797 2562 2874 omnino
2587 2799 2661 2854 sit
2691 2800 2858 2855 etiam
2882 2812 3047 2857 natus
3075 2818 3146 2859 ex
3161 2802 3293 2859 Deo.

1718 2882 1963 2940 Proinde
2020 2884 2292 2941 formatur
2331 2887 2749 2960 delineaturque
2782 2892 2876 2963 qui
2915 2903 3079 2949 natus
3105 2903 3190 2951 est
3226 2911 3296 2952 ex

1722 2975 1855 3042 Deo,
1891 2976 1940 3032 si
1963 2987 2246 3046 peccatum
2282 2995 2391 3036 non
2431 2983 2759 3053 committat,
2802 2999 2869 3041 eo
2920 2988 3066 3054 quod
3102 3001 3294 3044 semen

66 3076 207 3146 μένος
245 3079 307 3132 ὲκ
349 3079 446 3133 τοῦ
483 3078 758 3145 διαϐόλου,
791 3079 943 3145 ὅστις
974 3079 1192 3146 πάντως
1236 3081 1333 3135 καὶ
1363 3080 1512 3134 ἔστιν
1552 3081 1611 3135 ἐκ

1773 3071 1818 3124 ei
1844 3068 1898 3124 in
1918 3070 2035 3141 ipso
2056 3080 2291 3140 maneat,
2309 3081 2365 3128 et
2382 3088 2414 3128 a
2437 3075 2679 3144 potentia
2702 3074 2797 3132 Dei
2821 3077 2875 3132 in
2900 3092 2962 3134 se
2987 3075 3291 3136 exsisteute

62 3167 145 3222 τοῦ
166 3168 423 3237 διαϐόλου,
447 3171 515 3225 οὐ
546 3171 764 3236 πάντως
800 3170 895 3227 τοῦ
940 3172 1115 3239 ὄντος,
1138 3173 1203 3227 ὲκ
1243 3171 1339 3227 τοῦ
1369 3172 1616 3229 διαϐόλου

64 3262 467 3334 γεγεννημένουσ
498 3264 599 3318 καὶ
631 3264 795 3318 πάλιν
841 3264 959 3318 ἐστι
1002 3282 1089 3328 τις
1129 3266 1195 3319 ὲκ
1223 3264 1320 3319 τοῦ
1353 3264 1512 3330 Θεοῦ,
1555 3267 1615 3319 οὐ

65 3350 255 3418 πάντως
300 3355 395 3408 καὶ
444 3357 844 3429 γεγεννημένος
899 3358 964 3410 ὲκ
1009 3355 1105 3411 τοῦ
1148 3355 1282 3411 Θεοῦ
1303 3375 1316 3388 ο
1348 3357 1532 3411 οὐκέτι
1561 3357 1618 3411 δὲ

66 3442 242 3509 παντὸς
264 3446 356 3500 τοῦ
387 3447 545 3513 δντος
593 3450 658 3503 ὲκ
713 3448 810 3502 τοῦ
867 3447 1002 3503 Θεοῦ
1029 3489 1045 3515 ,
1100 3449 1499 3521 γεγεννημένου
1553 3450 1619 3504 ἐκ

64 3535 146 3588 τοῦ
195 3538 344 3594 Θεοῦ.
389 3541 875 3614 Χαρακτηρίζεται
923 3541 1109 3612 μέντοι
1156 3543 1185 3596 6
1225 3540 1618 3614 γεγεννημένος

67 3626 121 3678 ἐκ
144 3627 231 3683 τοῦ
259 3630 391 3685 Θεοῦ
421 3631 507 3703 τῷ
545 3632 820 3704 ἁμαρτίαν
865 3633 926 3687 οὐ
959 3621 1152 3701 ποιεῖν,
1182 3633 1271 3688 διὰ
1295 3632 1357 3687 τὸ
1396 3633 1617 3705 σπέρμα

65 3717 146 3770 τοῦ
171 3718 297 3774 Θεοῦ
341 3725 398 3777 ὲν
436 3724 589 3795 αὐτῷ
628 3724 830 3796 μένειν,
880 3725 976 3779 καὶ
1024 3724 1134 3779 ἀπὸ
1167 3725 1268 3796 τῆς
1293 3724 1502 3779 ἐκείνου
1523 3725 1616 3778 δυ-

68 3807 257 3880 νάμεως
300 3814 714 3889 ἐνυπαρχούσης
769 3816 918 3888 αὐτῷ
972 3816 1322 3888 ἐγγινομένου
1369 3816 1463 3871 τοῦ
1513 3835 1617 3889 μη-

69 3897 170 3952 κέτι
192 3901 443 3961 δύνασθαι
480 3908 832 3978 ἁμαρτάνειν.
869 3909 980 3963 Καὶ
1025 3910 1084 3964 έν
1129 3910 1243 3971 τοῖς
1287 3908 1616 3973 τελευταίοις

69 3987 117 4042 δὲ
138 3991 336 4061 λέγεται
364 3999 465 4072 τῆς
500 4000 833 4073 Ἐπιστολῆς,
857 4001 940 4055 ὅτι
971 4000 1097 4069 Πᾶς
1129 4006 1163 4058 ό
1184 4003 1616 4074 γεγεννημένος

68 4081 127 4135 ἐκ
166 4086 267 4141 τοῦ
307 4092 456 4147 Θεοῦ
509 4095 624 4163 οὐχ
682 4092 1026 4165 ἁμαρτάνει,
1060 4094 1223 4151 ἀλλὰ
1270 4100 1304 4149 ό
1339 4113 1616 4168 γεγεννη-

67 4171 226 4242 μένος
250 4176 316 4232 ἐκ
344 4181 450 4235 τοῦ
484 4181 632 4236 Θεοῦ
670 4183 835 4251 τηρεῖ
886 4184 1125 4251 ἑαυτὸν,
1153 4186 1252 4239 καὶ
1283 4188 1316 4239 ό
1352 4186 1617 4256 πονηρὸς

71 4263 167 4333 οὐκ
199 4265 429 4326 ἅπτεται
459 4274 666 4329 αὐτοῦ.
700 4276 764 4328 Εἰ
797 4274 855 4328 δὲ
887 4278 917 4329 ὁ
954 4276 1234 4348 γεννηθεὶς
1268 4278 1334 4333 ὲκ
1361 4278 1454 4332 τοῦ
1479 4278 1614 4333 Θεοῦ

72 4360 207 4427 τηρεῖ
227 4362 437 4431 ἑαυτὸν,
471 4368 565 4421 καὶ
604 4369 633 4421 6
677 4366 911 4440 πονηρὸς
957 4370 1055 4439 οὐχ
1095 4370 1324 4425 ἅπτεται
1352 4371 1517 4425 αὐτοῦ
1540 4413 1555 4438 ,
1586 4374 1615 4425 6

1719 3164 1964 3235 ingenita
1999 3164 2107 3218 vim
2131 3163 2329 3219 habeat
2350 3164 2407 3241 in
2438 3176 2712 3236 posterum
2738 3183 2844 3225 non
2882 3173 3165 3240 peccandi.
3195 3173 3291 3228 Di-

1719 3257 1867 3313 citur
1883 3256 2050 3311 etiam
2087 3259 2143 3311 in
2184 3266 2434 3313 extremo
2464 3258 2622 3329 hujus
2659 3260 2957 3331 Epistulae:
2984 3262 3173 3319 Omnis
3199 3265 3294 3338 qui

1719 3358 1876 3406 natus
1898 3359 1974 3406 est
2007 3366 2073 3405 ea:
2102 3349 2239 3417 Deo,
2276 3367 2383 3407 non
2405 3363 2609 3422 peccat;
2645 3355 2737 3410 sed
2763 3357 2854 3427 qui
2879 3357 3083 3427 genitus
3111 3368 3190 3414 est
3228 3375 3297 3417 σε

1717 3442 1852 3508 Deo,
1893 3452 2064 3499 servat
2092 3446 2354 3515 seipsum,
2384 3455 2433 3500 et
2475 3447 2648 3502 malus
2695 3464 2800 3503 non
2844 3452 3016 3521 tangit
3053 3467 3172 3507 eum
3221 3452 3287 3507 ⁷⁸.

1720 3535 1858 3609 [(98)
1898 3535 2055 3603 Quod
2096 3538 2143 3593 si
2189 3538 2235 3592 is
2293 3538 2387 3605 qui
2437 3553 2504 3593 ex
2542 3540 2654 3595 Deo
2688 3549 2849 3596 natus
2894 3553 3009 3608 est,
3053 3543 3290 3612 seipsum

1721 3638 1906 3685 tuetur
1952 3638 2009 3685 et
2046 3638 2255 3695 servat,
2294 3645 2397 3686 nec
2448 3631 2761 3701 improbus,
2801 3633 2855 3688 id
2898 3644 2983 3688 est
3022 3635 3289 3704 diabolus,

1718 3720 1896 3791 ipsum
1916 3720 2196 3793 attingit,]
2238 3722 2330 3790 qui
2358 3722 2605 3792 seipsum
2631 3738 2740 3777 non
2779 3734 2995 3790 servat,
3040 3740 3110 3781 ne
3150 3728 3292 3783 malo

1719 3811 1812 3867 illo
1848 3821 2124 3883 tangatur,
2160 3828 2268 3868 non
2316 3813 2535 3883 genitus
2573 3826 2658 3870 est
2699 3829 2768 3870 ex
2814 3816 2958 3882 Deo;
3001 3827 3057 3872 et
3114 3821 3293 3874 oumis

1717 3917 1878 3973 quem
1922 3904 2091 3974 tangit
2133 3903 2306 3958 malus
2331 3942 2346 3966 ,
2391 3903 2485 3957 ille
2524 3920 2631 3960 non
2673 3906 2889 3976 genitus
2923 3918 3100 3964 estex
3142 3908 3290 3976 Deo;

1719 3995 1895 4065 tangit
1919 4005 2101 4050 autem
2132 3995 2309 4050 malus
2332 3996 2422 4052 ille
2449 4012 2545 4053 eos
2563 3999 2655 4068 qui
2686 3999 2897 4069 seipsos
2920 4016 3025 4055 non
3048 4010 3297 4057 servant.-

1718 4088 1987 4155 Quoniam
2008 4103 2139 4144 vero
2172 4089 2243 4144 iis
2264 4104 2384 4159 quae
2404 4089 2472 4146 de
2493 4090 2769 4145 Abraham
2796 4092 2944 4148 dicta
2968 4102 3115 4158 sunt,
3140 4094 3292 4149 nullo

1716 4180 1863 4235 facto
1904 4180 2224 4247 intervallo,
2272 4181 2376 4236 hoc
2429 4180 2702 4237 infertur:
2737 4180 2842 4237 Vos
2907 4184 3086 4252 facitis
3132 4200 3291 4254 Opera

1714 4273 1883 4342 patris
1931 4271 2090 4326 vestri
2129 4271 2198 4336 ⁷⁸⁸,
2258 4271 2638 4341 quaerebamus
2683 4288 2811 4328 num
2878 4274 3020 4329 forte
3069 4285 3292 4344 propter

1716 4365 1952 4435 primum
1996 4364 2235 4419 Abrahae
2287 4364 2471 4418 datum
2531 4366 2845 4420 mandatum
2882 4365 2987 4421 hoc
3027 4367 3287 4436 scriptum

75 4447 139 4521 μὴ
172 4455 338 4526 τηρῶν
366 4460 575 4528 ἑαυτὸν,
613 4462 676 4514 ἵν’
704 4464 733 4516 6
760 4462 995 4534 πονηρὸς
1028 4462 1193 4518 αὐτοῦ
1241 4464 1314 4537 μὴ
1354 4465 1611 4537 ἅπτηται,

1773 4465 1808 4511 ι.
1831 4456 2075 4511 Primum
2107 4469 2341 4525 namque
2364 4455 2605 4511 divinum
2625 4457 2938 4512 mandatum
2970 4458 3036 4512 ad
3066 4474 3187 4513 eum
3209 4460 3291 4515 sic

75 4540 124 4593 οὔ
148 4547 445 4623 γεγέννηται
481 4554 546 4607 ὲκ
586 4554 682 4608 τοῦ
714 4555 851 4609 Θεοῦ
872 4573 884 4586 ·
923 4556 1018 4610 καὶ
1055 4558 1163 4616 πᾶς
1214 4552 1275 4611 οὗ
1310 4558 1540 4612 ἅπτεται
1585 4560 1614 4611 6

76 4635 308 4707 πονηρὸς,
337 4636 487 4708 οὗτος
519 4645 581 4698 οὐ
615 4644 934 4716 γεγέννηται
963 4646 1028 4699 ὲκ
1053 4645 1148 4699 τοῦ
1180 4644 1346 4700 Θεοῦ⁹
1383 4647 1610 4701 ἅπτεται

76 4719 123 4774 δὲ
143 4724 170 4777 ὁ
197 4732 412 4805 πονηρὸς
435 4735 543 4790 τῶν
583 4736 659 4808 μὴ
687 4737 992 4809 τηρούντων
1024 4720 1269 4801 ἑαυτούς.
1317 4738 1469 4792 Ἐπεὶ
1498 4739 1609 4810 (97)

75 4811 124 4866 δὲ
159 4822 257 4886 τοῖς
310 4828 432 4901 περὶ
466 4829 561 4884 τοῦ
603 4830 874 4904 Ἀϐραάμ,
921 4830 1134 4896 οὐδενὸς
1175 4831 1463 4902 γενομένου
1515 4849 1610 4903 με-

77 4904 187 4994 τᾳξὺ
231 4911 621 4991 διαλείμματος,
655 4921 969 4994 ἐπιφέρεται
1013 4926 1106 4976 τό⁹
1162 4924 1359 4992 Ὑμεῖς
1390 4923 1607 4978 ποιεῖτε

78 4991 137 5084 τᾷ
161 4996 288 5070 ἔργα
315 5007 415 5062 τοῦ
457 5010 680 5079 πατρὸς
710 4991 897 5080 ὑμῶν,
931 4991 1237 5084 ἐζητοῦμεν
1268 5014 1477 5084 μήποτε
1520 5014 1608 5068 διὰ

192 5091 261 5162 τῷ
303 5097 541 5173 Ἀϐραὰμ
584 5102 808 5176 πρώτην
843 5082 1145 5175 δεδομένην
1175 5082 1394 5177 ἐντολὴν
1447 5106 1608 5159 τοῦτο

83 5172 466 5268 ἀναγέγραπται.
506 5172 566 5248 Ὃ
842 5194 899 5247 δὲ
929 5172 1314 5267 χρηματισμός
1341 5172 1478 5268 πρὸς
1503 5198 1572 5250 αὐ
1590 5226 1605 5236 ο

84 5263 158 5319 τὸν
200 5272 352 5346 οὕτως
384 5282 523 5356 ἔχει*
563 5263 807 5350 Ἔξελθε
837 5289 905 5342 ἐκ
1075 5287 1188 5360 γῆς
1217 5263 1364 5356 νσου,
1385 5263 1510 5343 -καὶ
1534 5291 1606 5345 ἐκ

138 5408 178 5441 ⁷⁸
209 5411 391 5480 ann.
419 5428 584 5493 v.18.
658 5430 704 5461 ⁷⁸
732 5427 886 5485 Joan.
919 5446 1037 5497 vui,
1066 5431 1158 5489 41.
1234 5432 1280 5463 ⁸ο
1307 5431 1445 5489 Gen.
1471 5448 1566 5499 XII,
1592 5432 1645 5486 1ο

264 5534 437 5618 ¹(ξοιιεχ
467 5543 809 5618 Bodleianus,
843 5546 940 5600 καὶ
970 5545 1037 5599 τὰ
1061 5547 1243 5618 ϐμοια,
1274 5558 1382 5603 etc.

146 5595 240 5686 ἓξὲξ
261 5604 394 5686 [dein
415 5595 937 5686 Quassatam;
956 5595 1036 5669 εὶῖ
1066 5595 1427 5686 'i‘i‘égidsj'éét.

148 5664 245 5759 an
259 5664 1026 5759 ροειςίεδξῑεῑενηῑξέ;“έῇ;ιρξδ,
1059 5664 1353 5759 ,ξέξεδςνις
1369 5664 1428 5744 is;

94 5744 219 5794 φαινε
235 5757 247 5770 ·
269 5742 465 5822 Regius,
505 5755 691 5827 εἴρητο
714 5742 799 5824 ἂν,
824 5742 886 5811 τί
897 5742 1168 5828 ἐνέεραῗνεί

1715 4549 1917 4603 habet:
1947 4547 2210 4618 Egredere
2242 4549 2306 4601 de
2334 4558 2477 4602 terra
2515 4558 2627 4611 tua,
2658 4557 2709 4602 et
2740 4549 2804 4603 de
2835 4550 3146 4619 cognatione
3168 4560 3284 4617 tua,

1713 4650 1761 4694 et
1790 4640 1856 4692 de
1877 4640 2033 4693 domo
2054 4638 2223 4708 patris
2247 4639 2348 4704 tui,
2374 4649 2422 4692 et
2453 4640 2582 4693 uade
2601 4642 2671 4693 ad
2696 4650 2890 4694 terram
2921 4657 3077 4710 quam
3103 4657 3278 4695 osten-

1713 4732 1837 4785 dam
1869 4730 1960 4784 tibi
1984 4730 2050 4783 ⁸ο.
2082 4730 2263 4784 Esivit
2286 4744 2419 4801 ergo
2460 4730 2737 4786 Abraham
2793 4733 2861 4785 de
2903 4733 3064 4787 domo
3113 4733 3287 4801 patris

1715 4824 1824 4889 sui,
1851 4823 1999 4892 quod
2019 4838 2124 4878 nou
2146 4820 2345 4877 fecisse
2369 4824 2767 4878 convincuntur
2786 4824 2844 4879 bi
2871 4826 2962 4894 qui
2988 4828 3287 4896 reprehen-

1716 4915 1918 4967 duntur
1960 4928 2025 4968 eo
2063 4912 2211 4982 quod
2249 4927 2354 4968 non
2412 4914 2557 4969 bene
2594 4914 2871 4970 dixerint:
2905 4913 3066 4969 Pater
3111 4928 3286 4971 noster

1713 5003 1981 5057 Abraham
2001 5013 2075 5056 est
2106 5002 2185 5068 ⁸¹;
2223 5018 2346 5057 nam
2392 5004 2438 5058 si
2476 5003 2571 5057 ﬁlii
2594 5003 2829 5058 Abrahae
2863 5004 3074 5060 faciunt
3120 5022 3284 5076 opera

1712 5098 1970 5161 Abrahae,
1995 5109 2048 5149 et
2087 5097 2132 5151 si
2164 5096 2399 5166 primum
2419 5111 2555 5166 opus
2579 5108 2662 5151 est
2684 5099 2836 5152 exire
2870 5098 2939 5153 de
2977 5111 3121 5154 terra
3159 5116 3282 5157 sua.

1713 5200 1769 5245 ct
1795 5192 1861 5243 de
1891 5189 2052 5243 domo
2091 5189 2264 5258 patris
2301 5188 2408 5253 sui,
2442 5196 2497 5243 et
2531 5188 2802 5258 proﬁcisci
2839 5190 2906 5244 ad
2935 5205 3055 5245 eam
3083 5197 3284 5244 terram

1712 5299 1873 5354 quam
1901 5282 1977 5337 illi
1999 5282 2236 5337 ostendit
2280 5282 2452 5352 Deos,
2502 5292 2557 5338 et
2582 5283 2720 5342 hanc
2760 5284 2830 5339 ob
2867 5297 3086 5338 causam
3116 5283 3171 5337 bi
3209 5286 3284 5347 ad

1719 5430 1762 5463 ⁸⁸
1793 5427 1951 5484 Joan.
1983 5442 2103 5490 vm,
2133 5426 2222 5481 39.

1775 5546 1888 5618 (97)
1918 5544 2100 5618 Codex
2140 5543 2486 5618 Bodleiamts,
2519 5544 2768 5618 ῨἘπεὶΔδὲ
2795 5545 2908 5618 τοῖς
2962 5543 3118 5618 περε’
3172 5544 3278 5600 lio—

1706 5613 1913 5687 giu'st-t
1940 5615 2291 5687 Barberinus,
2324 5616 2482 5687 runle,
2512 5616 2636 5667 ἐπεὶ
2677 5613 2733 5667 δὲ
2763 5613 3063 5687 τοὺςξπερί.

1772 5684 1882 5759 (98)
1908 5686 2051 5753 llaic,
2077 5702 2107 5743 a
2129 5684 2386 5742 Ferrario
2414 5700 2803 5755 prmternnssa,
2822 5703 2851 5744 e
2880 5684 3128 5743 l’cri’ouio
3152 5704 3278 5758 Sup-

1702 5760 1984 5830 plurimus.
