3688 6146
29 233 132 292 609

1101 241 1460 297 COMMENT.
1496 241 1559 297 IN
1599 239 1790 298 JOAN.
1830 239 2067 299 TOMUS
2102 241 2218 302 XX.

3151 245 3286 301 ’610

29 352 294 430 κρίναντο
313 375 330 391 ·
369 360 610 424 εἰπόντες
631 359 740 432 γὰρ
774 363 1064 434 πρότεροψ
1091 364 1331 433 Σπέρμα
1377 364 1600 434 Ἆϐραάι

1781 374 1887 421 utea
1919 365 2187 420 dixissent
2215 382 2229 418 :
2257 364 2447 420 Semen
2472 363 2700 419 Mra/ue
2721 379 2905 419 sumus
2949 363 3015 430 ⁸⁸,
3050 372 3106 422 et
3129 367 3288 437 quasi

28 451 219 521 ἐσμεν
239 489 257 514 ,
315 451 410 506 καὶ
454 449 567 505 οἷον
610 452 769 506 τοῦτο
818 457 1140 526 τρανότερον
1185 455 1619 526 ὁμολογήσαντες

27 543 113 596 διὰ
135 541 263 595 τοῦ⁸
289 543 358 596 '0
385 543 578 612 πατὴρ
601 543 773 614 ήμῶν
795 545 1051 615 Ἀϐραάμ
1075 546 1266 614 ἐστιν,
1288 546 1618 611 ἀκούσαντες

28 632 168 706 πρὸς
198 633 370 689 τοῦτο
393 635 454 688 τό
471 653 486 667 ο
537 638 605 690 Ei
638 635 820 691 τέκνα
851 637 960 692 τοῦ
1007 637 1263 709 Ἀϐραάμ
1312 639 1453 694 ἐστε
1473 679 1489 704 ,
1544 639 1620 695 τὰ

27 727 173 794 ἔργα
206 726 324 780 τοῦ
376 726 632 797 Ἀϐραὰμ
672 728 926 794 ποιεῖτε,
977 729 1196 800 μείζονα
1232 733 1325 785 τοῦ
1369 731 1618 804 Ἀϐραὰμ

29 816 389 887 ὁμολογοῦσιν
418 818 624 872 ἑαυτῶν
650 815 788 874 εἶναι
819 818 912 875 τὸν
941 820 1153 894 πατέρα
1177 821 1445 892 λέγοντεςο
1467 825 1618 880 Ἕνα

32 908 257 976 πατέρα
303 907 526 978 ἔχομεν
560 910 667 963 τὸν
702 913 871 966 Θεόν.
910 912 1063 983 Τάχα
1085 914 1142 968 δὲ
1167 914 1254 969 διὰ
1282 915 1343 968 τὸ
1379 915 1488 969 τῶν
1523 918 1616 969 ἀν-

29 1000 266 1073 θρώπων
312 1001 470 1066 τινὰς
505 1002 606 1074 μὲν
636 999 774 1058 εἶναι
813 1007 880 1059 ὲκ
936 1006 1030 1060 τοῦ
1079 1007 1324 1062 διαϐόλου
1348 1049 1363 1074 ,
1400 1009 1616 1082 ἐτέρους

28 1091 83 1145 δὲ
112 1090 480 1163 γεγεννῆσθαι
520 1094 584 1146 ὲκ
613 1093 708 1146 τοῦ
741 1094 897 1158 Θεοῦ,
933 1097 1140 1162 πάντας
1166 1099 1230 1153 ἂν
1251 1099 1419 1169 ὑγιῶς
1442 1101 1616 1170 λέγοι-

34 1201 130 1255 μεν
167 1185 300 1249 τοὺς
345 1185 422 1257 μὴ
474 1188 908 1259 γεγεννημένους
961 1191 1026 1243 ἐκ
1065 1190 1161 1244 τοῦ
1196 1192 1350 1258 Θεοῦ,
1380 1194 1444 1246 ὲκ
1482 1210 1615 1264 πορ-

31 1283 176 1346 νείας
225 1283 614 1354 γεγεννῆσθαι.
677 1285 750 1338 Ού
789 1285 901 1356 γὰρ
957 1287 1023 1339 ὲκ
1071 1287 1322 1360 νύμφης,
1370 1289 1484 1342 ἀλλ’
1549 1291 1614 1342 ὲκ

29 1375 232 1447 πόρνης
275 1376 384 1447 τῆς
428 1375 560 1449 ὕλης
595 1376 690 1441 οὓς
724 1379 891 1450 γεννᾷ
925 1379 1004 1450 (7)
1045 1382 1073 1434 6
1117 1380 1424 1454 διάϐολοςῆ
1471 1385 1616 1436 ποιεῖ

29 1469 150 1530 τοὺς
189 1466 250 1532 ἐξ
287 1467 486 1533 αὐτοῦ,
525 1468 723 1533 οἵτινες
748 1469 845 1524 καὶ
875 1473 988 1535 τοῖς
1013 1477 1344 1543 σωματικοῖς
1372 1492 1614 1546 προσπε-

32 1549 324 1627 πονθότες,
365 1560 465 1614 καὶ
517 1559 931 1632 προσηλωμένοι
984 1561 1278 1618 κολλῶνται
1329 1568 1394 1636 τῇ
1439 1566 1612 1640 πόρνῃ

34 1649 130 1724 ὕλῃ
152 1690 168 1715 ,
209 1652 499 1722 γενόμενοι
537 1651 673 1724 πρὸς
723 1651 891 1724 αὐτὴν
933 1651 991 1707 ἓν
1028 1655 1186 1726 σῶμα
1209 1695 1224 1720 ,
1260 1655 1367 1710 τῶν
1410 1655 1474 1711 ὲκ
1517 1656 1610 1711 τοῦ

1721 455 1822 510 hoc
1856 457 2196 512 manifestius
2239 456 2478 511 confessi
2511 454 2740 512 fuissent
2771 472 2868 528 per
2909 456 3041 514 illud
3077 477 3091 514 :
3121 461 3290 532 328

1719 544 1884 602 Pater
1907 559 2085 604 noster
2123 548 2388 604 Abraham
2422 560 2496 604 est
2525 552 2593 618 ⁸⁸,
2640 566 2763 607 cum
2796 552 2862 605 ad
2896 551 3025 606 illud
3059 567 3287 620 respon-

1718 639 1833 694 deri
1863 640 2200 696 audivissent
2231 656 2246 694 :
2282 640 2341 696 Si
2365 641 2469 710 ﬁlii
2496 641 2720 699 Abrahte
2753 645 2900 709 estis,
2934 661 3095 714 opera
3123 645 3290 702 Abra-

1716 728 1800 782 Iue
1824 729 2006 799 facile,
2045 731 2304 801 majorem
2348 731 2659 788 Abrahamo
2707 749 2864 789 suum
2897 735 3135 804 ipsorum
3187 752 3287 806 pa-

1719 829 1856 874 trem
1917 821 2158 875 fatentur
2217 822 2460 878 dicentes
2495 839 2508 876 :
2543 821 2718 877 Unum
2773 833 2981 894 patrem
3033 827 3286 882 habemus

1718 911 1886 966 Deum
1914 913 1980 966 ⁸⁸.
2016 913 2092 967 Ac
2123 912 2375 970 fortassis
2411 929 2477 970 eo
2506 917 2647 985 quod
2692 917 2857 986 aliqui
2892 917 3281 996 homines-sint

1716 1015 1781 1055 ex
1811 1002 2048 1068 diabolo,
2081 1004 2170 1058 alii
2202 1019 2332 1058 vero
2360 1005 2468 1060 orti
2501 1021 2567 1060 ex
2597 1006 2727 1074 Deo,
2751 1023 2941 1064 omnes
2963 1020 3111 1064 reete
3136 1011 3285 1066 dice-

1717 1108 1899 1149 remus
1920 1095 2011 1164 qui
2039 1097 2208 1165 geniti
2240 1110 2305 1150 ex
2336 1097 2445 1154 Deo
2462 1111 2567 1153 non
2602 1109 2808 1167 essent,
2835 1116 2898 1158 ex
2925 1111 3112 1172 stupro
3135 1114 3286 1160 ortos

1715 1185 1904 1242 fuisse.
1934 1187 2048 1242 Non
2085 1189 2227 1244 enim
2253 1205 2320 1244 ex
2347 1205 2578 1262 sponsa,
2619 1192 2713 1247 sed
2747 1209 2813 1247 ex
2844 1197 3136 1252 meretrice
3164 1213 3284 1251 ma-

1717 1278 1849 1332 teria
1873 1279 2061 1347 gignit,
2091 1280 2174 1334 vel
2199 1293 2347 1335 creat
2380 1282 2626 1338 diabolus
2648 1298 2742 1338 eos
2764 1284 2852 1354 qui
2879 1285 2948 1340 ab
2979 1286 3096 1356 ipso
3122 1295 3278 1342 sunt:

1713 1369 1802 1436 qui
1837 1370 2001 1423 etiam
2035 1369 2320 1426 immodice
2347 1371 2548 1439 affecti,
2577 1384 2630 1428 et
2655 1373 2794 1428 anisi
2830 1375 2989 1430 rebus
3019 1392 3280 1447 corpora-

1713 1459 1856 1516 libus
1897 1462 2301 1531 agglutinantur
2345 1465 2624 1519 meretrici
2664 1467 2944 1532 materiae,
2980 1467 3107 1522 facti
3155 1484 3280 1523 cum

1713 1551 1830 1621 ipsa
1876 1568 2044 1608 unum
2098 1567 2342 1623 corpus:
2374 1570 2496 1609 cum
2551 1555 2604 1610 lii
2667 1557 2758 1626 qui
2808 1571 2874 1612 ex
2915 1559 3020 1612 Deo
3079 1557 3280 1614 fuerint

1712 1642 1901 1712 geniti,
1937 1657 1967 1696 a
2002 1643 2290 1698 meretrice
2321 1645 2548 1700 materia
2579 1646 2856 1710 recedant,
2915 1654 3079 1714 atque
3109 1649 3278 1702 etiam

32 1716 160 1793 Geo-3
191 1716 616 1812 γεγεννημένων
651 1716 1036 1813 ἀφισταμένων
1071 1716 1168 1816 της
1192 1716 1398 1819 στόρνης
1438 1746 1600 1820 ὕλης¹

1781 1733 2120 1803 glutinentur
2174 1733 2423 1802 Domino,
2476 1737 2610 1790 uniti
2667 1736 2916 1792 Sermoni
2960 1737 3036 1792 illi
3094 1738 3185 1809 qui
3222 1737 3280 1796 in

35 1831 502 1904 καὶοκολλωμένων
523 1832 600 1904 τῷ
621 1833 830 1906 Κυρίῳ,
849 1836 943 1890 καὶ
962 1837 1080 1892 ἑνου
1088 1837 1263 1908 μένων
1284 1839 1360 1910 τῷ
1384 1843 1442 1894 ἐν
1467 1841 1608 1913 ἀρχῇ

35 1923 162 1995 πρὸς
188 1923 283 1977 τὸν
316 1924 455 1978 Θεὸν
488 1926 666 1997 Λόγῳ,
699 1927 796 1981 καὶ
818 1931 882 1999 τῇ
908 1929 1068 2000 σοφίᾳ
1099 1929 1283 1994 αὐτοῦ,
1311 1932 1378 2004 ἣν
1397 1931 1611 1988 ἔκτισεν

37 2017 199 2088 ἀρχὴν
218 2016 357 2071 ὁδῶν
377 2016 547 2072 αὐτοῦ
580 2020 660 2083 είς
690 2018 828 2091 ἔργα
855 2019 1044 2082 αὐτοῦ,
1072 2022 1158 2074 ἵνα
1184 2023 1448 2091 γένωνται
1475 2024 1611 2096 πρὸς

38 2105 195 2178 αὐτὴν
212 2107 272 2162 ἓν
299 2107 543 2178 πνεῦμαο
568 2109 631 2163 '0
658 2111 776 2180 μὲν
795 2110 902 2185 γὰρ
924 2113 1304 2183 κολλώμενος
1323 2114 1398 2184 τῇ
1418 2116 1608 2185 πόρνῃ

39 2197 102 2251 ἐν
139 2197 308 2268 σῶμά
358 2201 555 2255 ἐστιν’
600 2204 634 2256 ό
669 2201 737 2255 δὲ
781 2203 1160 2274 κολλώμενος
1203 2206 1284 2273 τῷ
1309 2209 1505 2276 Κυρίῳ
1542 2208 1611 2263 ἐν

41 2292 262 2362 πνεῦμά
297 2294 493 2348 ἐστιν.

111 2383 194 2438 15.
234 2381 426 2438 Εἶπεν
451 2385 656 2453 αὐτοῖς
688 2389 721 2441 ὁ
764 2386 1011 2457 Ἰησοῦς·
1047 2391 1118 2443 Et
1153 2394 1186 2445 ὁ
1228 2392 1368 2458 Θεὸς
1416 2391 1610 2461 statim

43 2474 197 2543 ὑμῶν
225 2472 306 2544 ἦν
325 2516 341 2541 ,
378 2477 652 2546 ἠγαπᾶτε
687 2479 764 2532 ἂν
796 2481 919 2550 ἐμέ·
950 2481 1064 2551 ἐγὼ
1099 2485 1208 2554 γὰρ
1231 2485 1300 2538 ἐκ
1333 2485 1438 2539 τοῦ
1462 2488 1609 2542 Θεοῦ

47 2566 314 2634 ἐξῆλθον.
347 2569 453 2622 καὶ
484 2568 627 2636 ἥκω.
674 2572 931 2643 Ἐπείπερ
970 2576 1018 2626 οἱ
1070 2573 1168 2638 τὰς
1225 2575 1416 2646 φύσεις
1462 2578 1611 2632 εἱσά-

48 2671 222 2723 γοντες
253 2656 326 2728 (8)
366 2658 610 2729 χρῶνται
647 2658 727 2732 τῷ
767 2664 970 2734 ῥήματι
1034 2666 1207 2736 τούτῳ
1265 2666 1610 2739 διηγούμενοι

51 2748 189 2812 αὐτὸ,
226 2750 307 2803 ὅτι
337 2751 433 2814 Ὦς
456 2753 652 2804 οἰκεῖον
675 2753 739 2806 ἂν
765 2755 919 2825 ὑμῶν
956 2757 1049 2808 καὶ
1082 2757 1305 2826 ἀδελφὸν
1338 2761 1610 2829 ἐπέγνωτε

56 2857 134 2910 με,
170 2841 298 2896 ἀλλὰ
331 2843 432 2896 καὶ
459 2843 534 2907 ὡς
570 2844 700 2898 ἴδιον
722 2846 1044 2918 ἡγαπήσατε
1078 2849 1144 2903 ἂν
1174 2850 1298 2920 ἐμὲ,
1335 2851 1382 2903 εἰ
1413 2855 1441 2905 6
1479 2851 1610 2917 Θεὸς

53 2932 211 3004 πατὴρ
240 2935 392 3006 ὑμῶν
447 2930 544 3006 ἦν’
595 2938 966 3010 ὲπαπορητέον
992 2939 1163 3005 οὕτως
1197 2941 1335 3013 πρὸς
1373 2945 1568 3008 αὐτούς
1592 2963 1606 2976 ·

1712 1825 1983 1895 principio
2014 1835 2134 1881 erat
2167 1827 2308 1895 apud
2353 1825 2521 1881 Deum
2554 1827 2622 1893 ⁸⁷,
2665 1837 2720 1882 et
2767 1829 3044 1898 sapientiae
3089 1830 3279 1900 ipsius,

1713 1931 1874 1985 quam
1901 1919 2104 1973 creavit
2131 1919 2454 1988 principium
2491 1920 2700 1974 viarum
2743 1937 2962 1976 suarum
3010 1925 3078 1976 ad
3116 1937 3281 1991 opera

1712 2023 1808 2062 sua
1835 2007 1914 2072 8';
1957 2017 2016 2062 ut
2054 2009 2167 2062 sint
2194 2022 2316 2062 cum
2355 2007 2469 2078 ipsa
2519 2024 2658 2064 unus
2691 2010 2916 2079 Spiritus
2952 2029 2966 2064 :
3001 2011 3106 2076 Qui
3133 2011 3280 2066 enim

1712 2099 2080 2168 agglutinatur
2117 2100 2399 2162 meretrici,
2457 2115 2620 2152 unum
2667 2111 2741 2153 est
2786 2117 3017 2170 corpus;
3047 2104 3136 2172 qui
3162 2119 3280 2158 vero

1712 2191 2071 2261 agglutinatur
2098 2190 2347 2256 Domino,
2394 2207 2532 2245 unus
2567 2192 2784 2261 spiritus
2812 2202 2891 2247 est
2925 2192 2995 2247 ’9.

1781 2374 1877 2432 15.
1907 2373 2052 2428 Dixit
2082 2373 2192 2427 illis
2219 2371 2419 2428 Iesus:
2451 2372 2514 2428 Si
2549 2372 2692 2428 Deus
2732 2382 2882 2442 pater
2921 2383 3088 2428 vester
3126 2383 3280 2443 esset,

1710 2465 1998 2536 diligeretis
2034 2467 2215 2535 utique
2257 2480 2368 2528 me;
2423 2481 2515 2534 ego
2559 2467 2698 2518 enim
2753 2480 2819 2518 ex
2864 2465 2970 2519 Deo
3029 2467 3188 2533 exivi,
3230 2475 3282 2522 et

1711 2560 1862 2614 uenio
1891 2561 1962 2614 '°.
1996 2559 2260 2626 Quoniam
2301 2560 2392 2629 qui
2441 2566 2662 2612 naturas
2701 2558 3085 2623 introducunt,
3118 2569 3286 2614 utun-

1714 2653 1930 2707 turhoc
1965 2662 2135 2719 textu,
2167 2661 2490 2706 enarranles
2538 2652 2754 2722 ipsum,
2821 2649 2908 2722 [ac
2955 2652 3001 2706 si
3051 2651 3284 2708 dixisset

1709 2741 1868 2798 Jesus
1894 2741 1954 2815 :]
1985 2743 2265 2812 Tanquam
2295 2753 2550 2816 agitatum
2585 2743 2738 2798 vobis
2769 2757 2833 2798 ac
2857 2743 3082 2798 fratrem
3109 2759 3280 2813 agno-

1714 2837 1926 2892 vissetis
1960 2852 2067 2902 me,
2096 2847 2258 2908 atque
2287 2840 2452 2894 veluti
2491 2838 2770 2907 proprium
2805 2837 3136 2891 dilexissetis
3170 2853 3278 2904 me,

1713 2930 1756 2984 si
1794 2931 1936 2984 Deus
1982 2939 2139 3000 pater
2185 2940 2368 2986 vester
2398 2941 2575 2996 esset;
2631 2929 2898 2985 movenda
2929 2937 3057 2984 sunt
3090 2938 3280 2984 contra

51 3017 145 3075 Ἦν
175 3026 259 3078 ὅτε
291 3025 510 3089 Παῦλος
548 3028 724 3096 ἐμίσει
763 3027 852 3081 τὸν
890 3030 1115 3100 Ἰησοῦν·
1144 3033 1323 3103 ἐμίσει
1358 3035 1413 3088 δὲ
1447 3036 1600 3090 αὐτὸν

1781 3036 1861 3076 sos
1889 3022 2050 3076 dubia
2101 3023 2246 3077 hunc
2277 3023 2331 3076 in
2369 3026 2584 3077 modum
2624 3041 2637 3077 :
2669 3033 2786 3077 erat
2817 3023 3036 3091 quando
3079 3020 3280 3077 Paulus

52 3113 128 3167 ὅτε
161 3116 406 3189 ἐπόρθει,
449 3119 541 3172 καὶ
570 3119 761 3172 ἐδίωκε
801 3121 900 3192 τὴν
951 3122 1279 3194 Ἐκκλησίαν
1319 3125 1412 3180 τοῦ
1447 3127 1605 3193 Θεοῦ,

51 3206 133 3258 καί
177 3207 457 3278 ἀληθεύων
509 3226 572 3279 γε
623 3211 808 3280 ἔλεγεν
856 3213 1004 3285 αὐτῷ
1054 3217 1083 3268 6
1136 3217 1350 3287 πρῶτος
1392 3237 1609 3290 χρημα-

51 3298 249 3369 τισμός·
313 3302 519 3356 Σαοὺλ
543 3341 558 3365 ,
616 3303 840 3368 Σαοὺλ,
892 3306 950 3358 τί
995 3324 1072 3376 με
1115 3307 1387 3376 διώκεις;
1439 3309 1608 3366 Εἶπεν

53 3384 133 3442 οὖν
156 3390 224 3461 (9)
245 3392 441 3464 ἀληθὲς
469 3395 560 3447 τό·
584 3396 652 3449 El
680 3398 713 3450 ό
738 3395 883 3463 Θεὸς
915 3397 1112 3467 πατὴρ
1144 3397 1308 3468 ὑμῶν
1333 3397 1431 3471 ἦν,
1458 3404 1607 3472 ἠτα-

57 3480 186 3536 πᾶτε
218 3483 290 3536 ἃν
321 3486 426 3555 ἐμέ
446 3505 460 3517 ·
490 3487 671 3556 δῆλον,
706 3490 790 3542 ὅτι
821 3489 914 3542 καὶ
948 3491 1008 3544 τὸ
1036 3491 1210 3563 τούτῳ
1255 3494 1609 3568 ἀντιστρέφον

55 3576 182 3628 ἐστὶν
251 3579 431 3645 ὑγιές·
491 3581 554 3633 Εἰ
599 3581 674 3651 μὴ
740 3583 988 3651 ἠγαπᾶτέ
1050 3602 1116 3654 με
1151 3625 1165 3647 ,
1219 3585 1338 3656 οὐχὶ
1393 3589 1421 3640 6
1479 3587 1611 3652 Θεὸς

57 3667 216 3743 πατὴρ
257 3670 407 3740 ὑμῶν
447 3667 535 3741 ἦν.
595 3672 801 3725 Οὐκοῦν
842 3673 950 3726 τῶν
1003 3674 1077 3746 μὴ
1141 3676 1480 3744 ἀγαπώντων
1520 3680 1610 3734 τὸν

65 3757 250 3827 Ἰησοῦν
284 3763 381 3816 οὐκ
412 3763 564 3816 ἔστιν
604 3767 633 3818 6
657 3764 790 3829 Θεὸς
821 3768 1033 3838 πατήρ·
1070 3767 1280 3832 Παῦλος
1312 3769 1368 3822 δὲ
1408 3767 1475 3842 ἦν
1519 3772 1608 3826 ὅτε

54 3848 140 3901 οὐκ
181 3852 364 3920 ἠγάπα
399 3855 494 3908 τὸν
525 3855 732 3926 Ἰησοῦν
757 3872 770 3886 ·
819 3853 888 3929 ἦν
925 3859 1032 3930 ἄρα
1070 3859 1258 3931 καιρὸς
1289 3863 1378 3915 ὅτε
1415 3865 1443 3916 6
1479 3863 1610 3928 Θεὸς

55 3934 243 3993 Παύλου
300 3945 487 4016 πατὴρ
555 3947 658 3999 οὐκ
713 3941 821 4018 ἦν·
895 3949 956 4000 ού
1015 3949 1174 4018 φύσει
1233 3944 1344 4022 ἄρα
1399 3952 1610 4018 Παῦλος

54 4027 171 4082 Θεοῦ
213 4034 322 4097 υἱὸς
357 4031 463 4107 ἦν,
513 4036 629 4090 ἀλλ’
667 4037 892 4112 ὕστερον
930 4041 1120 4110 γέγονε
1160 4042 1293 4095 Θεοῦ
1327 4045 1472 4107 υἱός·
1520 4045 1610 4099 ὅτε

55 4122 136 4174 καὶ
188 4124 349 4194 ὑγιῶς
403 4129 473 4182 ἃν
521 4131 934 4203 προσελάϐομεν
968 4132 1078 4204 (10)
1118 4135 1178 4187 τὸ
1215 4135 1505 4190 ἀκόλουθον
1531 4137 1609 4209 τῷ

56 4212 313 4287 ἡγουμένῳ
369 4221 465 4273 τοῦ
532 4223 874 4294 συνημμένου
930 4224 1178 4294 λέγοντος
1199 4265 1214 4290 ,
1257 4226 1338 4280 ὅτι
1364 4268 1380 4292 ,
1449 4227 1611 4281 Ἀλλὰ

61 4303 152 4372 μὴν
182 4306 208 4357 6
240 4307 404 4374 Θεὸς,
449 4303 494 4363 ὧ
546 4311 764 4374 Παῦλε,
817 4313 999 4384 πατήρ
1049 4330 1142 4366 σου
1180 4313 1346 4367 ἐστίν·
1389 4315 1609 4387 ἀγαπᾷς

1711 3115 1900 3168 oderat
1929 3113 2115 3169 Jesutn
2144 3132 2157 3179 ;
2194 3129 2426 3182 eumque
2460 3117 2671 3178 oderat,
2700 3129 2823 3167 cum
2857 3113 3279 3183 depopularetur

1709 3217 1762 3258 et
1797 3215 2213 3275 persequeretur
2243 3205 2544 3258 Ecclesium
2592 3204 2688 3259 Dei
2715 3245 2732 3268 ,
2771 3217 3006 3273 veraque
3039 3219 3278 3259 narrans

1709 3297 1925 3350 dicebat
1961 3297 2036 3350 illi
2071 3297 2301 3363 primum
2336 3295 2429 3350 Dei
2476 3297 2759 3351 oraculum
2804 3313 2818 3350 :
2849 3293 3032 3358 Saule,
3077 3292 3238 3348 Suule
3261 3334 3280 3360 ,

1707 3389 1836 3459 quid
1881 3403 1959 3442 me
1996 3389 2318 3457 persequeris
2347 3387 2440 3441 "‘l
2473 3386 2529 3442 Si
2576 3401 2705 3456 ergo
2749 3402 2934 3441 verum
2975 3394 3059 3440 est
3105 3386 3276 3440 illud:

1709 3480 1773 3535 Si
1807 3479 1950 3535 Deus
1992 3489 2142 3548 pater
2173 3488 2339 3533 vester
2383 3489 2532 3540 esset,
2560 3478 2844 3549 diligentis
2896 3478 3070 3547 utique
3103 3493 3183 3530 me
3211 3477 3280 3542 ³⁸,

1708 3573 2052 3642 perspicuum
2088 3567 2410 3642 est'quoque
2442 3571 2589 3636 illud,
2629 3572 2774 3639 quod
2833 3585 2954 3624 cum
3006 3569 3109 3623 hoc
3151 3584 3279 3623 con-

1708 3664 1957 3726 vertitur,
1985 3671 2194 3716 rectum
2225 3676 2346 3716 esse
2374 3681 2388 3716 :
2419 3661 2475 3716 Si
2499 3676 2584 3714 me
2607 3676 2710 3714 non
2731 3660 3046 3728 diligeretis,
3077 3673 3280 3727 nequa-

1709 3765 1871 3818 quam
1904 3749 2048 3805 Deus
2094 3762 2248 3820 pater
2305 3760 2483 3804 vester
2531 3759 2697 3802 esset.
2754 3748 2900 3818 Ergo
2949 3747 3092 3803 Deus
3125 3760 3282 3817 pater

1710 3856 1818 3896 non
1870 3852 1955 3896 est
2001 3858 2186 3897 eorum
2217 3842 2309 3911 qui
2358 3857 2461 3896 non
2497 3841 2723 3909 diligunt
2781 3839 2966 3894 Jesum
2998 3856 3012 3892 :
3047 3856 3282 3909 cumque

1713 3944 1924 4000 tempus
1975 3933 2142 3989 fuerit
2200 3949 2306 4004 quo
2358 3933 2558 3988 Paulus
2615 3949 2719 3986 non
2765 3933 3023 4002 diligebat
3068 3931 3279 3999 Jesum,

1709 4027 1955 4096 sequitur
1981 4038 2195 4094 quoque
2227 4034 2437 4092 tempus
2461 4021 2629 4076 fuisse
2659 4029 2767 4092 quo
2784 4022 2924 4076 Deus
2945 4034 3098 4090 pater
3129 4023 3278 4076 Pauli

1708 4134 1816 4173 non
1859 4127 2018 4183 erat;
2061 4130 2168 4170 non
2195 4129 2324 4184 ergo
2363 4124 2553 4168 natura
2581 4112 2779 4168 Paulus
2808 4123 2927 4168 erat
2971 4114 3064 4169 Dei
3111 4115 3274 4176 filius,

1707 4211 1799 4266 sed
1827 4218 2014 4279 postea
2043 4207 2216 4262 factus
2238 4217 2322 4261 est
2351 4207 2441 4260 Dei
2493 4206 2634 4259 filius
2658 4222 2672 4256 :
2695 4207 2912 4274 quando
2936 4206 3098 4260 etiam
3132 4215 3281 4259 recte

1709 4317 2106 4358 assumeremus
2130 4301 2184 4355 id
2229 4299 2372 4370 quod
2403 4298 2674 4368 sequitur,
2717 4297 2844 4352 illud
2878 4299 3020 4367 quod
3056 4313 3266 4366 praece-

57 4391 150 4463 ἄρα
197 4397 280 4450 τὸν
340 4400 568 4471 Ἰησοῦν.
621 4401 780 4456 Ἀλλὰ
808 4403 903 4456 καὶ
937 4403 1046 4474 πρὸ
1096 4403 1205 4457 τῶν
1262 4405 1470 4476 χρόνων
1503 4405 1600 4476 τῆς

1781 4435 1787 4449 .
1815 4397 2158 4465 coniunctum
2190 4396 2378 4449 dicens
2408 4411 2422 4447 :
2449 4394 2634 4462 Atqui,
2663 4409 2696 4446 ο
2730 4392 2915 4455 Paule,
2944 4391 3084 4444 Deus
3124 4400 3279 4459 pater

57 4486 266 4554 πίστεως
283 4493 494 4547 Παύλου
519 4494 753 4566 ἀληθοῦς
772 4496 922 4559 ὄντος
945 4495 1059 4549 τοῦ·
1079 4497 1148 4550 El
1175 4499 1209 4550 ὀ
1237 4497 1381 4565 Θεὸς
1407 4497 1604 4567 πατὴρ

59 4579 204 4648 ὑμῶν
229 4581 334 4654 ἦν,
367 4586 633 4655 ἀγαπᾶτε
679 4588 756 4642 ἂν
801 4587 939 4657 ἐμὲ,
971 4587 1140 4658 ύγιῶς
1182 4583 1251 4660 ἦν
1277 4589 1604 4661 προσλαϐεῖν

60 4671 200 4728 οἱονεὶ
223 4677 438 4744 λέγοντα
465 4679 553 4732 τὸν
585 4679 811 4749 Ἰησοῦν.
857 4679 1017 4732 Ἀλλὰ
1049 4681 1156 4752 μὴν
1198 4680 1299 4752 ἐμὲ
1331 4682 1430 4734 οὐκ
1469 4683 1604 4751 ἀγα-

64 4765 183 4832 πᾷς
211 4769 304 4821 οὐκ
340 4770 446 4840 ἄρα
487 4773 514 4824 6
544 4771 675 4834 Θεὸς
708 4773 890 4842 πατήρ
939 4787 1032 4824 σου
1083 4771 1263 4834 ἐστὶν,
1310 4765 1354 4824 ὦ
1396 4772 1598 4827 Παῦλε.

66 4854 182 4906 Πότε
200 4857 252 4910 δὲ
278 4862 304 4912 ὁ
335 4861 462 4926 Θεὸς
502 4864 683 4934 πατὴρ
722 4862 931 4932 γίνεταί
957 4879 1099 4926 τινος
1118 4903 1132 4925 ,
1167 4863 1199 4935 ἦ
1230 4864 1356 4917 ὅταν
1386 4867 1600 4940 τηρήσῃ

64 4960 134 5008 τις
159 4947 247 5012 τὰς
277 4952 484 5018 ἐντολάς
509 4971 523 5018 ;
552 4955 619 5007 δι’
645 4953 710 5018 ἃς
736 4955 796 5007 ού
830 4954 1091 5026 πρότερον
1117 4953 1190 5006 ὢν
1235 4972 1318 5019 τις
1361 4956 1475 5021 υίὸς
1505 4956 1599 5010 τοῦ

67 5034 115 5088 ὲν
139 5042 239 5104 τοῖς
278 5044 516 5115 οὐρανοῖς
544 5045 752 5116 Πατρὸς
791 5044 998 5112 γίνεται
1031 5045 1195 5100 αὐτοῦ
1224 5047 1336 5111 υἱός
1353 5064 1370 5080 ο
1393 5049 1482 5101 ὅτε
1507 5049 1602 5102 καὶ

67 5124 93 5176 6
113 5131 274 5203 πατὴρ
299 5137 374 5198 εἰς
402 5137 754 5206 ἀναγέννησιν
783 5135 930 5189 ἄγων
954 5135 1160 5202 τοῦτον,
1179 5137 1254 5202 ὼς
1289 5139 1403 5203 υίὸς
1435 5138 1600 5193 αὑτοῦ

1709 4497 1794 4544 est
1811 4498 1952 4551 tuus,
1972 4487 2152 4557 diligis
2169 4501 2296 4555 ergo
2316 4484 2523 4540 Iesum.
2544 4486 2683 4550 Quin
2707 4485 2866 4537 etiam
2886 4492 3014 4537 ante
3035 4491 3273 4552 tempora

1711 4582 1833 4636 fidei
1865 4581 2057 4645 Pauli,
2097 4595 2220 4635 cum
2259 4595 2442 4633 verum
2467 4588 2610 4632 esset
2655 4579 2784 4630 illud
2821 4595 2833 4630 :
2862 4575 2923 4631 Si
2953 4575 3093 4628 Deus
3127 4585 3282 4642 pater

1708 4675 1874 4748 329
1901 4685 2066 4729 vester
2086 4683 2236 4739 esset,
2271 4672 2554 4741 ditigeretis
2584 4671 2759 4740 utique
2805 4685 2906 4733 me,
2941 4677 3086 4722 recte
3126 4681 3281 4721 assu-

1707 4782 1856 4822 mere
1889 4775 2071 4836 posset
2103 4764 2261 4820 Jesus
2292 4763 2514 4818 dicens:
2552 4760 2737 4830 Atqui,
2764 4775 2796 4814 ο
2828 4758 3015 4822 Paule,
3055 4772 3142 4812 me
3171 4771 3274 4809 nou

1707 4860 1903 4930 diligis,
1935 4874 2039 4913 non
2061 4872 2190 4925 ergo
2217 4866 2372 4925 pater
2397 4849 2521 4908 tuus
2546 4853 2682 4908 Deus
2709 4861 2812 4907 est.
2838 4851 3064 4918 Quando
3096 4861 3276 4904 autem

1707 4953 1848 5008 Deus
1877 4951 2106 5006 efﬁcitur
2130 4949 2356 5018 alicujus
2382 4957 2555 5016 pater,
2586 4945 2686 4999 nisi
2712 4944 2926 5012 quando
2950 4941 3146 5011 aliquis
3163 4956 3277 4995 ser-

1706 5047 1916 5101 vaverit
1962 5045 2208 5098 mandata
2238 5042 2498 5110 ?quihus,
2526 5053 2646 5092 cum
2672 5047 2828 5090 antea
2865 5052 2970 5091 non
3005 5045 3149 5091 esset
3178 5033 3277 5089 ali-

1708 5138 1829 5208 quis
1886 5136 2028 5190 filius
2085 5133 2262 5188 Putris
2309 5132 2568 5193 caelestis,
2597 5128 2827 5184 ellicitur
2873 5128 3042 5197 ipsius
3090 5127 3272 5192 filius;

129 5245 170 5320 sf
197 5247 341 5306 Joan.
377 5269 510 5319 VIII,
539 5255 627 5309 55.
704 5253 751 5286 ⁸⁸
801 5253 930 5308 ibid.
974 5253 1063 5310 59.
1137 5255 1186 5288 ³⁸
1228 5257 1356 5311 ἰυίά⁸
1390 5255 1481 5314 4ίο
1555 5256 1600 5288 ετ

1781 5297 1787 5311 .
1827 5272 1867 5320 ι,
1905 5255 1960 5308 2.
2035 5255 2082 5285 ⁸⁸
2125 5253 2280 5306 Prov.
2320 5266 2438 5315 vui,
2469 5249 2560 5304 29..
2636 5248 2682 5280 ⁸³
2720 5246 2741 5300 l
2787 5246 2916 5302 Cor.
2946 5259 3023 5311 \v‘i,
3057 5243 3146 5309 16,
3188 5242 3272 5301 17.

71 5311 113 5344 ⁸⁸
133 5311 275 5372 Joan.
308 5335 419 5388 vnt,
447 5311 535 5378 η.
613 5326 656 5357 ⁹¹
691 5326 814 5379 Αοι-
846 5339 922 5387 lx,
953 5321 1008 5376 4-

133 5410 521 5492 (7)_'1_'1nc06¢
567 5418 769 5492 γεννᾷ.
834 5417 1120 5473 Ferrarius
1177 5415 1410 5486 legebat,
1458 5413 1594 5486 ὕλης

1781 5413 2009 5470 ntrario:
2055 5411 2257 5492 quique
2288 5411 2542 5492 homines
2579 5409 2941 5492 quosdam-ab
2977 5418 3099 5492 ortu
3131 5421 3276 5492 _esse

73 5482 215 5554 γενγᾷ
233 5483 317 5547 οὓς
339 5482 514 5554 γεννᾷξ
534 5482 588 5532 λεί
599 5519 617 5523 η

1700 5477 2283 5554 πνευματικούςμίςιίοε
2314 5477 2612 5554 ψυχικούςς
2657 5483 2792 5536 alios
2843 5477 3059 5544 ύλικούς
3113 5480 3276 5537 doce-

138 5547 202 5619 (θὶ
230 5557 287 5606 Οἱ
308 5547 406 5623 τὰς
434 5547 642 5628 φὶᾶσεις
663 5558 1025 5628 εἰσάγοντες.
1052 5555 1432 5628 Valentiniani,
1457 5569 1594 5628 quos

1781 5547 1856 5628 ut;
1879 5553 2069 5628 utjaut
2110 5547 2270 5628 s_:epe_
2285 5547 2536 5628 diximus.
2568 5552 2830 5628 Hum-tus.

77 5621 171 5700 ‘3'.“
196 5637 323 5700 εξερθ
358 5621 527 5695 veiat,
557 5621 758 5700 quique
780 5621 996 5700 aliquos
1019 5629 1110 5682 Dei
1155 5625 1294 5681 lilios
1320 5627 1394 5679 ita
1444 5621 1592 5678 nasci

81 5691 366 5762 miscebant,
393 5710 448 5754 ut
484 5691 798 5757 filii'diaboli
858 5691 972 5756 fieri
1008 5714 1114 5756 non
1166 5706 1407 5767 possent,
1465 5706 1520 5751 et
1564 5708 1600 5750 e

1771 5623 1846 5693 (9)
1872 5617 2056 5676 Εἶπεν
2087 5617 2221 5693 οὗτνλἶ
2249 5622 2393 5692 Lego
2420 5621 2576 5693 εἴπερ
2596 5617 2709 5693 οῦν,

1775 5689 1889 5765 (10)
1920 5694 2158 5765 Legebat
2184 5689 2468 5750 Ferrarius
2501 5689 2920 5764 προσλάϐωμιν,
