3688 6146
139 275 245 328 6ὶῦ

1196 276 1550 332 (ΖΟΜΜΕΙΝΤ.
1588 276 1654 330 1N
1686 273 1883 333 JOAN.
1920 274 2158 332 TOMUS
2198 275 2314 334 XX.

3273 287 3381 340 694

140 392 231 446 τοῦ
266 392 465 459 ,Θεοῦ,
547 394 712 449 οἱονεὶ
770 394 920 449 ἥλιον
976 396 1034 449 ὲν
1096 396 1272 468 ἑαυτῷ
1337 397 1436 469 τὴν
1492 398 1702 465 ἀγάπην

1856 412 1918 450 em
1947 397 2171 463 habens,
2203 397 2343 455 hanc
2371 395 2571 452 exoriri
2614 396 2745 451 facit
2791 397 2953 452 etiam
2997 412 3159 469 super
3183 400 3378 465 malos,

136 484 295 553 ἔχων,
355 482 559 555 ταύτην
616 482 898 539 ἀνατέλλει
952 489 1046 540 καὶ
1083 485 1179 540 ἐπὶ
1222 491 1511 559 πονηροὺς,
1564 486 1708 542 ἐπὰν

136 575 398 645 ἀγαπήσῃ
440 576 566 639 τοὺς
621 575 814 629 ἑαυτοῦ
868 576 1115 648 ἐχθρούς.
1165 578 1275 631 Καὶ
1316 580 1476 632 πάλιν
1518 577 1706 649 ὥσπερ

138 665 319 736 βρέχει
348 659 443 717 ἐπὶ
469 665 708 730 δικαίους
735 668 826 721 καί
862 662 1098 733 ἀδίκους,
1147 668 1318 732 οῦτως
1356 670 1519 722 οἱονεὶ
1555 669 1706 722 ὑετόν

134 773 251 808 τινα
295 756 397 826 τὴν
446 756 749 828 προσευχὴν
790 760 820 812 6
855 759 1008 827 ἆγιος
1052 760 1400 830 καταπέμπει
1450 760 1542 812 ἐπὶ
1582 760 1707 823 τοὺς

135 849 282 902 κάτω
311 865 413 901 που
441 850 805 919 τυγχάνοντας
829 890 843 914 ,
885 850 973 905 διὰ
1014 852 1075 905 τὸ
1120 850 1338 905 διώκειν
1378 852 1573 917 αὐτὸν,
1612 852 1706 905 καὶ

136 939 262 1011 περὶ
300 940 410 993 τῶν
433 942 689 997 τοιούτων
715 943 1160 1014 προσευχόμενος.
1197 943 1379 997 Ταῦτα
1412 944 1509 1014 μὲν
1534 946 1611 1007 εἰς
1645 944 1706 996 τὸ

136 1031 408 1084 ὑποπεσὸν
432 1034 561 1103 ἡμῖν
591 1034 957 1105 τρανωθῆναι,
983 1036 1047 1088 τό
1080 1044 1095 1059 ⁸
1133 1038 1204 1090 El
1243 1039 1276 1091 ό
1326 1036 1469 1102 Θεὸς
1510 1034 1705 1103 πατὴρ

134 1121 316 1191 ὑμῶν,
338 1123 608 1192 ἠγαπᾶτε
627 1124 703 1178 ἂν
724 1124 847 1193 ἐμέ.

205 1211 288 1265 16.
334 1212 561 1284 Ἰδωμεν
582 1215 638 1268 δὲ
684 1216 778 1269 καὶ
790 1217 863 1280 ,τό
884 1233 897 1248 ·
939 1215 1085 1287 Ἐγὼ
1109 1216 1177 1271 ἐκ
1204 1216 1311 1271 τοῦ
1342 1216 1490 1272 Θεοῦ
1526 1218 1706 1287 ἐξῆλ-

137 1306 258 1368 θον,
292 1303 393 1357 καὶ
422 1305 575 1373 ἥκω·
610 1300 690 1371 εἶς
721 1307 749 1360 6
772 1310 1037 1380 χρήσιμόν
1068 1325 1157 1380 μοι
1182 1310 1429 1379 φαίνεται
1462 1309 1702 1381 παραθέ-

138 1395 257 1449 σθαι
281 1396 343 1449 τὸ
370 1398 440 1450 ἐκ
478 1399 711 1469 Μιχαίου
752 1399 924 1465 οὕτως
954 1399 1075 1472 ἔχον
1098 1419 1111 1432 ·
1155 1404 1510 1468 Ἀκούσατε,
1543 1404 1702 1469 λαοί,

134 1490 380 1557 λόγους,
413 1490 515 1543 καί.
541 1490 881 1560 προσεχέτω
911 1493 949 1560 ἠ
994 1492 1071 1561 γῆ
1096 1533 1110 1557 ,
1154 1494 1251 1546 καὶ
1283 1493 1504 1561 πάντες
1543 1497 1598 1548 οἱ
1635 1495 1705 1548 ἐν

135 1579 314 1649 αὐτῇ,
348 1580 450 1633 καὶ
494 1579 663 1636 ἔσται
693 1585 904 1652 Κύριος
935 1585 1003 1637 ἐν
1041 1584 1186 1654 ὑμῖν
1226 1588 1313 1653 εις
1354 1580 1698 1655 μαρτύριον,

138 1673 343 1741 Κύριος
371 1672 455 1740 ἐξ
474 1673 653 1730 ,οἶκον
684 1673 1061 1746 ἀτέουκαὺτοῦ
1085 1690 1101 1708 ⁸
1145 1675 1295 1730 διότι
1327 1676 1455 1731 ἰδοὺ
1491 1678 1704 1745 Κύριος

1812 503 1934 542 cum
1955 504 2080 542 suos
2108 487 2274 557 ipsius
2296 488 2545 544 dilexerit
2569 489 2839 543 inimicos.
2856 490 2933 543 Ac
2955 504 3169 544 rursum
3191 505 3375 559 quem-

1812 584 2101 639 admodum
2139 585 2271 652 pluit
2308 587 2446 639 Deus
2479 600 2639 653 super
2666 585 2842 654 jus-tos
2874 597 2927 641 et
2953 586 3182 654 iniustus
3204 585 3274 649 "’,
3305 590 3377 641 ita

1814 689 2049 741 sanctus,
2078 678 2235 731 veluti
2261 678 2493 746 pluviam
2528 681 2812 745 quamdam
2846 680 3079 734 demittit
3116 682 3376 749 precatio-

1813 783 1933 820 nem
1968 782 2130 837 super
2162 785 2253 821 eos
2285 785 2372 836 qm
2417 776 2663 821 deorsum
2694 777 2910 837 degttnt,
2946 786 3011 823 eu
3051 773 3191 839 quod
3229 770 3376 823 illum

1811 861 2293 928 persequebantur,
2328 876 2422 929 pro
2462 861 2657 913 talibus
2697 862 2858 915 etiam
2891 877 3069 915 orans.
3107 862 3227 915 Hmc
3253 861 3376 930 qui-

1812 947 1931 1002 dem
1965 949 2014 1001 in
2059 949 2206 1012 illud,
2238 951 2379 1019 quod
2425 951 2551 1002 mihi
2589 952 2981 1027 eul'tlanaudum
3026 951 3215 1004 incidit
3248 964 3271 1001 ,ε
3315 948 3375 1005 St

1814 1037 1952 1093 Deus
1988 1052 2138 1109 puter
2161 1052 2325 1094 vester
2361 1050 2517 1108 esset,
2566 1041 2856 1111 diligeretis
2889 1043 3065 1112 utique
3094 1059 3172 1094 me
3197 1040 3264 1095 ⁸⁸.

1880 1216 1967 1271 i6.
1999 1215 2288 1273 Videamus
2316 1234 2441 1272 vero
2469 1229 2521 1273 et
2560 1219 2685 1273 illud
2717 1236 2730 1271 :
2770 1219 2879 1289 Ego
2909 1237 2973 1275 ea:
3009 1220 3116 1276 Deo
3145 1224 3299 1289 exivi,
3326 1235 3375 1279 et

1809 1313 1955 1365 venio
1986 1311 2052 1374 ”,
2086 1327 2207 1365 cum
2238 1327 2346 1381 quo
2372 1313 2617 1367 conferre
2651 1312 2778 1365 illud
2809 1311 3043 1366 Micbtete
3072 1313 3199 1368 utile
3223 1317 3374 1371 vide-
3464 1348 3469 1353 -

1810 1412 1901 1456 ιιι·
1923 1403 2001 1456 sic
2030 1402 2236 1456 habens
2264 1419 2277 1454 :
2307 1402 2518 1465 Audite,
2561 1402 2757 1471 populi,
2800 1419 3079 1464 sermones,
3109 1413 3161 1458 et
3201 1413 3386 1461 auem"

1808 1495 1897 1547 dat
1934 1502 2095 1554 terra,
2131 1503 2179 1546 et
2223 1510 2398 1547 omnes
2433 1495 2522 1565 qui
2549 1495 2603 1547 in
2631 1511 2691 1548 ea
2731 1504 2874 1559 sunt,
2907 1506 2957 1548 et
2990 1499 3085 1549 erit
3120 1495 3375 1552 Dominus

1764 1574 1769 1579 ’
1810 1588 1955 1641 testis
1993 1596 2176 1640 contra
2198 1603 2308 1651 vos,
2350 1586 2628 1651 Dominus,
2661 1587 2899 1657 inquam,
2925 1589 2990 1642 de
3009 1588 3162 1641 domo
3190 1599 3373 1644 sancta

1808 1692 1927 1730 sua.
1949 1678 2083 1732 Ecce
2110 1680 2377 1749 egreditur
2406 1677 2663 1732 Dominus
2698 1680 2762 1733 de
2786 1679 2899 1734 loco
2919 1696 3035 1745 suo,
3068 1689 3117 1734 et
3160 1682 3372 1735 descen-

136 1764 513 1833 ἑκπορεὺεται
535 1768 605 1820 ἐκ
630 1767 735 1821 τοῦ
759 1769 946 1822 τόπου
974 1768 1212 1831 ἑαυτοῦ,
1246 1769 1342 1822 καὶ
1373 1767 1702 1835 καταϐήσε-

1856 1781 1987 1837 2t,-et
2017 1773 2236 1826 calcabit
2275 1787 2431 1841 super
2465 1771 2670 1826 excelsa
2707 1783 2881 1835 (errat,
2906 1782 2951 1826 et
2986 1772 3374 1827 commorebun-

137 1874 242 1920 ται,
270 1858 369 1911 καὶ
395 1858 741 1923 ἐπιϐήσεται
765 1859 865 1913 ἐπὶ
894 1865 967 1915 τὰ
1002 1861 1129 1931 ὕψη
1161 1860 1272 1929 τῆς
1297 1860 1428 1932 γῆς,
1454 1862 1552 1915 καὶ
1590 1878 1701 1915 σα-

135 1946 493 2015 λευθήσεται
513 1950 586 2003 τὰ
610 1950 716 2019 ὄρη
744 1951 1125 2006 ὑποκάτωθεν
1149 1952 1356 2017 αὑτοῦ,
1374 1954 1471 2007 καί
1501 1955 1562 2007 al
1585 1969 1705 2007 κοι-

135 2036 309 2105 λάδες
339 2039 705 2107 τακήσονται
739 2042 821 2108 ὡς
848 2040 1030 2110 κηρὸς
1065 2042 1184 2096 ἀπὸ
1223 2042 1545 2112 προσώπου
1588 2060 1700 2098 πυ-

134 2130 253 2197 ρὸς,
293 2132 391 2184 καὶ
434 2132 517 2198 ὡς
541 2132 696 2201 ὕδωρ
725 2134 1208 2202 καταφερόμενον
1242 2134 1313 2187 ἐν
1343 2134 1699 2188 καταϐάσει·

138 2223 227 2275 καὶ
276 2223 378 2295 δρα
432 2224 641 2294 μήποτε
701 2224 1010 2295 ἱσοδυναμεϊ
1058 2225 1146 2279 τό·
1204 2225 1501 2295 Ἐξῆλθον
1546 2232 1705 2296 παρὰ

137 2314 237 2368 τοῦ
264 2315 433 2381 Θεοῦ,
464 2315 543 2385 τῷ
567 2332 580 2345 ·
609 2318 826 2385 Κύριος
866 2318 1243 2387 ἐκπορεύεται
1277 2319 1345 2372 ἐκ
1382 2318 1489 2372 τοῦ
1517 2321 1703 2374 τόπου

139 2406 315 2461 αϐτοῦ
335 2423 352 2441 ·
375 2406 502 2460 ἐπεὶ
525 2408 613 2461 ὅτε
640 2409 669 2462 6
697 2408 823 2471 Υἱὸς
849 2410 907 2463 ὲν
931 2409 1008 2481 τῷ
1034 2410 1208 2481 Πατρί
1237 2410 1403 2474 ἐστιν,
1434 2411 1491 2463 ὲν
1522 2412 1701 2482 μορφῇ

138 2498 266 2553 Θεοῦ
293 2499 556 2571 ὑπάρχων
575 2540 590 2565 ,
632 2502 761 2573 πρὶν
794 2502 982 2555 ἑαυτὸν
1028 2501 1294 2567 κενῶσαι,
1331 2504 1493 2556 οἱονεὶ
1541 2503 1703 2567 τόπος

141 2590 295 2645 αὑτοῦ
325 2594 476 2647 ἐστιν
504 2595 532 2647 6
552 2593 712 2658 Θεός’
741 2594 833 2648 καὶ
858 2592 911 2647 εί
927 2593 1011 2658 τίς
1040 2610 1105 2662 γε
1137 2595 1326 2665 νοήσαι
1359 2594 1450 2648 τὸν
1483 2594 1588 2666 πρὸ
1610 2592 1701 2647 τοῦ

140 2682 359 2743 κενῶσαι
391 2683 588 2738 ἑαυτὸν
624 2685 681 2740 ὲν
714 2686 779 2756 τῇ
809 2684 1192 2756 προηγουμένη
1232 2684 1543 2755 ὑπάρχοντα
1568 2683 1703 2738 Θεοῦ

145 2776 335 2846 μορφῇ,
352 2775 547 2845 ὄψεται
575 2777 667 2830 τὸν
690 2777 914 2847 μηδέπω
938 2774 1290 2847 ἐξεληλυθότα
1313 2777 1416 2829 ὑπὸ
1440 2776 1538 2829 τοῦ
1567 2776 1702 2831 Θεοῦ

143 2863 260 2917 Υίδν
288 2866 458 2920 αὐτοῦ
479 2906 495 2932 ,
523 2868 616 2922 καὶ
655 2869 858 2942 Κύριον
891 2867 981 2923 τὸν
1022 2869 1245 2941 μηδέπω
1277 2868 1703 2940 ἐκπορευόμενον

143 2952 202 3008 In
222 2954 310 3009 τοῦ
336 2958 506 3012 τόπου
547 2958 740 3013 ἑαυτοῦ
763 2977 778 2992 ’
813 2959 950 3014 ἐπὰν
984 2960 1042 3013 δὲ
1072 2959 1253 3033 ἐκείνῃ
1284 2962 1349 3031 τῇ
1378 2960 1702 3014 καταστάσει

142 3048 228 3103 τοῦ
264 3050 390 3104 Υἱοῦ
426 3052 698 3126 συγκρίνῃ
730 3053 830 3125 τὴν
872 3053 936 3105 ὲκ
976 3051 1070 3105 τοῦ
1109 3050 1455 3122 ἀνειληφέναι
1483 3049 1580 3122 τὴν
1607 3048 1702 3104 τοῦ

1806 1867 1892 1910 tur
1917 1869 2115 1914 montes
2148 1861 2242 1914 sub
2268 1860 2382 1925 illo,
2424 1870 2471 1914 et
2503 1861 2661 1913 valles
2700 1859 2976 1929 liquescent
3008 1862 3144 1914 sicut
3190 1877 3310 1915 cera
3338 1878 3371 1914 α

1804 1952 1940 2021 [acie
1957 1952 2114 2018 ignis,
2145 1962 2191 2005 et
2220 1952 2355 2005 sicut
2384 1969 2518 2021 aqua
2541 1966 2658 2020 qua:
2688 1952 2999 2005 descendens
3025 1968 3117 2019 per
3141 1967 3370 2021 praeceps

1802 2041 2035 2108 defertur
2074 2042 2140 2107 ¹;
2185 2050 2239 2096 et
2289 2044 2408 2096 vide
2458 2058 2525 2097 an
2590 2041 2732 2096 forte
2777 2043 3118 2113 aequipolleat
3166 2044 3298 2099 illud
3347 2058 3368 2099 ι

1805 2130 1958 2186 Exivi
1990 2147 2022 2184 α
2073 2130 2201 2195 Deo,
2227 2147 2348 2186 cum
2394 2132 2485 2187 illo
2514 2149 2529 2186 :
2562 2132 2815 2187 Dominus
2852 2136 3116 2204 egreditur
3154 2133 3222 2189 de
3257 2135 3371 2188 loco

1801 2238 1918 2287 suo,
1950 2225 2202 2293 quoniam
2231 2224 2446 2294 quando
2469 2223 2634 2279 Filius
2677 2226 2728 2279 in
2777 2222 2939 2280 Patre
2976 2233 3082 2290 est,
3118 2226 3170 2280 in
3200 2224 3373 2281 forma

1806 2314 1896 2370 Dei
1951 2315 2220 2371 exsisteus
2248 2355 2264 2379 ,
2298 2323 2585 2385 antequam
2643 2316 2877 2384 seipsum
2937 2315 3172 2383 iuaniat,
3207 2316 3374 2374 veluti

1804 2406 1954 2462 locus
1983 2407 2151 2477 ipsius
2185 2416 2267 2461 est
2311 2408 2489 2473 Deus;
2520 2417 2576 2461 et
2606 2409 2649 2463 si
2691 2409 2813 2477 quis
2864 2408 3167 2463 consideret
3195 2408 3372 2478 ipsum

1803 2499 2151 2555 exsistentem
2204 2498 2259 2552 in
2316 2498 2601 2575 principali
2641 2499 2732 2553 illa
2785 2500 2875 2555 Dei
2914 2497 3115 2563 forma,
3169 2499 3375 2555 videbit

1805 2591 2041 2646 nondum
2066 2605 2342 2661 egressum
2375 2605 2405 2645 a
2440 2590 2548 2645 Deo
2573 2591 2768 2645 Filium
2800 2591 2988 2662 ipsius,
3009 2602 3060 2646 et
3086 2591 3372 2647 Dominum

1806 2684 2041 2738 nondum
2070 2683 2430 2754 egredientem
2476 2684 2542 2737 de
2575 2683 2693 2737 loco
2730 2697 2866 2746 suo;
2898 2698 3020 2737 cum
3055 2697 3190 2738 vero
3244 2698 3370 2739 cum

1806 2776 1909 2831 hoc
1936 2784 2079 2831 statu
2111 2775 2401 2831 contulerit
2429 2784 2627 2830 statum
2653 2775 2793 2831 illius
2818 2775 2910 2846 qui
2936 2776 3173 2844 seipsum
3195 2775 3374 2829 inani-

1787 2867 1905 2933 ,vit,
1939 2881 2003 2921 ex
2031 2881 2095 2922 eo
2121 2867 2263 2937 quod
2293 2867 2521 2922 formam
2554 2869 2699 2923 servi
2722 2869 3092 2937 assumpserit,
3114 2865 3374 2938 intelliget

1805 2957 2074 3025 quomodo
2096 2955 2265 3011 Filius
2315 2956 2408 3011 Dei
2464 2959 2681 3025 exierit,
2707 2968 2762 3013 et
2804 2958 3015 3014 venerit
3056 2957 3121 3011 ad
3154 2972 3275 3025 nos,
3305 2973 3372 3015 ac

1806 3050 1964 3121 331
2002 3050 2167 3105 veluti
2197 3060 2351 3106 extra
2379 3066 2500 3107 eum
2542 3053 2633 3122 qui
2668 3052 2815 3108 misit
2841 3053 3011 3120 illum,
3043 3052 3216 3109 factus
3248 3053 3371 3110 (ue--

141 3137 312 3194 δούλου
356 3142 577 3214 μορφὴν
624 3143 813 3197 ἑαυτὸν
852 3140 1197 3206 κενώσαντα,
1242 3142 1461 3213 συνήσει
1513 3140 1631 3204 πῶς
1677 3141 1702 3193 6

1861 3153 1918 3207 t;
1951 3143 2165 3225 etiamsi
2199 3142 2305 3197 alio
2349 3144 2511 3199 modo
2554 3155 2669 3199 ’non
2725 3145 2992 3200 dimiserit
3019 3144 3166 3200 illum
3192 3144 3369 3202 solum

141 3228 257 3294 Υἱὸς
282 3234 374 3288 τοῦ
406 3234 549 3288 Θεοῦ
576 3233 785 3306 ἐξῆλθε,
815 3236 912 3288 καὶ
932 3228 1034 3307 ἧκε
1059 3233 1196 3306 πρὸς
1228 3234 1394 3304 ἡμᾶς,
1420 3231 1514 3286 καὶ
1539 3232 1703 3285 οἱονεὶ

142 3324 237 3391 ἔξω
263 3326 556 3400 γεγένηται
579 3326 673 3381 τοῦ
705 3325 1017 3398 πέμψαντος
1045 3324 1204 3379 αὐτόν
1230 3342 1242 3354 ’
1275 3326 1325 3377 εί
1348 3323 1443 3378 καὶ
1472 3324 1591 3377 κατ’
1616 3322 1704 3378 ἄλ-

142 3411 224 3467 λον
249 3416 445 3488 τρόπον
474 3417 577 3470 οὐκ
610 3416 817 3490 ἀφῆκεν
848 3415 1008 3470 αὐτὸν
1043 3415 1199 3486 μόνον
1241 3416 1271 3469 6
1316 3413 1535 3486 Πατὴρ,
1566 3411 1703 3467 ἀλλὰ

148 3508 253 3578 μετ’
281 3507 438 3562 αὑτοῦ
465 3510 604 3573 ἐστι,
634 3508 728 3563 καὶ
756 3507 904 3561 ἐστιν
931 3509 991 3561 ὲν
1018 3506 1096 3577 τῷ
1111 3504 1246 3577 Υἰῷ,
1268 3503 1458 3578 ὥσπερ
1483 3505 1576 3560 καὶ
1605 3505 1703 3558 αὐ-

144 3598 227 3662 τὸς
261 3602 315 3653 ὲν
340 3600 418 3671 τῷ
457 3600 661 3672 Πατρί.
690 3600 801 3654 Καὶ
846 3600 896 3652 εί
931 3598 1005 3671 μὴ
1043 3598 1163 3652 κατ’
1195 3596 1352 3652 ἄλλον
1394 3614 1458 3667 γε
1502 3596 1701 3669 τρόπον

145 3690 351 3760 νοήσαις
396 3687 537 3745 εἶναι
580 3690 672 3744 τὸν
703 3691 832 3744 Υἱὸν
877 3690 935 3743 ἐν
976 3689 1055 3761 τῷ
1096 3688 1304 3762 Πατρὶ,
1350 3688 1426 3752 ὡς
1461 3682 1529 3760 ἦν
1571 3687 1701 3759 πρὶν

146 3777 317 3852 ἐξέλθῃ
351 3782 459 3837 ἀπὸ
484 3781 580 3836 τοῦ
613 3781 768 3848 Θεοῦ,
796 3781 940 3848 δόξει
978 3781 1253 3854 περιέχειν
1294 3780 1473 3853 μάχην
1507 3780 1569 3833 τὸ
1605 3781 1701 3834 καὶ

145 3867 507 3941 ἐξεληλυθέναι
553 3872 662 3925 ἀπὸ
696 3871 791 3927 τοῦ
833 3871 968 3926 Θεοῦ
991 3912 1006 3939 ,
1035 3873 1131 3927 καὶ
1161 3867 1299 3925 εἷναι
1330 3871 1421 3925 τὸν
1450 3869 1701 3942 ἐξεληλυ-

147 3957 265 4014 θότα
302 3963 407 4016 ἀπὺ
436 3961 533 4016 τοῦ
572 3962 742 4029 Θεοῦ,
766 3962 848 4017 ἔτι
880 3964 940 4017 ὲν
977 3963 1056 4036 τῷ
1099 3961 1237 4034 Θεῷ.
1276 3961 1458 4016 ’Ἄλλοι
1501 3961 1560 4015 δὲ
1598 3961 1694 4015 τό·

156 4049 435 4121 Ἐξῆλθον
464 4055 584 4111 ἀπὸ
611 4055 718 4109 τοῦ
752 4055 918 4122 Θεοῦ,
948 4056 1275 4129 διηγήσαντο
1304 4055 1426 4111 dum.
1454 4053 1571 4119 τοῦ,
1603 4054 1701 4123 Γε-

144 4142 392 4217 γέννημαι
418 4148 531 4201 ἀπὸ
555 4146 651 4201 τοῦ
672 4147 805 4202 Θεοῦ
825 4165 838 4180 ·
875 4144 956 4213 οἷς
984 4146 1265 4203 ἀκολουθεῖ
1290 4148 1356 4201 ὲκ
1382 4147 1483 4219 τῆς
1515 4146 1699 4211 οὐσίας

147 4235 361 4304 φάσκειν
403 4237 500 4293 τοῦ
545 4240 759 4311 Πατρὸς
800 4239 1157 4310 γεγεννῆσθαι
1194 4240 1289 4294 τὸν
1333 4238 1459 4293 Υἱὸν
1478 4277 1495 4303 ,
1536 4237 1699 4291 οἱονεὶ

150 4331 476 4402 μειουμένου,
501 4334 594 4388 καὶ
624 4322 899 4399 λείποντος
920 4335 985 4404 τῇ
1005 4333 1182 4404 οὐσίᾳ,
1204 4326 1239 4405 ἦ
1269 4331 1532 4403 πρότερον
1561 4324 1695 4401 εἶχε,

146 4418 231 4473 τοῦ
262 4421 408 4489 Υίοῦ,
452 4423 591 4478 ἐπὰν
618 4423 873 4497 ἐγέννησε
904 4424 996 4477 τὸν
1027 4422 1151 4478 Υίόν
1170 4439 1183 4452 ”
1232 4422 1364 4476 ὡσεὶ
1392 4422 1580 4494 νοήσαι
1611 4438 1698 4486 τις

146 4511 291 4566 τοῦτο
317 4517 409 4570 καὶ
430 4517 523 4569 ἐπὶ
552 4490 669 4570 τῶν*
698 4490 830 4586 ἐγκυ
837 4516 1033 4587 μόνων.
1077 4513 1380 4569 ’Δκολουθεῖ
1417 4490 1484 4568 δὲ-
1518 4515 1702 4579 αὐτοῖς
1730 4490 1777 4548 D

149 4604 233 4656 καὶ
262 4606 413 4678 σῶμα
440 4608 620 4677 λέγειν
651 4608 740 4662 τὸν
765 4608 987 4680 Πατέρα
1018 4608 1112 4662 καὶ
1142 4607 1231 4660 τὸν
1263 4606 1411 4672 Υἱδν,
1446 4605 1540 4660 καὶ
1577 4605 1697 4679 διῃ-

153 4694 332 4765 ρῆσθαι
358 4700 449 4754 τὸν
484 4701 729 4772 Πατέρα,
762 4702 904 4773 ἆπερ
936 4701 1053 4753 ἐστὶ
1091 4699 1333 4770 δόγματα
1367 4696 1694 4768 ἀνθρώπων,

154 4788 263 4856 μηδ’
290 4790 418 4863 δναρ
443 4792 600 4862 φύσιν
629 4793 856 4865 ἀόρατον
883 4792 977 4846 καὶ
1002 4790 1287 4862 ἀσώματον
1316 4789 1699 4860 πεφαντασμέ-

151 4891 265 4944 νων,
298 4879 457 4938 οὖσαν
484 4885 687 4957 κυρίως
710 4885 922 4939 οὐσίαν·
956 4877 1100 4938 οὗτοι
1135 4883 1193 4937 δὲ
1219 4882 1376 4952 δῆλον
1405 4882 1487 4934 ὃτι
1511 4881 1570 4934 ὲν
1599 4897 1698 4934 σω-

155 4973 351 5045 ματικῷ
372 4976 519 5047 τόπῳ
544 4976 771 5030 δώσουσι
803 4976 894 5030 τὸν
920 4976 1159 5047 Πατέρα,
1200 4974 1293 5027 καὶ
1322 4973 1413 5026 τὸν
1442 4971 1571 5025 Υἱὸν
1608 4972 1696 5025 τό-

1807 3233 1987 3300 Pater,
2008 3234 2101 3290 sed
2132 3243 2214 3290 est
2236 3250 2357 3290 cum
2389 3236 2504 3303 ipso
2524 3237 2614 3301 qui
2646 3239 2807 3293 etiam
2828 3248 2911 3292 est
2940 3237 2991 3290 in
3016 3236 3374 3308 Filio,quem-

1807 3325 2094 3381 admodum
2131 3324 2301 3382 Filius
2335 3337 2419 3383 est
2444 3328 2495 3382 in
2541 3326 2728 3383 Patre.
2765 3326 2860 3382 Sin
2885 3342 3015 3382 vero
3054 3342 3158 3383 non
3194 3329 3375 3384 consi-

1807 3415 2083 3472 deraveris
2132 3415 2240 3471 alio
2287 3416 2446 3472 modo
2481 3432 2607 3474 esse
2653 3416 2851 3472 Filium
2897 3417 2951 3471 in
2998 3414 3158 3472 Patre
3206 3431 3369 3485 quam

1806 3515 1926 3560 erat
1967 3515 2255 3577 antequam
2308 3508 2482 3563 exiret
2524 3523 2552 3563 a
2602 3508 2734 3575 Deo,
2762 3508 3034 3563 videbitur
3066 3522 3369 3579 repugnare

1805 3609 2082 3667 egressum
2112 3612 2233 3653 esse
2262 3613 2293 3653 a
2325 3600 2455 3661 Deo,
2492 3609 2548 3655 et
2578 3613 2854 3671 egressum
2888 3615 2919 3653 a
2966 3599 3078 3653 Deo
3123 3613 3243 3655 esse
3270 3599 3374 3655 ad-

1805 3689 1915 3744 huc
1949 3689 2001 3744 in
2052 3690 2180 3746 Deo.
2217 3688 2483 3745 Cteterum
2522 3690 2622 3745 alii'
2645 3691 2776 3746 illud
2812 3707 2828 3743 :
2867 3690 3023 3746 Exivi
3048 3708 3081 3745 a
3110 3689 3240 3757 Deo,
3269 3704 3369 3745 es-

1804 3787 2101 3849 posuerunt
2147 3794 2244 3848 pro
2296 3794 2362 3835 eo
2402 3781 2541 3851 quod
2569 3791 2676 3846 est,
2719 3780 2944 3836 Genitus
2974 3795 3091 3836 sum
3118 3795 3184 3847 ex
3214 3779 3364 3854 Deo:

1805 3881 1941 3936 quos
1985 3869 2229 3937 sequitur
2260 3867 2455 3924 Filium
2490 3869 2670 3924 dicere
2695 3884 2760 3925 ex
2794 3870 3092 3925 substantia
3131 3871 3368 3940 genitum

1805 3959 1971 4016 fuisse
1999 3959 2203 4027 Patris,
2236 3960 2401 4015 veluti
2435 3960 2709 4026 diminuti,
2738 3971 2788 4016 et
2807 3961 3041 4015 carentis
3065 3960 3366 4016 substantia

1802 4050 1925 4106 Filii
1952 4066 2111 4121 quam
2134 4060 2258 4106 ante
2287 4050 2538 4119 habebat,
2576 4050 2790 4121 quando
2830 4052 3104 4123 generavit
3136 4049 3365 4116 Filium:

1805 4152 2063 4215 tanquam
2094 4145 2139 4200 si
2169 4143 2541 4199 consideraret
2570 4143 2768 4214 aliquis
2798 4143 2903 4197 hoc
2937 4143 3100 4198 etiam
3132 4143 3186 4197 in
3231 4157 3370 4212 prae-

1804 4236 2117 4307 gnantibus.
2151 4234 2517 4305 Consequitur
2562 4244 2739 4289 autem
2772 4233 2894 4289 illos
2940 4233 3123 4289 dicere
3153 4233 3368 4288 Patrem

1804 4339 1859 4385 et
1892 4328 2088 4385 Filium
2123 4344 2319 4400 corpus
2343 4343 2484 4393 esse,
2512 4342 2576 4382 ac
2615 4326 3021 4383 Patrem-dividi
3055 4343 3071 4381 :
3117 4340 3241 4397 qua
3272 4327 3371 4382 do-

1803 4431 1982 4493 gmata
2032 4421 2309 4478 hominum
2357 4429 2483 4477 sunt
2531 4435 2718 4475 eorum
2746 4420 2834 4490 qui
2866 4432 2934 4475 ne
2974 4434 3073 4489 per
3099 4419 3367 4481 somnium

1804 4513 2017 4583 quidem
2068 4524 2250 4566 rerum
2296 4525 2417 4581 qua:
2447 4510 2627 4565 animo
2679 4517 3000 4571 cernuntur,
3024 4516 3077 4562 et
3112 4507 3368 4575 incorpo-

1803 4620 1953 4661 ream
1981 4613 2229 4660 naturam
2264 4603 2407 4673 (qua;
2436 4603 2652 4674 proprie
2681 4610 2765 4657 est
2811 4600 3136 4670 substantia)
3175 4600 3370 4670 imagi-

1803 4700 1915 4752 nati
1941 4706 2099 4752 sunt:
2134 4697 2276 4751 unde
2297 4696 2462 4751 etiam
2488 4694 2828 4764 perspicuum
2855 4702 2939 4748 est
2972 4692 3072 4747 hos
3100 4692 3153 4746 in
3171 4702 3362 4758 corpo-

1804 4789 1903 4843 rali
1934 4788 2061 4842 loco,
2083 4785 2297 4843 Patrem
2332 4801 2453 4843 esse
2492 4792 2738 4849 daturos,
2765 4794 2818 4839 et
2858 4783 3052 4838 Filium
3084 4784 3371 4837 immutatu

1803 4880 1943 4947 loco,
1977 4893 2044 4934 ex
2069 4877 2189 4933 loco
2216 4878 2281 4935 ad
2313 4878 2451 4934 hanc
2473 4879 2636 4932 vitam
2672 4876 2973 4943 devenisse,
2999 4889 3097 4930 nec
3133 4882 3370 4929 mutasse

1804 4981 2004 5026 statum
2027 4986 2094 5026 ex
2118 4980 2283 5040 statu,
2325 4979 2385 5025 ut
2418 4985 2517 5026 nos
2552 4968 2885 5039 interpretati
2922 4980 3127 5023 sumus.

152 5080 243 5120 πον
269 5070 330 5122 ὲκ
352 5070 513 5125 τόπου
542 5072 847 5144 ἀμείψαντα
885 5069 1210 5142 σωματικῶς
1242 5066 1696 5139 ἐπιδεδημηκέναι
1720 5066 1799 5138 τῷ
1831 5066 1952 5138 βίῳ,
1988 5068 2083 5121 καὶ⁵
2114 5067 2237 5139 οὐχὶ
2267 5065 2598 5122 κατάστασιν
2639 5067 2704 5119 ὲκ
2738 5063 3141 5125 καταστάσεως,
3179 5057 3368 5130 ὥσπερ

152 5156 299 5228 ἡμεῖς
328 5162 696 5236 έξειλήφαμεν.

219 5273 299 5328 17.
322 5277 470 5331 Οὐδὲ
492 5279 599 5349 γὰρ
622 5280 722 5334 ἀπ’
756 5278 1015 5348 ἐμαυτοῦ
1038 5277 1307 5344 ἐλήλυθα
1328 5315 1343 5341 ,
1372 5275 1507 5331 ἀλλ’
1549 5275 1699 5329 ἐκεῖ·

156 5365 250 5431 νός
286 5386 358 5439 με
385 5370 716 5427 ἀπέστειλε.
749 5371 935 5426 Ταῦτα
967 5370 1170 5441 νομίζω
1200 5368 1472 5439 λέγεσθαι,
1500 5366 1576 5433 ὥς
1613 5386 1695 5422 τι-

156 5470 250 5507 νων
276 5458 364 5527 ἀφ’
393 5460 594 5516 ἑαυτῶν
626 5462 932 5534 ἐρχομένων
955 5501 971 5525 ,
1008 5460 1103 5515 καὶ
1154 5461 1229 5531 μὴ
1274 5458 1694 5530 ἀπεσταλμένων

218 5701 258 5732 ⁸⁷
275 5700 457 5759 Matth.
482 5719 533 5775 v,
560 5704 647 5785 t5.

1876 5272 1963 5328 Π.
2007 5270 2187 5341 Neque
2212 5272 2352 5325 enim
2389 5287 2421 5325 a
2445 5268 2741 5337 memetipso
2766 5266 2901 5331 veni,
2930 5265 3021 5319 sed
3041 5262 3128 5316 ille
3162 5276 3241 5315 me
3267 5272 3366 5313 m1-

1801 5366 1869 5419 sit
1896 5365 1936 5416 ¹.
1984 5361 2109 5418 llaec
2146 5362 2383 5416 arbitror
2414 5360 2518 5415 dici
2552 5358 2779 5430 perinde
2811 5357 2963 5427 quasi
2998 5370 3027 5408 a
3059 5348 3365 5417 semetipsis

1801 5456 2019 5511 veniant
2048 5453 2286 5525 quidam,
2330 5468 2435 5507 non
2473 5452 2622 5508 missi
2650 5468 2680 5507 a
2715 5451 2897 5517 Patre,
2927 5444 3252 5509 doctrinam,
3280 5439 3367 5496 vel

700 5704 779 5782 ⁴⁹⁸
797 5701 952 5761 Joau.
978 5719 1093 5771 vui,
1127 5702 1257 5778 42._
1294 5704 1339 5737 ’³
1366 5702 1496 5760 ibid,
1570 5703 1583 5733 ί
1620 5701 1702 5757 Mi.

1856 5700 2015 5764 ,ε-ι.
2089 5699 2283 5755 ’Joan.
2336 5714 2454 5759 tut.
2501 5698 2590 5752 ὁὶ.
