3688 6146
315 216 444 307 ⁴615

1835 222 1928 282 0R

2045 223 2156 280 NlS
3479 234 3552 290 618

335 347 694 419 prophetiam
732 343 1137 417 promittentes.
1181 343 1364 414 Atque
1389 341 1456 400 de
1483 340 1686 398 talibus
1713 341 1928 412 quidem

2043 341 2139 394 Ξπὺ
2164 339 2258 394 τοῦ
2285 340 2520 413 Πατρός.
2551 341 2688 415 Περὶ
2735 342 2836 414 μὲν
2882 337 2974 396 οὖν
3007 341 3308 414 ἀνθρώπων
3333 347 3552 412 τοιούτω,

351 443 669 500 hominibus
694 442 1004 498 docemura
1029 437 1294 503 Jeremia,
1319 437 1461 507 apud
1493 450 1654 515 quem
1679 435 1938 504 scriptum

351 548 478 592 est:
517 534 645 591 Non
695 533 969 588 mittebam
1010 530 1315 601 prophetas,
1339 538 1386 582 et
1421 529 1522 597 ipsi
1560 527 1840 581 currebant
1893 526 1936 580 ³.

351 626 437 682 An
472 641 602 682 vero
635 624 893 696 potentiae
924 623 1091 680 etiam
1135 621 1331 691 aliqua:
1370 635 1477 676 non
1507 619 1686 674 missa:
1719 635 1748 674 a
1782 617 1940 672 Patre

353 720 606 775 venerint
633 717 701 774 ad
745 715 1016 779 homines,
1065 714 1301 777 notabis,
1332 721 1388 768 et
1432 726 1506 767 an
1555 710 1750 781 aliquae
1796 710 1940 765 intcr

355 812 500 884 ipsas
532 824 767 882 egressae
812 808 922 863 sint
951 822 980 862 a
1020 807 1150 872 Deo,
1178 815 1234 859 et
1263 804 1465 860 idcirco
1491 803 1790 875 peccarint,
1812 804 1937 873 quia

356 906 536 961 missze
573 918 678 958 non
715 900 916 956 fuerint
937 899 1005 956 ab
1028 899 1164 968 ipso.
1188 895 1298 952 Nec
1325 897 1730 967 praetereundus
1749 906 1834 952 est
1857 895 1938 950 lo-

353 1011 451 1052 cus
473 998 680 1066 absque
710 993 965 1065 indagine
991 993 1061 1046 de
1099 1005 1354 1047 sermone
1382 989 1579 1044 animae
1604 1007 1620 1056 ;
1647 1004 1770 1044 nam
1821 989 1936 1045 for-

357 1090 514 1145 tassis
533 1087 659 1143 Jesu
684 1087 860 1142 anima
886 1086 938 1140 in
969 1099 1064 1140 sua
1097 1073 1269 1153 ipsius
1287 1081 1619 1152 perfectione
1645 1081 1933 1146 exsistens,

357 1183 411 1237 in
447 1181 556 1237 Deo
583 1190 639 1234 et
667 1181 721 1234 in
750 1178 1084 1249 plenitudine
1109 1185 1269 1242 erat;
1304 1185 1359 1232 et
1387 1175 1513 1230 inde
1541 1189 1781 1246 egressa,
1807 1174 1934 1244 quia

356 1277 522 1330 missa
554 1274 732 1329 fuerat
760 1289 791 1329 a
837 1272 1020 1338 Patre,
1051 1270 1346 1340 assumpsit
1383 1285 1584 1340 corpus
1615 1284 1682 1324 ex
1717 1269 1884 1324 Maria
1917 1286 1931 1336 ;

356 1367 476 1421 aliae
525 1381 654 1422 vero
688 1380 794 1420 non
848 1365 930 1420 sic
961 1364 1213 1420 exierunt
1260 1377 1290 1417 a
1335 1362 1488 1426 Deo,
1532 1363 1637 1417 hoc
1687 1371 1771 1417 est
1825 1378 1933 1417 non

356 1476 388 1514 a
453 1461 564 1516 Deo
628 1461 844 1526 missae,
896 1475 1073 1531 neque
1116 1474 1148 1514 ιι
1213 1459 1398 1514 divina
1450 1457 1739 1528 .voluntate
1797 1472 1935 1528 prae-

359 1565 562 1605 ln-ISSiB.

423 1824 586 1896 332
623 1824 712 1881 18.
763 1823 942 1891 Quare
984 1825 1126 1878 dicta
1153 1841 1268 1879 mea
1307 1841 1412 1880 non
1449 1825 1736 1895 agnoscitis
1764 1824 1937 1896 .’quia

355 1933 460 1973 non
488 1918 703 1987 potestis
739 1918 926 1972 audire
954 1933 1245 1970 sermonem
1284 1933 1456 1972 meum
1497 1918 1540 1973 ⁵.
1573 1915 1704 1982 Vos,
1736 1917 1937 1987 inquil,

354 2025 462 2064 non
493 2025 650 2080 posse
680 2025 995 2066 sermonem
1049 2025 1228 2064 meum
1276 2009 1464 2064 audire
1494 2009 1548 2064 in
1603 2025 1772 2064 causa
1831 2019 1938 2075 est,

354 2117 454 2158 cur
495 2102 640 2157 dicta
683 2116 802 2156 mea
833 2117 939 2155 non
972 2107 1302 2172 agnoscatis.
1347 2101 1500 2157 Unde
1527 2102 1760 2170 primum
1788 2116 1938 2157 com-

354 2195 592 2264 paranda
637 2193 796 2248 nobis
819 2202 902 2246 est
931 2193 1012 2248 vis
1053 2193 1304 2248 audiendi
1329 2193 1568 2248 divinum
1607 2207 1936 2258 sermonem,

357 2298 418 2342 ut
459 2285 656 2341 deinde
706 2286 888 2340 omnia
938 2285 1065 2341 Jesu
1109 2287 1252 2343 dicta
1286 2301 1587 2356 agnoscere
1613 2287 1887 2356 possimus
1921 2305 1936 2354 ;

354 2375 482 2432 licet
503 2377 648 2431 enim
681 2376 759 2430 illi
789 2376 881 2447 qui
911 2388 1072 2433 antea
1104 2393 1212 2434 non
1256 2378 1472 2440 valebat
1507 2377 1698 2432 audire
1730 2390 1939 2433 sermo-

354 2483 453 2525 nes
478 2467 625 2533 Jesu,
643 2479 832 2539 postea
861 2483 926 2524 eo
949 2470 1331 2537 pervenire,ut
1361 2467 1534 2540 possit
1559 2469 1749 2524 audire
1777 2467 1934 2533 illos;

353 2563 610 2634 quoniam
637 2561 876 2631 quandiu
907 2577 1010 2616 non
1049 2563 1404 2617 medicarerit
1432 2561 1660 2632 alicujus
1687 2561 1934 2616 auditum

355 2654 547 2710 Sermo
569 2667 633 2710 ac
662 2653 833 2709 Filius
862 2653 953 2709 Dei
998 2653 1185 2708 dicens
1215 2653 1383 2709 surdo
1414 2653 1464 2721 ³,
1491 2653 1804 2724 Adaperire,
1828 2668 1936 2710 non

353 2759 533 2820 potest
565 2749 656 2806 ille
687 2751 895 2805 audire.
926 2747 1099 2805 Simul
1127 2760 1291 2820 atque
1312 2759 1491 2805 autem
1519 2750 1753 2806 solutum
1777 2750 1939 2808 fuerit

353 2839 651 2906 vinculum,
691 2841 836 2910 quod
884 2839 1230 2896 occasionem
1287 2840 1566 2910 praebebat
1629 2842 1934 2910 surditatis,

353 2941 483 2987 tunc
511 2932 699 2987 audire
728 2932 852 3001 quis
888 2932 1088 3003 poterit
1134 2931 1320 2987 Jesum
1349 2951 1365 2998 ;
1408 2934 1627 3004 quando
1655 2934 1818 2989 etiam
1840 2950 1937 2992 co-

355 3037 618 3092 gnoscere
655 3033 834 3093 potest
865 3026 1034 3094 ipsius
1079 3026 1245 3082 dicta.
1284 3026 1542 3096 Alioquin
1566 3027 1750 3082 dicant
1779 3028 1935 3083 nobis

355 3120 433 3176 illi
458 3124 548 3192 qui
589 3093 904 3178 existimant
954 3124 1102 3178 hisce
1140 3122 1320 3178 verbis
1354 3093 1609 3179 constitui
1645 3125 1839 3191 dogma
1869 3125 1936 3181 de
1962 3093 2004 3155 θ

356 3215 590 3277 naturis,
620 3225 800 3270 utrum
852 3224 1105 3286 poterant
1164 3215 1239 3270 illi
1270 3215 1468 3286 quibus
1514 3216 1817 3272 medicatus
1852 3227 1937 3273 est

349 3315 560 3374 postea,
583 3306 727 3360 surdi
749 3305 925 3361 adhuc
940 3306 1262 3361 exsismntes
1290 3307 1498 3368 audire,
1524 3322 1593 3362 an
1636 3322 1742 3362 non
1775 3308 1798 3363 ἲ
1829 3307 1936 3365 Sed

354 3410 476 3450 eum
501 3397 706 3467 liqueat
728 3411 822 3453 eos
845 3413 954 3452 non
995 3399 1263 3468 potuisse,
1289 3401 1636 3469 perspicuum
1659 3409 1742 3455 est
1770 3400 1936 3456 licere

355 3487 630 3543 immutari
656 3490 724 3545 ab
747 3489 1061 3560 impotentia
1091 3489 1346 3544 audiendi
1387 3504 1666 3546 sermones
1692 3489 1844 3556 Jesu,
1867 3494 1934 3548 ad

355 3581 684 3636 audiendum
720 3580 861 3646 illos,
891 3591 946 3637 et
978 3590 1200 3652 propter
1254 3589 1502 3636 naturam
1556 3581 1936 3640 incurabiliter

354 3673 668 3740 habentem,
697 3675 912 3744 quando
937 3690 1044 3730 non
1081 3683 1258 3744 potest
1283 3674 1480 3744 aliquis
1511 3675 1702 3731 audire
1735 3691 1750 3740 ;
1778 3687 1933 3732 sunt-

353 3776 460 3837 que
505 3767 620 3822 haec
667 3766 1010 3836 potissimum
1042 3767 1266 3822 dicenda
1296 3767 1384 3845 his
1428 3767 1521 3838 qui
1572 3768 1641 3823 ab
1677 3766 1934 3824 Ecclesia:

355 3859 588 3914 decretis
615 3859 902 3927 dissident,
934 3860 1233 3931 gaudentes
1263 3861 1564 3930 allegoriis,
1598 3869 1655 3917 et
1695 3862 1932 3916 sanatio.

354 3951 798 4006 num:historiam
829 3951 1217 4008 reducentibus
1252 3952 1316 4006 ad
1346 3955 1685 4008 curationem
1713 3955 1929 4020 animae,

353 4059 518 4114 quam
540 4043 696 4098 Jesus
719 4043 909 4098 liberat
931 4043 996 4098 ab
1017 4043 1161 4098 omni
1191 4043 1380 4098 morbo
1405 4053 1460 4098 et
1489 4044 1555 4097 ab
1586 4045 1734 4098 omni
1760 4044 1932 4098 molli-

357 4138 448 4192 tie.
475 4135 726 4191 Arbitror
757 4151 885 4190 vero
933 4149 1034 4206 ego
1083 4136 1404 4190 vocabulum
1455 4137 1645 4190 audire
1697 4137 1929 4205 positum

355 4241 501 4282 nunc
526 4240 649 4280 esse
677 4240 773 4296 pro
803 4225 1106 4296 intelligere
1129 4241 1248 4296 quae
1279 4227 1533 4281 dicuntur
1562 4245 1576 4293 ;
1612 4227 1928 4283 vocabulum

351 4331 486 4375 vero
535 4335 844 4390 agnoscere,
895 4335 991 4390 pro
1025 4335 1088 4376 eo
1135 4321 1228 4389 qui
1261 4322 1571 4392 percipiens
1611 4322 1928 4387 assentitur,

354 4410 655 4466 illustratus
679 4410 799 4467 luce
835 4413 1192 4483 cognoscendi
1218 4427 1301 4468 ea.
1340 4413 1482 4467 Sane
1510 4413 1805 4468 Heracleou
1839 4429 1931 4468 suo

2044 433 2390 487 διδασκαλίαν
2412 433 2447 505 ἢ
2491 435 2828 506 προφητείαν
2871 436 3346 507 ὑπισχνουμένων,
3373 438 3561 501 διδασκό-

2049 525 2188 597 μεθα
2216 527 2310 581 καὶ
2349 527 2459 582 ἀπὸ
2494 528 2588 582 τοῦ
2630 529 2895 601 Ἰερεμίου
2927 529 3060 600 (15),
3112 531 3250 585 ἔνθα
3290 533 3558 606 γέγραπται·

2047 621 2170 673 Οὐκ
2193 619 2575 675 ἀπέστελλον
2600 621 2744 689 τοὺς
2768 621 3098 692 προφήτας,
3136 626 3238 680 καί
3269 628 3423 681 αὐτοὶ
3448 632 3563 700 ἐτρε.

2045 728 2176 780 χον.
2207 712 2268 765 Ei
2291 712 2349 765 δὲ
2371 714 2464 767 καὶ
2490 713 2752 786 δυνάμεις
2775 715 2920 778 τινὲς
2941 717 3016 786 μὴ
3035 717 3472 789 ἀποστελλόμεναι
3488 726 3565 778 ἀπὸ

2043 802 2136 856 τοῦ
2185 805 2400 877 Πατρὸς
2444 805 2696 878 ἔρχονται
2743 805 2880 878 πρὸς
2921 806 3244 880 ἀνθρώπους
3292 812 3562 884 ἐπιστήσεις,

2043 896 2137 948 καὶ
2163 896 2375 961 εἵτινες
2399 898 2457 952 ἐν
2479 899 2671 965 αὑταῖς
2694 903 2830 957 εἰσιν
2862 904 2926 957 ἐκ
2947 903 3039 958 τοῦ
3067 904 3204 957 Θεοῦ
3235 903 3562 975 ἐξεληλυθδίαι,

2043 988 2138 1042 καὶ
2164 987 2338 1060 τούτῳ
2384 991 2790 1062 ήμαρτηκυῖαι,
2823 994 2900 1066 τῷ
2931 995 3006 1066 μὴ
3042 994 3378 1050 ἀπεστάλθαι
3402 997 3566 1051 ἀπἀὐ-

2042 1077 2154 1133 τοῦ.
2191 1081 2304 1135 Οὐκ
2337 1081 2604 1153 ἀζήτητον
2636 1084 2694 1137 δὲ
2738 1086 2924 1141 ἐατέον
2958 1087 3048 1141 τὸν
3077 1089 3246 1141 τόπον
3289 1089 3379 1142 καὶ
3420 1091 3486 1154 είς
3503 1092 3566 1144 τιν

2041 1172 2170 1244 περὶ
2191 1173 2368 1246 ψυχῆς
2397 1175 2553 1245 λόγον
2578 1191 2592 1209 ⁸
2626 1178 2766 1250 τάχα
2805 1180 2912 1252 γάρ
2941 1182 2974 1251 ἡ
3009 1181 3109 1252 μὲν
3157 1181 3254 1234 τοῦ
3295 1182 3454 1252 Ἰησοῦ
3487 1185 3566 1250 (16)

2039 1263 2185 1336 ψυχὴ
2215 1265 2273 1319 ἐν
2299 1268 2366 1338 τῇ
2410 1268 2610 1340 ἑαυτῆς
2641 1272 2984 1342 τυγχάνουσα
3017 1273 3341 1343 τελειότητι,
3387 1275 3438 1328 ἐν
3482 1277 3567 1348 Θεῷ

2039 1357 2135 1410 καὶ
2166 1355 2244 1428 τῷ
2274 1357 2605 1430 πληρώματι
2634 1357 2703 1432 ἦν
2725 1379 2740 1394 ο
2770 1364 2865 1417 καὶ
2899 1363 3106 1418 ἐκεῖθεν
3148 1364 3482 1436 ἐξεληλυθυῖα
3513 1369 3568 1440 τῷ

2038 1449 2371 1505 ἀπεστάλθαι
2418 1452 2527 1506 άπὸ
2554 1453 2647 1508 τοῦ
2680 1455 2894 1527 Πατρδς
2931 1456 3158 1511 ἀνέλαϐε
3194 1459 3257 1511 τὸ
3282 1460 3346 1511 ἐκ
3369 1459 3459 1528 τῆς
3477 1462 3568 1514 Μα-

2041 1541 2164 1612 ρίας
2181 1542 2340 1614 σῶμα
2362 1561 2374 1572 ·
2402 1544 2559 1599 ἀλλαι
2579 1546 2635 1600 δὲ
2657 1547 2756 1618 οὐχ
2777 1547 2942 1613 οὕτως
2968 1548 3190 1620 ἐξῆλθον
3211 1551 3322 1604 ἀπὸ
3345 1551 3430 1604 τοῦ
3448 1551 3565 1614 Θεοῦ,

2037 1634 2316 1689 τουτέστιν
2341 1637 2443 1691 οὐκ
2471 1638 2898 1703 ἀπεσταλμέναι,
2927 1640 3047 1695 οὐδὲ
3075 1623 3303 1696 iano-eoo
3329 1644 3460 1698 θείου
3486 1646 3570 1716 βου

1963 1732 2010 1792 Β
2037 1723 2275 1796 λήματος
2305 1745 2482 1800 προπε
2491 1729 2767 1800 μφθεῖσαι.

2109 1818 2194 1873 18.
2227 1821 2332 1874 Διά
2366 1821 2425 1874 τι
2455 1821 2571 1890 τὴν
2591 1825 2816 1878 λαλιὰν
2839 1823 2955 1894 τὴν
2982 1825 3138 1896 ἐμὴν
3156 1827 3234 1881 οὐ
3265 1828 3568 1898 τινώσκετε;

2037 1909 2126 1963 ὅτι
2155 1913 2226 1965 οὐ
2267 1911 2533 1968 δύνασθε
2562 1915 2805 1970 ἀκούειν
2831 1917 2936 1971 τὸν
2969 1920 3159 1990 λόγον
3189 1919 3302 1974 τὸν
3327 1921 3472 1990 ἐμόν.
3497 1924 3562 1976 Al-

2037 2019 2172 2066 τιον,
2203 2006 2387 2075 φησὶν,
2417 2006 2534 2060 ἐστὶ
2556 2006 2652 2060 τοῦ
2683 2009 2812 2080 ὑμῖν
2846 2010 2922 2082 μὴ
2953 2001 3319 2080 γινώσκεσθαι
3352 2016 3440 2085 τὴν
3467 2017 3568 2086 ἐμὴν

2037 2093 2254 2162 λαλιὰν,
2285 2095 2346 2150 τὺ
2382 2097 2456 2170 μὴ
2483 2097 2739 2152 δύνασθαι
2768 2101 2911 2171 ὑμᾶς
2931 2101 3152 2155 ἀκούειν
3179 2103 3280 2156 τοῦ
3312 2104 3454 2172 λόγου
3476 2123 3565 2175 μου.

2038 2186 2314 2260 Πρότερον
2354 2184 2448 2243 οὖν
2490 2189 2714 2261 δύναμιν
2743 2194 3129 2265 περιποιητέον
3159 2196 3474 2268 ἀκουστικὴν
3499 2197 3567 2251 τοῦ

2038 2277 2184 2332 θείου
2215 2279 2375 2348 λόγου
2398 2320 2414 2345 ,
2449 2280 2535 2334 ἵνα
2565 2283 2703 2353 μετά
2732 2283 2892 2338 τοῦτο
2939 2279 3040 2339 οἷοί
3087 2303 3146 2338 τε
3198 2286 3466 2358 γενώμεθα
3502 2285 3569 2343 καὶ

2036 2370 2324 2440 γινώσκειν
2372 2375 2554 2428 πᾶσαν
2603 2375 2702 2448 τὴν
2755 2377 2928 2448 Ἰησοῦ
2971 2378 3160 2432 λαλιάν
3185 2395 3200 2410 ·
3251 2380 3420 2444 ἔξεστι
3469 2379 3565 2452 γὰρ,

2037 2465 2304 2539 πρότερον
2350 2467 2413 2520 οὐ
2466 2468 2763 2540 δυνάμενον
2808 2470 3026 2524 ἀκούειν
3057 2472 3167 2526 τῶν
3188 2472 3363 2542 λόγων
3414 2473 3565 2545 Ἰησοῦ,

2039 2558 2262 2632 ὕστερον
2283 2559 2506 2631 φθάνειν
2527 2562 2621 2616 ἐπὶ
2633 2563 2695 2616 τὸ
2718 2563 2938 2618 ἀκούειν
2963 2564 3224 2619 δύνασθαι
3255 2566 3450 2620 αὐτῶν·
3477 2567 3568 2619 ἐπεὶ

2037 2651 2132 2706 καὶ
2155 2653 2278 2707 ὅσον
2306 2653 2405 2725 μὲν
2435 2653 2648 2709 οὐδέπω
2674 2655 2798 2728 ἰάθη
2825 2673 2912 2722 τις
2933 2657 3036 2721 τάς
3053 2658 3225 2723 ἀκοὰς
3252 2659 3358 2713 ἀπὸ
3386 2656 3468 2713 τοῦ
3492 2657 3567 2712 Λό-

2037 2760 2135 2814 γου
2160 2744 2256 2799 τοῦ
2287 2744 2534 2815 λέγοντος
2563 2746 2645 2819 τῷ
2674 2747 2843 2820 κωφῷ
2863 2767 2878 2780 ι
2916 2751 3325 2823 Διανοίχθητι,
3362 2753 3417 2808 οὐ
3445 2752 3566 2807 δύνα-

2036 2854 2126 2892 ται
2157 2837 2375 2894 ἀκούειν
2396 2856 2411 2871 ο
2442 2839 2582 2895 ἐπάν
2609 2841 2669 2895 δὲ
2713 2841 2846 2915 λυθῇ
2891 2845 2920 2898 ὁ
2960 2845 3130 2909 αἴτιος
3170 2846 3276 2917 τῆς
3306 2847 3566 2918 κωφότητος

2038 2928 2357 3001 σύνδεσμος,
2385 2930 2508 2985 τότε
2543 2931 2760 2987 ἀκούειν
2808 2950 2895 2998 τις
2933 2929 3046 3000 οἷος
3083 2936 3240 2991 ἔσται
3265 2938 3356 2991 τοῦ
3397 2936 3564 3008 Ἰησοῦο

2039 3023 2127 3076 ὅτε
2160 3025 2255 3077 καὶ
2283 3022 2571 3093 γινώσκειν
2595 3025 2812 3082 δύναται
2835 3027 2999 3082 αὑτοῦ
3039 3029 3137 3102 τὴν
3165 3031 3372 3086 λαλιάν.
3408 3031 3468 3090 Ἦ
3500 3031 3563 3084 λε·

2035 3116 2280 3185 γέτωσαν
2305 3120 2436 3190 ἡμῖν
2460 3118 2509 3171 οἱ
2533 3119 2840 3190 νομίζοντες
2861 3122 2955 3175 καὶ
2978 3121 3066 3175 διὰ
3083 3123 3243 3177 τοῦτο
3270 3125 3564 3180 συνίστασθαι

2035 3209 2129 3263 τὸν
2176 3212 2304 3283 περὶ
2344 3211 2559 3280 φύσεως
2598 3213 2754 3282 λόγον
2783 3214 2892 3286 (17)
2917 3256 2932 3279 ,
2969 3216 3199 3289 πότερον
3247 3217 3476 3274 ἐδύναντο
3505 3219 3562 3271 ἔτι

2037 3303 2213 3372 κωφοὶ
2244 3302 2395 3368 ὄντες
2421 3304 2658 3369 ἀκούειν,
2688 3305 2782 3369 οὒς
2810 3306 3034 3379 ὕστερον
3065 3309 3278 3376 ἰάσατο,
3304 3312 3335 3382 ἤ
3367 3313 3454 3365 ούκ
3477 3310 3564 3364 ἐδύ-

2036 3410 2194 3448 ναντο
2217 3411 2232 3460 ;
2263 3393 2475 3465 Σαφοῢς
2500 3396 2559 3451 δὲ
2585 3396 2737 3462 ὄντος
2766 3398 2859 3452 τοῦ
2892 3400 2992 3454 οὐκ
3021 3401 3296 3469 ἐδύναντο,
3326 3405 3480 3476 δῆλον,
3503 3406 3560 3457 ὅτι

2035 3484 2209 3551 ἔξεστι
2245 3488 2566 3559 μεταϐαλεῖν
2603 3489 2710 3543 ἀπὸ
2733 3490 2829 3544 τοῦ
2864 3491 2939 3564 μὴ
2967 3493 3225 3550 δύνασθαι
3255 3497 3460 3552 ἀκούειν
3484 3495 3561 3548 τῶν

2047 3578 2220 3649 Ἰησοῦ
2244 3578 2417 3648 λόγων
2449 3581 2541 3634 ἐπὶ
2562 3581 2624 3634 τὸ
2655 3581 2873 3636 ἀκούειν
2899 3584 3098 3648 αὐτῶν,
3125 3588 3222 3640 καὶ
3249 3589 3310 3641 οὐ
3338 3588 3416 3642 διὰ
3440 3585 3560 3657 φύσιν

2034 3671 2269 3735 ἀνιάτως
2307 3672 2567 3743 ἔχουσαν,
2605 3673 2693 3726 ὅτε
2734 3674 2794 3727 οὐ
2834 3675 3057 3730 δύναταί
3103 3695 3186 3742 τις
3232 3679 3462 3734 ἀκούειν·
3495 3679 3560 3731 καὶ

2037 3764 2270 3835 μάλιστα
2291 3765 2464 3818 ταῦτα
2496 3768 2832 3837 προσακτέον
2852 3770 2964 3832 τοῖς
2991 3771 3335 3842 ἐτεροδόξοις,
3359 3771 3558 3844 χαίρουσι

2031 3857 2153 3920 ταῖς
2185 3855 2550 3930 ἀλληγορίαις,
2585 3857 2679 3912 καὶ
2699 3858 2959 3928 ἀνάγουσι
2987 3864 3086 3932 τὴν
3121 3864 3246 3937 περὶ
3278 3865 3382 3918 τῶδ
3409 3865 3558 3917 ίάσεων

2034 3947 2274 4020 ἱστορίαν
2302 3949 2394 4002 ἐπὶ
2419 3949 2520 4012 τὰς
2549 3949 2648 4019 τῆς
2677 3949 2855 4022 ψυχῆς
2883 3951 3196 4025 θεραπείας,
3232 3955 3557 4026 ἀπολυομένης

2033 4040 2138 4093 ὑπὸ
2175 4040 2269 4093 τοῦ
2308 4041 2485 4111 Ἰησοῦ
2524 4042 2705 4112 πάσης
2732 4043 2887 4096 νόσου
2915 4084 2930 4108 ,
2963 4047 3057 4099 καὶ
3087 4047 3266 4118 πάσης
3318 4047 3553 4121 μαλακίας.

2031 4132 2254 4203 Νομίζω
2267 4133 2322 4188 δέ
2344 4133 2402 4187 τὸ
2431 4133 2532 4204 μὲν
2557 4135 2818 4202 ἀκούειν,
2843 4135 2937 4189 νῦν
2969 4135 3062 4191 ἐπὶ
3083 4137 3176 4192 τοῦ
3211 4143 3434 4195 συνιέναι
3459 4139 3552 4192 τάσ-

2035 4225 2224 4278 σεσθαι
2268 4225 2375 4279 τῶν
2438 4225 2776 4297 λεγομένων·
2817 4229 2880 4282 τὸ
2922 4228 2981 4282 δὲ
3028 4229 3343 4301 γινώσκειν
3373 4233 3452 4285 ἐπὶ
3486 4229 3551 4282 τοῦ

2033 4317 2516 4389 καταλαμϐάνοντα
2547 4320 3035 4388 συγκατατίθεσθαι
3078 4322 3156 4394 τῷ
3185 4327 3323 4394 φωτὶ
3345 4326 3432 4396 τῆς
3459 4321 3552 4392 περὶ

2033 4408 2142 4463 τῶν
2171 4409 2476 4480 λεγομένων
2495 4409 2748 4477 γνώσεως
2771 4414 3195 4486 πεφωτισμένων
3220 4417 3349 4489 (l8).
3381 4417 3431 4469 '0
3456 4413 3551 4485 μέν·

353 4501 595 4570 spicatur
626 4515 848 4557 causam
892 4501 1042 4557 reddi
1093 4518 1194 4557 cur
1237 4503 1333 4571 ipsi
1370 4503 1558 4557 audire
1586 4519 1691 4557 non
1726 4505 1931 4572 possint

2043 4516 2183 4568 τοιγε
2227 4498 2540 4570 Ἡρακλέων
2590 4500 2964 4572 ὑπολαμϐάνει
3019 4505 3199 4560 αἰτίαν
3259 4503 3550 4560 ἀποδίδοσθαι

354 4592 482 4648 Jesu
535 4607 840 4660 sermones,
871 4610 1047 4666 neque
1093 4594 1238 4649 illius
1268 4595 1411 4648 dicta
1455 4609 1805 4664 cognoscere,
1837 4609 1933 4663 per

360 4685 487 4740 illud
516 4699 534 4740 :
572 4683 678 4742 Vos
716 4703 781 4741 ea:
811 4698 958 4758 patre
985 4685 1196 4741 diabolo
1223 4686 1370 4748 estis,
1396 4687 1622 4753 istisqne
1651 4686 1828 4738 verbis
1853 4686 1932 4738 in-

429 4805 450 4837 ³
476 4802 677 4860 Jerem.
719 4819 879 4869 mu,
918 4803 1010 4859 9.1.

429 4921 547 4993 (15)
564 4919 763 4993 _COdex
794 4919 1016 4993 Regius,
1059 4921 1320 4993 Ἰερεμία.

431 4990 708 5066 (ιί6)1ύοιιι
738 4995 860 5066 _c_od.
886 4989 1116 5066 Regius,
1138 4989 1240 5046 ’τοῦ
1284 4989 1436 5045 Υἱοῦ.
1477 4989 1632 5058 δίερο
1675 4989 1927 5066 animad-

359 5055 622 5119 vertimus
659 5055 947 5131 Ori'genem
976 5055 1190 5118 animas
1218 5073 1344 5117 ante
1392 5055 1623 5128 corpora
1679 5061 1929 5116 conditas

359 5132 681 5189 credidisse.
718 5131 854 5185 lluic
884 5133 1144 5186 doctrina:
1169 5133 1563 5188 consectarium
1589 5144 1672 5186 est
1693 5132 1928 5184 animam

299 5231 307 5241 -
359 5204 559 5260 Christi
598 5212 725 5258 ante
749 5216 946 5272 corpus
978 5201 1129 5272 illius;
1151 5205 1424 5257 conditam
1488 5215 1708 5271 quoque
1740 5200 1926 5272 fuisse.

362 5275 473 5329 lloc
508 5275 759 5344 dogmate
802 5270 1081 5327 inductum
1107 5270 1282 5344 fuisse
1317 5270 1630 5344 Eutycliem’
1663 5271 1928 5340 suspicari

359 5359 422 5398 se
451 5345 583 5397 dicit
612 5343 722 5398 Leo
747 5358 880 5412 papa
916 5345 1075 5410 epist.
1109 5343 1144 5396 2
1167 5345 1230 5412 ad
1259 5342 1534 5396 lulianum
1559 5343 1847 5408 Coensem,
1873 5348 1931 5395 ut

359 5414 572 5492 duas_in
602 5411 954 5492 tibriStofpb
989 5413 1087 5492 τῆς
1117 5411 1360 5492 ἐνώσεως
1392 5425 1616 5492 naturas
1647 5422 1929 5492 statueret,

360 5486 514 5555 quasi
545 5486 782 5538 animam
815 5484 1019 5539 Christi
1061 5485 1357 5549 exstitisse,
1408 5485 1730 5555 priusquam
1777 5484 1928 5536 carni

360 5553 698 5622 illigaretor-,
751 5568 1072 5622 persuasum
1119 5553 1690 5622 habuerit.’Animam
1721 5563 1928 5622 autem

361 5620 565 5696 gilii-isti
594 5633 728 5696 tunc
746 5620 800 5676 in
822 5639 919 5696 sua
947 5623 1280 5696 perfectione
1296 5622 1462 5696 fuisse
1487 5624 1618 5696 dicit
1641 5620 1925 5696 Qrigenes,

366 5691 569 5746 idcirco
591 5693 732 5754 quod
760 5691 1071 5751 arctissimo
1103 5694 1305 5752 amoris
1334 5692 1547 5750 vinculo
1579 5691 1657 5748 ita
1671 5693 1779 5749 Deo
1802 5701 1929 5748 tunc

2034 4590 2130 4644 τοῦ
2184 4590 2257 4661 μὴ
2289 4589 2548 4644 δύνασθαι
2579 4592 2776 4657 αὐτοὺς
2816 4595 3036 4650 ἀκούειν
3077 4597 3169 4652 τὸν
3210 4599 3376 4671 Ἰησοῦ
3413 4597 3547 4665 λόγον,

2038 4683 2172 4754 μηδὲ
2201 4682 2490 4750 γινώσκειν
2520 4681 2686 4736 αὑτοῦ
2716 4685 2814 4754 τὴν
2853 4685 3041 4741 λαλιὰν
3084 4692 3142 4744 ὲν
3318 4689 3483 4760 Ὑμεῖς
3499 4687 3548 4740 ἐκ

1107 4803 1128 4836 ⁸
1157 4802 1314 4859 Joan.
1361 4818 1483 4865 vui,
1532 4799 1621 4857 45.
1703 4801 1726 4833 ⁸
1757 4801 1920 4856 Marc.
1945 4819 2046 4874 vn,
2081 4806 2172 4863 54.

2038 4923 2370 4996 adhaerebat,
2400 4933 2461 4978 ut
2501 4938 2644 4996 unus
2697 4939 2822 4980 cum
2867 4939 2936 4981 eo
2989 4927 3212 4996 spiritus
3267 4930 3550 4996 efﬁceretur,

2037 4995 2498 5070 quemadmodum
2542 4993 2716 5070 fusius
2743 4993 3132 5070 ip§e_declarat
3169 5001 3267 5055 lib.
3296 5019 3331 5057 ιι
3359 5003 3423 5056 Ds
3448 4993 3552 5070 prini-

2038 5065 2210 5141 gipiis,
2244 5080 2366 5141 cap.
2395 5062 2449 5128 θ,
2475 5073 2532 5119 et
2562 5079 2660 5141 nos
2699 5062 3142 5137 iu'0rigenianis,
3185 5071 3280 5126 lib.
3311 5087 3380 5140 ιι,
3405 5062 3548 5141 quasi.

2039 5132 2095 5200 ὅ,
2126 5151 2280 5206 ιιιιιιι.
2308 5133 2346 5206 λθ
2371 5146 2426 5189 et
2448 5150 2566 5206 seq.
2591 5133 2859 5191 Hunnus.

2113 5205 2224 5277 (i7)
2253 5204 2366 5282 Τὸν
2396 5204 2542 5282 περ]
2563 5207 2810 5282 φύσεως.
2856 5208 3086 5282 λόγον-,ξ
3123 5210 3418 5282 Legendnm
3453 5209 3546 5282 fur-

2041 5275 2185 5351 tassc
2217 5275 2454 5345 φύσεων.
2480 5275 2664 5351 _Sup_ra
2697 5278 2849 5351 initio
2882 5275 3087 5351 muneri
3120 5275 3285 5348 i5,'oi
3305 5283 3393 5345 τὰς
3408 5280 3548 5351 φύσεις

2043 5347 2452 5421 εζσάγοντεςζσι
2479 5347 2552 5399 ita
2585 5345 3280 5421 Ferrarius._At_Origenes
3313 5345 3467 5407 tamen
3485 5350 3547 5421 Διιι

2041 5416 2215 5484 Epist.
2247 5417 2315 5469 ad
2348 5415 2525 5479 Rom,
2551 5430 2675 5485 cap.
2703 5432 2829 5470 mv
2886 5415 3199 5476 Philocal'iaz
3239 5445 3253 5479 :
3293 5423 3399 5478 Κᾶν
3430 5418 3548 5473 πιθα-

2040 5485 2542 5566 νώτατα-ἐκράτουν
2572 5489 2621 5540 οἱ
2646 5488 3067 5559 παρεισάγοντες
3099 5492 3188 5546 τὸν
3221 5496 3345 5566 περὶ
3386 5492 3545 5561 φύσεως

2038 5556 2239 5611 ἄτοπον
2256 5556 2431 5625 λόγον.
2463 5561 2538 5611 ID.

2112 5629 2226 5701 (718)
2254 5628 2746 5701 Πεφωτισμένων.
2785 5639 2837 5684 In
2872 5631 3115 5701 margine
3137 5635 3336 5692 codicis
3356 5626 3546 5690 Bodleia'

2041 5698 2097 5754 ni
2129 5699 2323 5766 legitur
2354 5712 2424 5755 ex
2451 5699 2767 5769 conjectura
2787 5698 3220 5770 πεφωτισμένον.
