3688 6146
111 263 218 316 617

1179 264 1533 321 COMMENT.
1570 265 1637 320 IN
1676 265 1864 323 JOAN.
1901 269 2136 325 TOMUS
2173 271 2286 328 XX.

3243 282 3348 338 618

110 381 216 436 τοῦ
240 379 467 449 πατρὸς
491 379 598 434 τοῦ
634 379 918 436 διαϐόλου
943 381 1107 462 ἐστέ.
1131 384 1330 448 Δὺταῖς
1353 385 1482 454 γοῦν
1515 386 1680 453 λέξεσύ

1841 387 1910 440 uit
1936 405 1952 441 :
1993 407 2010 438 ι
2047 388 2222 454 Quare
2252 399 2428 444 autem
2457 405 2560 446 non
2593 392 2817 462 potestis
2838 395 3023 452 audire
3045 412 3350 456 sermonem

113 486 268 540 φησι*
295 489 315 522 ι
337 470 434 524 Διὰ
457 471 511 522 τί
528 470 588 524 οὐ
615 469 840 525 δύνασθε
867 473 1081 526 ἀκούειν
1112 475 1202 528 τὸν
1221 475 1376 545 λόγον
1406 477 1498 531 τὸν
1522 477 1683 549 ἐμόν;

112 563 144 634 ἢ
171 564 252 616 ὅτι
290 563 449 632 ὑμεῖς
480 562 546 615 ἐκ
577 562 671 615 τοῦ
701 565 905 636 πατρὸς
923 565 1015 618 τοῦ
1039 565 1284 620 διαϐόλου
1307 569 1429 622 ἐστέ
1454 586 1468 601 ·
1501 589 1520 621 ι
1546 570 1688 640 (ἀντὶ

111 654 225 719 τοῦ,
270 660 338 711 ἐκ
366 657 465 727 τῆς
495 657 680 721 οὐσίας
706 658 800 712 τοῦ
833 659 1123 734 διαϐόλου,)
1155 664 1400 736 φανερῶν
1434 665 1543 735 (19)
1591 667 1688 720 αὑ-

113 748 224 808 τοῖς
277 745 462 800 λοιπὸν
509 748 608 820 τὴν
653 749 811 817 φύσιν
843 750 1020 805 αὐτῶν
1043 791 1058 815 ,
1101 754 1196 807 καὶ⁸
1234 753 1563 826 προελέγξας
1591 758 1688 811 αὑ-

112 839 238 901 τοὺς
261 877 276 902 ,
305 838 390 891 ὅτι
425 837 549 892 οὔτε
593 839 688 892 τοῦ
732 841 980 913 Ἀϐραάμ
1015 846 1121 898 εἱσι
1163 845 1358 910 τέκνα,
1390 849 1450 901 οὑ
1487 851 1596 921 γὰρ
1622 849 1687 904 ἂν

115 931 341 1000 ἑμίσουν
392 933 582 985 αὐτόν’
613 933 732 986 οὐδὲ
756 934 849 987 τοῦ
881 934 1048 1001 Θεοῦ,
1080 936 1159 991 διὸ
1194 939 1295 993 οὑκ
1335 940 1564 1010 ἠγάπων
1592 943 1687 996 αὐ-

113 1021 222 1076 τόν.
259 1024 369 1076 Καὶ
393 1026 442 1077 sl
475 1025 574 1094 μὲν
597 1025 659 1078 τό
681 1042 696 1056 ο
743 1027 926 1096 Ὑμεῖς
952 1028 1021 1083 ἐκ
1047 1030 1152 1085 τοῦ
1181 1034 1402 1101 πατρὸς
1434 1035 1540 1089 τοῦ
1564 1036 1690 1092 δια-

115 1114 294 1167 ϐόλου
325 1114 471 1168 ἐστέ
489 1155 503 1179 ,
549 1114 821 1187 ἐξεδέχετο
845 1159 859 1183 ,
895 1119 971 1183 ὡς
1022 1123 1078 1174 ἐν
1127 1125 1240 1186 τοῖς
1281 1125 1535 1191 ἀνωτέρω
1575 1129 1688 1199 διη-

114 1205 434 1276 γησάμεθα,
511 1207 608 1262 καὶ
665 1208 850 1278 ἔλεγε·
891 1211 989 1266 Διὰ
1034 1213 1095 1265 τὸ
1143 1213 1222 1268 ἔτι
1266 1216 1409 1286 ὑμᾶς
1448 1213 1584 1272 εἶναι
1622 1221 1687 1273 ἐκ

112 1297 204 1350 τοῦ
253 1298 533 1364 διαϐόλου,
583 1301 646 1354 οὑ
707 1301 930 1357 δύνασθε
991 1304 1209 1360 ἀκούειν
1263 1308 1355 1361 τὸν
1402 1308 1555 1378 λόγον
1595 1311 1686 1365 τὸν

113 1388 270 1460 ἐμὸν,
313 1390 420 1444 κᾶν
457 1390 874 1463 παραδεξάμεοα
911 1394 1074 1448 αὑτοῦ
1112 1396 1210 1469 τὴν
1247 1398 1533 1471 διήγησιν·
1570 1402 1686 1456 νυνὶ

112 1482 167 1535 δὲ
194 1482 352 1552 δῆλός
382 1484 534 1536 ἐστιν
573 1484 890 1554 όμοουσίους
934 1487 1084 1551 τινὰς
1129 1487 1208 1559 τῷ
1251 1488 1480 1560 διαϐόλῳ
1512 1490 1684 1561 λέγων

115 1572 451 1643 ἀνθρώπους,
482 1575 694 1646 ἐτέρας,
725 1576 801 1640 ὡς
834 1578 1034 1630 οῐονται
1063 1581 1111 1632 οἱ
1157 1581 1249 1633 ἀπ’
1283 1578 1470 1644 αὑτοῦ,
1497 1583 1685 1648 οὐσίας

117 1666 432 1737 τυγχάνοντι
482 1669 612 1740 παρ’
659 1667 753 1732 οὒς
794 1668 1016 1723 καλοῦσι
1049 1669 1394 1744 ψυχικοὺς,ἢ
1437 1692 1683 1746 πνευμα-

115 1775 312 1820 τικους.

182 1849 265 1905 19.
309 1851 511 1921 Ὑμεῖς
550 1852 619 1906 ἐκ
647 1851 753 1906 τοῦ
781 1852 1005 1920 πατρὸς
1058 1853 1164 1907 τοῦ
1195 1853 1476 1910 διαϐόλου
1521 1855 1682 1920 ἐστὲ,

116 1941 207 1995 καὶ
253 1943 360 2009 τὰς
418 1943 737 2012 ἐπιθυμίας
797 1941 903 1997 τοῦ
975 1946 1198 2014 πατρὸς
1249 1946 1416 2016 ὑμῶν
1484 1948 1686 2003 θέλετε

117 2033 319 2087 ποιεῖν.
361 2033 688 2105 Ἀμφίϐολος
718 2036 751 2106 ἡ
785 2034 928 2099 λέξις
971 2035 1088 2089 ἐστι
1118 2036 1227 2108 (20)
1248 2054 1261 2066 ⁸
1297 2038 1547 2108 δηλοῦται
1578 2040 1686 2112 γὰρ

116 2124 205 2178 ἀπ’
232 2126 402 2197 αὑτῆς
429 2126 490 2181 ἓν
526 2126 645 2198 μὲν,
680 2126 756 2190 ὡς
800 2127 910 2197 ἄρα
946 2126 1060 2198 ἔχει
1105 2127 1134 2180 6
1179 2129 1421 2194 διάϐολος
1450 2132 1684 2202 πατέρα,

117 2217 172 2282 ἐξ
201 2210 260 2269 οὗ
299 2218 528 2290 πατρὸς,
569 2220 693 2272 ὅσον
721 2219 816 2272 ἐπὶ
842 2218 920 2290 τῷ
954 2219 1121 2290 ῥητῷ,
1158 2222 1512 2292 ἐμφαίνονται
1547 2218 1685 2278 εἶναι

117 2302 253 2364 οὗτοι
285 2310 423 2380 πρὸς
465 2309 560 2374 οὓς
588 2313 617 2364 6
656 2311 844 2379 λόγος’
881 2313 1066 2384 ἕτερον
1088 2312 1169 2376 δὲ,
1201 2313 1229 2366 ὃ
1262 2314 1468 2384 βέλτιόν
1513 2316 1682 2378 ἐστιν,

115 2403 194 2455 ὅτι
222 2403 374 2472 ὑμεῖς
408 2407 478 2456 ἐκ
504 2401 653 2456 τοῦδε
695 2403 788 2456 τοῦ
827 2406 1033 2476 πατρός
1064 2407 1211 2470 ἐστε,
1255 2405 1376 2460 καθ’
1411 2407 1469 2459 ὃν
1511 2423 1684 2477 κατη-

117 2497 346 2565 γορεῖται
383 2493 468 2558 τὸ,
514 2493 776 2559 διάϐολος.
815 2496 1135 2566 Ἀμφίϐολον
1170 2497 1266 2568 μὲν
1294 2493 1385 2552 οὖν
1412 2496 1479 2551 ἂν
1504 2498 1562 2552 τὺ
1594 2498 1682 2552 λε-

116 2589 356 2660 γόμενον,
401 2591 502 2643 καὶ
546 2589 703 2661 εἴπερ
747 2589 933 2663 εἴρητο
965 2592 1027 2645 τὸ
1066 2593 1326 2666 πρότερον
1360 2593 1561 2666 ἄρθρον
1600 2595 1681 2658 τὸ,

121 2679 236 2734 τοῦ·
262 2680 399 2753 πλὴν
431 2682 630 2752 μᾶλλον
654 2682 970 2752 ἀνεφαίνετο
997 2685 1327 2756 σαφέστερον
1350 2686 1411 2740 τὸ
1441 2687 1685 2760 βούλημα

118 2770 202 2823 τοῦ
244 2771 428 2843 ῥητοῦ.
484 2773 748 2843 Μέντοιγε
792 2775 820 2826 6
855 2777 1232 2847 συναγορεύων
1277 2777 1340 2830 τὸ
1379 2773 1519 2831 εἷναί
1562 2797 1684 2834 τινα

119 2860 204 2914 τοῦ
234 2863 480 2918 διαϐόλου
508 2865 742 2937 πατέρα,
766 2860 826 2921 οὗ
854 2868 1000 2931 υἱοὺς
1032 2866 1170 2934 δόξει
1191 2868 1370 2936 λέγειν
1392 2870 1517 2933 τοὺς
1548 2870 1684 2941 πρὸς

119 2951 204 3016 οὓς
227 2956 253 3006 ὁ
269 2954 422 3024 λόγος
452 2957 590 3020 ἐστὶ,
611 2958 870 3028 χρήσεται
889 2957 966 3029 τῷ
988 2959 1366 3031 ἐπιφερομένῳ
1380 2960 1550 3024 οὕτως
1571 2961 1682 3033 (21)

122 3045 314 3116 ἔχοντι·
359 3049 550 3104 Ὅταν
585 3050 750 3120 ,λαλῇ
805 3050 873 3106 τὸ
914 3051 1176 3121 ψεῦδος,
1222 3052 1291 3106 ἐκ
1350 3053 1467 3105 τῶν
1522 3053 1685 3106 ἰδίων
1711 3075 1753 3132 C

120 3140 299 3203 λαλεῖ,
325 3140 413 3194 ὅτι
442 3142 718 3210 ψεύστης
741 3143 893 3206 ἐστὶ,
922 3143 1020 3198 καὶ
1049 3146 1083 3196 ό
1116 3142 1312 3211 πατὴρ
1340 3143 1552 3198 αὐτοῦ·
1589 3145 1684 3198 καὶ

121 3231 243 3300 φησὶ
271 3231 380 3304 (22)
419 3229 620 3300 ι4ιεῦδοεὲ
657 3233 754 3304 μὲν
800 3228 937 3287 εἶναι
989 3233 1080 3286 τὸν
1121 3231 1383 3294 διάϐολον,
1425 3231 1581 3285 ἄλλον
1624 3232 1682 3285 δὲ

123 3322 260 3394 παρὰ
286 3323 480 3377 τοῦτον
509 3319 648 3378 εἶναι
677 3326 768 3378 τὸν
793 3325 887 3378 τοῦ
910 3325 1137 3395 ψεύδους
1166 3325 1406 3395 πατέρα’
1443 3323 1558 3377 ἀλλ’
1584 3323 1683 3393 οὑχ

123 3413 276 3482 ὑγιῶς
300 3415 457 3470 τοῦτο
477 3415 797 3488 λεχθήσεται
815 3433 828 3447 ⁸
865 3417 1064 3488 μᾶλλον
1085 3415 1195 3488 γὰρ
1217 3417 1278 3469 τὸ
1296 3415 1489 3486 ψεῦδος
1519 3417 1682 3486 ἐφαρ-

127 3506 268 3576 μόσει
289 3508 363 3579 τῷ
382 3509 613 3581 ἐναντίῳ
630 3513 722 3563 τοῦ
745 3509 1008 3574 εἰπόντος’
1038 3509 1184 3579 Ἐγώ
1202 3511 1318 3580 εἰμι
1345 3510 1383 3574 ἡ
1415 3509 1679 3575 ἀλήθειαο

126 3596 328 3667 λέγωδὲ
362 3602 439 3672 τῷ
461 3601 688 3672 ἐναντίῳ
717 3601 974 3674 Χριστοῦ,
1007 3595 1052 3670 ᾧ
1075 3601 1188 3673 (25)
1220 3601 1458 3672 ψεύστης
1487 3601 1633 3654 ἐστὶν
1653 3601 1683 3652 6

125 3691 317 3763 πατὴρ,
362 3695 390 3745 ό
422 3691 669 3755 διάϐολος
704 3690 800 3746 ῶν.
857 3693 997 3745 Ἀλλ’
1031 3693 1176 3756 εἰκός
1204 3710 1326 3747 τινα
1355 3691 1683 3763 προσκόψειν

123 3780 196 3852 τῷ
239 3781 426 3852 ψεῦδος
477 3779 617 3837 εἷναι
661 3783 752 3836 τὸν
800 3783 1159 3856 ἀντίχριστον,
1209 3786 1308 3838 οὑκ
1362 3783 1440 3838 ἔτι
1485 3784 1682 3854 ψεκτὸν

124 3872 384 3944 ἐσόμενον,
411 3876 510 3930 ἐὰν
542 3879 607 3947 τῇ
654 3876 947 3930 ὑποστάσει
977 3876 1164 3948 ἕτερον
1199 3877 1364 3948 μηδὲν
1392 3876 1585 3946 ψεῦδος
1663 3893 1678 3906 ⁸

126 3965 251 4033 πρὸς
277 3965 334 4018 ὃν
358 3965 736 4037 παραθέμενος
761 3965 847 4019 τό’
892 3965 1168 4020 Ἁπώλεια
1189 3965 1418 4035 ἐγένου,
1443 3965 1540 4018 καὶ
1569 3966 1683 4032 οὐχ

125 4057 393 4127 ὑπάρξεις
415 4063 507 4125 εις
531 4059 635 4113 τὸν
662 4058 865 4122 αἰῶνα,
892 4059 1196 4130 (εἰρημένον
1224 4061 1281 4111 ἐν
1305 4057 1384 4129 τῷ
1426 4055 1684 4130 Ἰεζεκιὴλ

127 4149 243 4220 περί
283 4167 427 4216 τινος
480 4151 569 4206 διὰ
610 4152 709 4224 τὴν
751 4152 950 4206 κακίαν
997 4150 1458 4223 μεταϐεϐληκότος
1495 4152 1574 4214 εις
1620 4150 1684 4202 τὸ

127 4241 364 4308 γενέσθαι
391 4244 555 4297 αὑτὸν
586 4243 904 4316 άπώλειαν,)
930 4243 1051 4298 καθ’
1092 4242 1385 4313 ὁμοιότητα
1426 4258 1684 4313 παραμυ-

127 4333 256 4406 illum
271 4336 379 4408 (24)
393 4338 487 4390 καὶ
504 4336 566 4390 τὸ
585 4337 822 4409 περὶτοῦ
839 4337 1063 4408 ψεύδους
1077 4336 1177 4389 οὑκ
1197 4331 1331 4388 εἷναί
1346 4351 1467 4388 τινα
1483 4334 1596 4406 (‘25)
1611 4337 1678 4405 τῇ

1788 495 1984 545 meum,
2009 497 2076 536 an
2128 483 2380 552 quoniam
2423 500 2520 540 vos
2559 501 2624 542 ex
2673 495 2825 555 patre
2861 489 3076 546 diabolo
3106 493 3289 547 estis?

1789 569 1911 639 (pro
1934 586 1998 626 eo
2029 574 2173 641 quod
2219 583 2324 638 est,
2353 589 2419 629 ex
2444 576 2680 631 essentia
2724 577 2950 647 diaboli)
2998 581 3351 638 manifestans

1787 659 1854 713 de
1881 670 2075 714 caetero
2103 671 2346 716 naturam
2377 664 2634 733 ipsorum,
2663 681 2784 720 cum
2821 668 3158 736 pradixisset
3209 673 3351 741 ipsos

1789 762 1964 816 neque
2009 749 2277 804 Abraham
2333 768 2454 809 esse
2492 754 2669 822 ﬁlios,
2714 758 2856 813 haud
2893 759 3040 814 enim
3075 763 3200 817 odio
3227 779 3350 833 per-

1789 850 2144 908 sequerentur
2171 842 2320 898 illum
2347 861 2363 910 ;
2419 861 2594 917 neque
2648 849 2764 917 Dei,
2798 866 2865 904 ex
2893 867 3001 922 quo
3029 869 3135 908 non
3163 857 3352 926 dilige-

1788 933 1916 988 bant
1955 933 2126 990 illum.
2179 936 2443 993 Caeterum
2486 940 2532 994 si
2585 941 2743 1008 illud,
2768 960 2853 1000 vos
2877 963 2941 1000 ex
2962 952 3110 1015 patre
3135 949 3349 1004 diabolo

1787 1025 1932 1091 estis,
1977 1029 2333 1097 exposuisset,
2387 1041 2446 1084 ut
2487 1032 2540 1086 in
2597 1036 2964 1103 superioribus
3003 1041 3351 1107 exposuimus

1789 1128 1912 1180 nos,
1970 1125 2025 1171 et
2069 1117 2299 1174 dixisset
2337 1137 2355 1177 ι
2387 1121 2522 1188 Quia
2580 1125 2757 1180 adhuc
2808 1141 2877 1181 ex
2924 1129 3138 1186 diabolo
3194 1134 3345 1199 estis,

1789 1223 1894 1261 non
1963 1213 2183 1278 potestis
2249 1213 2435 1270 audire
2492 1229 2796 1273 sermonem
2863 1235 3064 1288 meum,
3105 1227 3353 1284 admisis-

1786 1311 1968 1352 semus
2037 1301 2201 1354 etiam
2271 1302 2413 1359 illius
2466 1308 2931 1378 enarrationem;
2976 1329 3122 1370 nunc
3184 1317 3346 1390 333

1785 1396 1963 1442 autem
2006 1399 2190 1460 aperte
2241 1391 2373 1448 dicit
2420 1396 2679 1464 quosdam
2738 1401 2982 1459 homines
3037 1419 3158 1463 esse
3195 1407 3351 1481 [ὁμου

1783 1479 2017 1552 ουσίους,
2068 1479 2172 1539 hoc
2221 1484 2337 1557 est]
2380 1485 2624 1556 ejusdem
2688 1493 2999 1551 subslantlae
3048 1513 3168 1553 cum
3200 1479 3348 1558 ﬁdiu-

1786 1571 1930 1637 bolo,
1996 1574 2086 1643 qui
2119 1575 2342 1632 alterius
2402 1589 2486 1635 est
2543 1583 2880 1653 substantias,
2933 1598 2991 1642 ut
3033 1591 3351 1649 existimant

1787 1662 1927 1718 illius
1948 1665 2111 1719 etiam
2135 1678 2453 1736 sectatores,
2486 1672 2553 1728 ab
2581 1674 2665 1728 his
2687 1691 2824 1745 quos
2844 1689 3034 1734 vocant
3060 1682 3343 1750 animales,

1717 1738 1758 1793 Β
1790 1753 1869 1806 vel
1901 1755 2230 1823 spirituales.

1859 1846 1944 1902 19.
1994 1847 2090 1902 Vos
2112 1866 2175 1902 ea:
2194 1862 2342 1918 patre
2360 1853 2572 1908 diabolo
2603 1857 2748 1922 estis,
2777 1867 2824 1912 et
2873 1861 3135 1917 desideria
3176 1867 3344 1934 patris

1786 1941 1942 1992 vestri
1973 1940 2128 1995 vultis
2163 1945 2334 2012 facere
2368 1945 2481 2000 Μ’.
2533 1948 2828 2018 Ambiguus
2878 1963 2957 2007 est
3005 1965 3293 2014 contextus
3329 1977 3346 2016 :

1787 2027 2051 2100 [proinde
2079 2048 2292 2102 quoque
2312 2037 2510 2106 duplex
2531 2055 2593 2093 ex
2621 2056 2684 2095 eo
2710 2042 2834 2097 elici
2871 2056 3053 2113 potest
3084 2063 3274 2105 sensus
3295 2049 3346 2124 ;]

1789 2120 1947 2184 alter,
1981 2125 2134 2190 quasi
2167 2124 2415 2180 diabolus
2441 2127 2636 2183 habeat
2670 2138 2902 2197 patrem,
2930 2149 2996 2187 ex
3029 2150 3136 2204 quo
3169 2120 3345 2206 patre,

1784 2223 2043 2280 quantum
2075 2215 2142 2269 ad
2177 2227 2486 2272 contextum
2512 2220 2724 2287 attinet,
2748 2225 3103 2281 ostendantur
3128 2229 3180 2283 hi
3203 2244 3346 2295 esse,

1785 2304 1850 2357 ad
1883 2320 2019 2374 quos
2048 2316 2132 2361 est
2165 2322 2378 2375 sermo;
2411 2310 2571 2377 alter,
2599 2315 2690 2381 qui
2713 2314 2877 2368 etiam
2903 2316 3096 2372 melior
3118 2328 3222 2384 est,
3245 2317 3352 2375 Vos

1783 2409 1850 2450 ex
1881 2397 1985 2452 hoc
2012 2408 2166 2468 patre
2186 2401 2340 2468 estis,
2377 2402 2444 2456 de
2469 2417 2579 2470 quo
2601 2406 2927 2473 praedicatur
2963 2411 3221 2468 diabolus.
3253 2411 3349 2466 At-

1785 2501 1890 2556 que
1915 2488 2204 2560 ambiguus
2251 2493 2467 2562 quidem
2508 2495 2724 2552 futurus
2763 2508 2884 2552 erat
2917 2500 3007 2555 hic
3035 2511 3345 2567 contextus,

1785 2579 1830 2634 si
1861 2580 2050 2649 etiam,
2079 2583 2284 2639 omisso
2332 2585 2508 2653 primo
2547 2588 2776 2644 articulo
2805 2589 3128 2653 xoﬁ,dictum
3158 2592 3348 2649 fuisset

1783 2686 1849 2723 ex
1874 2685 2042 2740 patre,
2066 2681 2122 2728 et
2145 2688 2251 2728 non
2281 2689 2347 2729 ea:
2378 2675 2472 2730 illo
2501 2687 2693 2745 patre;
2718 2688 2956 2734 attamen
2985 2685 3228 2751 apertius
3253 2700 3350 2756 ap-

1785 2763 2058 2833 paruisset
2091 2766 2344 2822 voluntas
2379 2779 2690 2825 contextus.
2725 2771 2791 2826 Et
2812 2774 3027 2842 quidem
3055 2777 3148 2845 qui
3188 2776 3343 2832 fave-

1783 2867 1869 2912 ret
1895 2859 2135 2913 credenti
2169 2859 2290 2916 esse
2331 2860 2563 2931 aliquem
2593 2864 2792 2919 diaboll
2823 2877 3054 2934 patrem,
3085 2869 3246 2939 cujus
3278 2870 3344 2924 li-

1787 2947 1886 3004 lios
1910 2950 2160 3006 videatur
2184 2953 2367 3008 dicere
2399 2955 2499 3008 hos
2523 2954 2589 3009 ad
2619 2971 2756 3024 quos
2796 2965 2884 3011 est
2929 2973 3128 3024 sermo,
3165 2962 3348 3017 verbis

1787 3056 1908 3108 qua:
1949 3040 2347 3113 subiunguntur
2385 3060 2583 3100 usurus
2624 3056 2708 3101 est
2749 3049 2828 3102 sic
2873 3063 2933 3103 se
2977 3050 3343 3110 habentibus:

1787 3131 1918 3187 Cum
1945 3133 2179 3204 loquitur
2202 3136 2552 3202 mendacium,
2586 3153 2651 3191 ea:
2685 3140 2909 3210 propriis
2942 3141 3192 3212 loquitur,
3211 3163 3346 3215 quo-

1787 3225 1929 3278 niam
1950 3225 2301 3288 mendaaresl,
2329 3237 2375 3279 et
2398 3236 2548 3295 pater
2572 3229 2685 3298 ejus
2709 3230 2788 3296 ⁸⁸;
2827 3232 3078 3302 dicetque
3123 3237 3345 3293 menda-

1785 3317 1927 3369 cium
1977 3329 2099 3369 esse
2135 3315 2427 3382 diabolum,
2463 3317 2735 3376 diversum
2781 3335 2911 3377 vero
2961 3325 3029 3379 ab
3083 3327 3186 3381 hoc
3223 3343 3348 3384 esse

1786 3407 2052 3462 mendacii
2077 3419 2284 3479 patrem
2309 3429 2322 3464 :
2359 3412 2450 3465 sed
2479 3427 2583 3468 non
2609 3424 2754 3469 recte
2771 3416 2874 3470 hoc
2893 3417 3195 3486 diceretur;
3221 3436 3344 3475 nam

1787 3501 1957 3572 magis
2009 3502 2298 3558 conveniet
2352 3505 2688 3560 mendacium
2743 3509 3020 3563 contrario
3070 3511 3344 3568 dicentis:

1785 3593 1900 3662 Ego
1927 3611 2046 3649 sum
2074 3597 2262 3650 veritas
2279 3597 2359 3662 ιτς
2389 3598 2511 3654 dico
2555 3611 2734 3655 autem
2787 3602 3062 3658 contrario
3117 3603 3346 3675 Christi,

1785 3685 1870 3738 cui
1905 3685 2136 3740 mendax
2168 3696 2253 3741 est
2281 3696 2457 3756 pater,
2498 3693 2591 3758 qui
2618 3691 2864 3746 diabolus
2905 3703 3008 3748 est.
3063 3695 3168 3750 Sed
3215 3711 3344 3752 con-

1786 3784 2104 3830 sentaneum
2143 3787 2227 3832 est
2267 3778 2498 3847 aliquem
2532 3778 2790 3834 oﬂ‘ensum
2816 3781 2904 3843 iri,
2929 3796 2994 3837 eo
3020 3785 3164 3852 quod
3187 3785 3345 3841 dixe-

1786 3865 1956 3920 rimus
1979 3865 2368 3922 Antichristum
2397 3881 2518 3922 esse
2547 3869 2880 3923 mendacium
2899 3909 2914 3935 ,
2939 3871 3342 3941 vituperabilem

1788 3971 1896 4010 non
1923 3957 2154 4026 amplius
2186 3955 2449 4022 futurum,
2495 3959 2539 4012 si
2577 3958 2854 4028 hypostasi
2892 3970 2948 4014 et
2991 3965 3225 4019 essentia
3269 3967 3346 4020 nil

1787 4048 1932 4102 aliud
1959 4049 2030 4102 sit
2054 4048 2433 4116 mendacium;
2466 4059 2656 4104 contra
2684 4064 2841 4118 quem
2869 4067 2992 4106 cum
3029 4055 3273 4112 attuleris
3291 4057 3348 4114 in

1787 4139 2025 4196 medium
2077 4140 2208 4195 illud
2241 4158 2256 4194 :
2299 4140 2536 4195 Perdilio
2574 4141 2748 4210 factus
2793 4160 2883 4210 es,
2923 4155 2971 4200 el
3009 4163 3112 4201 non
3147 4151 3250 4204 eris
3287 4150 3350 4205 in

1784 4231 2034 4286 saeculum
2055 4232 2102 4265 ⁸⁸
2125 4232 2288 4302 (quod
2314 4233 2366 4287 in
2383 4231 2669 4289 Ezechiele
2685 4235 2889 4290 dictum
2916 4246 2999 4292 est
3024 4239 3091 4294 de
3113 4242 3345 4309 quodam

1784 4325 1874 4395 qui
1905 4337 2126 4395 propter
2153 4325 2342 4379 vitium
2381 4326 2697 4382 immutatus
2727 4327 2926 4394 fuerat,
2961 4339 3022 4385 ut
3058 4343 3200 4387 esset
3229 4333 3345 4402 ipsa

128 4424 406 4481 ὑποστάσει
444 4429 512 4482 ἐκ
548 4429 912 4499 κατασκευῆς,
952 4427 1088 4481 ἀλλὰ
1129 4428 1194 4480 ἐκ
1229 4426 1550 4498 μεταϐολῆς,
1591 4427 1680 4479 καὶ

1841 4418 2067 4488 :nlitio).
2099 4427 2152 4470 tu
2180 4419 2434 4473 similiter
2466 4419 2629 4476 etiam
2681 4421 2928 4490 proferes
2959 4423 3192 4492 aliquem
3238 4440 3348 4481 non

132 4518 255 4583 ιδίας
301 4521 686 4593 προαιρέσεως,
728 4520 966 4574 τοιοῦτον
1007 4520 1064 4573 δὲ
1107 4519 1502 4591 γεγεννημένον
1521 4557 1535 4581 ,
1585 4518 1679 4571 καὶ

1841 4522 1907 4564 se
1936 4519 2125 4563 natura
2171 4511 2534 4576 mendacium,
2579 4526 2645 4566 ex
2679 4514 2980 4577 creatione,
3009 4515 3102 4569 sed
3132 4529 3200 4570 ex
3228 4531 3350 4569 mu-

127 4611 306 4677 οὕτως,
333 4615 419 4668 ἵνα
445 4613 648 4677 καινῶς
678 4613 946 4684 ὀνομάσω,
983 4612 1416 4684 πεφυσιωμένον.
1445 4611 1518 4664 Οὐ
1551 4609 1680 4679 φεύ-

1788 4605 2008 4670 tatione,
2040 4614 2095 4658 et
2122 4605 2344 4674 proprio
2373 4607 2652 4675 proposito
2693 4605 2856 4660 talem
2904 4604 3103 4658 factum:
3152 4605 3342 4672 fuisse,

129 4719 232 4770 γων
253 4705 358 4776 (26)
381 4707 512 4774 γοῦν
538 4724 622 4770 τις
643 4707 718 4770 ὡς
740 4705 935 4760 ἄτοπον
970 4705 1032 4757 τὸ
1067 4704 1298 4773 φάσκειν
1326 4700 1462 4756 εἶναι
1490 4701 1680 4772 ψεῦδος

1869 4694 1970 4760 sic,
2003 4706 2063 4750 ut
2095 4711 2232 4751 nove
2255 4695 2453 4759 dicam,
2487 4705 2815 4751 naturatum.
2847 4697 3208 4764 Quamobrem
3233 4712 3347 4756 non

129 4793 213 4846 τὸν
251 4795 604 4869 άντὶχριστον,
658 4799 775 4870 ἐρεῖ
825 4795 918 4849 καὶ
966 4797 1132 4849 πᾶσιν
1182 4791 1514 4889 ἐφαρμόζειν
1569 4793 1682 4889 τοῖς

130 4883 459 4958 ψευδομένοις
507 4891 601 4943 τό·
654 4891 836 4943 Ὅταν
865 4886 1028 4958 ,λαλῇ
1065 4887 1130 4942 τὸ
1176 4885 1422 4956 ψεῦδος,
1458 4884 1526 4936 ἐκ
1565 4883 1684 4934 τῶν

1785 4786 1999 4856 fugiens
2039 4787 2160 4855 quis
2208 4801 2308 4841 ceu
2363 4787 2660 4841 absurdum
2711 4788 2896 4843 dicere
2953 4787 3344 4842 Antichristum

1787 4877 2127 4932 mendacium
2165 4892 2306 4944 esse,
2349 4879 2496 4934 dicet
2533 4877 2786 4934 omnibus
2839 4878 3002 4934 etiam
3048 4893 3348 4948 congruere

196 5049 283 5080 '°"
308 5049 462 5105 Joan.
489 5054 620 5120 Ινίιι,
663 5051 755 5110 44.
830 5052 876 5084 ’⁸⁸
913 5051 1042 5106 ibid.
1118 5050 1161 5080 ⁴⁷
1195 5049 1350 5104 Joan.
1389 5062 1501 5111 xw,
1544 5046 1599 5101 6.
1675 5045 1680 5072 ‘

1841 5041 1944 5100 ach.
1974 5057 2164 5109 xxvm,
2194 5041 2282 5097 19.

173 5206 513 5325 αυξρόϐοιιεχ
566 5211 908 5274 Bodleianus,
931 5211 1214 5282 φανερῶν·
1256 5210 1474 5282 Regius,
1535 5209 1678 5264 male

206 5292 259 5325 νε
325 5296 370 5325 ν.

134 5289 259 5339 φανε

137 5409 327 5478 Gl‘teca,
370 5409 576 5496 ett-ﬁo?)
630 5409 956 5496 τξατρὸςῖτοῦ
986 5409 1232 5477 διαϐόλου
1260 5409 1542 5496 ears-5,1190
1572 5434 1675 5496 est,

139 5498 167 5531 α
198 5494 335 5548 palrc
361 5490 565 5560 diabolo
588 5490 855 5559 estin-vel,
874 5513 905 5547 α
931 5506 1075 5560 patre
1094 5494 1289 5547 diaboli
1322 5494 1465 5546 estis.
1488 5491 1674 5547 Latina

143 5564 304 5633 autem
336 5559 530 5633 nullam
568 5564 764 5617 habent
785 5564 1216 5633 ambiguitatem.
1244 5562 1504 5618 Hns'rws-

1856 5205 1968 5288 (ξὲ)
1995 5206 2170 5288 «final.
2198 5206 2484 5288 Ferrarius
2524 5206 2735 5288 legebat
2763 5210 2946 5288 φήσει.
3002 5277 3035 5288 ἢ
3093 5277 3124 5288 η
3164 5278 3173 5288 ,

1853 5278 1966 5345 (⁸25)
2007 5277 2284 5339 Ἐναντίῳ
2310 5277 2589 5344 Χριστοῦ,
2612 5277 2674 5342 ᾧ.
2701 5281 2776 5331 Ita
2804 5277 2970 5333 cinlex
3001 5277 3341 5344 Bodleianus,

201 5277 729 5422 Ὗἱλμςοίὸὀλοςή
756 5354 926 5420 λέξις
952 5353 1104 5413 ἐστι,
1124 5363 1229 5406 etc.
1262 5351 1525 5420 Ambigua
1554 5362 1679 5406 sunt

201 5430 327 5470 teca.
370 5420 434 5470 ὲκ
485 5420 576 5470 τοῦ
630 5423 834 5470 πατρὸς
863 5424 956 5470 τοῦ
986 5424 1232 5470 διαϐόλου
1267 5421 1412 5470 ὲστέ.
1444 5424 1542 5470 hoc
1572 5434 1675 5470 est.

1853 5278 1966 5345 (⁸25)
2007 5277 2284 5339 Ἐναντίῳ
2310 5277 2589 5344 Χριστοῦ,
2612 5277 2674 5342 ᾧ.
2701 5281 2776 5331 Ita
2804 5277 2970 5333 cinlex
3001 5277 3336 5344 Bodleianus,

1841 5347 2104 5470 “(gicoéegit
2129 5347 2445 5413 Ferrarius;
2479 5349 2648 5402 codex
2676 5366 2803 5402 vero
2836 5347 3058 5418 Regius,
3092 5347 3336 5421 ἀντιχρί-

2001 5487 2178 5568 Codex
2213 5487 2431 5568 Reginus.
2467 5489 2865 5568 napapulir’last.
2973 5556 3013 5568 _
3091 5557 3102 5568 .

1854 5557 1968 5628 (25)
2021 5559 2141 5610 Οὐκ
2205 5558 2356 5612 εἶναι
2407 5556 2561 5616 τινα.
2621 5556 2679 5612 ⁷1η
2739 5556 2925 5613 codice
2973 5556 3142 5627 Regio
3188 5557 3342 5613 deest

207 5621 308 5703 (‘3')
329 5627 536 5702 οὕτως.
563 5634 721 5688 Deest
743 5635 797 5687 in
822 5621 1008 5688 codice
1030 5631 1220 5703 Regio,
1275 5634 1369 5690 sed
1398 5633 1591 5703 legitur
1617 5633 1669 5687 in

1844 5621 1902 5703 ές

144 5686 434 5750 Bodleiano.

412 5787 674 5854 PATROL.
721 5792 839 5854 Gn.
884 5792 1057 5855 XIV.

1852 5695 1964 5769 (26)
1997 5698 2080 5751 Οὐ
2106 5699 2359 5770 φεύγων.
2382 5699 2440 5757 In
2466 5700 2652 5758 eodem
2683 5701 2868 5758 codice
2891 5699 3058 5770 Regio
3083 5694 3332 5755 deestct’n

3024 5792 3104 5856 20
