3688 6146
375 248 484 305 M9

1804 240 2120 298 ORIGENIS
3487 237 3570 294 620

378 365 766 423 mentientibus
781 359 885 420 hoc
906 363 1112 420 dictum
1136 379 1149 417 :
1175 363 1308 420 Cum
1332 363 1567 436 loquitur
1587 365 1903 418 mendacium

2048 361 2204 414 ἰδίων
2251 359 2456 414 ,λαλεῖι
2509 357 2570 411 τὺ
2610 357 2717 430 γὰρ
2760 357 2818 410 ἐν
2864 356 3082 426 ἑκάστῳ
3113 355 3218 409 τῶν
3258 355 3569 425 ψευδομένων

377 477 442 514 ea;
472 459 695 528 prapriis
723 457 958 528 loquitur
971 459 1040 511 ιθ.
1067 458 1201 514 Cum
1230 457 1373 513 enim
1402 457 1768 520 mendacium,
1794 457 1936 516 quod

376 555 431 609 in
457 551 682 622 singulis
708 550 1095 606 mentientibus
1127 549 1285 617 inest,
1320 548 1578 618 loquitur,
1605 564 1672 603 ex
1701 547 1936 618 propriis

376 642 672 700 mendaciis
690 643 948 713 loquitur.
963 642 1101 709 Quin
1130 643 1290 698 etiam
1324 641 1372 696 si
1403 644 1517 697 haec
1545 640 1708 696 verba
1739 657 1753 693 :
1793 639 1935 694 Men-

375 736 484 790 dax
515 745 612 801 est,
637 745 688 790 et
714 745 864 805 pater
889 734 1001 804 ejus
1027 734 1092 799 ⁸ο,
1130 749 1196 789 eo
1233 733 1462 798 referas,
1491 741 1550 786 ut
1577 745 1938 801 unumquem-

374 846 480 901 que
509 830 875 902 proferentem
907 827 1250 882 mendacium
1278 841 1343 881 ex
1373 841 1470 881 suo
1498 826 1666 894 ipsius
1696 837 1812 890 ore,
1853 823 1934 877 ἀί-

374 939 468 977 cas
499 936 619 976 esse
646 929 854 990 patrem
881 918 996 986 ejus
1022 918 1285 972 mendacii
1338 917 1481 988 quod
1522 916 1782 986 loquitur,
1833 913 1934 968 bu-

374 1013 602 1079 insmodi
628 1025 758 1066 sane
787 1009 1078 1081 assignatio
1108 1009 1339 1064 absurda
1378 1023 1482 1064 non
1509 1009 1650 1063 erit.‘
1665 1008 1770 1062 Sed
1791 1007 1932 1061 dicta

377 1107 490 1159 haec
519 1102 683 1174 33h.
709 1110 868 1156 sunto
907 1100 1066 1155 veluti
1097 1099 1397 1170 adiacentia
1434 1097 1774 1169 amphibolia:
1801 1115 1933 1156 con-

372 1205 556 1250 textus
594 1195 750 1249 nobis
781 1191 1032 1260 expositi.

439 1285 528 1339 20.
558 1284 831 1356 [Sequitur
854 1285 986 1357 (26‘)
1007 1304 1019 1339 :
1043 1285 1108 1340 Et
1129 1287 1390 1342 desideria
1413 1291 1580 1357 patris
1600 1289 1759 1345 vestri
1777 1287 1931 1343 vultis

374 1375 545 1444 facere
573 1375 665 1447 “.]
692 1377 1018 1442 Enarrantes
1060 1377 1148 1430 illa
1181 1377 1386 1432 verba:
1421 1375 1520 1431 Vos
1565 1377 1740 1446 facitis
1777 1393 1934 1448 opera

370 1468 540 1534 patris
566 1468 726 1522 vestri
746 1468 814 1533 δ’,
843 1469 1228 1523 antevertimus
1250 1468 1410 1523 etiam
1435 1469 1490 1523 in
1520 1469 1619 1524 hos
1645 1469 1932 1538 disserere,

374 1559 684 1629 frequenter
729 1561 926 1630 alioqui
967 1561 1278 1632 colligentes
1317 1577 1436 1630 quae
1461 1561 1618 1617 nobis
1648 1562 1797 1618 utilia
1820 1563 1933 1619 visa

373 1650 588 1705 fuerant
629 1651 696 1706 ad
741 1651 1166 1718 enarrationem;
1196 1651 1422 1722 proinde
1447 1651 1562 1706 sine
1601 1668 1762 1709 causa
1787 1668 1934 1708 nunc

2041 452 2231 523 ψεῦδος
2261 452 2396 506 ἐπὰν
2425 451 2582 523 λαλῇ,
2621 452 2685 504 ἐκ
2713 450 2820 504 τῶν
2859 449 3004 502 ίδίων
3031 447 3126 502 τοῦ
3164 447 3390 517 ψεύδους
3427 448 3567 500 λαλεῖ.

2056 545 2212 599 Ἀλλὰ
2242 546 2336 599 καὶ⁸
2362 545 2453 597 τό·
2494 545 2772 611 Ψεύστης
2800 541 2971 594 ἐστὶν
3003 543 3036 594 ὁ
3075 539 3268 608 πατὴρ
3299 539 3491 600 αὑτοῦ,
3518 540 3568 591 ἂν

2042 639 2239 712 ἐνέγκῃ
2267 638 2376 709 (2'7)
2403 637 2495 690 ἐπὶ
2528 636 2588 688 τὸ
2618 635 2845 689 ἕκαστον
2868 634 2958 686 τὸν
2985 631 3390 703 προφερόμενον
3412 629 3570 698 ψεῦδος

2041 733 2105 784 ἐκ
2132 732 2394 801 στόματος
2435 727 2626 781 ἐαυτοῦ
2676 727 2887 797 πατέρα
2918 721 3057 778 εἶναι
3083 716 3143 776 οὗ
3173 722 3322 776 λαλεῖ
3357 721 3567 792 ψεύδους,

2041 827 2134 878 καὶ
2161 825 2262 878 οὐκ
2302 822 2561 886 ἀπίθανός
2596 837 2655 874 τε
2692 820 2845 872 ἔσται
2874 819 2908 888 ἠ
2932 816 3154 886 τοιαύτη
3186 815 3457 878 ἀπόδοσις.
3485 813 3571 866 Καὶ

2039 915 2210 970 ταῦτα
2248 914 2344 985 μὲν
2375 913 2458 976 ὡς-
2482 909 2861 984 παρακείμενα
2893 911 2962 979 τῇ
2985 906 3282 979 ἀμφιϐολίᾳ.
3301 903 3397 958 τοῦ
3423 907 3571 957 ἐκκει-

2043 1007 2202 1078 μένου
2226 1008 2358 1077 ἡμῖν
2389 1003 2550 1075 ῥητοῦ
2583 1002 2694 1073 (28)
2721 999 2977 1073 εἰρήσθω.

2105 1277 2196 1332 20.
2239 1276 2391 1331 Ἐπεὶ
2433 1275 2492 1330 δέ
2538 1273 2884 1346 διηγούμενοι
2913 1273 3005 1327 τό’
3059 1271 3240 1342 Ὑμεῖς
3286 1271 3495 1325 ποιεῖτε
3517 1273 3574 1325 τὰ

2036 1364 2178 1434 ἔργα
2209 1363 2316 1418 τοῦ
2346 1363 2566 1430 πατρὸς
2605 1361 2790 1432 ὑμῶν,
2826 1361 3184 1433 προλαϐόντες
3207 1360 3304 1415 καὶ
3332 1362 3411 1424 είς
3445 1360 3575 1414 τοῦτο

2037 1457 2354 1528 εἰρήκαμεν,
2402 1453 2726 1524 πολλαχόθεν
2780 1454 2849 1508 τὰ
2899 1453 3138 1522 φανέντα
3180 1455 3315 1523 ἡμῖν
3371 1455 3446 1515 εἰς
3493 1453 3573 1522 τὴν

2035 1549 2284 1620 διήγησιν
2328 1549 2573 1620 χρήσιμα
2616 1544 3032 1614 συναγαγόντες,
3077 1545 3175 1597 οὐκ
3227 1543 3460 1611 εὐλόγως
3498 1542 3572 1596 νῦν

2037 1642 2526 1714 προσδιατρίψομεν
2551 1640 2630 1712 τῷ
2652 1641 2820 1712 τόπῳ.
2850 1640 2995 1710 Πλὴν
3024 1639 3176 1702 εἴτις
3203 1638 3284 1709 τῷ
3313 1641 3478 1690 ποιεῖν
3496 1637 3574 1708 τὴν

372 1740 473 1794 hoc
506 1739 559 1794 in
591 1738 713 1795 loco
744 1755 851 1794 non
882 1739 1320 1798 immorabimur.
1359 1741 1513 1809 Quod
1541 1743 1586 1798 si
1621 1744 1743 1813 quis
1779 1753 1900 1799 ortu

2048 1735 2302 1807 ὶμαρτίαν
2330 1737 2395 1788 ἐκ
2420 1734 2513 1788 τοῦ
2542 1733 2783 1788 διαϐόλου
2809 1733 3147 1802 γεγέννηται,
3174 1733 3269 1784 καὶ
3297 1729 3371 1802 μὴ
3399 1731 3575 1800 κατήρ-

370 1832 536 1887 fuerit
565 1847 632 1887 ex
660 1832 902 1897 diabolo,
929 1847 994 1888 eo
1021 1833 1165 1902 quod
1193 1835 1506 1889 committat
1537 1844 1840 1904 peccatum,
1875 1846 1931 1892 et

366 1925 603 1978 hunc-ab
631 1923 722 1979 illo
761 1932 940 1979 ortum
975 1939 1082 1979 non
1113 1925 1432 1991 aboleverit,
1470 1927 1561 1982 hic
1591 1942 1698 1982 non
1741 1943 1926 1994 unum,

363 2015 456 2068 sed
484 2013 638 2083 plura
670 2015 938 2071 desideria
974 2014 1099 2069 talis
1119 2015 1292 2084 patris
1321 2017 1436 2070 vult
1456 2017 1671 2084 facere;
1697 2035 1928 2090 cumque

363 2103 630 2158 desideria
653 2119 771 2173 quae
797 2111 922 2159 sunt
954 2103 1006 2158 in
1028 2105 1280 2160 omnibus
1305 2105 1430 2162 ﬁliis
1459 2107 1674 2173 diaboli,
1702 2125 1930 2164 nascan-

363 2201 498 2247 tura
517 2195 800 2251 desideriis
827 2209 946 2265 quae
971 2204 1098 2250 sunt
1119 2195 1173 2249 in
1208 2195 1445 2262 diabolo,
1472 2200 1815 2269 perspicuum
1846 2210 1928 2258 est

361 2287 628 2342 desideria
676 2285 818 2341 illius
859 2300 980 2341 esse
1025 2285 1367 2356 prudentiam
1419 2289 1662 2344 materia:
1706 2301 1760 2346 et
1801 2307 1926 2348 cor-

363 2379 656 2448 ruptionis,
675 2393 810 2448 quas
840 2378 1060 2448 proprie
1088 2377 1335 2434 inimicas
1361 2379 1559 2435 dixerit
1589 2381 1782 2452 aliquis
1807 2397 1928 2440 esse

361 2471 620 2526 adversus
648 2469 838 2524 Deum.
868 2469 1046 2538 Atque
1073 2469 1246 2524 caedes
1269 2469 1508 2540 quidem,
1530 2481 1588 2526 et
1617 2473 1924 2543 injustitias,

359 2572 416 2617 et
445 2560 748 2624 avaritiam,
779 2561 824 2615 si
855 2559 978 2629 quis
1006 2560 1151 2615 dicat
1175 2560 1319 2616 illius
1338 2575 1459 2616 esse
1480 2561 1773 2630 desideria,
1806 2581 1927 2634 quae

357 2661 621 2725 generent
651 2652 917 2709 desideria
942 2653 1028 2708 his
1056 2653 1253 2709 similia
1288 2655 1343 2710 in
1368 2656 1494 2712 filiis
1521 2656 1660 2726 ejus,
1685 2673 1791 2714 non
1815 2661 1926 2716 dis-

355 2753 616 2800 sentanea
664 2743 937 2814 loquitur;
975 2754 1140 2812 atque
1185 2745 1348 2800 etiam
1383 2748 1711 2817 generaliter
1743 2751 1926 2809 dicere

356 2835 754 2901 immunditias,
787 2843 996 2891 natura:
1035 2835 1111 2889 illi
1143 2835 1449 2905 purissimae
1477 2840 1781 2896 contrarias
1823 2857 1922 2896 ex-

354 2927 636 2990 sistentes,
678 2939 804 2980 esse
836 2923 978 2980 illius
1023 2923 1311 2990 desideria,
1345 2939 1374 2978 a
1418 2927 1616 2995 quibus
1649 2929 1922 2986 desideria

356 3018 743 3090 ingenerentur
789 3016 988 3073 diaboli
1033 3016 1158 3073 filiis
1202 3017 1269 3072 ad
1320 3033 1406 3074 res
1448 3019 1772 3090 immundae,
1815 3039 1920 3078 non

354 3116 579 3180 gravate
609 3108 1002 3163 admittendum
1034 3117 1150 3172 est;
1182 3107 1367 3164 dicere
1401 3111 1566 3164 etiam
1594 3111 1920 3170 fornicatio-

355 3217 502 3269 nem,
530 3201 616 3257 vel
642 3201 986 3268 adulterium,
1019 3201 1102 3255 vel
1127 3216 1365 3259 amorem
1391 3204 1682 3261 obscenum
1708 3208 1764 3262 in
1795 3224 1922 3278 pue-

353 3309 468 3360 ros,
496 3293 581 3350 vel
603 3292 906 3357 mollitiem,
935 3308 1059 3350 esse
1079 3295 1220 3350 illius
1245 3296 1594 3365 desiderium,
1621 3298 1776 3354 facile
1798 3302 1920 3370 quis

354 3371 519 3441 etiam
551 3385 846 3440 admiserit.
872 3383 1024 3450 Quod
1050 3387 1095 3441 si
1118 3386 1328 3441 dubitet
1354 3387 1475 3455 quis
1498 3402 1730 3457 quonam
1764 3400 1921 3460 pacto

356 3481 474 3534 bare
521 3479 789 3534 desideria
832 3479 884 3532 in
937 3478 1248 3534 hominibus
1295 3481 1545 3536 oriantur
1573 3497 1604 3536 a
1636 3483 1920 3541 desideriis

354 3583 478 3639 quae
499 3578 628 3624 sunt
654 3569 705 3624 in
739 3568 850 3632 illo,
898 3577 1160 3633 quantum
1204 3571 1272 3622 ad
1315 3571 1479 3625 verba
1509 3571 1720 3637 attinet,
1753 3574 1944 3630 veluti'

353 3662 610 3734 quiddam
635 3660 936 3717 universale
956 3659 1216 3717 doceatur
1232 3661 1298 3716 de
1325 3661 1606 3716 desideriis
1635 3679 1755 3732 quae
1791 3675 1919 3720 sunt

351 3754 410 3811 in
440 3753 768 3823 hominibus,
795 3754 939 3825 quod
971 3753 1141 3810 velint
1160 3755 1409 3809 homines
1439 3753 1703 3809 desideria
1748 3757 1918 3826 patris

352 3849 439 3904 sui
464 3849 664 3916 facere,
681 3849 806 3918 quia
831 3850 1010 3904 omnia
1034 3861 1153 3917 quae
1176 3857 1373 3918 praeter
1395 3848 1567 3919 legem
1585 3849 1914 3919 desiderant,

352 3951 512 3996 antea
550 3939 749 3995 fuerint
777 3940 1101 3995 desiderium
1139 3940 1310 4009 patris
1338 3942 1422 3995 sui
1473 3939 1604 4012 (tale
1647 3941 1791 3996 enim
1833 3951 1920 3997 est

350 4035 494 4102 quod
521 4032 758 4086 dicitur:
788 4029 854 4084 Et
876 4032 1136 4086 desideria
1156 4033 1324 4102 patris
1341 4034 1496 4087 vestri
1519 4033 1672 4087 vultis
1696 4034 1914 4104 facere),

352 4125 418 4178 ad
451 4123 566 4178 haec
588 4123 874 4177 dicendum
912 4131 996 4176 est
1032 4123 1303 4178 diabolum
1355 4124 1669 4180 desiderare
1701 4134 1761 4179 ut
1795 4140 1918 4182 cor-

349 4219 656 4279 rumpatur,
687 4210 836 4264 verbi
885 4210 1078 4280 gratia,
1127 4211 1216 4268 hic
1259 4227 1412 4282 puer,
1455 4214 1546 4268 illa
1591 4213 1913 4271 adulterium

349 4302 672 4366 committat,
702 4301 756 4356 bi
787 4300 1166 4369 fornicentur;
1207 4312 1261 4356 et
1291 4304 1404 4359 haec
1432 4305 1790 4360 desiderando
1834 4306 1916 4360 in-

351 4485 528 4539 ciendi
574 4499 692 4553 qua:
721 4484 810 4538 ille
856 4485 1041 4553 cupiat
1083 4484 1260 4542 ellici:
1304 4494 1364 4540 ut
1395 4487 1496 4540 hac
1525 4489 1742 4544 ratione
1771 4489 1916 4545 dicat

350 4577 546 4646 aliquis
571 4576 844 4631 diabolum
873 4577 1308 4632 committentem
1351 4578 1793 4646 fornicationem,
1821 4590 1917 4636 aut

350 4669 695 4732 adulterium,
750 4669 904 4738 prius
960 4669 1220 4724 fornicari
1278 4678 1335 4725 et
1380 4671 1532 4741 prius
1585 4672 1912 4728 adulterium

350 4761 688 4815 committere
719 4777 881 4830 quam
907 4763 1203 4819 hominem.
1249 4760 1396 4816 Idem
1436 4763 1601 4816 etiam
1651 4763 1800 4819 dices
1847 4766 1915 4821 de

351 4853 495 4906 omni
523 4861 783 4920 peccato:
823 4853 969 4908 verbi
993 4853 1188 4923 gratia,
1224 4851 1467 4907 diabolus
1496 4863 1776 4922 argentum
1807 4870 1913 4909 non

351 4943 640 5005 desiderat,
673 4950 727 4993 at
750 4953 894 4995 amat
911 4943 1122 5012 argenti
1149 4943 1375 5014 cupidos
1401 4939 1598 5006 facere,
1625 4941 1914 5013 facereque

351 5035 598 5090 homines
654 5047 832 5087 rerum
879 5036 1242 5091 materialium
1285 5034 1571 5090 aﬂ'ectibus
1597 5037 1910 5092 obnoxios:

341 5145 344 5150 ’
458 5176 686 5232 "Joan.
725 5175 979 5246 “11,44.
1055 5178 1101 5210 ιο
1133 5178 1268 5235 ibid.
1342 5177 1386 5209 ιι
1408 5177 1542 5236 ibid.
1617 5178 1662 5209 δ’
1689 5179 1819 5234 ibid.
1849 5179 1940 5235 Μ.

427 5316 561 5393 (ἓθξ)
579 5315 818 5393 yn_cini§
832 5318 1036 5393 inclusa
1055 5319 1109 5374 in
1131 5319 1317 5378 Graeco
1341 5337 1450 5377 non
1471 5321 1739 5393 leguntur.
1762 5324 1912 5381 Enrr.

357 5387 751 5526 ἁνὲῗέζὶὲῗάεχ
785 5387 1123 5458 Bodleianus,
1155 5401 1319 5459 recte,
1349 5393 1414 5447 ἂν
1441 5387 1638 5466 ἐνέγκῃ
1655 5409 1669 5424 ·
1697 5394 1914 5466 Regius,

362 5593 375 5606 .
429 5526 540 5608 (2_8)
570 5527 750 5608 codex
774 5529 1140 5608 _Bodleianus,
1186 5533 1386 5604 optime
1405 5575 1418 5600 ,
1467 5533 1629 5606 ῥητοῦ
1651 5551 1665 5564 ·
1695 5534 1915 5608 Regius,

361 5595 584 5660 insulse,
621 5600 684 5650 ἐκ
710 5601 824 5657 τοῦ.

433 5664 544 5734 (29)
573 5665 751 5725 Codex
777 5671 1117 5743 Bodleianus,
1144 5673 1390 5742 φάσκειν·
1416 5673 1868 5747 Βοείιιεγφάσκῃ.

2030 1845 2164 1900 γησε
2200 1827 2297 1900 τὴν
2339 1829 2434 1882 ἀπ’
2477 1827 2685 1881 ἐκείνου
2734 1827 2946 1895 γένεσιν
2983 1825 3043 1890 ἐξ
3082 1821 3302 1888 ἐαυτοῦ,
3348 1817 3490 1884 οὗτος
3523 1822 3573 1875 οὐ

2031 1921 2183 1992 μίαν,
2215 1920 2352 1974 ἀλλά
2381 1920 2630 1984 πλείονας
2672 1919 2963 1989 ἐπιθυμίας
2997 1919 3092 1971 τοῦ
3124 1916 3373 1995 τοιούτου
3397 1915 3573 1987 πατρὸς

2029 2013 2201 2064 ποιεῖν
2225 2008 2418 2072 ἐθέλει,
2448 2009 2542 2062 καὶ
2579 2008 2689 2061 τῶν
2724 2010 2781 2061 ἐν
2810 2007 2972 2061 παντὶ
3004 2005 3104 2077 υἱῷ
3131 2004 3381 2059 διαϐόλου
3413 2003 3572 2057 ἐπιθυ-

2031 2100 2168 2172 μιῶν
2190 2100 2298 2154 ἀπὸ
2325 2099 2432 2154 τῶν
2458 2102 2514 2154 ἐν
2536 2099 2613 2171 τῷ
2639 2098 2863 2170 διαϐόλῳ
2885 2097 3188 2170 ἐπιθυμιῶν
3221 2098 3572 2168 γεννωμένων,

2030 2194 2219 2264 σαφὲς,
2250 2195 2333 2248 ὅτι
2379 2194 2438 2246 αἱ
2477 2193 2685 2246 ἐκείνου
2723 2193 3008 2264 ἐπιθυμίαι
3048 2191 3305 2265 φρόνημα
3335 2190 3458 2261 ῦλης
3483 2192 3571 2244 εἰσὶ

2027 2288 2119 2342 καὶ
2143 2287 2366 2359 φθορᾶς,
2396 2287 2462 2352 ἃς
2487 2285 2691 2358 κυρίως
2714 2285 2910 2356 ἔχθρας
2934 2287 3074 2338 εἴποι
3094 2302 3178 2348 τις
3200 2285 3267 2338 ἂν
3298 2280 3435 2339 εἷναι
3459 2284 3571 2354 πρὶς

2026 2379 2178 2432 Θεόν.
2210 2379 2404 2443 Φόνους
2450 2379 2546 2448 μὲν
2599 2374 2691 2432 οὖν
2731 2378 2826 2431 καὶ
2873 2376 3104 2442 ἀδικίας,
3144 2377 3239 2431 καὶ
3289 2375 3571 2441 πλεονεξίας

2027 2471 2253 2541 φάσκειν
2279 2470 2388 2541 (29)
2418 2466 2556 2524 εῖναι
2582 2469 2680 2533 τὰς
2713 2469 2920 2523 ἐκείνου
2964 2468 3279 2541 ἐπιθυμίας,
3327 2467 3572 2537 γεννὼσας

2026 2565 2084 2618 ἐν
2119 2564 2251 2626 υἱοῖς
2291 2561 2453 2615 αὐτοῦ
2493 2560 2878 2633 παραπλησίας
2902 2559 3126 2621 ταύταις
3155 2560 3466 2631 ἐπιθυμίας,
3490 2561 3572 2612 οἰκ

2025 2655 2376 2726 ἀπἐμφαίνει,
2403 2654 2536 2708 ἀλλά
2566 2655 2663 2708 καὶ
2697 2653 2929 2722 γενικῶς
2960 2652 3305 2723 ἀκαθαρσίας
3330 2656 3394 2724 τῇ
3436 2652 3571 2721 φύσει

2025 2747 2270 2812 ἐναντίας
2296 2747 2671 2817 τυγχανούσας
2697 2749 2762 2818 τῇ
2787 2745 3114 2817 καθαρότητι
3136 2746 3316 2816 λέγειν
3345 2743 3570 2810 εἴναιτὰς

2025 2838 2232 2891 ἐκείνου
2260 2838 2574 2910 ἐπιθυμίας,
2601 2839 2691 2908 ἀφ’
2720 2832 2793 2893 ὧν
2826 2842 2881 2892 αἱ
2907 2838 3042 2910 πρὸς
3070 2838 3138 2891 τὰ
3160 2837 3446 2910 ἀκάθαρτα
3472 2840 3570 2890 ἐπι-

2024 2930 2213 3002 θυμίαι
2247 2931 2484 3000 γίνονται
2525 2930 2734 2994 τέκνοις
2763 2929 2860 2984 τοῦ
2902 2931 3173 3000 διαϐόλου,
3223 2933 3283 2985 οὐ
3319 2931 3570 3004 δυσπαρὰ-

2024 3021 2211 3076 δεκτόν
2235 3022 2349 3074 ἐστι
2373 3021 2515 3074 τόδεο
2546 3022 2639 3074 καὶ
2671 3021 2923 3094 πορνείαν
2952 3022 3129 3092 λέγειν
3158 3019 3297 3076 εἷναι
3335 3024 3435 3095 τὴν
3456 3023 3570 3076 ἐκεί‹

2023 3130 2114 3168 νου
2144 3112 2458 3184 ἐπιθυμίαν,
2489 3115 2522 3185 ἢ
2561 3115 2828 3184 μοιχείαν,
2853 3114 2886 3186 ἢ
2929 3115 3339 3186 παιδοφθορίαν,
3367 3116 3400 3187 ἢ
3426 3114 3570 3186 μαλα-

2021 3205 2288 3275 κίαν(50),
2305 3206 2404 3259 οὐκ
2429 3207 2667 3277 εὐχερῶς
2691 3206 2755 3260 ἀν
2769 3225 2852 3271 τις
2873 3207 3241 3278 παραδέξοιτο.
3264 3208 3384 3264 Κᾶν
3414 3209 3567 3277 ἀπορῇ

2020 3296 2138 3360 πῶς
2169 3297 2226 3351 αἱ
2263 3297 2548 3369 ἐπιθυμίαι
2591 3294 2752 3352 αὗται
2795 3299 2853 3353 ἐν
2885 3299 3194 3372 ἀνθρώποις
3245 3300 3356 3353 ἀπὸ
3395 3298 3494 3352 τῶν
3520 3301 3567 3350 ὲν

2021 3385 2210 3456 ἐκείνῳ
2234 3384 2472 3453 γίνονται
2499 3386 2820 3458 ἐπιθυμιῶν,
2851 3388 2971 3441 ὅσον
2998 3391 3090 3442 ἐπὶ
3117 3394 3185 3462 τῇ
3223 3389 3388 3456 λέξει,
3427 3388 3568 3443 οἱονεὶ

2019 3477 2304 3530 καθολικοῦ
2319 3495 2462 3542 τινος
2482 3481 2886 3551 παρισταμένου
2907 3481 3013 3552 (bl)
3034 3483 3162 3552 περὶ
3181 3483 3289 3536 τῶν
3315 3484 3370 3536 ἐν
3387 3481 3568 3554 ἀνθρώ-

2020 3585 2140 3632 ποις
2170 3567 2490 3640 ἐπιθυμιῶν,
2537 3571 2612 3636 dx;
2654 3572 2762 3643 ἄρα
2806 3572 3048 3627 θέλουσιν
3093 3576 3143 3626 οἱ
3187 3573 3565 3646 ἄνθρωποιτὰς

2021 3659 2314 3731 ἐπιθυμίας
2347 3660 2439 3715 τοῦ
2479 3663 2684 3734 πατρὸς
2714 3665 2895 3720 αὐτῶν
2939 3669 3130 3731 ποιεῖν,
3163 3666 3307 3720 ὥστε
3341 3668 3502 3721 πάντα
3534 3665 3564 3720 ἃ

2017 3753 2340 3825 ἐπιθυμοῦσι
2361 3755 2711 3827 παρανόμως,
2736 3757 2996 3829 πρότερον
3027 3759 3322 3831 ἐπιθυμίας
3343 3757 3471 3814 εἶναι
3487 3757 3564 3812 τοῦ

2018 3843 2224 3914 πατρὸς
2253 3843 2460 3897 αὑτῶν·
2494 3845 2732 3900 τοιοῦτον
2769 3848 2875 3919 γάρ
2906 3849 3021 3902 ἐστι
3067 3850 3151 3902 τόο
3185 3851 3297 3905 Καὶ
3333 3851 3435 3918 τὰς
3457 3851 3563 3904 ἐπι-

2017 3935 2232 4003 θυμίας
2263 3934 2368 3988 τοῦ
2410 3935 2633 4005 πατρὸς
2659 3936 2825 4008 ὑμῶν
2865 3939 3066 3995 θέλετε
3104 3941 3300 3996 ποιεῖν
3319 3961 3338 3974 ’
3374 3943 3562 3996 λεκτέον

2015 4028 2072 4082 δὲ
2112 4028 2248 4100 πρὸς
2292 4028 2483 4095 ταῦτα,
2528 4031 2610 4084 ὅτι
2651 4033 2679 4085 ὁ
2725 4032 2969 4098 διάϐολος
3019 4034 3277 4106 ἐπιθυμεῖ
3319 4037 3560 4109 φθαρῆναι

2014 4118 2186 4185 τόνδε,
2224 4120 2356 4192 φέρε
2381 4123 2575 4187 εἰπεῖν,
2593 4122 2684 4177 τὸν
2706 4125 2891 4190 παῖδα,
2913 4126 3007 4179 καὶ
3030 4128 3384 4200 μοιχευθῆναι
3405 4128 3558 4199 τήνδε,

2015 4213 2110 4266 καὶ
2132 4213 2423 4285 πορνεῦσαι
2457 4214 2664 4284 τούσδε,
2699 4219 2796 4271 καὶ
2827 4219 3031 4274 τούτων
3066 4219 3354 4292 ἐπιθυμῶν
3374 4223 3560 4293 ἐμποιεῖ

2013 4307 2128 4369 τοῖς
2167 4305 2482 4378 δυναμένοις
2509 4307 2658 4380 αὐτῷ
2690 4310 3135 4383 ὑπηρετήσασθαι
3172 4313 3457 4386 ἐπιθυμίαν
3479 4311 3557 4366 τοῦ

265 4444 276 4449 -
350 4409 612 4462 generare
643 4394 728 4448 his
752 4394 843 4463 qui
877 4392 1058 4448 valent
1096 4394 1174 4448 illi
1205 4395 1452 4464 obsequi,
1479 4397 1803 4453 desiderium
1839 4398 1903 4454 [ει

2048 4396 2259 4466 ωιῆσαι,
2300 4397 2442 4469 ἅπερ
2475 4401 2679 4464 ἐκεῖνος
2720 4404 3008 4475 ἐνεργῆσαι
3053 4405 3332 4476 βούλει-αι’
3359 4408 3475 4462 ὥστ’
3502 4407 3556 4461 ἂν

2017 4490 2158 4543 κατὰ
2182 4490 2337 4543 τοῦτο
2365 4491 2452 4545 τὸν
2487 4493 2810 4564 ἐνεργοῦντα
2851 4497 2951 4568 τὴν
2983 4500 3257 4568 πορνείαν,
3285 4501 3318 4572 ἥ
3348 4502 3438 4574 τὴν
3461 4518 3556 4572 μοι-

2017 4582 2167 4652 χείαν
2196 4584 2459 4656 πρότερον
2501 4585 2676 4655 λέγειν
2715 4589 2810 4642 τοῦ
2845 4590 3130 4662 ἀνθρώπου
3170 4595 3446 4665 πορνεύειν
3478 4593 3554 4647 καὶ

2018 4674 2312 4743 μοιχεύειν.
2340 4675 2414 4729 Τὸ
2437 4677 2480 4730 δ’
2503 4678 2633 4731 αὐτὸ
2657 4681 2749 4734 καὶ
2772 4681 2896 4751 περὶ
2919 4683 3099 4755 πάσης
3122 4685 3394 4758 ἁμαρτίας
3413 4688 3550 4757 ἐρεῖς

2015 4761 2128 4819 οἷον
2169 4767 2411 4833 διάϐολος
2451 4772 2726 4843 ἀργυρίων
2757 4773 2853 4843 μὲν
2889 4775 2989 4827 οὐκ
3017 4776 3291 4848 ἐπιθυμεῖ,
3329 4776 3553 4847 ἐπιθυμεῖ

2017 4856 2075 4911 δέ
2100 4859 2460 4934 φιλαργύρους
2485 4865 2702 4934 ποιῆσαι
2720 4881 2734 4895 ο
2770 4866 2866 4918 καὶ
2887 4867 3222 4938 προσπαθεῖς
3245 4873 3356 4934 τοῖς
3380 4870 3549 4928 ὑλικοῖς

2020 4951 2336 5023 πράγμασιο
2381 4954 2580 5025 ταύτην
2621 4956 2676 5010 δέ
2722 4956 2821 5028 τὴν
2863 4959 3155 5031 ἐπιθυμίαν
3177 4961 3340 5016 αὐτοῦ
3369 4962 3548 5016 θέλουσι

2021 5046 2194 5097 ποιεῖν
2224 5046 2273 5099 οί
2297 5046 2396 5100 οὐκ
2435 5046 2609 5113 ἄλλως
2642 5047 2676 5118 ἢ
2714 5048 2792 5119 τῷ
2821 5049 2994 5105 θέλειν
3033 5051 3312 5122 φιλοῦντες
3330 5054 3388 5108 τὸ
3407 5051 3549 5126 ἀργύ-

2089 5317 2204 5386 (30)
2233 5319 2408 5392 codex
2438 5319 2782 5392 Bodleianus,
2823 5321 3110 5392 μαλακίαν·
3147 5323 3368 5392 Regius,
3403 5321 3545 5392 μαλαο

2017 5388 2391 5462 κότηταηΜοξι
2421 5405 2518 5462 pro
2545 5390 2646 5442 οὐκ
2693 5388 2931 5462 εὐχερῶς
2975 5388 3258 5462 legendum
3293 5396 3351 5449 οὐ
3383 5388 3544 5462 δυσχε-

2018 5457 2148 5528 ρῶς,
2176 5460 2258 5529 vel
2290 5457 2515 5514 delenda
2551 5457 3079 5529 particn'la'negativa
3105 5463 3228 5517 οὐκ.

2086 5528 2196 5604 (3])
2219 5530 2409 5604 οἱονεὶ
2431 5530 2756 5604 καθολικοῦ
2773 5602 2783 5604 Α
2801 5528 3436 5604 τινὸς-παρισταμένου,
3459 5529 3543 5604 pg-

2016 5598 2224 5670 rio'nius
2249 5599 2364 5654 htec
2397 5601 2558 5654 verba
2589 5601 2670 5658 sic
2693 5602 2888 5670 reddit,
2937 5600 3004 5656 Ut
3039 5598 3086 5657 si"
3132 5598 3415 5660 cattiolt'cus
3459 5598 3544 5653 ali-

2014 5670 2130 5736 quis
2157 5669 2365 5727 doceret
2393 5670 2479 5739 de,
2512 5679 2619 5728 etc.
