3688 6146
152 344 260 402 σει

1224 363 1579 422 COMMENT.
1617 368 1680 421 IN
1715 367 1904 427 JOAN‘.
1934 372 2169 430 TOMUS
2201 377 2318 433 XX.

3289 381 3394 436 σεε

151 481 295 537 ριον.
327 465 522 538 Διόπερ
544 467 838 536 ἀναγκαῖόν
868 475 1013 527 ἐστιν
1040 476 1346 544 ὲφιστάνειν
1385 481 1530 551 ἡμᾶς
1568 486 1659 536 πᾶς

1833 487 1973 551 quod
1999 487 2166 554 ipsius
2199 489 2522 544 desiderium
2551 490 2950 564 facere_volunt
2985 491 3039 546 bi
3081 491 3172 562 qui
3198 507 3402 563 argeno

146 551 234 619 οἷς
258 556 488 627 θέλομεν
524 563 717 621 ποιεῖν,
750 563 842 614 καὶ
869 563 1162 631 ἐξετάζειν,
1193 571 1402 640 μήποτε
1443 572 1471 624 ὃ
1509 572 1732 644 θέλομεν

148 652 330 701 ποιεῖν
363 651 424 702 ἐκ
466 650 574 702 τῶν
620 651 712 704 τοῦ
738 653 986 709 διαϐόλου
1016 658 1320 730 ἐπιθυμιῶν
1343 665 1519 716 ἐστιν’
1558 667 1643 719 ἵνα
1667 669 1730 720 ὲκ

143 740 242 793 τοῦ
269 742 669 813 τεθεωρηκέναι
708 744 775 797 τὰ
817 748 881 799 ἐκ
910 747 1017 799 τῶν
1042 750 1135 802 τοῦ
1155 751 1398 807 διαδόλου
1427 757 1730 828 ἐπιθυμιῶν

146 832 488 903 παυσώμεθα
528 834 701 888 θέλειν
743 842 915 892 ποιεῖν
945 843 1148 906 ἐκεῖνα,
1193 846 1392 910 εἰδότες
1432 849 1606 902 πάντα
1639 850 1728 904 τὸν

144 921 374 977 θέλοντα
401 929 574 979 ποιεῖν
601 927 700 1018 τὰς
721 929 814 982 τοῦ
846 931 1090 988 διαϐόλου
1117 938 1408 1010 ἐπιθυμίας
1431 945 1496 996 ἐκ
1521 948 1727 1018 πατρὸς

145 1018 247 1089 μὲν
293 1020 546 1091 οὐδαμῶς
589 1017 728 1075 εἶναι
769 1023 924 1089 Θεοῦ,
956 1027 1202 1082 διαϐόλου
1231 1031 1286 1085 δὲ
1324 1037 1601 1102 γεγονέναι
1642 1039 1729 1091 τέο

144 1129 293 1175 κνον,
327 1113 421 1166 καὶ
453 1115 561 1168 ἀπὸ
592 1115 686 1169 τοῦ
733 1116 906 1171 θέλειν
949 1125 1119 1175 ποιεῖν
1155 1124 1254 1187 τὰς
1296 1127 1586 1199 ἐπιθυμίας
1631 1133 1723 1185 τοῦ

143 1205 392 1277 χείρονος
432 1207 828 1279 μορφούμενον,
856 1213 950 1266 καὶ
977 1216 1094 1268 κατ’
1122 1217 1306 1273 εἰκόνα
1331 1223 1608 1292 γινόμενον
1631 1226 1723 1278 τοῦ

144 1298 389 1370 πονηροῦ
416 1303 644 1372 πατρὸς,
670 1303 764 1372 ἀφ’
791 1297 850 1357 οῦ
884 1304 1153 1376 ἔρχονται,
1179 1311 1272 1364 καὶ
1292 1315 1582 1370 τυποῦνται
1625 1319 1723 1388 μὲν

144 1389 354 1442 ἐκείνου
381 1389 493 1463 (52)
523 1391 616 1445 τοῦ
654 1393 839 1462 χοϊκοῦ
875 1397 1113 1462 εἰκόνες·
1155 1403 1367 1472 πρῶτος
1410 1405 1516 1478 γὰρ
1543 1411 1722 1478 χοῖκὸς

141 1479 349 1545 ἐκεῖνος
388 1483 470 1553 τῷ
515 1486 728 1555 πρῶτος
773 1489 1188 1556 ἀποπεπτωκὼς
1229 1496 1334 1549 τῶν
1377 1502 1716 1569 κρειττόνων,

141 1573 238 1665 και
277 1574 701 1665 ἐπιτεθυμηκὼς
744 1580 937 1653 ἐτέρας
969 1584 1118 1655 παρὰ
1148 1584 1240 1656 τὴν
1277 1589 1554 1660 κρείττονα
1579 1592 1721 1665 ζωῆς

143 1662 310 1755 ζωὴν,
357 1664 513 1729 ἄξιος
554 1668 834 1736 γεγονέναι
872 1671 964 1725 τοῦ
998 1673 1170 1746 ἀρχὴν
1215 1677 1376 1731 αὑτὸν
1419 1676 1556 1735 εἶναι
1587 1662 1717 1755 (55),

139 1753 261 1806 οὔτε
309 1755 643 1827 κτίσματος,
695 1760 820 1815 οὔτε
859 1767 1180 1836 ποιήματος,
1217 1769 1353 1824 ἀλλὰ
1404 1753 1718 1844 πλάσματος

139 1848 364 1920 Κυρίου,
393 1853 757 1922 πεποιημένον
783 1855 1275 1926 ὲγκαταπαίζεσθαι
1304 1864 1406 1918 ὑπὸ
1426 1867 1531 1919 τῶν
1551 1870 1714 1938 ἀγγέ-

139 1939 244 1993 λων
285 1942 478 1996 αὺτοῦ.
515 1944 626 1999 Καὶ
659 1949 692 2017 ἡ
704 1947 818 2018 μῶν
849 1949 906 2002 δὲ
944 1952 977 2021 ἡ
1009 1958 1390 2029 προηγουμένη
1423 1961 1713 2027 ὑπόστασις

141 2035 284 2086 ἐστιν
327 2037 388 2087 ὲν
419 2034 498 2106 τῷ
537 2038 656 2090 κατ’
690 2040 871 2095 εἰκόνα
911 2043 1004 2096 τοῦ
1045 2046 1356 2112 κτίσαντοςο
1388 2051 1500 2122 ἡδὲ
1530 2053 1591 2118 ἐξ
1623 2058 1709 2109 αἰ-

138 2125 256 2187 τίας
286 2129 344 2180 έν
374 2127 455 2198 τῷ
487 2129 744 2198 ληφθέντι
768 2133 874 2186 ἀπὸ
906 2135 998 2188 τοῦ
1025 2135 1119 2206 χοῦ
1142 2139 1242 2208 τῆς
1276 2141 1381 2211 γῆς
1405 2144 1704 2216 πλάσματι’

140 2216 231 2268 καὶ
258 2217 306 2268 εἰ
352 2217 475 2287 μὲν,
510 2216 700 2288 ὥσπερ
737 2222 1110 2291 ἐπιλαθόμενοι
1140 2228 1237 2296 τῆς
1265 2229 1322 2280 έν
1366 2233 1495 2301 ἡμῖν
1525 2235 1707 2303 κρείτε

138 2321 282 2369 τονος
317 2307 526 2372 οὐσίας,
570 2309 926 2384 ὑπατάξωμεν
970 2315 1192 2382 ἑαυτοὺς
1235 2319 1312 2390 τῷ
1343 2322 1448 2376 ἀπὸ
1487 2326 1579 2378 τοῦ
1610 2327 1704 2397 χοῦ

140 2396 436 2468 πλάσματι,
483 2403 574 2455 καὶ
613 2405 674 2457 τὸ
715 2409 960 2476 κρεῖττον
1007 2410 1107 2480 τὴν
1157 2412 1339 2466 εἰκόνα
1389 2415 1482 2469 τοῦ
1522 2396 1705 2487 χοϊκοῦ

138 2485 360 2557 λήψεται
378 2509 391 2520 ·
429 2495 477 2546 εἰ
507 2493 585 2557 δὲ,
608 2497 855 2560 συνέντες
883 2499 942 2551 τὸ
971 2500 1192 2573 ποιηθὲν
1227 2508 1344 2558 κατ’
1370 2485 1704 2581 εἰκόνα(54),

141 2581 229 2632 καὶ
251 2581 310 2634 τὸ
338 2582 544 2655 ληφθὲν
569 2588 677 2641 ἀπὸ
709 2589 802 2642 τοῦ
840 2591 936 2661 χοῦ
977 2593 1076 2664 τῆς
1115 2595 1238 2666 γῆς,
1267 2597 1376 2650 ὅλοι
1401 2601 1707 2671 προονεύω-

141 2689 236 2741 μεν
259 2675 393 2744 πρὸς
415 2677 605 2732 τοῦτον
628 2680 763 2752 (55),
789 2678 849 2738 οῦ
879 2689 1002 2737 κατ’
1029 2687 1212 2741 εἰκόνα
1235 2690 1557 2762 γεγόναμεν,
1588 2696 1706 2748 ἐσό-

147 2764 275 2856 μεθα
315 2767 414 2856 ,καὶ
455 2768 578 2821 καθ’
603 2771 858 2842 ὁμοίωσιν
883 2773 1039 2840 Θεοῦ,
1067 2780 1245 2831 πᾶσαν
1273 2780 1370 2850 τὴν
1401 2783 1535 2852 πρὸς
1574 2784 1705 2856 ὓλην

141 2853 228 2904 καὶ
263 2855 491 2925 σώματα
536 2862 932 2930 προσπάθειαν,
981 2867 1074 2920 καὶ
1119 2868 1216 2938 τὴν
1261 2869 1400 2940 πρός
1440 2888 1560 2925 τινα
1597 2873 1704 2927 τῶν

141 2945 254 2998 καθ’
293 2949 554 3017 ὁμοίωσιν
595 2953 1004 3023 ἀπολείῲαντες.
1063 2959 1214 3012 Ἐπεὶ
1260 2959 1316 3013 δὲ
1360 2963 1501 3016 κατὰ
1554 2964 1704 3030 θείας

140 3031 348 3105 Γραφὰς
367 3041 400 3109 ἡ
432 3041 692 3113 ἐπιθυμία
714 3044 822 3115 (56)
846 3046 954 3100 τῶν
983 3048 1163 3119 μέσων
1188 3052 1354 3114 ἐστὶν,
1383 3053 1480 3107 οὐκ
1501 3055 1700 3120 εἰδυίας

1835 583 1947 627 tum
1984 593 2086 630 non
2115 579 2272 633 aliter
2301 596 2458 648 quam
2482 581 2640 652 335
2665 582 2937 637 voluntate
2968 591 3170 637 amant.
3193 584 3410 651 Quanta

1828 665 2011 720 obrem
2061 670 2242 723 omnia
2284 687 2403 738 qua:
2444 673 2614 725 acturi
2645 687 2850 736 sumus,
2876 674 3222 743 inspiciamus
3240 691 3390 742 Opor-

1830 768 1904 812 tet
1937 770 1991 813 et
2024 763 2420 832 examinemus,
2453 781 2519 819 ne
2548 766 2686 819 forte
2713 768 2860 835 quod
2901 767 3081 823 facere
3119 769 3388 830 volumus.

1827 852 1896 904 sit
1921 867 1988 905 ex
2039 854 2320 909 desideriis
2356 858 2592 910 diaboli:
2622 867 2679 912 ut
2712 875 2831 910 cum
2867 859 3158 914 viderimus
3192 862 3390 916 diaboli

1828 947 2117 1010 desideria,
2149 949 2462 1002 desinamus
2491 951 2624 1006 \elle
2657 966 2718 1004 ea
2750 951 2948 1015 facere,
2995 951 3225 1006 scientes
3273 968 3388 1005 om-

1826 1052 1948 1091 nem
1981 1040 2071 1108 qni
2104 1041 2308 1094 diaboli
2355 1041 2623 1096 desideria
2681 1043 2862 1097 iacere
2896 1043 3145 1108 voluerit,
3181 1060 3248 1097 ex
3279 1047 3387 1098 Deo

1824 1131 1984 1186 Patre
2013 1135 2427 1204 haudquaquam
2459 1150 2577 1190 esse
2606 1151 2787 1206 posse,
2822 1137 2913 1191 sed
2970 1136 3171 1192 factum
3223 1139 3384 1193 fuisse

1825 1223 2023 1279 diaboli
2059 1225 2247 1290 ﬁlium,
2274 1236 2436 1296 atque
2456 1229 2619 1282 etiam
2653 1227 2941 1283 formatum
2973 1238 3029 1283 et
3074 1229 3274 1282 factum
3317 1230 3384 1284 ad

1824 1315 2110 1386 imaginem
2145 1317 2267 1370 mali
2297 1319 2486 1388 patris,
2510 1333 2576 1374 eo
2606 1319 2746 1387 quod
2778 1319 2906 1373 velit
2935 1320 3136 1388 pejoris
3172 1321 3386 1376 deside-

1823 1407 1902 1459 ria
1939 1405 2140 1470 facere,
2171 1422 2201 1461 a
2227 1423 2333 1476 quo
2368 1407 2785 1477 proﬁciscuntur
2823 1408 3234 1478 fnrmanturque
3271 1418 3380 1463 ter-

1824 1499 2015 1554 restris
2043 1499 2188 1555 illius
2218 1500 2481 1568 imagines
2513 1518 2526 1554 :
2558 1499 2766 1569 primus
2798 1502 2942 1569 enim
2981 1512 3232 1555 terrenus
3267 1501 3379 1565 ille,

1821 1603 1887 1642 eo
1913 1589 2052 1657 quod
2079 1590 2286 1660 primus
2315 1592 2567 1661 delapsus
2601 1591 2763 1646 fuerit
2786 1605 2816 1644 a
2855 1593 3015 1646 rebus
3041 1591 3379 1660 melioribus,

1820 1693 1871 1736 et
1901 1683 2288 1739 desideraverit
2319 1685 2546 1739 alteram
2574 1685 2742 1738 vitam
2787 1695 2985 1755 praeter
3029 1687 3192 1740 vitam
3243 1702 3381 1756 prte-

1821 1774 2160 1839 stantiorem,
2189 1775 2382 1843 dignus
2411 1773 2587 1830 factus
2616 1773 2717 1829 fuit
2737 1785 2795 1828 ut
2815 1785 2958 1830 esset
2989 1777 3313 1846 principium
3331 1779 3379 1810 ⁸³

1819 1882 1922 1920 non
1954 1875 2238 1933 creaturae,
2264 1881 2366 1920 non
2397 1867 2600 1935 operis,
2625 1867 2717 1920 sed
2741 1865 2979 1936 ﬁgmenti
3001 1864 3232 1931 Domini,
3263 1869 3376 1922 fac-

1813 1968 1900 2014 tns
1928 1966 1986 2012 ut
2009 1958 2323 2012 illuderetur
2355 1958 2423 2022 ab
2452 1958 2660 2029 angelis
2691 1959 2828 2028 ejus.
2863 1959 3055 2014 Nostra
3078 1974 3206 2014 vero
3231 1963 3377 2028 prin-

1809 2046 1996 2115 cipalis
2024 2047 2327 2102 substantia
2361 2048 2412 2100 in
2439 2063 2498 2100 ea
2530 2057 2682 2115 parte
2711 2057 2814 2114 est,
2841 2064 2961 2117 quae
3008 2051 3074 2103 ad
3120 2051 3372 2105 similitu-

1807 2140 1988 2196 dinem
2018 2152 2101 2196 est
2141 2141 2448 2204 Creatoris;
2477 2141 2642 2194 altera
2684 2156 2814 2196 vero
2867 2157 2932 2196 ex
2983 2143 3136 2212 culpa
3186 2143 3238 2195 in
3277 2145 3374 2211 ﬁg-

1809 2241 2014 2298 mento,
2047 2237 2190 2304 quod
2232 2250 2262 2288 e
2294 2234 2514 2303 pulvere
2550 2241 2709 2287 terrae
2737 2243 2819 2288 est
2851 2243 3145 2304 sumptum.
3197 2233 3374 2303 Atque

1809 2323 2056 2392 equidem
2088 2325 2131 2378 si
2163 2323 2315 2379 obliti
2345 2325 2508 2380 veluti
2542 2326 2858 2382 substantia:
2884 2326 3142 2389 melioris,
3170 2341 3290 2396 quae
3319 2329 3370 2379 in

1809 2417 1966 2470 nobis
1988 2425 2094 2480 est,
2119 2416 2166 2469 ei
2204 2417 2460 2487 ﬁgmento
2479 2419 2623 2487 quod
2658 2427 2741 2472 est
2765 2431 2795 2470 e
2822 2417 3062 2486 pulvere,
3111 2418 3370 2472 subdide-

1807 2509 1976 2561 rimns
2000 2523 2098 2562 nos
2132 2509 2298 2578 ipsos,
2339 2523 2467 2577 pars
2497 2510 2660 2562 etiam
2693 2509 3032 2578 praestantior
3078 2509 3368 2579 imaginem

1809 2600 2007 2652 terreni
2033 2610 2244 2664 sumet;
2275 2601 2356 2654 sin
2397 2615 2526 2656 vero
2569 2600 2934 2671 intelligentes
2976 2602 3115 2669 quod
3162 2601 3364 2657 factum

1804 2700 1887 2744 est
1915 2691 1982 2744 ad
2025 2692 2339 2758 imaginem,
2367 2691 2591 2761 etquod
2634 2699 2906 2758 sumptum
2955 2701 3099 2746 este
3142 2682 3369 2760 pnli'ere

1808 2781 2441 2848 terrze,inclinaverinms
2472 2785 2539 2837 ad
2591 2786 2731 2838 hunc
2775 2785 2840 2837 ad
2880 2783 3032 2850 cujus
3076 2785 3364 2852 imaginem

1807 2871 1933 2926 facti
1985 2887 2193 2939 snmns,
2244 2875 2446 2929 erimus
2478 2876 2638 2929 etiam
2668 2875 2733 2929 ad
2763 2875 3170 2930 similitudinem
3220 2879 3308 2930 Dei
3345 2897 3360 2942 ;

1803 2962 1950 3016 omni
2005 2963 2286 3019 affectione
2334 2979 2457 3034 erga
2515 2966 2795 3019 materiam
2845 2976 2898 3020 et
2947 2982 3072 3035 erga
3113 2983 3360 3038 corpora,

1807 3064 1966 3125 atque
1993 3056 2154 3109 etiam
2187 3070 2316 3126 erga
2341 3055 2572 3124 aliquem
2599 3072 2786 3111 eorum
2821 3058 2908 3126 qui
2951 3066 3072 3111 sunt
3101 3060 3164 3111 ad
3207 3061 3328 3113 simi
3349 3089 3362 3099 -

140 3123 230 3196 τὴν
254 3128 598 3230 ,Ἑλληνικὴν
636 3136 745 3188 τῶν
789 3139 1198 3210 σημαινομένων
1252 3143 1406 3216 παρὰ
1461 3148 1573 3210 τοῖς
1629 3165 1659 3199 τ

1814 3123 2111 3211 litudinem,
2139 3123 2360 3201 abolita.
2395 3123 2660 3214 Quoniam
2706 3123 2882 3203 autem
2933 3149 3192 3222 ἐπιθυμία
3237 3150 3364 3223 [hoc

139 3219 347 3275 τοιαῦτα
387 3223 738 3297 διαρθροῦσιν
797 3230 1100 3302 ἀκρίϐειαν,
1154 3234 1229 3299 ὣς
1271 3236 1319 3288 τ’
1367 3237 1432 3291 ἂν
1483 3238 1544 3292 τὸ
1604 3241 1699 3310 μὲν

143 3310 340 3366 ἀστεῖον
371 3314 625 3386 βούλησιν
651 3318 914 3390 ὀνομάσαι
939 3323 1072 3393 (57),
1099 3327 1164 3396 ἢν
1196 3327 1462 3398 ὁρίζονται
1484 3330 1698 3400 εὔλογον

139 3400 336 3494 ὄρεξιν·
364 3407 429 3460 τὸ
464 3408 522 3461 δὲ
559 3410 758 3478 φαῦλον
793 3414 1107 3486 ἐπιθυμίαν,
1131 3419 1198 3488 ἥν
1220 3438 1381 3488 φασιν
1405 3419 1519 3494 (58)
1559 3420 1697 3477 εἶναι

141 3493 316 3562 ἄλογον
340 3498 599 3574 δρεξιν,ἢ
638 3505 873 3576 σφοδρὰν
915 3506 1114 3578 δρεξιν,
1152 3509 1387 3577 λεκτέον,
1430 3493 1512 3566 ὅτι
1550 3517 1698 3569 πᾶσα

139 3590 354 3661 γεννητὴ
378 3591 541 3659 φύσις
568 3594 666 3659 τὰς
691 3597 984 3670 ἐπιθυμίας
1023 3600 1118 3654 τοῦ
1157 3603 1284 3656 ἰδίου
1321 3606 1527 3676 πατρὸς
1555 3607 1695 3660 θέλει

139 3685 295 3734 ποιεῖν
312 3701 326 3714 ο
358 3683 550 3758 ὥσπερ
587 3690 679 3742 καὶ
705 3693 852 3744 πᾶσα
875 3695 1018 3746 ποιεῖ
1037 3694 1107 3746 τὰ
1138 3694 1272 3766 ἔργα
1300 3696 1394 3750 τοῦ
1435 3699 1566 3752 ἰδίου
1592 3719 1696 3754 πα-

137 3772 272 3841 τρὸς,
302 3777 390 3830 τοῦ
432 3780 531 3848 μὲν
565 3781 795 3852 πρώτως
823 3783 931 3854 (59)
963 3785 1116 3854 ἁγίου
1158 3789 1371 3861 Πατρὺς
1399 3791 1692 3862 ἀγεννήτου

136 3867 502 3934 τυγχάνοντοςο
533 3866 686 3936 οὗτος
721 3874 777 3926 δέ
815 3876 959 3930 ἐστιν
991 3880 1019 3930 ὁ
1045 3878 1206 3943 Θεόςο
1241 3879 1335 3933 τοῦ
1379 3881 1433 3934 δὲ
1463 3881 1692 3954 πρώτως

139 3957 356 4044 πονηροῦ
391 3963 618 4033 πατρὸς,
653 3962 711 4028 ἐξ
747 3966 959 4031 οὐδενὸς
987 3968 1138 4033 ὄντος
1165 3973 1398 4043 πατρός·
1430 3973 1550 4026 οὐδὲ
1582 3974 1690 4044 γὰρ

139 4042 390 4116 ὕπέστησέ
433 4070 520 4116 τις
551 4056 609 4108 ὲν
653 4056 800 4127 αὐτῷ
847 4060 1028 4130 πατὴρ
1063 4061 1162 4131 τὴν
1201 4042 1483 4134 πονηρίαν,
1517 4064 1687 4135 ἀλλ’ἢ

138 4136 233 4190 ἀπὸ
259 4140 384 4195 Θεοῦ
411 4146 652 4218 ὲκτροπὴ
681 4150 1004 4221 γεγέννηκεν
1033 4153 1220 4224 αὐτήν.
1252 4155 1324 4207 Τὸ
1353 4157 1451 4226 μὲν
1474 4153 1568 4210 οὖν
1593 4158 1687 4212 νῦν

139 4227 498 4303 ἐξεταζόμενον
524 4238 664 4292 κατὰ
696 4239 757 4293 τό
775 4258 787 4271 ·
819 4242 928 4296 Καὶ
960 4245 1066 4310 τὰς
1091 4245 1406 4315 ἐπιθυμίας
1429 4248 1536 4302 τοῦ
1571 4267 1684 4303 πα-

137 4321 260 4413 τρρς
294 4328 460 4396 ὑμῶν
489 4331 691 4386 θέλετε
722 4334 934 4399 ποιεῖν,
983 4337 1188 4406 σαφῶς,
1224 4339 1305 4393 ὅτι
1353 4340 1683 4413 ἀναφέρεται

139 4411 257 4481 πρὸς
282 4417 367 4471 τὸν
393 4419 658 4486 διάὸολον,
687 4427 1080 4497 προειρημένου
1099 4428 1192 4482 τοῦ
1212 4446 1226 4460 ο
1261 4431 1456 4500 ’Υμεῖς
1480 4411 1548 4486 ἐκ
1575 4434 1682 4488 τοῦ

1801 3251 1884 3294 εει
1918 3236 2268 3310 desiderium]
2323 3238 2637 3295 indiﬂerens
2669 3251 2753 3296 est
2792 3243 2843 3295 in
2881 3242 3178 3312 Scripturis
3223 3244 3362 3297 divi-

1800 3334 1904 3397 nis,
1937 3347 2042 3386 non
2077 3333 2497 3401 agnoscentibus
2527 3341 2832 3387 accuratam
2861 3336 3243 3390 vocabulorum
3287 3337 3360 3390 si-

1800 3424 2198 3492 gniﬁcationem
2231 3442 2263 3481 a
2294 3429 2568 3497 gentibus,
2602 3429 2690 3496 qui
2717 3427 3001 3498 diligenter
3031 3428 3358 3492 disseruere,

1801 3516 2073 3582 traditam,
2125 3521 2218 3587 qui
2277 3520 2338 3573 τὸ
2381 3521 2592 3574 ἀστεῖον
2628 3519 2772 3592 [hoc
2825 3529 2936 3582 est,
3003 3521 3143 3589 quod
3203 3521 3360 3573 indu-

1797 3608 2008 3671 strium,
2048 3610 2457 3682 studiosumque
2487 3611 2591 3684 est]
2616 3613 2890 3666 nominent
2924 3611 3166 3682 βούλημα
3227 3611 3354 3684 [hoc

1796 3710 1878 3753 est
1907 3701 2284 3775 voluntatem],
2313 3719 2432 3758 eam
2457 3703 2780 3758 d'eﬁnientes
2808 3705 3104 3774 appetitum
3157 3707 3310 3760 ratio:
3336 3703 3351 3754 i

1793 3801 2252 3858 consentaneum;
2295 3795 2438 3863 quod
2500 3808 2632 3848 vero
2676 3794 2873 3848 malum
2937 3803 3040 3858 est,
3092 3794 3349 3863 ἐπιθυμία

1795 3882 1922 3952 [Ιιοε
1952 3895 2034 3937 εει
2056 3883 2432 3956 desiderium,]
2459 3886 2599 3953 quod
2626 3885 2816 3939 dicunt
2847 3899 2965 3940 esse
2994 3886 3300 3952 appetitum
3321 3902 3352 3937 a

1795 3975 2007 4029 ratione
2054 3974 2312 4037 alienum,
2345 3977 2429 4030 vel
2473 3976 2846 4030 vehementem
2891 3977 3221 4044 appetitum;
3273 3975 3354 4029 di-

1790 4067 2018 4120 cendum
2047 4077 2133 4120 est
2159 4082 2373 4121 omnem
2406 4078 2654 4121 naturam
2681 4067 2914 4138 genitam
2949 4066 3216 4121 desideria
3254 4081 3349 4133 pa-

1789 4160 1888 4212 tris
1925 4159 2006 4212 sui
2041 4158 2176 4213 velle
2219 4157 2437 4213 facere:
2489 4159 2940 4226 quemadmodum
2973 4159 3134 4212 etiam
3174 4159 3353 4212 omnis

1789 4263 1979 4306 natura
2027 4253 2154 4307 facit
2196 4266 2356 4321 opera
2394 4254 2562 4321 patris
2600 4253 2705 4316 sui,
2738 4253 2791 4305 in
2819 4251 3009 4320 primis
3039 4251 3254 4321 quidem
3284 4251 3348 4303 il-

1788 4343 2080 4401 liusPatris
2104 4345 2298 4408 sancti,
2335 4345 2916 4414 ingenitiexsistentis,
2939 4345 3028 4410 qui
3057 4355 3139 4399 est
3169 4345 3341 4410 Dens;

1788 4439 1934 4493 illius
1967 4453 2096 4493 vero
2132 4439 2183 4492 in
2220 4439 2411 4508 primis
2445 4437 2570 4491 mali
2603 4440 2793 4506 patris,
2822 4437 2985 4509 336
3011 4438 3100 4506 qui
3131 4451 3194 4490 ex
3228 4438 3345 4490 nul-

138 4505 338 4600 -ἶτίιτριΰς
366 4512 472 4564 τοῦ
499 4512 778 4570 διαϐόλου
808 4517 968 4582 ἐστὲ,
1004 4520 1097 4572 καὶ
1126 4521 1519 4593 ἐπιφερομένου
1549 4525 1641 4578 τοῦ

1814 4547 1835 4583 3
1873 4540 1955 4583 est
1991 4541 2165 4598 patre,
2199 4505 2398 4600 quippe
2444 4532 2498 4585 in
2553 4505 2658 4598 quo
2688 4505 2865 4584 nullus
2889 4505 3047 4600 pater
3077 4529 3344 4597 eﬂ'ecerit,

147 4591 385 4691 :Exsiroc
401 4603 890 4675 ἀνθρωποκτόνος
922 4606 1001 4679 ἦν
1032 4611 1132 4665 ἀπ’
1168 4591 1378 4682 ἀρχῆς,
1408 4616 1519 4668 Καὶ
1544 4617 1659 4688 πρὸς

1821 4630 1840 4676 ι
1891 4619 2211 4676 subsisteret
2235 4623 2496 4686 pravitas,
2532 4621 2626 4675 sed
2657 4621 2870 4674 aversio
2894 4636 2922 4673 a
2954 4620 3062 4675 Deo
3092 4624 3342 4691 genuerit

137 4683 341 4783 ἕκαστον
366 4696 476 4748 οὐδ’
509 4696 575 4750 ἂν
608 4700 666 4751 οὐ
698 4700 855 4770 μόνον
891 4701 999 4754 τῶν
1037 4705 1101 4757 ἐκ
1124 4705 1217 4759 τοῦ
1245 4706 1521 4772 διαδόλου,
1544 4683 1659 4764 ἀλλά

1814 4731 1921 4772 am.
1952 4715 2107 4782 Quod
2153 4714 2318 4783 igitur
2349 4731 2489 4768 nunc
2543 4715 2905 4767 examinatum
2947 4729 2975 4765 a
3023 4715 3178 4767 nobis
3233 4723 3338 4777 est,

137 4777 220 4874 καὶ
245 4782 347 4835 τῶν
372 4786 434 4839 ἐκ
459 4788 550 4841 τοῦ
577 4789 731 4854 Θεοῦ,
773 4793 939 4861 ὑγιῶς
968 4793 1179 4866 λεχθείη
1210 4797 1298 4850 τό’
1330 4797 1446 4864 Τὰς
1477 4800 1659 4855 ἐπιθυ·

1819 4777 2013 4874 etnpe':
2056 4805 2122 4859 Et
2163 4777 2423 4860 desideria
2460 4807 2629 4872 patris
2675 4805 2830 4858 vestri
2863 4804 3022 4858 vultis
3069 4806 3239 4874 facere
3267 4806 3336 4870 “,

132 4867 259 4936 μίας
298 4875 397 4929 τοῦ
442 4880 663 4948 πατρὸς
698 4883 864 4951 ὑμῶν
911 4887 1113 4939 θέλετε
1164 4887 1372 4944 ποιεῖν.
1416 4891 1659 4959 Λέγονται

1817 4897 2117 4966 erspicuum
2147 4906 2231 4952 est
2263 4897 2330 4950 ad
2359 4896 2627 4951 diabolum
2674 4897 2886 4960 referri,
2935 4911 3057 4951 cum
3088 4897 3337 4966 superius

228 5007 270 5041 ⁸⁸
297 5009 389 5068 Job
410 5033 498 5080 XL,
519 5019 606 5071 14.
681 5019 891 5076 “Joan.
921 5039 1039 5084 vm,
1069 5024 1158 5080 44.

199 5115 305 5203 (52).
324 5122 494 5203 podex
521 5127 742 5199 Regius,
770 5131 1062 5185 τυποῦνται
1082 5134 1130 5185 οἱ
1154 5134 1383 5199 ἐκείνου,
1411 5137 1661 5194 Bodleia-

138 5201 226 5237 nns
259 5200 310 5242 nt
336 5200 383 5244 in
410 5205 578 5252 textu.

326 5261 463 5319 Idem
505 5268 670 5323 codex
704 5270 924 5333 Regius,
961 5271 1123 5325 αὐτοῦ
1144 5269 1302 5327 εἶναι.

198 5327 423 5413 (54).Τοῦ
477 5340 683 5413 χοϊκοῦ
728 5327 1004 5413 λήψεται·
1032 5345 1083 5394 εἰ
1121 5342 1205 5406 δὲ,
1257 5345 1544 5413 συνέντες
1599 5349 1665 5401 τὸ

140 5399 358 5474 Izatth
383 5399 512 5460 mi"
534 5412 755 5464 εἰκόνα.
793 5399 918 5466 lites
955 5399 1329 5468 desiderantur
1375 5417 1425 5471 in
1457 5399 1664 5474 codici;

141 5461 408 5538 bIIs_Regio
440 5488 493 5530 et
515 5461 834 5536 Barberino;

326 5534 496 5623 {Zoile}:
525 5548 746 5623 Begins,
777 5534 1160 5623 προσνεύωμεν
1192 5555 1284 5607 ἐπὶ
1305 5557 1512 5611 τοῦτον.

323 5612 490 5692 (inde;
521 5605 746 5687 Regius,
779 5605 846 5692 ἦν
879 5605 1165 5692 ἐπιθυμία,

199 5677 296 5761 (⁵7)
325 5677 630 5761 Βούχίιμῖιφῖ
674 5677 984 5761 ὀνοῂάσαι,
1018 5677 1114 5757 ἧν,
1145 5677 1259 5747 etc.
1282 5677 1552 5751 fidaertius
1604 5699 1657 5750 in

141 5735 318 5826 actione
344 5754 404 5826 de
434 5735 624 5826 Stoicis
655 5735 878 5826 loqui-ns

137 5822 240 5864 ’τίαν
265 5823 412 5884 φασιν
436 5822 566 5882 εἶναι
592 5831 689 5900 τὴν
720 5822 988 5903 βούλησιν,
1021 5822 1182 5892 οὖσαν
1209 5822 1424 5904 εὔλογον
1448 5823 1650 5909 ’ὄρεξιψ

1767 5140 2054 5203 Cupiditati
2088 5149 2261 5192 autem
2290 5142 2610 5194 contrariam
2641 5158 2748 5196 esse
2777 5143 2956 5196 dicunt
2994 5144 3328 5209 uoluntatem,

1767 5227 1882 5281 qua!
1905 5211 2262 5281 estiappelitio
2286 5213 2479 5281 rationi
2509 5223 2877 5266 consentanea.
2912 5213 3168 5268 llus'rlus.

1839 5278 1950 5348 (58)
1994 5278 2336 5349 Ἐπιθυμίαν
2366 5279 2446 5346 ἢν
2472 5297 2681 5349 φασιν,
2715 5293 2817 5336 etc.
2868 5283 3056 5336 Cicero
3107 5281 3321 5337 Tuscul.

1770 5347 1868 5403 lib.
1902 5364 1958 5401 ιιι
1991 5367 2003 5401 :
2045 5347 2222 5400 Altera
2243 5347 2525 5421 cupiditas,
2572 5369 2687 5421 quw
2721 5364 2854 5404 recte
2892 5353 2966 5405 vel
3021 5353 3182 5405 libido
3221 5356 3327 5408 dici

1771 5431 1956 5487 pateat,
1985 5435 2099 5492 qua:
2125 5429 2201 5492 est
2234 5420 2588 5492 immoderata
2619 5423 2864 5492 appetitio
2913 5423 3112 5492 opinaI_i
3146 5427 3324 5491 magni

1774 5491 1913 5546 boni,
1948 5489 2136 5540 rationi
2165 5506 2264 5541 non
2293 5489 2944 5556 obtemperanﬂLaertius
2970 5493 3024 5542 in
3065 5489 3272 5546 Zenone
3303 5511 3325 5548 :

1782 5557 2152 5631 Ἐπιθυμίαδέ
2176 5559 2319 5611 ἐστιν
2334 5558 2529 5631 ,ἄλογος
2556 5559 2758 5631 ὄρεξις·
2820 5559 3096 5627 Cupiditas
3145 5573 3320 5618 autem

1767 5640 1837 5682 est
1880 5629 2122 5695 appetitio
2149 5630 2341 5681 rationi
2375 5645 2477 5682 non
2499 5629 2844 5684 consentiens.
2873 5632 2948 5684 ιυ.

1837 5696 1945 5766 (59)
1974 5696 2236 5765 Πρώτως.
2263 5698 2314 5751 In
2347 5699 2528 5752 codice
2563 5699 2728 5768 Regio
2762 5701 2845 5754 hic
2883 5711 2936 5753 et
2983 5700 3119 5753 infra
3187 5705 3322 5756 scri-

933 5779 946 5812 :
989 5763 1077 5852 Tfl
1121 5764 1176 5816 δὲ
1211 5766 1479 5855 ἐπιθυμίῆ
1505 5770 1656 5855 ἐνμν-

1816 5763 1995 5855 ιιιιιεει
2020 5763 2256 5839 πρῶτος,
2283 5769 2440 5823 male.
2467 5763 2670 5826 Ιῦὶιιθιιῖ
2680 5787 2778 5840 pro
2806 5772 3100 5844 ἁγεννήτου
3125 5772 3323 5844 legitur

1759 5855 2038 5910 αγενητου.
