3688 6146
382 199 482 257 6H

1847 206 2168 265 ORIGEMS

3543 223 3639 279 6H

383 326 602 395 quando
636 326 800 382 etiam
851 335 1007 396 pater
1038 329 1255 385 ‘ducens
1289 330 1431 386 hunc
1481 330 1547 385 ad
1595 346 1839 399 regenera

2180 349 2302 399 ται,
2340 336 2431 388 καὶ
2461 335 2784 408 χρηματίζει
2819 338 2931 409 (ll)
2957 338 3197 395 τοιούτου
3235 341 3450 412 πατήρ.
3488 342 3635 395 Ἔστι

382 433 528 485 nem,
561 418 714 486 quasi
760 431 913 488 pater
946 421 1113 491 ipsius
1154 423 1403 489 efﬁcitur,
1436 435 1490 480 et
1533 425 1763 480 habetur
1788 427 1956 496 ipsius

380 520 559 577 pater.
604 508 696 563 His
755 510 1051 583 adjungere
1095 528 1380 583 possumus
1407 529 1528 583 quae
1571 515 1624 568 in
1666 516 1956 586 Evangelio

379 603 672 656 secundum
699 602 1004 658 Mattlizeum
1028 607 1226 676 scripta
1250 615 1378 661 sunt
1399 607 1612 662 liuncin
1639 610 1852 663 modum
1875 610 1952 666 9’z

380 694 618 747 Audistis
634 696 833 747 dictum
854 710 965 749 esse
980 709 999 747 :
1022 696 1219 768 Diliges
1243 701 1540 767 proximum
1569 712 1736 766 tuum,
1759 711 1809 755 et
1832 702 1954 755 odio

380 786 592 839 habebis
619 787 890 839 inimicum
930 796 1099 844 tuum.
1140 791 1209 844 At
1255 806 1347 860 ego
1383 792 1503 846 dico
1529 793 1673 847 vobis
1700 808 1718 844 :
1742 792 1956 864 Diligite

377 879 618 932 inimicos
643 890 856 942 vestros,
875 887 923 931 et
949 889 1094 933 orate
1119 897 1214 949 pro
1240 882 1322 936 his
1336 883 1426 952 qui
1446 899 1532 937 vos
1552 897 1950 954 persequuntur,

379 982 433 1025 ut
464 971 579 1024 sitis
604 971 704 1039 ﬁlii
737 968 918 1023 Patris
947 971 1101 1024 vestri
1121 971 1210 1041 qui
1234 972 1289 1025 in
1317 973 1461 1027 caelis
1492 986 1587 1029 est.
1615 975 1827 1031 Adhibe
1865 994 1955 1031 au-

379 1071 485 1117 tem
514 1063 754 1116 animum
781 1062 847 1116 ad
883 1062 1013 1115 illud
1051 1082 1067 1118 :
1103 1062 1178 1119 Ut
1209 1066 1323 1121 sitis
1348 1068 1451 1138 ﬁlii
1479 1066 1839 1124 Patriam
1863 1072 1959 1140 qui

375 1155 433 1207 in
467 1154 610 1207 uelis
639 1163 735 1219 est,
771 1155 1064 1221 ostendens
1086 1156 1229 1224 quod
1255 1159 1350 1227 qui
1377 1168 1533 1213 antea
1566 1176 1668 1214 nou
1708 1161 1951 1217 estlilius

377 1245 520 1300 illius
533 1244 708 1301 Patris
729 1246 918 1314 quiest
943 1246 993 1299 in
1018 1247 1188 1313 caelis,
1213 1249 1405 1307 deinde
1435 1253 1578 1307 illius
1596 1251 1860 1308 eiliciatur
1882 1254 1949 1309 li-

376 1336 500 1394 lius.
515 1337 755 1407 Cumque
774 1338 1059 1407 diligenter
1073 1342 1446 1398 observaveris
1468 1344 1594 1398 illud
1614 1346 1789 1409 vestri,
1808 1345 1949 1416 quod

375 1427 592 1480 additur
618 1427 881 1483 vocabulo
920 1427 1102 1482 Patris
1135 1432 1239 1500 (sic
1271 1433 1416 1487 enim
1459 1434 1721 1504 scriptum
1756 1444 1859 1502 est,
1892 1444 1949 1490 ut

372 1519 487 1571 sitis
521 1518 622 1586 filii
650 1516 831 1573 Patris
862 1524 1062 1593 vestri),
1088 1538 1298 1593 quaeres
1341 1534 1525 1578 utrum
1552 1525 1851 1595 simplicius
1878 1526 1947 1580 il-

373 1610 466 1665 lud
499 1613 702 1667 dictum
735 1612 825 1677 sit,
861 1628 929 1668 an
973 1615 1324 1683 peccantibus
1369 1614 1769 1684 exemplaribus
1798 1617 1946 1673 addi-

373 1718 484 1758 tum
508 1706 579 1759 sit
607 1705 733 1760 illud
768 1709 945 1761 vestri.
971 1707 1117 1762 Nihil
1136 1709 1280 1763 enim
1312 1709 1714 1778 quzcsissemus,
1738 1710 1783 1764 si
1805 1710 1946 1765 scri-

369 1807 518 1870 ptum
555 1800 748 1855 fuisset
778 1822 790 1856 :
824 1798 893 1854 Ut
924 1802 1040 1856 sitis
1066 1801 1168 1871 ﬁlii
1195 1801 1376 1856 Patris
1414 1802 1563 1858 illius
1595 1804 1685 1874 qui
1715 1804 1774 1857 in
1802 1804 1943 1859 caelis

368 1901 447 1947 est
473 1908 493 1948 :
523 1903 578 1948 et
598 1894 896 1963 presertim
926 1895 1183 1962 quoniam
1205 1895 1459 1949 videntur
1481 1896 1595 1950 haec
1622 1910 1940 1966 repugnare,

368 1996 431 2040 ut
451 1986 651 2055 aliquis
681 1984 753 2039 sit
782 1983 926 2039 illius
958 1999 1065 2039 non
1105 1984 1432 2055 simpliciter
1476 1984 1655 2049 Patris
1680 1985 1822 2042 illius
1849 1989 1940 2057 qui

367 2088 455 2133 est
484 2078 535 2131 in
566 2077 741 2142 caelis,
764 2075 856 2131 sed
886 2077 966 2130 sui
995 2076 1164 2145 patris
1197 2094 1212 2130 :
1242 2091 1367 2130 nam
1389 2076 1435 2132 si
1463 2087 1547 2132 est
1575 2087 1729 2148 pater
1751 2077 1937 2148 ipsius,

370 2184 476 2223 non
500 2167 730 2223 eﬂicitur
789 2177 974 2239 postea
1022 2168 1163 2223 lilius
1230 2167 1399 2238 ipsius
1431 2186 1447 2236 ;
1481 2169 1566 2224 sin
1609 2184 1740 2226 vero
1773 2170 1940 2240 ipsius

366 2262 513 2317 ﬁlius
551 2261 802 2327 eiﬁcitur,
827 2274 931 2315 non
955 2270 1074 2314 erat
1097 2268 1257 2315 antea
1285 2260 1454 2331 ipsius
1478 2269 1653 2330 pater.
1695 2260 1828 2317 Illud
1860 2261 1938 2318 si-

364 2356 476 2409 mul
524 2355 859 2419 observabis,
882 2369 949 2410 eo
977 2354 1118 2423 quod
1157 2367 1226 2408 ex
1262 2354 1348 2409 his
1374 2354 1464 2423 qui
1495 2362 1789 2410 censentur
1812 2367 1937 2408 cre-

366 2447 516 2512 dere,
541 2447 760 2517 quidam
785 2449 931 2505 servi
967 2446 1102 2513 Dei,
1137 2460 1354 2501 rursum
1400 2443 1494 2500 alii
1543 2444 1796 2500 dicantur
1839 2444 1937 2499 lilii

365 2536 484 2604 Dei,
511 2553 581 2590 an
612 2537 753 2592 forte
785 2552 888 2592 non
912 2536 1290 2607 qualecunque
1317 2535 1652 2602 mandatum,
1672 2535 1767 2591 sed
1786 2550 1935 2605 quae-

362 2629 488 2684 dam
508 2644 607 2700 per
620 2629 994 2685 excellentiam
1021 2629 1283 2698 praeclare
1304 2638 1428 2684 acta
1451 2625 1657 2684 faciant
1674 2628 1932 2700 aliquem,

361 2722 457 2793 qui
486 2738 550 2777 ea
588 2722 804 2789 obierit,
835 2720 973 2776 eliici
1019 2719 1188 2775 ﬁlium
1239 2720 1356 2776 Dei.
1397 2720 1760 2788 Quamobrem
1808 2735 1933 2775 cum

361 2812 418 2868 in
457 2813 708 2868 Matthazo
730 2812 896 2867 multa
931 2813 1041 2867 sint
1067 2814 1231 2880 dicta,
1259 2812 1389 2867 illud
1413 2812 1642 2867 observa
1672 2825 1688 2864 :
1723 2810 1790 2866 Ut
1814 2812 1932 2866 sitis

360 2906 463 2976 ﬁlii
498 2905 678 2960 Patris
697 2905 875 2970 vestri,
909 2906 999 2975 qui
1026 2905 1083 2959 in
1110 2904 1251 2961 ctelis
1275 2913 1377 2969 est,
1415 2902 1558 2973 quod
1590 2903 1933 2974 subiungitur

2057 423 2114 475 δὲ
2144 425 2514 496 προσαχθῆναι
2538 430 2617 493 εἰς
2648 427 2821 483 ταῦτα
2852 430 2962 484 ἀπὸ
2980 431 3089 485 τῶν
3114 431 3284 497 οὕτως
3313 434 3376 487 ὲν
3408 430 3491 503 τῷ
3505 436 3636 489 κατά

2055 515 2333 570 Ματθαῖον
2364 518 2682 592 Εὐαγγελίῳ
2713 524 3131 595 γεγραμμένων·
3165 525 3494 579 Ἠκούσατε
3514 565 3530 589 ,
3552 526 3634 582 ότι

2055 604 2264 674 ἐρρέθη
2282 620 2295 634 '
2337 608 2696 678 Ἀγαπήσεις
2730 611 2838 666 τόν
2859 614 3128 681 πλησίον
3162 630 3300 682 σου,
3327 614 3433 668 καὶ
3469 618 3634 685 μισή-

2054 714 2185 764 σεις
2199 699 2306 753 τόν
2321 701 2536 769 ἐχθρόν
2553 718 2707 777 σουη
2719 703 2866 773 Ἐγὼ
2883 702 2952 757 δὲ
2969 704 3125 775 λέγω
3142 705 3283 775 ὑμῖν
3296 722 3310 737 ·
3345 707 3633 775 Ἀταπᾰτε

2054 791 2197 858 τοὺς
2233 793 2485 862 ἐχθροὺς
2521 794 2719 864 ὑμῶν,
2747 795 2848 849 καὶ
2883 797 3293 866 προσεύχεσθε
3334 798 3497 864 ὑπὲρ
3524 798 3635 850 τῶν

2053 881 2387 937 διωκόντων
2424 883 2597 954 ὑμᾶς,
2630 884 2791 951 ὅπως
2822 885 3080 955 γένησθε
3110 888 3227 941 υἱοὶ
3261 886 3373 941 τοῦ
3405 888 3632 955 Πατρός

2051 973 2219 1043 ὑμῶν
2260 975 2366 1028 τοῦ
2405 976 2477 1038 ἐν
2509 975 2804 1044 οὐρανοῖς.
2854 977 3098 1049 Πρόσχες
3142 978 3249 1050 γὰρ
3280 977 3397 1048 τῷ·
3439 979 3629 1043 Ὅπως

2051 1062 2313 1133 τένησθε
2348 1065 2467 1120 υἱοὶ
2500 1065 2608 1119 τοῦ
2635 1066 2866 1134 Πατρός
2895 1067 3063 1137 ὑμῶν
3098 1068 3206 1122 τοῦ
3230 1069 3303 1122 ἐν
3327 1068 3629 1136 οὐρανοῖς,

2051 1155 2387 1227 ἐμφαίνοντι,
2421 1160 2503 1212 ὅτι
2526 1161 2588 1212 οὐ
2616 1159 2878 1230 πρότερόν
2908 1177 2992 1223 τις
3021 1157 3095 1213 ὢν
3118 1159 3230 1224 υἱὸς
3256 1158 3351 1212 τοῦ
3384 1161 3446 1211 ὲν
3473 1159 3627 1230 οὖρα-

2050 1252 2162 1314 νοῖς
2184 1249 2394 1321 Πατρὸς
2422 1249 2627 1318 γίνεται
2657 1250 2819 1304 αὐτοῦ
2852 1250 2987 1315 υἱός.
3029 1250 3333 1322 Ἐπιμελῶς
3369 1250 3431 1304 δὲ
3459 1252 3623 1322 τηρή-

2050 1356 2150 1404 σας
2185 1341 2433 1413 καὶπερὶ
2479 1341 2572 1395 τοῦ
2622 1342 3018 1414 προσκειμένου
3061 1341 3174 1413 τῷ,
3224 1341 3332 1397 τοῦ
3373 1344 3622 1410 Πατρός,

2048 1431 2184 1505 ὅπερ
2210 1432 2380 1495 ἐστὶν,
2403 1431 2570 1502 ὑμῶν
2606 1433 2936 1505 (γέγραπται
2966 1434 3071 1508 γάρ
3092 1451 3105 1464 ·
3143 1435 3345 1501 Ὅπως
3368 1433 3622 1504 γένησθε

2047 1523 2165 1579 υἱοὶ
2190 1523 2298 1579 τοῦ
2323 1525 2553 1595 Πατρός
2574 1523 2786 1596 ὑμῶν)’
2806 1518 3062 1596 ζητήσεις
3083 1527 3305 1598 πότερον
3324 1527 3622 1581 ἁπλούστε-

2050 1635 2144 1690 ρον
2174 1619 2409 1690 ετρηται,
2438 1618 2472 1691 ἢ
2497 1616 2605 1672 τῶν
2647 1619 2995 1691 ἀντιγράφων
3022 1618 3432 1690 ἡμαρτημένων
3462 1618 3620 1689 πρόσ-

1976 1693 2021 1749 Β
2045 1727 2222 1765 κειται
2282 1711 2364 1775 τὸ,
2397 1709 2582 1781 ὑμῶν·
2617 1710 2771 1764 οὐδὲν
2800 1710 2911 1783 γὰρ
2940 1709 3284 1782 ἐζητήσαμεν
3303 1709 3396 1776 ἂν,
3433 1711 3483 1763 εἰ
3505 1709 3618 1779 ἐγέ-

2042 1818 2255 1873 γραπτο
2278 1820 2292 1835 ο
2337 1803 2527 1870 Ὅπως
2560 1801 2818 1872 γένησθε
2850 1802 2967 1857 υἱοὶ
2999 1802 3106 1856 τοῦ
3145 1803 3383 1871 Πατρός
3418 1801 3526 1856 τοῦ
3554 1802 3617 1855 ἐν

2041 1892 2351 1961 οὐρανοῖς·
2384 1894 2480 1946 καί
2511 1891 2744 1963 μάλιστα
2783 1893 2905 1947 ἐπεὶ
2935 1892 3080 1945 δοκεῖ
3122 1892 3300 1964 μάχην
3342 1891 3615 1963 περιέχειν

2038 1985 2100 2038 τὸ
2137 1985 2383 2055 γίνεσθαι
2406 1984 2520 2040 υἱόν
2545 2002 2665 2040 τινα
2694 1985 2793 2057 οὐχ
2819 1985 3005 2050 ἁπλῶς
3027 1985 3120 2039 τοῦ
3154 1988 3210 2040 ὲν
3235 1986 3493 2058 οὐρανοῖς
3512 1986 3616 2039 Ila.

2038 2077 2185 2149 τρδς,
2215 2076 2351 2132 ἀλλά
2371 2077 2464 2131 τοῦ
2493 2077 2624 2131 ἰδίου
2638 2077 2871 2150 Πατρός.
2889 2078 2953 2131 ΕΞ
2984 2078 3082 2148 μὲν
3105 2076 3214 2149 γὰρ
3239 2077 3413 2131 αὐτοῦ
3440 2079 3613 2150 πατήρ

2038 2169 2207 2231 ἐστιν,
2240 2169 2341 2239 οὐχ
2369 2167 2596 2241 ὕστερον
2623 2164 2832 2237 γίνεται
2862 2166 3026 2221 αὐτοῦ
3054 2167 3167 2233 υἱός
3191 2186 3205 2199 ο
3235 2169 3284 2221 εἰ
3316 2168 3380 2224 δὲ
3411 2169 3611 2239 γίνεται

2038 2257 2201 2312 αὑτοῦ
2225 2258 2364 2327 υἱὸς,
2393 2260 2492 2314 οὐκ
2512 2255 2579 2332 ἦν
2604 2257 2770 2313 αὑτοῦ
2798 2259 3000 2330 πατήρ.
3037 2259 3187 2331 ’Δμα
3217 2258 3282 2335 δὲ⁴
3298 2260 3610 2331 ἐπιστήσεις

2036 2349 2123 2404 διὰ
2153 2350 2216 2404 τό
2244 2367 2395 2415 τινας
2426 2350 2525 2422 μὲν
2553 2351 2661 2407 τῶν
2688 2353 3106 2409 πεπιστευκέναι
3134 2353 3511 2426 νομιζομένων
3531 2353 3609 2408 λέ-

2034 2439 2226 2508 γεσθαι
2251 2440 2467 2513 δούλους
2490 2439 2587 2496 τοῦ
2615 2441 2772 2510 Θεοῦ,
2799 2443 3015 2516 ἑτέρους
3043 2445 3102 2499 δὲ
3129 2446 3493 2519 χρηματίζειν
3514 2448 3605 2502 αὑ-

2033 2530 2127 2585 τοῦ
2155 2532 2335 2597 υἱοὺς,
2370 2533 2580 2604 μήποτε
2610 2532 2708 2604 οὐχ
2735 2535 2769 2606 ἡ
2805 2534 3041 2605 τυχοῦσα
3067 2535 3254 2609 ἐντολὴ
3278 2580 3293 2605 ,
3327 2538 3472 2594 ἀλλά
3488 2557 3605 2595 ,τινα

2034 2622 2154 2677 κατ’
2193 2620 2471 2695 ἐξαίρετον
2514 2622 2922 2696 κατορθούμενα
2958 2625 3170 2704 ποιοῦσι
3212 2629 3472 2697 γενέσθαι
3500 2632 3604 2684 υἱὸν

2032 2712 2168 2767 Θεοῦ
2213 2713 2305 2769 τὸν
2352 2713 2791 2787 κατορθώσαντα.
2837 2717 3054 2772 Πολλῶν
3099 2718 3230 2788 γοῦν
3274 2722 3334 2776 ὲν
3367 2721 3448 2793 τῷ
3472 2723 3603 2778 κατά

2030 2804 2303 2860 Ματθαῖον
2328 2806 2650 2879 εἰρημένων,
2674 2810 2981 2882 παρατήρει
2996 2811 3057 2865 τό
3078 2827 3092 2841 ·
3126 2812 3322 2879 Ὅπως
3351 2812 3601 2883 γένησθε

2029 2897 2148 2953 υἱοὶ
2180 2898 2288 2954 τοῦ
2318 2899 2541 2968 πατρός
2569 2899 2736 2970 ὑμῶν
2770 2902 2880 2957 τοῦ
2915 2903 2986 2958 ἐν
3026 2904 3321 2973 οὐρανοῖς,
3359 2905 3391 2958 ὃ
3417 2907 3597 2975 ἐπιφέ-

360 2996 472 3052 illis
504 2994 685 3051 verbis
718 3013 731 3049 :
769 2992 881 3064 Ego
927 3005 1100 3049 autem
1132 2995 1251 3049 dico
1290 2994 1432 3049 vobis
1458 3010 1478 3050 :
1509 2993 1725 3065 Diligite
1751 2995 1816 3049 in;

2143 3006 2185 3042 ιι
2218 2988 2336 3091 βξ)
2366 2989 2475 3091 τῖρ·
2518 2991 2666 3091 Ἐγὼ
2706 2990 2776 3045 δὲ
2801 2992 2964 3091 ,λέγω
2999 2994 3174 3091 ὑμῖν·
3228 2996 3599 3066 Ἀγαπήσατε

359 3104 448 3142 cos
474 3097 694 3152 vestros,
737 3095 786 3141 et
819 3097 967 3141 orate
995 3102 1088 3154 pro
1131 3087 1214 3141 his
1252 3086 1345 3158 qui
1388 3102 1477 3141 vos
1526 3093 1927 3157 persequuntur.

360 3178 549 3234 Elucet
576 3180 721 3234 enim
772 3176 1068 3232 similitudo
1096 3191 1225 3248 erga
1268 3175 1463 3243 Deum,
1500 3185 1665 3247 atque
1704 3176 1931 3234 imitatio

360 3271 533 3344 ipsius
561 3269 838 3342 diligentis
869 3267 1051 3328 omnia
1080 3268 1227 3324 entia
1248 3307 1264 3335 ,
1289 3275 1346 3324 et
1384 3268 1521 3325 nihil
1567 3268 1930 3326 abominantis

358 3378 546 3420 eorum
567 3379 688 3434 qua:
713 3362 859 3428 fecit,
880 3370 938 3417 et
977 3359 1229 3416 omnibus
1268 3359 1542 3430 parcentis
1569 3357 1929 3432 (quandoqui-

359 3457 482 3512 dem
520 3457 691 3529 ipsius
723 3453 939 3510 Domini
968 3452 1270 3509 auimarum
1296 3449 1529 3506 amantis
1553 3459 1680 3506 sunt
1701 3449 1926 3523 omnia),

359 3551 414 3606 in
443 3564 510 3605 eo
536 3550 629 3619 qui
664 3547 842 3619 diligit
875 3547 1126 3603 inimicos
1165 3559 1313 3611 suos,
1342 3554 1399 3599 et
1428 3552 1686 3613 precatur
1707 3557 1805 3612 pro
1842 3542 1926 3598 his

358 3640 453 3712 qui
481 3647 881 3711 persequuntur
911 3653 1060 3695 eum.
1078 3634 1275 3692 Verum
1300 3636 1572 3707 quomodo
1605 3634 1926 3690 convenien-

358 3742 440 3787 ter
493 3731 910 3802 subjungeretur
937 3729 1106 3786 illud:
1143 3726 1213 3783 Ut
1258 3729 1373 3783 sitis
1405 3727 1505 3797 ﬁlii
1549 3725 1712 3798 330
1745 3723 1922 3782 Patris

356 3825 511 3880 uestri
533 3824 625 3894 qui
654 3824 712 3878 in
748 3822 889 3877 caelis
911 3830 1016 3890 est,
1038 3820 1144 3876 illis
1175 3821 1355 3876 verbis
1393 3837 1408 3874 :
1450 3819 1659 3873 Dictum
1693 3829 1767 3874 est
1788 3836 1809 3876 :
1838 3817 1923 3874 Ne

353 3918 648 3973 committas
677 3915 998 3970 adulterium
1023 3928 1042 3966 :
1064 3924 1117 3968 at
1144 3930 1237 3985 ego
1257 3913 1376 3967 dico
1403 3910 1543 3967 vobis
1570 3930 1587 3964 :
1613 3910 1923 3981 Quicunque

2030 3079 2173 3146 τοὺς
2205 3080 2458 3150 ἐχθροὺς
2491 3080 2660 3151 ὑμῶν
2677 3121 2693 3145 ,
2716 3082 2818 3137 καὶ
2860 3081 3268 3154 προσεύχεσθε
3301 3087 3462 3156 ὑπὲρ
3490 3085 3599 3142 τῶν

2029 3171 2363 3227 διωκόντων
2386 3170 2559 3243 ὑμᾶς.
2596 3174 2707 3228 Καὶ
2733 3175 2839 3247 γὰρ
2870 3177 3189 3248 ἐμφαίνεται
3228 3180 3263 3250 ὴ
3297 3179 3441 3252 πρὸς
3475 3180 3597 3234 Θεὸν

2028 3263 2280 3334 ὁμοιότης
2324 3263 2420 3317 καὶ
2488 3263 2719 3337 μίμησις
2774 3266 2940 3320 αὐτοῦ
3005 3267 3325 3337 ἀγαπῶντος
3368 3270 3441 3325 τὰ
3477 3270 3596 3325 ὄντα

2027 3354 2226 3419 πάντα,
2246 3354 2341 3408 καὶ
2367 3354 2529 3426 μηδὲν
2556 3354 2980 3429 βδελυσσομένου
3000 3351 3075 3413 ὧν
3100 3360 3343 3433 ἐποίησε,
3368 3364 3465 3416 καὶ
3489 3379 3596 3432 φει-

2025 3445 2249 3519 δομένου
2273 3446 2487 3502 πάντων
2508 3445 2719 3519 (ὲπείπε
2727 3466 2759 3522 ρ
2780 3447 2942 3502 αὐτοῦ
2967 3449 3062 3503 τοῦ
3091 3451 3392 3522 φιλοψύχου
3412 3453 3594 3506 δεσπό-

2025 3554 2118 3591 του
2151 3538 2267 3591 ὲστὶ
2304 3537 2374 3593 τὰ
2406 3537 2645 3610 πάντα),
2676 3539 2734 3594 ὲν
2766 3538 2845 3612 τῷ
2884 3541 3165 3611 ἀγαπῶντι
3196 3543 3324 3607 τοὺς
3377 3543 3591 3617 ἐχθροὺς

2024 3628 2250 3694 ἑαυτοῦ,
2280 3630 2376 3683 καὶ
2414 3630 2834 3704 προσευχομένῳ
2869 3632 3008 3704 ὑπὲρ
3032 3631 3141 3686 τῶν
3170 3634 3477 3690 διωκόντων
3502 3636 3590 3687 αὐ-

2022 3722 2134 3776 τόν.
2167 3720 2293 3786 Πῶς
2311 3721 2355 3775 δ’
2384 3720 2449 3776 ἀν
2464 3722 2734 3794 ἁρμοστὸν
2750 3717 2835 3795 ἱῆν
2850 3723 3240 3795 ἐπιφερόμενον
3266 3725 3330 3778 τό
3349 3742 3365 3755 ·
3401 3727 3605 3791 Ὅπως

2023 3811 2280 3885 γένησθε
2305 3812 2420 3866 υιοὶ
2464 3811 2570 3865 τοῦ
2609 3810 2839 3877 Πατρός
2864 3811 3031 3882 ὑμῶν
3061 3814 3169 3868 τοῦ
3193 3813 3263 3867 ἐν
3292 3814 3583 3884 οὐρανοῖς,

2021 3905 2120 3976 τῷ·
2164 3904 2427 3974 Ἐρρέθη,
2461 3906 2542 3957 Οὐ
2572 3904 2947 3973 μοιχεύσεις·
2987 3903 3103 3975 ἐγὼ
3142 3904 3212 3958 δὲ
3245 3905 3402 3976 λέγω
3434 3906 3583 3976 ὑμῖν,

354 4009 616 4077 aspexerit
660 4007 931 4061 mulierem
983 4007 1053 4061 ad
1107 4003 1574 4074 concupiscendam
1620 4018 1757 4069 eam,
1801 4057 1810 4071 ε

2146 3994 2273 4061 Πᾶς
2304 3997 2336 4048 ό
2364 3993 2614 4059 βλέπων
2652 3993 2902 4062 γυναῖκα
2925 3994 3073 4063 πρὸς
3100 3996 3168 4050 τό
3203 3997 3582 4067 ἐπιθυμῆσαι,

354 4102 677 4154 adulterium
717 4100 974 4154 commisit
1004 4099 1061 4153 in
1107 4100 1263 4152 corde
1304 4111 1401 4149 suo
1432 4110 1550 4148 cum
1579 4109 1642 4147 ea
1657 4092 1727 4156 ”,
1757 4100 1810 4146 at

2128 4108 2136 4159 ι
2175 4090 2533 4159 ἐμοίχευσεν
2566 4089 2760 4155 αὐτὴν
2794 4086 2862 4140 ἐν
2897 4086 2972 4157 τῇ
3007 4089 3222 4157 καρδίᾳ
3259 4091 3469 4155 αὐτοῦ,
3498 4091 3584 4144 καὶ

354 4193 462 4249 illis
476 4193 539 4248 de
557 4190 860 4262 perditione
872 4190 1036 4245 unius
1050 4189 1511 4252 membrorum,ne
1530 4193 1703 4240 totum
1718 4198 1810 4239 cor

2126 4198 2129 4207 ι
2154 4179 2281 4252 περὶ
2309 4179 2406 4248 τῆς
2435 4174 2707 4239 ἀπωλείας
2731 4174 2846 4239 ἑνὸς
2867 4175 2972 4229 τῶν
3005 4177 3201 4247 μελῶν,
3229 4177 3370 4249 ὑπὲρ
3394 4175 3487 4231 τοῦ
3514 4176 3582 4247 μὴ

351 4290 679 4361 conjiciatur
705 4290 759 4343 in
788 4285 1132 4358 gehennam?
1155 4284 1297 4351 Quin
1331 4285 1496 4339 etiam
1526 4282 1573 4337 si
1601 4288 1725 4349 post
1750 4280 1805 4336 ill

2125 4288 2134 4320 l
2179 4273 2259 4334 εἰς
2305 4269 2526 4339 γέενναν
2562 4266 2818 4321 ἀπελθεῖν
2862 4268 2923 4321 τὸ
2967 4267 3162 4340 σῶμα;
3201 4269 3361 4323 Ἀλλά
3408 4269 3500 4324 καὶ
3537 4271 3581 4322 εἰ

352 4357 564 4440 Diclum
595 4390 670 4437 est
703 4357 933 4451 antiquis
970 4394 991 4434 :
1028 4376 1151 4433 Non
1202 4375 1488 4445 pejerabis,
1538 4374 1630 4429 sed
1659 4389 1808 4442 perso

2123 4362 2317 4433 φέρετο
2357 4359 2468 4431 (l5)
2511 4357 2622 4429 τῷ·
2672 4358 2906 4428 Ἐρρέθη
2952 4358 3076 4425 τοῖς
3112 4360 3382 4427 ἀρχαίοις
3405 4377 3419 4391 ·
3467 4362 3577 4413 Οὐκ

349 4447 889 4543 ΒοηιὶηοῙιιταηιεη-ια
914 4480 1009 4524 tua
1036 4477 1130 4534 ;at
1151 4482 1245 4538 ego
1271 4466 1389 4520 dico
1417 4466 1559 4520 vobis
1578 4481 1597 4519 :
1621 4463 1703 4520 Ne
1726 4464 1805 4533 iui

2122 4454 2417 4524 ορκήσεις,
2444 4447 2775 4517 ἀποδώσεις
2803 4449 2870 4503 δὲ
2895 4448 2975 4515 τῷ
2995 4450 3185 4517 Κυρίῳ
3203 4449 3343 4516 τοὺς
3372 4450 3578 4518 ὅρκους

350 4567 563 4620 omnino
583 4538 656 4629 δι,
682 4561 1098 4631 subiungeretur
1124 4573 1140 4610 :
1171 4553 1239 4610 Ut
1275 4554 1392 4609 sitis
1415 4552 1515 4622 ﬁlii
1554 4551 1736 4606 Patris
1766 4566 1806 4603 at

2120 4563 2164 4599 ι·
2322 4542 2390 4596 δὲ
2422 4542 2577 4612 λέγω
2599 4540 2764 4610 ὑμῖν,
2820 4540 2906 4613 μὴ
2926 4542 3143 4613 ὀμόσαι
3162 4538 3339 4607 ὅλως·
3366 4561 3386 4594 s
3427 4542 3576 4608 ὅπως

348 4656 439 4725 qui
463 4655 516 4708 in
543 4652 682 4706 caelis
704 4661 777 4706 est
802 4649 868 4718 ”,
888 4630 1123 4703 multum
1158 4642 1399 4715 profecto
1423 4637 1733 4696 oﬂ‘endiculi
1762 4652 1804 4690 e:

2119 4639 2273 4705 ησθε
2303 4635 2418 4690 υἱοὶ
2448 4634 2554 4688 τοῦ
2577 4633 2806 4700 Πατρός
2832 4630 2999 4700 ὑμῶν
3023 4631 3129 4686 τοῦ
3156 4631 3226 4685 ἐν
3252 4631 3377 4699 τοῖς
3410 4635 3575 4700 οὐρα-

348 4722 602 4812 iecisset;
629 4761 770 4802 nunc
806 4755 1009 4806 autem.
1045 4752 1104 4797 ut
1136 4740 1225 4796 ille
1264 4739 1424 4793 Pater
1448 4734 1687 4791 caelestis
1712 4747 1804 4788 exc

2117 4749 2166 4794 ς,
2179 4747 2198 4780 ›
2210 4727 2406 4797 πολλὴν
2416 4723 2482 4778 ἂν
2492 4722 2715 4779 αὐτόθεν
2730 4723 3012 4794 ἐνεποίησε
3038 4724 3375 4796 προσκοπήν·
3396 4726 3507 4779 νυνὶ
3520 4730 3573 4780 δε

348 4841 514 4897 solem
541 4839 673 4895 facit
716 4852 878 4907 super
923 4833 1101 4889 malos
1116 4842 1172 4886 et
1206 4832 1380 4887 bonos
1411 4828 1479 4893 ",
1510 4827 1591 4882 sic
1616 4841 1804 4895 unusql

2116 4834 2205 4888 τερ
2219 4817 2246 4869 ὁ
2260 4817 2318 4869 ὲν
2332 4816 2441 4877 τοῖς
2453 4815 2513 4866 οὐ
2523 4815 2700 4886 ρανοῖς
2720 4813 2909 4885 Πατὴρ
2927 4814 3201 4867 ἀνατέλλει
3217 4815 3308 4870 τὸν
3322 4815 3467 4888 ἦλιον
3488 4817 3572 4867 ἐπὶ

346 4943 453 4997 que
489 4927 719 4982 ﬁliorum
750 4903 845 4980 Dei
871 4923 1211 4979 dilectionem
1247 4920 1298 4973 in
1321 4918 1612 4986 semetipso
1638 4914 1802 4971 veluti

2113 4907 2283 4982 1190b;
2315 4905 2407 4959 καὶ
2430 4903 2687 4974 ἀγαθοὺς,
2725 4904 2899 4968 οὕτως
2922 4904 3149 4970 ἕκαστος
3174 4906 3281 4960 τῶν
3310 4907 3441 4962 υἱῶν
3469 4905 3569 4978 (ll)

350 5060 353 5065 ι
415 5048 464 5082 ν·
489 5047 675 5102 Matth.
706 5062 758 5112 v,
787 5044 975 5101 4545.
1050 5043 1096 5076 οι
1126 5039 1257 5097 ibid.
1297 5039 1486 5095 ai-ae.
1558 5035 1806 5092 ’δίωάά

1249 5080 1257 5093 .
1297 5039 1486 5095 2739.
1558 5036 1605 5068 ³⁸
1630 5036 1762 5092 ibid.
1792 5035 1887 5101 35,
1914 5032 2003 5088 54.
2078 5032 2123 5064 θ’
2160 5031 2292 5085 ibid.
2322 5029 2414 5084 45.
2488 5026 2538 5060 ⁸⁸
2577 5026 2705 5082 ibid.

418 5191 665 5262 (ll)Kal
688 5184 1043 5262 χρηματίζει.
1089 5185 1180 5239 Sic
1232 5186 1402 5262 codex
1463 5174 1829 5246 Bodleianus;
1855 5180 1911 5235 in
2021 5178 2452 5262 persolveshetc.
2479 5171 3022 5262 {fatiges-hquis?
3054 5174 3239 5262 {iarba-
3268 5168 3569 5262 similitudif

346 5241 533 5320 codice
553 5241 752 5314 ⁷ᾆᾷᾱεῖἱῖ
773 5241 971 5328 litigio
988 5259 1136 5311 deest
1163 5252 1280 5308 καί.
2020 5241 2144 5301 item
2178 5245 2458 5299 continent
2488 5243 2664 5328 Patris
2692 5254 2749 5296 et
2778 5243 3034 5306 ﬁliorum,
3063 5243 3154 5296 Dei
3190 5250 3244 5296 et
3268 5241 3566 5328 hominum;

557 5309 1113 5400 lludl’eiauus,
1142 5325 1171 5379 ὃ
1205 5322 1555 5393 ἐπιφέρεται·
1613 5321 1667 5375 in
1718 5318 1910 5376 codice
2016 5329 2158 5398 adea
2187 5331 2251 5369 ex
2289 5311 2679 5400 parteisiiniles
2703 5328 2961 5400 essenon
3000 5309 3569 5400 pos-sunt,_quiaq-Deu§

350 5383 766 5470 ιιέέίὸιιόεέιδ.
1102 5383 1112 5390 ⁷
1315 5383 1327 5393 ’
1376 5383 1389 5393 ’
1478 5460 1518 5470 __
2011 5386 2401 5470 pejeraﬂreuon
2448 5392 2658 5470 potest,
2713 5383 2958 5438 homines
3017 5392 3197 5437 autem
3245 5390 3483 5450 possunt,
3519 5389 3569 5430 et

415 5451 527 5542 illi)
549 5451 864 5542 vitiliqu
895 5469 947 5520 sl
976 5464 1313 5542 ἐπεφέρετο,
1339 5471 1442 5542 etc.
1473 5460 1589 5542 lloc
1647 5471 1748 5542 est,
1801 5475 1871 5542 no

2050 5451 2410 5542 ιέρθΙξιιιςὶψιι.
2430 5451 2703 5542 1ξὶιιιιξτιυε.
3051 5521 3069 5542 ἱ
3167 5521 3213 5542 υ
3329 5519 3368 5542 n
3410 5518 3456 5542 Δ.
3495 5517 3506 5530 ⁸

344 5518 992 5610 paalii:{ﬁiili'siliiioﬁs
1016 5518 1332 5610 oﬂ'veu'disset
1360 5532 1628 5610 Christus,
1664 5532 1709 5586 si
1735 5518 1909 5610 'verlia
2088 5518 2199 5598 (14)
2225 5526 2403 5610 Colles
2430 5522 2651 5610 Regius,
2685 5536 2998 5610 perperam,
3016 5521 3288 5610 τρνῗυξὸξῃί
3300 5518 3567 5610 “litigii-git

348 5586 1088 5674 ἷὶῖςίἒ’ῐιῖἓῖίξξῇῑίῖῬὶιὶι-ἶῖ
1101 5586 1273 5658 ὦιῆ
1310 5586 1487 5674 quiin
1514 5586 1651 5674 cwlis
1677 5611 1775 5674 est,
1806 5599 1912 5674 illis
2015 5586 2117 5652 nus
2147 5586 2274 5674 vero
2299 5604 2357 5647 ut
2380 5595 2430 5647 in
2466 5586 2651 5648 nostro
2685 5586 2857 5658 lexin,
2877 5603 2932 5648 et
2958 5595 3035 5649 sic
3057 5593 3185 5662 legit
3219 5589 3494 5646 Ferrarius
3516 5586 3567 5640 in

347 5679 714 5742 subiunxissct
732 5668 973 5733 {Dictum
1001 5687 1075 5732 est
1094 5668 1353 5739 antiquis:
1377 5670 1498 5728 Non
1515 5671 1792 5743 pejcrabis,
1823 5672 1910 5726 sed
2015 5684 2116 5726 suo
2141 5668 2344 5723 codice.
