3688 6146
121 290 233 343 613

120 408 219 462 τοῦ
254 464 267 476 ,
281 408 419 463 Θεοῦ
439 450 456 475 ,

118 500 285 569 ἔχων,
342 499 549 572 ταύτην
606 499 888 555 ἀνατέλλει
942 505 1036 557 καί⁵
1073 502 1168 557 ἐπὶ
1211 507 1501 576 πονηροὺς,
1554 502 1698 558 ἐπάν

118 591 386 661 ἀγαπήσῃ
429 592 556 656 τοὺς
611 591 804 645 ἑαυτοῦ
858 592 1104 665 ἐχθρούς.
1154 595 1264 647 Καὶ
1306 596 1465 648 πάλιν
1509 593 1695 665 ὥσπερ

121 680 310 752 βρέχει
337 676 433 734 ἐπὶ
459 681 699 746 δικαίους
725 684 816 737 καί
852 679 1088 749 ἀδίκους,
1136 684 1308 748 οὕτως
1346 686 1509 738 οἱονεὶ
1545 685 1696 739 ὑετόν

117 789 243 824 τινα
287 772 386 843 τὴν
436 772 738 845 προσευχὴν
781 777 810 828 6
845 775 998 843 ἆγιος
1042 776 1390 846 καταπέμπει
1441 776 1532 829 ἐπὶ
1572 776 1697 840 τοὺς

118 866 275 918 κάτω
303 882 402 918 που
431 867 795 935 τυγχάνοντας
818 906 833 930 ,
874 867 963 921 διὰ
1004 868 1064 921 τὸ
1110 866 1328 921 διώκειν
1369 868 1563 933 αὑτὸν,
1602 869 1696 922 καὶ

117 956 255 1028 περὶ
294 956 400 1010 τῶν
423 958 679 1013 τοιούτων
704 959 1150 1030 προσευχόμενος.
1187 960 1369 1013 Ταῦτα
1402 960 1499 1030 μὲν
1524 963 1601 1023 εἰς
1634 960 1696 1013 τὸ

120 1047 398 1101 ὑποπεσὸν
422 1051 551 1121 ἡμῖν
581 1050 947 1122 τρανωθῆναι,
974 1052 1037 1105 τό
1070 1059 1085 1075 ⁸
1123 1054 1194 1106 El
1233 1055 1266 1107 ό
1316 1053 1459 1118 Θεὸς
1500 1051 1694 1119 πατὴρ

117 1138 309 1208 ὑμῶν,
329 1140 598 1209 ἠγαπᾶτε
618 1141 693 1195 ἂν
715 1141 837 1209 ἐμέ.

198 1229 282 1283 16.
326 1230 552 1301 Ἰδωμεν
572 1232 627 1285 δὲ
674 1233 853 1297 καὶ,τό
873 1249 887 1265 ’
929 1231 1075 1303 Ἐγὼ
1099 1232 1167 1287 ἐκ
1194 1232 1302 1287 τοῦ
1333 1232 1480 1288 Θεοῦ
1516 1235 1696 1303 ἐξῆλ-

121 1323 251 1386 θον,
285 1321 386 1375 καὶ
412 1322 565 1390 {pater
600 1325 680 1387 είς
711 1324 738 1377 6
762 1326 1027 1396 χρήσιμόν
1058 1341 1147 1397 μοι
1173 1326 1419 1395 φαίνεται
1453 1325 1692 1397 παραθέ-

123 1412 249 1467 σθαι
274 1413 337 1467 rb
365 1416 430 1468 ἐκ
469 1416 701 1486 Μιχαίου
742 1416 914 1482 οὕτως
944 1417 1066 1489 ἕχον
1088 1435 1101 1449 ·
1145 1420 1467 1473 Ἀκούσατε
1485 1461 1500 1485 ,
1533 1420 1692 1484 λαοὶ,

117 1507 374 1575 λόγους,
404 1507 504 1561 καί
532 1508 871 1577 προσεχέτω
901 1510 939 1577 ἠ
984 1509 1062 1578 γῆ
1085 1550 1100 1574 ,
1143 1510 1241 1563 καὶ
1273 1509 1493 1577 πάντες
1533 1513 1588 1564 οἱ
1625 1510 1695 1564 ἐν

120 1597 309 1667 αὐτῇ,
345 1598 441 1651 καὶ
484 1596 653 1653 ἔσται
683 1601 894 1669 Κύριος
924 1601 994 1654 ἐν
1031 1601 1176 1671 ὑμῖν
1215 1605 1302 1669 εὶς
1344 1604 1688 1671 μαρτύριον,

122 1691 338 1758 Κύριος
366 1689 643 1757 ἐξοῖκου
675 1690 1051 1763 ἁγίοψαύτώ
1075 1706 1091 1724 ’
1135 1691 1285 1747 διότι
1317 1693 1445 1747 ἰδοὺ
1481 1695 1695 1762 Κύριος

1186 292 1540 349 COMMENT.
1578 292 1644 347 IN
1676 289 1872 350 JOAN.
1910 290 2147 349 TOMUS
2186 291 2304 351 XX.

537 411 701 465 οίονεὶ
760 410 911 465 ἥλιον
965 413 1025 465 ὲν
1086 413 1261 485 ἑαυτῷ
1327 414 1425 486 τὴν
1481 414 1693 482 ἀγάπην

1847 428 1907 466 2m
1936 413 2161 479 habens,
2192 414 2333 471 banc
2361 412 2561 468 exoriri
2604 412 2735 468 facit
2780 413 2943 468 etiam
2987 429 3149 485 super
3173 416 3367 482 malos,

3262 304 3370 357 6M

1802 519 1924 558 cum
1944 520 2070 558 suos
2098 504 2264 573 ipsius
2286 504 2535 559 dilexerit
2558 505 2829 559 inimicos.
2845 506 2922 559 Ac
2944 521 3157 561 rursum
3181 522 3363 576 quem-

1802 601 2091 654 admodum
2129 601 2261 669 pluit
2298 603 2435 655 Deus
2469 617 2629 670 super
2657 601 2832 671 justus
2864 613 2916 657 et
2943 602 3172 670 injusms
3193 602 3263 664 "’,
3295 605 3366 657 ita

1804 705 2039 757 sanctus,
2067 694 2225 747 veluti
2251 694 2482 762 pluviam
2518 697 2801 762 quamdam
2835 697 3068 750 demittit
3105 698 3365 765 precatio-

1803 799 1924 836 nem
1958 798 2120 852 Stlpt'r
2152 800 2244 837 eos
2274 800 2362 852 qui
2407 792 2653 837 tit'Ol‘Slilll
2684 793 2900 854 degunt,
2936 802 3000 839 en
3041 789 3180 855 quod
3219 787 3366 839 illum

1801 878 2282 944 persequebantur,
2318 893 2412 945 pro
2452 877 2646 929 talibus
2687 878 2848 931 etiam
2881 894 3060 930 orans.
3096 878 3216 931 Hzec
3243 877 3366 946 qui-

1801 964 1921 1019 dem
1955 966 2003 1018 in
2049 965 2196 1027 illud,
2228 967 2368 1034 quod
2415 967 2541 1018 mihi
2579 968 2971 1047 ertplnnamlum
3017 967 3205 1021 incidit
3238 970 3261 1021 i2
3305 964 3364 1021 St

1805 1054 1942 1109 Deus
1978 1069 2128 1125 pater
2151 1068 2315 1110 uester
2351 1066 2506 1124 esset,
2556 1057 2846 1127 diligeretis
2878 1059 3056 1127 utique
3085 1074 3162 1110 me
3187 1057 3254 1112 ".

1871 1233 1957 1287 £6.
1989 1231 2278 1289 Videamus
2306 1250 2430 1289 vero
2460 1245 2511 1289 et
2550 1235 2674 1289 illud
2707 1252 2720 1288 :
2760 1235 2869 1305 Ego
2899 1253 2963 1291 ea:
2999 1236 3106 1292 Deo
3136 1240 3289 1304 exivi,
3315 1250 3365 1295 et

1799 1329 1945 1381 venio
1976 1326 2042 1389 ⁸⁸,
2076 1343 2196 1381 eum
2228 1342 2336 1397 quo
2362 1328 2607 1383 conferre
2641 1328 2768 1381 illud
2800 1327 3033 1383 Micbaea:
3063 1329 3190 1384 utile
3213 1333 3363 1386 vide-

1780 1427 1891 1472 tur
1913 1419 1991 1471 sic
2020 1417 2226 1472 habens
2254 1435 2267 1470 :
2297 1418 2508 1481 Audite,
2550 1418 2747 1487 populi,
2790 1435 3070 1481 sermones,
3099 1429 3150 1474 et
3191 1429 3376 1477 (παθη--

1799 1511 1887 1563 dat
1924 1517 2085 1571 terra,
2121 1519 2169 1563 et
2213 1526 2387 1563 omnes
2422 1511 2512 1581 qui
2538 1511 2593 1563 in
2620 1526 2681 1564 ea
2721 1520 2864 1575 sunt,
2897 1521 2946 1564 et
2980 1514 3075 1565 erit
3109 1511 3364 1568 Dominus

1754 1590 1759 1595 ’
1801 1604 1945 1656 testis
1984 1613 2166 1656 contra
2188 1619 2298 1666 vos,
2340 1602 2617 1668 Dominus,
2651 1603 2888 1674 inquam,
2914 1604 2980 1657 de
2999 1604 3152 1657 domo
3181 1614 3363 1660 sancto

1798 1709 1918 1746 sua.
1939 1694 2073 1748 Ecce
2100 1696 2367 1765 egreditur
2396 1693 2652 1749 Dominus
2689 1696 2752 1749 de
2776 1695 2889 1751 loco
2909 1712 3025 1761 suo,
3057 1704 3107 1750 et
3150 1698 3362 1751 descen-

119 1782 504 1851 ἐκπορεύεται
526 1784 595 1837 ἐκ
620 1784 725 1838 τοῦ
749 1786 936 1839 τόπου
964 1785 1201 1848 ἑαυτοῦ,
1235 1786 1333 1837 καὶ
1364 1784 1693 1851 καταϐήσε-

1847 1797 1977 1853 ει,·ει
2007 1788 2228 1842 calcabit
2266 1804 2422 1857 super
2455 1787 2660 1843 excelsa
2696 1799 2871 1852 teme,
2896 1798 2941 1842 et
2976 1788 3364 1842 common-abun:

120 1890 235 1937 ται,
263 1875 364 1929 καί
389 1875 731 1940 ἐπιϐήσεται
755 1875 855 1930 ἐπὶ
884 1882 958 1932 τὰ
992 1877 1119 1947 ὕψη
1151 1876 1262 1946 τῆς
1287 1876 1418 1948 γῆς,
1444 1878 1542 1932 καὶ
1580 1894 1691 1932 σα-

119 1964 483 2032 λευθήσεται
504 1966 577 2021 τὰ
601 1967 706 2036 ὄρη
734 1967 1115 2023 ὑποκάτωθεν
1140 1968 1347 2033 αὐτοῦ,
1364 1970 1462 2023 καὶ
1491 1972 1552 2024 αἱ
1575 1986 1694 2024 κοι-

117 2053 304 2122 λάδες
334 2056 694 2124 τακήσονται
729 2058 811 2125 ὠς
837 2057 1020 2127 κηρὸς
1056 2059 1174 2113 ἀπὸ
1213 2058 1535 2127 προσώπου
1578 2076 1691 2115 πυ-

116 2147 246 2215 ρὸς,
287 2149 387 2201 καὶ
427 2149 507 2215 ὡς
532 2148 686 2218 ὕδωρ
715 2151 1198 2219 καταφερόμενον
1232 2151 1303 2204 ἐν
1333 2151 1689 2205 καταϐάσει·

120 2239 217 2292 καὶ
269 2240 373 2311 δρα
426 2240 632 2310 μήποτε
691 2241 1000 2312 ίσοδυναμεῖ
1048 2242 1136 2295 τό’
1194 2242 1491 2312 Ἐξῆλθον
1536 2249 1695 2313 παρὰ

119 2331 228 2385 τοῦ
258 2331 427 2397 Θεοῦ,
456 2332 534 2402 τῷ
557 2349 570 2362 ·
600 2335 816 2402 Κύριος
856 2334 1233 2403 ἐκπορεύεται
1267 2336 1335 2389 ἐκ
1372 2334 1479 2389 τοῦ
1508 2338 1692 2391 τόπου

120 2423 310 2478 αὒτοῦ
330 2440 347 2457 ·
370 2423 494 2477 ἐπεὶ
516 2424 605 2478 ὅτε
630 2426 660 2479 6
688 2425 813 2488 Υἱὸς
839 2427 897 2480 ὲν
921 2425 998 2498 τῷ
1025 2427 1198 2498 Πατρί
1226 2426 1393 2491 ἐστιν,
1424 2428 1482 2480 ὲν
1512 2429 1691 2497 μορφῇ

120 2515 259 2570 Θεοῦ
287 2516 546 2588 ὑπάρχων
565 2556 581 2583 ,
623 2519 751 2589 πρὶν
784 2519 972 2572 ἑαυτὸν
1018 2519 1285 2584 κενῶσαι,
1320 2519 1483 2573 οἱονεὶ
1531 2519 1693 2583 τόπος

123 2607 290 2663 αὐτοῦ
320 2611 466 2664 ἐστιν
494 2612 523 2664 6
541 2609 702 2675 Θεός·
731 2611 823 2664 καὶ
848 2610 901 2664 εί
917 2610 1002 2675 τίς
1030 2627 1095 2678 γε
1128 2612 1316 2681 νοήσαι
1349 2611 1440 2664 τὸν
1472 2610 1579 2683 πρὸ
1600 2608 1692 2663 τοῦ

121 2700 356 2753 κενῶσαι
388 2700 578 2754 ἑαυτὸν
614 2702 672 2757 ὲν
704 2703 769 2773 τῇ
800 2699 1182 2773 προηγουμένη
1223 2701 1532 2771 ὑπάρχοντα
1557 2700 1692 2754 Θεοῦ

125 2793 331 2863 μορφῇ,
348 2792 536 2863 ὄψεται
565 2794 657 2847 τὸν
681 2794 904 2865 μηδέπω
928 2790 1281 2864 ἐξεληλυθότα
1303 2793 1406 2846 ὑπὸ
1430 2792 1527 2846 τοῦ
1557 2791 1691 2847 Θεοῦ

121 2881 253 2935 Υίδν
283 2884 448 2937 αὑτοῦ
469 2924 485 2949 ,
513 2886 606 2939 καὶ
645 2886 849 2958 Κύριον
881 2884 971 2939 τὸν
1012 2885 1235 2957 μηδέπω
1268 2884 1694 2955 ἐκπορευόμενον

121 2971 189 3026 lx
211 2971 306 3026 τοῦ
332 2974 497 3028 τόπου
536 2976 730 3031 ἑαυτοῦ
754 2995 768 3008 ο
803 2976 940 3031 ἐπὰν
975 2976 1032 3029 δὲ
1062 2976 1243 3050 ἐκείνῃ
1274 2978 1339 3048 τῇ
1368 2976 1692 3030 καταστάσει

119 3065 218 3120 τοῦ
258 3067 389 3121 Υίοῦ
423 3069 688 3143 συγκρίνῃ
720 3070 819 3142 τὴν
861 3070 927 3122 ὲκ
966 3068 1060 3122 τοῦ
1099 3067 1445 3139 ἀνειληφέναι
1474 3066 1570 3138 τὴν
1598 3066 1692 3121 τοῦ

1796 1883 1882 1927 tur
1908 1885 2105 1931 montes
2139 1877 2233 1930 sub
2259 1876 2372 1941 illo,
2415 1887 2460 1930 et
2493 1877 2651 1929 valles
2690 1875 2967 1945 liquescent
2998 1878 3134 1930 sicut
3179 1892 3300 1931 cera
3328 1894 3361 1929 α

1794 1968 1929 2037 [acie
1948 1968 2104 2035 ignis,
2135 1978 2182 2022 et
2210 1968 2346 2021 sicut
2374 1985 2509 2037 aqua
2531 1982 2648 2035 quo:
2678 1968 2989 2021 descendens
3014 1984 3107 2035 per
3130 1983 3360 2036 prwceps

1792 2058 2026 2125 defertur
2065 2059 2130 2124 ¹;
2175 2066 2229 2113 et
2280 2060 2398 2113 vide
2449 2073 2515 2113 an
2579 2057 2722 2112 forte
2767 2058 3108 2129 aaquipolleat
3156 2060 3288 2115 illud
3337 2073 3359 2115 :

1796 2146 1948 2202 Exivi
1980 2165 2012 2201 a
2063 2146 2190 2211 Deo,
2218 2164 2337 2203 cum
2384 2148 2475 2203 illo
2504 2165 2519 2202 :
2552 2148 2805 2203 Dominus
2842 2152 3106 2219 egreditur
3145 2149 3212 2205 de
3247 2150 3361 2204 loco

1792 2255 1908 2303 suo,
1940 2241 2192 2310 quoniam
2221 2240 2436 2310 quando
2458 2239 2625 2295 Filius
2667 2241 2718 2295 in
2766 2238 2929 2297 Patre
2966 2249 3072 2306 est,
3109 2242 3160 2297 in
3190 2240 3363 2297 forma

1796 2330 1887 2386 Dei
1942 2331 2211 2387 exsistens
2239 2371 2254 2396 ,
2288 2339 2575 2402 antequam
2634 2332 2867 2400 scipsum
2927 2331 3162 2399 inaniat,
3197 2331 3364 2390 veluti

1794 2422 1945 2478 locus
1973 2423 2141 2492 ipsius
2175 2432 2257 2478 est
2300 2424 2479 2489 Deus;
2510 2433 2566 2477 et
2596 2425 2639 2479 si
2682 2425 2803 2493 quis
2855 2424 3158 2479 consideret
3185 2424 3362 2494 ipsum

1793 2516 2141 2571 exsistentem
2195 2514 2249 2568 iu
2307 2514 2591 2591 principali
2632 2514 2722 2569 illa
2776 2516 2865 2571 Dei
2904 2513 3106 2579 forma,
3159 2516 3365 2571 videbit

1796 2607 2031 2662 nondum
2057 2621 2333 2678 egressum
2366 2622 2395 2661 a
2431 2606 2539 2662 Deo
2563 2607 2758 2661 Filium
2790 2607 2978 2679 ipsius,
3000 2618 3050 2662 et
3077 2607 3362 2663 Dominum

1796 2700 2031 2754 nondum
2061 2699 2421 2770 egredientem
2466 2700 2532 2754 de
2567 2700 2684 2753 loco
2721 2713 2856 2762 suo;
2888 2714 3010 2753 cum
3046 2713 3180 2754 vero
3235 2714 3361 2755 cum

1796 2793 1899 2848 hoc
1927 2800 2069 2847 statu
2102 2792 2391 2847 contulerit
2420 2801 2617 2847 statum
2643 2792 2783 2847 illius
2809 2792 2900 2861 qui
2927 2792 3163 2860 seipsum
3186 2791 3364 2845 inani-

1778 2884 1896 2949 .vit,
1929 2897 1994 2937 ex
2021 2898 2086 2938 eo
2112 2883 2253 2953 quod
2284 2884 2512 2939 formam
2544 2885 2689 2940 servi
2713 2885 3082 2953 assumpserit,
3105 2881 3364 2953 intelliget

1796 2973 2065 3042 quomodo
2087 2971 2256 3027 Filius
2306 2973 2399 3028 Dei
2455 2975 2672 3041 exierit,
2697 2984 2753 3030 et
2795 2974 3005 3030 venerit
3046 2973 3111 3027 ad
3145 2987 3266 3040 nos,
3295 2988 3363 3030 ac

1797 3066 1955 3138 331
1992 3067 2158 3122 veluti
2188 3076 2342 3123 extra
2369 3082 2491 3124 eum
2533 3070 2623 3139 qui
2659 3068 2805 3125 misit
2831 3069 3002 3137 illum,
3033 3068 3206 3125 factus
3238 3069 3362 3125 fue-

117 3156 309 3212 δούλου
355 3160 568 3230 μορφὴν
614 3160 803 3213 ἑαυτὸν
843 3157 1187 3223 κενώσαντα,
1232 3159 1452 3229 συνήσει
1503 3157 1620 3221 πῶς
1667 3158 1693 3210 6

1852 3170 1909 3224 t;
1942 3159 2156 3214 etiamsi
2189 3159 2296 3214 alio
2340 3161 2502 3215 modo
2543 3172 2659 3215 ‘non
2715 3161 2981 3216 dimiserit
3010 3161 3157 3216 illum
3183 3160 3360 3218 solum

117 3247 250 3312 Υίδς
277 3250 373 3305 τοῦ
405 3250 540 3305 Θεοῦ
566 3249 776 3322 ἐξῆλθε,
805 3252 902 3305 καὶ⁸
922 3245 1024 3324 ἦκε
1050 3250 1186 3323 πρὸς
1218 3251 1384 3321 ἡμᾶς,
1409 3248 1504 3303 καὶ
1530 3248 1693 3302 οἱονεὶ

119 3342 227 3408 ἔξω
256 3342 547 3416 γεγένηται
570 3342 663 3397 τοῦ
695 3342 1007 3415 πέμψαντος
1035 3341 1195 3395 αὐτόν
1221 3358 1232 3371 ·
1266 3342 1315 3394 εί
1339 3340 1433 3394 καὶ
1463 3341 1581 3394 κατ’
1606 3339 1694 3395 ἄλ·

117 3430 212 3487 λον
238 3432 439 3504 τρόπον
468 3434 568 3486 οὐκ
600 3433 807 3506 ἀφῆκεν
839 3432 999 3487 αὐτὸν
1034 3432 1190 3503 μόνον
1232 3433 1262 3486 6
1306 3430 1525 3503 Πατὴρ,
1557 3428 1693 3484 ἀλλὰ

121 3524 242 3596 μετ’
271 3524 433 3578 αὑτοῦ
460 3526 595 3589 ἐστι,
626 3524 719 3579 καὶ
748 3523 894 3578 ἐστιν
922 3525 981 3578 ὲν
1009 3523 1088 3594 τῷ
1102 3521 1236 3594 Υἱῷ,
1258 3521 1448 3595 ὥσπερ
1473 3522 1566 3576 καὶ
1596 3522 1693 3575 αὐ-

117 3616 213 3681 τὸς
249 3618 307 3670 ὲν
334 3615 414 3688 τῷ
452 3616 652 3689 Πατρί.
682 3617 792 3670 Καὶ
837 3616 887 3669 εί
922 3615 997 3687 μὴ
1034 3615 1154 3669 κατ’
1186 3613 1343 3669 ἄλλον
1384 3631 1449 3683 γε
1492 3613 1692 3686 τρόπον

116 3708 345 3778 νοήσαις
392 3703 528 3761 εἶναι
571 3707 662 3761 τὸν
694 3707 823 3761 Υἱὸν
868 3708 926 3760 ὲν
968 3706 1046 3778 τῷ
1087 3705 1294 3778 Πατρὶ,
1341 3704 1416 3769 ὼς
1451 3699 1519 3776 ἦν
1562 3703 1691 3776 πρὶν

119 3797 309 3871 ἐξέλθῃ
344 3799 453 3852 ἀπὸ
477 3798 571 3852 τοῦ
604 3797 759 3864 Θεοῦ,
788 3798 932 3865 δόξει
970 3798 1244 3871 περιέχειν
1285 3796 1463 3870 μάχην
1497 3796 1560 3850 τὸ
1595 3798 1692 3851 καὶ

118 3887 498 3959 ἐξεληλυθέναι
544 3888 653 3943 ἀπὸ
688 3888 783 3943 τοῦ
824 3888 959 3943 Θεοῦ
982 3929 998 3955 ,
1026 3890 1122 3944 καὶ
1152 3884 1291 3942 εἶναι
1321 3888 1412 3942 τὸν
1440 3886 1691 3958 ἐξεληλυ-

121 3977 252 4033 θότα
293 3980 402 4033 ἀπὸ
431 3978 524 4033 τοῦ
564 3980 734 4047 Θεοῦ,
758 3980 840 4034 έτι
873 3981 931 4034 ὲν
968 3981 1047 4052 τῷ
1090 3977 1228 4052 Θεῷ.
1267 3978 1449 4032 Ἀλλοι
1493 3978 1552 4032 δὲ
1588 3978 1650 4032 τό
1671 3993 1685 4008 '

131 4070 431 4140 Ἐξῆλθον
458 4072 575 4127 ἀπὸ
602 4072 711 4127 τοῦ
744 4072 910 4139 Θεοῦ,
940 4072 1266 4145 διηγήσαντο
1296 4071 1417 4127 ἀντὶ
1446 4070 1562 4136 τοῦ,
1594 4070 1691 4124 Γε-

118 4161 385 4236 γέννημαι
412 4164 523 4217 ἀπὸ
547 4164 641 4218 τοῦ
663 4165 797 4219 Θεοῦ
816 4182 830 4197 ⁸
867 4160 948 4229 οἷς
976 4163 1256 4220 ἀκολουθεί
1282 4165 1347 4218 ὲκ
1374 4163 1474 4234 τῆς
1506 4162 1690 4228 οὐσίας

120 4256 353 4325 φάσκειν
397 4255 491 4309 τοῦ
537 4257 751 4327 Πατρὸς
791 4256 1149 4328 γεγεννῆσθαι
1186 4256 1280 4311 τὸν
1324 4255 1451 4310 Υἱὸν
1469 4294 1486 4319 ,
1528 4254 1690 4308 οἱονεὶ

123 4348 467 4421 μειουμένου,
492 4350 586 4405 καὶ
615 4340 890 4415 λείποντος
911 4351 976 4421 τῇ
997 4342 1230 4422 οὐσίᾳ,ᾕ
1261 4347 1524 4420 πρότερον
1552 4340 1687 4417 εἷχε,

117 4439 211 4493 τοῦ
246 4439 400 4506 Υίοῦ,
445 4440 583 4494 ἐπὰν
609 4440 865 4513 ἐγέννησε
896 4440 987 4494 τὸν
1016 4438 1142 4495 Υίόν
1161 4455 1174 4469 ο
1224 4439 1356 4493 ὡσεὶ
1383 4439 1571 4510 νοήσαι
1603 4454 1689 4502 τις

1798 3238 1981 3316 Pater,
1999 3252 2091 3307 sed
2122 3260 2204 3307 est
2227 3266 2348 3308 cum
2379 3252 2495 3320 ipso
2514 3254 2605 3318 qui
2636 3255 2797 3310 etiam
2819 3264 2901 3309 est
2930 3253 2980 3307 in
3006 3253 3164 3321 Filio,
3180 3267 3365 3324 quem-

1798 3341 2085 3397 admodum
2122 3341 2292 3398 Filius
2326 3353 2410 3399 est
2434 3345 2486 3398 in
2532 3343 2719 3400 Patre.
2755 3343 2850 3398 Sin
2875 3358 3005 3399 vero
3044 3359 3148 3399 non
3185 3345 3365 3400 consi-

1798 3431 2074 3488 deraveris
2123 3432 2231 3488 alio
2278 3433 2436 3488 modo
2472 3448 2597 3490 esse
2643 3432 2842 3488 Filium
2887 3433 2942 3487 in
2988 3431 3149 3488 Patre
3197 3447 3360 3501 quam

1796 3531 1917 3577 erat
1958 3532 2245 3593 antequam
2299 3524 2473 3579 exiret
2515 3539 2542 3578 ο
2592 3523 2725 3591 Deo,
2752 3524 3024 3579 videbitur
3056 3537 3361 3596 repugnare

1795 3626 2073 3684 egressum
2102 3629 2223 3669 esse
2253 3628 2284 3668 a
2316 3615 2445 3678 Deo,
2483 3624 2538 3671 et
2568 3629 2844 3687 egressum
2878 3631 2909 3670 a
2957 3615 3068 3670 Deo
3114 3630 3233 3672 esse
3260 3616 3364 3673 ad-

1796 3705 1906 3761 huc
1939 3706 1993 3760 in
2044 3706 2171 3762 Deo.
2208 3704 2473 3761 Caeterum
2513 3706 2613 3761 alii'
2635 3706 2767 3762 illud
2802 3723 2818 3759 :
2857 3706 3014 3761 Exivi
3039 3724 3071 3761 a
3100 3705 3231 3773 Deo,
3259 3722 3360 3761 ex-

1794 3803 2092 3865 posuerunt
2138 3810 2235 3864 pro
2287 3810 2353 3851 eo
2393 3797 2531 3866 quod
2559 3806 2667 3862 est,
2710 3796 2935 3852 Genitus
2966 3811 3082 3852 sum
3109 3811 3175 3863 ex
3205 3796 3355 3869 Deo:

1796 3897 1931 3953 quos
1976 3885 2220 3953 sequitur
2252 3883 2446 3940 Filium
2480 3885 2661 3940 dicere
2685 3900 2752 3941 ex
2785 3886 3083 3941 substantia
3122 3888 3359 3956 genitum

1796 3976 1962 4033 fuisse
1989 3976 2194 4044 Patris,
2229 3976 2392 4032 veluti
2426 3977 2700 4042 diminuti,
2729 3986 2779 4032 et
2798 3977 3032 4032 carentis
3056 3977 3358 4032 substantia

1793 4066 1916 4123 Filii
1942 4083 2102 4137 quam
2125 4076 2249 4123 ante
2279 4067 2529 4135 habebat,
2567 4066 2781 4138 quando
2822 4068 3096 4139 generavit
3128 4066 3357 4133 Filium:

1796 4168 2054 4231 tanquam
2085 4161 2130 4215 si
2160 4160 2533 4216 consideraret
2562 4159 2760 4230 aliquis
2788 4159 2895 4214 hoc
2929 4159 3092 4215 etiam
3124 4159 3178 4213 in
3222 4173 3362 4228 pra:-

1795 4253 2108 4325 gnantibus.
2143 4250 2508 4321 Consequitur
2554 4260 2731 4306 autem
2764 4250 2887 4305 illos
2932 4250 3115 4306 dicere
3144 4249 3360 4304 Patrem

1795 4355 1850 4401 et
1884 4344 2080 4401 Filium
2114 4360 2310 4416 corpus
2334 4359 2475 4409 esse,
2504 4359 2567 4399 ac
2607 4343 3013 4400 Patrem-dividi
3046 4360 3062 4398 :
3108 4357 3228 4413 qua:
3263 4343 3364 4398 do-

1794 4447 1973 4509 gmata
2024 4438 2300 4494 hominum
2348 4445 2476 4493 sunt
2522 4451 2709 4492 eorum
2737 4437 2826 4507 qui
2858 4448 2926 4492 ne
2966 4450 3064 4506 per
3090 4435 3359 4493 somnium

117 4532 276 4586 τοῦτο
305 4534 400 4587 καὶ
423 4534 516 4585 ἐπὶ
544 4506 661 4586 τῶν*
689 4506 821 4603 ἐγκυ
829 4532 1023 4604 μόνων.
1068 4530 1372 4585 ’Δκολουθετ
1409 4506 1476 4584 δὲ’
1510 4531 1693 4595 αὐτοῖς

1847 4529 2009 4584 idem
2059 4541 2242 4583 rerum
2288 4541 2409 4597 quae
2439 4527 2619 4582 animo
2671 4506 2991 4587 cernuntur,
3014 4532 3067 4578 et
3102 4524 3361 4591 incorpo-

120 4625 212 4678 καὶ
244 4624 405 4696 σῶμα
433 4624 613 4694 λέγειν
643 4625 732 4678 τὸν
757 4624 978 4696 Πατέρα
1009 4624 1103 4679 κα)⁵
1133 4623 1222 4676 τὸν
1254 4622 1402 4688 Υἱδν,
1438 4622 1531 4676 καὶ
1568 4621 1688 4695 διῃ-

122 4716 320 4788 ρῆσθαι
347 4717 441 4771 τὸν
475 4718 721 4788 Πατέρα,
754 4719 896 4789 ἆπερ
928 4717 1044 4770 ἐστὶ
1082 4716 1324 4787 δόγματα
1358 4712 1685 4784 ἀνθρώπων,

123 4808 244 4878 μηδ’
273 4809 409 4881 ὄναρ
434 4808 592 4878 φύσιν
621 4809 849 4882 ἀόρατον
874 4809 969 4863 καὶ
993 4807 1278 4878 ἀσώματον
1307 4805 1690 4876 πεφαντασμέ-

119 4915 246 4966 νων,
281 4898 448 4956 οὖσαν
475 4902 679 4974 κυρίως
703 4902 914 4955 οὐσίαψ
948 4894 1091 4955 οῦτοι
1127 4900 1185 4954 δὲ
1210 4898 1367 4969 δῆλον
1396 4899 1478 4951 ὅτι
1502 4898 1561 4950 ὲν
1590 4913 1689 4951 σω-

123 4992 339 5063 ματικῷ
360 4994 510 5064 τόπῳ
536 4993 764 5046 δώσουσι
795 4993 886 5047 τὸν
911 4993 1150 5064 Πατέρα,
1191 4991 1285 5044 καὶ
1314 4989 1404 5043 τὸν
1433 4988 1562 5042 Υἱὺν
1599 4988 1687 5041 τό-

1795 4636 1944 4678 ream
1973 4629 2221 4677 naturam
2257 4619 2399 4690 (quze
2427 4619 2645 4691 proprie
2673 4627 2757 4674 est
2802 4616 3126 4685 substantia)
3166 4616 3362 4686 innagi-

1795 4715 1906 4768 nati
1932 4723 2090 4768 sunt:
2125 4713 2267 4768 unde
2289 4713 2453 4768 etiam
2478 4710 2819 4781 perspicuum
2847 4718 2930 4764 est
2948 4708 3062 4763 chos
3090 4708 3143 4762 in
3162 4718 3354 4774 corpo-

1795 4804 1894 4859 rali
1926 4804 2053 4859 loco.
2075 4802 2288 4859 Patrem
2324 4818 2445 4859 esse
2483 4809 2730 4865 daturos,
2756 4811 2810 4856 et
2848 4799 3043 4854 Filium
3076 4800 3363 4853 immutate

1794 4896 1934 4963 loco,
1969 4910 2036 4950 ex
2062 4894 2181 4950 loco
2207 4895 2273 4951 ad
2305 4894 2443 4949 hanc
2464 4895 2628 4948 vitam
2663 4892 2965 4959 devenisse,
2991 4906 3089 4946 nec
3124 4899 3362 4945 mutasse

1796 4998 1996 5043 statum
2020 5003 2086 5042 ex
2110 4996 2274 5056 statu,
2316 4996 2376 5040 ut
2409 5002 2509 5042 nos
2544 4985 2877 5055 interpretati
2913 4997 3118 5039 smnus.

118 5105 220 5143 πον
248 5091 315 5142 ὲκ
339 5088 504 5142 τόπου
535 5088 838 5161 ἀμείψαντα
878 5085 1202 5159 σωματικῶς
1234 5082 1688 5155 ἐπιδεδημηκέναι
1711 5082 1790 5154 τῷ
1823 5082 1944 5155 βίῳ,
1980 5084 2075 5137 καὶ
2107 5083 2228 5155 οὐχὶ
2259 5081 2590 5137 κατάστασιν
2631 5083 2696 5136 ὲκ
2730 5080 3133 5142 καταστάσεως,
3170 5074 3360 5146 ὥσπερ

118 5182 280 5252 ἡμεῖς
312 5181 688 5253 ἐξειλήφαμενο

191 5296 279 5350 17.
305 5296 458 5351 Οὐδὲ
482 5296 591 5365 γὰρ
614 5296 714 5350 ἀπ’
748 5294 1007 5365 ἐμαυτοῦ
1030 5293 1299 5360 ἐλήλυθα
1320 5332 1335 5357 ,
1363 5292 1499 5347 ἀλλ’
1540 5291 1691 5345 ἐκεῖ·

118 5390 225 5456 νός
264 5406 343 5461 με
370 5388 709 5444 ἀπέστειλε.
741 5388 927 5442 Ταῦτα
959 5387 1161 5458 νομίζω
1192 5384 1464 5455 λέγεσθαι,
1492 5383 1568 5448 ὣς
1606 5403 1687 5438 τι-

121 5496 224 5533 νων
253 5480 348 5549 ἀφ’
378 5479 586 5533 ἑαυτῶν
618 5479 924 5551 ἐρχομένων
948 5517 963 5543 ,
1001 5476 1095 5532 καὶ
1146 5477 1221 5548 μὴ
1265 5474 1686 5546 ἀπεσταλμένων

1867 5288 1955 5344 Π.
1999 5287 2179 5357 Neque
2203 5288 2343 5340 enim
2380 5303 2413 5340 a
2437 5283 2733 5353 memetipso
2757 5282 2893 5347 ueni,
2922 5281 3012 5335 sed
3033 5278 3119 5331 itte
3154 5292 3233 5330 me
3258 5288 3358 5328 nu-

1793 5382 1861 5435 sit
1888 5382 1927 5432 ².
1976 5378 2100 5434 Ιιιεο
2138 5378 2374 5432 arbitror
2405 5376 2510 5431 dici
2544 5374 2771 5445 perinde
2802 5373 2954 5442 quasi
2989 5386 3018 5424 a
3051 5364 3358 5434 semetipsis

1793 5472 2011 5527 veniant
2040 5469 2277 5541 quidam,
2321 5484 2426 5523 non
2465 5468 2615 5524 missi
2643 5483 2673 5524 a
2708 5467 2888 5533 Patre,
2919 5460 3244 5526 doctrinam,
3273 5456 3360 5513 vel

187 5727 232 5760 ’⁷
249 5724 441 5783 Matth.
468 5738 524 5792 ν,
552 5721 640 5801 45.
692 5721 771 5799 .“
789 5718 944 5778 Joan.
970 5735 1085 5788 rm,
1119 5719 1249 5795 42.⁴
1286 5720 1331 5753 ⁸³
1359 5719 1488 5777 ibid.
1562 5720 1576 5750 '
1612 5717 1693 5773 Μὶι

1847 5716 2006 5780 ,ε-ι.
2080 5714 2274 5771 ’Joan.
2327 5730 2445 5776 rm.
2493 5714 2582 5769 ω.
