3688 6146
191 216 320 307 ⁴¹615

1711 222 2032 282 ORIGENIS

3397 228 3513 282 (illi

211 347 570 419 prophetiam
608 343 1013 417 promittentes.
1057 343 1240 414 Atque
1265 341 1333 400 de
1359 340 1562 399 talibus
1587 342 1804 413 quidem

1986 341 2015 395 ὸ
2041 340 2134 396 τοῦ
2161 341 2394 414 Πατρός.
2427 342 2563 416 Περὶ
2609 342 2711 415 μὲν
2756 338 2848 396 οὖν
2881 341 3186 414 ἀνθρώπων
3214 342 3508 406 τοιούτων,

227 443 545 500 hominibus
570 442 879 498 docemura
905 437 1170 503 .Ieremia,
1195 437 1338 507 apud
1369 450 1530 516 quem
1555 435 1814 505 scriptum

227 548 354 591 est:
393 534 521 591 Non
571 533 846 588 mittebam
885 530 1192 601 prophetas,
1215 538 1262 583 et
1297 528 1398 598 ipsi
1436 521 1716 581 currebant
1769 526 1812 580 ³.

226 626 313 682 An
348 641 478 681 vero
511 623 769 697 potentia:
800 623 967 679 etiam
1011 621 1207 690 aliqua:
1246 636 1353 676 nou
1382 619 1562 674 missae
1595 635 1624 673 a
1658 617 1817 672 Patre

229 720 482 775 venerint
509 717 576 773 ad
620 715 892 779 homines,
941 714 1177 778 notabis,
1209 721 1265 768 et
1308 726 1381 767 an
1431 710 1626 781 aliqua:
1672 710 1817 764 inter

231 812 376 884 ipsas
408 823 643 882 egressae
689 808 797 863 sint
826 822 856 862 a
895 806 1026 872 Deo,
1055 815 1110 860 et
1139 804 1341 860 idcirco
1367 804 1666 875 peccarint,
1687 804 1814 873 quia

232 905 412 961 missa
447 917 554 957 non
590 901 792 956 fuerint
813 899 880 956 ab
904 899 1040 968 ipso.
1064 895 1174 952 Nec
1201 896 1606 967 prmtereundus
1625 906 1710 951 est
1733 895 1814 950 lo-

229 1011 326 1052 cus
349 998 556 1066 absque
585 993 840 1065 indagine
867 994 937 1047 de
976 1005 1230 1048 sermone
1259 989 1454 1044 anima:
1480 1007 1496 1056 ;
1523 1005 1646 1044 nam
1697 989 1813 1045 lor-

232 1090 389 1145 tassis
409 1087 535 1143 Jesu
559 1087 735 1142 anima
762 1086 814 1140 in
844 1099 941 1140 sua
973 1073 1146 1153 ipsius
1163 1081 1494 1152 perfectione
1521 1081 1809 1146 exsistens,

231 1183 286 1237 in
322 1181 430 1237 Deo
458 1191 514 1235 et
542 1181 596 1235 in
625 1179 960 1249 plenitudine
986 1185 1145 1243 erat;
1180 1183 1235 1231 et
1263 1175 1389 1230 inde
1417 1188 1657 1245 egressa,
1683 1174 1810 1244 quia

232 1277 398 1332 missa
428 1275 608 1330 fuerat
635 1289 666 1329 ιι
713 1273 896 1338 Patre,
926 1270 1223 1340 assumpsit
1259 1285 1460 1340 corpus
1491 1284 1558 1324 ex
1593 1269 1760 1324 Maria
1793 1286 1808 1335 ;

231 1367 352 1422 alia).
399 1382 528 1422 vero
563 1381 670 1420 non
724 1365 806 1420 sic
837 1364 1089 1420 exierunt
1137 1377 1167 1418 a
1212 1363 1364 1427 Deo,
1409 1363 1513 1417 hoc
1563 1370 1648 1417 est
1701 1378 1810 1417 non

231 1476 263 1515 a
329 1460 440 1516 Deo
503 1461 720 1526 missas,
772 1475 949 1530 neque
993 1474 1024 1514 a
1089 1459 1275 1514 divina
1327 1457 1615 1528 .voluntate
1675 1473 1811 1528 prae-

234 1565 436 1606 lD-ISSIB.

299 1825 462 1896 332
499 1825 588 1882 ‘18.
639 1823 818 1891 Quare
859 1826 1001 1878 dicta
1029 1841 1144 1879 mea
1183 1842 1288 1880 non
1325 1825 1612 1895 agnoscitis
1641 1824 1812 1896 ?quia

231 1934 336 1972 non
365 1919 579 1988 potestis
615 1917 802 1972 audire
830 1933 1121 1971 sermonem
1161 1933 1332 1972 meum
1372 1918 1417 1973 ⁸.
1451 1915 1580 1982 Vos,
1613 1917 1814 1988 inquit,

231 2027 338 2065 non
368 2026 526 2081 posse
555 2025 872 2066 sermonem
925 2025 1103 2065 meum
1151 2009 1339 2064 audire
1370 2010 1424 2064 in
1480 2025 1648 2064 causa
1707 2019 1814 2075 est,

230 2117 330 2158 cur
371 2103 516 2158 dicta
558 2117 677 2156 mea
709 2117 815 2156 non
847 2107 1178 2172 agnoscatis.
1223 2101 1375 2158 Unde
1403 2103 1636 2171 primum
1664 2117 1813 2157 com-

230 2195 468 2265 paranda
513 2193 672 2248 nobis
694 2202 778 2247 est
807 2194 887 2248 vis
929 2194 1178 2249 audiendi
1203 2193 1444 2248 divinum
1483 2207 1813 2259 sermonem,

232 2299 294 2342 ut
333 2285 531 2341 deinde
581 2287 764 2340 omnia
814 2285 941 2341 Jesu
983 2287 1126 2343 dicta
1161 2301 1463 2356 agnoscere
1488 2288 1762 2357 possimus
1797 2305 1812 2354 ;

230 2376 357 2432 licet
378 2377 524 2431 enim
555 2376 634 2431 illi
663 2376 756 2447 qui
787 2387 947 2433 antea
979 2393 1088 2434 non
1131 2378 1349 2432 valebat
1383 2377 1574 2433 audire
1606 2390 1815 2433 sermo-

229 2483 328 2525 nes
353 2467 501 2534 Jesu,
519 2478 707 2539 postea
736 2483 802 2524 eo
824 2470 1206 2536 pervenire,ut
1236 2468 1410 2539 possit
1434 2468 1624 2524 audire
1652 2468 1810 2533 illos;

229 2563 486 2633 quoniam
513 2561 752 2631 quandiu
782 2576 886 2616 non
924 2562 1280 2617 medicarerit
1307 2561 1536 2632 alicujus
1563 2561 1811 2616 auditum

230 2655 422 2710 Sermo
444 2667 509 2710 ac
538 2652 709 2708 Filius
737 2653 830 2708 Dei
874 2653 1060 2708 dicens
1091 2653 1258 2709 surdo
1290 2653 1340 2720 ',
1369 2653 1680 2724 Adaperire,
1703 2669 1812 2711 non

228 2759 409 2820 potest
439 2749 532 2805 ille
563 2750 771 2805 audire.
801 2747 975 2805 Simul
1003 2759 1166 2820 atque
1188 2759 1367 2805 autem
1395 2749 1630 2806 solutum
1653 2750 1815 2808 fuerit

228 2839 527 2906 vinculum,
566 2841 712 2910 quod
759 2839 1105 2896 occasionem
1162 2839 1442 2910 praebebat
1505 2842 1811 2910 surditatis,

229 2940 359 2987 tunc
387 2932 575 2987 audire
604 2931 728 3001 quis
763 2932 964 3002 poterit
1010 2930 1196 2987 Jesutn
1225 2951 1241 2998 ;
1285 2933 1503 3004 quando
1531 2934 1694 2990 etiam
1717 2950 1813 2992 co-

230 3037 494 3092 gnoscere
530 3033 709 3093 potest
741 3025 910 3094 ipsius
955 3026 1121 3081 dicta.
1160 3025 1418 3095 Alioquin
1443 3027 1627 3082 dicant
1655 3028 1811 3083 nobis

230 3120 308 3176 illi
333 3123 422 3192 qui
464 3122 780 3177 existimant
829 3123 978 3178 hisce
1016 3122 1197 3178 verbis
1231 3123 1486 3178 constitui
1522 3125 1715 3191 dogma
1745 3125 1812 3180 de
1838 3094 1881 3155 θ

231 3215 465 3278 naturis,
495 3224 676 3269 utrum
728 3224 981 3286 poterant
1041 3214 1116 3270 illi
1146 3215 1345 3285 quibus
1392 3215 1693 3272 medicatus
1729 3227 1813 3272 est

225 3313 436 3374 postea.
459 3305 603 3360 surdi
625 3306 801 3361 adhuc
816 3306 1138 3362 exsislentes
1167 3307 1374 3367 audire.
1401 3323 1469 3361 au
1513 3322 1618 3362 non
1651 3307 1674 3362 2
1704 3307 1812 3364 Sed

229 3409 351 3450 cum
376 3396 581 3466 liqueat
604 3411 698 3453 eos
721 3412 829 3452 non
871 3399 1138 3468 potuisse,
1165 3400 1512 3468 perspicuum
1535 3408 1618 3454 est
1645 3400 1812 3455 licere

231 3487 506 3542 immutari
532 3489 600 3544 ab
623 3489 938 3559 impotentia
967 3489 1222 3544 audiendi
1263 3503 1542 3546 sermones
1568 3489 1720 3556 Jesu,
1743 3493 1810 3547 ad

230 3580 560 3636 audiendum
595 3579 737 3644 illos,
767 3591 822 3636 et
855 3589 1077 3652 propter
1130 3589 1377 3636 naturam
1431 3581 1812 3639 incurabiliter

219 3672 545 3740 habentem,
573 3675 788 3743 quando
812 3690 920 3729 non
957 3683 1134 3744 potest
1159 3674 1356 3744 aliquis
1387 3675 1578 3730 audire
1609 3691 1624 3739 ;
1655 3685 1809 3731 sunt-

229 3775 336 3836 que
381 3765 495 3822 haec
543 3765 886 3835 potissimum
918 3766 1142 3822 dicenda
1171 3767 1260 3844 his
1303 3767 1396 3838 qui
1448 3768 1517 3823 ab
1553 3766 1809 3824 Ecclesia:

231 3858 464 3913 decretis
491 3857 778 3927 dissident,
811 3860 1109 3931 gaudentes
1139 3860 1440 3930 allegoriis,
1473 3869 1531 3916 et
1571 3861 1807 3916 sanatio-

229 3951 674 4005 numzhistoriatn
705 3951 1093 4008 reducentibus
1128 3952 1194 4006 ad
1222 3954 1561 4007 curationem
1589 3955 1804 4019 animm,

229 4058 394 4113 quam
415 4043 573 4098 Jesus
594 4043 785 4098 liberat
807 4043 872 4097 ab
893 4043 1037 4097 omni
1067 4043 1257 4098 morbo
1281 4053 1336 4098 et
1364 4043 1431 4098 ab
1462 4043 1609 4098 omni
1636 4043 1808 4097 molli-

233 4137 324 4190 tie.
351 4135 601 4190 Arbitror
633 4150 761 4190 vero
809 4149 910 4204 ego
959 4135 1280 4190 vocabulum
1331 4137 1522 4188 audire
1573 4136 1805 4204 positum

230 4239 377 4281 nunc
401 4239 524 4280 esse
552 4239 648 4296 pro
679 4224 981 4294 intelligere
1004 4240 1125 4296 quae
1155 4226 1409 4281 dicuntur
1438 4244 1453 4292 ;
1488 4227 1803 4281 vocabulum

227 4331 363 4373 vero
410 4335 720 4389 agnoscere,
771 4333 867 4388 pro
901 4333 964 4375 eo
1011 4321 1104 4388 qui
1138 4321 1448 4390 percipiens
1487 4321 1803 4386 assentilur,

230 4408 530 4465 illustratus
555 4409 675 4466 luce
710 4413 1068 4481 cognoscendi
1094 4426 1178 4467 ea.
1217 4412 1359 4466 Sane
1387 4411 1681 4466 Heracleon
1715 4427 1806 4466 suo

1920 433 2322 506 διδασκαλίανῆ
2367 436 2702 507 προφητείαν
2746 436 3226 507 ὑπισχνουμένων,
3259 438 3520 495 διδασκό-

1925 526 2064 597 μεθα
2092 529 2186 582 καὶ
2225 528 2334 583 ἀπὸ
2369 529 2464 582 τοῦ
2505 529 2769 601 Ἱερεμίου
2801 529 2935 600 (15),
2989 531 3121 586 ἔνθα
3164 533 3513 606 γέγραπταιο

1923 621 2047 673 Οὐκ
2069 620 2451 676 ἀπέστελλον
2474 621 2619 689 τοὺς
2643 622 2975 692 προφήτας,
3011 626 3108 680 καὶ
3139 627 3312 682 αὐτοὶ
3345 628 3517 696 ἐτρε-

1921 729 2052 780 χον.
2082 713 2144 766 Ei
2167 713 2224 766 δὲ
2247 715 2340 767 καὶ
2366 714 2627 785 δυνάμεις
2649 715 2794 778 τινὲς
2816 716 2891 786 μὴ
2911 717 3374 789 ἀποστελλόμεναι
3396 720 3516 774 ἀπὸ

1920 802 2012 856 τοῦ
2062 805 2276 877 Πατρὸς
2320 805 2571 878 ἔρχονται
2617 805 2755 878 πρὸς
2795 806 3114 880 ἀνθρώπους
3163 813 3509 882 ἐπιστήσεις,

1920 896 2013 948 κα¹ι¹
2039 896 2250 960 εῐτινες
2275 898 2332 952 ὲν
2355 899 2546 964 αὐταῖς
2569 902 2706 956 εἰσιν
2737 903 2802 957 ὲκ
2821 903 2914 957 τοῦ
2943 903 3076 957 Θεοῦ
3107 903 3506 975 ἐξεληλυθυῖαι,

1919 988 2015 1042 καὶ⁹
2040 987 2214 1059 τούτῳ
2260 990 2664 1061 ήμαρτηκυῖαι,
2699 994 2775 1065 τῷ
2807 995 2880 1066 μὴ
2917 994 3255 1049 ἀπεστάλθαι
3284 997 3383 1049 ἀπ’
3406 995 3512 1049 αύ-

1918 1077 2031 1132 τοῦ.
2067 1080 2180 1134 Οὐκ
2213 1080 2479 1152 ἀζήτητον
2511 1083 2569 1137 δὲ
2613 1085 2798 1140 ἐατέον
2833 1087 2924 1141 τὸν
2953 1088 3117 1141 τόπον
3159 1089 3256 1142 κα)⁵
3303 1089 3384 1152 είς
3408 1089 3509 1141 τὸν

1917 1171 2046 1244 περὶ
2067 1172 2244 1245 ψυχῆς
2273 1175 2428 1245 λόγον
2454 1190 2468 1208 ⁴
2501 1177 2641 1249 τάχα
2680 1179 2787 1251 γὰρ
2817 1181 2849 1251 ἡ
2885 1181 2984 1252 μὲν
3031 1181 3124 1234 τοῦ
3165 1181 3343 1252 Ἰησοῦ
3387 1182 3506 1251 (16)

1915 1263 2062 1336 ψυχὴ
2091 1265 2148 1318 ὲν
2175 1268 2242 1338 τῇ
2286 1267 2485 1340 ἑαυτῆς
2517 1271 2859 1341 τυγχάνουσα
2893 1272 3212 1343 τελειότητι,
3264 1275 3322 1328 ὲν
3377 1275 3506 1346 Θεῷ

1915 1356 2010 1410 καὶ
2042 1355 2120 1428 τῷ
2150 1357 2480 1430 πληρώματι
2510 1357 2578 1432 ἦν
2601 1379 2615 1394 ο
2645 1363 2740 1417 καὶ
2774 1364 2982 1418 ἐκεῖθεν
3024 1365 3376 1436 ὲξεληλυθυῖα
3417 1365 3505 1438 τῷ

1914 1448 2247 1504 ἀπεστάλθαι
2295 1452 2403 1505 ἀπὸ
2429 1453 2522 1508 τοῦ
2556 1455 2768 1527 Πατρὸς
2806 1456 3032 1511 ἀνέλαϐε
3067 1459 3127 1512 τὸ
3152 1459 3217 1512 ἐκ
3243 1459 3346 1529 τῆς
3371 1460 3503 1513 Μαθ-

1917 1541 2039 1613 ρίας
2057 1542 2216 1614 σῶμα
2238 1561 2251 1572 ·
2277 1543 2434 1599 ἀλλαι
2455 1546 2510 1600 δὲ
2532 1547 2631 1618 οὐχ
2652 1547 2818 1612 οὕτως
2843 1548 3063 1620 ἐξῆλθον
3083 1551 3193 1604 ἀπὸ
3217 1551 3312 1604 τοῦ
3333 1551 3498 1613 Θεοῦ.

1913 1633 2192 1689 τουτέστιν
2217 1637 2319 1690 οὐκ
2347 1638 2774 1704 ἀπεσταλμέναι,
2803 1641 2924 1695 οὐδὲ
2952 1623 3172 1697 in:de
3201 1644 3348 1698 θείου
3380 1645 3503 1716 βο...

1839 1732 1886 1792 Β
1913 1724 2151 1797 λήματος
2182 1745 2358 1800 προπε
2367 1729 2642 1800 μφθεῖσαι.

1985 1818 2070 1874 18.
2104 1821 2208 1875 Διά
2242 1822 2301 1875 τι
2331 1821 2447 1891 τὴν
2467 1825 2691 1879 λαλιάν
2715 1824 2832 1894 τὴν
2858 1826 3013 1896 ἐμὴν
3031 1827 3104 1882 οὐ
3135 1828 3501 1898 rudiments;

1914 1909 2003 1964 ὅτι
2031 1912 2103 1966 οὐ
2144 1911 2409 1968 δύνασθε
2438 1916 2680 1971 ἀκούειν
2705 1919 2812 1972 τὸν
2845 1920 3033 1990 λόγον
3061 1919 3172 1974 τὸν
3198 1921 3364 1991 ἐμόν.
3395 1923 3492 1975 Δΐ·

1913 2019 2048 2067 τιον,
2079 2007 2264 2076 φησὶν,
2294 2007 2410 2060 ἐστὶ
2433 2007 2528 2061 τοῦ
2559 2009 2686 2080 ὑμῖν
2722 2010 2798 2082 μὴ
2829 2001 3190 2080 γινώσκεσθαι
3223 2016 3322 2085 τὴν
3355 2017 3502 2087 ἐμὴν

1914 2094 2130 2162 λαλιάν,
2161 2096 2223 2150 τὸ
2257 2098 2332 2171 μὴ
2359 2097 2615 2153 δύνασθαι
2643 2101 2787 2171 ὑμᾶς
2807 2102 3027 2156 ἀκούειν
3052 2102 3148 2157 τοῦ
3182 2104 3341 2172 λόγου
3368 2123 3497 2176 μου.

1915 2187 2190 2260 Πρότερον
2230 2185 2323 2244 οὖν
2366 2189 2590 2262 δύναμιν
2618 2194 3004 2265 περιποιητέον
3034 2196 3364 2269 ἀκουστικὴν
3397 2196 3498 2252 τοῦ

1914 2278 2059 2332 θείου
2091 2279 2250 2348 λόγου
2275 2319 2290 2345 ,
2325 2281 2411 2334 ἵνα
2441 2283 2578 2353 μετά
2607 2282 2767 2338 τοῦτο
2814 2279 2916 2339 οἷοί
2961 2303 3022 2339 τε
3070 2286 3356 2358 γενώμεθα
3399 2285 3504 2345 καὶ

1913 2370 2200 2441 γινώσκειν
2249 2375 2431 2428 πᾶσαν
2478 2375 2577 2448 τὴν
2629 2377 2802 2448 Ἰησοῦ
2847 2377 3071 2432 λαλιάν·
3121 2379 3300 2445 ἔξεστι
3360 2379 3496 2453 γάρ,

1913 2465 2180 2539 πρότερον
2226 2468 2288 2521 οὐ
2341 2468 2637 2541 δυνάμενον
2682 2470 2900 2524 ἀκούειν
2933 2472 3041 2526 τῶν
3060 2471 3234 2543 λόγων
3292 2474 3496 2546 Ἰησοῦ,

1915 2557 2138 2632 ὕστερον
2159 2559 2382 2631 φθάνειν
2403 2563 2496 2616 ἐπὶ
2509 2563 2570 2616 τὸ
2592 2563 2812 2618 ἀκούειν
2839 2563 3095 2619 δύνασθαι
3125 2565 3305 2620 αὐτῶν
3321 2583 3336 2598 ο
3369 2567 3500 2622 ἐπεὶ

1913 2651 2009 2706 καὶ
2032 2653 2154 2707 ὅσον
2183 2653 2281 2724 μὲν
2311 2653 2522 2709 οὐδέπω
2549 2655 2672 2727 ίάθη
2700 2673 2786 2721 τις
2809 2657 2910 2722 τὰς
2928 2657 3096 2722 ἀκοὰς
3122 2659 3229 2713 ἀπὸ
3261 2656 3357 2714 τοῦ
3390 2659 3498 2713 Λό-

1913 2760 2011 2814 γου
2037 2744 2132 2798 τοῦ
2163 2743 2409 2815 λέγοντος
2438 2746 2520 2818 τῷ
2549 2747 2718 2820 κωφῷ
2738 2766 2752 2780 ·
2792 2751 3196 2822 Διανοίχθητι,
3235 2753 3296 2808 οὐ
3329 2753 3496 2809 δύνα-

1912 2854 2002 2892 ται
2033 2837 2251 2893 ἀκούειν
2272 2856 2287 2870 ·
2317 2839 2458 2894 ὲπάν
2484 2839 2542 2894 δὲ
2588 2840 2722 2914 λυθῇ
2767 2843 2796 2897 ό
2835 2845 3005 2908 αἴτιος
3045 2845 3146 2916 τῆς
3176 2847 3497 2918 κωφότητος

1915 2928 2232 3001 σύνδεσμος,
2261 2930 2383 2984 τότε
2418 2930 2636 2986 ἀκούειν
2683 2949 2770 2997 τις
2809 2928 2920 3000 οἷος
2959 2935 3110 2990 ἔσται
3135 2937 3228 2990 τοῦ
3275 2936 3451 3008 Ἰησοῦ
3476 2955 3494 2971 ·

1915 3021 2003 3076 ὅτε
2035 3024 2130 3076 καὶ
2158 3021 2445 3092 γινώσκειν
2469 3024 2687 3080 δύναται
2711 3027 2875 3081 αὐτοῦ
2914 3029 3013 3100 τὴν
3039 3029 3246 3086 λαλιάν.
3287 3031 3360 3094 ’Ἡ
3401 3033 3494 3087 λεο

1911 3115 2156 3184 γέτωσαν
2180 3119 2310 3188 ἡμῖν
2334 3117 2384 3170 οἱ
2407 3118 2715 3189 νομίζοντες
2737 3120 2830 3174 καὶ
2853 3119 2941 3174 διὰ
2957 3121 3114 3175 τοῦτο
3140 3123 3496 3184 συνίστασθαι

1911 3208 2004 3263 τὸν
2052 3211 2178 3282 περὶ
2218 3210 2433 3280 φύσεως
2472 3212 2628 3281 λόγον
2657 3213 2808 3285 (17),
2844 3215 3070 3288 πότερον
3117 3217 3370 3274 ἐδύναντο
3409 3221 3495 3276 ἐτι

1913 3303 2088 3371 κωφοὶ
2119 3301 2270 3366 ὀντες
2295 3303 2532 3368 ἀκούειν,
2563 3304 2658 3368 οὒς
2685 3304 2910 3378 ὓστερον
2941 3308 3148 3374 ἰάσατο,
3175 3311 3208 3381 ἦ
3244 3313 3343 3365 ούκ
3373 3311 3495 3367 ἐδύ-

1911 3409 2106 3458 ναντο;
2138 3393 2350 3464 Σαφοῢς
2375 3395 2433 3449 δὲ
2460 3395 2612 3460 ὄντος
2641 3397 2734 3451 τοῦ
2767 3399 2868 3454 οὐκ
2897 3400 3167 3467 ἐδύναντο,
3199 3405 3377 3476 δῆλον,
3407 3409 3493 3462 ὅτι

1910 3484 2084 3550 ἔξεστι
2119 3487 2441 3558 μεταϐαλεῖν
2477 3488 2585 3542 ἀπὸ
2609 3489 2705 3543 τοῦ
2739 3490 2814 3563 μὴ
2843 3492 3098 3548 δύνασθαι
3126 3496 3351 3551 ἀκούειν
3382 3499 3494 3553 τῶν

1922 3577 2095 3648 ἰησοῢ
2119 3577 2292 3647 λόγων
2323 3579 2416 3632 ἐπὶ
2437 3580 2498 3633 τὸ
2529 3581 2748 3636 ἀκούειν
2774 3583 2972 3648 αὐτῶν,
3001 3587 3095 3640 καὶ
3121 3587 3182 3640 ού
3213 3589 3299 3643 διὰ
3327 3588 3492 3659 φύσιν

1910 3670 2144 3734 ἀνιάτως
2182 3670 2442 3742 ἔχουσαν,
2481 3671 2569 3726 ὅτε
2609 3673 2670 3726 οὐ
2709 3674 2932 3729 δύναταί
2976 3695 3060 3740 τις
3104 3679 3356 3734 ἀκούειν’
3399 3684 3493 3738 καὶ

1912 3763 2145 3833 μάλιστα
2166 3763 2339 3818 ταῦτα
2371 3767 2708 3836 προσακτέον
2728 3769 2840 3832 τοῖς
2867 3770 3208 3841 ἑτεροδόξοις,
3235 3772 3488 3846 χαίρουσι

1907 3855 2028 3919 ταῖς
2059 3854 2425 3929 ἀλληγορίαις,
2460 3857 2554 3912 καὶ
2575 3857 2834 3928 ἀνάγουσι
2861 3862 2961 3932 τὴν
2995 3863 3121 3936 περὶ
3151 3864 3261 3917 τῶν
3291 3866 3490 3924 ίάσεων

1909 3945 2150 4018 ἱστορίαν
2177 3949 2269 4001 ἐπὶ
2294 3948 2395 4012 τὰς
2425 3949 2523 4019 τῆς
2552 3949 2730 4021 ψυχῆς
2759 3949 3072 4024 θεραπείας,
3108 3954 3490 4031 ἀπολυομένης

1908 4039 2014 4092 ὑπὸ
2051 4039 2144 4092 τοῦ
2183 4040 2360 4110 Ἰησοῦ
2399 4041 2580 4112 πάσης
2608 4043 2762 4096 νόσου
2790 4083 2805 4107 ,
2838 4045 2932 4098 καὶ
2961 4046 3141 4118 πάσης
3192 4047 3483 4120 μαλακίας.

1906 4131 2129 4203 Νομίζω
2141 4132 2198 4187 δὲ
2219 4132 2278 4186 τὸ
2307 4132 2406 4204 μὲν
2431 4135 2693 4201 ἀκούειν,
2719 4135 2812 4189 νῦν
2845 4134 2936 4190 ἐπὶ
2958 4137 3052 4192 τοῦ
3085 4141 3321 4195 συνιέναι
3353 4145 3482 4197 τάσο

1910 4223 2099 4278 σεσθαι
2144 4224 2251 4278 τῶν
2313 4225 2652 4296 λεγομένων·
2693 4228 2757 4282 τὸ
2797 4227 2856 4281 δὲ
2904 4229 3219 4300 γινώσκειν
3252 4235 3347 4288 ἐπὶ
3390 4237 3483 4289 τοῦ

1909 4317 2391 4388 καταλαμϐάνοντα
2422 4319 2910 4388 συγκατατίθεσθαι
2953 4321 3031 4392 τῷ
3060 4325 3197 4393 φωτὶ
3221 4326 3322 4396 τῆς
3355 4329 3485 4400 περὶ

1908 4407 2017 4462 τῶν
2047 4407 2352 4480 λεγομένων
2371 4407 2623 4477 γνώσεως
2646 4413 3070 4485 πεφωτισμένων
3095 4415 3226 4487 (l8).
3262 4418 3321 4471 '0
3353 4419 3485 4489 μέν·

229 4499 471 4568 spicatur
501 4515 724 4557 causam
768 4501 918 4556 reddi
969 4517 1070 4556 cur
1113 4501 1209 4570 ipsi
1247 4502 1433 4556 audire
1463 4517 1567 4556 non
1602 4503 1807 4571 possint

1986 4515 2058 4567 ιγε
2102 4497 2414 4570 Ἡρακλέων
2465 4499 2839 4571 ὑπολαμϐάνει
2893 4504 3073 4559 αίτίαν
3135 4507 3485 4564 ἀποδίδοσθαι

230 4591 358 4647 Jesu
411 4607 716 4659 sermones,
747 4609 923 4665 neque
968 4593 1114 4648 illius
1145 4595 1287 4648 dicta
1330 4607 1680 4664 cognoscere,
1713 4608 1808 4662 per

236 4683 362 4740 illud
391 4698 410 4739 :
448 4683 554 4741 Vos
591 4702 657 4741 ea:
687 4697 834 4758 patre
860 4685 1072 4741 diabolo
1099 4686 1246 4748 estis,
1271 4686 1498 4752 istisque
1527 4685 1704 4737 verbis
1728 4685 1807 4737 in-

305 4804 326 4835 ³
351 4802 553 4860 Jerem.
595 4819 756 4868 mn,
794 4803 886 4858 9.1.

305 4920 422 4994 (l5)
440 4919 639 4994 _Qodex
670 4919 895 4994 Regius.
936 4920 1195 4994 'lspsttia.

307 4987 584 5070 (ltiﬂdem
613 4995 736 5070 cod.
761 4987 1116 5070 Regiu_s,'ro'6
1161 4988 1312 5044 Υῑοῦ.
1353 4988 1507 5057 Saepe
1551 4987 1803 5070 animad-

235 5060 498 5118 vertimus
535 5060 822 5130 Ori'gcnem
858 5062 1066 5117 animus
1093 5073 1220 5117 ante
1268 5075 1499 5128 corpora
1555 5060 1804 5114 conditas

235 5132 557 5188 credidisse.
593 5131 729 5184 lluic
760 5132 1019 5186 doctrina:
1044 5133 1439 5187 consectarium
1463 5142 1548 5184 est
1569 5131 1803 5182 animam

176 5229 184 5240 ·
235 5204 436 5258 Christi
474 5211 600 5257 ante
625 5215 822 5271 corpus
853 5201 1004 5271 illius
1027 5204 1300 5257 conditam
1363 5215 1584 5270 quoque
1615 5198 1802 5271 fuisse.

238 5274 349 5328 lloc
384 5274 635 5343 dogmate
677 5269 955 5326 inductum
983 5270 1156 5343 fuisse
1191 5269 1485 5343 Eutychem
1539 5269 1803 5338 suspicari

235 5358 297 5396 se
327 5344 459 5396 dicit
488 5342 598 5396 Leo
623 5357 756 5411 papa
791 5343 950 5410 epist.
984 5343 1019 5395 2
1041 5344 1106 5394 ad
1135 5342 1409 5396 lulianum
1434 5342 1723 5406 Coensem,
1748 5346 1807 5393 ut

235 5413 448 5491 duas_in
479 5411 830 5491 υὴιίδιοκπρο
865 5412 963 5491 τῆς
993 5411 1236 5491 ἑνώσεως
1267 5424 1492 5491 naturas
1523 5419 1804 5491 statueret,

237 5484 390 5554 quasi
422 5485 658 5536 animam
691 5482 894 5538 Christi
921 5482 1232 5549 exstitisse,
1283 5484 1605 5554 priusquam
1652 5482 1803 5534 carni

237 5551 574 5620 “ligaretur,
627 5567 948 5620 persuasum
993 5551 1565 5620 habuerit.'Anitnam
1597 5561 1803 5620 autem

237 5619 441 5692 Christi
470 5630 597 5676 tunc
623 5619 676 5675 in
699 5638 795 5676 sua
823 5622 1154 5692 perfectione
1170 5621 1336 5677 fuisse
1362 5622 1492 5692 dicit
1516 5619 1800 5692 Origenes,

243 5688 444 5745 idcirco
466 5692 607 5754 quod
635 5688 946 5751 arctissituo
977 5693 1179 5751 amoris
1208 5691 1422 5749 vinculo
1453 5691 1527 5747 ita
1546 5688 1654 5748 Deo
1677 5699 1804 5746 tunc

1909 4590 2004 4644 τοῦ
2059 4589 2132 4661 μὴ
2165 4589 2423 4644 δύνασθαι
2454 4591 2651 4656 αὐτοὺς
2691 4594 2911 4648 ἀκούειν
2952 4596 3044 4650 τὸν
3084 4599 3257 4670 Ἰησοῦ
3302 4600 3481 4670 λόγον,

1914 4683 2048 4754 μηδὲ
2076 4681 2365 4750 γινώσκειν
2395 4681 2561 4736 αὐτοῦ
2591 4683 2689 4754 τὴν
2729 4684 2916 4740 λαλιὰν
2959 4691 3017 4742 ὲν
3045 4688 3119 4760 τῷ
3137 4707 3150 4721 ·
3193 4691 3391 4762 ἠιεῖς
3413 4695 3483 4748 ἐκ

983 4803 1004 4835 ⁸
1032 4801 1188 4858 Joan.
1237 4817 1358 4865 vm.
1408 4799 1497 4856 45.
1579 4801 1601 4833 ⁵
1632 4800 1796 4855 Marc.
1820 4819 1922 4872 vn,
1956 4805 2047 4861 '54.

1913 4921 2336 5008 adherebat._ut
2377 4937 2520 5008 unus
2572 4938 2696 5006 cum
2742 4937 2811 5008 eo
2865 4925 3100 5008 spiritus
3142 4929 3489 5008 eﬂiqeretur,

1912 4991 2590 5075 quemadmodpm‘iusius
2617 4991 3008 5075 ip§e_dec_larat
3043 5000 3141 5075 lib.
3171 5018 3209 5056 ιι
3239 5004 3316 5058 De
3347 4991 3490 5075 ρήηῖ

1913 5063 2086 5144 εὲρὶει,
2119 5078 2241 5144 cap.
2271 5061 2325 5127 6,
2351 5071 2407 5117 et
2437 5077 2535 5144 πρε
2574 5061 3018 5136 ἱιιῸνὶρεηὶαηίε,
3059 5069 3154 5126 lib.
3188 5087 3264 5140 ιι,
3294 5061 3485 5144 mima.

1914 5130 1970 5198 5,
2001 5149 2154 5203 num.
2185 5132 2221 5203 6
2245 5144 2301 5187 et
2322 5149 2441 5203 seq.
2466 5131 2734 5190 Ηυετιυε.

1988 5202 2099 5275 (l7)
2128 5202 2241 5282 ξ’ὀν
2271 5202 2416 5282 περ]
2439 5205 2686 5282 φύσεωςΔ
2731 5207 2963 5282 λόγονη
2999 5208 3312 5282 Legendum
3371 5216 3483 5270 for-

1915 5273 2060 5355 tassc
2092 5273 2327 5342 φύσεων.
2355 5273 2538 5355 .Supnra
2571 5275 2724 5355 initio
2757 5273 3160 5355 ιιιῇιιιεξῌὸξοί
3181 5283 3280 5346 τὰς
3299 5285 3485 5355 φύσεις

1917 5345 2327 5420 εζσάγοντεςζει
2354 5345 2427 5396 ita
2459 5343 3155 5420 Ferrarius.__AtAOrigenes
3190 5343 3374 5410 tamen
3431 5343 3485 5414 is;

1918 5414 2091 5482 Epist.
2123 5415 2191 5467 ad
2222 5413 2400 5477 Rom.,
2426 5427 2549 5483 cap.
2578 5431 2704 5469 χειν
2762 5413 3073 5475 ΡΙιὶίοεαῆω
3113 5442 3128 5478 :
3167 5423 3290 5476 Κᾶν
3327 5413 3486 5480 mea?

1915 5483 2417 5564 gtb'catqﬁicpdtcouv
2447 5487 2496 5538 oi
2521 5486 2942 5557 παρεισάγοντες
2974 5491 3063 5544 τὸν
3096 5495 3225 5564 περὶ
3273 5496 3484 5564 φύσεως

1913 5553 2114 5610 ἄτοπον
2131 5553 2306 5623 λόγον.
2339 5559 2413 5610 Ιι).

1987 5626 2102 5706 (.18).
2129 5626 2621 5706 Πεερωτισιιένων.
2660 5637 2713 5682 In
2748 5629 2990 5706 margine
3013 5633 3215 5692 codicis
3239 5631 3485 5695 Bodleia-

1916 5696 1972 5754 ni
2004 5697 2199 5764 legitur
2229 5711 2299 5753 ex
2326 5697 2642 5768 conjectura
2663 5696 3095 5769 πεφωτισμένον.
