3688 6146
141 269 245 325 617

1202 271 1556 328 COMMENT.
1593 271 1660 326 IN
1699 271 1888 330 JOAN.
1925 275 2158 332 TOMUS
2196 277 2309 335 XX.

3266 290 3372 346 618

141 387 242 444 τοῦ
265 386 490 456 πατρὸς
514 386 620 440 τοῦ
657 386 940 443 διαϐόλου
966 388 1130 469 ἐστέ.
1154 391 1354 455 Αὑταῖς
1377 392 1505 460 γοῦν
1538 393 1702 460 λέξεσ1

1863 393 1932 447 uit
1960 413 1975 448 :
2016 414 2034 445 ι
2070 395 2244 460 Quare
2275 407 2452 452 autem
2480 412 2583 452 non
2615 399 2840 470 potestis
2861 403 3046 459 audire
3067 419 3373 464 sermonem

143 493 294 548 φησι·
321 495 339 528 ι
360 477 456 530 Διά
479 477 534 529 τί
551 477 610 531 ού
638 476 863 531 δύνασθε
890 480 1104 533 ἀκούειν
1135 481 1225 535 τὸν
1245 481 1399 551 λόγον
1429 483 1521 537 τὸν
1545 484 1706 556 ἐμόν;

143 570 174 641 ἢ
198 571 278 623 ὅτι
314 570 472 639 ὑμεῖς
503 569 569 622 ἐκ
600 569 694 622 τοῦ
723 571 927 642 πατρὸς
946 571 1038 624 τοῦ
1063 572 1306 626 διαϐόλου
1330 575 1453 628 ἐστέ
1477 593 1491 607 ’
1525 595 1542 628 ι
1569 577 1710 646 (ἀντὶ

141 661 252 725 τοῦ,
295 667 360 718 ἐκ
388 663 487 734 τῆς
517 664 703 727 οὐσίας
729 665 823 718 τοῦ
856 666 1146 739 διαϐόλου,)
1177 671 1423 742 φανερῶν
1457 672 1566 742 (19)
1613 673 1712 727 αύ-

143 755 250 815 τοίς
301 752 486 806 λοιπὸν
532 755 631 826 τὴν
675 755 833 824 φύσιν
866 757 1043 812 αὐτῶν
1066 798 1082 822 ,
1124 760 1219 814 καὶ
1256 761 1586 832 προελέγξας
1614 765 1711 817 αύ-

142 846 264 908 τοὺς
287 883 302 908 ,
330 845 412 898 ὃτι
447 844 572 899 οὔτε
616 845 711 899 τοῦ
755 847 1003 919 Ἀϐραάμ
1038 853 1144 904 είσι
1187 852 1381 917 τέκνα,
1413 855 1472 908 οὐ
1510 857 1618 928 γὰρ
1645 856 1710 910 ἂν

145 937 365 1007 ἐμίσουν
414 939 604 992 αὐτόν·
636 940 755 993 ούδέ
779 941 871 994 τοῦ
903 940 1038 996 Θεοῦ
1057 982 1072 1007 ,
1103 943 1182 998 διὸ
1217 946 1318 1000 ούκ
1357 947 1586 1017 ἠγάπων
1615 950 1710 1003 αὐ-

143 1028 250 1083 τόν.
285 1031 391 1083 Καὶ
416 1032 464 1083 εί
498 1031 598 1101 μὲν
620 1031 682 1085 τό
705 1049 718 1062 ν
765 1033 949 1102 Ὑμεῖς
975 1034 1044 1090 ἐκ
1070 1037 1175 1092 τοῦ
1205 1041 1425 1108 πατρὸς
1457 1041 1562 1096 τοῦ
1587 1043 1713 1098 δια-

144 1121 319 1174 ϐόλου
349 1121 526 1186 ἐστέ,
572 1121 844 1194 ἐξεδέχετο
868 1165 882 1189 ,
918 1125 994 1189 ὡς
1045 1129 1102 1180 ἐν
1149 1132 1262 1193 τοῖς
1305 1133 1558 1198 ἀνωτέρω
1597 1135 1711 1206 διη-

142 1211 456 1282 γησάμεθα,
534 1214 630 1268 καὶ
688 1215 873 1284 ἐλεγεο
914 1218 1012 1272 Διά
1057 1219 1118 1272 τὸ
1167 1220 1245 1274 ἐτι
1289 1223 1432 1293 ὑμᾶς
1471 1220 1607 1279 εἶναι
1645 1227 1710 1280 ἐκ

141 1303 230 1357 τοῦ
279 1305 555 1371 διαϐόλου,
607 1307 668 1361 ού
730 1307 953 1364 δύνασθε
987 1311 1232 1366 ’ἀκούειν
1285 1315 1378 1368 τὸν
1425 1315 1577 1385 λόγον
1617 1318 1708 1372 τὸν

142 1395 295 1467 ἐμὸν,
337 1396 441 1450 κᾶν
479 1396 897 1470 παρώεξάμεθα
934 1401 1097 1455 αὐτοῦ
1135 1403 1232 1475 τὴν
1269 1405 1517 1478 διήγησιν
1545 1426 1556 1437 ·
1593 1409 1708 1463 νυνὶ

139 1488 193 1542 δέ
220 1489 375 1558 δῆλός
405 1490 557 1542 ἐστιν
595 1491 913 1560 ὁμοουσίους
957 1493 1107 1557 τινὰς
1151 1494 1230 1565 τῷ
1273 1495 1502 1567 διαϐόλῳ
1535 1497 1707 1567 λέγων

142 1579 473 1649 ἀνθρώπους,
505 1581 717 1653 ἐτέρας,
747 1583 824 1647 ὡς
857 1584 1057 1637 οἴονται
1086 1588 1134 1638 οί
1179 1588 1272 1640 ἀπ’
1306 1586 1492 1651 αὐτοῦ,
1519 1590 1707 1655 οὐσίας

144 1673 455 1743 τυγχάνοντι
504 1675 635 1746 παρ’
682 1673 776 1739 οὓς
817 1675 1038 1730 καλοῦσι
1071 1676 1416 1750 ψυχικοὺς,ἧ
1459 1699 1705 1754 πνευμα-

143 1781 336 1828 τικους.

209 1855 290 1911 19.
333 1858 534 1928 Ὑμεῖς
572 1858 641 1913 ἐκ
670 1857 776 1913 τοῦ
803 1859 1028 1927 πατρὸς
1081 1859 1186 1914 τοῦ
1219 1859 1499 1917 διαϐόλου
1543 1862 1705 1926 ἐστὲ,

144 1947 232 2002 καί
277 1949 383 2016 τὰς
440 1949 760 2019 ἐπιθυμίας
819 1948 926 2003 τοῦ
998 1953 1222 2020 πατρὸς
1271 1952 1438 2022 ὑμῶν
1507 1955 1708 2010 θέλετε

143 2039 342 2093 ποιεῖν.
383 2039 710 2112 Ἀμφίϐολος
741 2042 774 2112 ὴ
807 2041 950 2105 λέξις
994 2042 1110 2096 ἐστί
1141 2043 1250 2113 (20)
1271 2059 1284 2072 ·
1320 2045 1570 2115 δηλοῦται
1601 2047 1708 2118 γὰρ

143 2130 230 2184 ἀπ’
257 2132 424 2203 αὐτῆς
451 2133 513 2186 ἐν
549 2133 668 2204 μὲν,
703 2132 779 2197 ὡς
823 2133 933 2203 ἄρα
969 2133 1082 2204 ἔχει
1128 2134 1156 2186 ὁ
1201 2135 1444 2200 διάϐολος
1472 2138 1706 2209 πατέρα,

143 2223 197 2288 ἐξ
226 2216 284 2275 οὗ
323 2223 550 2296 πατρὸς,
592 2226 716 2279 ὅσον
744 2226 838 2279 ἐπὶ
864 2225 942 2296 τῷ
976 2226 1143 2297 ῥητῷ,
1181 2228 1535 2298 ἐμφαίνονται
1569 2224 1708 2284 εἶναι

143 2309 278 2370 οὗτοι
308 2316 444 2387 πρὸς
485 2315 582 2380 οὒς
611 2319 640 2370 ό
679 2317 866 2385 λόγος·
903 2319 1088 2390 ἕτερον
1110 2319 1192 2383 δέ,
1223 2319 1252 2372 ὃ
1285 2319 1491 2390 βέλτιόν
1535 2323 1704 2385 ἐστιν,

140 2409 218 2461 ὅτι
245 2410 396 2478 ὑμεῖς
430 2413 500 2462 ἐκ
527 2408 676 2462 τοῦδε
717 2409 811 2462 τοῦ
849 2412 1054 2482 πατρός
1086 2413 1234 2475 ἐστε,
1278 2411 1398 2466 καθ’
1433 2413 1491 2466 ὃν
1533 2430 1706 2484 κατη-

142 2503 368 2571 γορεῖται
405 2500 488 2564 τὸ,
537 2500 798 2565 διάϐολος.
837 2502 1158 2573 Ἀμφίϐολον
1192 2504 1288 2574 μέν
1316 2499 1408 2558 οὖν
1435 2503 1502 2557 ἂν
1526 2504 1584 2558 τὸ
1616 2505 1705 2558 λε-

142 2595 378 2666 γόμενον,
424 2597 525 2650 καὶ
567 2595 726 2667 εἴπερ
770 2595 955 2670 εἴρητο
988 2599 1050 2651 τὸ
1088 2599 1348 2672 πρότερον
1383 2599 1584 2672 ἀρθρον
1621 2601 1703 2666 τὸ,

147 2685 261 2740 τοῦ·
285 2687 422 2758 πλὴν
451 2688 653 2758 μᾶλλον
676 2688 992 2759 ἀνεφαίνετο
1020 2692 1349 2763 σαφέστερον
1373 2693 1433 2746 τὸ
1463 2693 1707 2766 βούλημα

143 2776 226 2829 τοῦ
267 2777 448 2848 ῥητοῦ.
507 2780 770 2848 Μέντοιγε
815 2781 844 2832 ό
877 2783 1254 2854 συναγορεύων
1299 2783 1362 2837 τὸ
1401 2779 1541 2838 εἷναί
1584 2803 1706 2840 τινα

144 2866 227 2919 τοῦ
257 2870 502 2924 διαϐόλου
530 2871 765 2944 πατέρα,
788 2866 848 2928 οὗ
876 2875 1022 2938 υἱοὺς
1054 2873 1192 2940 δόξει
1213 2875 1393 2943 λέγειν
1414 2876 1540 2940 τοὺς
1570 2877 1706 2948 πρὸς

144 2957 228 3022 οὓς
250 2963 276 3013 ό
292 2960 444 3030 λόγος
468 2963 613 3027 ἐστὶ,
633 2964 894 3035 χρήσεται
911 2964 988 3036 τῷ
1010 2966 1388 3038 ἐπιφερομένῳ
1402 2966 1572 3030 οὕτως
1593 2967 1705 3038 (21)

1811 502 2007 551 meum,
2033 503 2100 543 an
2151 490 2403 559 quoniam
2446 507 2543 548 vos
2581 508 2647 549 ex
2696 503 2848 562 patre
2884 497 3099 553 diabolo
3128 501 3260 554 estis
3289 501 3312 554 l

1811 577 1934 646 (pro
1957 593 2021 632 eo
2052 581 2196 647 quod
2241 589 2348 645 est,
2376 596 2442 636 ex
2467 584 2703 638 essentia
2746 584 2973 654 diaboli)
3021 588 3374 646 manifestans

1810 666 1877 720 de
1904 677 2099 721 (βαδιετο
2126 677 2370 723 naturam
2400 671 2657 740 ipsorum,
2685 689 2806 728 cum
2843 675 3180 744 praedixisset
3231 680 3374 749 ipsos

1812 769 1986 823 neque
2031 755 2300 812 Abraham
2355 775 2478 816 esse
2515 761 2692 829 ﬁlios,
2738 765 2878 820 haud
2915 767 3063 821 enim
3098 770 3223 824 odio
3250 786 3373 840 per-

1812 857 2168 916 sequerentur
2193 849 2342 905 illum
2370 868 2386 917 ;
2441 869 2618 924 neque
2670 856 2787 924 Dei,
2821 873 2888 912 ex
2916 874 3024 929 quo
3052 877 3158 915 non
3185 863 3374 933 dilige-

1811 940 1940 996 bant
1979 941 2148 997 illum.
2203 943 2467 1000 Caeterum
2509 947 2556 1002 si
2608 949 2765 1015 illud,
2791 968 2876 1007 vos
2900 970 2965 1008 ex
2985 959 3133 1022 patre
3159 956 3372 1011 diabolo

1809 1032 1954 1098 estis,
1999 1035 2356 1104 exposuisset,
2409 1048 2468 1092 ut
2509 1039 2563 1094 in
2620 1043 2988 1110 superioribus
3027 1048 3374 1115 exposuimus

1812 1135 1935 1188 nos,
1993 1133 2048 1178 et
2091 1124 2321 1181 dixisset
2361 1128 2545 1195 :Quia
2603 1133 2780 1188 adhuc
2831 1149 2899 1188 ex
2947 1136 3161 1193 diabolo
3217 1141 3368 1207 estis,

1812 1229 1918 1268 non
1986 1219 2206 1286 potestis
2273 1220 2458 1277 audire
2515 1237 2819 1281 sermonem
2886 1243 3088 1295 meum,
3127 1234 3376 1291 admisis-

1809 1318 1991 1359 semus
2060 1308 2224 1361 etiam
2294 1309 2436 1366 illius
2489 1316 2892 1385 enarrationem
2936 1337 2954 1385 ς
2999 1337 3145 1378 nunc
3208 1325 3370 1397 333

1808 1404 1986 1449 autem
2029 1407 2213 1467 aperte
2263 1399 2396 1455 dicit
2443 1403 2702 1471 quosdam
2761 1409 3004 1467 homines
3060 1427 3181 1470 esse
3218 1415 3374 1488 [ὁμου

1806 1486 2040 1559 ουσίους,
2090 1487 2194 1545 hoc
2244 1491 2359 1564 est]
2403 1493 2646 1564 ejusdem
2711 1500 3022 1558 substantiae
3071 1520 3192 1560 cum
3222 1486 3372 1565 alia-

1809 1577 1953 1644 bolo,
2019 1581 2110 1650 qui
2142 1581 2365 1638 alterius
2425 1595 2510 1642 est
2565 1590 2903 1660 substantiae,
2955 1605 3014 1649 ut
3057 1598 3374 1656 existimant

1809 1669 1950 1725 illius
1970 1672 2133 1726 etiam
2158 1685 2476 1742 sectatores,
2508 1679 2576 1734 ab
2603 1681 2688 1736 his
2710 1697 2847 1752 quos
2867 1696 3058 1741 vocant
3083 1689 3366 1756 anlmales,

1740 1745 1780 1800 Β
1813 1760 1892 1813 vel
1923 1763 2252 1829 spiritualos.

1881 1853 1966 1909 19.
2016 1853 2113 1909 Vos
2135 1873 2198 1909 es
2217 1869 2364 1926 patre
2383 1861 2595 1916 diabolo
2626 1864 2771 1930 estis,
2799 1875 2848 1919 et
2896 1868 3158 1924 desideria
3198 1875 3367 1940 patris

1809 1948 1964 2000 vestri
1995 1947 2150 2002 vultis
2185 1951 2357 2020 facere
2391 1953 2504 2008 σοι’.
2555 1955 2852 2025 Ambiguus
2900 1971 2981 2015 est
3028 1973 3316 2021 contextus
3351 1983 3369 2024 :

1810 2034 2073 2107 [proinde
2101 2055 2314 2110 quoque
2335 2044 2532 2114 duplex
2554 2062 2617 2100 ex
2643 2063 2707 2102 eo
2733 2049 2858 2104 elici
2894 2064 3076 2121 potest
3107 2069 3298 2112 sensus
3317 2056 3370 2131 ;]

1811 2127 1970 2192 alter,
2003 2132 2156 2197 quasi
2190 2131 2438 2187 diabolus
2463 2135 2658 2190 habeat
2692 2145 2924 2205 patrem,
2953 2155 3018 2194 ex
3052 2158 3158 2211 quo
3192 2127 3368 2213 patre,

1807 2230 2065 2287 quantum
2097 2222 2164 2276 ad
2199 2234 2508 2279 contextum
2534 2227 2746 2294 attinet,
2771 2232 3126 2288 ostendantur
3151 2236 3202 2290 bi
3226 2252 3369 2302 esse,

1807 2311 1873 2364 ad
1906 2327 2042 2381 quos
2071 2323 2154 2368 est
2187 2329 2401 2381 sermo;
2433 2317 2593 2384 alter,
2622 2322 2713 2388 qui
2736 2321 2900 2376 etiam
2926 2323 3118 2379 melior
3141 2335 3246 2391 est,
3268 2324 3375 2382 Vos

1806 2416 1872 2456 ex
1905 2403 2007 2459 hoc
2034 2415 2189 2475 patre
2208 2408 2362 2474 estis,
2399 2409 2466 2464 de
2491 2424 2601 2478 quo
2623 2414 2950 2480 praedicatur
2986 2418 3243 2476 diabolus.
3275 2419 3372 2474 At-

1806 2508 1912 2562 que
1937 2495 2227 2567 ambiguus
2273 2500 2490 2569 quidem
2530 2502 2748 2560 futurus
2785 2515 2906 2559 erat
2939 2507 3030 2562 hic
3057 2519 3368 2574 contextus,

1807 2585 1852 2640 si
1883 2587 2072 2656 etiam,
2101 2589 2308 2646 omisso
2354 2593 2530 2660 primo
2569 2595 2798 2651 articulo
2828 2596 3151 2660 rob,dictum
3181 2599 3370 2656 fuisset

1806 2693 1871 2730 ea:
1896 2691 2064 2748 putre,
2089 2688 2144 2734 et
2169 2695 2274 2735 non
2303 2696 2369 2736 ex
2401 2681 2494 2737 illo
2523 2695 2715 2752 patre;
2741 2695 2978 2741 attamen
3008 2693 3250 2758 apertius
3274 2707 3370 2763 ap-

1807 2771 2081 2840 paruisset
2113 2773 2367 2829 voluntas
2400 2786 2713 2832 contextus.
2749 2779 2814 2834 Et
2835 2781 3050 2850 quidem
3077 2784 3170 2852 qui
3212 2783 3366 2839 fave-

1806 2873 1892 2919 ret
1917 2865 2157 2919 credenti
2191 2881 2312 2922 esse
2352 2867 2586 2938 aliquem
2615 2871 2814 2926 diaboli
2845 2885 3076 2941 patrem,
3113 2877 3269 2946 cujus
3300 2878 3367 2931 il-

1809 2955 1908 3012 lios
1931 2957 2182 3012 videatur
2207 2959 2390 3015 dicere
2421 2961 2522 3014 hos
2545 2961 2611 3016 ad
2642 2978 2778 3030 quos
2818 2973 2906 3018 est
2951 2980 3150 3032 sermo,
3188 2969 3370 3024 verbis

146 3051 336 3123 ἔχοντι·
381 3055 572 3110 Ὅταν
607 3057 772 3127 λαλῇ
827 3057 896 3112 τὸ
936 3059 1198 3128 ψεῦδος,
1244 3059 1313 3113 ἐκ
1372 3059 1489 3112 τῶν
1544 3059 1702 3113 latam

1863 3063 1930 3103 iac
1971 3047 2370 3120 subiunguntur
2408 3067 2606 3107 usurus
2647 3063 2730 3108 est
2773 3055 2851 3110 sic
2896 3070 2955 3110 se
3000 3057 3365 3118 habentibus:

145 3146 322 3208 λαλεῖ,
348 3146 434 3200 ὅτι
458 3149 740 3217 ψεύστης
764 3149 916 3212 ἐστὶ,
944 3149 1042 3204 καί
1072 3153 1105 3204 ό
1138 3149 1334 3218 πατὴρ
1363 3150 1574 3205 αὐτοῦ·
1611 3151 1706 3205 καὶ

146 3237 266 3306 φησὶ
295 3236 403 3310 (22)
441 3237 643 3308 ψεῦδος
679 3240 776 3310 μὲν
822 3235 959 3294 εἶναι
1012 3239 1102 3292 τὸν
1143 3238 1405 3302 διάϐολον,
1447 3238 1604 3292 ἀλλον
1647 3239 1705 3292 δὲ

146 3329 283 3399 παρά
309 3330 502 3384 τοῦτον
531 3326 670 3385 εἶναι
699 3331 790 3385 τὸν
815 3332 908 3385 τοῦ
931 3331 1159 3401 ψεύδους
1188 3331 1428 3402 πατέρα⁹
1464 3331 1580 3384 ἀλλ’
1606 3330 1704 3400 οὐχ

147 3419 300 3487 ὑγιῶς
323 3421 478 3476 τοῦτο
499 3422 820 3494 λεχθήσεται
838 3440 850 3454 ·
887 3424 1086 3495 μᾶλλον
1108 3422 1217 3494 γάρ
1239 3423 1300 3476 τὸ
1319 3421 1510 3492 ψεῦδος
1541 3423 1704 3492 ἐφαρ-

151 3513 290 3582 μόσει
312 3515 386 3586 τῷ
404 3516 635 3587 ἐναντίῳ
652 3519 744 3570 τοῦ
768 3516 1030 3581 εἰπόντος·
1060 3515 1206 3584 Ἐγώ
1223 3518 1340 3585 ειμι
1367 3517 1406 3580 ἡ
1437 3516 1701 3581 ἀλήθεια·

151 3602 350 3674 λέγωδὲ
384 3607 460 3678 τῷ
481 3607 710 3678 ἐναντίῳ
738 3608 996 3680 Χριστοῦ,
1029 3601 1074 3676 ᾧ
1242 3607 1480 3678 ψεύστης
1510 3608 1656 3662 ἐστὶν
1675 3609 1706 3659 ό

149 3697 338 3769 πατὴρ,
384 3701 412 3752 ό
443 3698 691 3762 διάϐολος
726 3696 822 3752 ῶν.
879 3699 1019 3752 Ἀλλ’
1053 3700 1198 3762 εἰκός
1227 3717 1348 3754 τινα
1378 3698 1706 3770 προσκόψειν

147 3787 220 3858 τῷ
261 3787 448 3859 ψεῦδος
497 3785 639 3843 εἶναι
683 3790 775 3843 τὸν
821 3789 1182 3863 ἀντίχριστον,
1231 3793 1332 3845 οὐκ
1384 3789 1463 3844 ἔτι
1507 3791 1705 3861 ψεκτὸν

147 3877 406 3950 ἐσόμενον,
432 3882 530 3936 ἐάν
565 3885 630 3954 τῇ
676 3883 969 3936 ὑποστάσει
998 3883 1186 3955 ἕτερον
1221 3883 1387 3954 μηδὲν
1415 3883 1608 3953 ψεῦδος
1631 3879 1664 3957 ᾖ
1686 3900 1700 3914 ⁸

149 3971 273 4040 πρὸς
298 3972 356 4025 όν
380 3971 757 4044 παραθέμενος
784 3972 868 4026 τοο
913 3971 1189 4026 Ἀπώλεια
1212 3971 1440 4042 ἐγένου,
1466 3971 1562 4025 καὶ
1591 3973 1705 4040 οὐχ

148 4063 415 4134 ὑπάρξεις
437 4070 526 4132 εὶς
553 4065 657 4119 τὸν
684 4065 888 4128 αἰῶνα,
913 4066 1218 4137 (εἰρημένον
1246 4068 1303 4118 ἐν
1328 4064 1406 4135 τῷ
1448 4062 1706 4136 Ἰεζεκιὴλ

150 4157 265 4226 περί
305 4174 448 4222 τινος
500 4158 591 4213 διά
633 4157 732 4231 τὴν
773 4159 972 4213 κακίαν
1018 4157 1480 4230 μεταϐεϐληκότος
1517 4159 1596 4220 εἰς
1642 4156 1706 4210 τὸ

149 4248 384 4315 γενέσθαι
412 4250 576 4304 αὑτὸν
608 4249 926 4322 ἀπώλειαν,)
952 4251 1072 4304 καθ’
1114 4249 1407 4320 ὁμοιότητα
1449 4265 1706 4320 παραμυ-

149 4340 278 4413 θήσῃ
293 4343 400 4414 (24)
414 4345 507 4397 καὶ
525 4343 588 4396 τὸ
607 4344 738 4416 περὶ
751 4343 844 4398 τοῦ
862 4343 1085 4414 ψεύδους
1099 4342 1199 4395 ούκ
1219 4338 1353 4395 εἷναί
1368 4358 1490 4395 τινα
1506 4341 1619 4413 (‘25)
1633 4344 1699 4412 τῇ

1810 3138 1940 3193 Cum
1968 3140 2200 3211 loquitur
2225 3143 2575 3210 mendacium,
2608 3160 2674 3198 ex
2707 3148 2931 3216 propriis
2965 3148 3215 3218 loquitur,
3234 3170 3368 3222 quo-

1810 3232 1950 3285 niam
1973 3232 2323 3294 mendaarest,
2351 3243 2398 3287 et
2420 3244 2571 3302 pater
2594 3236 2708 3304 ejus
2731 3237 2810 3304 ⁴⁶;
2849 3240 3100 3310 dicetque
3145 3245 3368 3300 menda-

1807 3323 1950 3376 cium
1999 3335 2122 3376 esse
2158 3322 2450 3390 diabolum,
2485 3324 2757 3383 diversum
2803 3343 2933 3384 vero
2983 3332 3052 3386 ab
3105 3334 3208 3389 hoc
3246 3349 3370 3391 esse

1809 3415 2074 3469 mendacii
2099 3426 2306 3486 patrem
2331 3437 2344 3472 :
2381 3419 2474 3472 sed
2502 3435 2606 3475 non
2631 3432 2777 3476 recte
2794 3423 2896 3478 hoc
2916 3424 3217 3493 diceretur;
3243 3443 3368 3482 nam

1809 3508 1980 3578 magis
2031 3509 2320 3564 conveniet
2375 3513 2710 3567 mendacium
2766 3517 3042 3571 contrario
3091 3519 3365 3576 dicentis:

1808 3600 1922 3670 Ego
1949 3618 2068 3656 sum
2096 3603 2285 3656 veritas
2302 3603 2382 3669 ‘7;
2412 3606 2534 3661 dico
2579 3618 2756 3662 autem
2809 3610 3084 3666 contrario
3138 3610 3368 3682 Christi,

1807 3692 1892 3745 cui
1927 3692 2159 3748 mendax
2191 3703 2276 3749 est
2303 3703 2479 3763 pater,
2521 3699 2614 3766 qui
2641 3698 2886 3753 diabolus
2927 3709 3030 3756 est.
3085 3702 3190 3756 Sed
3237 3718 3366 3759 con-

1808 3791 2127 3837 sentaneum
2165 3795 2249 3839 est
2289 3786 2520 3854 aliquem
2554 3785 2812 3841 offensum
2839 3787 2926 3851 iri,
2951 3803 3016 3844 eo
3041 3792 3185 3859 quod
3209 3793 3366 3848 dixe-

1808 3873 1978 3927 rimus
2001 3872 2391 3929 Antichristum
2419 3887 2540 3930 esse
2569 3876 2902 3930 mendacium
2921 3916 2937 3942 ,
2961 3878 3365 3948 vituperabilem

1810 3977 1918 4018 non
1945 3964 2176 4033 amplius
2208 3963 2470 4030 futurum,
2517 3965 2562 4019 si
2600 3965 2876 4035 hypostasi
2915 3977 2970 4021 et
3014 3971 3247 4026 essentia
3291 3974 3368 4028 nil

1809 4055 1954 4108 aliud
1982 4055 2052 4109 sit
2077 4055 2454 4122 mendacium;
2488 4066 2678 4110 contra
2705 4071 2862 4125 quem
2891 4073 3013 4114 cum
3050 4062 3295 4119 attuleris
3313 4064 3370 4121 iu

1809 4146 2047 4202 medium
2099 4147 2230 4202 illud
2264 4165 2278 4201 :
2321 4147 2558 4202 Perditio
2595 4149 2770 4216 factus
2815 4167 2906 4218 es,
2945 4162 2992 4207 et
3031 4171 3133 4209 non
3168 4159 3272 4212 eris
3309 4157 3371 4212 in

1806 4238 2057 4293 amulum
2079 4239 2124 4271 ⁸⁸
2147 4239 2311 4309 (quod
2336 4240 2388 4294 in
2404 4238 2691 4296 Ezechiele
2707 4243 2910 4298 dictum
2938 4253 3020 4300 est
3045 4246 3113 4302 de
3134 4249 3367 4317 quodam

1807 4332 1897 4402 qui
1927 4343 2148 4402 propter
2175 4332 2364 4386 vitium
2404 4333 2719 4390 immutatus
2749 4334 2949 4402 fuerat,
2983 4346 3044 4392 ut
3080 4350 3222 4394 esset
3250 4341 3366 4409 ipsa

151 4431 428 4488 ὑποστάσει
466 4436 534 4489 ἐκ
570 4435 934 4506 κατασκευῆς,
974 4434 1110 4488 ἀλλά
1151 4435 1217 4486 ἐκ
1251 4433 1573 4505 μεταϐολῆς,
1613 4435 1702 4486 καὶ

1863 4425 2090 4495 :rditio).
2121 4433 2174 4477 tu
2203 4426 2456 4480 similiter
2487 4427 2651 4482 etiam
2703 4428 2950 4498 proferes
2981 4431 3214 4500 aliquem
3259 4447 3369 4489 non

154 4525 277 4590 ἰδίας
321 4527 708 4600 προαιρέσεως,
750 4527 988 4581 τοιοῦτον
1028 4527 1085 4580 δὲ
1129 4525 1524 4598 γεγεννημένον
1543 4565 1558 4588 ,
1606 4525 1701 4578 καὶ

149 4619 326 4684 οὕτως,
354 4622 440 4675 ίνα
467 4619 669 4684 καινῶς
700 4619 968 4691 ὀνομάσω,
1005 4619 1438 4690 πεφυσιωμένον.
1467 4618 1540 4670 Οὐ
1573 4616 1701 4686 φεύ-

151 4726 253 4778 γων
274 4713 378 4783 (26)
403 4714 534 4782 γοῦν
561 4731 645 4777 τις
664 4713 739 4777 ὡς
762 4712 957 4766 ἄτοπον
991 4712 1054 4764 τὸ
1088 4711 1319 4780 φάσκειν
1348 4706 1484 4764 εἶναι
1512 4709 1703 4779 ψεῦδος

149 4801 234 4854 τὸν
272 4803 626 4876 ἀντίχριστον,
680 4805 797 4877 ἐρεῖ
846 4802 940 4856 καὶ
988 4804 1154 4856 πᾶσιν
1205 4797 1535 4872 ἐφαρμόζειν
1591 4799 1704 4859 τοῖς

151 4890 480 4966 ψευδομένοις
529 4897 623 4950 τό·
676 4897 858 4950 ’Ὅταν
887 4893 1049 4964 λαλῇ
1087 4893 1152 4948 τὸ
1198 4892 1444 4962 ψεῦδος,
1480 4890 1548 4943 ἐκ
1587 4887 1705 4972 τῶν

1805 4529 1929 4570 esse
1958 4525 2148 4570 natura
2194 4517 2555 4582 mendacium,
2600 4533 2667 4573 ex
2701 4521 3002 4584 creatione,
3031 4522 3124 4576 sed
3153 4537 3222 4576 ex
3249 4539 3370 4576 mu-

1809 4611 2030 4677 tatione,
2063 4620 2118 4664 et
2145 4613 2366 4680 proprio
2395 4613 2674 4682 ιιι-οροεὶιο
2714 4613 2877 4667 talem
2926 4611 3125 4666 factum
3174 4613 3364 4679 fuisse,

1805 4711 1861 4756 et
1891 4702 1992 4767 sic,
2025 4712 2086 4756 ut
2118 4717 2254 4757 nove
2278 4702 2475 4766 dicam,
2509 4713 2837 4758 naturntum.
2868 4704 3230 4771 Quamobrem
3255 4719 3369 4764 non

1808 4793 2021 4863 fugiens
2062 4793 2183 4861 quis
2230 4807 2329 4848 ceu
2385 4793 2682 4847 absurdum
2732 4795 2916 4850 dicere
2975 4795 3366 4850 Antichristqu

1809 4883 2149 4938 mendacium
2187 4898 2328 4950 esse,
2371 4885 2518 4940 dicet
2555 4883 2808 4941 curulibus
2860 4885 3024 4940 etiam
3069 4900 3369 4955 congruere

216 5056 304 5088 "“
329 5055 483 5113 Joan.
511 5060 641 5126 mil,
685 5058 777 5118 ιι.
852 5059 898 5090 ⁸⁸
935 5058 1065 5113 ibid.
1140 5057 1183 5088 ‘7
1217 5055 1372 5111 Joan.
1411 5069 1523 5117 xw,
1565 5053 1620 5108 6.
1697 5051 1742 5083 “'
1769 5047 1967 5106 Ezech.
1995 5064 2187 5116 xxvut,
2217 5047 2304 5104 19.

219 5214 537 5300 ('9)'Codex
588 5217 1235 5290 Bodleianus,<pavspt1'N°
1277 5217 1496 5288 Regius,
1556 5216 1699 5270 male

1877 5212 1990 5282 (22)
2017 5213 2192 5285 φησι.
2220 5213 2506 5285 Ferrarius
2545 5213 2757 5285 legebat
2784 5217 2968 5285 φήσει.

1875 5285 1989 5351 (25)
2029 5284 2306 5346 Ἑναντίῳ
2332 5284 2611 5350 Χριστοῦ,
2635 5284 2696 5349 ᾦ.
2723 5288 2797 5338 ita
2825 5292 2992 5339 codex
3022 5284 3363 5351 Bodleianus,

153 5297 751 5428 ῗαῖἕῶοᾌμφίϐολοςή
777 5361 948 5426 λέξις
973 5360 1126 5420 ἐστι,
1145 5369 1251 5414 etc.
1283 5358 1546 5425 Ambigua
1575 5369 1701 5412 sunt

1875 5297 1989 5351 (2ο)
2035 5297 2306 5346 ἰςναντιῳ
2332 5297 2611 5350 λριστου,
2635 5297 2696 5349 φ.
2723 5297 2797 5338 lla
2825 5297 2992 5339 codex
3022 5297 3358 5351 ttoulemnus,

1887 5359 1966 5408 sic
1988 5355 2126 5428 legit
2151 5353 2467 5419 Ferrarius;
2500 5355 2670 5409 codex
2697 5373 2825 5410 vero
2857 5354 3080 5425 Regius,
3114 5354 3358 5428 ἀντιχρί-

156 5418 348 5485 Graeca,
391 5418 598 5510 ξκ”.τοῦ
651 5418 856 5510 πατρὸς
870 5418 978 5484 ’τοῦ
1007 5418 1254 5510 διαϐόλου
1279 5418 1562 5510 ¹ἐστεε,’1ι(ξ‹;
1594 5441 1697 5510 est,

159 5506 187 5540 a
217 5503 355 5557 patre
380 5497 586 5550 diabolo
609 5497 877 5565 estis,'\'el,
896 5519 927 5553 α
952 5513 1098 5565 patre
1115 5500 1310 5553 diaboli
1344 5501 1486 5552 estis.
1511 5497 1696 5553 Latina

161 5572 322 5640 autem
356 5566 553 5640 nullam
589 5570 1237 5640 babentambiguitatem.
1267 5569 1525 5640 Hus'nus.

1805 5440 1937 5493 στῳ,
1958 5418 2039 5477 οὗ.

2022 5493 2200 5575 codex
2235 5494 2453 5575 Hyginus,
2489 5496 2887 5575 napapubﬁcst.
2996 5564 3034 5575 ﬁ
3113 5565 3123 5575 _

1875 5564 1990 5635 (25)
2043 5566 2164 5618 Οὐκ
2227 5565 2378 5618 εἷναί
2429 5564 2583 5624 τινα.
2645 5564 2700 5619 lu
2761 5564 2947 5620 codice
2996 5564 3164 5634 Regio
3210 5565 3364 5620 deest

226 5629 327 5710 (ξι)
349 5634 560 5707 Οὕτως.
585 5640 742 5694 Deest
765 5641 819 5694 in
844 5629 1030 5695 codivce
1053 5638 1242 5710 Regio,
1297 5641 1391 5696 sed
1420 5639 1613 5709 legitur
1639 5639 1691 5693 in

1865 5629 1924 5710 κε

163 5695 456 5757 Bodleiano.

432 5795 697 5860 ΡΑτιιοι..
743 5799 861 5860 Gn.
906 5799 1078 5863 XIV.

1874 5702 1986 5776 (26)
2019 5705 2102 5759 οὺ
2127 5705 2380 5776 φεύγων.
2405 5706 2462 5764 in
2487 5707 2674 5766 eodem
2705 5707 2889 5765 codice
2913 5707 3080 5778 Regio
3105 5701 3354 5763 dcestciu

3046 5800 3126 5863 20
