3688 6146
247 265 310 321 Μ
319 265 356 321 9

1675 252 1992 310 ORIGE‘NIS

3377 241 3504 298 620

251 380 638 439 mentientibus
654 375 758 435 hoc
779 378 985 435 dictum
1009 393 1022 432 :
1048 377 1181 434 Cum
1204 377 1438 449 loquitur
1459 378 1797 432 mendacium.

1976 373 2077 425 [ων
2123 369 2329 425 λαλεῖι
2381 366 2442 421 τὺ
2483 367 2590 440 γὰρ
2633 367 2691 420 ἐν
2737 364 2953 434 ἑκάστῳ
2985 363 3092 417 τῶν
3132 362 3503 433 ψευδομένων

250 493 314 530 ea:
345 475 568 544 prapriis
595 473 830 543 loquitur
843 473 913 526 ιθ.
940 472 1073 528 Cum
1102 471 1246 527 enim
1275 469 1640 533 mendacium,
1667 469 1809 529 quod

249 571 303 625 in
330 567 556 638 singulis
582 565 968 621 mentientibus
1001 564 1158 630 inest,
1193 562 1450 631 loquitur,
1479 577 1545 616 ex
1573 560 1810 630 propriis

250 658 546 716 mendaciis
565 659 821 729 loquitur.
836 657 974 724 Quin
1003 657 1163 712 etiam
1197 655 1245 710 si
1275 657 1390 710 haec
1416 653 1581 708 verba
1612 669 1626 706 :
1666 651 1809 706 Meu-

247 753 358 806 rlaa:
389 761 487 816 est,
511 760 562 806 et
589 761 738 820 pater
763 749 875 819 ejus
900 749 966 814 ⁸ο,
1003 763 1069 804 eo
1107 747 1335 811 referas,
1364 755 1423 800 ut
1451 758 1811 814 unumquem-

248 861 354 917 que
383 846 749 917 proferentem
781 841 1123 897 mendacium
1151 855 1216 894 ex
1247 855 1344 894 suo
1372 839 1540 908 ipsius
1569 850 1686 902 ore,
1726 835 1809 889 di—

248 955 342 994 cas
373 952 494 992 esse
521 945 729 1005 patrem
756 933 870 1002 ejus
896 932 1159 987 mendacii
1212 931 1354 1002 quod
1396 929 1656 1000 loquitur,
1707 927 1808 980 hu-

248 1029 477 1095 iusmodi
503 1041 633 1082 sane
662 1024 953 1095 assignatio
983 1023 1212 1079 absurda
1252 1037 1356 1077 non
1383 1023 1524 1077 erit.‘
1538 1021 1644 1075 Sed
1665 1019 1807 1074 dicta

252 1123 365 1175 haec
395 1117 558 1190 33‘.
583 1125 744 1172 sunto
782 1115 940 1170 veluti
972 1113 1271 1185 adiacentia
1308 1111 1648 1182 amphibolia:
1675 1127 1808 1169 con-

247 1221 432 1267 textus
470 1210 625 1265 nobis
655 1206 907 1275 expositi.

315 1301 404 1355 20.
433 1300 706 1372 [Sequitur
729 1301 861 1372 (26‘)
883 1319 894 1353 :
918 1299 983 1354 Et
1005 1301 1266 1356 desideria
1288 1303 1455 1370 patris
1475 1301 1634 1358 vestri
1652 1300 1807 1356 vultis

249 1391 420 1461 facere
449 1391 541 1462 “.]
569 1392 894 1458 Enarrantes
935 1391 1025 1445 illa
1056 1391 1261 1445 verba:
1296 1389 1396 1444 Vos
1439 1389 1616 1459 facitis
1653 1406 1809 1460 opera

246 1484 416 1551 patris
442 1484 601 1537 uestri
621 1483 689 1548 ⁸³,
719 1482 1105 1538 antevertimus
1126 1482 1286 1537 etiam
1311 1483 1366 1536 in
1395 1483 1495 1537 bos
1521 1481 1808 1550 disserere,

251 1574 560 1646 frequenter
605 1576 803 1645 alioqui
843 1575 1154 1646 colligentes
1193 1590 1312 1644 qua:
1337 1575 1493 1631 nobis
1525 1575 1673 1630 utilia
1697 1576 1810 1631 visa

1913 464 2104 534 ψεῦδος
2133 462 2269 518 ἐπὰν
2298 461 2455 533 λαλῇ,
2495 462 2559 514 ἐκ
2586 459 2693 514 τῶν
2733 459 2876 510 ίδίων
2903 455 2997 509 τοῦ
3036 455 3264 524 ψεύδους
3304 452 3499 507 λαλεῖ.

1929 557 2086 611 Ἀλλὰ
2115 558 2208 610 καὶ
2235 555 2325 608 τὸ’
2367 555 2644 620 Ψεύστης
2673 549 2844 604 ἐστὶν
2876 552 2908 602 ό
2947 547 3142 615 πατὴρ
3171 545 3381 606 αὐτοῦ,
3423 543 3501 596 ἂν

1916 651 2112 723 ἐνέγκῃ
2140 649 2248 719 (27)
2276 647 2367 701 ἐπὶ
2400 647 2461 698 τὸ
2491 646 2718 699 ἕκαστον
2741 643 2831 695 τὸν
2858 639 3262 712 προφερόμενον
3287 635 3503 704 ψεῦδος

1915 745 1979 796 ἐκ
2005 743 2268 812 στόματος
2308 737 2499 792 ἐαυτοῦ
2549 735 2760 806 πατέρα
2791 729 2929 786 εἶναι
2955 724 3016 784 οῦ
3045 730 3195 783 λαλεῖ
3229 727 3499 798 ψεύδους,

1916 838 2008 890 καὶ
2035 837 2135 890 οὐκ
2176 833 2434 896 ἀπίθανός
2469 847 2529 884 τε
2566 830 2719 882 ἐσται
2747 828 2781 896 ἠ
2805 824 3027 894 τοιαύτη
3059 823 3336 884 ἀπόδοσις.
3369 818 3504 871 Καὶ

1913 927 2084 981 ταῦτα
2123 925 2218 996 μὲν
2249 924 2324 987 ὡς
2355 919 2735 994 παρακείμενα
2767 919 2834 988 τῇ
2858 914 3154 988 ἀμφιϐολίᾳ
3174 911 3270 966 τοῦ
3298 913 3504 964 ἐκκει·

1918 1018 2077 1089 μένου
2101 1018 2233 1088 ἡμῖν
2263 1013 2425 1086 ῥητοῦ
2457 1012 2569 1083 (28)
2595 1009 2850 1082 εἰρήσθω.

1980 1289 2072 1344 20.
2114 1287 2266 1342 Ἐπεὶ⁵
2309 1286 2367 1340 δέ
2413 1283 2758 1356 διηγούμενοι
2788 1283 2880 1336 τό·
2932 1280 3116 1351 Ὑμεῖς
3159 1277 3384 1333 ποιεῖτε
3419 1277 3512 1330 τὰ

1911 1375 2054 1446 ἔργα
2085 1375 2191 1429 τοῦ
2221 1373 2442 1441 πατρὸς
2480 1371 2666 1442 ὑμῶν,
2702 1369 3059 1442 προλαϐόντες
3081 1369 3177 1423 καὶ¹
3204 1371 3284 1432 είς
3320 1366 3512 1420 τοῦτο

1913 1469 2231 1540 εἰρήκαμεν,
2279 1464 2602 1534 πολλαχόθεν
2656 1463 2725 1516 τὰ
2774 1462 3013 1531 φανέντα
3055 1462 3187 1532 ἡμῖν
3242 1462 3321 1523 εἰς
3379 1458 3510 1528 τὴν

1912 1561 2161 1632 διήγησιν
2204 1560 2450 1630 χρήσιμα
2492 1554 2907 1623 συναγαγόντες,
2952 1553 3051 1606 οὑκ
3103 1551 3335 1619 εὐλόγως
3385 1548 3507 1603 νῦν

249 1667 464 1720 fuerant
507 1666 573 1720 ad
617 1666 1042 1732 enarrationem;
1074 1665 1298 1736 proinde
1323 1665 1440 1720 sine
1479 1680 1639 1722 causa
1663 1680 1797 1720 nunt

1976 1652 2403 1725 ›οσδιατρίψομεν
2428 1649 2507 1721 τῷ
2528 1650 2696 1727 τόπῳ.
2725 1649 2871 1719 Πλὴν
2899 1647 2952 1700 ετ
2970 1665 3052 1710 τις
3079 1647 3157 1717 τῷ
3185 1648 3354 1698 ποιεῖν
3383 1643 3509 1715 τὴν

249 1756 350 1810 hoc
383 1755 437 1810 in
469 1753 590 1810 loco
622 1770 728 1810 non
759 1754 1198 1811 immorabimur.
1237 1755 1390 1822 Quod
1418 1755 1464 1811 si
1498 1756 1620 1826 quis
1657 1765 1797 1812 ortus

1976 1746 2179 1818 ιαρτίαν
2207 1747 2272 1799 ἐκ
2297 1744 2390 1798 τοῦ
2418 1742 2659 1798 διαϐόλου
2685 1741 3023 1811 γεγέννηται,
3051 1740 3144 1793 καὶ
3170 1738 3242 1810 μὴ
3270 1738 3512 1807 κατήρ-

248 1848 414 1903 fuerit
443 1862 510 1903 ex
538 1847 778 1912 diabolo,
807 1861 872 1902 eo
898 1847 1042 1917 quod
1071 1848 1384 1902 committat
1415 1857 1718 1917 peccatum,
1752 1858 1808 1904 et

244 1939 482 1994 hunc-ab
510 1938 600 1994 illo
639 1947 818 1994 ortum
853 1953 960 1992 non
991 1939 1309 2003 aboleverit,
1348 1939 1439 1995 hic
1469 1955 1576 1995 non
1618 1955 1804 2006 unum,

241 2030 335 2084 sed
361 2029 516 2099 plura
548 2029 816 2085 desideria
851 2029 977 2084 talis
997 2029 1169 2098 patris
1199 2029 1314 2084 vult
1333 2029 1548 2096 facere;
1575 2046 1807 2101 cumque

241 2118 508 2173 desideria
531 2134 650 2188 qua:
675 2125 801 2174 sunt
832 2117 884 2172 in
905 2118 1158 2174 omnibus
1183 2118 1307 2175 filiis
1336 2119 1552 2185 diaboli,
1580 2137 1808 2176 nascan-

241 2218 376 2263 tura
395 2209 678 2266 desideriis
705 2224 825 2279 qua:
849 2219 976 2265 sunt
997 2209 1051 2264 in
1086 2209 1323 2276 diabolo,
1349 2212 1693 2282 perspicuum
1724 2221 1807 2270 est

241 2302 507 2358 desideria
553 2301 697 2355 illius
737 2314 858 2356 esse
904 2299 1246 2370 prudentiam
1297 2303 1541 2357 materize
1584 2313 1639 2358 et
1680 2319 1805 2360 cor-

241 2395 534 2465 ruptionis,
553 2407 688 2462 quas
719 2391 939 2462 proprie
967 2391 1213 2446 inimicas
1240 2393 1437 2448 dixerit
1467 2393 1661 2464 aliquis
1686 2409 1806 2452 esse

240 2487 500 2542 adversus
527 2484 717 2540 Deum.
747 2483 926 2553 Atque
952 2483 1125 2537 caedes
1148 2483 1386 2552 quidem,
1409 2494 1466 2538 et
1495 2485 1803 2556 injustitias,

237 2587 295 2633 et
324 2576 628 2639 avaritiam,
658 2576 703 2629 si
735 2573 858 2644 quis
885 2574 1031 2629 dicat
1055 2573 1200 2628 illius
1218 2587 1338 2629 esse
1360 2574 1652 2642 desideria,
1686 2592 1806 2646 quae

236 2677 500 2741 generent
531 2666 797 2724 desideria
822 2667 908 2723 his
936 2667 1134 2723 similia
1169 2668 1223 2724 in
1249 2668 1374 2725 ﬁliis
1400 2669 1540 2738 ejus,
1564 2686 1670 2726 non
1695 2673 1806 2727 dis-

236 2768 496 2816 sentanea
544 2759 817 2829 loquitur;
855 2768 1020 2826 atque
1065 2758 1229 2813 etiam
1263 2761 1591 2830 generaliter
1623 2763 1806 2820 dicere

237 2850 634 2916 immunditias,
667 2857 877 2904 natura:
915 2848 991 2903 illi
1024 2849 1329 2919 purissimae
1358 2852 1661 2908 contrarias
1703 2867 1803 2908 ex-

235 2943 517 3005 sistentes,
559 2953 685 2995 esse
717 2937 860 2993 illius
903 2937 1192 3003 desideria,
1226 2952 1256 2991 a
1298 2940 1496 3008 quibus
1529 2941 1802 2997 desideria

237 3034 624 3106 ingenerentur
671 3030 869 3088 diaboli
914 3030 1040 3087 filiis
1083 3030 1150 3085 ad
1201 3045 1288 3087 res
1329 3031 1653 3102 immundae,
1696 3050 1801 3090 non

235 3132 461 3196 gravate
491 3123 884 3177 admittendum
915 3131 1031 3186 est;
1063 3121 1248 3177 dicere
1282 3124 1448 3176 etiam
1475 3123 1801 3181 fornicatio-

236 3233 384 3284 nem,
411 3217 497 3272 vel
523 3215 868 3282 adulterium,
901 3215 984 3269 vel
1009 3231 1247 3272 amorem
1272 3217 1564 3272 obscenum
1589 3219 1645 3274 in
1676 3236 1804 3290 pue-

235 3325 350 3376 ros,
377 3309 463 3365 vel
485 3307 788 3372 mollitiem,
817 3322 941 3364 esse
962 3309 1101 3363 illius
1127 3310 1476 3377 desiderium,
1503 3311 1658 3366 facile
1679 3314 1802 3381 quis

235 3403 400 3458 etiam
433 3400 728 3455 admiserit.
754 3397 906 3465 Quod
932 3400 976 3455 si
1000 3400 1209 3454 dubitet
1235 3399 1358 3468 quis
1380 3414 1612 3469 quonam
1647 3411 1803 3472 pacto

238 3496 356 3551 haec
403 3493 672 3548 desideria
714 3494 767 3547 in
819 3493 1130 3548 hominibus
1177 3494 1428 3550 oriantur
1456 3509 1486 3548 a
1518 3495 1802 3552 desideriis

1828 3083 1872 3142 C

236 3599 360 3656 quae
381 3594 510 3640 sunt
537 3585 588 3638 in
621 3582 733 3647 illo,
781 3591 1042 3648 quantum
1086 3584 1154 3635 ad
1198 3585 1361 3638 verba
1391 3583 1603 3649 attinet,
1636 3586 1826 3641 veluti”

235 3677 494 3750 quiddam
518 3675 820 3732 universale
839 3673 1100 3731 doceatur
1115 3675 1180 3730 de
1207 3674 1488 3729 desideriis
1517 3690 1638 3745 quae
1674 3686 1802 3732 sunt

234 3770 293 3827 in
323 3768 651 3837 hominibus,
679 3769 823 3839 quod
854 3767 1024 3824 velint
1043 3768 1292 3822 homines
1321 3766 1586 3822 desideria
1631 3769 1802 3838 patris

235 3865 322 3921 sui
347 3864 548 3931 facere,
564 3863 690 3933 quia
715 3864 894 3918 omnia
917 3876 1038 3931 quae
1059 3870 1256 3931 praeter
1279 3861 1450 3932 legem
1468 3861 1798 3931 desiderant,

236 3966 397 4011 antea
434 3954 633 4010 fuerint
661 3955 985 4010 desiderium
1023 3954 1194 4022 patris
1222 3955 1306 4008 sui
1356 3951 1488 4024 (tale
1531 3953 1675 4008 enim
1717 3963 1804 4009 est

234 4050 378 4118 quod
404 4048 642 4102 dicitur:
672 4043 738 4099 Et
759 4046 1021 4100 desideria
1040 4047 1208 4115 patris
1225 4046 1380 4100 vestri
1403 4045 1556 4100 vultis
1580 4046 1800 4116 facere),

237 4141 302 4193 ad
335 4139 450 4193 haec
472 4137 759 4192 dicendum
797 4146 880 4191 est
916 4137 1188 4192 diabolum
1239 4137 1553 4192 desiderare
1585 4146 1645 4192 ut
1679 4152 1802 4194 cor-

235 4235 540 4295 rumpatur,
572 4224 722 4279 verbi
770 4224 963 4294 gratia,
1011 4225 1100 4281 hic
1143 4240 1298 4295 puer,
1340 4226 1431 4280 illa
1475 4225 1798 4282 adulterium

233 4317 557 4382 committat,
587 4315 642 4370 hi
673 4314 1050 4382 fornicentur;
1092 4325 1146 4370 et
1176 4318 1289 4372 haec
1317 4317 1675 4372 desiderando
1719 4318 1802 4372 in-

235 4499 414 4554 ciendi
459 4515 578 4568 qua:
608 4499 695 4552 ille
741 4498 926 4567 cupiat
968 4498 1146 4555 ellici:
1189 4507 1249 4553 ut
1281 4500 1382 4553 hac
1411 4500 1628 4556 ratione
1657 4501 1802 4556 dicat

235 4592 430 4661 aliquis
457 4590 730 4646 diabolum
759 4591 1194 4646 committentem
1236 4591 1678 4658 fornicationem,
1707 4601 1802 4648 aut

235 4684 581 4748 adulterium,
637 4683 791 4753 prius
847 4683 1106 4738 fornicari
1163 4692 1222 4738 et
1266 4684 1418 4754 prius
1471 4684 1798 4740 adulterium

235 4776 574 4831 committere
605 4791 768 4845 quam
795 4777 1090 4833 hominem.
1135 4774 1282 4830 Idem
1323 4775 1487 4830 etiam
1536 4775 1685 4831 dices
1733 4777 1802 4832 de

236 4869 381 4922 omni
409 4876 670 4936 peccato:
709 4868 856 4922 verbi
881 4867 1075 4938 gratia,
1111 4865 1352 4921 diabolus
1382 4875 1662 4935 argentum
1694 4882 1799 4921 non

237 4959 527 5021 desiderat,
560 4966 614 5008 at
638 4967 781 5010 amat
799 4957 1009 5026 argenti
1037 4956 1261 5027 cupidos
1288 4953 1484 5019 facere,
1512 4953 1802 5025 facereque

238 5051 485 5106 homines
541 5064 720 5103 rerum
767 5050 1130 5106 materialium
1173 5048 1457 5103 ati’ectibus
1484 5049 1797 5104 obnoxios:

345 5195 389 5225 δ’
417 5192 574 5248 Joan.
612 5207 739 5260 vm,
775 5191 867 5246 44.
943 5193 989 5224 ⁵⁸
1021 5191 1156 5248 ibid.
1230 5191 1274 5222 “
1296 5189 1429 5248 ibid.
1503 5190 1549 5222 ⁸²
1576 5191 1706 5246 ibid.
1737 5190 1827 5247 41.

315 5332 449 5406 (26‘)
470 5332 705 5406 lJn_cinis_
720 5333 924 5406 inclusa
943 5333 997 5388 in
1018 5333 1205 5390 Graeco
1229 5350 1338 5390 non
1358 5334 1626 5406 leguntur.
1649 5336 1800 5392 EDIT.

318 5404 428 5474 (27)
457 5402 638 5459 Codex
673 5403 1011 5471 Bodleianus,
1043 5415 1208 5472 recte,
1237 5406 1302 5460 ἂν
1329 5402 1557 5478 ἐνέγκῃ·
1584 5406 1801 5478 Regius,

245 5472 546 5528 ἀνενέγκει.

251 5609 264 5624 ο
318 5543 429 5624 (Ξβ)
459 5543 638 5624 codex
663 5545 997 5624 _Bodleianus
1015 5588 1030 5612 ,
1074 5546 1274 5616 optime
1293 5587 1307 5613 ,
1356 5546 1517 5618 ῥητοῦ
1539 5563 1553 5578 ο
1583 5546 1804 5619 Regius,

250 5613 472 5677 insulse,
510 5617 573 5667 ἐκ
598 5616 712 5671 τοῦ.

322 5681 432 5751 (29)
461 5682 640 5742 Codex
666 5685 1006 5756 Bodleianus,
1032 5686 1278 5756 φάσκειν”
1305 5685 1522 5758 Regius,
1555 5687 1757 5760 φάσκῃ.

1908 1856 2042 1911 γησε
2077 1839 2175 1911 τὴν
2216 1839 2312 1892 ἀπ’
2353 1837 2563 1891 ἐκείνου
2611 1836 2823 1904 γένεσιν
2861 1833 2919 1899 ἐξ
2959 1830 3174 1897 ἐαυτοῦ,
3219 1826 3372 1892 οὗτος
3426 1829 3510 1882 οὐ

1909 1932 2062 2004 μίαν,
2092 1931 2230 1984 ἀλλά
2259 1931 2508 1994 πλείονας
2549 1927 2840 1998 ἐπιθυμίας
2874 1927 2968 1980 τοῦ
3001 1924 3242 2002 τοιούτου
3267 1922 3508 1995 πατρὸς

1907 2023 2080 2075 ποιεῖν
2103 2019 2296 2082 ἐθέλει,
2325 2019 2420 2072 καὶ
2457 2017 2567 2070 τῶν
2601 2019 2658 2070 ἐν
2687 2015 2849 2069 παντὶ
2882 2013 2981 2086 υἱῷ
3007 2013 3251 2067 διαϐόλου
3285 2010 3507 2065 ἐπιθυ-

1909 2112 2046 2184 μιῶν
2068 2111 2176 2164 ἀπὺ
2203 2109 2310 2164 τῶν
2336 2112 2392 2164 ἐν
2414 2109 2491 2180 τῷ
2516 2107 2740 2179 διαϐόλῳ
2763 2106 3065 2178 ἐπιθυμιῶν
3099 2105 3507 2176 γεννωμένων,

1909 2205 2097 2275 σαφές,
2128 2205 2212 2258 ὃτι
2258 2204 2316 2256 αί
2355 2203 2563 2256 ἐκείνου
2601 2201 2886 2273 ἐπιθυμίαι
2925 2199 3179 2272 φρόνημα
3206 2198 3333 2270 ὕλης
3363 2198 3508 2252 εἰσὶ

1906 2299 1998 2352 καὶ
2023 2299 2245 2370 φθορᾶς,
2275 2296 2341 2362 ἀς
2365 2295 2570 2367 κυρίως
2593 2294 2788 2366 ἔχθρας
2813 2295 2952 2346 εἴποι
2972 2310 3056 2356 τις
3078 2293 3144 2346 ἂν
3172 2287 3308 2346 εἶναι
3334 2291 3506 2362 πρὸς

1905 2390 2057 2443 Θεόν.
2089 2389 2283 2453 Φόνους
2328 2389 2425 2459 μὲν
2477 2384 2570 2442 οὖν
2609 2387 2704 2440 καὶ
2752 2385 2982 2451 ἀδικίας,
3021 2386 3116 2440 καὶ
3165 2383 3506 2448 πλεονεξίας

1907 2483 2132 2552 φάσκειν
2159 2480 2267 2551 (29)
2297 2475 2434 2534 εἶναι
2461 2479 2559 2542 τὰς
2593 2477 2799 2532 ἐκείνου
2843 2477 3156 2549 ἐπιθυμίας,
3199 2475 3508 2545 γεννώσας

1906 2576 1964 2628 tv
1999 2575 2131 2636 υἱοῖς
2171 2571 2333 2625 αὐτοῦ
2373 2569 2757 2642 παραπλησίας
2781 2567 3004 2630 ταύταις
3033 2567 3343 2638 ἐπιθυμίας,
3374 2569 3510 2620 οὐκ

1905 2665 2256 2737 ἀπἐμφαίνει,
2283 2664 2416 2718 ἀλλὰ
2445 2664 2542 2717 καὶ
2577 2661 2809 2730 γενικῶς
2839 2661 3179 2731 ἀκαθαρσίας
3203 2664 3265 2732 τῇ
3310 2660 3508 2730 φύσει

1905 2757 2151 2822 ἐναντίας
2177 2757 2552 2828 τυγχανούσας
2577 2759 2642 2826 τῇ
2667 2753 2994 2826 καθαρότητι
3015 2754 3190 2823 λέγειν
3217 2751 3352 2808 εἶναι
3373 2755 3508 2820 τὰς

1905 2849 2113 2902 ἐκείνου
2141 2848 2455 2920 ἐπιθυμίας,
2482 2849 2572 2917 ἀφ’
2599 2842 2673 2902 ὧν
2705 2850 2760 2901 αἱ
2787 2847 2922 2918 πρὸς
2950 2845 3017 2898 τὰ
3039 2845 3322 2917 ἀκάθαρτα
3350 2848 3509 2899 ἐπι-

1905 2941 2093 3013 θυμίαι
2127 2941 2364 3011 γίνονται
2407 2939 2614 3004 τέκνοις
2643 2939 2740 2992 τοῦ
2782 2939 3052 3008 διαϐόλου,
3103 2941 3161 2993 ού
3193 2940 3510 3012 δυσπαρά-

1905 3032 2092 3087 δεκτόν
2116 3033 2230 3084 ἐστι
2254 3031 2396 3084 τόδεο
2427 3032 2520 3084 καὶ
2552 3029 2804 3103 πορνείαν
2833 3031 3009 3100 λέγειν
3039 3027 3173 3084 εἶναι
3209 3032 3310 3104 τὴν
3334 3033 3511 3085 ἐκεί‹

1905 3141 1996 3179 νου
2025 3123 2339 3195 ἐπιθυμίαν,
2371 3124 2403 3195 ἢ
2442 3125 2709 3194 μοιχείαν,
2733 3123 2767 3194 ἢ
2810 3123 3214 3194 παιδοφθορίαν,
3241 3123 3274 3194 ἢ
3302 3123 3511 3194 μαλα-

1902 3215 2169 3286 κίαν(50),
2185 3217 2285 3269 οὐκ
2311 3216 2548 3287 εὐχερῶς
2572 3216 2636 3270 ἄν
2650 3234 2733 3280 τις
2754 3216 3122 3287 παραδέξοιτο.
3145 3215 3258 3268 Κᾶν
3289 3216 3507 3288 ἀπτορῇ

1901 3307 2020 3372 πῶς
2051 3308 2108 3362 αἱ
2145 3307 2430 3378 ἐπιθυμίαι
2472 3303 2634 3362 αῦται
2676 3309 2735 3362 ἐν
2767 3307 3074 3381 ἀνθρώποις
3126 3307 3230 3360 ἀπὸ
3269 3306 3383 3360 τῶν
3429 3311 3509 3361 ἐν

1902 3396 2092 3467 ἐκείνῳ
2115 3395 2354 3463 γίνονται
2380 3396 2702 3468 ἐπιθυμιῶν,
2732 3397 2853 3450 ὅσον
2880 3399 2971 3451 ἐπὶ
2998 3402 3066 3470 τῇ
3104 3397 3262 3463 λέξει,
3304 3399 3510 3452 οἱονεὶ

1901 3487 2186 3542 καθολικοῦ
2201 3506 2344 3552 τινος
2365 3491 2768 3560 παρισταμένου
2788 3491 2896 3561 (5|)
2915 3508 2980 3544 πε
2991 3491 3045 3562 ρ).
3062 3491 3168 3544 τῶν
3191 3492 3245 3543 ἐν
3262 3489 3511 3562 ἀνθ

1902 3596 2023 3642 ποις
2053 3578 2373 3650 ἐπιθυμιῶν,
2419 3581 2496 3646 ὡς
2537 3582 2645 3653 ἄρα
2689 3581 2930 3635 θέλουσιν
2975 3584 3025 3634 οἱ
3069 3582 3340 3654 ἄνθρωποι
3365 3584 3508 3648 τὰς

1903 3669 2196 3742 ἐπιθυμίας
2229 3671 2321 3726 τοῦ
2361 3673 2567 3744 πατρὸς
2598 3673 2777 3728 αὑτῶν
2821 3677 3013 3738 ποιεῖν,
3046 3674 3184 3728 ὥστε
3216 3675 3401 3728 πάντα.
3455 3677 3506 3733 ἃ

1901 3764 2224 3836 ἐπιθυμοῦσι
2245 3765 2594 3837 παρανόμως,
2619 3765 2879 3838 πρότερον
2909 3767 3199 3839 ἐπιθυμίας
3220 3763 3354 3821 εἶναι
3373 3770 3508 3824 ’σοῦ

1901 3853 2106 3925 πατρὸς
2136 3853 2342 3907 αὐτῶν·
2378 3854 2615 3910 τοιοῦτον
2651 3856 2758 3928 γάρ
2790 3857 2904 3910 ἐστι
2951 3858 3033 3910 τό·
3069 3858 3177 3912 Καὶ
3210 3859 3315 3926 τὰς
3341 3860 3506 3916 ἐπι-

1901 3945 2116 4014 θυμίας
2147 3945 2252 4000 τοῦ
2293 3945 2517 4015 πατρὸς
2543 3945 2709 4016 ὑμῶν
2749 3947 2949 4003 θέλετε
2988 3949 3216 4004 ποιεῖν·
3250 3951 3504 4008 λεκτέον

1900 4039 1956 4094 δὲ
1997 4039 2132 4110 πρὸς
2176 4039 2367 4105 ταῦτα,
2411 4041 2494 4094 ὅτι
2535 4043 2563 4094 ὁ
2609 4040 2853 4107 διάϐολος
2902 4042 3161 4114 ἐπιθυμεῖ
3199 4045 3500 4117 φθαρῆναι

1899 4129 2071 4197 τόνδε,
2109 4130 2241 4203 φέρε
2266 4133 2460 4196 είπεῖν,
2477 4132 2569 4186 τὸν
2590 4133 2774 4198 παῖδα,
2796 4135 2890 4188 καὶ
2913 4136 3262 4207 μοιχευθῆναι
3284 4138 3497 4207 τήνδε,

1901 4225 1996 4278 καλ¹
2017 4223 2308 4296 πορνεῦσαι
2342 4225 2549 4294 τούσδε,
2584 4227 2680 4280 καὶ
2711 4227 2914 4281 τούτων
2950 4228 3235 4300 ἐπιθυμῶν
3253 4231 3501 4300 ἐμποιεί

1899 4319 2012 4379 τοῖς
2053 4316 2367 4388 δυναμένοις
2394 4317 2543 4389 αύτῷ
2575 4319 3020 4392 ὑπηρετήσασθαι
3057 4321 3344 4393 ἐπιθυμίαν
3369 4325 3496 4379 τοῦ

151 4461 161 4466 -
235 4423 496 4478 generare
528 4409 614 4462 his
637 4408 728 4476 qui
761 4407 943 4462 valent
981 4407 1058 4462 illi
1091 4409 1338 4477 obsequi,
1365 4409 1688 4465 desiderium
1725 4410 1797 4465 fa-

1979 4406 2144 4477 ιῆσαι,
2185 4407 2328 4479 ἅπερ
2360 4411 2563 4473 ἐκεῖνος
2605 4413 2893 4484 ἐνεργῆσαι
2937 4413 3213 4484 βούλεται·
3240 4415 3364 4469 ὥστ’
3405 4419 3496 4475 ἂν

1903 4500 2044 4554 κατά
2067 4500 2222 4553 τοῦτο
2250 4501 2338 4555 τὸν
2372 4502 2696 4574 ἐνεργοῦντα
2737 4506 2836 4576 τὴν
2867 4508 3142 4576 πορνείαν,
3171 4509 3202 4580 ἥ
3230 4509 3325 4581 τὴν
3351 4528 3495 4581 μοι·

1903 4593 2053 4663 χείαν
2083 4594 2344 4666 πρότερον
2387 4595 2562 4665 λέγειν
2601 4597 2694 4651 τοῦ
2730 4598 3016 4670 ἀνθρώπου
3055 4602 3336 4673 πορνεύειν
3372 4608 3493 4660 καὶ

1905 4684 2198 4754 μοιχεύειν.
2226 4685 2300 4739 Τὸ
2323 4686 2366 4739 δ’
2389 4687 2518 4740 αὐτὸ
2543 4690 2635 4742 καὶ
2658 4690 2783 4760 περὶ
2805 4691 2986 4763 πάσης
3008 4693 3279 4766 ἁμαρτίας
3301 4697 3486 4766 ἐρεῖς-ο

1901 4772 2014 4830 οἷον
2055 4777 2298 4842 διάϐολος
2337 4781 2612 4852 ἀργυρίων
2643 4782 2740 4852 μὲν
2775 4783 2876 4836 οὐκ
2904 4784 3178 4856 ἐπιθυμεῖ,
3215 4787 3491 4857 ἐπιθυμεῖ

1904 4867 1961 4922 δὲ
1986 4869 2347 4944 φιλαργύρους
2371 4873 2588 4943 ποιῆσαι
2606 4890 2620 4904 ο
2656 4875 2752 4927 καὶ
2773 4875 3109 4946 προσπαθεῖς
3131 4880 3242 4942 τοῖς
3268 4879 3487 4946 ύλικοίς

1906 4963 2222 5033 πράγμασι·
2267 4964 2466 5034 ταύτην
2507 4966 2563 5020 δέ
2609 4965 2708 5038 τὴν
2749 4967 3042 5040 ἐπιθυμίαν
3064 4969 3227 5023 αὐτοῦ
3257 4971 3485 5028 θέλουσι

1908 5057 2080 5108 ποιεῖν
2111 5057 2160 5109 οἱ
2184 5056 2283 5110 οὐκ
2321 5056 2495 5122 ἄλλως
2529 5057 2563 5128 ἢ
2601 5056 2679 5129 τῷ
2709 5057 2882 5113 θέλειν
2921 5059 3198 5130 φιλοῦντες
3217 5062 3278 5116 τὸ
3299 5066 3486 5136 ἀργύ-

1977 5327 2092 5396 (30)
2121 5329 2296 5402 codex
2326 5328 2670 5402 Bodleianus,
2710 5330 2999 5402 μαλακίαν·
3035 5331 3260 5400 Regius,
3298 5333 3481 5402 μαλα-

1905 5398 2279 5475 κότηταηδίοκ
2309 5414 2406 5475 pro
2433 5400 2534 5452 οὐκ
2565 5398 2819 5475 εὐχερῶς
2863 5398 3145 5475 legendum
3180 5403 3240 5456 ού
3275 5398 3480 5475 δυσχε-

1906 5469 2036 5541 ρῶς,
2065 5470 2146 5541 vel
2179 5470 2403 5541 delenda
2439 5469 2698 5541 particula
2714 5469 2968 5538 negativa
2994 5472 3115 5525 οὐκ.

1975 5538 2085 5610 (51)
2107 5540 2296 5593 Οὶονεί
2319 5540 2644 5594 καθολικοῦ
2689 5541 3338 5611 τινος-παρισταμένου.
3363 5541 3480 5597 Pe-

1904 5609 2112 5665 rio’nius
2138 5611 2252 5664 haec
2285 5611 2446 5664 verba
2477 5611 2558 5667 sic
2583 5611 2778 5679 reddit,
2825 5609 2893 5665 Ut
2928 5613 2975 5665 si
3020 5609 3314 5668 catholicus
3366 5615 3482 5666 ali-

1903 5682 2018 5748 quis
2045 5681 2253 5738 douret
2281 5681 2368 5750 de,
2400 5689 2507 5738 etc.
