3688 6146
159 349 261 406 ϐἮ

1224 360 1578 418 COMMENT.
1617 363 1680 417 ΙΝ
1715 363 1904 422 JOAN.
1934 365 2169 422 TOML’S
2200 368 2318 425 XX.

3289 367 3394 422 682

159 484 294 541 ptov.
325 467 522 540 Διόπερ
544 469 838 538 ἀναγκαῖόν
869 475 1013 527 ἐστιν
1041 475 1346 543 ἐφιστάνειν
1385 478 1529 547 ἡμᾶς
1568 481 1687 532 πᾶσι

1842 480 1974 545 quod
1999 480 2165 547 ipsius
2198 481 2522 535 desiderium
2551 480 2951 554 facerevolunt
2986 479 3040 534 hi
3081 478 3172 549 qui
3198 495 3400 549 argeno

155 555 237 622 οἷς
261 559 488 629 θέλομεν
525 564 718 623 ποιεῖν,
751 563 843 614 καὶ
870 562 1163 629 ἐξετάζειν,
1195 569 1403 637 μήποτε
1444 568 1472 620 ὃ
1510 568 1732 639 θέλομεν

157 655 330 704 ποιεῖν
363 653 425 704 ἐκ
466 652 576 704 τῶν
622 652 714 706 τοῦ
740 653 988 708 διαϐόλου
1018 657 1322 727 ἐπιθυμιῶν
1345 662 1520 713 ἐστιν·
1560 662 1644 715 ἵνα
1668 665 1733 715 ὲκ

153 743 246 796 τοῦ
272 744 671 815 τεθεωρηκέναι
711 745 777 798 τὰ
819 749 883 799 ἐκ
912 746 1020 799 τῶν
1045 747 1136 801 τοῦ
1157 749 1400 804 διαϐόλου
1429 753 1732 823 ἐπιθυμιῶν

155 835 490 906 παυσώμεθα
531 835 703 889 θέλειν
745 843 918 892 ποιεῖν
948 843 1150 904 ἐκεῖνα,
1195 843 1394 906 εἰδότες
1435 845 1608 898 πάντα
1642 846 1730 899 τὸν

154 925 377 981 θέλοντα
404 930 577 981 ποιεῖν
604 928 702 992 τὰς
724 929 817 982 τοῦ
850 931 1094 986 διαϐόλου
1120 936 1411 1007 ἐπιθυμίας
1435 941 1498 992 ἐκ
1524 943 1730 1013 πατρὸς

155 1022 252 1094 μὲν
296 1022 549 1093 οὐδαμῶς
593 1018 731 1077 εἶναι
772 1023 928 1088 Θεοῦ,
959 1026 1205 1080 διαϐόλου
1235 1028 1290 1082 δὲ
1327 1033 1606 1099 γεγονέναι
1645 1034 1732 1086 τέ-

155 1132 297 1178 κνον,
329 1115 425 1168 καὶ
456 1116 564 1169 ἀπὸ
596 1117 690 1170 τοῦ
737 1117 909 1170 θέλειν
952 1124 1124 1174 ποιεῖν
1159 1122 1258 1186 τὰς
1301 1124 1591 1197 ἐπιθυμίας
1635 1128 1728 1181 τοῦ

154 1209 395 1280 χείρονος
437 1209 833 1280 μορφούμενον,
860 1213 954 1265 καὶ
982 1215 1099 1267 κατ’
1127 1216 1310 1271 εἰκόνα
1335 1219 1613 1289 γινόμενον
1636 1221 1728 1274 τοῦ

155 1301 392 1372 πονηροῦ
421 1305 649 1374 πατρὸς,
675 1304 769 1372 ἀφ’
795 1297 855 1357 οῦ
889 1303 1158 1376 ἔρχονται,
1184 1311 1277 1362 καὶ
1298 1311 1587 1366 τυποῦνται
1630 1315 1728 1384 μὲν

154 1393 358 1446 ἐκείνου
385 1392 498 1464 (52)
528 1392 622 1446 τοῦ
661 1393 844 1463 χοϊκοῦ
880 1398 1119 1461 εἰκόνες·
1161 1401 1373 1471 πρῶτος
1415 1402 1522 1475 γὰρ
1549 1406 1728 1474 χοϊκός

152 1483 353 1548 ὶκεῖνος
392 1485 478 1556 τῷ
520 1487 734 1557 πρῶτος
779 1490 1195 1555 ἀποπεπτωκὼς
1235 1494 1340 1546 τῶν
1383 1499 1723 1566 κρειττόνων,

153 1577 245 1630 καὶ
283 1577 707 1649 ὲπιτεθυμηκὼς
751 1581 944 1654 ἐτέρας
976 1583 1125 1654 παρὰ
1154 1583 1246 1654 την
1284 1586 1561 1656 κρείττονα
1585 1588 1727 1659 ζωῆς

154 1665 316 1736 ζωὴν,
362 1666 520 1732 ἄξιος
561 1669 841 1738 γεγονέναι
879 1672 972 1724 τοῦ
1005 1673 1177 1744 ἀρχὴν
1223 1675 1383 1728 αὐτὸν
1426 1673 1562 1732 εἶναι
1595 1680 1724 1750 (55),

150 1757 269 1810 οὔτε
315 1758 650 1829 κτίσματος,
703 1761 827 1815 οὔτε
867 1765 1188 1836 ποιήματος,
1225 1767 1360 1822 ἀλλὰ
1411 1768 1726 1841 πλάσματος

150 1851 370 1924 Κυρίου,
397 1855 766 1924 πεποιημένον
791 1856 1283 1924 ἐγκαταπαίζεσθαι
1313 1862 1414 1915 ὑπὸ
1434 1863 1539 1916 τῶν
1559 1867 1723 1934 ἀγγέ-

152 1943 254 1996 λων
295 1944 487 1998 αὐτοῦ.
524 1946 636 2000 Καὶ⁹
669 1949 701 2018 ἡ
713 1947 826 2018 μῶν
859 1950 916 2002 δὲ
953 1952 986 2021 ἡ
1018 1955 1399 2026 προηγουμένη
1431 1958 1721 2023 ὑπόστασις

154 2039 294 2090 ἐστιν
336 2039 394 2090 ὲν
426 2037 508 2108 τῷ
546 2039 664 2091 κατ’
699 2040 880 2095 εἰκόνα
921 2041 1014 2096 τοῦ
1055 2045 1365 2109 κτίσαντος·
1397 2051 1430 2119 ἡ
1453 2048 1509 2102 δὲ
1539 2049 1600 2115 ἐξ
1633 2054 1718 2104 αἰ-

151 2128 267 2191 τίας
297 2131 353 2182 ὲν
382 2129 464 2200 τῷ
496 2130 755 2200 ληφθέντι
778 2133 885 2186 ἀπὸ
917 2134 1008 2188 τοῦ
1035 2133 1130 2205 χοῦ
1153 2137 1252 2206 τῆς
1287 2139 1390 2208 γῆς
1414 2140 1714 2212 πλάσματι·

152 2219 242 2272 κα)⁸
268 2219 315 2271 εἰ
361 2219 484 2289 μὲν,
520 2218 710 2289 ὥσπερ
748 2222 1121 2290 ἐπιλαθόμενοι
1150 2225 1248 2294 τῆς
1275 2227 1332 2278 ὲν
1376 2229 1505 2298 ἡμῖν
1535 2231 1717 2299 κρείτ»

150 2325 294 2372 τονος
327 2309 536 2375 οὐσίας,
581 2311 936 2384 ὑποτάξωμεν
981 2315 1204 2380 ἑαυτοὺς
1247 2317 1322 2387 τῷ
1353 2319 1459 2373 ἀπὸ
1499 2322 1590 2374 τοῦ
1620 2323 1716 2393 χοῦ

151 2399 447 2472 πλάσματι,
495 2404 586 2457 καὶ
625 2405 686 2459 τὸ
726 2409 971 2478 κρεῖττον
1018 2408 1118 2480 τὴν
1169 2409 1351 2464 εἰκόνα
1400 2411 1493 2465 τοῦ
1535 2415 1716 2483 χοϊκοῦ

150 2489 402 2561 λήψεται·
439 2497 490 2548 εί
519 2495 598 2559 δὲ,
621 2498 868 2561 συνέντες
895 2500 955 2552 τὸ
982 2499 1204 2572 ποιηθὲν
1238 2505 1356 2556 κατ’
1382 2504 1567 2559 εἰκόνα
1584 2507 1716 2576 (54),

151 2585 241 2637 καὶ
263 2585 320 2638 τὸ
349 2585 558 2658 ληφθὲν
582 2590 690 2643 ἀπὸ
723 2589 816 2643 τοῦ
853 2591 948 2661 χοῦ
990 2593 1088 2663 τῆς
1127 2594 1250 2664 γῆς,
1279 2595 1388 2648 ὅλοι
1414 2597 1720 2668 προσνεύω-

153 2693 248 2746 μεν
270 2679 405 2748 πρὸς
427 2679 619 2734 τοῦτον
642 2681 776 2754 (55),
803 2679 863 2738 οῦ
892 2689 1014 2737 κατ’
1042 2687 1224 2740 εἰκόνα
1248 2687 1570 2758 γεγόναμεν,
1601 2691 1720 2744 €06-

159 2768 288 2835 μεθα
331 2771 427 2822 καὶ⁸
470 2771 592 2824 καθ’
617 2773 872 2843 ὁμοίωσιν
896 2773 1052 2839 Θεοῦ,
1080 2779 1258 2830 πᾶσαν
1285 2777 1384 2849 τὴν
1415 2779 1549 2850 πρὸς
1587 2780 1719 2851 ὓλην

153 2858 241 2910 καὶ
276 2859 505 2929 σώματα
551 2863 947 2932 προσπάθειαν,
995 2867 1088 2918 καὶ
1132 2867 1230 2937 τὴν
1275 2867 1414 2938 πρός
1455 2885 1575 2921 τινα
1611 2869 1718 2922 τῶν

153 2949 268 3003 καθ’
305 2952 569 3020 ὁμοίωσιν
609 2954 1018 3023 ἀπλείῷαντες.
1077 2958 1228 3011 Ἐπεὶ
1274 2956 1331 3011 δὲ
1374 2959 1516 3013 κατὰ
1569 2959 1718 3025 θείας

152 3036 362 3110 Γραφὰς
381 3045 414 3112 ἡ
445 3043 708 3114 ἐπιθυμία
729 3045 838 3115 (56)
861 3047 969 3100 τῶν
998 3047 1178 3118 μέσων
1203 3049 1369 3112 ἐστὶν,
1397 3049 1495 3104 οὐκ
1517 3051 1715 3114 εἰδυίας

1835 577 1948 621 tum
1985 586 2088 624 non
2116 572 2273 625 aliter
2301 587 2459 640 quam
2483 571 2641 642 335
2665 571 2938 625 voluntate
2968 579 3171 624 amant.
3194 571 3410 637 Quanta

1829 659 2013 714 obrem
2062 663 2243 716 omnia
2286 678 2404 730 qua:
2445 664 2616 716 acturi
2645 677 2852 724 sumus,
2877 662 3223 731 inspiciamus
3241 677 3392 728 Opor-

1833 763 1906 806 tet
1939 763 1994 807 et
2026 755 2421 824 examinemus,
2454 771 2521 809 ne
2549 756 2688 809 forte
2715 756 2862 824 quod
2903 756 3083 810 facere
3121 755 3390 816 volumus.

1830 846 1899 898 sit
1924 861 1992 899 ex
2042 847 2322 901 desideriis
2359 848 2594 901 diaboli:
2624 856 2681 902 ιιι
2715 863 2833 900 cum
2869 847 3160 900 viderimus
3195 848 3392 902 diaboli

1830 941 2120 1002 desideria,
2153 941 2464 994 desinamus
2493 941 2628 995 \elle
2659 955 2721 993 ea
2752 940 2951 1002 facere,
2998 938 3228 992 scientes
3276 953 3391 990 Olli-

1831 1047 1952 1085 nem
1985 1033 2074 1102 qui
2108 1033 2311 1086 diaboli
2358 1032 2626 1087 desideria
2684 1033 2866 1086 lacere
2899 1031 3149 1094 voluerit,
3185 1046 3252 1084 ex
3283 1032 3390 1084 Deo

1830 1126 1989 1181 Patre
2018 1127 2430 1196 haudquaquam
2462 1140 2581 1180 esse
2609 1140 2792 1196 posse,
2826 1125 2917 1179 sed
2974 1123 3175 1179 factum
3227 1124 3388 1179 fuisse

1830 1217 2028 1272 diaboli
2063 1217 2252 1282 ﬁlium,
2279 1228 2441 1288 atque
2461 1220 2624 1274 etiam
2656 1217 2945 1273 formatum
2977 1225 3033 1272 et
3079 1216 3280 1270 factum
3321 1216 3388 1269 ad

1829 1310 2116 1380 imaginem
2150 1308 2272 1363 mali
2303 1310 2492 1380 patris,
2515 1325 2582 1364 eo
2611 1308 2751 1377 quod
2783 1309 2910 1362 velit
2939 1308 3141 1376 pejoris
3177 1307 3391 1362 desideL

1828 1401 1908 1453 ria
1945 1399 2146 1464 facere,
2177 1415 2207 1453 ιι
2233 1415 2340 1468 quo
2373 1398 2790 1468 proﬁciscuntur
2829 1398 3240 1465 furmanturque
3276 1405 3386 1449 ter-

1829 1493 2022 1548 restris
2049 1492 2194 1548 illius
2225 1492 2488 1560 imagines
2519 1509 2532 1545 :
2564 1489 2772 1560 primus
2804 1491 2949 1558 enim
2987 1500 3238 1543 terrenus
3273 1488 3385 1551 ille,

1827 1597 1894 1636 eo
1919 1583 2059 1651 quod
2085 1583 2293 1654 primus
2321 1583 2574 1652 delapsus
2608 1581 2770 1635 fuerit
2793 1595 2822 1633 a
2862 1581 3022 1635 rebus
3048 1578 3385 1646 melioribus,

1827 1686 1880 1730 et
1909 1677 2295 1731 desideraverit
2327 1676 2553 1730 alteram
2582 1675 2748 1728 vitam
2793 1683 2992 1744 praeter
3035 1675 3199 1727 vitam
3250 1688 3388 1742 prae-

1829 1768 2168 1832 stantiorem,
2197 1767 2390 1835 dignus
2419 1765 2595 1820 factus
2624 1763 2725 1818 fuit
2745 1773 2803 1818 ut
2823 1773 2966 1818 esset
2996 1765 3321 1833 principium
3339 1763 3387 1796 ⁵³

1827 1876 1930 1915 non
1963 1868 2246 1926 creaturae,
2272 1873 2374 1911 non
2405 1857 2608 1926 operis,
2634 1857 2725 1910 sed
2749 1854 2987 1925 ﬁgmenti
3010 1853 3241 1917 Domini,
3271 1855 3385 1908 fac-

1822 1963 1910 2008 tus
1936 1961 1996 2006 ut
2017 1951 2332 2006 illuderetur
2365 1950 2432 2013 ab
2461 1948 2670 2019 angelis
2699 1948 2836 2017 ejus.
2872 1947 3064 2002 Nostra
3087 1961 3214 2001 vero
3239 1949 3386 2015 priu-

1817 2041 2006 2110 cipalis
2034 2039 2336 2096 substantia
2371 2039 2421 2091 in
2447 2054 2507 2092 ea
2539 2047 2691 2106 parte
2720 2045 2824 2103 est,
2850 2052 2970 2105 quae
3017 2039 3084 2090 ad
3129 2038 3382 2092 similitu-

1817 2135 1998 2190 dinem
2028 2145 2110 2190 est
2150 2132 2458 2196 Creatoris;
2487 2131 2652 2186 altera
2694 2145 2824 2184 vero
2876 2145 2941 2184 ex
2993 2131 3146 2200 culpa
3196 2130 3248 2182 in
3286 2131 3383 2198 ﬁg-

1819 2236 2025 2292 mento,
2058 2231 2201 2298 quod
2243 2242 2272 2279 e
2305 2225 2524 2295 pulvere
2560 2232 2720 2277 terra:
2747 2232 2829 2277 est
2861 2232 3155 2292 sumptum.
3207 2221 3384 2290 Atque

1820 2317 2067 2387 equidem
2099 2318 2142 2372 si
2174 2316 2326 2372 obliti
2357 2315 2520 2371 veluti
2553 2315 2869 2372 substantia:
2896 2314 3154 2377 melioris,
3181 2328 3301 2383 qua:
3329 2315 3381 2366 in

1820 2411 1978 2464 nobis
2000 2418 2107 2473 est,
2130 2409 2177 2462 ei
2217 2410 2470 2479 ﬁgmento
2491 2410 2634 2478 quod
2669 2417 2752 2462 est
2776 2421 2806 2460 e
2833 2405 3074 2476 pulvere,
3123 2405 3381 2460 subdide-

1819 2503 1988 2555 rimus
2012 2516 2110 2556 nos
2145 2501 2311 2570 ipsos,
2352 2515 2480 2568 pars
2509 2501 2672 2553 etiam
2705 2497 3044 2567 praestantior
3090 2497 3380 2566 imaginem

1821 2594 2020 2646 terreni
2046 2601 2256 2655 sumet;
2289 2593 2369 2645 sin
2409 2607 2538 2646 vero
2583 2589 2947 2660 intelligentes
2989 2590 3128 2657 quod
3175 2588 3377 2643 factum

1817 2685 1996 2739 estad
2037 2684 2352 2750 imaginem,
2381 2681 2604 2752 etquod
2648 2689 2920 2748 sumptum
2967 2689 3112 2733 este
3155 2669 3383 2747 pttli'ere

1821 2785 1995 2842 terrae,
2018 2774 2456 2829 inclinaverinms
2486 2775 2553 2827 ad
2605 2775 2745 2826 hunc
2788 2773 2854 2826 ad
2893 2771 3045 2838 cujus
3089 2773 3378 2837 imaginem

1821 2866 1947 2921 facti
2000 2881 2208 2930 sumus,
2258 2866 2461 2920 erimus
2493 2865 2652 2919 etiam
2683 2863 2747 2918 ad
2777 2863 3184 2918 similitudinem
3233 2865 3323 2917 Dei
3359 2883 3374 2928 ;

1817 2955 1964 3010 omni
2020 2955 2300 3010 affectione
2349 2970 2472 3025 erga
2530 2955 2810 3009 materiam
2859 2964 2912 3009 et
2962 2970 3086 3022 erga
3128 2970 3376 3024 corpora,

1823 3059 1982 3119 atque
2008 3049 2169 3103 etiam
2201 3063 2332 3117 erga
2355 3047 2587 3115 aliquem
2614 3062 2800 3101 eorum
2836 3047 2922 3115 qui
2965 3054 3087 3099 sunt
3116 3047 3179 3098 ad
3223 3047 3343 3100 simi
3364 3075 3378 3085 -

151 3128 242 3202 τὴν
270 3132 614 3226 *Ἑλληνικὴν
651 3137 761 3189 τῶν
804 3138 1213 3209 σημαινομένων
1267 3140 1421 3213 παρὰ
1477 3144 1588 3206 τοῖς
1645 3160 1687 3196 τι

1843 3141 2127 3204 itudinem,
2155 3138 2376 3193 abolita.
2411 3137 2676 3205 Quoniam
2721 3148 2897 3192 autem
2949 3137 3208 3209 ἐπιθυμία
3253 3136 3380 3210 [hoc

151 3223 361 3279 τοιαῦτα
402 3227 754 3299 διαρθροῦσιν
813 3231 1115 3302 ἀκρίϐειαν,
1170 3233 1245 3297 ὦς
1287 3233 1334 3286 τ’
1383 3235 1449 3288 ἂν
1499 3235 1560 3288 τὸ
1620 3237 1715 3306 μὲν

155 3315 354 3369 ἀστεῖον
385 3317 642 3388 βούλησιν
667 3319 931 3391 ὀνομάσαι
955 3323 1088 3393 (57),
1115 3325 1180 3394 ἢν
1212 3325 1479 3395 ὁρίζονται
1501 3326 1715 3397 εῦλογον

151 3405 350 3478 ὄρεξιν·
379 3410 445 3463 τδ
482 3411 540 3463 δὲ
577 3411 775 3479 φαῦλον
810 3414 1124 3486 ἐπιθυμίαν,
1147 3417 1214 3486 ἦν
1237 3435 1399 3486 φασιν
1423 3417 1536 3491 (58)
1577 3416 1714 3473 εἶναι

153 3498 331 3568 ἄλογον
355 3501 618 3574 δρεξιν,ῆ
656 3505 890 3576 σφοδρὰν
933 3505 1132 3577 ὄρεξιν,
1168 3507 1406 3575 λεκτέον,
1448 3512 1530 3563 ὅτι
1567 3513 1714 3564 πᾶσα

151 3593 369 3664 γεννητὴ
394 3594 559 3662 φύσις
587 3595 685 3660 τὰς
709 3597 1002 3669 ἐπιθυμίας
1041 3599 1135 3652 τοῦ
1174 3601 1302 3654 ἰδίου
1339 3603 1546 3673 πατρὸς
1573 3603 1713 3656 θέλει

150 3689 309 3739 ποιεῖν
327 3704 341 3718 ·
374 3687 568 3760 ὥσπερ
606 3691 698 3743 κα).
723 3694 870 3744 πᾶσα
893 3695 1036 3745 ποιεῖ
1056 3693 1126 3744 τὰ
1157 3693 1292 3764 ἔργα
1319 3693 1413 3748 τοῦ
1455 3695 1584 3749 ἰδίου
1611 3714 1714 3750 πα·-

148 3777 286 3846 τρδς,
317 3780 407 3833 τοῦ
454 3782 551 3850 μὲν
585 3782 813 3853 πρώτως
841 3783 950 3855 (59)
982 3784 1136 3853 ἁγίου
1177 3788 1390 3858 Πατρὸς
1419 3788 1711 3858 ἀγεννήτου

147 3871 522 3939 τυγχάνοντος·
553 3868 705 3937 οὗτος
740 3874 797 3927 δέ
835 3876 978 3928 ἐστιν
1010 3879 1038 3930 ὁ
1064 3877 1226 3942 Θεός·
1261 3876 1356 3931 τοῦ
1398 3878 1452 3931 δὲ
1483 3877 1712 3950 πρώτως

149 3961 373 4031 πονηροῦ
409 3965 638 4036 πατρὸς,
673 3964 731 4029 ἐξ
767 3967 980 4030 οὐδενὸς
1007 3968 1159 4031 ὄντος
1186 3970 1419 4041 πυρός’
1450 3969 1570 4023 οὐδὲ
1602 3970 1711 4040 γὰρ

150 4048 411 4121 ὕπέστησέ
454 4073 540 4118 τις
573 4059 630 4109 ὲν
673 4057 821 4127 αὐτῷ
867 4059 1048 4130 πατὴρ
1084 4059 1182 4130 τὴν
1223 4061 1504 4132 πονηρίαν,
1538 4061 1708 4131 ἀλλ’ἢ

150 4142 248 4195 ἀπὸ
275 4146 404 4199 Θεοῦ
432 4149 673 4220 ὲκτροπὴ
701 4151 1026 4221 γεγέννηκεν
1055 4152 1241 4223 αὐτήν.
1273 4153 1345 4205 Τὸ
1375 4154 1473 4224 μὲν
1495 4150 1589 4207 οὖν
1614 4154 1708 4207 νῦν

151 4233 520 4308 ἐξεταζόμενον
545 4240 686 4294 κατὰ
717 4241 808 4293 τό·
841 4243 949 4296 Καὶ
983 4245 1088 4309 τὰς
1113 4244 1429 4313 ἐπιθυμίας
1452 4244 1558 4298 τοῦ
1593 4263 1705 4299 πα-

148 4328 276 4394 τρὸς
313 4331 482 4400 ὑμῶν
512 4333 712 4387 θέλετε
745 4335 956 4398 ποιεῖν,
1006 4335 1211 4406 σαφῶς,
1247 4338 1328 4390 ὅτι
1376 4337 1706 4409 ἀναφέρεται

151 4417 274 4488 πρὸς
299 4421 388 4476 τὸν
415 4422 679 4487 διάϐολον,
709 4426 1102 4498 προειρημένου
1123 4426 1215 4481 τοῦ
1235 4445 1248 4458 ·
1285 4428 1478 4497 Ὑμεῖς
1503 4430 1571 4483 ἐκ
1599 4430 1706 4484 τοῦ

1816 3245 1900 3288 εει
1935 3228 2284 3302 desiderium]
2339 3229 2654 3285 indilIerens
2685 3240 2769 3285 est
2808 3231 2859 3284 in
2896 3231 3193 3299 Scripturis
3238 3231 3377 3283 divi-

1815 3329 1921 3391 nis,
1954 3341 2059 3380 non
2094 3324 2513 3394 agnoscentibus
2544 3330 2850 3378 accuratam
2879 3323 3260 3379 vocabulorum
3303 3324 3376 3376 si-

1817 3418 2215 3487 gniﬁcationem
2249 3434 2280 3473 a
2312 3420 2586 3489 gentibus,
2619 3418 2708 3486 qui
2735 3416 3018 3486 diligenter
3048 3415 3375 3478 disseruere,

1819 3511 2090 3576 traditam,
2143 3513 2235 3580 qui
2295 3512 2356 3565 τὸ
2399 3511 2610 3564 ἀστεῖον
2646 3509 2790 3582 [hoc
2843 3518 2955 3571 est,
3021 3508 3160 3576 quod
3221 3508 3378 3560 indu-

1815 3602 2027 3665 strium,
2066 3603 2475 3673 studiosumque
2505 3601 2610 3674 est]
2634 3603 2908 3656 nominent
2943 3599 3184 3670 βούλημα
3245 3598 3372 3670 [hoc

1815 3705 1896 3747 est
1925 3695 2302 3767 voluntatem],
2332 3710 2451 3750 eam
2476 3695 2798 3749 deﬁnientes
2828 3693 3122 3762 appetitum
3176 3693 3328 3746 ratio:
3355 3688 3368 3740 i

1812 3795 2271 3850 consentaneum;
2314 3787 2458 3855 quod
2519 3799 2651 3839 vero
2695 3783 2892 3837 malum
2957 3791 3060 3846 est,
3112 3780 3368 3849 ἐπιθυμία

1815 3877 1942 3947 [Ιιοε
1971 3887 2053 3931 εει
2076 3875 2452 3947 desiderium,]
2479 3877 2619 3944 quod
2645 3875 2836 3929 dicunt
2867 3887 2985 3928 esse
3014 3874 3321 3939 appetitum-
3340 3889 3371 3923 ιι

1815 3970 2028 4023 ratione
2074 3967 2332 4029 alienum,
2365 3968 2449 4021 vel
2494 3967 2866 4021 vehementem
2911 3964 3241 4033 appetitum;
3292 3961 3374 4015 di-

1809 4061 2039 4115 cendum
2067 4071 2154 4114 est
2180 4074 2394 4114 omnem
2427 4069 2674 4112 naturam
2701 4056 2935 4127 genitam
2971 4053 3237 4109 desideria
3275 4068 3370 4120 pa-

1810 4155 1910 4206 tris
1945 4152 2027 4207 sui
2062 4151 2196 4207 velle
2241 4150 2458 4205 facere:
2510 4147 2962 4218 quemadmodum
2994 4147 3155 4200 etiam
3195 4145 3374 4199 omnis

1810 4258 2000 4301 natura
2049 4246 2177 4301 facit
2217 4259 2379 4314 opera
2416 4245 2584 4313 patris
2622 4244 2727 4307 sui,
2760 4243 2813 4295 in
2841 4239 3030 4310 primis
3061 4238 3276 4309 quidem
3305 4237 3370 4290 il-

1810 4337 2102 4395 linsPatris
2127 4338 2320 4402 sancti,
2357 4337 2581 4406 ingeniti
2600 4335 2938 4400 exsistentis,
2961 4334 3050 4398 qui
3079 4343 3162 4386 est
3191 4332 3362 4396 Deus;

1810 4434 1956 4488 illius
1991 4447 2119 4487 vero
2155 4433 2206 4485 in
2243 4431 2434 4500 primis
2467 4429 2594 4482 mali
2626 4429 2816 4497 patris,
2845 4427 3008 4497 336
3034 4426 3123 4495 qui
3155 4439 3218 4478 ex
3251 4424 3368 4477 nul-

150 4510 359 4578 πατρὸς
386 4515 494 4568 τοῦ
522 4515 800 4571 διαϐόλου
831 4517 990 4582 ἐστὲ,
1026 4519 1120 4572 καὶ
1149 4520 1543 4591 ἐπιφερομένου
1573 4521 1687 4574 τοῦλ

1842 4542 1859 4579 )
1897 4535 1979 4578 εει
2014 4534 2188 4592 patre.
2223 4524 2422 4593 quippe
2467 4524 2522 4576 in
2576 4536 2681 4590 quo
2711 4519 2888 4574 nullus
2917 4530 3070 4588 pater
3101 4517 3366 4584 ell’ecerit,

160 4598 408 4668 Ἐκεῖνος
424 4607 914 4676 ἀνθρωποκτόνος
946 4606 1024 4679 ἦν
1056 4611 1156 4665 ἀπ’
1192 4611 1403 4680 ἀρχῆς.
1433 4613 1542 4665 Καὶ
1568 4614 1703 4684 πρὸς

1807 4626 1864 4671 ιιι
1915 4613 2235 4670 subsisteret
2260 4615 2520 4680 pravitas,
2556 4612 2650 4666 sed
2681 4611 2895 4664 aversio
2917 4624 2946 4662 ιι
2978 4609 3086 4663 Deo
3115 4610 3365 4678 genuerit

149 4690 362 4750 ἕκαστον
388 4699 500 4751 οὐδ’
532 4699 599 4752 ἂν
631 4702 690 4753 οὐ
722 4702 880 4772 μόνον
915 4701 1023 4755 τῶν
1062 4705 1126 4757 ὲκ
1149 4704 1242 4758 τοῦ
1269 4704 1545 4769 διαϐόλου,
1569 4707 1687 4760 ἀλλά

1842 4726 1946 4766 am.
1977 4708 2132 4776 Quod
2178 4707 2343 4776 igitur
2373 4722 2514 4760 nunc
2567 4704 2930 4757 examinatum
2972 4717 3000 4753 a
3048 4702 3203 4754 nobis
3257 4709 3362 4764 est,

150 4785 236 4836 καὶ
262 4787 368 4840 τῶν
396 4791 459 4842 ὲκ
484 4791 575 4844 τοῦ
601 4792 756 4855 Θεοῦ,
797 4793 964 4862 ὑγιῶς
992 4793 1204 4865 λεχθείη
1235 4796 1323 4848 τό·
1356 4795 1471 4861 Τὰς
1503 4797 1702 4852 ἐπιθυ-

1803 4816 2038 4868 nempe:
2081 4799 2147 4853 Et
2188 4800 2448 4852 desideria
2485 4797 2654 4863 patris
2699 4795 2855 4848 vestri
2888 4793 3047 4847 vultis
3095 4794 3264 4862 facere
3292 4793 3362 4856 “,

144 4875 277 4942 μίας
318 4879 421 4933 τοῦ
467 4883 688 4950 πατρὸς
723 4883 890 4953 ὑμῶν
936 4887 1138 4938 θέλετε
1189 4884 1398 4942 ποιεῖν.
1442 4888 1687 4955 Δέγονται

1843 4891 2143 4960 erspicuum
2173 4899 2256 4944 est
2289 4889 2356 4942 ad
2385 4887 2653 4943 diabolum
2699 4886 2911 4950 referri,
2961 4899 3084 4940 cum
3113 4885 3362 4954 superius

245 5013 290 5047 ³⁸
317 5014 414 5072 Job
435 5021 632 5082 “.14.
707 5021 918 5077 I"Joan.
947 5039 1065 5084 vm,
1095 5023 1184 5079 44.

215 5124 522 5250 (32)li10t‘lex
547 5129 768 5200 Regius,
797 5131 1089 5186 τυποῦνται
1109 5133 1157 5184 οἱ
1181 5133 1410 5197 ἐκείνου,
1439 5134 1688 5191 Bodleia-

220 5211 242 5242 ε
278 5212 306 5246 ιι
359 5213 408 5248 ιιι
457 5213 606 5250 extu.

150 5210 242 5246 nus
278 5210 330 5248 ιιι
359 5213 408 5248 Ill
436 5210 606 5254 ιεχιιι.

214 5265 317 5328 (5⁸η)
348 5266 489 5322 Idem
531 5270 697 5325 codex
731 5271 952 5335 Regius,
989 5271 1151 5324 αὑτοῦ
1171 5268 1331 5326 εἶναι.

1793 5134 2081 5198 Cupiditati
2115 5141 2289 5184 autent
2318 5133 2636 5186 contrariam
2668 5149 2775 5186 esse
2803 5133 2984 5185 dicunt
3021 5132 3354 5194 uoluntatem,

1794 5222 1910 5276 quaf
1931 5203 2289 5276 est‘appetitio
2314 5203 2506 5276 rationi
2537 5202 3196 5276 consentanea.__llur:'rlu_§.

1866 5273 1978 5343 (58)
2021 5270 2363 5343 Ἐπιθυμίαν
2393 5271 2472 5337 ἦν
2499 5288 2708 5340 φασιν,
2743 5283 2845 5326 etc.
2895 5272 3084 5343 Cicero
3134 5269 3349 5343 Tuscnl.

212 5335 449 5412 (ἕνη-Τοῦ
504 5342 712 5409 χοϊκοῦ
756 5342 1032 5412 λήψεται·
1060 5345 1111 5394 εἰ
1149 5341 1234 5404 δὲ,
1285 5343 1572 5410 συνέντες
1627 5345 1687 5397 τό

1842 5335 1896 5396 ιί.
1928 5359 1985 5395 ιιι
2019 5361 2032 5395 ;
2074 5335 2251 5392 Altera
2275 5335 2554 5410 cupiditas.
2600 5359 2715 5412 qua:
2749 5354 2882 5393 recte
2920 5341 2993 5394 vel
3049 5340 3210 5412 libido
3248 5341 3354 5395 dici

153 5405 539 5481 ganglia-ﬁat"
562 5414 784 5466 εἰκόνα.
824 5405 948 5466 "ate
984 5413 1358 5466 desiderantur
1403 5415 1454 5468 in
1490 5405 1687 5470 codici-

1842 5426 1984 5478 otest,
2013 5427 2127 5480 qua:
2153 5423 2230 5464 est
2263 5405 2622 5464 immoderata
2647 5412 2893 5481 appetitio
2941 5410 3140 5481 ορξηαρ
3174 5413 3352 5478 magni

152 5471 255 5544 bus
272 5475 434 5544 Regio
466 5491 522 5535 et
544 5481 863 5537 Barlierino.

216 5543 322 5685 (35)
348 5543 524 5604 Codex
557 5551 775 5622 Regius,
807 5549 1188 5624 προσνεύωμεν
1221 5553 1313 5606 ἐπὶ
1335 5553 1541 5607 τοῦτον.

216 5614 300 5685 (56
342 5618 518 5674 Codex
552 5621 769 5685 Regius,
809 5619 876 5685 ἦν
909 5621 1194 5685 ἐπιθυμία,
1221 5625 1379 5676 male.

342 5618 518 5692 (Eodex
552 5614 769 5689 Regius,
809 5614 876 5692 ἦν
909 5614 1194 5692 ἐπιθυμία,
1221 5625 1379 5676 male.

211 5683 314 5751 (57)
343 5683 650 5762 8015:1110”:
703 5683 1015 5762 ὀνομάσαι,
1048 5683 1144 5756 ἧν,
1175 5683 1280 5746 etc.
1336 5693 1582 5748 Laertius
1634 5693 1687 5744 in

147 5746 335 5834 Zenone
363 5759 425 5834 de
457 5746 908 5834 Stiricisrloquifns
963 5779 976 5812 :
1132 5746 1206 5815 ’δὲ
1241 5746 1502 5834 ἐπιθυμίᾳ
1535 5765 1686 5834 ἐναν-

145 5827 250 5874 τίαν
277 5827 430 5891 φασὶν
461 5827 595 5885 εἶναι
623 5833 719 5902 τὴν
751 5833 1019 5904 βούλησιν,
1052 5827 1213 5890 οὖσαν
1239 5827 1455 5902 εὔλογον
1479 5827 1681 5905 ’όρεξιψ

1802 5476 1942 5540 boni.
1975 5476 2164 5533 rationi
2194 5499 2294 5533 non
2322 5476 2695 5548 obtemperans.
2713 5476 2973 5534 Laertius
2999 5481 3053 5530 in
3093 5476 3300 5532 Zenone
3332 5497 3353 5534 :

1810 5551 2100 5622 Ἐπιθυμία
2126 5550 2181 5602 δέ
2206 5552 2349 5604 ἐστιν
2371 5550 2559 5619 ἄλογος
2585 5551 2788 5622 ὄρεξις·
2849 5548 3124 5622 cupiditas
3173 5559 3348 5605 autem

1795 5634 1866 5676 est
1910 5621 2152 5690 appetitio
2179 5622 2371 5673 rationi
2405 5637 2507 5673 non
2529 5621 2873 5674 consentiens.
2903 5621 2978 5672 ID.

1866 5687 2266 5761 (59)⁷Πρώτως.
2293 5691 2345 5743 Ιιι
2377 5690 2561 5761 codice
2593 5690 2758 5759 Regio
2792 5690 2874 5742 hic
2913 5699 2966 5742 et
3013 5687 3168 5761 infra
3217 5691 3352 5742 scri-

1786 5758 2026 5848 pturire-st
2052 5758 2286 5833 πρῶτος,
2315 5761 2470 5816 male.
2498 5758 2691 5816 Ibidem
2711 5777 2808 5830 pro
2836 5760 3129 5831 ἁγεννήτου
3155 5758 3353 5830 legitur

1791 5849 2070 5904 αγενητου.
