3688 6146
208 389 322 448 6°35
1629 385 1951 444 ORIGENIS
3357 395 3489 451 52.5

212 515 413 568 dictum
440 511 510 566 sit
534 527 546 563 :
593 508 693 565 Vos
719 525 782 564 ea:
803 518 950 580 patre
977 507 1188 563 diabolo
1229 509 1375 575 estis,
1411 518 1466 564 et
1490 509 1668 579 subqu

2036 529 2172 576 τινες
2218 510 2358 566 εἶναι
2392 513 2486 567 καὶ
2525 513 2661 568 Θεοῦ
2702 511 3011 586 ἐπιθυμίαι,
3050 513 3492 588 ὀνομαζομένων

213 618 332 662 tur:
366 605 466 660 Ille
483 605 746 658 homicida
764 612 876 658 erat
898 605 962 658 ab
979 603 1154 656 initio.
1173 603 1312 669 Quin
1332 604 1498 658 etiam
1517 603 1584 657 ad
1602 619 1669 656 un

2028 601 2184 656 ῦτῶν
2224 603 2551 676 βουλήσεων.
2596 605 2684 658 Ἐν
2721 605 2848 673 γοῦν
2880 604 2949 677 ιη’
2977 605 3178 677 ψαλμῷ
3211 607 3442 679 εἴρηται
3468 623 3484 636 ·

209 713 505 770 quemque,
536 697 650 752 sive
691 697 738 752 is
781 695 946 752 fuerit
993 712 1058 752 ex
1103 695 1341 760 diabolo,
1380 696 1492 750 sive
1531 710 1598 748 ex
1655 695 1665 749 l

2038 695 2270 766 ιρίματα
2316 697 2537 764 Κυρίου
2573 696 2686 768 (41)
2718 694 2994 764 ἀληθινὰ,
3043 696 3494 768 δεδικαιωμένα

209 799 360 845 recte
389 789 637 844 dicetur:
672 787 943 842 Desideria
979 790 1147 859 patris
1198 789 1354 843 vestri
1396 787 1549 843 vultis
1589 787 1665 850 fat

2037 787 2083 841 τὸ
2107 788 2280 842 αὑτό·
2313 788 2644 859 ἐπιθυμητὰ
2689 786 2842 857 ὑπὲρ
2873 789 3135 857 χρυσίον
3166 789 3262 844 καὶ
3291 792 3493 845 λίθον

208 881 479 937 Dicuntur
507 880 652 936 enim
678 880 842 934 etiam
879 879 972 934 Dei
1021 881 1268 950 quaedam
1318 894 1441 936 esse
1489 879 1664 934 deside

2034 897 2080 932 νν
2120 883 2345 934 πολύν·
2401 880 2526 948 κᾶν,
2571 879 2647 945 ὥς
2691 897 2812 934 τινα
2859 879 2916 934 δὲ
2960 881 3068 934 τῶν
3115 882 3490 955 ἀντιγράφων

208 977 318 1031 isto
365 975 527 1030 modo
558 974 639 1029 sic
670 973 832 1028 dictis
873 972 1242 1028 voluntatibus
1285 973 1494 1043 ipsius;
1548 973 1664 1026 undi

2037 971 2170 1044 (42),
2261 989 2274 1003 ·
2317 972 2400 1028 Τὰ
2425 973 2841 1043 ἐπιθυμήματα
2868 974 3021 1044 ὑπὲρ
3072 975 3328 1043 χρυσίον
3369 975 3493 1030 καὶ

215 1069 427 1126 decimo
474 1078 667 1124 octavo
711 1067 917 1138 psalmo
943 1067 989 1100 ⁵⁸
1031 1067 1230 1122 dictum
1269 1077 1395 1122 est:
1425 1065 1639 1121 Iudicia

2041 1083 2061 1108 ν·
2081 1066 2275 1136 τίμιον
2305 1066 2522 1130 πολὺν,
2555 1068 2768 1138 φήσεις,
2810 1069 2890 1122 ὅτι
2930 1068 2997 1122 τὰ
3027 1057 3337 1140 ἐπιθυμητὰ
3359 1067 3497 1139 (45)

211 1164 341 1219 mini
374 1180 518 1229 vera,
549 1161 847 1232 justiﬁcata
907 1161 966 1215 in
1026 1161 1286 1230 idipsum;
1339 1159 1598 1216 desideria
1633 1176 1667 1213 St

2039 1157 2336 1233 πιθυμῆσαί
2385 1176 2506 1212 τινα
2542 1160 2719 1213 αὐτῶν
2749 1159 2875 1226 ἄξιά
2903 1161 3070 1222 ἐστιν,
3097 1160 3173 1224 ὡς
3212 1160 3282 1215 τὰ
3308 1159 3495 1214 εὐλο-

213 1271 403 1309 aurum
439 1265 489 1308 et
518 1255 744 1324 lapidem
772 1251 1056 1322 pretiosum
1080 1252 1331 1307 multum.
1366 1251 1518 1318 Quod
1546 1252 1589 1306 si
1616 1251 1669 1315 le1

2050 1249 2141 1303 τοῦ
2167 1250 2509 1322 εὐλογῆσθαι,
2532 1252 2626 1305 καὶ
2647 1252 2715 1307 τὰ
2735 1252 2995 1323 ἀγαπητά
3014 1251 3108 1306 τοῦ
3125 1252 3495 1321 ἀγαπᾶσθαι.

213 1347 583 1402 desiderabilia
604 1362 760 1415 super
797 1360 985 1398 aurum
1011 1353 1060 1398 et
1093 1345 1317 1414 lapidem
1337 1345 1620 1414 pretiosum
1652 1362 1669 1398 ι

2041 1359 2099 1414 ερ
2134 1339 2227 1396 οὖν
2250 1343 2319 1398 τὰ
2347 1343 2617 1416 εὐλογητά
2637 1345 2747 1418 (44)
2784 1345 2982 1416 μᾶλλον
3013 1345 3116 1398 ὑπὸ
3141 1345 3272 1398 Θεοῦ
3305 1345 3497 1398 εὐλο-

215 1449 347 1501 tum,
378 1447 437 1491 ut
476 1437 720 1506 quaedam
757 1435 958 1488 habent
985 1434 1340 1502 exemplaria,
1378 1436 1525 1490 dices
1574 1435 1668 1490 des

2043 1457 2081 1499 ι,
2111 1435 2206 1489 καὶ
2236 1435 2304 1488 τὰ
2333 1437 2586 1509 ἀγαπητὰ
2631 1437 2829 1508 μᾶλλον
2864 1437 2969 1491 ὑπὸ
2997 1437 3130 1491 Θεοῦ
3161 1439 3497 1508 ἀγαπᾶται,

215 1511 405 1586 τιώῇἰιι
438 1529 599 1595 digna
622 1543 743 1584 esse
767 1535 825 1580 ut
852 1525 1055 1596 aliquis
1078 1527 1345 1582 desideret
1372 1543 1469 1594 ea;
1503 1528 1644 1583 sicut

2052 1525 2145 1576 καὶ
2172 1524 2239 1577 τὰ
2265 1524 2574 1596 ἐπιθυμητὰ
2603 1527 2802 1598 μᾶλλον
2827 1527 2893 1581 ἂν
2927 1528 3031 1581 ὑπὸ
3060 1528 3194 1581 Θεοῦ
3229 1529 3503 1597 εὐλογώ-

214 1623 434 1688 dabilia,
469 1632 529 1676 ut
559 1621 882 1684 laudentur;
928 1627 982 1672 et
1014 1619 1322 1689 diligiliilia,
1368 1630 1425 1674 ut
1468 1619 1668 1689 diligau

2051 1614 2408 1690 ἐπιθυμηθείη
2426 1617 2557 1688 (45),
2575 1621 3235 1693 εὐγνωμονέστερονήμῶν
3245 1622 3505 1676 ἀκουόν-

215 1715 286 1772 Ut
315 1715 480 1784 igitur
508 1712 798 1769 benedicta
837 1711 1008 1783 Inagis
1051 1727 1081 1766 a
1120 1711 1232 1766 Deo
1277 1712 1669 1768 benedicuntur

2047 1707 2123 1771 ὡς
2151 1711 2581 1782 προειρήκαμεν,
2611 1713 2711 1783 τῆς
2735 1713 3060 1784 ἐπιθυμίας·
3095 1714 3185 1768 καὶ
3213 1717 3241 1768 6
3269 1714 3502 1785 Σωτὴρ

214 1805 500 1877 diligibilia
552 1806 725 1876 magis
755 1820 785 1859 a
821 1805 934 1860 Deo
965 1805 1285 1874 diliguntur,
1316 1804 1395 1859 sic
1423 1805 1588 1860 etiam
1641 1807 1670 1860 d

2052 1818 2166 1855 σιν·
2213 1805 2516 1873 Ἐπιθυμίᾳ
2559 1805 2907 1875 ἐπεθύμησα
2934 1807 3111 1862 τοῦτο
3144 1807 3210 1861 τὸ
3245 1809 3504 1878 Πάσχα

212 1898 476 1955 derabilia
523 1897 907 1952 rationabilius
938 1896 1108 1950 multo
1151 1910 1182 1950 a
1234 1896 1345 1951 Deo
1381 1897 1668 1952 desideran

2049 1893 2098 1947 ἵν
2118 1897 2247 1964 μεθ’
2277 1895 2464 1965 ὑμῶν,
2485 1896 2600 1966 πρὸ
2627 1898 2732 1952 τοῦ
2755 1915 2833 1969 με
2857 1899 3087 1955 παθεῖν.
3120 1901 3254 1974 Περὶ
3283 1901 3342 1955 δὲ
3380 1901 3505 1954 τοῦ

212 1994 517 2061 candidius,
544 2003 598 2048 et
623 1993 673 2045 in
701 1993 918 2054 bonam,
942 1999 1000 2044 ut
1022 1989 1256 2044 diximus
1284 1991 1554 2060 superius,
1578 2005 1668 2061 par

2054 1986 2243 2057 ραύλην
2289 1983 2429 2041 εἶναι
2474 1987 2772 2059 ἐπιθυμίαν
2815 1989 2975 2061 ἀρκεῖ
3018 1989 3117 2061 μὲν
3164 1989 3256 2044 καὶ
3303 1990 3377 2042 τὸ
3431 1991 3510 2043 ἐν

213 2087 544 2158 accipientes
592 2085 891 2156 ἐπιθυμίαν
958 2083 1094 2157 [hoc
1158 2095 1244 2140 est
1275 2085 1663 2160 desiderium,]

2079 2077 2268 2149 ῥητόν·
2301 2079 2452 2133 οὐδὲν
2483 2079 2542 2132 δὲ
2566 2074 2729 2152 ἦττον
2759 2081 3096 2153 παραθετέον
3126 2084 3216 2136 καὶ
3236 2082 3325 2136 τό·
3365 2084 3510 2149 “Oc

212 2190 371 2234 cente
421 2179 587 2234 etiam
644 2177 977 2232 Servatore:
1028 2176 1306 2232 Desiderio
1347 2179 1639 2232 desideravi

2047 2171 2278 2240 ιιϐλέψῃ
2302 2172 2557 2241 γυναῖκα
2575 2172 2723 2242 πρὸς
2754 2173 2820 2227 τὸ
2848 2175 3210 2244 ἐπιθυμῆσαι
3239 2174 3503 2244 αὐτὴν,

216 2269 425 2323 Pascha
473 2267 798 2321 manducare
838 2267 1126 2334 vobiscum,
1174 2277 1454 2338 antequam
1493 2269 1672 2338 patiar

2051 2265 2408 2335 ἐμοίχευσεν
2449 2267 2642 2337 αὐτὴν
2665 2269 2736 2321 ἐν
2774 2268 2849 2338 τῇ
2899 2269 3110 2338 καρδίᾳ
3145 2269 3351 2324 αὐτοῦ.
3403 2272 3507 2324 Οὐ

214 2360 367 2427 Quod
394 2374 523 2414 vero
546 2359 708 2414 etiam
742 2359 794 2412 in
825 2358 1019 2413 malam
1039 2369 1262 2428 partem
1301 2371 1548 2415 sumatur
1577 2363 1670 2417 des

2056 2374 2104 2420 ος
2131 2357 2188 2410 δὲ
2215 2358 2243 2410 6
2267 2357 2550 2429 ἐπιθυμῶν
2587 2359 2819 2424 ἀπόντος
2857 2361 3144 2431 ἐπιθυμεῖ·
3184 2360 3259 2425 ὡς
3287 2361 3439 2414 οὐδὲ
3470 2363 3512 2414 ὁ

215 2452 376 2515 rium,
406 2450 621 2504 etiamsi
662 2450 914 2506 sullicere
965 2458 1146 2520 potest
1189 2466 1431 2520 praiseus
1473 2463 1668 2508 conte:

2052 2466 2208 2520 μενος
2249 2451 2464 2516 πάντως
2507 2451 2577 2505 τὰ
2621 2452 2827 2506 ἀπόντα
2882 2452 3147 2523 βούλεται.
3182 2453 3361 2506 Τοῦτο
3429 2454 3508 2508 δὲ

213 2558 372 2613 quem
405 2543 551 2599 nunc
579 2551 900 2610 tractamus,
928 2545 1281 2601 nihilominus
1307 2554 1485 2602 tamen
1513 2547 1601 2603 ille
1622 2559 1669 2602 et

2049 2541 2446 2614 lspartst'lcapev
2484 2543 2571 2597 διὰ
2601 2545 2670 2598 τὰ
2699 2544 3008 2616 ἐπιθυμητὰ
3031 2544 3140 2614 (46)
3177 2544 3268 2598 τοῦ
3299 2545 3505 2610 Θεοῦ,

214 2635 491 2690 addendus
520 2643 635 2689 est:
671 2634 776 2701 Qui
818 2635 1103 2705 inspexerit
1143 2635 1417 2691 mulierem
1458 2639 1527 2691 ad
1577 2641 1666 2694 des

2049 2635 2108 2699 ὰς
2136 2635 2243 2689 τῶν
2270 2634 2489 2690 τελείων
2537 2635 2856 2707 ἐπιθυμίας.
2894 2639 3008 2701 Πᾶς
3053 2633 3146 2692 οὖν
3176 2637 3287 2701 υἱός
3309 2621 3505 2702 τινος

213 2725 442 2778 randum
481 2741 620 2792 eam,
645 2724 762 2794 jam
791 2725 1115 2780 adulterium
1144 2727 1198 2780 in
1244 2728 1402 2781 corde
1435 2745 1532 2783 suo
1565 2746 1668 2783 cun

2056 2728 2308 2799 πιθυμίας
2353 2729 2446 2784 τοῦ
2490 2730 2693 2802 πατρὸς
2731 2729 2926 2785 ἑαυτοῦ
2963 2730 3106 2785 θέλει
3145 2734 3338 2794 ποιεῖν,
3383 2732 3512 2786 καὶ

213 2817 564 2872 commisit".
604 2815 776 2874 Porro
806 2818 899 2888 qui
949 2819 1244 2886 desiderat,
1295 2835 1400 2875 non
1457 2824 1669 2877 omninc

2060 2821 2136 2885 ῐός
2161 2839 2305 2886 τινος
2326 2825 2468 2876 ποιεῖ
2491 2822 2561 2876 τὰ
2587 2822 2721 2895 ἐργα
2744 2823 2835 2878 τοῦ
2859 2825 3062 2897 πατρὸς
3088 2823 3272 2878 αὑτοῦ.
3304 2823 3511 2877 οὕτω

212 2911 356 2982 quod
376 2913 530 2966 abest
547 2913 838 2979 desiderat,
863 2912 1315 2982 quemadmodum
1346 2929 1519 2984 neque
1540 2916 1630 2985 qui
1649 2932 1668 2970 ι

2053 2914 2122 2967 ταὶ
2148 2917 2176 2968 6
2208 2913 2396 2987 Σωτὴρ
2428 2914 2528 2978 τὰς
2568 2915 2861 2988 ἐπιθυμίας
2891 2916 2983 2970 τοῦ
3025 2917 3232 2989 Πατρὸς
3268 2916 3509 2971 ἐαυτῡῦ

214 3010 261 3064 is
287 3009 508 3064 omnino
534 3009 777 3063 absentia
807 3008 942 3063 vult.
971 3007 1084 3064 Hoc
1107 3020 1288 3064 autem
1320 3012 1670 3080 praemunivin

2057 3009 2247 3074 ποιεῖν,
2267 3007 2360 3061 καὶ
2387 3010 2530 3061 ποιεῖ
2547 3007 2614 3061 τὰ
2637 3008 2772 3080 ἔργα
2786 3007 2878 3061 τοῦ
2897 3009 3012 3061 Πατ
3021 3009 3110 3081 ρὸς
3126 3008 3338 3062 ἐαυτοῦ.
3363 3010 3513 3064 Καὶ

214 3109 439 3169 propter
483 3099 752 3154 desideria
808 3098 903 3154 Dei
955 3108 1010 3155 et
1064 3099 1431 3171 perfectorum
1487 3100 1670 3157 deside

2057 3114 2246 3168 ιρωπος
2291 3098 2390 3168 τῆς
2439 3098 2737 3171 ἁμαρτίας,
2790 3101 2818 3152 6
2869 3099 2983 3163 υἱὸς
3035 3100 3135 3172 τῆς
3183 3099 3513 3168 ἀπωλείας

214 3193 472 3262 Quisquis
504 3207 636 3261 ergo
667 3182 899 3262 alicujus
927 3190 1070 3247 (ilius
1100 3191 1286 3258 fuerit,
1329 3193 1374 3247 is
1405 3192 1568 3247 etiam
1613 3207 1670 3262 pa

2059 3189 2309 3262 πιθυμίας
2347 3191 2442 3245 τοῦ
2483 3193 2688 3264 πατρὸς
2735 3190 2926 3245 ἐαυτοῦ
2963 3191 3105 3246 θέλει
3143 3198 3333 3259 ποιεῖν,
3386 3198 3515 3251 καὶ

216 3287 296 3343 sui
325 3285 593 3340 desideria
623 3285 736 3339 vult
779 3284 995 3351 facere;
1037 3286 1231 3356 suique
1279 3285 1451 3355 patris
1491 3299 1656 3356 opera

2065 3285 2134 3338 τὰ
2179 3284 2315 3358 ἔργα
2358 3285 2451 3339 τοῦ
2483 3286 2690 3359 πατρὸς
2723 3288 2950 3342 ἑαυτοῦ·
2985 3287 3079 3341 καὶ
3107 3288 3188 3358 ἐφ’
3216 3288 3396 3359 ἡμῶν
3434 3291 3514 3344 δὲ

215 3380 309 3434 cit.
342 3377 492 3450 [(40)
528 3377 620 3432 Sic
648 3377 791 3432 enim
835 3378 1004 3432 etiam
1047 3376 1332 3442 Servator,
1380 3388 1436 3434 et
1481 3378 1658 3434 Patris

2056 3375 2342 3450 ὶνθρώπων
2385 3378 2602 3440 πάντως
2645 3378 2713 3432 τὰ
2763 3379 2900 3454 ἔργα
2949 3381 3068 3453 ἦτοι
3106 3379 3236 3434 Θεοῦ
3288 3383 3512 3448 ἐστιν,

219 3471 490 3526 desideria
543 3468 658 3524 vult
707 3471 991 3539 perlicere,
1035 3480 1090 3525 et
1138 3469 1378 3538 ejusdem
1415 3486 1579 3540 opera
1625 3486 1675 3542 ρ(

2056 3466 2246 3525 ιϐόλου.
2308 3465 2402 3521 καὶ
2452 3465 2488 3520 ἃ
2543 3466 2769 3538 θέλομεν
2819 3472 3025 3533 ποιεῖν,
3091 3471 3205 3541 ἦτοι
3268 3471 3512 3524 ἐπιθυ-

213 3565 310 3619 cit.
363 3564 610 3634 Itemque
677 3563 886 3632 peccati
936 3562 1114 3627 ﬁlius,
1165 3572 1221 3617 et
1271 3561 1594 3632 perditionis
1643 3563 1669 3617 li

2056 3562 2139 3615 στὶ
2173 3559 2268 3613 τοῦ
2318 3559 2521 3628 ἀγαθοῦ
2565 3562 2621 3614 ἐν
2662 3563 2910 3634 οὐρανοῖς
2951 3563 3159 3636 Πατρὸς
3197 3564 3398 3635 ἡμῶν,
3462 3570 3508 3640 ἦ

213 3656 387 3726 patris
436 3657 519 3711 sui
574 3655 964 3726 cupiditatibus
1013 3655 1239 3710 obedire
1306 3655 1454 3722 vult,
1506 3657 1669 3726 patris

2058 3651 2220 3724 χθροῦ
2250 3651 2398 3723 αὐτῷ
2442 3651 2717 3707 διαϐόλου·
2753 3655 2847 3708 καὶ
2881 3657 2930 3708 εί
2967 3656 3065 3726 μὲν
3100 3655 3375 3727 ποιοῦμεν
3421 3662 3514 3713 τὰ

215 3752 299 3806 sui
341 3766 504 3820 opera
535 3748 780 3822 eﬂicitz]
813 3749 1145 3819 omninoque
1192 3749 1242 3803 in
1291 3759 1559 3819 potestate
1600 3740 1669 3806 ιῖο

2059 3747 2145 3802 τοῦ
2176 3749 2334 3813 Θεοῦ,
2384 3749 2477 3802 καὶ
2523 3749 2748 3821 θέλομεν
2802 3749 2902 3815 τὰς
2945 3751 3236 3823 ἐπιθυμίας
3291 3755 3515 3812 αὐτοῦ

213 3855 330 3910 est,
377 3843 468 3913 qui
528 3857 718 3899 minus
781 3843 1065 3908 homines,
1120 3842 1205 3897 vel
1261 3843 1393 3912 Dei,
1447 3844 1533 3898 vel
1581 3844 1666 3899 dia

2053 3860 2079 3910 ν,
2122 3842 2227 3896 υἱοί
2277 3845 2444 3910 ἐσμεν
2491 3842 2584 3897 τοῦ
2616 3842 2750 3896 Θεοῦ
2771 3859 2786 3874 ·
2815 3845 2863 3896 εί
2895 3843 2951 3896 δὲ
2989 3844 3055 3898 τὰ
3088 3844 3177 3898 τοῦ
3205 3845 3509 3904 διαϐόλου

210 3950 410 4004 opera,
455 3944 509 3990 et
559 3949 622 3989 ea
651 3949 769 4004 qua:
810 3933 1096 4000 volumus,
1165 3933 1383 4002 facere,
1447 3935 1564 3991 sive
1638 3939 1666 3992 d

2054 3954 2220 4008 τομεν,
2253 3935 2498 4000 θέλοντες
2525 3936 2561 3990 ἃ
2595 3937 2799 3999 ἐκεῖνος
2839 3935 3098 4008 ἐπιθυμεῖ
3146 3940 3349 4003 ποιεῖν,
3420 3944 3510 3998 ἐκ

212 4030 423 4084 derium
508 4027 582 4082 sit
655 4026 838 4083 Patris
908 4029 1084 4082 nostri
1138 4028 1264 4082 boni
1329 4028 1600 4093 coelestis,
1667 4055 1668 4082 ;

2059 4027 2222 4099 ατρὸς
2267 4027 2358 4080 τοῦ
2393 4027 2636 4081 διαϐόλου
2685 4027 2869 4097 ἐσμέν.
2913 4026 3321 4100 Ἐπιστήσωμεν
3381 4029 3513 4089 οὖν

207 4119 370 4191 337
399 4117 619 4182 diaboli,
668 4118 759 4188 qui
809 4128 893 4174 est
945 4119 1200 4173 inimicus
1230 4119 1341 4186 illi;
1382 4128 1438 4174 et
1474 4121 1518 4175 si
1561 4121 1663 4190 qui.

2058 4139 2153 4174 NOV
2195 4115 2276 4185 οἷς
2320 4120 2601 4191 ποιοῦμεν,
2633 4121 2768 4175 ἀλλά
2819 4122 2911 4174 καὶ
2953 4115 3036 4186 οἷς
3079 4120 3319 4192 θέλομεν.
3355 4124 3514 4178 Αὖ-

209 4212 442 4266 facimus
468 4224 632 4280 opera
673 4209 790 4277 Dei,
825 4209 1184 4280 volumusque
1224 4209 1340 4279 ejus
1379 4212 1652 4268 desideria

2053 4231 2080 4278 ς
2111 4214 2220 4286 γὰρ
2252 4215 2331 4278 εἰς
2363 4214 2425 4266 τὸ
2474 4209 2612 4266 εἶναι
2663 4213 2754 4268 τοῦ
2800 4214 3044 4268 διαϐόλου
3094 4215 3204 4267 υἱὸν
3234 4216 3298 4267 τὸ
3359 4219 3508 4273 κᾶν

207 4319 358 4370 cere,
389 4303 483 4357 lilii
506 4317 695 4357 sumus
720 4301 853 4368 Dei;
879 4301 962 4356 sin
992 4309 1122 4356 vero
1151 4318 1271 4370 qua:
1293 4303 1490 4358 diaboli
1518 4314 1643 4359 sunt

2052 4327 2058 4353 ι
2106 4306 2271 4360 αὐτοῦ
2322 4309 2496 4361 ποιεῖν
2538 4307 2639 4370 τὰς
2691 4307 3016 4379 ἐπιθυμίας·
3053 4308 3145 4361 καὶ
3177 4306 3319 4377 τάχα.
3390 4309 3508 4367 διὰ

208 4413 332 4452 mus
362 4396 609 4450 volentes
641 4408 762 4462 quae
806 4393 899 4447 ille
931 4393 1203 4459 desiderat
1257 4393 1471 4462 facere,
1513 4413 1580 4452 ex
1630 4413 1662 4467 p

2069 4400 2206 4471 μετά
2229 4400 2289 4454 τό
2309 4418 2322 4430 ·
2357 4400 2540 4470 Ὑμεῖς
2571 4399 2789 4454 ποιεῖτε
2817 4400 2889 4455 τὰ
2922 4402 3065 4470 ἔργα
3089 4399 3191 4454 τοῦ
3227 4404 3510 4471 πατρὸς

205 4487 422 4544 diabolo
451 4501 658 4541 sumus.
692 4484 1056 4552 Quamobrem
1086 4487 1434 4556 inspiciamus
1473 4504 1578 4543 non
1606 4507 1661 4546 so

2054 4535 2065 4559 ,
2124 4495 2335 4565 εἴρηται
2392 4493 2484 4546 τό·
2533 4496 2640 4559 Τὰς
2704 4493 3018 4563 ἐπιθυμίας
3071 4493 3176 4548 τοῦ
3229 4498 3510 4566 πατρὸς

205 4593 331 4648 qua:
354 4579 584 4647 agimus,
622 4568 812 4630 verum
842 4576 1008 4630 etiam
1040 4591 1160 4645 qua:
1187 4577 1457 4634 volumus.
1508 4577 1578 4634 Ut
1627 4595 1656 4634 e

2079 4583 2282 4639 θέλετε
2316 4583 2536 4636 ποιεῖν·
2572 4583 2658 4636 ἶνα
2695 4581 2973 4654 μάθωμεν,
3017 4583 3119 4646 ὅτι,
3152 4582 3198 4634 εἰ
3225 4582 3325 4635 καὶ
3376 4589 3509 4655 μό-

208 4673 404 4743 aliquis
425 4670 719 4727 sitdiaboli
751 4669 918 4737 illius,
958 4668 1156 4725 sullicit
1186 4672 1269 4724 vel
1301 4670 1478 4725 solum
1530 4671 1664 4727 velle

2055 4677 2228 4748 ἱλομεν
2275 4677 2447 4729 ποιεῖν
2479 4675 2622 4748 ἅπερ
2663 4676 2920 4747 ἐπιθυμεῖ
2950 4677 2978 4728 6
3027 4673 3290 4738 διάϐολος,
3326 4692 3511 4749 χρη-

205 4768 310 4824 lius
336 4767 599 4824 desideria
626 4766 837 4834 facere;
867 4776 922 4820 et
948 4765 1201 4821 fortassis
1219 4767 1378 4820 etiam
1401 4766 1501 4820 hac
1521 4767 1590 4822 de
1610 4782 1661 4822 ct

2049 4771 2185 4842 ῦμεν
2211 4769 2455 4824 διαϐόλου
2496 4769 2618 4822 υἱοί.
2655 4768 3009 4822 Πιθανώτατα
3037 4767 3082 4820 δ’
3108 4768 3170 4822 ἄν
3195 4784 3282 4829 τις
3323 4755 3505 4842 πρὸς

205 4873 327 4931 post
355 4861 520 4916 illud:
557 4859 658 4914 Vos
688 4860 866 4929 facitis
901 4875 1059 4929 opera
1084 4859 1252 4928 patris
1298 4862 1451 4912 vestri
1473 4857 1542 4926 ⁵³,
1574 4857 1660 4915 dic

2047 4879 2055 4913 ι
2094 4861 2274 4929 λέγοι,
2301 4860 2376 4924 ὡς
2416 4858 2526 4930 ἄρα
2556 4859 2716 4928 ἀρκεῖ
2759 4858 2894 4930 πρὸς
2931 4857 2989 4910 τὸ
3025 4853 3161 4910 εἶναι
3196 4856 3314 4910 υἱὸν
3356 4860 3503 4932 (47)

203 4965 328 5010 est:
360 4953 637 5008 Desideria
671 4952 836 5021 patris
859 4950 1014 5005 vestri
1041 4949 1195 5004 vultis
1224 4949 1397 5020 facere
1421 4949 1503 5020 ⁵⁹;
1543 4961 1598 5006 ιιι
1651 4953 1659 5004 1

2059 4953 2121 5006 τὸ
2159 4952 2332 5006 θέλειν
2370 4950 2534 5005 αὐτοῦ
2564 4953 2736 5004 ποιεῖν
2761 4949 2859 5014 τὰς
2897 4949 3205 5021 ἐπιθυμίας,
3233 4949 3343 5002 κᾶν
3403 4954 3499 5025 μὴ

202 5048 484 5104 discamus
511 5059 611 5100 nos
644 5058 767 5099 esse
801 5043 1003 5098 diaboli
1039 5043 1201 5109 ﬁlios,
1243 5043 1288 5096 si
1321 5042 1401 5098 vel
1428 5042 1602 5100 solum
1637 5059 1658 5097 v

2044 5046 2264 5120 ᾗτοὺτῳ
2313 5050 2490 5101 ποιεῖν
2528 5046 2597 5100 τὰ
2628 5044 2766 5117 ἔργα
2813 5042 2908 5096 τοῦ
2956 5042 3128 5095 θεοῦ·
3178 5041 3320 5096 ἀλλά
3387 5043 3500 5100 λε-

202 5155 327 5197 mus
369 5139 550 5195 facere
579 5151 700 5208 quas
731 5135 980 5192 diabolus
1023 5135 1321 5193 desiderat.
1370 5138 1441 5190 At
1489 5135 1658 5205 aptiss

2045 5181 2058 5209 ,
2088 5141 2170 5195 ὅτι
2199 5141 2412 5213 ἀνάγκη
2446 5142 2536 5196 τὸν
2569 5140 2790 5195 θέλοντα.
2819 5140 2990 5193 ποιεῖν
3016 5135 3115 5200 τὰς
3160 5134 3501 5207 ἐπιθυμίας

265 5282 313 5316 ³⁸
331 5279 486 5338 Vers.
509 5279 705 5345 10,“.
753 5277 828 5340 ,³⁸
850 5277 986 5335 Luc.
1017 5277 1262 5343 umis.
1337 5276 1590 5333 "Matth.
1624 5279 1721 5344 v,E

1337 5276 1590 5333 "Matth.
1624 5292 1679 5344 ν,
1700 5279 1792 5338 es.
1868 5282 2086 5340 "Joan.
2112 5301 2228 5348 vm,
2256 5284 2349 5339 ιι.
2381 5252 2384 5256 ’
2424 5285 2468 5318 ιο
2499 5284 2628 5340 ibid.
2658 5283 2746 5339 ιι.

273 5424 388 5506 (ιιι)
418 5423 544 5479 Haec
573 5437 604 5477 a
626 5419 880 5477 Ferrario
909 5421 1295 5492 praetermissa,
1314 5431 1344 5474 e
1368 5415 1620 5472 Perionio
1642 5430 1729 5488 su;

2036 5419 2081 5506 ἱ).
2118 5420 2296 5506 Ορόρχ
2355 5421 2577 5506 Regius,
2635 5420 3025 5492 ἐπιθυμήματα
3058 5460 3073 5486 ,
3130 5419 3326 5479 Bodlei
3412 5441 3492 5482 us

205 5495 525 5634 ριιξὶἳῖιξιῖο
553 5561 760 5634 Κυρίου
783 5562 956 5634 codex
989 5560 1190 5634 Regius
1219 5559 1382 5634 habet
1414 5557 1508 5612 τοῦ
1539 5558 1661 5611 Θεοῐ

1643 5557 1669 5568 η
1880 5504 2030 5555 vero,
2065 5492 2396 5564 ἐπιθυμητὰ.

1623 5575 1700 5634 >υΖ
1948 5563 2064 5634 (44)
2091 5563 2230 5617 Idem
2258 5565 2429 5619 codex
2457 5563 2680 5630 Regius,
2712 5561 3079 5634 εὐλογήματα.

295 5565 359 5617 41
419 5565 525 5618 Pro
553 5565 760 5634 Κυρίου
783 5565 952 5617 codex
989 5565 1190 5630 llegius
1220 5565 1382 5615 habet
1414 5565 1508 5612 τοῦ
1539 5565 1694 5614 Θεοῦ.

273 5565 390 5704 {42;
415 5635 516 5700 ’Ὡς
537 5649 671 5704 τιν-ᾳ
688 5632 757 5686 δὲ
775 5632 903 5704 τῶν
927 5629 1304 5704 ἀντιγράφων
1332 5630 1479 5704 ἔχει,
1508 5640 1616 5683 etc.
1641 5629 1729 5704 _Ho

1666 5579 1700 5684 lli
1948 5565 2064 5704 tu;
2091 5565 2230 5617 Idem
2258 5565 2429 5619 codex
2457 5565 2680 5645 Regius,
2712 5565 3080 5650 εὐλογήματα.

1706 5644 1770 5684 0-
1949 5633 2040 5704 (45
2087 5634 2225 5704 Idem
2256 5635 2423 5689 codex
2454 5634 2676 5704 Regius,
2712 5633 3122 5704 ἐπιθυμηματα.

205 5700 296 5776 die
324 5700 558 5776 universi
587 5703 698 5756 τῶν
730 5701 785 5759 0'
833 5704 1050 5758 codices
1072 5700 1294 5757 habent
1350 5700 1661 5776 ἐπιθυμητά

2031 5700 2228 5776 i)ldem
2285 5700 2713 5776 codexﬂégius.
2758 5700 3063 5776 perperam,
3096 5703 3487 5776 ἐπιμήματα,

209 5772 683 5846 interpretationes
696 5789 910 5846 omnes,
944 5789 1049 5828 una
1083 5773 1567 5846 exceptaiArabica
1589 5811 1605 5836 ,
1650 5787 1770 5841 qua:
1949 5773 2063 5846 (47)
2084 5775 2268 5832 Codex
2287 5772 2615 5833 Bodleianus
2647 5772 2783 5843 υἱόν,
2821 5772 3043 5845 Regius,
3074 5773 3199 5828 uioi.

211 5854 330 5894 cum
364 5840 530 5894 altera
560 5844 662 5898 hac
691 5840 920 5904 lectione
945 5840 1241 5903 consentit.
1289 5845 1545 5900 Husrws.
