3688 6146
166 387 284 446 625
1225 389 1580 445 COMMENT.
1625 391 1687 444 IN
1727 387 1915 446 JOAN.
1954 387 2189 445 TOMUS
2224 387 2338 442 XX.
3298 379 3404 435 636

163 502 266 555 τοῦ
299 500 430 553 Θεοῦ
465 501 560 555 καὶ
598 505 772 556 ποιεῖν
801 503 868 557 τὰ
901 505 1035 576 ἔργα
1071 505 1164 559 τοῦ
1197 505 1364 559 Θεοῦ·
1405 509 1465 560 οὐ
1513 507 1619 580 γὰρ

1947 521 1972 561 s
2010 507 2076 559 ad
2116 506 2232 559 haec
2272 503 2476 557 diceret
2503 497 2749 555 soliicere
2779 496 3051 560 etiam,ut
3092 491 3262 550 simus
3309 495 3402 549 ﬁlii

163 611 262 647 νον
303 593 362 646 16
394 592 588 655 θέλειν,
636 594 772 648 ἀλλά
811 597 905 650 καὶ
953 597 1014 650 16
1064 600 1336 671 ἐνεργεῖν,
1381 600 1457 662 ὥς
1508 615 1619 669 φησ

1951 638 1965 662 ,
1989 596 2124 652 velle
2152 593 2416 649 desideria
2443 591 2588 646 illius
2618 589 2816 653 facere,
2841 586 3054 644 etiamsi
3075 601 3235 656 opera
3265 585 3407 641 illius

165 686 401 750 Παῦλος,
447 688 513 740 ὲκ
557 687 650 740 τοῦ
701 688 834 742 Θεοῦ
880 691 1048 755 ἐστιν,
1098 691 1363 762 ἑπομένου
1409 693 1624 754 πάντως
1664 691 1742 763 τῷ

164 775 321 848 καλῷ
363 778 538 832 θέλειν
572 778 668 833 τοῦ
710 779 943 850 συζύγου
995 783 1146 853 αὐτῷ
1197 783 1306 855 (48)
1337 785 1610 854 ἐνεργεῖν·
1647 785 1742 838 καὶ

162 869 277 940 γὰρ
303 868 427 936 τοῖς
460 869 735 939 ἀγαπῶσι
759 871 865 925 τὸν
895 873 1043 927 Θεὸν
1080 873 1276 928 πάντα
1317 875 1602 945 συνεργεῖ
1629 875 1740 945 (49)

162 962 252 1024 είς
288 960 534 1030 ἀγαθὸν,
569 965 662 1016 καὶ
707 964 807 1018 οὐκ
847 963 913 1019 ἂν
948 966 1112 1018 καλὸν
1152 966 1324 1021 θέλειν
1355 966 1542 1030 ἀτελὲς
1580 968 1740 1020 ὲᾶσαι

158 1054 190 1106 6
233 1051 409 1106 ποιῶν
449 1054 628 1108 πάντα
669 1053 810 1109 καλὰ
847 1055 987 1110 λίαν.
1035 1057 1175 1110 Ἀλλ’
1219 1058 1340 1110 οὐδὲ
1389 1057 1740 1130 ἐπινοηθῆναι

156 1143 388 1198 δύναται
435 1144 599 1198 καλὸν
643 1144 815 1199 θέλειν
859 1148 934 1218 μὴ
975 1150 1406 1221 συνεζευγμένης
1453 1151 1553 1222 τῆς
1599 1151 1740 1205 κατά

157 1233 220 1286 16
261 1233 408 1288 οὕτω
443 1235 617 1290 θέλειν
655 1239 935 1309 ἐνεργείας
963 1240 1132 1311 καλῆς
1159 1241 1235 1312 τῷ
1261 1240 1410 1312 καλῷ
1438 1242 1630 1296 θέλειν.
1675 1244 1737 1296 Ἦ

163 1325 418 1395 μέντοιγε
457 1327 594 1400 πρὸς
619 1328 697 1400 τῷ
730 1328 903 1383 θέλειν
941 1331 1212 1403 ἐνέργεια,
1251 1333 1354 1387 κᾶν
1393 1333 1737 1405 ἐμποδίζοιτο

158 1416 265 1469 ὑπὸ
304 1417 408 1488 τῆς
436 1418 698 1489 Προνοίας
727 1420 960 1489 εὐλόγως
995 1422 1275 1488 πολλάκις,
1301 1425 1390 1477 ὅτε
1424 1426 1566 1498 ὐπέρ
1593 1443 1736 1490 τινος

159 1507 463 1574 καθολικῶς
495 1511 787 1583 χρησίμου,
813 1512 848 1584 ἢ
891 1514 1040 1576 ὅπως
1087 1515 1215 1568 ποτὲ
1262 1517 1533 1588 χρησίμου
1577 1518 1736 1589 χρεία

157 1600 558 1656 ἀνακόπτεσθαι
580 1602 641 1656 16
675 1603 817 1656 κατὰ
848 1604 908 1657 16
930 1603 1102 1660 θέλειν
1130 1606 1190 1659 16
1217 1610 1396 1680 χεῖρον
1429 1609 1606 1681 ἔργον.
1641 1611 1735 1675 Εἰς

157 1692 329 1746 ταῦτα
361 1693 420 1747 δὲ
468 1697 498 1748 6
536 1695 848 1764 ’Πρακλέων
891 1697 1054 1768 φησί·
1109 1718 1127 1749 ι
1160 1700 1305 1771 Πρὸς
1354 1701 1446 1766 οὒς
1487 1705 1516 1756 6
1555 1703 1732 1772 λόγος,

156 1784 218 1836 ἐκ
252 1785 355 1854 τῆς
388 1785 572 1849 οὐσίας
616 1783 709 1840 τοῦ
751 1787 996 1840 διαϐόλου
1033 1784 1206 1859 ἦσαν·
1229 1810 1248 1843 ι
1281 1792 1356 1858 ὡς
1407 1793 1600 1866 ἑτέρας
1642 1794 1734 1849 οὓ-

1847 703 1952 742 non
1995 686 2258 741 faciamus
2289 701 2303 750 ;
2334 683 2427 738 sed
2454 682 2741 737 dicendum
2769 690 2852 735 est
2883 678 3028 748 quod
3070 691 3295 732 necesse
3335 677 3408 732 sit

1849 781 1898 836 ei
1950 779 2040 849 qui
2083 778 2213 833 velit
2244 775 2518 831 desideria
2560 773 2652 827 Dei
2702 771 2904 834 facere,
2948 779 3007 825 ut
3047 771 3212 829 etiam
3244 767 3409 825 faciat

1846 883 2012 939 opera
2045 867 2176 933 Dei;
2209 882 2316 920 non
2365 864 2509 921 enim
2563 862 2740 918 solum
2787 861 2946 925 velle,
2996 874 3183 913 verum
3240 861 3405 913 etiam

1844 964 2126 1036 perlicere,
2173 970 2234 1016 ut
2261 960 2431 1031 inquit
2470 957 2828 1016 Panlus“.ex
2860 957 2970 1011 Deo
2999 964 3120 1020 est;
3155 969 3276 1009 cum
3303 955 3407 1009 hoc

1844 1057 2046 1112 bonum
2075 1053 2215 1108 velle
2247 1061 2508 1121 sequatur
2536 1051 2754 1106 omnino
2783 1049 3048 1119 operatio,
3089 1047 3253 1102 veluti
3283 1060 3402 1112 sua,

1845 1155 1903 1200 ιιι
1943 1147 2012 1202 ita
2043 1145 2244 1208 dicam,
2273 1143 2468 1213 conjux
2494 1159 2510 1199 :
2546 1141 2890 1212 Diligentibus
2915 1139 3062 1194 enim
3097 1137 3262 1190 Deum
3289 1153 3402 1189 om—

1844 1235 1935 1288 nia
1962 1244 2309 1302 cooperantur
2329 1233 2386 1288 in
2412 1233 2605 1287 bonum
2625 1233 2668 1264 ⁶¹
2697 1249 2712 1298 ;
2742 1226 2843 1286 nec
2876 1233 3017 1286 Deus
3045 1227 3274 1284 omnino
3309 1226 3407 1282 bo-

1842 1341 1972 1382 num
2018 1326 2180 1391 velle,
2225 1325 2603 1394 imperfectum
2663 1325 2826 1390 sinet,
2887 1323 2977 1391 qui
3031 1321 3161 1376 facit
3219 1320 3402 1374 omnia

1840 1433 2001 1486 opera
2039 1418 2193 1473 valde
2222 1419 2360 1471 bona
2387 1418 2451 1468 ⁶³.
2478 1417 2617 1484 Quin
2653 1431 2719 1471 ne
2745 1415 3042 1486 excogitari
3069 1414 3285 1484 quidem
3307 1427 3404 1485 po-

1843 1517 1948 1564 test
1993 1511 2191 1565 bonum
2237 1509 2398 1574 velle,
2439 1524 2543 1563 non
2583 1507 2872 1576 conjuncta
2905 1509 2958 1562 in
2991 1507 3080 1562 tali
3125 1505 3403 1562 voluntate

1840 1601 2154 1670 operatione
2183 1601 2325 1655 bona
2343 1600 2486 1658 bono
2507 1600 2664 1657 velle.
2693 1601 2836 1654 Sane
2860 1600 3101 1665 operatio
3122 1597 3256 1654 velle
3274 1612 3401 1653 con-

1836 1691 2022 1762 juncta
2051 1702 2154 1757 est,
2178 1692 2390 1748 etiamsi
2426 1693 2748 1762 plerumque
2773 1690 2971 1746 rationi
3017 1689 3403 1745 convenienter

1841 1785 2166 1855 impediatur
2193 1801 2221 1839 a
2249 1785 2618 1851 Providentia,
2649 1785 2862 1854 quando
2902 1799 3003 1854 pro
3055 1783 3236 1852 aliqua
3276 1780 3400 1835 uni-

157 1892 256 1945 στις
283 1876 396 1946 (50)
423 1877 523 1947 τῆς
544 1878 634 1932 τοῦ
664 1879 909 1933 διαϐόλου
935 1881 1126 1948 οὐσίας
1149 1890 1296 1959 παρά
1315 1886 1412 1958 τὴν
1431 1887 1540 1940 τῶν
1569 1889 1613 1941 ἀ·

1945 1880 2031 1934 sali
2066 1881 2320 1945 utilitate,
2356 1880 2438 1935 vel
2463 1893 2562 1948 pro
2586 1879 2953 1949 qualicunque
2979 1877 3234 1940 utilitate,
3265 1890 3401 1946 opus

154 1965 391 2044 λογικῶν
419 1969 604 2030 οὐσίαν
624 1987 636 1999 ·
669 1971 853 2047 ὅμοιον
882 1973 939 2030 δὲ
969 1978 1028 2029 ὲν
1057 1975 1231 2047 τούτῳ
1279 1995 1369 2048 μοι
1413 1978 1736 2032 πεπονθέναι

157 2066 410 2135 φαίνεται
438 2066 514 2137 τῷ
547 2065 740 2138 ἑτέραν
767 2065 956 2118 οὐσίαν
988 2064 1249 2134 φάσκοντι
1277 2065 1556 2137 ὀφθαλμοῦ
1593 2083 1735 2136 παρα

156 2157 423 2228 ορῶντος,
471 2160 567 2211 καὶ
613 2158 805 2232 ἑτέραν
855 2157 1117 2228 ὁρῶντος·
1160 2159 1254 2212 καὶ
1304 2158 1494 2230 ἑτέραν
1549 2157 1735 2211 οὐσίαν

156 2252 323 2321 ἀκοῆς
359 2251 800 2322 παρακουούσης,
831 2251 923 2304 καί
950 2250 1117 2319 ὑγιῶς
1143 2249 1466 2322 ἀκουούσης.
1509 2250 1596 2313 Ὠς
1626 2248 1734 2320 γὰρ

155 2341 211 2393 ὲν
245 2341 461 2405 τούτοις
511 2343 696 2414 οὐχὶή
740 2343 898 2396 οὐσία
943 2341 1229 2414 διάφορος,
1278 2342 1413 2395 ἀλλά
1461 2358 1514 2394 τι
1564 2339 1734 2394 αἴτιον

157 2434 566 2505 ὲπισυμϐέὸηκε
623 2433 718 2488 τοῦ
772 2434 1129 2507 παρακούειν,
1173 2437 1268 2488 καὶ
1310 2433 1404 2488 τοῦ
1463 2435 1730 2505 παρορᾷν,

156 2527 326 2592 οὕτως
356 2529 557 2593 παντὸς
591 2529 685 2583 τοῦ
724 2529 1024 2599 πεφυκότος
1063 2529 1205 2598 λόγῳ
1244 2527 1668 2600 παρακολουθεῖν
1698 2527 1732 2596 ή

159 2620 598 2692 παρακολουθικὴ
633 2622 787 2674 οὐσία
828 2622 862 2692 ἡ
900 2623 1035 2694 αὐτή
1082 2624 1250 2689 ἐστιν,
1293 2620 1402 2674 είτε
1437 2618 1735 2692 παραδέχε-

159 2727 245 2766 ται
288 2711 382 2764 16v
428 2711 607 2780 λόγον,
655 2712 768 2765 εἴτε
817 2712 1067 2766 ἀνανεύει
1113 2712 1246 2786 πρὸς
1292 2712 1483 2766 αὐτόν·
1529 2711 1582 2764 τί
1623 2712 1733 2784 γὰρ

161 2802 403 2874 διαφέρει
454 2802 538 2871 ἐφ’
583 2801 742 2874 ἡμῶν
787 2802 895 2856 τῶν
946 2802 1247 2874 ἀνθρώπων
1289 2802 1350 2856 16
1390 2802 1732 2874 παρακολου-

162 2890 326 2962 θῆσαν
353 2891 452 2946 τοῦ
485 2893 558 2964 μὴ
600 2892 1150 2964 παρακολουθοῦντος,
1178 2894 1279 2947 οὐκ
1311 2893 1376 2947 ἂν
1407 2892 1624 2964 ἔχοιμεν
1655 2895 1733 2947 εί-

164 2986 296 3047 πεῖν,
323 2986 372 3037 εί
412 2984 508 3038 καὶ
548 2983 688 3054 μετὰ
714 2984 774 3036 16
810 2984 1045 3038 συνιέναι
1073 2983 1181 3037 τῶν
1210 2985 1533 3056 εἰρημένων,
1575 2987 1603 3038 6
1631 2986 1732 3056 μέν

162 3091 240 3138 τις
270 3076 557 3147 ἐπικρίνας
602 3074 962 3143 συγκατέθετο
997 3075 1076 3147 τῷ
1122 3075 1394 3147 λεγομένῳ
1429 3075 1562 3146 (51),
1607 3078 1636 3130 6
1674 3076 1730 3129 δὲ

162 3167 412 3222 ἀνένευσε
455 3168 592 3239 πρὸς
621 3167 773 3221 αὐτό.
817 3167 1084 3231 Πολλάκις
1111 3167 1167 3220 δὲ
1199 3166 1423 3238 εἴπομεν
1455 3167 1589 3238 (52),
1621 3167 1723 3231 ὅτι,

163 3256 253 3308 ἐὰν
287 3255 612 3328 συγχωρηθῇ
644 3253 802 3308 τοῦτο
832 3255 894 3307 τὸ
936 3254 1214 3318 ἀδύνατον,
1243 3253 1385 3324 λέγω
1411 3254 1466 3307 δὲ
1499 3255 1561 3307 16
1589 3251 1726 3308 εἶναι

164 3349 340 3412 οὐσίας
381 3348 596 3419 ἑτέρας,
623 3349 718 3402 καὶ
749 3346 1095 3402 ἀνεπίδεκτον
1130 3347 1236 3400 τῶν
1273 3346 1594 3418 κρειττόνων
1637 3347 1729 3401 τὸν

163 3437 423 3503 διάϐολον,
457 3439 586 3511 περὶ
628 3437 725 3508 μὲν
768 3436 974 3490 ἐκείνου
1018 3435 1494 3506 ἀπελογησάμεθα,
1527 3437 1604 3500 ὠς
1641 3437 1730 3489 οὐ·-

163 3529 326 3601 δαμοῦ
355 3528 532 3583 αἰτίου
558 3528 654 3599 τῆς
684 3527 970 3598 πονηρίας,
999 3525 1060 3578 τὸ
1089 3525 1145 3577 δὲ
1175 3524 1424 3596 ἔγκλημα
1450 3525 1528 3596 τῷ
1567 3527 1730 3580 αὐτὸν

164 3622 482 3676 οὐσιὼσαντι
526 3620 621 3674 καὶ
663 3619 1126 3690 δημιουργήσαντι
1179 3617 1548 3687 προσὰψομεν,
1594 3619 1728 3690 ὅπερ

165 3715 274 3767 ἐστὶ
297 3714 516 3768 πάντων
546 3709 914 3766 ἀτοπώτατον.
948 3707 1216 3781 Πρόδηλον
1244 3708 1302 3761 δὲ
1335 3708 1396 3762 16
1421 3710 1728 3781 παράλογον

164 3805 306 3858 ἔσται
347 3804 429 3876 τῷ
467 3804 860 3875 κατανοήσαντι
900 3802 1088 3874 ψυχῶν
1127 3801 1481 3875 ἀνθρωπίνων
1518 3803 1726 3867 οὐσίαν,

163 3895 253 3948 καὶ
296 3894 554 3957 ὲνιδόντι,
596 3894 676 3947 ὅτι
723 3893 1002 3964 ἀμήχανόν
1051 3894 1219 3956 ἐστιν,
1271 3891 1459 3963 ὥσπερ
1505 3891 1728 3963 σώματα

166 3987 308 4059 παρὰ
350 3985 581 4055 σώματα
627 3980 765 4038 εἶναι
808 3984 1118 4057 ἀνθρώπινα
1165 3984 1358 4056 ἑτέρας
1404 3984 1497 4038 καὶ
1538 3984 1730 4056 ἑτέρας

161 4077 362 4141 οὐσίας,
408 4075 551 4129 οὕτω
592 4075 686 4130 καὶ
714 4075 892 4146 ψυχὰς
923 4076 1072 4148 παρά
1110 4074 1310 4146 ψυχὰς,
1354 4075 1447 4128 καὶ
1485 4075 1730 4145 νοητικὸν

166 4169 311 4240 παρά
351 4169 414 4222 τὸ
442 4168 710 4238 νοητικὸν,
748 4167 928 4222 καὶτὸ
962 4167 1296 4239 διανοητικόν
1331 4165 1482 4238 παρά
1511 4165 1571 4220 16
1615 4167 1730 4221 δια-

165 4261 424 4331 νοητικόν.
470 4260 545 4312 T6
577 4259 634 4313 δὲ
671 4261 854 4331 ὅμοιον
899 4261 1044 4330 ἐρεῖς
1097 4259 1190 4313 καὶ
1223 4259 1315 4311 ἐπὶ
1343 4257 1440 4311 τοῦ
1488 4258 1726 4328 λογικοῦ,

166 4353 252 4405 καὶ
270 4353 361 4406 ἐπὶ
381 4352 491 4405 τῶν
514 4353 572 4405 ὲν
597 4354 662 4423 τῇ
691 4351 834 4420 ψυχῇ
858 4350 1158 4421 δυνάμεων,
1182 4349 1281 4420 τῆς
1302 4367 1362 4403 τε
1388 4367 1495 4420 μνη
1503 4351 1729 4422 μονικῆς

167 4444 253 4496 καὶ
293 4444 391 4516 τῆς
427 4442 602 4507 οὕτως
645 4442 1038 4513 φανταστικῆς·
1087 4442 1298 4512 ἀνάγκη
1348 4440 1485 4512 γὰρ,
1528 4442 1576 4494 εί
1609 4444 1726 4496 ἑτε-

1835 1979 1918 2026 est
1941 1971 2258 2040 interrumpi
2285 1984 2419 2040 opus
2441 1969 2702 2036 deterius,
2726 1970 3021 2024 secundum
3043 1967 3399 2022 voluntatem.

1837 2059 1942 2116 Sed
1976 2061 2029 2114 in
2076 2059 2194 2115 haec
2248 2059 2428 2128 inquit
2469 2056 2812 2114 Heracleon:
2850 2077 2870 2110 ι
2895 2057 2983 2124 Hi,
3039 2057 3105 2112 ad
3144 2072 3279 2126 quos
3319 2066 3402 2112 est

1833 2166 2034 2212 sermo.
2061 2165 2126 2206 ex
2157 2150 2462 2206 substantia
2493 2149 2693 2205 diaboli
2720 2158 2912 2216 erant;
2943 2167 2962 2200 ι
2995 2148 3221 2219 perinde
3246 2144 3401 2217 quasi

1835 2245 2031 2300 diaboli
2055 2245 2354 2300 substantia
2381 2245 2593 2299 diversa
2624 2243 2697 2298 sit
2727 2244 2795 2297 ab
2824 2241 3062 2297 essentia
3086 2249 3398 2296 sanctorum

1834 2338 2147 2406 angelorum
2183 2337 2410 2392 rationis
2441 2346 2706 2404 compote.
2748 2335 2828 2389 Ac
2869 2333 3003 2386 mihi
3035 2332 3215 2387 simile
3239 2331 3402 2401 quid-

1835 2433 1958 2484 dam
1985 2429 2036 2484 in
2069 2429 2168 2482 hoc
2197 2443 2388 2498 passus
2422 2426 2590 2483 fuisse
2610 2426 2846 2490 videtur,
2875 2434 3039 2494 atque
3071 2423 3160 2479 ille
3193 2425 3283 2492 qui
3314 2423 3401 2477 di-

1832 2536 2048 2577 versam
2078 2521 2373 2576 essentiam
2408 2519 2543 2575 dicit
2569 2535 2687 2575 esse
2715 2519 2857 2574 oculi
2885 2519 3002 2574 sani
3033 2527 3089 2572 et
3112 2517 3252 2572 oculi
3281 2530 3404 2585 per-

1835 2627 2020 2682 peram
2047 2613 2315 2679 videntis;
2353 2621 2404 2666 et
2435 2611 2664 2666 alteram
2701 2625 2825 2666 esse
2854 2611 3146 2664 essentiam
3182 2608 3401 2662 auditus

1831 2704 2031 2766 vitiati,
2071 2704 2299 2758 alteram
2346 2702 2563 2756 auditus
2616 2703 2757 2756 sani.
2793 2701 2864 2756 Ut
2893 2700 3036 2755 enim
3071 2701 3122 2752 in
3153 2699 3239 2754 his
3290 2712 3397 2752 non

1832 2796 2072 2852 essentia
2103 2795 2338 2857 diversa,
2382 2793 2476 2848 sed
2520 2807 2688 2849 causa
2741 2793 2987 2862 quaedam
3040 2789 3288 2858 contigit,
3340 2798 3402 2842 ut

1831 2888 2050 2941 auditus
2077 2885 2372 2957 oculosque
2401 2884 2758 2951 vitiarentur;
2796 2884 2876 2937 sic
2907 2881 3278 2951 cujuscunque
3307 2894 3398 2933 na-

1834 2989 1955 3034 tura
1983 2978 2094 3050 apti
2141 2979 2207 3033 ad
2240 2978 2636 3046 assequendam
2671 2978 2944 3031 rationem
2975 2973 3206 3029 essentia
3247 2985 3400 3026 asse-

1831 3071 2035 3135 cutiva,
2081 3069 2270 3123 eadem
2322 3078 2441 3134 est;
2497 3069 2610 3123 sive
2659 3068 2922 3122 rationem
2970 3066 3242 3130 admittat,
3287 3063 3403 3118 sive

1833 3176 1950 3216 eam
1982 3168 2194 3216 renuat.
2226 3160 2366 3226 Quid
2389 3161 2530 3215 enim
2565 3160 2616 3213 in
2650 3159 2804 3213 nobis
2829 3159 3138 3213 hominibus
3181 3155 3402 3212 dili'erat

1833 3255 1915 3308 vis
1943 3253 2031 3307 illa
2059 3266 2178 3322 qua:
2209 3259 2454 3305 assecuta
2471 3259 2577 3314 est,
2603 3250 2669 3302 ab
2700 3263 2762 3302 ea
2790 3263 2909 3318 qum
2939 3263 3042 3301 non
3069 3249 3397 3317 assequitur,

1832 3344 1975 3399 haud
2004 3343 2251 3413 equidem
2295 3342 2476 3396 dicere
2509 3354 2736 3410 queam;
2789 3339 3004 3394 etiamsi
3058 3336 3226 3408 338
3273 3345 3398 3407 post

1831 3433 2099 3487 dictorum
2140 3431 2549 3501 intelligentiam
2606 3430 2744 3484 alter
2795 3431 3014 3499 quidem
3055 3444 3119 3484 ea
3173 3430 3398 3483 laudans

1831 3524 2146 3594 acquiescat
2180 3524 2345 3588 dicto,
2381 3523 2518 3576 alter
2560 3535 2688 3576 vero
2733 3520 2863 3574 illud
2910 3530 3121 3575 renuat.
3173 3521 3243 3575 At
3287 3519 3400 3575 fre-

1831 3625 2061 3686 quenter
2119 3617 2390 3683 diximus,
2441 3615 2484 3670 si
2537 3629 2854 3668 concessum
2911 3612 3073 3668 fuerit
3131 3613 3402 3670 essentias

1833 3719 1953 3764 esse
1983 3708 2246 3774 diversas,
2277 3708 2420 3778 quod
2455 3708 2570 3762 ﬁeri
2599 3709 2812 3776 nequit,
2851 3706 3181 3776 minimeque
3218 3721 3398 3761 rerum

1830 3803 2206 3870 praestantium
2236 3815 2488 3871 capacem
2519 3801 2790 3856 diabolum
2823 3815 2963 3864 esse,
2989 3799 3226 3854 futurum
3256 3813 3397 3862 esse,

1833 3902 1890 3946 ιιι
1929 3893 2017 3948 ille
2046 3907 2076 3946 a
2119 3893 2274 3948 nobis
2308 3890 2643 3955 defendatur,
2674 3891 2898 3961 perinde
2927 3891 3082 3961 quasi
3117 3889 3400 3961 pravitatis

1832 3999 1938 4038 non
1975 3983 2045 4038 sit
2071 3994 2292 4050 auctor;
2325 3993 2508 4037 notam
2550 3982 2795 4052 alioquin
2825 3983 3092 4039 inuslnris
3122 3984 3171 4037 ei
3207 3983 3296 4051 qui
3329 3983 3396 4035 il-

1831 4073 1938 4128 lum
1961 4075 2188 4140 creavit,
2221 4075 2423 4144 quique
2457 4077 2557 4146 ipsi
2599 4077 2896 4131 essentiam
2930 4085 3014 4131 est
3043 4075 3271 4144 largitus
3298 4093 3313 4140 ;
3341 4074 3395 4127 id

1830 4166 1970 4236 quod
1997 4167 2236 4221 omnium
2269 4168 2718 4222 absurdissimum
2759 4177 2862 4223 est.
2899 4167 3181 4222 Manifesta
3213 4178 3397 4220 autem

1830 4258 1937 4312 erit
1970 4259 2276 4313 absurdilas
2309 4261 2538 4315 intuenti
2576 4262 2933 4315 humanarum
2969 4261 3271 4314 animarum
3306 4276 3396 4313 es-

1831 4350 2081 4413 sentiam,
2129 4360 2186 4404 et
2231 4351 2536 4420 inspicienti
2583 4354 2725 4419 quod
2778 4353 3230 4422 quemadmodum
3281 4352 3396 4405 ﬁeri

1831 4443 2015 4510 nequit
2040 4453 2098 4495 ut
2126 4457 2353 4512 corpora
2386 4444 2618 4497 humana
2645 4445 2813 4512 magis
2837 4459 2997 4512 quam
3024 4443 3127 4498 alia
3160 4443 3396 4497 humana

170 4535 400 4602 ροούσιός
443 4536 556 4604 (55)
600 4536 748 4588 ἐστιν
795 4533 1078 4605 ἄνθρωπός
1107 4551 1192 4597 τις
1235 4534 1363 4605 παρ’
1392 4534 1599 4605 ἕτερον,

1937 4547 2077 4600 pora,
2113 4532 2224 4586 sint
2271 4532 2494 4588 alterius
2526 4544 2578 4588 et
2609 4534 2832 4589 alterius
2852 4537 3126 4599 essentne,
3161 4535 3234 4589 ita
3275 4536 3393 4590 fieri

169 4625 488 4697 ἑτερογενεῖς
532 4621 670 4680 εἶναι
697 4623 797 4690 τὰς
828 4626 924 4696 τῆς
957 4624 1136 4695 ψυχῆς
1170 4623 1446 4694 δυνάμεις,
1485 4623 1579 4677 καὶ
1610 4625 1726 4676 ἐτε-

171 4715 356 4786 ρογενῆ
390 4713 552 4780 εἶναι,
593 4714 725 4786 φέρε
758 4713 952 4774 εἰπεῖν,
979 4715 1078 4782 τὴν
1110 4713 1466 4784 μνημονικὴν,
1498 4713 1591 4765 καὶ
1622 4713 1724 4784 τὴν

1831 4639 1935 4678 non
1966 4639 2124 4693 posse
2148 4633 2206 4678 ut
2232 4627 2426 4680 animae
2457 4627 2629 4696 magis
2653 4641 2812 4696 quam
2846 4628 2966 4681 aliae
2991 4627 3206 4692 animae,
3234 4635 3288 4681 et
3311 4642 3399 4684 res

1831 4717 1896 4768 ad
1925 4717 2254 4771 intellectum
2290 4727 2544 4787 spectans
2591 4719 2760 4787 magis
2787 4734 2951 4789 quam
2995 4735 3084 4774 res
3114 4720 3180 4773 ad
3234 4720 3386 4774 intel-

167 4803 522 4878 διανοητικὴν,
547 4805 698 4876 παρὰ
738 4805 836 4875 τὴν
874 4805 1235 4874 διανοητικὴν.
1275 4803 1623 4870 Ἐξεταζέσθιι

1928 4815 2028 4860 lum
2079 4819 2351 4876 spectans,
2391 4817 2446 4861 et
2494 4809 2576 4862 vis
2615 4809 2884 4878 cogitandi
2911 4811 3082 4881 magis
3109 4826 3271 4880 quam
3305 4811 3384 4864 vis

171 4896 198 4948 6
228 4898 376 4968 λόγος
404 4899 783 4972 περὶτούτων,
824 4897 860 4952 ἃ.
899 4898 1097 4970 ὁμοίως
1135 4898 1200 4952 ἂν
1232 4899 1423 4969 νοήσαι
1467 4897 1561 4950 καὶ
1605 4898 1724 4950 δια-

169 4991 408 5063 νοηθείη·
456 4991 595 5044 ὥστε
641 4991 735 5044 καὶ
769 4989 1162 5061 παραπλησίως
1206 4987 1724 5059 συγκαταθέσθαι,ἦ

170 5084 480 5156 ὲπισχεῖν,ἢ
512 5084 800 5138 ἀνανεῦσαι
828 5084 886 5136 ὄν
918 5099 1080 5150 φασιν
1119 5083 1315 5134 ἐκεῖνοι
1344 5080 1725 5151 πνευματικὸν,

237 5218 280 5250 ⁸⁸
313 5219 504 5293 Philip.
537 5238 595 5287 ιι,
624 5222 712 5280 15.

239 5334 348 5406 (48)
369 5335 595 5394 Codices
645 5339 970 5395 Bodleianus
1016 5348 1070 5392 et
1120 5338 1486 5405 Barlicrinns,
1537 5337 1719 5408 αὐτῷ·

181 5403 570 5480 Βοεὶιιε,Ᾱαύτό,
599 5409 738 5480 [orte
771 5409 1053 5480 legendum
1084 5409 1272 5463 αὐτοῦ.

242 5474 349 5560 (4?)
378 5475 553 5532 Codex
605 5474 849 5552 Regius;
873 5483 1150 5548 συνεργεῖν
1174 5497 1187 5508 ·
1236 5480 1574 5544 Bodleianns,
1609 5497 1725 5534 συν-

177 5557 340 5614 ιργαε

244 5613 351 5696 (50)
385 5616 476 5683 Ὠς
501 5619 702 5696 ἑτέρας
731 5619 940 5688 οὔσης.
963 5629 1070 5674 etc.
1103 5617 1351 5686 Ejusdem
1397 5621 1580 5696 οὐσίας
1605 5636 1724 5675 esse

179 5691 419 5764 Opinatus
438 5699 521 5764 est
576 5691 835 5764 Origenes
884 5704 1218 5764 quaecunque
1263 5693 1485 5764 praedita
1542 5702 1724 5764 essent

181 5757 400 5828 ratione.
433 5757 877 5829 Corporis’solum
904 5757 1192 5814 discrimen
1230 5761 1447 5827 aliquod
1499 5762 1720 5829 angelos

185 5831 320 5876 inter
345 5834 397 5880 ct
426 5828 692 5885 dwmones
719 5830 1022 5897 constituit,
1049 5841 1106 5885 ut
1152 5833 1206 5884 in
1254 5828 1590 5900 Origcnianis
1629 5834 1718 5887 dc-

823 5223 864 5259 ⁶ι
896 5222 1054 5277 Rom.
1089 5236 1206 5290 vm,
1239 5222 1331 5278 28.
1407 5222 1451 5253 “
1483 5222 1619 5277 Gen.
1653 5237 1701 5286 ι,
1735 5223 1824 5277 3i.

1829 4896 2121 4964 cogitandi,
2148 4898 2219 4952 sit
2251 4897 2475 4952 alterius
2493 4899 2758 4952 essenlize.
2795 4899 2938 4953 Idem
2964 4903 3112 4957 dices
3141 4903 3304 4956 etiam
3330 4902 3397 4956 de

1828 5001 1894 5039 eo
1923 4987 2064 5056 quod
2108 4990 2332 5044 rationis
2375 4999 2457 5044 est
2496 5005 2736 5058 compos,
2778 5001 2833 5046 et
2874 4995 2940 5048 de
2982 4993 3242 5062 potentiis
3279 5009 3396 5062 quae

1833 5088 1958 5131 sunt
1988 5078 2041 5132 in
2069 5080 2288 5148 anima;
2326 5097 2517 5153 nempe
2552 5084 2617 5138 de
2647 5085 2885 5155 potentia
2919 5086 3211 5150 memoriae,
3243 5094 3300 5139 et
3331 5086 3397 5139 de

1833 5338 2269 5391 monstravimus.
2300 5337 2432 5391 Cum
2473 5352 2603 5406 ergo
2635 5339 2728 5392 lib.
2758 5355 2838 5401 ιιι,
2871 5357 3016 5394 nnm.
3066 5341 3154 5402 37.
3212 5353 3394 5397 contra

1830 5405 2042 5478 Celsum
2071 5408 2183 5478 haec
2206 5409 2407 5478 scripta
2435 5405 2749 5478 reliquerit:
2775 5408 2838 5464 Οἱ
2875 5411 2930 5462 δὲ
2961 5409 3055 5463 τοῦ
3089 5411 3222 5464 Θεοῦ
3259 5411 3393 5467 θεῖοι

1830 5479 1923 5530 καὶ
1955 5475 2099 5545 ἅγιοι
2125 5475 2343 5554 ἀγγελοι
2369 5477 2533 5554 ᾇλλης
2549 5475 2682 5554 ξείσὶ
2722 5481 2945 5554 φύσεως
2993 5482 3087 5554 καὶ
3134 5483 3377 5554 προαιρέ-

1832 5565 1966 5611 σεως
1997 5548 2327 5621 παρὰῌτοὺς
2357 5550 2460 5621 ἐπὶ
2509 5549 2613 5619 γῆς
2663 5551 2868 5621 πάντας
2917 5548 3190 5621 δαίμονας,
3243 5548 3392 5611 vide-

1834 5631 1919 5672 tur
1955 5617 2114 5690 φύσιν
2148 5619 2460 5690 distinxisse
2488 5617 2757 5690 αυούσίᾳ..
2796 5617 3054 5677 HUETtus.

1905 5690 2014 5759 (51)
2042 5689 2219 5761 Codex
2239 5689 2588 5761 Bodleianus,
2623 5689 2914 5761 εἰρημένῳ.

1900 5761 2014 5828 (52)
2034 5759 2206 5830 podex
2232 5759 2450 5830 Regius,
2477 5759 2930 5830 εἴποιμενζιιιιιιο.

1901 5830 2013 5899 (55)
2040 5827 2184 5885 Idem
2209 5827 2377 5888 codex
2402 5827 2638 5900 Regius,
2655 5831 2980 5898 ὲτερούσιος.
