3688 6146
322 366 431 427 6‘27

1760 330 2079 424 cuiusuis

3430 377 3518 437 628

325 487 569 560 potentia
611 486 690 541 sic
723 484 1074 554 imaginandi.
1119 482 1175 540 Si
1227 484 1370 538 enim
1418 484 1582 540 homo
1627 499 1738 554 prae
1784 486 1832 538 al

2006 485 2083 538 ιαὶ
2107 484 2166 537 ὃν
2194 485 2436 553 λέγουσιν
2460 481 2597 540 εἷναι
2626 487 2805 557 χοῖκὸν
2832 487 2940 558 (54)
2962 505 2976 517 ·
3011 482 3117 560 ἄρα
3146 488 3253 563 γὰρ
3277 488 3339 543 τδ
3366 508 3513 565 παρα.

323 581 546 639 homine
582 578 807 634 alterius
829 588 915 633 est
937 578 1277 645 substantiae,
1306 578 1530 633 alterius
1554 592 1764 647 quoque
1793 593 1884 646 ge-

322 674 472 729 neris
505 686 731 729 necesse
755 680 840 726 est
868 686 992 726 esse
1032 670 1224 726 anima:
1260 672 1549 741 potentias.
1581 679 1635 725 et
1662 683 1883 743 genere,

321 775 378 817 ut
403 763 478 819 ita
511 763 711 825 dicam,
748 760 967 817 differre
998 762 1276 817 memoria:
1304 762 1594 829 potentiam
1626 775 1656 814 a
1688 774 1887 814 memo-

323 856 420 909 riae
462 855 700 921 potentia
741 862 796 907 et
839 852 1180 908 discurrendi
1229 852 1522 921 potentiam
1560 867 1592 906 a
1645 851 1881 919 potentia

321 944 679 998 discurrendi.
730 942 833 996 Sed
880 941 1046 998 certis
1080 956 1330 1009 agamus,
1374 940 1626 1011 exemplo
1668 951 1882 997 utentes

319 1047 507 1090 eorum
539 1047 658 1103 qua:
685 1031 939 1087 similiter
973 1031 1278 1102 intelligunt
1322 1041 1379 1087 et
1424 1033 1768 1088 discurrunt:
1802 1031 1877 1084 ita

319 1132 384 1179 ut
412 1138 549 1178 unus
586 1123 888 1190 spiritualis
915 1123 1052 1178 alter
1084 1125 1395 1189 terrestris,
1447 1131 1505 1178 ut
1546 1122 1620 1179 illi
1653 1122 1880 1193 loquun-

319 1226 432 1277 tur,
465 1214 713 1270 similiter
758 1215 1147 1279 asseutiantur,
1194 1214 1277 1270 vel
1319 1214 1690 1270 assensionem
1741 1212 1881 1267 inhi-

321 1292 509 1368 beant,
540 1315 631 1360 aut
667 1306 943 1372 alumant;
979 1317 1155 1359 utrum
1198 1305 1314 1361 haec
1346 1306 1640 1360 similitudo
1683 1303 1796 1357 fuit
1824 1303 1877 1357 in

319 1395 555 1450 diversis
578 1396 854 1459 essentiis,
885 1410 950 1448 an
977 1395 1156 1465 potius
1181 1395 1357 1464 passio
1379 1394 1575 1451 similis
1604 1394 1725 1457 fuit,
1746 1407 1878 1462 quo-

318 1486 464 1540 niam
485 1486 537 1541 id
566 1484 652 1541 cui
676 1485 1159 1555 contingitpassio,
1182 1492 1302 1538 erat
1321 1485 1565 1555 ejusdem
1595 1483 1877 1540 essentia?

317 1578 497 1647 Atque
529 1578 779 1648 equidem
813 1578 861 1633 si
890 1578 1146 1632 dixerunt
1174 1578 1392 1632 easdem
1438 1577 1639 1647 ﬁguras
1686 1576 1878 1647 imagi-

317 1671 619 1734 nationum,
666 1678 720 1724 et
776 1668 1173 1734 assensiouum,
1223 1679 1278 1723 et
1321 1669 1772 1732 recordationem,
1821 1678 1876 1722 et

316 1761 660 1816 discursuum
713 1760 888 1816 factas
931 1759 1099 1815 fuisse
1143 1760 1199 1813 in
1243 1759 1330 1815 his
1358 1774 1478 1830 quae
1506 1761 1739 1815 essentia
1771 1758 1874 1814 dif-

1987 574 2209 644 πλήσιον
2233 579 2290 631 ἐν
2311 576 2584 648 διαφόροις
2611 577 3075 647 γέγονεν-οὐσίαις,
3097 579 3129 650 ἢ
3154 579 3239 634 διὰ
3259 580 3406 635 τοῦτο
3424 584 3513 655 (53)

1985 668 2363 740 παραπλήσιον
2413 670 2604 739 γέγονε
2652 672 2712 725 τὸ
2762 671 2960 736 πάθος,
3001 673 3125 727 ἐπεὶ
3163 674 3433 743 ὁμοούσιον
3460 675 3514 750 ἦν

1982 756 2140 812 τοῦτο
2163 759 2275 829 (56)
2304 752 2348 827 ᾧ
2377 760 2688 832 συμϐέϐηκε
2710 763 2773 815 τὸ
2802 762 3002 829 πάθος;
3037 763 3110 817 Τὸ
3139 766 3236 835 μὲν
3262 760 3352 819 οὖν
3379 769 3517 836 φάναι

1982 851 2105 914 τοὺς
2130 852 2323 915 αὐτοὺς
2350 851 2553 916 τύπους
2586 854 2911 921 φαντασιῶν,
2952 856 3045 909 κα)⁵
3075 856 3515 927 συγκαταθέσεων,

1982 943 2076 997 καὶ
2095 942 2440 1016 διανοήσεων,
2468 946 2563 999 καὶ
2595 963 2697 1017 μνη
2707 946 3010 1017 μονεύσεων
3036 950 3313 1017 γεγονέναι
3345 954 3402 1005 ἐν
3424 957 3519 1017 τοῖς

1981 1033 2328 1105 ἐτεροουσίοις
2355 1034 2466 1105 (57)
2503 1034 2693 1102 ἄλογον
2712 1052 2725 1065 ο
2757 1036 2817 1089 τὸ
2840 1036 2897 1090 δὲ
2922 1036 2981 1087 ἐν
3013 1039 3122 1101 τοῖς
3146 1038 3441 1108 ὁμοουσίοις
3464 1042 3518 1095 ἐκ

1983 1124 2176 1196 μέρους
2213 1124 2288 1187 ὼς
2328 1124 2478 1196 παρὰ
2517 1125 2689 1179 ταῦτα
2719 1119 2856 1179 εἷναί
2888 1142 3009 1179 τινα
3035 1126 3129 1180 καὶ
3168 1126 3331 1198 ἄλλην
3353 1129 3518 1184 οὐσίαν

1978 1216 2035 1267 ἐν
2070 1214 2250 1277 αὐτοῖς
2287 1213 2508 1283 ἠλίθιον.
2550 1214 3060 1286 Παραστησάτωσαν
3103 1213 3211 1287 γὰρ
3251 1215 3399 1286 παρὰ
3433 1216 3516 1281 τὰς

1975 1309 2230 1380 δυνάμεις
2275 1307 2475 1373 ταύτας
2528 1308 2719 1380 ἑτέραν
2765 1308 2887 1362 τινὰ
2929 1309 3115 1364 οὐσίαν
3163 1308 3240 1382 μὴ
3292 1311 3516 1378 νοοῦσαν,

1979 1398 2112 1469 μηδὲ
2139 1397 2538 1468 διανοουμένην,
2581 1397 2718 1469 μηδέ
2759 1399 3130 1471 μεμνημένην,
3161 1399 3296 1471 μηδὲ
3340 1419 3521 1469 φαντα-

1977 1490 2281 1562 σιουμένην,
2318 1490 2378 1543 ἐν
2417 1484 2497 1553 οἷς
2541 1506 2702 1558 φασιν
2746 1485 2887 1544 εἶναι
2926 1495 3314 1563 πνευματικοῖς
3353 1496 3516 1566 κρείτ-

1974 1598 2099 1635 τονα
2130 1581 2229 1652 τῆς
2265 1580 2509 1651 νοούσης,
2548 1581 2643 1635 καὶ
2672 1581 3079 1653 διανοουμένης·
3114 1583 3147 1655 ἢ
3181 1586 3240 1637 ἐν
3274 1586 3382 1648 τοῖς
3422 1591 3518 1656 χοῖ-

1974 1675 2092 1737 κοῖς
2150 1673 2267 1744 ἦτοι
2318 1671 2528 1742 ὁμοίαν,
2582 1671 2614 1743 ἥ
2662 1671 2912 1744 χείρονα·
2957 1674 3078 1728 οὐδὲ
3136 1673 3247 1747 γὰρ
3307 1670 3518 1746 φήσουσι

1972 1761 2270 1835 κρείττονα.
2305 1759 2444 1814 Ἀλλ’
2485 1759 2631 1827 εξκδς
2669 1760 2865 1823 αὐτοὺς
2908 1761 3073 1831 ἐρεῖν,
3099 1762 3201 1826 im,
3233 1760 3415 1832 ὥσπερ
3449 1763 3521 1814 ἐν-

317 1851 516 1919 l’erant,
553 1852 784 1906 alienum
810 1860 897 1908 est
929 1866 958 1904 a
989 1847 1232 1917 ratione;
1269 1852 1354 1906 sin
1384 1867 1514 1908 vero
1552 1851 1733 1906 dicent
1781 1865 1839 1908 eo

2006 1823 2183 1922 έχεται
2211 1849 2319 1903 ἀπὸ
2346 1848 2445 1920 τῆς
2468 1823 2635 1921 αύτῆς
2662 1823 2954 1921 σφραγῖδος
2985 1823 3195 1921 ὁμοίως
3215 1823 3515 1925 τυπωθῆναι

314 1944 405 2013 qui
435 1952 563 1998 sunt
586 1943 828 2013 ejusdem
858 1945 1130 2012 essentia,
1159 1945 1446 2014 quamdam
1472 1952 1528 1997 et
1553 1943 1712 1998 aliam
1740 1943 1793 1998 in
1814 1959 1874 1998 se

312 2035 517 2092 habere
565 2035 856 2091 essentiam
907 2035 1286 2106 particularem
1332 2035 1402 2091 ab
1438 2036 1545 2091 illis
1578 2035 1867 2099 diversam,

313 2125 523 2180 fatuum
552 2127 673 2180 erit.
707 2124 1007 2180 Ostendam
1048 2127 1192 2181 enim
1237 2135 1436 2196 prazter
1472 2128 1570 2182 has
1601 2129 1870 2196 potentias

312 2215 538 2270 alteram
569 2217 853 2283 quamdam
888 2217 1181 2272 essentiam
1212 2233 1315 2272 non
1347 2217 1753 2289 intelligentem,
1777 2234 1871 2274 ne-

310 2321 419 2373 que
447 2307 907 2374 considerantem,
956 2324 1132 2378 neque
1192 2309 1649 2376 reminiscentem,
1694 2325 1871 2380 neque

312 2396 721 2466 imaginantem,
742 2413 863 2453 esse
891 2398 943 2453 in
973 2401 1057 2454 his
1084 2415 1220 2469 quos
1239 2400 1547 2469 spirituales
1576 2400 1866 2469 appellant,

309 2496 367 2542 et
393 2489 446 2542 in
475 2489 560 2544 his
584 2505 720 2559 quos
748 2500 1054 2557 terrestres,
1091 2492 1364 2547 meliorem
1393 2494 1635 2562 potentia
1656 2492 1866 2549 intelli-

305 2580 491 2651 gendi,
522 2588 686 2649 atque
722 2583 1019 2652 cogitandi,
1069 2582 1153 2637 vel
1198 2583 1452 2648 similem,
1480 2585 1562 2638 vel
1590 2583 1863 2655 peiorem;

307 2682 485 2737 neque
511 2670 655 2724 enim
685 2670 882 2725 dicturi
912 2680 1039 2726 sunt
1069 2672 1367 2727 meliorem.
1415 2672 1520 2728 Sed
1578 2684 1863 2729 consenta-

304 2772 465 2815 neum
491 2766 574 2813 est
601 2772 695 2814 eos
723 2760 981 2825 dicturos,
1012 2760 1461 2830 quemadmodum
1493 2764 1779 2830 contingit,
1809 2775 1868 2817 ut

306 2862 373 2901 ex
411 2846 600 2902 eodem
632 2848 809 2919 sigillo
834 2850 1087 2905 similiter
1119 2851 1754 2922 imprimaturdissimilis
1780 2868 1864 2908 es-

306 2940 502 3003 sentia,
533 2950 664 3010 puta
690 2941 830 3005 auri,
856 2943 1086 3011 argenti.
1121 2945 1323 3005 stanni.
1360 2945 1587 3015 plumbi,
1616 2958 1673 3001 et
1703 2961 1861 3013 certe,

303 3026 383 3081 sic
424 3025 580 3081 facile
611 3028 753 3081 factu
803 3044 923 3084 esse
952 3042 1013 3084 ut
1048 3047 1112 3087 ex
1163 3033 1351 3087 iisdem
1386 3034 1863 3104 imaginationibus

1970 1938 2070 2011 τὴν
2103 1938 2353 2009 ἀνόμοιον
2390 1937 2575 1991 οὐσίαν
2617 1937 2819 2009 χρυσοῦ
2863 1940 2955 1993 καὶ
2986 1940 3247 2014 ἀργύρου,
3278 1944 3370 1996 καὶ
3397 1960 3515 1996 κασ⁴

1973 2030 2203 2102 σιτέρου.
2233 2031 2327 2083 καὶ
2362 2030 2629 2101 μολίϐδου,
2657 2031 2752 2084 καὶ
2789 2031 2980 2102 κηροῦ,
3008 2032 3153 2087 οὕτω
3172 2036 3393 2090 δυνατὸν
3422 2036 3516 2091 ἀπὸ

1968 2121 2076 2176 τῶν
2116 2120 2293 2175 αὐτῶν
2329 2120 2441 2190 (58)
2487 2122 2795 2192 φαντασιῶν
2825 2124 2950 2188 τοὺς
2998 2126 3406 2197 παραπλησίους
3433 2131 3513 2196 ἐγ-

1969 2211 2219 2279 γενέσθαι
2247 2214 2450 2275 τύπους
2504 2216 2617 2277 τοίς
2660 2215 2717 2267 ἐν
2760 2213 3033 2287 διαφόροις
3080 2217 3291 2279 οὐσίαις
3330 2220 3515 2289 τυγχά-

1967 2320 2150 2366 νουσι,
2194 2303 2289 2357 καὶ
2340 2305 2851 2375 φαντασιουμένοις·
2886 2307 2946 2360 τὸ
2992 2306 3035 2360 δ’
3075 2308 3260 2379 ὅμοιον
3294 2311 3386 2363 καὶ
3433 2310 3515 2364 ἐπὶ

1965 2393 2219 2459 διανοίας,
2248 2396 2342 2448 καὶ
2370 2396 2624 2467 νοήσεως,
2662 2398 2755 2449 καὶ
2789 2398 3202 2469 μνημονεύσεως
3246 2401 3512 2471 φήσουσιν.

1977 2486 2113 2539 Ἀλλ’
2150 2488 2252 2557 δρα
2295 2489 2533 2560 μήποτε,
2568 2488 2669 2543 κᾶν
2698 2490 2835 2544 πάνυ
2871 2489 3090 2555 πιθανὸς
3130 2485 3269 2545 εῖναι
3306 2494 3336 2545 ὁ
3373 2493 3513 2562 λόγος

1962 2576 2119 2644 οὗτος
2168 2581 2330 2653 δοκῇ,
2383 2581 2746 2656 συναρπάζειν
2807 2583 3025 2654 μᾶλλον,
3066 2584 3159 2637 καὶ
3211 2586 3514 2654 σοφίζεσθαι

1962 2672 2183 2726 δύναται
2219 2672 2285 2727 ἂν
2315 2674 2516 2745 ὁμοίως
2546 2674 2656 2745 (59)
2686 2674 3185 2747 παραϐεϐλημένος,
3233 2678 3379 2748 ἤπερ
3418 2681 3515 2732 πεί-

1963 2764 2076 2817 θειν
2109 2764 2198 2819 τὸν
2243 2764 2485 2837 ἀκριϐῶς
2535 2765 2612 2836 τῷ
2666 2765 3063 2839 παραδείγματι
3118 2769 3511 2840 ἐπιστήσαντα·

1962 2854 2053 2907 ἐπὶ
2090 2856 2189 2926 μὲν
2215 2855 2324 2929 γὰρ
2351 2856 2450 2927 τῆς
2477 2857 2683 2920 εἰκόνος
2714 2856 2821 2928 ἔχω
2859 2857 3046 2925 δεῖξαι,
3089 2859 3168 2912 ὅτι
3207 2860 3266 2911 ἐν
3289 2861 3466 2931 χρυσῷ
3487 2862 3517 2913 ὁ

1959 2945 2125 3009 τύπος
2154 2944 2325 3018 (60),ό
2363 2948 2420 3000 ἐν
2448 2948 2691 3019 ἀργύρῳ,
2802 2949 2898 3018 μὲν
2922 2951 2952 3003 ὁ
2986 2950 3180 3014 τύπος,
3231 2952 3512 3023 παραπλή-

1962 3053 2076 3100 σιος
2116 3036 2390 3092 δείκνυται
2419 3038 2516 3109 τὴν
2567 3039 2799 3110 ἰδιότητα
2844 3039 2936 3093 τοῦ
2982 3042 3038 3093 ἐν
3070 3041 3258 3114 χρυσῷ
3306 3042 3514 3112 γεγονέ-

303 3115 682 3185 imprimantur
708 3116 888 3188 ﬁgurae
918 3118 971 3172 in
997 3120 1240 3176 diversas
1268 3121 1429 3193 339
1454 3127 1720 3181 essentias
1762 3127 1839 3181 ha-

2006 3146 2069 3192 ιι,
2105 3128 2256 3199 παρὰ
2297 3129 2374 3201 τῷ
2418 3132 2476 3183 ἐν
2506 3130 2732 3204 ἀργύρῳ
2775 3132 3150 3198 τετυπῶσθαι,
3194 3136 3229 3207 ἦ
3264 3140 3384 3201 ταῖς
3412 3137 3513 3191 λοι-

306 3206 555 3261 Ιιεηῑίὺιιε
577 3217 630 3259 et
656 3207 1098 3277 imaginantibus,
1125 3211 1300 3267 simile
1322 3216 1482 3269 etiam
1505 3215 1572 3270 de
1593 3216 1859 3286 discursu,

303 3298 369 3352 ue
405 3297 753 3366 intelligentia
784 3309 841 3354 et
874 3301 1271 3357 reminiscentia
1307 3306 1524 3363 dicturi.
1560 3307 1631 3362 At
1652 3309 1773 3364 vide
1795 3324 1862 3364 ne

301 3388 463 3452 forte,
490 3390 703 3444 etiamsi
734 3390 1026 3445 admodum
1064 3394 1441 3463 persuasibilis
1470 3397 1585 3452 haec
1616 3399 1862 3454 videatur

303 3481 503 3544 oratio,
524 3481 799 3550 corripere
820 3482 990 3552 magis
1016 3498 1082 3538 ac
1126 3484 1377 3554 decipere
1406 3488 1483 3541 sic
1515 3488 1705 3544 collata
1733 3506 1860 3561 pos-

304 3572 569 3639 sitquam
617 3574 942 3638 persuadere
993 3573 1067 3628 illi
1112 3575 1203 3644 qui
1258 3578 1561 3647 exemplum
1609 3594 1860 3638 accurate

301 3662 594 3717 atlnotarit.
626 3663 705 3721 Ac
742 3663 807 3715 de
829 3662 1063 3733 imagine
1100 3664 1226 3720 illud
1266 3668 1479 3737 quidem
1511 3686 1726 3740 possum
1768 3691 1860 3731 os-

303 3749 522 3804 tendere
547 3752 686 3819 quod
715 3751 883 3819 ﬁgura
910 3752 962 3807 in
1002 3768 1153 3815 auro,
1189 3769 1293 3823 qua
1321 3757 1530 3812 ratione
1559 3759 1727 3829 ﬁgura
1748 3774 1854 3828 est.

299 3841 492 3898 similis
520 3842 592 3896 illi
617 3842 801 3912 ﬁgura:
825 3858 944 3912 qua:
972 3854 1055 3899 est
1086 3846 1138 3900 in
1182 3857 1426 3918 argento,
1467 3853 1853 3922 proprietatem

297 3932 564 3999 ostendat,
589 3947 685 3987 cur
707 3931 846 3990 facta
874 3935 948 3989 sit
970 3937 1148 4007 potius
1174 3938 1227 3993 in
1250 3955 1381 3997 auro
1406 3956 1567 4010 quam
1593 3944 1853 4016 impressa

298 4025 371 4078 sit
397 4023 452 4078 in
481 4035 701 4095 argento
727 4026 811 4084 vel
846 4027 899 4080 in
931 4028 1143 4083 caeteris
1174 4031 1659 4100 materiis.'Quare
1692 4037 1855 4093 vicis-

298 4116 399 4170 sim
429 4114 584 4170 nobis
617 4115 900 4170 ostendant
933 4116 1007 4172 illi
1038 4120 1419 4190 proprietatem
1448 4122 1565 4191 ejus
1592 4128 1734 4195 quod
1757 4129 1853 4183 ad-

300 4205 446 4259 misit
476 4204 731 4276 majorem
755 4205 1003 4276 ﬁguram,
1032 4210 1115 4263 vel
1137 4212 1420 4277 minorem,
1456 4214 1537 4270 vel
1568 4217 1804 4272 inﬁmam
1835 4238 1850 4286 ;

297 4311 362 4352 ac
390 4306 598 4352 tentent
630 4297 820 4352 saltem
861 4301 1072 4371 nugari,
1100 4317 1163 4355 ac
1197 4304 1552 4378 circumloqui
1579 4309 1850 4365 diversam

296 4388 589 4445 essentiam
643 4391 933 4462 ﬁgurarum
983 4394 1391 4463 suscipientium
1458 4400 1709 4455 similiter
1748 4403 1850 4456 im-

1961 3222 2090 3284 παῖς
2152 3220 2338 3284 ὕλαις·
2389 3220 2533 3275 οὕτω
2585 3223 2762 3276 τοίνυν
2826 3224 2956 3293 ἡμῖν
3011 3228 3512 3299 παραπησάτωσαν

1962 3311 2154 3382 ἰδίωμα
2198 3312 2291 3365 τοῦ
2334 3311 2621 3383 δεξαμένου
2656 3313 2822 3366 τύπον
2858 3313 3076 3385 μείζονα
3107 3317 3217 3386 (61)
3240 3319 3318 3390 ,ἢ
3365 3318 3511 3372 ἐλάτ-

1957 3424 2103 3470 τονα,
2131 3408 2165 3478 ἢ
2197 3406 2609 3479 ὑποδεέστερον·
2652 3407 2745 3460 καὶ
2776 3409 3186 3480 πειραθητωσαν
3216 3410 3320 3465 κᾶν
3365 3429 3511 3484 περι-

1957 3496 2176 3570 λαλῆσαι
2202 3498 2305 3570 τὴν
2343 3498 2450 3552 τῶν
2493 3496 2797 3568 δεξαμένων
2836 3500 2933 3571 τὴν
2966 3500 3234 3570 ἀνάμαξιν
3274 3502 3384 3554 τῶν
3422 3501 3509 3555 τύ-

1958 3606 2073 3642 πων
2108 3589 2498 3668 παραπλησίως
2545 3590 2798 3661 διάφορον
2836 3589 3053 3643 οὐσίαν·
3101 3592 3177 3662 μὴ
3223 3592 3335 3663 γὰρ
3377 3609 3510 3664 παρ-

1961 3681 2233 3744 ιστάντες,
2282 3679 2681 3751 ἀποφανοῦνται
2736 3681 2855 3751 μὲν,
2903 3683 3001 3735 οὐκ
3052 3681 3392 3748 ἀποδείξουσι
3437 3683 3509 3736 δέ.

1956 3771 2200 3826 Τοσαῦτα
2243 3773 2335 3826 καὶ
2365 3773 2503 3845 πρὸς
2542 3772 2638 3825 τὸν
2678 3772 3045 3846 Ἡρακλέωνος
3076 3774 3233 3842 λόγον
3275 3775 3510 3837 εἰπόντος

1955 3865 2040 3917 τό·
2085 3865 2179 3919 Ἐκ
2216 3864 2321 3918 τοῦ
2372 3864 2593 3933 πατρὸς
2629 3865 2735 3920 τοῦ
2783 3865 3081 3932 διαϐόλου,
3125 3866 3247 3919 ἀντὶ
3298 3865 3412 3931 τοῦ,
3452 3868 3514 3919 ἐκ

1953 3954 2054 4024 τῆς
2093 3956 2278 4019 οὐσίας
2305 3955 2399 4010 τοῦ
2429 3959 2633 4030 πατρὸς
2679 3957 2773 4012 τοῦ
2803 3956 3049 4012 διαϐόλου
3093 3957 3203 4031 (62)
3258 3957 3504 4030 εἰρήσθω·

1952 4046 2121 4099 Πάλιν
2169 4049 2248 4110 είς
2286 4048 2382 4102 τό·
2433 4049 2541 4115 Τὰς
2581 4050 2890 4120 ἐπιθυμίας
2937 4049 3044 4103 τοῦ
3088 4051 3313 4115 πατρὸς
3354 4047 3510 4118 ὑμῶν

1953 4136 2152 4188 θέλετε
2181 4135 2389 4201 ποιεῖν,
2423 4137 2781 4191 διαστέλλεται
2809 4136 2984 4207 λέγων
3016 4137 3107 4192 τὸν
3148 4136 3392 4191 διάϐολον
3437 4136 3509 4206 μὴ

1951 4223 2093 4294 ἔχειν
2134 4223 2361 4295 θέλημα,
2404 4225 2516 4280 ἀλλ’
2547 4226 2870 4297 ἐπιθυμίας·
2909 4227 3002 4280 καὶ
3044 4226 3369 4297 ἐμφαίνεται
3413 4224 3507 4277 αὐ-

1951 4314 2102 4369 τόθεν
2125 4315 2184 4368 τὸ
2212 4315 2523 4386 ἀδιανόητον
2552 4315 2663 4388 (65)
2701 4316 2794 4370 τοῦ
2835 4318 3024 4385 λόγου·
3074 4316 3249 4370 θέλειν
3292 4316 3403 4387 γὰρ
3442 4315 3508 4368 τὰ

1954 4407 2164 4479 πονηρά
2191 4410 2296 4473 πᾶς
2328 4409 2393 4464 ἄν
2418 4426 2501 4473 τις
2536 4408 2863 4481 ὁμολογήσαι
2907 4411 3129 4463 ἐκεῖνον.
3160 4409 3417 4475 Συνάξεις
3453 4409 3509 4462 δέ

299 4479 666 4547 pressionem;
713 4482 856 4551 quod
904 4497 1026 4536 cum
1063 4499 1165 4541 non
1196 4486 1558 4556 exhibuerint,
1596 4493 1839 4548 enuntia-

2006 4498 2046 4550 tl.
2073 4497 2254 4563 αὐτὸς,
2287 4500 2335 4551 εί
2366 4499 2459 4552 καὶ
2482 4499 2574 4552 ἐπὶ
2598 4498 2689 4553 τοῦ
2858 4501 3123 4570 παρόντος
3153 4503 3211 4554 ἐν
3240 4499 3508 4573 προχείρῳ

297 4575 429 4626 bunt
455 4574 690 4641 quidem,
717 4574 811 4629 sed
852 4591 956 4629 non
992 4575 1460 4637 demonstrabunt.
1492 4579 1765 4639 Hactenus
1785 4587 1850 4641 de

298 4662 644 4730 lleracleone,
674 4666 765 4735 qui
804 4667 1076 4736 exposuit,
1106 4683 1172 4729 ex
1191 4677 1342 4737 patre
1384 4658 1619 4737 diabolo,
1655 4688 1751 4742 pro
1783 4690 1847 4730 eo

293 4754 435 4822 quod
460 4765 567 4819 est,
594 4770 658 4810 ex
684 4757 982 4813 substantia
1010 4758 1179 4828 patris
1202 4757 1437 4825 diaboli;
1462 4762 1550 4830 qui
1578 4777 1764 4819 rursus
1793 4765 1845 4819 in

296 4847 401 4901 hoc
427 4847 651 4916 dictum,
678 4850 939 4907 desideria
960 4853 1131 4921 patris
1159 4852 1314 4908 vestri
1341 4853 1493 4908 vultis
1520 4851 1717 4923 facere,
1747 4855 1852 4910 dis-

294 4948 444 5007 putat
469 4940 653 4995 dicens
683 4940 954 4999 diabolum
983 4957 1086 4997 non
1124 4943 1326 4999 habere
1356 4945 1710 5010 voluntatem,
1751 4949 1845 5003 sed

291 5030 558 5085 desideria
581 5047 596 5096 ;
620 5030 771 5099 cujus
792 5033 920 5089 dicti
949 5036 1255 5093 absurditas
1284 5048 1502 5107 apparet
1526 5054 1592 5094 ex
1615 5054 1698 5105 se,
1721 5043 1847 5101 dum

361 5124 476 5208 (ξι)
497 5126 733 5208 Χοτκρν.
753 5126 920 5208 Quem
948 5138 1003 5182 et
1024 5130 1205 5185 ὑλικόν
1233 5132 1574 5202 appellabant
1594 5173 1609 5197 ,
1637 5144 1692 5189 et
1718 5151 1847 5208 σαρ-

289 5195 461 5267 κικόνῇ,
489 5205 542 5249 et
564 5197 767 5267 γήῖνον.
797 5196 1059 5254 Hunnus.

360 5212 461 5258 ιον,
489 5212 767 5319 θιιέηινον.
797 5212 1059 5282 nuntius.
1229 5271 1242 5284 ο

360 5263 475 5330 (55)
498 5267 536 5318 Δ
624 5282 819 5321 τουτο.
848 5268 1007 5323 Deest
1032 5285 1084 5324 In
1123 5271 1309 5326 codice
1332 5270 1643 5333 Bodleiano.

498 5335 682 5413 (iudex
706 5336 1029 5413 ﬁodleiauus
1052 5338 1213 5413 habet
1238 5340 1430 5413 τούτῳ.

498 5402 679 5480 Cede}
704 5405 1291 5480 Βεεὶιιε,ἐτερουσίοις.

360 5473 472 5544 (58)
498 5473 722 5530 Αὐτῶν.
748 5473 906 5532 Deest
932 5479 985 5532 in
1016 5473 1200 5534 codice
1224 5481 1411 5551 Regio,
1439 5485 1530 5539 sed
1556 5485 1752 5555 legitur
1785 5487 1839 5542 in

291 5541 599 5593 Bodleiano.

333 5558 599 5597 quetanu.

352 5611 471 5695 '(fi9)
524 5614 628 5695 “Ar.
672 5617 904 5695 ὁμοίως..
960 5617 1122 5695 forte
1169 5619 1448 5695 legendum
1479 5662 1495 5687 ,
1550 5626 1836 5695 ἀνομοίως.

290 5677 518 5766 ibidem,
541 5683 634 5766 ulli
660 5677 838 5766 codex“
859 5677 1189 5766 'Bodleianus
1215 5677 1369 5745 liabet
1419 5677 1561 5766 ἥπερ
1608 5677 1837 5763 πὲίὸεῖῧζ

293 5747 558 5831 Ιιιείξιιλιὶννίιι
595 5750 762 5831 Regio
786 5748 942 5826 εἴπερ
975 5758 1170 5810 πείθει.

361 5815 973 5892 (εἰωὌτιέτῖχρυσίῖῖό
1008 5831 1214 5909 τύπος,
1256 5841 1360 5886 etc.
1418 5832 1539 5889 llam
1586 5834 1836 5892 intricata

1952 4588 2054 4642 οὐκ
2088 4588 2281 4660 ἔχομεν
2306 4589 2661 4660 παραθέσθαι,
2691 4592 2745 4644 εί
2776 4608 2878 4645 που
2917 4593 2975 4644 ἐν
3002 4594 3069 4663 τῇ
3099 4592 3289 4663 Γραφῇ
3329 4592 3390 4645 τὸ
3420 4590 3506 4643 θέ-

1948 4683 2081 4734 λειν
2108 4681 2199 4733 ἐπὶ
2230 4679 2323 4735 τοῦ
2354 4680 2596 4735 διαϐόλου
2634 4682 2907 4736 τέτακται.
2952 4681 3106 4735 Μετὰ
3140 4682 3317 4736 ταῦτα
3349 4699 3505 4752 φησιν

1948 4772 1978 4823 ὁ
2016 4771 2327 4843 Ἡρακλέων
2371 4771 2447 4835 ὡς
2495 4771 2603 4843 ἄρα
2647 4772 2818 4825 ταῦτα
2869 4774 3082 4844 εἴρηται
3117 4774 3177 4827 οὐ
3220 4775 3357 4846 πρὸς
3387 4774 3504 4835 τοὺς

1950 4862 2107 4930 φύσει
2139 4862 2232 4917 τοῦ
2269 4863 2513 4918 διαϐόλου
2550 4865 2718 4928 υἱοὺς,
2756 4866 2883 4929 τοὺς
2913 4866 3158 4935 χοῖκοῦς,
3205 4865 3342 4920 ἀλλὰ
3373 4864 3502 4937 πρὸς

1948 4956 2071 5017 τοὺς
2097 4954 2357 5025 ψυχικοὺς
2388 4956 2532 5009 θέσει
2562 4957 2710 5021 υἱοὺς
2740 4957 2986 5011 διαϐόλου
3024 4958 3379 5029 γενομένους·
3411 4956 3501 5025 ἀφ’

1945 5037 2020 5097 ὧν
2047 5048 2113 5116 τῇ
2153 5046 2309 5115 φύσει
2341 5047 2590 5103 δύνανταί
2618 5066 2761 5110 τινες
2787 5051 2882 5103 καὶ
2912 5049 3058 5103 θέσει
3082 5050 3187 5102 υἱοὶ
3214 5048 3351 5103 Θεοῦ
3382 5063 3502 5119 χρη-

1952 5149 2246 5231 sunt.‘qu:'e
2283 5142 2363 5197 sic
2386 5142 2577 5231 legisse
2599 5144 2804 5230 videtur
2834 5144 3149 5231 Ferrarius,
3192 5145 3315 5197 "tm
3370 5144 3400 5194 ό
3445 5143 3500 5193 ἐν

1951 5209 2136 5331 Χςυσῷ
2160 5210 2347 5275 τύπος.
2382 5209 2461 5283 τῷ
2495 5215 2554 5267 ὲν
2591 5214 2813 5285 ἀργύρῳ
2836 5254 2850 5277 ,
2955 5214 3054 5285 μὲν
3085 5214 3269 5277 τύπος,
3330 5228 3501 5284 παρα-

1951 5297 1992 5364 π
2019 5281 2178 5364 ﬁcto;
2204 5281 2518 5364 δείκνυται,
2551 5295 2686 5364 etc.,
2715 5300 2836 5364 qua:
2866 5287 2997 5340 mihi
3049 5295 3225 5338 tamen
3247 5300 3376 5364 29!].
3415 5298 3498 5334 sa-

1945 5350 2239 5406 tisfaciunt.
2262 5353 2369 5407 Nos
2388 5352 2560 5408 locum
2589 5350 2754 5422 hunc,
2778 5357 2902 5409 dum
2933 5364 3211 5411 succurrat
3241 5350 3494 5422 (Edipus,

1943 5435 2052 5473 non
2088 5431 2385 5487 tangemus.
2419 5422 2681 5480 Hunnus.

2037 5488 2126 5566 ϐε)
2161 5491 2339 5566 Quale;
2366 5491 2582 5566 Regius,
2613 5494 2917 5566 κρείττονα.

2036 5561 2124 5627 62)
2161 5562 2269 5634 Τοῦ
2301 5563 2603 5618 διαϐόλου.
2635 5560 2796 5620 Deest
2840 5566 2895 5620 in
2931 5566 3112 5621 codice
3169 5564 3359 5634 Regio,
3404 5560 3493 5618 sed

1944 5628 2138 5698 legitur
2167 5634 2217 5685 iu
2246 5633 2559 5687 Bodleiano.

2016 5702 2126 5774 (ϐξ)
2150 5704 2325 5774 (Iudex
2358 5704 2572 5774 Regius.
2607 5703 2898 5774 διανόητον,
2938 5705 3095 5759 male.

2016 5771 2125 5846 (64)
2155 5772 2295 5828 Idem
2328 5771 2493 5831 codex
2528 5772 2747 5854 lit-gius,
2779 5771 2832 5829 ἐξ
2859 5776 2948 5833 ἐπὶ
2977 5774 3093 5842 τοῦ,
3115 5775 3316 5832 omisso
3338 5772 3450 5831 καί.
