3688 6146
137 415 236 469 6‘29

1184 415 1539 471 COMMENT.
1583 415 1649 470 IN
1689 415 1858 471 JOAN

1925 416 2167 475 TOMUS
2205 421 2318 475 XX.
3269 432 3380 488 630

142 533 378 604 ματίσαι.
408 532 517 586 Καί
553 533 686 604 φησί
717 551 801 602 γε,
831 535 912 587 ὅτι
944 534 1096 606 παρά
1128 535 1204 604 τῷ
1234 535 1579 608 ἠγαπηκέναι
1611 535 1693 600 τὰς

1891 540 2061 594 mibus
2090 539 2142 595 in
2171 540 2422 596 confesso
2459 552 2542 598 est
2573 543 2721 598 illiilli
2767 546 2905 600 mala
2936 547 3088 606 velle.
3143 549 3377 620 Colliges

137 622 428 694 ἐπιθυμίας
459 623 554 677 τοῦ
597 626 864 690 διαϐόλου,
898 628 992 680 καὶ
1023 631 1214 692 ποιεῖν,
1245 629 1409 682 τέκνα
1437 623 1581 683 οῦτοι
1612 631 1707 684 τοῦ

135 713 372 767 διαϐόλου
412 714 670 781 γίνονται,
703 717 762 769 οὑ
795 716 952 786 φύσει
979 717 1210 771 τοιοῦτοι
1251 719 1430 783 ὄντεςο
1465 721 1557 774 καὶ
1594 721 1710 774 δια-

136 805 406 856 στέλλεται
433 807 509 870 ὡς
539 805 647 877 ἀρα
669 809 872 881 τριχῶς
898 809 980 862 δεῖ
999 809 1216 864 ἀκούειν
1247 812 1347 882 τῆς
1381 812 1520 866 κατά
1543 813 1708 868 τέκνα

135 896 450 967 ὀνομασίας,
482 897 700 969 πρῶτον
739 900 931 969 φύσει,
982 902 1232 974 δεύτερον
1264 903 1485 977 γνώμῃ,
1527 907 1708 978 τρίτον

135 988 275 1060 ἀξία.
331 1008 350 1040 ι
379 989 490 1044 Καὶ
523 989 682 1060 φύσει
718 993 837 1064 μὲν,
868 995 1032 1066 φησὶ,
1072 996 1186 1049 ἐστὶ
1224 997 1284 1049 τὸ
1316 998 1567 1070 γεννηθὲν
1604 999 1708 1052 ὑπό

133 1099 270 1146 τινος
329 1083 621 1156 γεννητοῦ,
667 1085 695 1138 ὃ
749 1087 844 1140 καὶ
899 1087 1103 1158 κυρίως
1164 1089 1364 1144 ’τέκνον
1421 1091 1702 1145 καλεῖται·

133 1173 319 1246 γνώμῃ
358 1175 437 1238 δὲ,
481 1177 570 1230 ὅτε
601 1177 664 1231 τὸ
710 1178 920 1250 θέλημά
963 1197 1048 1243 τις
1084 1180 1252 1233 ποιῶν
1300 1199 1443 1244 τινος
1481 1182 1569 1236 διὰ
1609 1184 1705 1255 τὴν

133 1265 320 1318 ἑαυτοῦ
365 1267 615 1340 γνώμην,
645 1271 832 1325 τέκνον
865 1274 1073 1326 ἐκείνου
1115 1269 1175 1332 οὗ
1208 1277 1351 1327 ποιεῖ
1399 1275 1458 1328 τὸ
1496 1275 1708 1346 θέλημα

133 1359 405 1413 καλεῖται’
453 1361 580 1432 ἀξίᾳ
634 1362 720 1428 δὲ,
769 1365 892 1418 καθ’
937 1366 966 1419 ὃ
1007 1365 1224 1437 λέγεταί
1275 1385 1420 1430 τινες
1480 1369 1708 1440 γεέννης

131 1450 315 1515 τέκνα,
365 1453 463 1506 καὶ
510 1455 766 1519 σκότους,
817 1457 910 1510 καὶ
944 1458 1204 1529 ἀνομίας,
1233 1461 1328 1514 καὶ
1369 1461 1564 1530 ὄφεων,
1611 1463 1706 1515 καὶ

131 1542 342 1611 ἐχιδνῶν
389 1547 727 1617 γεννήματα.
775 1549 848 1600 Ού
895 1548 1002 1622 γὰρ
1047 1552 1229 1620 γεννᾷ,
1273 1553 1438 1620 φησὶ,
1480 1553 1707 1607 τοιαῦτά

130 1651 243 1687 τινα
290 1636 406 1707 (65)
453 1640 520 1709 τῇ
577 1639 784 1691 ἑαυτῶν
835 1639 1022 1708 φύσει·
1077 1641 1376 1712 φθοροποιά
1432 1645 1563 1717 γὰρ,
1612 1645 1705 1699 καὶ

131 1726 484 1783 ἀναλίσκοντα
524 1731 652 1793 τοὺς
693 1731 1062 1801 ὲμϐληθέντας
1094 1735 1173 1796 είς
1212 1735 1383 1788 αὐτὰ·
1423 1736 1539 1790 ἀλλ’
1583 1737 1704 1790 ἐπεὶ

129 1817 358 1889 ἔπραξαν
421 1817 489 1872 τά
541 1821 763 1874 ἐκείνων
816 1823 971 1893 ἔργα,
1026 1825 1190 1879 τέκνα
1237 1829 1414 1883 αὐτῶν
1437 1829 1700 1904 εἴρηται.»

1811 631 1972 686 etiam
2005 639 2061 684 tu
2091 633 2226 700 ipse.
2251 633 2462 687 etiamsi
2499 633 2551 687 in
2581 636 2870 703 prmsentia
2901 652 3004 690 non
3033 639 3102 692 sit
3128 641 3280 693 nobis
3309 645 3378 697 ad

1814 737 2008 776 manus
2034 723 2174 792 quod
2209 723 2261 776 in
2295 724 2531 779 medium
2561 727 2912 791 adducamus,
2966 742 3031 781 an
3081 729 3280 786 alicubi
3323 734 3376 786 in

1812 811 2091 882 Scriptura
2129 814 2362 882 positum
2392 816 2464 870 sit
2499 818 2846 886 vocabulum,
2873 820 3021 885 velle,
3053 821 3118 874 de
3139 820 3375 878 diabolo.

1812 903 1990 974 lnquit
2017 906 2181 959 etiam
2218 916 2337 976 post
2373 910 2488 962 haec
2513 908 2806 964 Heracleon
2845 911 2958 965 hate
2993 911 3135 967 dicta
3180 914 3376 979 fuisse.

1811 1011 1916 1050 non
1959 999 2024 1051 ad
2059 1008 2308 1053 terrenos
2347 1009 2542 1053 natura
2582 997 2904 1057 exsistentes
2957 1003 3156 1059 diaboli
3215 1005 3374 1071 ﬁlios,

1809 1091 1902 1144 sed
1943 1091 2010 1144 ad
2037 1106 2134 1146 eos
2161 1091 2256 1160 qui
2293 1103 2419 1147 sunt
2451 1092 2738 1158 animales,
2785 1095 2960 1150 factos
3010 1097 3203 1152 diaboli
3240 1097 3378 1154 ﬁlios

1812 1180 2114 1249 positione;
2143 1197 2209 1236 ex
2237 1183 2436 1252 quibus
2461 1193 2688 1254 possunt
2715 1185 2933 1254 quidam
2966 1194 3156 1240 natura
3195 1199 3249 1244 et
3277 1204 3376 1258 po-

1810 1274 2006 1330 sitione
2045 1276 2138 1330 ﬁlii
2172 1275 2266 1331 Dei
2301 1291 2440 1332 esse.
2482 1275 2661 1347 Inquit
2684 1285 2941 1346 prmterea
2971 1279 3069 1334 hos
3113 1281 3227 1334 ﬁeri
3261 1283 3376 1336 dia-

1811 1367 1944 1435 boli,
1969 1382 2035 1423 eo
2065 1368 2206 1438 quod
2237 1367 2527 1424 dilexerint
2578 1368 2888 1438 faciantque
2927 1370 3126 1426 diaboli
3157 1371 3372 1428 deside-

1811 1461 1912 1525 ria,
1942 1476 2064 1514 cum
2093 1469 2283 1515 natura
2315 1461 2624 1531 hujusmodi
2650 1476 2755 1517 non
2783 1462 2911 1518 sint.
2935 1463 3187 1533 Disputat
3209 1466 3371 1520 etiam

1809 1552 2135 1607 vocabulum
2165 1551 2397 1607 ﬁliorum
2426 1553 2692 1608 trifariam
2737 1554 2959 1624 intelligi
2992 1556 3187 1612 debere
3217 1575 3232 1624 ;
3263 1559 3375 1626 pri-

1809 1659 1955 1698 mum
1989 1654 2203 1707 natura,
2230 1643 2461 1700 alterum
2489 1650 2787 1711 voluntate,
2824 1648 3038 1702 tertium
3090 1648 3368 1720 dignitate.

1814 1755 1834 1788 ι
1868 1735 2089 1802 Natura,
2142 1737 2338 1806 inquit,
2395 1738 2527 1793 illud
2550 1739 2785 1808 estquod
2818 1740 3058 1808 genitum
3082 1750 3164 1796 est
3188 1756 3217 1795 a
3241 1757 3374 1812 quo-

1807 1827 1931 1881 dam
1961 1828 2164 1898 genito,
2199 1831 2342 1899 qttod
2375 1830 2537 1884 etiam
2570 1831 2789 1902 proprie
2823 1832 2963 1886 ﬁlius
2990 1841 3251 1898 vocatur;
3277 1849 3374 1889 vo-

130 1909 391 1982 Τοιαύτην
453 1911 510 1964 δὲ
572 1891 855 1986 διαστολὴν
893 1891 1179 1981 δεδωκὼς,
1227 1919 1348 1972 οὐδὲ
1401 1891 1693 1973 nam

1891 1927 2015 1972 uate
2046 1935 2196 1982 vero,
2226 1936 2348 1974 cum
2378 1921 2500 1989 quis
2528 1922 2859 1977 voluntatem
2893 1923 3095 1979 faciens
3121 1924 3371 1992 alicujus,

132 2019 215 2055 σον
245 2003 356 2075 (66)
394 2005 506 2058 ἀπὺ
552 2006 661 2060 τῶν
704 2007 934 2078 Γραφῶν
979 2011 1403 2082 παρεμυθήσατο
1436 2013 1532 2085 τὴν
1569 2015 1702 2069 ίδίαν

128 2097 391 2168 διήγησιν.
429 2099 695 2170 Εἴποιμεν
742 2101 786 2154 δ’
824 2100 891 2155 ἂν
943 2102 1077 2173 πρὸς
1125 2104 1319 2168 αὑτὸν,
1363 2105 1476 2171 ὅτι,
1527 2108 1576 2158 εί
1625 2107 1700 2179 μὴ

129 2189 310 2257 φύσει,
357 2191 498 2246 ἀλλά
552 2192 678 2263 ἀξίᾳ.
729 2193 950 2264 γεέννης
991 2194 1158 2248 τέκνα
1209 2196 1564 2268 ὀνομάζεται,
1606 2199 1702 2251 καὶ

132 2282 378 2346 σκότους,
420 2284 517 2337 καὶ
553 2285 806 2354 ἀνομίας,
846 2284 1166 2357 (φθοροποιὰ
1211 2287 1320 2356 γὰρ
1362 2287 1566 2351 ταῦτα,
1607 2287 1702 2342 καὶ

128 2375 484 2430 ἀναλίσκοντα
512 2377 710 2448 μᾶλλον
735 2378 878 2448 ἤπερ
904 2377 1280 2448 συνιστάντα·)
1307 2378 1423 2443 πῶς
1443 2379 1471 2430 ὁ
1492 2379 1702 2443 Παῦλός

129 2469 255 2539 φησί
287 2487 387 2521 που
422 2469 518 2522 τό·
557 2470 773 2537 Ἦμεθα
818 2468 998 2536 φύσει
1035 2469 1216 2524 τέκνα
1243 2468 1452 2538 ὀργῆς,
1486 2472 1568 2538 ὡς
1600 2473 1699 2526 καί

128 2562 176 2612 οἱ
222 2559 421 2614 λοιποί
436 2576 458 2624 ;
490 2561 562 2613 Ἢ
599 2559 905 2628 λεγέτωσαν
935 2563 1090 2632 ἡμῖν,
1117 2561 1206 2635 ,ὼς
1242 2563 1343 2616 οὐκ
1385 2561 1530 2616 ἐστιν
1570 2565 1702 2618 ἀνα-

128 2651 377 2714 λωτικὸν,
441 2652 537 2706 καὶ
598 2651 829 2722 μάλιστα
895 2652 1015 2704 κατ’
1062 2651 1224 2704 αὑτὸν
1296 2652 1614 2724 φθοροποιὸν
1665 2656 1698 2725 ἡ

129 2741 277 2812 ὀργὴ,
316 2737 385 2812 ἦς
417 2742 590 2813 ὀργῆς
625 2741 738 2812 (67)
771 2742 935 2795 τέκνα
969 2741 1167 2812 ἤμεθα.
1201 2742 1369 2795 Πάλιν
1402 2744 1583 2814 φησὶν,
1617 2743 1699 2796 ὅτι

129 2833 283 2888 τέκνα
308 2832 400 2887 τοῦ
445 2833 689 2887 διαϐόλου
717 2834 862 2902 λέγει
895 2832 989 2886 νῦν
1018 2833 1266 2899 τούτους,
1298 2835 1397 2905 οὐχ
1424 2835 1504 2887 ὅτι
1538 2837 1700 2906 γεννᾷ

128 2943 270 2990 τινας
317 2928 344 2979 ό
379 2925 662 2990 διάϐολος,
719 2925 832 2978 ἀλλ’
863 2926 944 2979 ὃτι
995 2926 1063 2980 τά
1119 2925 1257 2996 ἔργα
1309 2925 1402 2978 τοῦ
1454 2925 1698 2979 διαϐόλου

130 3017 397 3081 ποιοῦντες
430 3016 794 3088 ὡμοιώθησαν
849 3017 1019 3088 αὐτῷ.
1052 3016 1208 3087 Πόσῳ
1247 3017 1303 3069 δὲ
1339 3015 1543 3086 βέλτιον
1572 3019 1699 3088 περὶ

131 3107 335 3162 πάντων
381 3108 496 3162 τῶν
546 3107 638 3161 τοῦ
689 3109 937 3162 διαϐόλου
1005 3109 1208 3161 τέκνων
1261 3109 1416 3160 τοῦτο
1463 3108 1697 3178 ἀποψαί-

130 3201 333 3265 νεσθαι,
382 3201 465 3266 ὡς
515 3202 884 3272 ὁμοιουμένων
933 3201 1080 3272 αὐτῷ
1128 3201 1206 3272 τῷ
1251 3202 1422 3253 ποιεῖν
1453 3199 1521 3253 τὰ
1562 3200 1698 3272 ἔργα

1810 2008 1972 2062 animi
1999 2008 2333 2078 suijudicio.
2379 2010 2526 2064 illius
2568 2011 2733 2074 ﬁlius,
2765 2010 2921 2078 cuius
2951 2010 3081 2065 facit
3123 2011 3374 2067 volunta-

1811 2109 1942 2165 tem,
1985 2109 2252 2165 vocatur;
2296 2109 2570 2170 postremo
2605 2101 2888 2170 dignitate,
2919 2101 3074 2170 juxta
3109 2101 3247 2171 quod
3287 2101 3374 2157 di-

1809 2201 2004 2245 cuntur
2039 2192 2259 2260 quidam
2295 2193 2551 2261 gebcnna:
2606 2191 2735 2256 ﬁlii,
2785 2201 2841 2247 et
2899 2193 3272 2256 tenebrarum,
3319 2203 3373 2246 et

1809 2281 2128 2351 iniquitatis,
2162 2291 2216 2336 et
2244 2285 2598 2352 serpentium,
2634 2292 2689 2338 et
2731 2282 3037 2352 viperarum
3065 2285 3370 2353 progenies.

1808 2376 1922 2430 Non
1953 2376 2095 2431 enim
2127 2386 2389 2447 generant
2414 2378 2552 2440 haec,
2581 2375 2775 2444 inquit,
2808 2375 2933 2429 talia
2977 2377 3223 2445 qumdam
3273 2392 3368 2431 sua

1809 2467 2047 2536 ipsorum
2076 2477 2300 2534 natura;
2329 2465 2492 2537 340
2513 2482 2634 2521 cum
2663 2466 2841 2536 potius
2858 2475 3230 2534 corrumpant,
3251 2482 3373 2520 con-

1807 2567 2128 2626 sumantque
2154 2573 2250 2614 eos
2277 2559 2368 2627 qui
2392 2559 2443 2612 in
2471 2573 2530 2613 se
2559 2557 2786 2627 coniecti
2823 2560 3024 2614 fuerint
3053 2576 3068 2625 ;
3103 2559 3198 2613 sed
3229 2571 3369 2628 quo-

1807 2649 1951 2702 niam
1979 2648 2254 2704 effecerint
2280 2649 2492 2705 illorum
2519 2667 2698 2720 opera,
2729 2667 2914 2708 eorum
2941 2653 3032 2708 ﬁlii
3056 2663 3364 2708 vocantur.»

1808 2739 1959 2794 Hanc
1990 2751 2171 2795 autem
2205 2741 2566 2797 differentiam
2604 2760 2724 2799 cum
2774 2745 3006 2809 dederit,
3040 2759 3268 2814 cumque
3302 2759 3369 2799 ne

1809 2830 2073 2884 tantulum
2121 2831 2338 2900 quidem
2383 2849 2534 2888 suam
2568 2837 2938 2890 narrationem
2973 2851 3038 2890 ex
3068 2836 3367 2906 Scripturis

1806 2921 2159 2988 conﬁrmarit,
2211 2925 2657 2993 reSpondebimus
2702 2925 2776 2979 illi
2817 2945 2829 2980 :
2884 2924 2942 2980 Si
2988 2941 3090 2980 non
3142 2939 3364 2990 natura,

1805 3012 1899 3067 sed
1922 3012 2180 3084 dignitate
2211 3026 2475 3068 vocantur
2504 3016 2762 3085 gehennae
2789 3017 2882 3070 ﬁlii
2914 3029 2968 3071 et
2998 3017 3366 3079 tenebrarum,

1805 3113 1860 3160 et
1888 3104 2193 3174 iniquitatis
2223 3108 2368 3177 (nam
2403 3107 2516 3160 haec
2544 3118 2914 3178 corrumpunt,
2949 3118 3004 3163 et
3044 3117 3368 3164 consumunt

1805 3197 1977 3265 magis
2010 3212 2169 3265 quam
2204 3199 2571 3270 conﬁrmant),
2603 3202 2873 3269 quomodo
2901 3200 3095 3256 Paulus
3133 3202 3364 3270 quodam

129 3291 301 3354 αὑτοῦ,
341 3292 444 3345 καὶ
473 3291 532 3346 οὐ
566 3291 655 3345 διὰ
693 3293 793 3364 τὴν
821 3293 1029 3358 οὐσίαν,
1063 3291 1157 3349 καὶ
1197 3290 1294 3362 τὴν
1333 3275 1693 3362 κατασκευῆν,

1891 3303 1924 3342 o
1948 3287 1997 3319 °'
2028 3287 2133 3342 hoc
2163 3288 2340 3358 inquit
2365 3308 2379 3346 ε
2420 3255 2630 3346 Natura
2651 3309 2862 3346 eramus
2887 3293 2986 3359 ﬁlii
3011 3292 3126 3357 ire,
3156 3291 3288 3345 sicut
3315 3301 3366 3344 et

129 3385 220 3456 τὴν
275 3387 448 3457 χωρὶς
510 3384 689 3456 ἔργων
707 3425 724 3451 ,
773 3385 977 3439 τέκνων
1039 3382 1284 3437 διαϐόλου
1335 3383 1696 3456 χρηματιζόν-

131 3495 266 3544 των;

1803 3381 2028 3435 cwteri?
2075 3381 2327 3450 Alioquin
2383 3383 2568 3438 dicant
2619 3385 2774 3440 nobis
2820 3387 2952 3439 iram
2997 3385 3169 3450 illam,
3210 3383 3366 3452 cujus

1807 3487 1908 3526 nos
1941 3484 2140 3527 natura
2175 3474 2268 3528 ﬁlii
2296 3490 2534 3540 eramus,
2565 3491 2668 3530 non
2711 3492 3046 3546 consumere,
3097 3488 3151 3532 et
3189 3491 3256 3530 ex
3306 3490 3366 3530 se

135 3572 357 3627 maxime
405 3587 516 3627 non
575 3586 945 3642 corrumpere.
978 3571 1213 3626 Rursum
1260 3569 1432 3638 inquit
1473 3568 1674 3622 diaboli
1726 3567 1867 3624 ﬁlios
1901 3583 1931 3621 a
1966 3567 2091 3625 Jesu
2139 3569 2242 3625 hoc
2286 3569 2404 3625 loco
2449 3572 2546 3626 hos
2599 3573 2723 3639 dici,
2781 3588 2886 3626 non
2935 3575 3074 3642 quod
3123 3573 3366 3630 diabolus

132 3661 330 3733 aliquos
373 3672 620 3735 generet,
669 3663 762 3717 sed
810 3649 954 3733 quod
1001 3663 1199 3718 diaboli
1267 3677 1430 3732 opera
1473 3660 1736 3715 facientes
1787 3660 2070 3715 assimilati
2114 3661 2316 3717 fuerint
2373 3663 2496 3732 ipsi.
2548 3665 2614 3717 At
2660 3679 2785 3718 vero
2827 3675 3025 3733 quanto
3069 3666 3258 3720 melius
3300 3669 3366 3722 de

129 3754 371 3808 omnibus
396 3753 600 3808 diaboli
649 3754 776 3808 ﬁliis
823 3754 927 3810 hoc
968 3753 1293 3834 censuisset,
1343 3752 1546 3827 idcirco
1575 3766 1670 3806 eos
1695 3751 1892 3807 diaboli
1921 3753 2060 3808 ﬁlios
2092 3753 2304 3818 haberi,
2347 3756 2472 3825 quia
2531 3754 2608 3808 illi
2649 3754 2914 3809 assimiles
2957 3755 3068 3809 sint
3119 3754 3368 3812 faciendo

131 3863 286 3917 opera
311 3850 454 3919 ejus,
488 3866 593 3902 non
621 3865 717 3918 per
746 3850 1064 3914 essentiam,
1115 3865 1291 3918 neque
1333 3863 1430 3919 per
1458 3847 1810 3912 creationem,
1841 3849 1894 3904 in
1926 3864 2032 3918 qua
2062 3849 2205 3903 nulla
2228 3859 2356 3904 sunt
2379 3850 2582 3919 opera?

195 3943 282 3997 2i.
319 3943 579 4008 Ἐκεῖνος
606 3941 1091 4009 ἀνθρωποκτόνος
1122 3938 1201 4010 ἧν
1221 3941 1320 3995 ἀπ’
1351 3939 1564 4010 ἀρχῆς,
1601 3936 1700 3991 καί

130 4035 194 4090 ἐν
223 4035 294 4105 τῇ
323 4037 582 4104 ἀληθείᾳ
613 4037 726 4104 οὐχ
755 4034 1033 4102 ἔστηκεν,
1069 4033 1157 4086 ὅτι
1187 4035 1298 4087 οὐκ
1342 4034 1514 4087 ἔστιν
1559 4031 1701 4101 ἀλή-

132 4133 250 4183 θεια
285 4131 354 4184 ἐν
378 4127 562 4194 αὐτῷ.
602 4128 752 4181 Ἐπεί
795 4127 912 4181 ὲστί
943 4144 1028 4190 τις
1066 4126 1368 4197 κοινότερον
1413 4124 1696 4197 ἀνθρωπο-

133 4222 332 4286 κτόνος,
380 4220 671 4276 όπώσποτε
708 4217 1024 4284 ἀπεκτονὼς
1064 4217 1366 4289 ἄνθρωπον,
1406 4217 1552 4280 ὅστις
1583 4216 1700 4269 ἐστὶ

131 4313 221 4366 καὶ
257 4314 448 4384 μέσος,
493 4311 611 4365 καθ’
653 4311 680 4364 ὃ
716 4311 810 4364 καὶ
849 4309 995 4381 ζήλῳ
1035 4308 1171 4362 Θεοῦ
1222 4308 1518 4379 πεποίηκεν
1547 4309 1575 4361 ό
1607 4309 1699 4359 Φι-

132 4406 239 4468 νεὲς
288 4404 618 4467 ἀποκτείνας
665 4403 757 4456 τδν
804 4401 1144 4474 Ἰσραηλίτην
1197 4399 1554 4472 πορνεύοντα,
1601 4399 1697 4452 καὶ

1877 3941 1968 3994 2i.
2010 3940 2038 3993 Ι
2047 3939 2112 3994 lle
2133 3941 2400 3995 homicida
2436 3952 2546 3994 erat
2573 3941 2637 3994 ab
2671 3941 2842 4006 initio,
2869 3950 2915 3994 et
2939 3940 2991 3994 in
3017 3941 3232 3994 veritate
3262 3956 3366 3996 non

1803 4030 1962 4093 stetit,
1987 4031 2114 4099 quia
2145 4047 2247 4084 non
2287 4040 2361 4084 est
2401 4032 2588 4084 ueritas
2616 4031 2670 4084 in
2700 4047 2759 4085 eo
2787 4031 2855 4084 “.
2897 4030 3159 4104 Quoniam
3203 4045 3368 4100 gene-

1805 4119 1964 4172 ratim
1998 4119 2262 4172 homicida
2291 4129 2378 4174 est
2408 4119 2498 4174 ille
2527 4121 2616 4189 qui
2663 4122 3152 4190 quomodocunqne
3193 4121 3367 4174 homi-

1808 4225 1930 4264 nem
1958 4210 2289 4266 interfecerit
2316 4228 2331 4276 ;
2360 4212 2448 4280 qui
2485 4213 2754 4267 homicida
2777 4212 3073 4282 aliquando
3099 4213 3260 4266 etiam
3283 4223 3368 4267 est

1805 4302 2142 4368 indiﬁerens,
2174 4303 2320 4373 juxta
2361 4305 2409 4358 id
2439 4305 2582 4374 quod
2614 4305 2775 4359 etiam
2807 4305 2933 4359 fecit
2975 4303 3224 4369 Pliinces,
3271 4307 3366 4377 qui

1803 4395 1921 4451 zelo
1945 4395 2037 4450 Dei
2064 4411 2343 4460 accensus,
2377 4395 2673 4452 Israelitam
2698 4394 3364 4462 interfecitfurnicantem,
3452 4387 3458 4394 ’

131 4498 224 4569 τὴν
249 4497 590 4561 Μαδιανῖτιν,
617 4495 1062 4568 ἀνθρωποκτόνος
1105 4493 1166 4546 ού
1203 4492 1419 4563 ψεκτῶς
1458 4491 1568 4562 (68)
1599 4493 1693 4564 ρη-

1891 4488 2228 4544 Madianitam
2259 4489 2337 4555 ⁸⁸;
2367 4486 2521 4556 juxta
2574 4487 2716 4558 quod
2747 4497 2804 4542 et
2853 4487 3017 4542 David
3047 4491 3210 4544 etiam
3243 4490 3368 4542 ahs-
3453 4508 3460 4540 ι

133 4587 345 4660 θήσεται
388 4590 486 4642 κα)⁸
523 4589 552 4641 ὁ
582 4586 742 4640 Δαυῖδ
781 4588 839 4638 ὲν
875 4586 1097 4657 ὀνόματι
1149 4584 1355 4657 Κυρίου
1404 4583 1513 4636 τῶν
1546 4581 1697 4636 δυνά-

136 4699 270 4751 μεων
297 4681 432 4735 Θεοῦ
473 4682 567 4733 ἐπὶ
594 4680 690 4749 τῆς
731 4677 1081 4750 παρατάξεως
1113 4676 1329 4748 Ἰσραὴλ
1355 4676 1445 4730 τὸν
1478 4675 1692 4739 Γολιάθ,

133 4773 382 4846 ζητητέον
429 4774 532 4845 τὴν
587 4771 842 4843 ἀληθινὴν
899 4768 1186 4840 ἀνθρώπου
1236 4767 1413 4839 ζωὴν,
1462 4767 1557 4820 καὶ
1604 4766 1695 4819 τόν

135 4864 365 4919 ἐναντίον
400 4865 576 4937 ταύτῃ
609 4863 836 4918 θάνατον
867 4860 1032 4915 αὐτοῦ
1055 4878 1067 4890 ·
1113 4861 1201 4914 ἵνα
1239 4859 1403 4931 νοηθῇ
1446 4861 1474 4912 ὁ
1498 4857 1696 4928 ψεκτὸς

137 4955 588 5028 ἀνθρωποκτόνος.
618 4957 727 5008 Kal
755 4955 878 5008 ὅσον
913 4953 1011 5025 μὲν
1049 4954 1145 5006 ἐπὶ
1182 4953 1280 5024 τῆς
1311 4950 1548 5022 ἱστορίας
1587 4951 1696 5022 φή-

138 5063 242 5110 σεις
275 5049 365 5102 τὸν
401 5037 601 5118 ’Δδάμ,
635 5048 729 5101 καὶ
758 5045 854 5117 τὴν
896 5045 1039 5099 Εὕαν
1077 5046 1198 5098 ὅσον
1235 5044 1333 5114 οὐχ
1362 5043 1696 5114 ἠμαρτήκει-

139 5149 231 5188 σαν
279 5137 354 5206 μὴ
399 5135 734 5208 ἀνῃρῆσθαι·
859 5136 915 5220 ag.
970 5136 1151 5207 ἡμέρᾳ
1198 5133 1396 5202 ἔφαγον
1449 5133 1554 5187 ἀπὸ
1606 5131 1698 5186 τοῦ

138 5220 577 5292 ἀπηγορευμένου
624 5222 801 5289 ξύλου,
847 5222 1048 5286 εὐθέως
1097 5223 1190 5275 καὶ
1229 5221 1568 5292 τεθνηκέναι,
1599 5221 1700 5274 οὐκ

140 5308 289 5364 ἄλλου
329 5314 476 5376 τινὸς
517 5316 938 5378 ἀποκτείναντος
984 5316 1180 5379 αὐτοὺς
1218 5316 1372 5388 ἢτοῦ
1419 5315 1700 5386 ἀνθρωπο-

141 5402 322 5458 κτόνου
353 5405 618 5473 διαϐόλου,
663 5407 750 5460 ὅτε
782 5407 880 5478 τὴν
909 5407 1052 5463 Εὕαν
1091 5409 1178 5463 διὰ
1209 5407 1302 5462 τοῦ
1352 5407 1528 5479 ὄφεως
1555 5407 1698 5478 ἡπά-

208 5546 252 5576 ⁶³
277 5543 476 5615 Ephes.
511 5565 570 5613 ιι,
608 5547 662 5603 3.

145 5659 528 5784 ωἮῗζρξῗεει
567 5663 765 5735 Regius
788 5706 805 5732 ,
851 5664 1023 5720 ταῦτά
1048 5684 1166 5720 τινα
1183 5683 1198 5697 ο
1227 5667 1546 5723 Bodleianus
1568 5681 1696 5725 vero

213 5801 320 5872 (illi)
355 5801 535 5857 Codex
555 5804 890 5872 Bodleianus,
918 5806 1057 5860 κατὰ
1085 5806 1146 5860 τὸ
1178 5806 1360 5860 πόσον.

214 5871 328 5938 (67)
359 5875 711 5940 Φθορο.τοιὸν
739 5871 965 5946 ήέργὶι,
1019 5874 1092 5949 ἧς
1138 5877 1339 5949 ὀργῆς.
1389 5878 1446 5934 In
1505 5877 1686 5935 codice

1800 4596 1909 4650 que
1962 4582 2358 4650 vituperatione
2386 4581 2593 4636 dicetur
2623 4579 2918 4644 homicida,
2938 4580 3029 4650 qui
3066 4581 3120 4635 in
3149 4582 3367 4636 nomine

1802 4673 2010 4729 Domini
2055 4673 2149 4728 Dei
2183 4675 2442 4729 virtutum
2472 4686 2657 4727 coram
2689 4673 2808 4727 acie
2832 4673 3049 4727 lsraelis
3088 4673 3366 4727 interfecit

1800 4766 2016 4823 Goliath
2046 4767 2114 4834 “,
2150 4767 2494 4833 qumreudum
2551 4777 2633 4824 est
2678 4781 2927 4838 quamam
2992 4767 3063 4821 sit
3127 4768 3364 4822 hominis

1799 4872 1928 4912 vera
1979 4859 2131 4924 vita;
2188 4868 2244 4914 et
2297 4873 2510 4912 rursum
2550 4873 2670 4927 qua:
2704 4860 2776 4914 sit
2827 4857 2986 4928 hujus
3019 4873 3186 4922 mors,
3224 4873 3363 4913 vera:

1800 4950 1925 5004 vita:
1955 4951 2227 5005 contraria
2256 4967 2270 5017 ;
2299 4959 2354 5004 ut
2379 4950 2744 5020 intelligamus
2777 4951 3030 5020 quisnam
3059 4951 3129 5004 sit
3155 4950 3363 5018 vitupe—

1804 5042 1990 5097 rabilis
2024 5043 2316 5098 homicida.
2346 5043 2416 5098 Et
2445 5039 2704 5112 quantum
2733 5042 2952 5112 quidem
2979 5042 3044 5096 ad
3075 5041 3358 5097 historiam

1801 5136 2058 5205 pertinet,
2108 5136 2256 5191 dices
2289 5135 2458 5190 Adam
2499 5146 2552 5190 et
2595 5135 2762 5189 Evam
2807 5135 2994 5189 tandiu
3042 5134 3362 5189 interfectus

1798 5242 1903 5280 non
1928 5227 2360 5297 fuisse,quandiu
2385 5243 2490 5282 non
2511 5235 2897 5296 peccaverant;
2927 5239 3052 5279 mox
3080 5239 3208 5278 vero
3231 5239 3360 5293 per-

1797 5318 1926 5373 iisse
1973 5319 2026 5372 in
2067 5314 2130 5372 ea
2171 5319 2258 5373 die
2316 5332 2420 5386 qua
2466 5319 2531 5372 de
2575 5316 2718 5387 ligno
2758 5316 2924 5371 vetito
2972 5314 3356 5379 comederunt;

1797 5409 1944 5464 nullo
1977 5411 2082 5466 alio
2115 5409 2476 5466 interﬁcientc
2501 5425 2615 5477 eos,
2642 5426 2803 5482 quam
2827 5407 3094 5466 homicida
3124 5406 3217 5464 illo
3244 5410 3358 5462 dia-

773 5547 986 5604 “Joan.
1007 5557 1122 5613 vul,
1139 5547 1230 5602 M.
1307 5549 1352 5580 °'
1379 5547 1538 5603 Num.
1558 5562 1685 5614 xxv,

1917 5543 2000 5598 “l
2024 5545 2161 5617 Reg.
2208 5563 2340 5616 xvu,
2380 5547 2470 5614 45,
2502 5545 2589 5603 51.

1803 5667 1979 5748 Regio
1997 5667 2150 5748 deest
2186 5667 2218 5747 η
2242 5667 2474 5748 ὀρχήηιιι
2503 5681 2598 5748 pro
2615 5659 2683 5748 ἧς
2709 5657 2982 5748 Ιεςίιιιι-ᾖ.

1872 5733 1984 5803 (68)
2022 5733 2482 5803 Ψεκσῶς.’ϐὁάρι
2504 5733 2984 5806 ίΒεεὶιιε,ψεκτός,
3017 5742 3072 5789 ει
3107 5746 3227 5789 mox
3256 5745 3358 5798 pro

1801 5809 1894 5864 ἐπὶ
1925 5808 2023 5881 τῆς
2051 5806 2405 5880 παρατάξεως
2429 5803 2764 5880 habet—“uaga
2782 5803 3003 5872 τάξεως.
