3688 6146
351 351 451 410 634

1758 397 1762 401 ~
1814 361 2140 420 ORIGENIS
2376 400 2377 403 η

2080 363 2140 420 IS
2376 400 2377 403 η
3455 381 3536 440 652

353 470 498 539 bolo,
529 471 748 543 quando
784 472 951 529 Evam
986 473 1197 546 decepit
1226 493 1324 549 per
1348 489 1681 550 serpentem,
1713 492 1767 540 et
1807 486 1809 541 ζ

2078 504 2182 558 ισε,
2230 487 2323 542 καὶ
2366 489 2400 559 ἡ
2435 487 2548 543 Εὔα
2591 489 2790 545 δέδωκε
2822 490 2902 562 τῷ
2933 490 3089 564 ἀνδρὶ
3117 489 3225 546 ἀπὸ
3261 491 3349 549 τοῦ
3391 493 3534 567 ξύλου,

353 565 502 619 dedit
539 564 657 619 viro
683 564 751 620 de
775 565 942 636 ligno,
967 578 1023 621 et
1055 570 1295 627 comedit
1340 572 1444 626 vir.
1476 572 1749 640 Quantum
1788 592 1918 636 vero

352 657 420 710 ad
447 654 798 724 profundiora
830 659 1106 729 dogmata,
1156 664 1202 717 si
1248 665 1684 724 consideraveris
1710 669 1915 726 dictum

350 745 514 805 illud:
552 748 678 803 Non
708 751 1023 815 moriar,sed
1051 754 1240 821 vivam,
1262 766 1310 810 et
1333 759 1592 814 euarrabo
1615 777 1774 830 opera
1811 763 1918 818 Do-

347 840 480 893 mini
502 840 568 902 ⁸⁷,
601 849 657 894 et
683 841 812 896 illud
844 858 875 896 a
902 843 1195 900 Servatore
1223 846 1427 904 dictum
1461 852 1528 906 ad
1561 851 1913 920 Sadducaeos,

346 931 713 987 occultissime
754 933 860 998 his,
910 935 1000 1004 qui
1032 937 1178 1006 quod
1208 938 1412 995 dictum
1461 953 1584 997 erat
1618 945 1918 1019 intelligere

350 1023 593 1092 quirent,
625 1023 679 1077 in
710 1020 1008 1094 Evangelia
1042 1039 1071 1079 a
1112 1025 1368 1085 Matthazo
1395 1032 1595 1090 tradito
1614 1033 1699 1091 ":
1726 1035 1804 1091 De
1826 1054 1912 1093 re—

348 1116 673 1185 surrectione
701 1127 1030 1171 mortuorum
1063 1135 1243 1175 annon
1288 1121 1488 1194 legistis
1527 1129 1670 1196 quod
1713 1129 1914 1186 dictum

346 1213 423 1258 est
447 1205 591 1261 vobis
620 1224 654 1260 a
679 1206 814 1273 Deo,
847 1207 938 1277 qui
973 1210 1088 1266 ait:
1131 1210 1244 1282 Ego
1283 1231 1399 1269 sum
1452 1217 1589 1273 Deus
1621 1221 1910 1290 Abraham,

346 1293 503 1366 341
539 1306 587 1351 et
610 1296 749 1352 Deus
780 1297 958 1362 Isaac,
986 1311 1034 1355 et
1067 1301 1203 1357 Deus
1249 1305 1417 1362 Jocob
1454 1310 1479 1364 ?
1511 1308 1652 1365 Deus
1684 1329 1788 1367 non
1838 1325 1913 1370 est

346 1386 488 1442 Deus
508 1398 859 1456 mortuorum,
896 1393 988 1446 sed
1019 1394 1339 1464 uiuentium;
1381 1409 1439 1454 et
1473 1400 1525 1454 in
1557 1399 1850 1475 Evangelio
1881 1421 1910 1459 a

344 1473 494 1532 Luca
518 1480 713 1535 tradito
741 1482 786 1516 °’
820 1500 835 1537 :
867 1481 1020 1549 Quod
1051 1501 1169 1540 vero
1204 1503 1478 1560 resurgant
1507 1473 1733 1559 mortui,
1751 1498 1912 1553 etiam

346 1568 526 1625 Ποσει
571 1574 795 1628 ostendit
833 1576 993 1645 juxta
1028 1578 1238 1644 rubum,
1290 1599 1407 1639 cum
1442 1585 1574 1640 dicit
1607 1587 1909 1656 Dominum,

345 1660 517 1717 Deum
559 1665 847 1734 Abraham,
873 1678 923 1723 et
972 1669 1142 1733 Deum
1195 1671 1372 1739 Isaac,
1407 1687 1456 1731 et
1500 1678 1664 1733 Deum
1701 1678 1910 1739 Iacob:

345 1754 488 1809 Deus
518 1767 692 1814 autem
724 1777 828 1815 non
850 1773 926 1816 est
961 1774 1312 1833 mortuorum,
1336 1773 1426 1823 sed
1449 1771 1769 1842 uiuentium;
1805 1793 1912 1831 om-

2018 580 2112 634 καὶ
2138 578 2269 649 ἐφαγ
2281 597 2339 634 εν
2362 582 2393 634 ό
2428 581 2586 654 ἀνήρ.
2618 583 2776 637 Κατά
2811 584 3058 656 μέντοιγε
3081 584 3152 641 τὰ
3176 583 3429 658 βαθύτερα
3452 590 3535 644 τῶν

2015 670 2322 742 δογμάτων,
2370 674 2569 745 νοήσας
2617 674 2678 728 τό
2695 692 2711 706 ο
2766 677 2888 731 Οὐκ
2938 676 3369 747 ἀποθανοῦμαι,
3408 680 3538 736 ἀλλὰ

2017 762 2285 834 ζήσομαι.
2314 764 2414 820 καί
2444 764 2804 838 διηγήσομαι
2832 769 2906 823 τὰ
2941 768 3087 839 ἔργα
3115 769 3348 838 Kuplou,
3373 771 3454 824 καὶ
3489 774 3538 828 τὸ

2016 854 2123 918 ὑπὸ
2146 854 2240 912 τοῦ
2268 857 2522 930 Σωτῆρος
2557 859 2694 932 πρὸς
2722 861 2849 926 τοὺς
2891 861 3291 926 Σαδδουκαίους,
3334 864 3537 937 ἀπορρη-

2014 951 2214 1005 τότατα
2258 954 2369 1016 τοῖς
2414 951 2651 1006 συνιέναι
2676 952 2772 1005 τοῦ
2820 952 3109 1025 λεγομένω
3146 953 3443 1026 δυναμένοις
3478 959 3539 1010 εἰ·

2018 1044 2250 1115 ρημένον
2290 1046 2348 1098 ἐν
2378 1044 2458 1117 τῷ
2491 1044 2632 1098 κατὰ
2672 1045 2947 1101 Ματθαῐον
2966 1063 2980 1077 ο
3009 1042 3281 1115 Περίτῆς
3318 1047 3539 1103 ἀναστό-

2016 1150 2171 1201 σεως
2211 1133 2331 1188 τῶν
2370 1135 2598 1205 νεκρῶν
2629 1140 2740 1192 οὐκ
2786 1135 3078 1216 ἀνέγνωτε
3120 1136 3185 1191 τὸ
3221 1134 3400 1204 ῥηθὲν
3425 1136 3539 1205 ὑμῖν

2014 1223 2132 1279 ὑπὸ
2157 1223 2263 1279 τοῦ
2291 1225 2438 1281 Θεοῦ
2456 1225 2767 1296 λέγοντοςο
2788 1225 2926 1296 Ἐγώ
2948 1227 3063 1296 εἰμι
3090 1229 3123 1281 ό
3146 1224 3287 1292 Θεὸς
3311 1226 3539 1297 Ἀϐραὰμ,

2015 1316 2112 1370 καί
2143 1320 2176 1371 ό
2213 1316 2357 1384 Θεὸς
2387 1318 2605 1383 Ἰσαὰκ,
2634 1320 2734 1373 καί
2756 1321 2790 1375 ό
2818 1319 2961 1385 Θεὸς
2990 1318 3190 1373 Ἰακώϐ
3205 1335 3226 1383 ;
3262 1320 3378 1373 Οὐκ
3401 1319 3543 1373 ἐστιν

2014 1410 2048 1462 ὁ
2084 1407 2230 1476 Θεὸς
2291 1408 2435 1477 Θεὸς
2482 1408 2728 1479 νεκρῶν,
2774 1409 2937 1465 ἀλλὰ
2989 1409 3216 1471 tibvrti.»-
3233 1425 3248 1439 ·
3292 1410 3382 1464 καὶ
3402 1412 3454 1465 ὲν
3477 1410 3542 1484 τῷ

2012 1500 2154 1555 κατὰ
2182 1503 2392 1556 Λουκᾶν
2411 1520 2426 1534 ο
2455 1503 2577 1556 Ὅτι
2623 1502 2692 1556 δὲ
2731 1503 3058 1571 ἐγείρονται
3099 1505 3155 1557 οι
3203 1502 3417 1571 νεκρά,
3462 1503 3544 1558 καί

2011 1590 2237 1663 Μωσῆς
2257 1591 2581 1663 ἐμήνυσεν,
2606 1594 2687 1660 ὡς
2712 1593 2893 1664 λέγει,
2934 1593 3033 1648 ἐπὶ
3067 1592 3177 1663 τῆς
3223 1593 3408 1659 ,ϐάτου
3443 1596 3541 1649 Κύο

2004 1701 2141 1754 ριον
2166 1685 2273 1740 τὸν
2303 1686 2451 1741 Θεὸν
2472 1686 2737 1756 Ἀϐραὰμ,
2772 1685 2870 1740 καί
2887 1684 3037 1740 Θεὸν
3065 1683 3281 1752 Ἰσαὰκ,
3304 1685 3396 1739 καί
3422 1685 3546 1739 Θεὸν

2023 1774 2225 1831 Ἰακώό
2237 1794 2251 1806 ·
2294 1777 2405 1831 οὐκ
2429 1776 2600 1830 ἔστιν
2628 1778 2661 1830 ὁ
2693 1775 2836 1843 Θεὸς
2863 1773 3110 1844 νεκρῶν,
3133 1775 3295 1830 ἀλλὰ
3317 1774 3542 1837 ζώντων·

343 1860 434 1899 sses
455 1847 593 1901 enim
623 1850 796 1906 vivunt
825 1852 907 1907 illi
933 1870 953 1909 :
983 1856 1161 1912 adhuc
1192 1868 1374 1913 autem
1415 1870 1471 1917 et
1517 1863 1573 1918 in
1620 1863 1799 1935 Evang

2088 1865 2234 1930 ἱντες
2286 1865 2395 1937 γὰρ
2447 1865 2607 1932 αὐτῷ
2652 1864 2861 1928 ᾇῖισιν·
2893 1865 2972 1918 ἔτι
3013 1865 3070 1919 δὲ
3102 1865 3194 1919 καὶ
3233 1868 3291 1919 ὲν
3320 1864 3394 1938 τῷ
3428 1865 3544 1921 κατὰ

342 1938 641 1992 secundum
690 1939 931 1998 Marcum
959 1945 1051 1999 τοι
1103 1946 1181 2001 De
1225 1952 1468 2016 mortuis,
1501 1956 1640 2023 quod
1683 1960 1908 2013 resusci-

342 2035 543 2095 tentur,
571 2046 674 2086 non
703 2032 899 2102 legistis
925 2035 981 2088 in
1024 2036 1158 2091 libro
1201 2039 1357 2104 Mosi,
1397 2046 1659 2111 quomodo
1699 2047 1754 2101 in
1780 2052 1909 2104 rubo

339 2117 552 2175 locutus
571 2123 640 2177 sit
666 2122 749 2178 illi
779 2124 916 2180 Deus
944 2129 1152 2183 dicens:
1171 2129 1280 2199 Ego
1313 2150 1429 2188 sum
1459 2134 1596 2190 Deus
1619 2138 1906 2206 Abraham,

337 2219 391 2265 ot
425 2209 561 2267 Deus
602 2212 782 2281 Isaac,
808 2226 856 2271 et
897 2217 1039 2273 Deus
1066 2219 1232 2276 Iacob
1260 2226 1286 2278 .9
1320 2222 1445 2279 Non
1481 2240 1558 2282 est
1590 2228 1730 2285 Deus
1763 2248 1901 2286 mor-

339 2312 570 2370 tuarum,
611 2308 701 2360 sed
733 2309 1010 2364 uiuentium
1033 2325 1052 2364 :
1078 2311 1146 2384 [si
1192 2314 1330 2379 haec,
1363 2315 1606 2385 inquam,
1659 2323 1908 2379 conside-

338 2396 597 2469 raveris,]
626 2398 859 2468 videbis,
894 2401 942 2456 si
994 2418 1137 2460 nunc
1189 2405 1346 2472 vivit,
1381 2409 1509 2477 quia
1560 2426 1626 2466 ex
1677 2415 1906 2471 mortuis

337 2489 699 2545 resurrexerit
723 2491 1020 2557 Abraham.
1043 2504 1099 2550 et
1121 2494 1291 2559 Isaac.
1314 2508 1369 2554 et
1395 2498 1581 2568 Jacob,
1612 2503 1710 2559 hos
1737 2505 1906 2562 fuisse

337 2587 607 2645 mortuos,
638 2582 929 2651 antequam
969 2586 1231 2642 viverent.
1276 2586 1446 2645 Nemo
1477 2602 1659 2648 autem
1689 2598 1904 2666 pr0prie

336 2669 535 2725 dicitur
570 2683 836 2740 mortuus,
871 2675 962 2743 qui
990 2683 1114 2732 ante
1139 2692 1246 2733 non
1288 2679 1503 2737 vixerit.
1535 2684 1741 2753 Inspice
1776 2701 1904 2742 vero

332 2760 497 2816 etiam
530 2762 632 2818 hoc
660 2779 674 2816 ε
707 2763 775 2819 In
808 2767 979 2821 Adam
1007 2785 1181 2826 outnes
1202 2777 1518 2841 moriuntur,
1547 2790 1595 2832 et
1621 2780 1675 2833 in
1697 2780 1902 2837 Christo

334 2868 512 2908 omnes
559 2856 961 2926 viviﬁcabuntur
981 2861 1025 2894 "
1061 2863 1280 2932 (quibus
1333 2869 1513 2924 verbis
1541 2884 1714 2940 neque
1755 2888 1902 2930 mors

333 2941 514 2998 media
548 2943 890 3016 signiﬁcatur
917 2950 1021 3006 hoc
1065 2954 1212 3009 dicto
1236 2974 1250 3009 :
1274 2952 1344 3010 lu
1389 2960 1558 3014 Adam
1593 2977 1768 3017 omnes
1799 2980 1903 3018 mo-

331 3032 579 3101 riuntur;
603 3052 776 3106 neque
811 3040 1125 3100 indifferens
1160 3048 1301 3113 vita,
1332 3065 1452 3119 quae
1493 3066 1666 3120 neque
1697 3055 1898 3111 bonum

331 3136 429 3194 per
449 3140 509 3182 se
536 3135 640 3196 est,
673 3143 850 3200 neque
876 3134 1100 3203 malum,
1124 3138 1176 3191 in
1200 3139 1294 3195 illo
1327 3161 1341 3196 :
1373 3140 1442 3196 In
1469 3141 1682 3198 Christo
1717 3161 1894 3202 omnes

328 3217 838 3291 uiuiﬁcabuntur),et
864 3224 1076 3282 videbis
1114 3229 1281 3284 vitam
1331 3233 1561 3290 hominis
1587 3235 1683 3304 qui
1713 3245 1796 3292 est
1829 3238 1894 3291 ad

331 3306 619 3380 imaginem
649 3329 665 3379 ;
699 3315 848 3382 cujus
900 3317 1008 3372 vita
1053 3323 1391 3379 considera:a
1413 3364 1429 3391 ,
1467 3326 1731 3397 intelliges
1759 3343 1895 3396 quo-

328 3414 453 3455 nam
487 3413 645 3472 pacto
679 3405 950 3463 homicida
999 3410 1088 3468 ille
1127 3413 1460 3472 interfecerit
1497 3419 1765 3477 viventem
1799 3421 1897 3476 ho-

330 3490 572 3562 minem;
610 3506 759 3552 recte
787 3497 1048 3557 dicendus
1091 3503 1383 3575 homicida,
1416 3524 1524 3566 non
1570 3515 1697 3583 quia
1727 3533 1893 3575 unum

328 3585 636 3656 quempiam
696 3589 948 3657 privatim
1005 3593 1362 3662 interfecerit,
1395 3603 1492 3655 sed
1521 3615 1745 3673 propter
1767 3611 1892 3664 uni-

326 3687 541 3730 versum
566 3692 736 3746 genus
764 3694 795 3734 a
823 3695 883 3736 se
905 3684 1248 3741 interfectum
1279 3705 1298 3753 ',
1329 3693 1469 3747 unde
1499 3694 1556 3747 in
1581 3695 1752 3753 Adam
1776 3714 1894 3754 om-

327 3780 424 3821 nes
449 3769 779 3841 moriuntur.
816 3773 930 3830 Hoc
958 3791 1089 3832 vero
1131 3778 1479 3837 homicidium
1506 3799 1759 3856 operatus
1785 3803 1890 3861 est,

324 3871 447 3911 cum
478 3859 791 3930 incmpisset
817 3865 884 3921 ab
930 3866 1084 3924 initio
1120 3883 1381 3940 :propter
1402 3878 1545 3944 quod
1596 3878 1755 3948 hujus
1795 3859 1892 3939 ho?

324 3949 600 4007 micidium
667 3960 1042 4029 unusquisque
1093 3977 1207 4017 rem
1264 3964 1436 4034 ipsam
1490 3974 1887 4047 considerans,

323 4054 589 4113 suumque
611 4047 884 4117 proprium
924 4066 1140 4122 corpus,
1172 4063 1226 4110 et
1280 4057 1365 4111 cui
1421 4067 1886 4125 accommodatum

322 4134 417 4201 sit,
445 4134 550 4191 hoc
596 4138 840 4196 dicturus
870 4153 952 4197 est
1000 4149 1237 4216 seipsum
1289 4153 1478 4211 dicens
1508 4157 1788 4227 miserum,
1821 4178 1888 4219 eo

2013 1958 2237 2029 Μάρκον
2259 1973 2272 1988 ³
2330 1957 2472 2027 Περί
2529 1958 2650 2013 τῶν
2685 1956 2916 2026 νεκρῶν
2965 1959 3077 2012 οὐκ
3123 1956 3428 2027 ἀνέγνωτε,
3470 1957 3545 2011 dri

2009 2049 2339 2120 ἐγείρονται
2385 2051 2454 2105 ἐν
2485 2049 2560 2119 τῇ
2603 2050 2800 2116 ,ϐίϐλῳ
2829 2048 3108 2117 Μωσέως,
3142 2051 3223 2117 ὡς
3267 2050 3427 2104 εἶπεν
3462 2049 3542 2104 ἐπὶ

2010 2142 2120 2209 τῆς
2158 2141 2356 2209 ,ϐάτου
2389 2140 2547 2208 αὐτῷ
2580 2145 2612 2196 ό
2635 2142 2779 2207 Θεὸς
2798 2139 2992 2211 λέγων
3009 2158 3023 2171 ”
3069 2140 3209 2211 Ἐγώ
3229 2143 3342 2211 εἰμι
3367 2144 3396 2195 d
3423 2140 3543 2207 Θεὸς

2020 2233 2285 2303 Ἀϐραὰμ,
2318 2232 2417 2287 καὶ
2449 2235 2483 2288 ὁ
2533 2231 2678 2299 Θεὸς
2710 2232 2933 2298 Ἰσαὰκ,
2958 2231 3056 2286 καὶ
3087 2235 3119 2287 ό
3168 2233 3313 2299 Θεὸς
3346 2231 3543 2298 ’1οκὼϐ;

2011 2328 2133 2381 Οὐκ
2179 2327 2352 2381 ἐστιν
2382 2329 2415 2381 ό
2455 2326 2599 2394 Θεὸς
2637 2323 2884 2394 νεκρῶν,
2916 2324 3078 2380 ἀλλὰ
3134 2323 3381 2390 ζώντων,
3425 2324 3540 2394 ὄψει,

2005 2418 2109 2482 ὅτι,
2165 2420 2214 2472 εἰ
2261 2417 2354 2472 νῦν
2399 2415 2465 2491 ζῇ
2524 2419 2590 2473 ὲκ
2629 2419 2839 2490 νεκρῶν
2881 2417 3116 2480 ἀναστὰς
3159 2416 3421 2489 Ἀϐραὰμ,
3468 2416 3542 2469 καὶ

2020 2509 2222 2575 Ἰσαὰκ,
2262 2510 2357 2565 καί
2398 2510 2613 2576 Ἰακὼϐ,
2644 2512 2827 2584 νεκροὶ
2864 2506 3005 2584 ἦσαν
3037 2511 3164 2581 πρὶν
3197 2509 3399 2583 ζήσωσι
3421 2527 3435 2540 ο
3473 2527 3531 2564 νεα

2005 2603 2137 2673 κρὸς
2180 2603 2238 2658 δὲ
2271 2603 2474 2676 κυρίως
2503 2604 2677 2668 οὐδεὶς
2714 2604 2930 2674 λέγεται
2973 2604 3049 2675 μὴ
3076 2604 3340 2676 πρότερον
3376 2602 3541 2674 ζήσας.

2016 2696 2339 2768 Ἐπίστησον
2374 2697 2430 2750 δὲ
2458 2696 2553 2750 καί⁵
2579 2694 2659 2769 τῷ
2680 2714 2693 2727 ·
2744 2698 2842 2751 Ἐν
2868 2695 2946 2763 τῷ
2982 2696 3155 2767 Ἀδὰμ
3178 2697 3398 2764 πάντες
3416 2698 3543 2751 dxo-

2004 2787 2361 2855 θνήσκουσι,
2390 2789 2487 2843 καί
2512 2790 2583 2845 ἐν
2610 2789 2690 2856 τῷ
2709 2789 2942 2859 Χριστῷ
2958 2789 3179 2858 πάντες
3216 2788 3542 2857 ζωοποιηθή-

2001 2894 2243 2936 σονται·
2288 2883 2370 2953 (ἐν
2400 2877 2482 2946 οἷς
2511 2881 2635 2936 οὗτε
2665 2884 2694 2937 ὁ
2746 2882 2911 2954 μέσος
2967 2882 3195 2947 θάνατος
3250 2882 3545 2954 σημαίνεται

2000 2969 2142 3024 κατὰ
2188 2970 2249 3025 τό
2266 2988 2281 3001 ’
2330 2972 2426 3025 Ἐν
2462 2970 2544 3037 τῷ
2575 2971 2757 3041 Ἀδὰμ
2794 2970 3014 3039 πάντες
3045 2971 3542 3038 ἀποθνήσκωσιν,

1999 3062 2125 3118 οὕτε
2154 3065 2189 3126 ἡ
2214 3063 2507 3136 ἀδιάφορος
2535 3063 2672 3136 ζωὴ,
2699 3063 2793 3118 καὶ
2847 3065 2984 3135 μήτε
3026 3064 3231 3134 ἀγαθὸν
3266 3060 3395 3120 οὖσα
3438 3063 3543 3131 καθ’

2001 3154 2170 3227 αὐτὴν
2208 3156 2343 3227 μήτε
2378 3155 2565 3220 κακὸν,
2596 3155 2736 3213 κατά
2784 3155 2843 3208 τό
2868 3172 2883 3185 ο
2927 3156 3031 3209 Ἑν
3058 3156 3139 3222 τῷ
3160 3155 3392 3226 Χριστῷ
3412 3154 3545 3210 πᾶν·

2000 3263 2102 3313 τες
2145 3244 2733 3325 ζωοποιηθήσονται,)
2762 3247 2858 3301 καὶ
2884 3246 3003 3317 ⁹ὂψει
3034 3248 3135 3319 τὴν
3159 3247 3304 3320 ζωὴν
3322 3247 3413 3302 τοῦ
3442 3247 3544 3301 κατ’

2002 3340 2185 3394 εἰκόνα
2217 3336 2526 3410 ἀνθρώπου.
2559 3340 2779 3411 Νοήσας
2803 3339 2860 3392 δὲ
2879 3338 3043 3393 αὑτοῦ
3067 3342 3165 3413 τὴν
3208 3343 3374 3413 ζωὴν,
3400 3348 3543 3412 συνή-

2002 3445 2117 3491 σεις
2169 3427 2292 3482 τίνα
2339 3427 2539 3498 τρόπον
2587 3430 2616 3482 ό
2651 3427 3094 3500 ἀνθρωποκτόνος
3144 3430 3429 3484 ἀπέκτεινε
3466 3429 3543 3482 τὸν

2000 3518 2178 3583 ζῶντα
2205 3519 2508 3593 ἄνθρωπον,
2537 3521 2597 3574 οὺ
2636 3521 2724 3575 διά
2750 3532 2870 3574 τινα
2900 3520 2994 3575 ἕνα
3038 3521 3183 3585 ἰδίως
3226 3522 3399 3585 ποιὸν,
3428 3521 3542 3577 ἀλλὰ

1996 3610 2064 3664 δι’
2097 3611 2215 3666 ὅλον
2235 3612 2296 3665 τὸ
2320 3610 2495 3679 γένος,
2526 3612 2554 3665 ὃ
2600 3612 2908 3679 ἀπέκτεινε,
2951 3613 3070 3667 καθ’
3118 3613 3148 3667 δ
3196 3616 3256 3669 ὲν
3288 3614 3364 3685 τῷ
3396 3614 3543 3683 ’Δδάμ

1997 3702 2196 3767 πάντες
2232 3702 2684 3774 ἀποθνήσκουσιν,
2726 3702 2893 3773 ὑγιῶς
2923 3703 3319 3776 λεχθησόμενος
3359 3703 3543 3776 ἀνθρω-

1995 3794 2274 3857 ποκτόνος.
2299 3792 2511 3864 Ταύτην
2530 3793 2587 3847 δὲ
2617 3795 2716 3866 τὴν
2749 3794 3219 3866 ἀνθρωποκτονίαν
3248 3797 3542 3869 εἰργάσατο,

1995 3886 2298 3958 ἀρξάμενος
2351 3886 2446 3939 ἀπ’
2481 3886 2689 3959 ἀρχῆς·
2729 3886 2795 3940 δι’
2840 3890 2904 3959 ἣν
2947 3888 3417 3960 ἀνθρωποκτονίαν
3458 3886 3542 3941 αὐ·

1990 3978 2083 4031 τοῦ
2115 3977 2341 4041 ἕκαστος
2360 3976 2467 4030 τῶν
2490 3976 2750 4031 νοούντων
2778 3978 2928 4045 αὐτὸ,
2960 3979 3053 4033 καὶ
3077 3980 3138 4032 τὸ
3163 3978 3358 4033 ἑαυτοῦ
3379 3979 3538 4050 σῶμα,

1991 4071 2086 4126 καὶ
2117 4071 2221 4124 τίνι
2254 4071 2450 4125 οἰκεῖόν
2492 4073 2629 4136 ἐστι,
2677 4071 2835 4125 τοῦτο
2868 4073 2986 4146 ἐρεῖ
3030 4070 3333 4138 ταλανίζων
3367 4070 3541 4127 ἑαυτὸν

1989 4164 2082 4217 ἐπὶ
2108 4163 2169 4218 τὸ
2202 4165 2260 4218 ὲν
2286 4162 2364 4235 τῷ
2410 4164 2581 4236 ’Δδάμ
2628 4165 3076 4237 ἀποτεθνηκέναι,
3123 4166 3218 4220 τόδ
3258 4168 3539 4222 Tantalum-

319 4224 463 4292 quod
495 4226 547 4281 in
569 4226 740 4284 Adam
766 4234 988 4300 perierit
1021 4252 1035 4289 :
1064 4239 1265 4309 Infelix
1288 4261 1381 4313 ego
1430 4247 1604 4314 homo,
1646 4252 1766 4319 quis

2082 4278 2092 4317 ξ
2122 4255 2236 4327 ἐγὼ
2265 4224 2595 4325 ἄνθρωπος,
2627 4257 2720 4325 τις
2738 4275 2817 4328 με
2833 4224 3085 4326 {libuerat
3114 4259 3184 4312 ἐκ
3223 4259 3334 4313 τοῦ
3359 4257 3538 4327 σώμα-

318 4317 560 4376 liberabit
602 4336 670 4377 ea:
718 4324 816 4379 hoc
845 4342 1060 4398 corpore
1101 4337 1260 4389 morti
1303 4340 1527 4396 obnoxio
1551 4343 1596 4376 "
1634 4317 1668 4397 ἲν
1695 4346 1774 4402 vid

2080 4346 2221 4401 ιτοῦ
2252 4345 2512 4402 θανάτου
2540 4348 2793 4412 τούτου;
2838 4346 3047 4417 βλέπων
3073 4347 3167 4402 καί
3198 4346 3324 4403 τίνα
3354 4346 3536 4419 τρόπον

313 4409 481 4466 etiam
499 4427 731 4482 quonam
757 4427 918 4486 pacto
942 4421 1143 4478 dictum
1175 4426 1247 4482 sit
1269 4427 1492 4484 illud":
1517 4433 1587 4490 In
1622 4437 1769 4506 pulue

2080 4457 2200 4511 ηται
2228 4438 2290 4493 τό
2309 4455 2324 4469 “
2353 4441 2459 4507 Εἰς
2491 4440 2644 4510 χοῦν
2666 4409 2925 4495 θανάτου
2968 4439 3296 4510 κατήγαγες
3330 4409 3425 4511 με,
3452 4437 3536 4492 καί

312 4501 500 4556 mortis
529 4504 797 4561 deduxisti
828 4525 908 4563 me
929 4551 947 4576 ,
976 4522 1031 4567 et
1064 4513 1256 4572 illud"
1290 4536 1307 4573 :
1355 4501 1662 4580 Humiliasti
1701 4544 1768 4582 no

2094 4501 2106 4511 '
2128 4501 2570 4599 Ἐταπείνωσας
2594 4530 2751 4603 ἡμᾶς
2781 4532 2853 4587 ἐν
2880 4533 3039 4600 τόπῳ
3452 4531 3534 4585 καὶ

311 4587 428 4646 loco
454 4593 770 4682 aﬂlictionis,
795 4607 849 4653 et
871 4598 1000 4657 illud
1023 4604 1068 4634 ⁷³
1094 4622 1111 4661 :
1143 4605 1343 4677 Corpus
1380 4624 1613 4668 nostrum
1659 4616 1767 4671 Itum

2129 4622 2305 4691 Σῶμα
2330 4621 2443 4691 τῆς
2490 4587 2897 4690 ταπεινῶσεως
3155 4623 3310 4677 Ἔστι
3361 4623 3416 4676 δὲ
3451 4621 3533 4675 καὶ

315 4681 412 4737 Est
440 4674 896 4746 etiam'oécultius
921 4694 1194 4765 quiddam,
1225 4674 1446 4772 propter
1478 4709 1620 4775 quod
1648 4708 1771 4763 hom

2077 4674 2434 4789 huius:
2450 4674 2699 4783 τζ,διί”δ
2729 4718 2758 4770 δ
2789 4674 2889 4770 ἀπῖ
2913 4674 3089 4790 ἀὲχῆς
3112 4715 3533 4788 ἀνθρωποκτόνος

309 4774 381 4832 da
406 4775 495 4831 ille
532 4779 600 4833 ab
626 4778 780 4837 initio
802 4785 1052 4856 princeps
1082 4789 1152 4844 sit
1188 4790 1344 4859 hujus
1372 4774 1580 4863 mundi,
1616 4798 1718 4854 hoc

2188 4774 2438 4862 ἔστιν..τοῦ
2486 4774 2691 4880 πόσμω
2733 4774 3137 4878 τούτου,’ἷέγω
3262 4807 3357 4861 τοῦ
3393 4823 3534 4879 περι·

307 4870 585 4926 terrestris
636 4872 763 4939 loci,
809 4877 900 4931 ubi
945 4889 1071 4934 sunt
1112 4882 1358 4941 homines
1395 4902 1531 4957 quos
1575 4890 1763 4949 interle

2070 4870 2133 4953 ou
2165 4900 2353 4963 τόπου,
2406 4901 2540 4955 ὅπου
2572 4870 2709 4955 εἰσὶν
2744 4900 2838 4966 οὓς
2885 4870 3205 4955 ἀπέκτεινεν
3247 4870 3526 4972 ἀνθρωττοι.

307 4962 485 5032 Atque
536 4964 803 5022 homicida
838 4970 1053 5039 quidem
1102 4973 1374 5034 interfecit
1418 4995 1519 5037 nos
1550 4998 1567 5037 :
1598 5000 1699 5041 nos
1741 5003 1763 5043 η

2091 4990 2190 5060 μὲν
2228 4987 2320 5045 οὖν
2340 4962 2801 5065 ἀνθρωποκτόνος
2819 4962 3148 5047 *ἀπέκτεινεν
3180 4995 3213 5064 ή
3220 4995 3323 5065 μᾶς
3339 4962 3363 5023 ἰ
3385 4991 3530 5064 ἡμεῖς

306 5053 402 5109 Dei
431 5058 607 5128 gratia
639 5062 938 5131 consepulti
966 5081 1152 5123 sumus
1180 5069 1417 5138 Christo,
1445 5083 1501 5130 et
1527 5090 1762 5133 consum

2071 5053 2247 5154 >ξάριτι
2280 5083 2415 5139 Θεοῦ
2445 5053 2822 5155 συνετάφημεν
2853 5085 2930 5155 τῷ
2957 5053 3319 5157 Χριστῷίδιαί

307 5162 428 5204 ιιιιιε
456 5148 557 5213 illi,
595 5151 907 5208 conformes
957 5156 1083 5212 facti
1139 5164 1519 5221 resurrectioni
1545 5166 1681 5234 ejus,
1712 5177 1763 5224 et

2258 5177 2428 5250 αὐτῷ,
2455 5180 2506 5235 ετ
2533 5194 2594 5246 γε
2631 5148 2942 5255 σύμμορφὸι
2980 5148 3277 5252 γεγόναμεν
3316 5181 3379 5250 τῇ
3409 5179 3525 5230 ἀνα-

304 5239 542 5296 novitate
573 5241 696 5297 vita:
726 5243 1068 5302 ambulantes
1096 5249 1161 5302 ⁷⁸.
1199 5253 1269 5304 At
1298 5268 1431 5310 vero
1480 5257 1748 5314 homicida

2067 5239 2165 5320 ὶσει
2198 5239 2391 5333 αὑτοῦ,
2414 5239 2511 5324 uati.
2534 5239 2591 5325 εν
3115 5239 3523 5343 περιπατοῦμεν.

305 5330 556 5402 princeps
600 5343 684 5389 est
746 5334 1154 5394 interfectorum
1212 5341 1449 5415 itemque
1504 5358 1761 5405 mortuort

2096 5358 2152 5412 δὲ
2200 5330 2638 5433 ἀνθρωποκτόνος
2688 5330 2846 5438 ἀρχεί
2890 5330 2998 5418 τῶν
3031 5330 3215 5437 ’ἀνῃρῇ
3222 5363 3397 5434 μένων
3416 5330 3525 5414 ’καὶ

304 5420 500 5475 nullius
526 5422 758 5480 viventis
781 5426 966 5482 valens
997 5431 1243 5502 princeps
1282 5451 1421 5490 esse.
1453 5438 1605 5505 Quod
1633 5441 1678 5496 si
1709 5440 1756 5494 la

2067 5466 2130 5520 [ει
2148 5451 2257 5506 τῶν
2280 5420 2487 5523 νεκρῶν
2505 5470 2519 5484 ο
2556 5420 2840 5518 ζῶντοςνδὲ
2860 5456 3074 5521 οὐδενὸς
3106 5420 3348 5527 ’ἡγεῖσθαι
3379 5451 3523 5505 δύνα-

302 5512 735 5573 consideraveris
778 5534 897 5588 quae
946 5523 1150 5594 scripta
1179 5537 1306 5582 sunt
1330 5530 1397 5585 de
1427 5533 1673 5600 mortuis,
1700 5548 1758 5589 ve

2065 5512 2081 5599 ί
2128 5543 2253 5599 Ἐὰν
2285 5544 2343 5598 δὲ
2371 5512 2648 5602 ἐπιπλεξον
2680 5512 2979 5621 ἐπιστήσῃς
3007 5512 3102 5602 καὶ
3127 5512 3239 5612 τοῖς
3263 5544 3392 5616 περὶ
3420 5539 3519 5598 τῶν

369 5720 777 5823 ἶέηξῖῗθξ..⁰κὲι¹ι
809 5732 941 5823 ’,ἴση
973 5736 1020 5823 ".
1049 5735 1516 5823 ³¹²ιι¹ι;,ξίιι·;.δ.ῐτ
1545 5743 1632 5823 32%-
1734 5745 1825 5800 αἰ

2058 5792 2062 5810 .
2090 5751 2190 5810 37.
2221 5752 2311 5808 58.
2413 5754 2459 5786 ⁷⁸
2491 5754 2650 5808 Marc.
2709 5770 2805 5817 xu.
2845 5756 2935 5811 26.
3038 5755 3081 5788 ⁷¹
3120 5755 3137 5811 l
3169 5754 3287 5812 Cor.
3320 5770 3407 5823 xv,
3433 5749 3514 5806 32.

302 5786 521 5845 "Rom.
549 5808 642 5861 vn,
674 5786 777 5854 ει.’
832 5786 1043 5861 "Psal.
1069 5823 1186 5875 ut,
1216 5810 1306 5865 16.
1381 5786 1427 5844 ’λ
1452 5786 1589 5871 νέαι,
1635 5830 1758 5869 xui]

1619 5786 1933 5884 Oxum-‘56:
1970 5786 2062 5853 *ξδ’
2346 5840 2422 5892 ιιι,
2467 5786 2679 5881 Quium
2709 5786 2973 5894 illini?»
3021 5826 3072 5881 4.
