3688 6146
1234 376 1591 434 COMMENT.
1631 375 1700 430 IN
1729 374 1924 432 JOAN.
1961 375 2202 432 TOMUS
2233 374 2353 432 XX.

3327 374 3436 428 σοι

167 499 388 573 νεκρῶν
418 501 847 573 γεγραμμένοις,
883 495 993 556 οἷον
1041 499 1197 554 τοῦτο
1231 499 1372 572 (69)·
1425 503 1530 568 Εἰς
1579 498 1717 553 τοῦτ

1902 515 1965 554 oc
1991 501 2035 530 ⁷⁷
2063 518 2079 554 :
2113 497 2179 551 In
2203 507 2302 550 hoc
2321 495 2460 550 enim
2496 491 2659 564 352
2694 491 2939 548 Christus
2968 500 3016 546 et
3055 499 3296 544 mortuus
3333 501 3434 556 est,

167 592 291 661 γὰρ
328 589 582 659 Χριστὸς
630 589 913 656 ἀπέθανε,
946 589 1045 644 καὶ
1090 590 1340 656 ἀνέστη,
1382 589 1482 643 ἵνα
1518 589 1617 642 καὶ
1659 605 1756 643 νε-

168 681 337 749 κρῶν
389 681 486 735 καὶ
527 680 756 743 ζὶὓντων
792 683 1105 751 κυριεύσῃ,
1128 682 1247 751 ὄψει
1292 683 1413 736 τίνα
1443 681 1640 754 τρόπον
1665 681 1754 736 διὰ

166 775 266 827 τὸν
295 775 525 828 θάνατον
579 773 672 828 τοῦ
707 774 881 846 Ἰησοῦ
915 775 1036 829 οὐδὲ
1085 773 1194 828 τῶν
1251 774 1463 847 νεκρῶν
1512 773 1754 846 κυριεύει

168 864 255 918 ἔτι
276 889 292 902 ο
326 865 563 920 ἀπέθανε
586 865 696 939 γὰρ
740 869 769 920 6
803 866 1030 939 Ἰησοῦς,
1061 867 1147 921 ἴνα
1174 867 1268 922 καὶ
1299 867 1508 940 νεκρῶν
1537 867 1756 940 κυριεύ-

170 975 273 1029 σῃ·
307 959 430 1012 ὅσον
469 958 566 1028 μὲν
589 954 682 1013 οὖν
727 957 793 1030 ζῇ
823 961 852 1013 6
880 958 1186 1032 ἄνθρωπος,
1235 961 1297 1013 οὐ
1333 963 1488 1032 φορεῖ
1531 959 1630 1031 τὴν
1656 959 1751 1014 τοῦ

166 1049 360 1120 χοϊκοῦ
414 1051 626 1104 εἰκόναο
679 1050 1038 1121 ἀποθνήσκων
1086 1050 1166 1115 δὲ,
1216 1050 1310 1104 καὶ
1362 1049 1754 1122 ἀναιρούμενος

167 1143 281 1196 ὑπὸ
318 1142 411 1196 τοῦ
439 1143 906 1212 ἀνθρωποκτόνου,
943 1143 1060 1214 ἅμα
1083 1159 1142 1195 τε
1181 1142 1242 1196 οὐ
1273 1141 1486 1212 συνέχει
1521 1142 1629 1213 (70)
1653 1140 1751 1213 τὴν

165 1233 267 1289 τοῦ
325 1234 459 1289 Θεοῦ
493 1235 696 1302 εἰκόνα,
741 1236 835 1290 καὶ
868 1233 1240 1307 ἀναλαμϐάνει
1285 1233 1383 1306 τὴν
1427 1233 1520 1287 τοῦ
1565 1232 1749 1304 χοϊκοῦ

164 1326 270 1379 καὶ
324 1325 552 1398 νεκροῦο
596 1327 790 1399 νεκρὸς
832 1326 943 1399 γάρ
991 1328 1020 1380 ὁ
1072 1326 1274 1398 χοῖκὸς,
1327 1323 1516 1396 ὥσπερ
1565 1323 1674 1387 ζῶν
1723 1325 1752 1376 ὁ

165 1418 528 1490 ἐπουράνιοςν
569 1419 663 1473 καὶ
687 1420 716 1472 ὁ
747 1420 880 1484 Θεὸς
911 1421 1010 1473 οὐκ
1046 1418 1160 1471 ἔστι
1181 1417 1408 1489 νεκρῶν,
1445 1416 1582 1471 ἀλλά
1616 1416 1750 1482 ζών-

165 1527 280 1564 των
319 1510 484 1574 Θεός·
517 1511 708 1584 διόπερ
738 1513 787 1565 εί
826 1513 923 1583 μὲν
955 1510 1358 1582 συνανέστημεν
1392 1512 1450 1563 tv
1472 1509 1750 1580 καινότητι

165 1601 320 1674 ζωῆς
353 1594 801 1675 περιπατοῦντες,
830 1606 859 1658 6
895 1603 1029 1667 Θεός
1072 1605 1219 1657 ἐστιν
1247 1603 1403 1674 ἡμῶν
1423 1619 1437 1633 ο
1469 1605 1517 1656 εἰ
1564 1602 1622 1655 δὲ
1667 1602 1748 1655 ἔτι

167 1695 338 1766 ἐσμὲν
368 1698 426 1749 tv
453 1699 686 1766 νεκροῖς,
715 1699 744 1750 6
787 1696 921 1760 Θεὸς
949 1697 1005 1750 δὲ
1042 1697 1104 1750 οὐ
1132 1695 1364 1768 νεκρῶν,
1413 1697 1506 1750 καὶ
1533 1698 1561 1749 6
1589 1696 1747 1765 ἡμῶν

166 1786 271 1840 οὐκ
300 1786 454 1842 ἔσται
483 1788 635 1852 Θεός,
675 1786 1085 1861 Παράκειταιδὲ
1112 1786 1192 1858 τῷ
1225 1785 1496 1852 ἐξετάζειν
1520 1788 1588 1840 τά
1617 1787 1746 1858 περὶ

1856 606 1904 649 et
1935 598 2315 656 resurrexit,“
2338 598 2664 643 mortuorum
2687 603 2750 640 ac
2776 586 3054 641 viventium
3079 585 3149 641 sit
3172 585 3434 654 princeps,

1855 684 2068 739 videbis
2093 679 2367 753 quomodo
2396 693 2496 750 per
2541 687 2772 733 mortem
2801 676 2926 732 Jesu
2983 691 3050 732 ne
3095 686 3434 731 mortuorum

1853 776 2071 846 quidem
2103 773 2336 842 amplius
2369 773 2438 827 sit
2464 771 2552 828 ille
2598 771 2870 842 princeps.
2909 769 3156 826 Mortuus
3176 780 3259 826 est
3291 772 3436 828 enim

1853 866 2031 933 Jesus,
2063 876 2122 920 ιιι
2144 863 2373 920 mortuis
2409 863 2576 918 etiam
2608 863 2920 918 dominetur
2950 878 2964 915 :
2993 871 3156 932 atque
3193 863 3436 932 quandiu

1853 959 1986 1013 vivit
2025 963 2206 1022 homo,
2257 970 2366 1010 non
2395 953 2536 1025 gerit
2565 953 2857 1024 imaginem
2899 953 3098 1008 terreni
3127 971 3143 1017 ;
3177 953 3272 1008 sed
3311 969 3435 1010 cum

1855 1053 2107 1116 moritur,
2143 1053 2581 1123 interﬁciturque
2611 1052 2678 1105 ab
2728 1048 3004 1105 homicida
3035 1048 3150 1114 illo,
3177 1058 3288 1104 tum
3318 1063 3440 1119 per-

1851 1144 1930 1198 dit
1962 1145 2053 1199 Dei
2091 1144 2400 1215 imaginem,
2432 1153 2548 1198 tum
2581 1143 2774 1212 recipit
2806 1141 3098 1212 imaginem
3131 1140 3440 1204 terreni,“

1852 1237 2248 1304 mortiticatur;
2289 1246 2535 1292 mortuus
2573 1235 2719 1291 enim
2750 1244 2833 1289 est
2864 1245 3136 1296 terrenus,
3161 1234 3437 1303 quomodo

1851 1331 2006 1384 vivus
2036 1339 2117 1384 est
2151 1330 2587 1400 supercmlestis;
2612 1338 2667 1382 et
2700 1327 2840 1382 Deus
2871 1341 2976 1381 non
3005 1336 3088 1380 est
3118 1325 3258 1381 Deus
3288 1340 3437 1380 mor-

1852 1433 2089 1487 tuorum,
2126 1423 2220 1478 sed
2243 1424 2538 1478 viventium
2566 1438 2582 1488 ;
2611 1436 2743 1492 ergo
2761 1423 2804 1477 si
2837 1419 3052 1489 quidem
3085 1421 3439 1475 consurrexi-

1851 1531 1970 1570 mus
2001 1517 2053 1569 in
2094 1516 2339 1570 novitate
2364 1516 2488 1570 vitae
2513 1513 2878 1577 ambulantes,
2919 1511 3061 1566 Deus
3091 1518 3178 1566 est
3203 1521 3432 1576 noster;

1847 1609 1988 1677 quod
2025 1610 2070 1663 si
2122 1623 2252 1662 vero
2301 1607 2477 1662 adhuc
2543 1607 2686 1662 inter
2746 1614 2992 1660 mortuos
3044 1619 3264 1668 sumus,
3311 1619 3436 1659 cum

1848 1701 1991 1756 Dens
2014 1715 2119 1755 non
2147 1703 2218 1754 sit
2242 1711 2601 1763 mortuorum,
2629 1713 2696 1753 ne
2718 1699 2892 1754 nostri
2915 1698 3132 1768 quidem
3146 1697 3250 1751 erit
3271 1697 3433 1752 Deus.

1848 1791 2113 1846 Cmterum
2158 1791 2420 1846 instituta;
2461 1791 2809 1860 disputationi
2844 1791 2911 1846 de
2943 1805 3008 1845 eo
3034 1790 3126 1859 qui
3154 1799 3292 1843 erat
3333 1789 3434 1844 bo-

166 1877 263 1931 τοῦ
297 1879 394 1932 ἀπ’
424 1879 602 1951 ἀρχῆς
647 1879 744 1933 ἀνθ
755 1879 1120 1950 ρωποκτόνου,
1169 1880 1264 1932 καὶ
1309 1878 1370 1932 τὸ
1425 1880 1551 1933 ἰδεῖν
1597 1879 1717 1932 τίνα

1902 1884 2045 1938 icida
2073 1883 2139 1936 ab
2171 1883 2346 1946 initio,
2373 1882 2678 1951 proximum
2703 1889 2809 1944 est,
2832 1888 2891 1934 ut
2914 1881 3195 1936 videamus
3224 1880 3436 1950 aliquos

165 1971 401 2041 νεκροὺς
437 1971 555 2043 μὲν,
585 1972 685 2025 οὐκ
727 1973 785 2024 tv
813 1971 958 2043 ἄλλῳ
995 1973 1055 2026 δὲ
1085 1973 1119 2044 ἢ
1148 1973 1208 2026 tv
1243 1971 1464 2044 Χριστῷ
1497 1971 1745 2043 νεκροὺς,

165 2061 217 2114 οἳ
252 2064 348 2116 καὶ
399 2063 614 2134 πρῶτον
664 2065 1093 2137 ἀναστήσονταιο
1152 2065 1281 2138 περὶ
1321 2059 1396 2118 ὧν
1431 2067 1488 2118 tv
1541 2067 1638 2136 μὲν
1681 2067 1746 2137 τῇ

166 2155 310 2226 πρδς
335 2155 654 2227 Κορινθίους
685 2155 828 2210 οὕτω
850 2157 1108 2226 λέγεται·
1138 2158 1431 2212 Σαλπίσει
1485 2157 1616 2228 γὰρ,
1651 2157 1749 2211 καὶ

169 2248 227 2300 οι
255 2247 460 2314 νεκροὶ
485 2247 932 2315 ἀναστήσονται
961 2248 1267 2319 ἄφθαρτοι,
1315 2249 1414 2302 καὶ
1444 2249 1613 2318 ἡμεῖς
1639 2250 1749 2303 ἀλ-

166 2339 580 2409 λαγησόμεθαθ
617 2341 674 2393 ἐν
719 2340 776 2393 δὲ
806 2343 871 2412 τῇ
913 2342 1052 2412 πρὸς
1079 2341 1526 2405 Θεσσαλονικείςο
1567 2341 1748 2396 Τοῦτο

167 2430 284 2500 γὰρ
311 2430 455 2500 ὑμῖν
473 2431 730 2502 λέγομεν
751 2432 821 2485 ἑν
839 2434 1000 2502 λόγῳ
1030 2433 1141 2505 (7i)
1168 2435 1409 2502 Kvplov,
1453 2435 1540 2488 ὅτι
1580 2435 1750 2504 ἡμεῖς

168 2521 226 2574 οἱ
255 2519 486 2586 ζῶντες,
517 2525 572 2575 οἱ
623 2523 1098 2591 περιλειπόμενοι
1142 2527 1228 2590 εις
1258 2523 1374 2592 τὴν
1409 2526 1751 2592 παρουσίαν

166 2611 278 2666 τοῦ
300 2613 544 2681 Κυρίου,
575 2615 647 2667 οὐ
672 2612 758 2682 μὴ
790 2614 1114 2684 φθάσωμεν
1147 2617 1290 2682 τοὺς
1321 2612 1708 2685 κοιμηθέντας
1731 2634 1744 2647 ·

170 2701 261 2757 ὅτι
293 2705 477 2770 αὐτὸς
505 2708 538 2758 ό
568 2705 784 2773 Κύριος
824 2705 892 2758 ἐν
923 2709 1306 2777 κελεύσματι,
1345 2709 1416 2761 ἐν
1451 2707 1622 2777 φωνῇ
1653 2710 1752 2776 ἀρ-

171 2794 495 2864 χαγγέλου,
548 2796 648 2850 καὶ
693 2797 766 2849 ἐν
809 2796 1098 2868 σάλπιγγι
1153 2800 1300 2853 Θεοῦ
1356 2800 1750 2866 καταϐήσεται

170 2885 272 2939 ἀπ’
298 2885 580 2954 οὐρανοῦ,
605 2888 702 2940 καὶ
725 2889 778 2941 ol
803 2888 1002 2956 νεκροὶ
1031 2889 1101 2941 ἐν
1124 2889 1354 2957 Χριστῷ
1371 2889 1752 2957 ἀναστήσον-

171 2994 267 3031 ται
291 2977 545 3046 πρῶτον,
576 2979 778 3034 ἔπειτα
801 2981 970 3050 ἡμεῖς
993 2983 1047 3035 οἱ
1073 2981 1305 3048 ζῶντες,
1334 2986 1388 3037 οἱ
1416 2987 1752 3053 περιλειπό-

165 3086 340 3138 μενοι
365 3069 486 3140 ἄμα
507 3071 630 3126 σὺν
650 3072 854 3138 αὐτοῖς
888 3073 1353 3144 ἁρπαγησόμεθα
1376 3076 1446 3129 ἐν
1469 3077 1751 3147 νεφέλαις

167 3163 258 3226 είς
302 3161 646 3229 ἀπάντησιν
673 3163 779 3218 τοῦ
834 3166 1058 3233 Κυρίου
1101 3169 1188 3232 εὶς
1235 3165 1402 3234 ἀέρα,
1451 3169 1548 3221 καὶ
1599 3170 1750 3222 οὕτω

167 3249 431 3305 πάντοτε
467 3251 589 3304 σὺν
617 3253 814 3320 Κυρίῳ
845 3253 1122 3322 ἐσόμεθα.
1148 3255 1259 3308 Καὶ
1284 3256 1520 3326 ἠγοῦμαι
1542 3256 1749 3323 ζῶντας

169 3340 274 3414 μὲν
299 3336 437 3394 εἶναι
467 3341 525 3394 tv
551 3339 770 3412 Χριστῷ
801 3343 926 3405 τοὺς
958 3341 1428 3413 τετελειωμένους,
1463 3347 1556 3399 καὶ
1584 3347 1752 3418 μηδα-

173 3434 294 3505 μῶς
343 3432 422 3486 ἔτι
484 3433 760 3504 ἁμαρτίαν
815 3432 1255 3505 ἐργαζομένους·
1311 3439 1537 3509 νεκροὺς
1587 3438 1644 3492 δὲ
1690 3442 1749 3493 tv

164 3526 394 3598 Χριστῷ
415 3528 542 3590 τοὺς
567 3527 948 3598 διακειμένους
987 3527 1086 3600 μὲν
1127 3530 1268 3584 κατά
1303 3531 1402 3602 τὴν
1435 3533 1492 3585 tv
1527 3532 1749 3604 Χριστῷ

167 3618 378 3683 πίστιν,
428 3619 522 3670 καὶ
573 3617 1040 3690 προαιρουμένους
1085 3619 1233 3690 βιοῦν
1282 3621 1483 3685 καλῶς,
1524 3624 1583 3675 ot
1642 3623 1748 3695 μὴν

165 3711 271 3782 ήδη
299 3709 752 3782 κατωρθωκότας,
785 3709 898 3763 ἀλλ’
928 3710 1010 3764 ἔτι
1039 3713 1450 3786 ἁμαρτάνοντας
1486 3715 1602 3786 ἦτοι
1627 3719 1745 3770 κατ’

163 3801 396 3869 ἄγνοιαν
427 3801 519 3855 τοῦ
549 3801 809 3874 ἀκριϐοῦς
857 3804 984 3876 περὶ
1010 3803 1352 3878 δικαιοσύνης
1379 3807 1610 3877 ἀληθοῦς
1661 3809 1748 3864 λό-

165 3910 292 3961 γου,
327 3893 386 3964 ἥ,
427 3893 570 3947 κατὰ
605 3893 886 3949 ἀσθένειαν
925 3897 1242 3967 νικωμένων
1285 3898 1392 3953 τῶν
1438 3901 1741 3972 χριμάτων,

164 3984 281 4039 ἀπὸ
303 3984 404 4054 τῆς
433 3984 806 4057 ἐπιθυμούσης
854 3987 994 4040 κατά
1036 3987 1131 4042 τοῦ
1167 3990 1474 4062 πνεύματος
1519 3997 1738 4066 σαρκός.

166 4075 284 4130 Καὶ
309 4075 518 4139 τούτοις
541 4093 606 4146 γε
628 4076 920 4131 ἀκόλουθόν
949 4079 1066 4132 ἐστι
1104 4079 1197 4134 τὸν
1224 4081 1457 4147 Παῦλον,
1490 4084 1745 4139 αἰσθανό-

170 4182 332 4238 μενον
365 4164 582 4229 ὲαυτοῦ,
617 4165 814 4236 λέγειν,
844 4165 932 4220 διά
953 4167 1015 4220 τὸ
1037 4167 1137 4239 ήδη
1170 4170 1609 4243 κατωρθωκέναι,
1637 4173 1698 4226 τό
1724 4188 1741 4206 ο

177 4256 371 4327 Ἡμεῖς
410 4259 465 4311 οἱ
501 4255 732 4324 ζῶντες,
774 4261 828 4311 οἱ
859 4260 1334 4328 περιλειπόμενοι
1369 4261 1502 4333 (72).
1529 4263 1638 4328 Οὓς
1683 4264 1741 4318 δὲ

165 4350 470 4422 εἰρήκαμεν
495 4351 741 4420 νεκροὺς,
771 4343 916 4404 οὗτοι
953 4351 1186 4424 μάλιστα
1218 4353 1427 4408 δέονται
1466 4354 1565 4426 τῆς
1609 4356 1742 4410 ἀνα-

167 4440 432 4505 στάσεως,
461 4441 582 4494 οὑδὲ
610 4441 717 4494 τῶν
737 4441 952 4506 ζώντων
979 4444 1292 4516 δυναμένων
1325 4445 1644 4518 ἀρπαγῆναι
1679 4450 1739 4502 tv

162 4532 416 4602 νεφέλαις
445 4536 524 4596 είς
557 4533 859 4605 ἀπάντησιν
896 4535 990 4589 τοῦ
1042 4538 1248 4609 Κυρίου
1293 4540 1373 4602 εἰς
1403 4539 1562 4610 ἀέρα,
1606 4542 1736 4613 πρὶν

161 4623 382 4696 πρῶτον
413 4626 542 4688 τοὺς
567 4627 625 4680 tv
653 4627 868 4698 Χριστῷ
898 4629 1126 4699 νεκροὺς
1160 4629 1488 4700 ἀναστῆναι·
1522 4631 1602 4685 διὸ
1641 4633 1734 4701 γέ-

160 4731 435 4786 γραπται⁶
489 4718 555 4769 Ol
622 4718 823 4785 νεκροὶ
873 4718 944 4774 ἐν
994 4719 1230 4788 Χριστῷ
1286 4721 1737 4788 ἀναστήσονται

158 4804 416 4874 πρῶτον,
450 4805 657 4862 ἔπειτα
680 4809 853 4878 ’ἡμεῖς
879 4813 934 4863 οἱ
969 4808 1180 4877 ζῶντες
1205 4810 1338 4883 (75),
1367 4815 1459 4866 καὶ
1483 4814 1551 4868 τὰ
1584 4814 1730 4886 ἑξῆς.

171 4899 517 4970 Ἐπιστήσεις
545 4901 602 4954 δὲ
631 4904 680 4955 εί
713 4903 807 4957 καὶ
835 4903 924 4957 διά
947 4903 1044 4976 τὴν
1070 4905 1542 4977 ἀνθρωποκτονίαν
1568 4908 1732 4963 αὑτοῦ

156 4990 259 5044 οὐκ
284 4989 354 5044 ἂν
390 4994 662 5047 συστάντα
706 4995 776 5048 τὰ
807 4995 899 5048 ἐπὶ
927 4996 1028 5065 τῆς
1067 4995 1468 5070 ὲπικαταράτου
1516 5001 1638 5072 γῆς,
1673 5003 1732 5056 tv

155 5085 270 5146 τοῖς
307 5083 488 5155 ἔργοις
523 5085 616 5138 τοῦ
648 5087 1001 5159 ἐκϐληθέντος
1033 5089 1139 5142 ἀπὸ
1162 5089 1254 5143 τοῦ
1291 5092 1615 5162 παραδείσου
1635 5095 1733 5165 τῆς

154 5173 368 5244 τρυφῆς
414 5174 604 5246 Ἀδὰμ,
629 5177 879 5247 συνέστη.
908 5179 1055 5251 Πλὴν
1091 5181 1534 5253 ἀνθρωποκτόνος
1579 5180 1730 5249 οὗτος

151 5265 266 5319 ἀπὸ
301 5265 399 5336 τῆς
424 5265 536 5320 τῶν
565 5269 934 5340 ἐνεστηκότων
963 5271 1186 5340 γέγονεν
1213 5274 1386 5346 ἀρχῆς
1407 5292 1420 5307 ·
1455 5277 1624 5340 ὅστις,
1654 5273 1732 5330 οἶ-

156 5375 278 5429 μαι,
309 5361 599 5443 γενόμενος
643 5365 785 5436 ἀρχὴ
832 5365 1147 5437 πλάσματος
1191 5368 1421 5440 Κυρίου,
1467 5368 1730 5440 ἐφθόνησε

1849 1975 2064 2044 quidem
2100 1980 2341 2026 mortuos
2373 1986 2515 2036 esse,
2541 1969 2642 2024 sed
2675 1985 2781 2024 non
2827 1970 2882 2023 in
2913 1969 3042 2033 alio,
3073 1983 3432 2041 pneterqnam

1849 2067 1902 2121 in
1951 2065 2214 2127 Christo;
2243 2063 2336 2132 qui
2376 2064 2539 2118 etiam
2576 2065 2808 2132 primum
2863 2065 3227 2119 resurrecturi
3258 2074 3428 2128 sunt;

1850 2160 1915 2212 de
1939 2156 2133 2226 quibus
2165 2155 2218 2210 in
2251 2154 2488 2224 Epistula
2537 2155 2604 2208 ad
2651 2153 2968 2209 Corinthios
3008 2153 3087 2209 sic
3117 2157 3314 2210 dicitur
3337 2157 3385 2188 ⁷⁸
3414 2173 3432 2212 :

1849 2249 2063 2319 Clunget
2081 2250 2218 2302 enim
2243 2249 2390 2314 tuba,
2405 2256 2452 2301 et
2477 2247 2675 2300 mortui
2695 2256 2964 2316 resurgent
2982 2247 3432 2316 incorruptibiles,

1849 2352 1894 2393 et
1919 2357 2011 2393 nos
2043 2340 2464 2393 immutabimur.
2505 2336 2561 2391 In
2600 2337 2838 2405 Epistula
2869 2354 3002 2393 vero
3035 2343 3100 2393 ad
3139 2339 3436 2395 Thessalo-

1852 2431 2097 2485 nicenses
2112 2431 2158 2462 ⁷⁸
2182 2449 2199 2487 :
2220 2428 2331 2484 Hoc
2360 2431 2500 2484 enim
2522 2431 2666 2483 vobis
2688 2430 2915 2484 dicimus
2936 2431 2993 2485 in
3015 2430 3166 2484 verba
3195 2430 3434 2500 Domini,

1847 2525 1987 2590 quod
2017 2540 2109 2575 nos
2140 2523 2230 2592 qui
2263 2524 2510 2587 vivemus,
2543 2523 2634 2591 qui
2669 2523 2858 2592 reliqui
2887 2523 3082 2576 erimus
3121 2523 3175 2576 in
3203 2523 3433 2578 adventu

1851 2613 2088 2677 Domini,
2119 2629 2446 2683 nequaquam
2471 2614 2848 2680 praeveniemus
2874 2629 2960 2666 eos
2984 2613 3075 2682 qui
3118 2613 3386 2666 dormiunt
3411 2628 3434 2667 :

1849 2708 2100 2774 quoniam
2129 2706 2236 2772 ipse
2263 2704 2520 2756 Dominus
2549 2719 2667 2757 cum
2695 2705 2934 2767 hortatu,
2965 2712 3014 2758 et
3047 2719 3170 2757 voce
3200 2705 3432 2757 archan-

1850 2796 1976 2865 geli,
2004 2811 2066 2848 ac
2093 2797 2218 2847 tuba
2253 2795 2375 2860 Dei,
2417 2795 2695 2847 descendet
2735 2795 2800 2846 de
2851 2793 3004 2858 οιείο,
3048 2803 3097 2848 et
3143 2793 3338 2846 mortui
3376 2793 3433 2846 iu

1851 2887 2059 2942 Christo
2095 2897 2364 2955 resurgent
2409 2889 2658 2954 primum,
2705 2886 2892 2940 deinde
2930 2902 3022 2939 nos
3045 2885 3134 2956 qui
3177 2885 3430 2948 vivemus,

1849 2979 1940 3048 qui
1963 2979 2148 3048 reliqui
2173 2979 2392 3041 erimus,
2421 2976 2582 3030 simul
2618 2992 2736 3030 cum
2775 2977 2882 3030 illis
2908 2976 3174 3046 rapientur
3193 2976 3250 3028 in
3277 2974 3436 3027 nubi-

1852 3070 1968 3134 bus,
1995 3069 2350 3123 iii-occursum
2381 3067 2597 3122 Domini
2623 3070 2674 3121 in
2706 3084 2854 3135 aera,
2889 3079 2936 3122 et
2976 3071 3052 3122 sic
3092 3083 3293 3136 semper
3311 3081 3432 3120 cum

1854 3163 2077 3216 Domino
2099 3163 2320 3220 erimus.
2349 3161 2535 3230 itaque
2559 3161 2801 3216 arbitror
2825 3160 3094 3231 perfectos
3122 3168 3178 3216 et
3215 3161 3305 3230 qui
3338 3175 3433 3214 ne-

1853 3271 2124 3323 quaquam
2153 3255 2384 3324 amplius
2409 3265 2628 3325 peccata
2655 3253 3021 3320 committant,
3040 3252 3289 3307 viventes
3309 3265 3432 3306 esse

1851 3350 1903 3403 in
1936 3349 2202 3414 Christo;
2238 3359 2482 3404 mortuos
2525 3363 2660 3403 vero
2715 3348 2768 3401 in
2797 3345 3018 3401 Christo
3054 3359 3150 3400 eos
3181 3359 3305 3400 esse
3333 3345 3429 3416 qui

1848 3440 2024 3496 affecti
2050 3442 2266 3509 quidem
2297 3441 2406 3496 sint
2428 3440 2726 3497 secundum
2768 3453 2888 3494 eam
2921 3438 3078 3492 [idem
3113 3452 3233 3507 quae
3261 3438 3430 3500 εειεὶιι

1848 3533 2088 3598 Christo,
2124 3535 2332 3604 quique
2369 3533 2676 3589 deliberant
2705 3532 2907 3601 optime
2937 3536 3141 3596 vivere,
3176 3532 3318 3590 haud
3347 3539 3430 3585 ta-

1847 3639 1970 3678 men
2025 3624 2156 3678 illud
2214 3625 2448 3680 assecuti
2485 3624 2598 3694 jam
2659 3623 2880 3691 fuerint,
2926 3624 3020 3679 sed
3058 3623 3238 3678 adhuc
3265 3623 3426 3677 etiam

1847 3727 2108 3785 peccant;
2143 3717 2226 3770 vel
2261 3728 2480 3787 propter
2506 3718 2866 3786 ignorantiam
2907 3725 3176 3770 accuratas
3206 3725 3260 3770 et
3284 3729 3427 3770 vera:

1849 3811 2074 3866 rationis
2117 3813 2183 3866 de
2211 3811 2442 3880 jnstitia,
2480 3811 2561 3865 vel
2599 3821 2816 3881 prepter
2862 3811 3234 3864 infirmitatem
3277 3808 3425 3875 judi-

1845 3905 2052 3957 ciorutn
2093 3919 2218 3972 quae
2277 3905 2417 3958 victa
2466 3903 2683 3958 fuerunt
2718 3920 2747 3958 a
2789 3918 2956 3958 carne
3001 3901 3426 3970 Concupiscente

1844 3997 2104 4050 adversus
2135 3996 2408 4064 spiritum.
2448 3998 2523 4050 Ac
2547 3995 2793 4065 proiecto
2836 3997 2919 4051 his
2963 4008 3307 4064 consequens
3341 4003 3426 4047 est

1847 4087 2068 4141 Paulum
2106 4088 2432 4156 sibimetipsi
2479 4091 2756 4143 conscium
2780 4089 2893 4158 jam
2926 4087 3186 4158 praeclare
3213 4100 3273 4140 se
3301 4100 3425 4155 ges-

1841 4182 2000 4245 sisse,
2032 4181 2215 4235 dicere
2249 4181 2402 4248 illud,
2433 4198 2528 4235 nos
2549 4183 2640 4252 qui
2669 4183 2910 4248 vivimus,
2951 4182 3041 4252 qui
3079 4181 3266 4251 reliqui
3315 4179 3422 4232 eri-

1840 4286 1976 4325 mus.
2005 4271 2294 4336 Caeterum,
2330 4289 2466 4343 quos
2511 4274 2755 4330 diximus
2788 4285 3052 4340 mortuos,
3091 4275 3141 4328 lii
3187 4273 3424 4328 maxime

1841 4363 2082 4434 indigent
2137 4365 2564 4432 resurrectione,
2608 4382 2733 4422 cum
2787 4381 2857 4422 ne
2912 4367 3156 4421 viventes
3203 4367 3421 4435 quidem

1841 4455 1952 4524 rapi
1985 4456 2193 4524 possint
2223 4457 2275 4510 in
2307 4457 2542 4513 nubibus
2565 4459 2617 4513 in
2640 4474 2929 4514 occursum
2967 4459 3175 4513 Domini
3209 4458 3260 4511 in
3295 4473 3421 4512 aera

1839 4556 2128 4616 antequam
2180 4549 2412 4618 primum
2463 4557 2750 4621 resurgant
2802 4550 3001 4605 mortui
3051 4551 3103 4604 in
3151 4548 3418 4610 Christo;

1845 4639 2098 4707 quocirca
2132 4642 2394 4710 scriptum
2418 4651 2501 4697 est
2539 4659 2553 4697 :
2583 4642 2783 4696 Μονιαὶ
2810 4647 2862 4696 in
2897 4642 3106 4698 Christo
3151 4650 3420 4711 resurgens

1840 4735 2089 4801 primunt,
2121 4735 2308 4789 deinde
2330 4752 2422 4790 nos
2452 4740 2543 4808 qui
2569 4740 2824 4800 vivemus.
2854 4750 2908 4794 et
2936 4755 3058 4810 quae
3094 4749 3418 4807 sequuntur.

1841 4821 2100 4892 lnspicies
2149 4836 2329 4879 autem
2365 4825 2526 4898 343
2556 4844 2682 4881 num
2727 4832 2890 4884 etiam
2933 4838 3156 4901 propter
3190 4827 3418 4884 homici-

1842 4915 1988 4968 dium
2021 4931 2179 4970 suum
2209 4915 2470 4982 etl'ecerit,
2507 4927 2563 4972 ut
2607 4930 2794 4974 essent
2843 4936 2907 4975 ea
2941 4935 3062 4992 quae
3113 4936 3218 4975 non
3262 4925 3420 4973 erant

1840 5021 2004 5076 super
2051 5016 2255 5063 terram
2298 5011 2670 5077 ntaledictam,
2705 5023 2925 5083 pr0pter
2972 5030 3138 5085 opera
3193 5011 3348 5080 ejecti
3381 5025 3416 5064 τι

1839 5101 2092 5168 paradiso
2123 5101 2438 5157 deliciarum
2472 5107 2666 5159 Adam.
2693 5104 3079 5162 Verumtamen
3113 5106 3290 5161 factus
3314 5101 3419 5160 fuit

1838 5191 2105 5246 homicida
2152 5193 2242 5248 hic
2276 5194 2343 5248 ab
2390 5195 2546 5251 initio
2596 5213 2773 5252 rerum
2821 5198 3202 5251 assistentium
3239 5211 3254 5259 ;
3293 5193 3412 5263 qui,

1835 5283 2054 5350 opinor,
2095 5283 2272 5340 factus
2305 5287 2625 5356 principium
2657 5290 2896 5360 ﬁgmenti
2930 5288 3138 5342 Domini
3163 5287 3232 5350 ⁸⁸,
3267 5286 3413 5339 invi-

1836 5376 1912 5429 dit
1946 5378 2028 5432 his
2052 5393 2173 5448 quie
2199 5389 2378 5435 creata
2402 5379 2557 5436 fuere
2588 5391 2644 5437 ut.
2669 5393 2873 5442 essent.
2901 5383 2993 5438 Sic
3032 5380 3231 5435 invidia
3267 5394 3415 5433 mors

222 5495 268 5528 "
304 5494 465 5552 Rom.
501 5511 613 5564 ιιν,
647 5497 704 5554 9.
776 5499 823 5530 ⁷⁸
853 5497 1024 5555 lCor.
1051 5515 1142 5567 xv,
1173 5501 1263 5558 52.
1339 5503 1385 5536 τ’
1413 5502 1433 5558 l
1457 5503 1649 5560 Thess.
1685 5522 1717 5560 ιε

1902 5525 2000 5580 seq.
2085 5513 2130 5545 ⁸ο
2167 5511 2268 5569 Job
2293 5530 2382 5584 XL,
2412 5515 2500 5570 Μ.

219 5637 335 5719 (69)
365 5639 544 5719 Cede}
572 5641 914 5719 Bodleianns,
945 5645 1137 5718 τούτῳ.
1165 5646 1288 5719 Mox
1319 5651 1489 5705 codex
1525 5649 1724 5719 Regius

147 5709 598 5789 hahetsisuoﬁto
619 5713 874 5789 Χριστός,
902 5709 1113 5789 alisque
1141 5718 1271 5789 γάρ.

217 5780 333 5856 (19)
369 5784 451 5856 91‘)
479 5780 744 5856 συνέχει,
781 5785 834 5837 In
867 5780 1054 5840 codice
1084 5780 1253 5856 Regio
1282 5789 1433 5843 deest
1460 5791 1544 5845 οὐ.

217 5851 336 5923 (71)
377 5851 472 5906 Ἑν
510 5852 691 5923 λόγῳ.
725 5852 780 5908 In
813 5861 1000 5913 eodem
1029 5851 1215 5915 codiéc
1243 5859 1411 5931 Regio
1443 5864 1592 5919 deest
1633 5865 1710 5925 ὲν.

1902 5656 2014 5728 (ἹΞ)
2049 5661 2113 5713 Ol
2163 5662 2656 5731 περιλειπόμενοι.
2714 5660 2876 5716 Deest
2923 5661 2976 5716 in
3031 5659 3218 5717 codice
3259 5658 3402 5719 Bod-

1827 5725 2024 5869 ιωῖὲιὲί
2050 5802 2114 5854 οἱ
2143 5798 2372 5868 ζῶντες.
2406 5801 2565 5860 Deest
2587 5803 2638 5858 in
2663 5801 2848 5860 codice
2878 5803 3066 5876 Regio.
