3688 6146
300 334 404 391 ὅδε

1771 331 2090 388 ORIGENIS
3417 341 3492 396 636

301 452 542 508 introivit
589 453 640 506 iu
687 453 942 506 mundum
967 452 1054 516 3‘;
1093 465 1304 519 semper
1346 449 1595 505 homines
1645 451 1859 506 diabolo

1972 453 2070 512 toi;
2097 449 2388 503 κτισθεῖσιν
2413 450 2493 513 είς
2520 450 2580 502 τὸ
2605 444 2763 503 εἶναι.
2797 447 2949 504 Οὕτω
2971 448 3164 520 φθόνῳ
3183 447 3392 516 θάνατος
3411 457 3495 510 sla.

297 545 602 612 occidente,
646 546 696 598 in
745 546 944 615 quibus
990 547 1300 598 viventibus
1333 545 1499 597 vitam
1552 544 1862 608 invenerit,

297 639 469 692 donec
497 637 749 691 omnibus
783 636 1018 690 inimicis
1062 635 1252 704 positis
1282 636 1381 688 sub
1411 636 1572 703 pedes
1598 634 1715 690 Filii
1748 635 1864 701 Dei,

298 729 520 784 ultimus
545 729 720 784 hostis
751 727 869 798 ejus
900 744 1055 782 mors
1088 728 1391 783 abolebitur
1419 729 1485 783 θ’.

367 911 458 967 22.
479 912 770 968 Videamus
786 926 912 966 vero
929 911 1089 967 etiam
1109 913 1174 967 de
1189 913 1312 976 hoc,
1354 916 1410 964 et
1455 913 1507 966 in
1530 915 1744 968 veritate
1765 931 1867 970 non

298 1005 436 1058 stetit
461 1003 528 1057 ⁸³.
563 1004 736 1071 Atque
765 1003 942 1058 omnis
974 1004 1186 1071 quidem
1217 1005 1449 1058 acsolus
1483 1005 1570 1059 ille
1598 1007 1688 1074 qui
1723 1016 1865 1062 recta

301 1097 534 1150 ﬁrmiter
565 1095 730 1150 habet
771 1095 1044 1164 dogmata,
1072 1104 1129 1149 et
1174 1109 1393 1165 pr0pter
1430 1097 1740 1152 firmitatem
1773 1100 1868 1154 do-

302 1195 540 1255 gntatttm
575 1193 834 1253 perpetuo
861 1185 1159 1238 constantis
1188 1194 1270 1240 est
1289 1188 1590 1251 sententiae,
1622 1189 1766 1244 nullo
1788 1192 1870 1244 in-

302 1277 563 1339 fortunio.
586 1276 734 1330 nullo
757 1276 1021 1344 corporali
1055 1285 1314 1344 praetextu
1341 1292 1661 1344 concussus,
1697 1281 1742 1333 is
1763 1291 1871 1335 ste-

302 1368 368 1420 tit
395 1367 448 1421 in
503 1369 767 1434 veritate;
798 1368 888 1437 qui
936 1383 1068 1423 vero
1115 1369 1408 1423 etiamnum
1439 1373 1673 1440 appetitu
1705 1375 1871 1427 vehe—

299 1460 565 1514 mentiore
600 1474 778 1513 rerum
807 1472 1181 1522 venerearum,
1207 1458 1288 1513 vel
1320 1461 1686 1530 qualicunque
1711 1464 1869 1531 culpa

301 1552 632 1614 concutitur,
673 1550 745 1603 ita
780 1558 839 1603 ut
875 1549 1266 1618 aliquantulum
1293 1551 1640 1607 dimoveatur
1677 1555 1745 1609 ab
1777 1555 1872 1609 ho-

300 1655 476 1708 nesto,
501 1644 546 1697 is
568 1643 758 1697 merito
788 1657 892 1696 non
926 1643 1141 1696 stetisse
1165 1644 1507 1699 existimetur
1528 1646 1583 1699 in
1615 1647 1865 1700 veritate.

1965 542 2126 613 ἦλθεν
2155 545 2235 606 εἰς
2271 543 2364 596 τὸν
2387 543 2610 614 κόσμον,
2641 545 2728 597 ἀεὶ
2759 545 2817 596 ὲν
2850 540 2930 607 οἷς
2957 543 3058 597 ἐὰν
3086 542 3232 615 εὕρῃ
3264 545 3409 607 ζῶσιν
3432 551 3498 602 ἀν-

1966 633 2490 706 θρωποκτόνοῠντος,
2533 635 2637 698 ἕως
2663 633 2729 687 ἂν
2756 634 2970 688 πάντων
3001 633 3122 687 τῶν
3158 633 3360 706 ἐχθρῶν
3400 636 3499 691 oae-

1965 725 2228 778 τεθέντων
2258 728 2368 789 τοῖς
2391 727 2517 778 ποσὶ
2541 724 2632 778 τοῦ
2651 723 2781 778 Υίοῦ
2795 724 2888 777 τοῦ
2911 724 3072 791 Θεοῦ,
3106 723 3335 794 ἔσχατος
3357 726 3502 795 ἐχθρδς

1967 818 2152 882 αὐτοῦ,
2187 817 2414 880 Θάνατος
2445 818 2784 889 καταργηθῇ.

2035 911 2126 966 22.
2164 910 2392 982 Ἴδωμεν
2414 910 2472 962 δὲ
2509 911 2754 980 καὶπερὶ
2787 908 2911 962 τοῦο
2935 908 3046 963 Καὶ
3075 908 3152 961 ἐν
3197 905 3274 975 τῇ
3305 907 3508 974 ἀληθείᾳ

1966 1003 2079 1071 οὺχ
2105 1000 2345 1069 ἕστηκε.
2371 1002 2487 1064 Πᾶς
2520 1000 2620 1072 μὲν
2649 1001 2742 1054 καὶ
2773 1001 2931 1071 μόνος
2962 1002 2991 1053 ὁ
3012 988 3150 1068 ὑγιῆ
3186 997 3298 1067 (³74)
3322 997 3508 1066 βεόσίως

1967 1091 2103 1161 ἔχων
2129 1091 2391 1162 δόγματα,
2414 1091 2508 1144 καὶ
2539 1090 2626 1144 διὰ
2640 1091 2738 1161 τὴν
2765 1089 3090 1160 βεϐαιότητα
3124 1086 3242 1139 τῶν
3272 1087 3515 1154 δογμάτων

1967 1183 2213 1245 ἄσειστος
2233 1185 2344 1246 τοῖς
2371 1182 2604 1254 κρίμασι
2630 1179 2911 1250 τυγχάνων
2945 1180 3002 1232 ὲν
3027 1178 3207 1231 παντὶ
3235 1178 3419 1247 καιρῷ,
3443 1181 3512 1230 καί

1970 1275 2075 1328 ὑπὸ
2109 1274 2376 1345 μηδεμιᾶς
2400 1273 2791 1344 περιστάσεως,
2825 1271 2859 1342 ἡ
2889 1287 3030 1333 τινος
3058 1269 3386 1339 σωματικῆς
3409 1286 3511 1339 προ-

1970 1366 2205 1435 φάσεως,
2257 1363 2420 1418 οίονεὶ
2471 1363 2564 1416 δύο
2610 1363 2890 1433 ὑπομένει,
2946 1360 3052 1414 τῶν
3099 1360 3288 1412 πόνων
3333 1358 3449 1429 (75),
3488 1360 3514 1431 ἦ

1971 1454 2332 1526 σφοδροτέρας
2384 1452 2616 1524 ὀρέξεως
2664 1451 3071 1522 ὰφροδισίων,ῆ
3105 1450 3305 1512 ὁποίας

1969 1546 2147 1609 αἰτίας
2176 1545 2550 1616 σαλευόμενος,
2581 1543 2706 1597 ὥστ’
2736 1542 2802 1597 ἂν
2830 1543 2923 1595 καὶ
2949 1543 3040 1595 ἐπὶ
3068 1541 3248 1594 ποσὸν
3273 1556 3516 1611 μετακινη-

1971 1637 2130 1709 θῆναι
2155 1639 2263 1692 ἀπὸ
2286 1637 2379 1691 τοῦ
2419 1636 2608 1701 καλοῦ,
2653 1635 2892 1704 εὐλόγως
2935 1634 3002 1688 ἂν
3054 1633 3354 1704 ἐπηκέναι
3389 1635 3439 1684 ἐν
3463 1637 3515 1703 τῇ

301 1736 406 1788 Sed
439 1736 551 1789 haec
582 1736 757 1788 oratio
779 1735 1060 1803 perveniat
1086 1737 1152 1789 ad
1181 1751 1274 1791 eas
1306 1738 1468 1792 etiam
1509 1751 1730 1794 naturas
1752 1756 1863 1809 qua!

1972 1733 2199 1804 ἀληθείᾳ
2234 1731 2525 1804 νομίζοιτο.
2563 1723 2731 1794 Οὗτος
2777 1730 2832 1783 δὲ
2873 1731 2902 1782 ὁ
2947 1728 3108 1796 λόγος
3161 1726 3406 1798 φθανὲτω
3445 1728 3516 1779 καὶ

299 1836 422 1880 sunt
449 1836 600 1879 extra
646 1842 860 1882 carnem
903 1839 959 1884 et
1005 1830 1355 1898 sanguinem;
1388 1837 1472 1882 est
1518 1831 1662 1883 enim
1707 1831 1863 1886 etiam

1972 1829 2063 1882 ἐπὶ
2093 1828 2192 1891 τὰς
2251 1826 2355 1892 ἔξω
2403 1825 2604 1898 σαρκὸς
2649 1825 2742 1878 καὶ
2769 1824 2996 1894 αἵματος
3025 1822 3260 1891 φύσεις’
3295 1820 3404 1872 ἔστι
3430 1820 3515 1889 γὰρ

300 1917 352 1969 in
387 1915 598 1970 illarum
629 1916 733 1969 vita
761 1918 1067 1972 necessario
1104 1919 1414 1986 dicendum,
1453 1935 1548 1975 eas
1576 1936 1700 1990 quae
1727 1938 1866 1991 prte-

299 2009 442 2062 rlare
473 2024 530 2063 se
576 2009 863 2076 gesserint,
903 2021 1050 2066 stare
1082 2011 1134 2064 in
1171 2011 1438 2076 veritate;
1485 2011 1571 2066 sin
1607 2027 1736 2067 vero
1769 2014 1870 2067 ali-

298 2101 420 2166 quis
443 2101 583 2155 [tunc
609 2102 660 2154 in
695 2101 908 2155 modum
955 2116 1060 2154 non
1107 2100 1324 2163 vixerit,
1359 2101 1406 2155 is
1439 2117 1544 2156 non
1602 2104 1756 2158 stetit
1805 2105 1861 2158 in

299 2189 546 2242 veritate.
601 2187 704 2242 Sed
741 2189 974 2243 observo
1017 2203 1082 2241 ne
1131 2189 1272 2244 forte
1313 2205 1478 2244 unutn
1531 2192 1786 2260 quiddam
1816 2204 1871 2248 et

299 2276 567 2332 uniforme
583 2277 675 2342 sit,
694 2287 841 2332 stare
872 2277 924 2332 in
949 2279 1211 2344 veritate;
1240 2280 1452 2334 varium
1481 2296 1610 2336 vero
1643 2297 1707 2337 ac
1734 2285 1869 2338 mul-

301 2369 488 2436 tiplex,
528 2384 634 2424 non
680 2379 826 2424 stare
861 2370 916 2424 i'n
962 2385 1061 2436 ea;
1097 2370 1420 2440 quibusdam
1459 2376 1782 2430 conantibus
1816 2377 1867 2430 in

297 2477 361 2515 ea
396 2470 542 2516 stare
564 2501 579 2527 ,
611 2462 704 2516 sed
742 2462 794 2516 id
837 2464 1051 2531 assequi
1097 2478 1204 2517 non
1240 2463 1570 2532 valentibus,
1603 2465 1746 2536 quod
1784 2484 1871 2538 pe-

295 2553 391 2606 des
439 2553 673 2607 habeant
714 2554 1132 2620 tremebundos,
1173 2563 1230 2607 ut
1265 2554 1341 2608 ita
1372 2556 1568 2623 dicam,
1604 2566 1660 2612 et
1699 2560 1868 2614 vacil-

297 2646 507 2711 lantes;
545 2647 665 2702 aliis
709 2663 858 2712 vero,
925 2647 1140 2702 etiamsi
1189 2648 1291 2702 hoe
1329 2650 1487 2704 modo
1537 2648 1712 2704 aﬂ'ecti
1759 2667 1865 2705 non

295 2737 516 2802 fuerint,
565 2740 618 2792 in
652 2740 887 2808 periculo
921 2749 1098 2796 tamen
1133 2743 1456 2808 constitutis,
1489 2756 1554 2797 ne
1581 2743 1718 2796 idem
1763 2744 1865 2798 sibi

295 2831 573 2900 contingat
603 2848 618 2898 ;
655 2833 828 2901 qualis
869 2842 989 2887 erat
1026 2833 1116 2904 qui
1152 2833 1284 2888 dicit
1315 2851 1330 2890 :
1360 2833 1466 2887 Mei
1522 2843 1693 2888 autent
1738 2851 1870 2903 pene

293 2921 559 2974 motisunt
584 2924 736 2990 pedes
763 2922 847 2988 ⁸⁶;
881 2939 1202 2992 rursumque
1247 2925 1414 2978 etiam
1449 2924 1593 2984 aliis.
1620 2926 1674 2978 in
1710 2936 1863 2994 petra

297 3008 621 3078 labentibus,
651 3013 715 3066 de
740 3013 936 3081 quibus
961 3014 1066 3067 diei
1089 3015 1281 3081 opinor
1305 3015 1349 3046 ⁸⁵
1383 3030 1398 3067 :
1432 3013 1638 3078 Omnis,
1662 3016 1752 3085 qui
1783 3032 1866 3068 ce-

295 3099 479 3152 riderit
505 3117 663 3169 super
681 3115 881 3169 petram
929 3104 1080 3170 hanc,
1101 3116 1415 3161 conteretur.
1457 3107 1536 3160 Ad
1581 3107 1683 3161 hoc
1715 3117 1863 3162 stare

296 3189 350 3242 in
375 3191 597 3244 veritate
631 3192 888 3248 Dominus
911 3196 1206 3252 adhortans
1231 3197 1586 3264 Mosen,dixit
1606 3197 1672 3251 ad
1703 3212 1859 3253 eum:

298 3279 431 3334 Ecce
463 3282 608 3337 locus
633 3286 772 3351 apud
797 3303 900 3352 me,
928 3297 975 3340 et
1016 3289 1178 3342 stabis
1204 3306 1361 3358 super
1384 3299 1586 3357 petram
1614 3291 1660 3322 ⁸⁸
1683 3310 1701 3355 ;
1736 3306 1859 3344 nam

297 3373 340 3424 si
388 3382 535 3440 petra
572 3375 821 3431 Christus
865 3389 983 3434 erat
1009 3380 1076 3445 ⁸⁷,
1103 3381 1464 3452 Christusque
1499 3382 1672 3452 inquit
1705 3402 1719 3437 :
1748 3383 1860 3454 Ego

296 3479 410 3516 sum
440 3467 632 3520 veritas
645 3467 709 3532 ⁸⁸,
731 3469 980 3526 fortassis
1010 3473 1114 3528 hoc
1135 3475 1364 3540 dictum,
1395 3476 1557 3530 stabis
1581 3493 1739 3544 super
1768 3494 1862 3547 pe-

297 3567 458 3621 tram,
485 3558 622 3613 idem
649 3571 734 3615 est
761 3573 922 3632 atque
969 3565 1101 3620 hoc:
1125 3566 1307 3620 Stabis
1339 3583 1501 3636 supra
1545 3569 1860 3636 veritatem;

300 3647 351 3698 id
404 3650 548 3716 quod
585 3651 673 3704 vix
730 3665 852 3721 post
882 3655 1050 3708 multa
1099 3656 1314 3710 tandem
1368 3657 1634 3726 contingit
1679 3659 1860 3713 alicui.

302 3738 455 3792 Unde
489 3742 553 3794 ad
584 3742 634 3796 id
665 3745 828 3799 etiam
858 3762 1026 3815 usque
1077 3751 1358 3818 temporis,
1392 3765 1498 3818 quo
1541 3752 1682 3805 dicta
1716 3751 1865 3805 fuere

299 3828 416 3883 haec
451 3833 609 3885 verba
646 3831 776 3886 Mosi
807 3851 821 3888 :
853 3834 989 3889 Ecce
1018 3837 1163 3890 locus
1203 3839 1344 3907 apud
1381 3855 1460 3892 me
1498 3849 1599 3905 est,
1623 3851 1668 3894 et
1701 3843 1865 3896 stabis

296 3933 456 3983 super
478 3931 700 3988 petram,
717 3922 890 3980 Moses
915 3941 1019 3979 non
1043 3936 1266 3982 steterat
1289 3944 1450 3998 super
1468 3932 1865 3998 petram.Quod

301 4007 345 4058 si
367 4007 485 4074 quis
507 4009 820 4077 diligentius
847 4014 1142 4083 inspexerit
1161 4027 1410 4072 naturam
1436 4019 1725 4076 humanam
1760 4039 1864 4078 non

302 4097 465 4152 facile
497 4101 762 4156 valentem
789 4117 848 4158 se
887 4106 1150 4162 mundare
1177 4122 1205 4160 a
1235 4107 1398 4181 344,
1431 4111 1578 4166 falsis
1606 4113 1869 4182 dogmati-

303 4189 426 4254 hus,
462 4191 508 4245 is
538 4195 754 4250 visurus
783 4206 866 4250 est
899 4200 1344 4265 quemadmodum
1375 4204 1552 4259 omnis
1592 4205 1754 4260 homo
1784 4214 1868 4261 est

305 4281 535 4336 mendax
561 4282 630 4349 ⁸⁸,
667 4285 737 4337 ita
776 4287 942 4341 etiam
974 4289 1178 4343 nullum
1210 4291 1482 4348 hominem
1511 4304 1660 4350 stare
1695 4297 1746 4351 in
1775 4311 1869 4350 ve-

304 4370 496 4438 ritate;
530 4389 651 4427 nam
686 4376 728 4430 si
756 4377 950 4447 aliquis
983 4395 1086 4435 non
1112 4389 1196 4435 est
1224 4383 1452 4453 amplius
1484 4386 1736 4450 mendax,
1773 4397 1865 4440 aut

1968 1921 2062 1975 καὶ
2089 1923 2146 1973 ὲν
2165 1921 2232 1991 τῇ
2261 1918 2485 1974 ἐκείνων
2517 1917 2630 1988 ζωῇ
2663 1915 2732 1969 τὰ
2759 1913 3138 1987 κατορθοῦντα
3172 1912 3448 1984 ἕστηκεναι
3471 1913 3516 1962 ἐν

1965 2015 2031 2084 τῇ
2062 2010 2286 2083 ἀληθείᾳ
2317 2010 2542 2072 δεόντως
2569 2008 2746 2077 λέγειν
2766 2024 2780 2038 ·
2819 2008 2868 2060 εί
2889 2004 2946 2058 δέ
2971 2022 3054 2068 τις
3093 2005 3174 2076 μὴ
3207 2003 3374 2066 οὕτως
3416 2001 3512 2070 βιοῖ,

1967 2105 2064 2174 οὐχ
2097 2103 2325 2174 ἕστηκεν
2383 2103 2441 2154 ὲν
2469 2103 2534 2172 τῇ
2567 2100 2812 2171 ἀληθείᾳ.
2853 2098 2989 2151 Ἀλλ’
3037 2097 3314 2167 ἐφίστημι
3343 2096 3514 2165 μήποτε

1967 2196 2025 2248 ἒν
2061 2195 2160 2265 μέν
2181 2212 2234 2247 τι
2257 2195 2350 2247 καί¹
2381 2193 2651 2264 μονοειδές
2684 2194 2798 2245 ἐστι
2827 2191 2887 2243 τὸ
2913 2190 3213 2260 ἑστηκέναι
3237 2190 3297 2240 ὲν
3323 2190 3384 2257 τῇ
3410 2187 3513 2255 ἀλη-

1969 2280 2090 2353 θείᾳ
2108 2299 2123 2315 ο
2159 2281 2402 2334 ποικίλον
2415 2281 2472 2333 δέ
2492 2297 2543 2332 τι
2570 2282 2662 2334 καὶ
2684 2279 3021 2351 πολύτροπον
3049 2280 3113 2332 τὺ
3150 2279 3232 2350 μὴ
3263 2276 3514 2346 ὲστηκέναι

1970 2375 2027 2426 ἐν
2050 2373 2208 2443 αὐτῇ,
2241 2372 2403 2424 τινῶν
2435 2371 2534 2442 μὲν
2566 2371 2915 2443 τρεμούσαις,
2961 2371 3026 2424 ἵν’
3054 2369 3238 2434 οὕτως
3276 2369 3510 2436 ὀνομάσω.

1968 2468 2084 2529 ταῖς
2123 2465 2327 2535 βάσεσι,
2356 2467 2448 2518 καὶ
2492 2465 2797 2534 σειομέναις
2831 2463 3170 2534 βιαζομένων
3223 2461 3432 2514 ἑστάναι
3469 2461 3513 2510 ἐν

1970 2558 2128 2628 αὐτῇ,
2159 2557 2253 2610 καὶ
2287 2557 2512 2628 μηδέπω
2548 2556 2704 2608 τοῦτο
2750 2556 3009 2626 ἐχόντων·
3061 2555 3270 2625 ἐτέρων
3294 2553 3348 2603 δὲ
3386 2549 3510 2602 τοῦτο

1974 2649 2072 2718 μὲν
2103 2650 2163 2701 οὐ
2198 2648 2650 2714 πεπονθότων,ηὲν
2672 2647 2900 2718 κινδύνῳ
2937 2647 2993 2701 δὲ
3023 2647 3118 2700 τοῦ
3155 2649 3216 2699 ὲν
3244 2645 3410 2712 τούτῳ
3441 2659 3512 2710 γε·

1971 2740 2153 2792 νέσθαι
2182 2739 2610 2810 καθεστηκότων,
2661 2739 2842 2801 ὁποῖός
2872 2740 3019 2790 ἐστιν
3052 2740 3080 2790 ὁ
3105 2736 3285 2805 λέγων
3305 2751 3318 2764 °
3361 2731 3508 2801 ’Epm"

1969 2832 2036 2884 δὲ
2059 2833 2217 2901 παρὰ
2241 2832 2457 2902 μικρὸν
2483 2831 2902 2898 ἑσαλεύθησαν
2923 2832 2976 2883 oi
3006 2829 3216 2894 πόδες,
3253 2828 3343 2880 καὶ
3367 2825 3509 2878 ἄλλων

1970 2927 2064 2979 καὶ
2093 2925 2454 2978 πεπτωκότων
2479 2925 2535 2976 ἐν
2557 2925 2714 2994 αὐτῇ,
2749 2925 2876 2994 περὶ
2903 2916 2977 2975 ὧν
3000 2919 3155 2992 οἶμαι
3177 2918 3417 2988 λέγεσθαι
3441 2928 3502 2969 τω

1970 3015 2093 3082 Πᾶς
2118 3019 2150 3069 ὁ
2181 3015 2385 3068 πεσὼν
2411 3015 2510 3068 ἐπὶ
2537 3014 2642 3068 τὸν
2671 3015 2850 3068 λίθον
2899 3013 3115 3066 τοῦτον⁴
3147 3006 3504 3072 συνθλασθή-

1969 3123 2156 3160 σεται.
2200 3107 2320 3158 Ἐπὶ
2353 3104 2508 3158 τοῦτο
2529 3106 2590 3158 τὸ
2620 3104 2839 3158 ἑστάναι
2861 3105 2918 3156 ὲν
2950 3106 3016 3174 τῇ
3055 3101 3287 3174 ἀληθείᾳ
3310 3098 3504 3170 προτρέ-

1967 3213 2084 3249 πων
2104 3196 2131 3248 ὁ
2152 3194 2351 3265 Κύριος
2381 3196 2603 3258 Μωσέα,
2627 3191 2747 3247 εἶπε
2772 3195 2906 3266 πρὸς
2935 3193 3096 3246 αὐτόν
3122 3211 3137 3223 ·
3179 3191 3319 3246 Ἰδοὺ
3355 3189 3504 3251 τέλος

1965 3291 2102 3357 παρ’
2127 3288 2277 3358 ἐμοὶ,
2326 3288 2421 3342 καὶ
2457 3287 2658 3356 στήσῃ
2703 3285 2802 3338 ἐπὶ
2833 3284 2939 3354 τῆς
2978 3285 3231 3353 πέτρας’
3273 3284 3319 3334 εί
3357 3279 3498 3348 γὰρὴ

1967 3382 2140 3453 πέτρα
2172 3380 2402 3451 Χριστὸς
2430 3376 2517 3450 ἦν,
2550 3378 2780 3452 Χριστὸς
2811 3378 2867 3431 δὲ
2900 3379 3091 3448 φησίνο
3144 3374 3292 3444 Ἐγώ
3327 3376 3429 3442 ειμι
3469 3369 3499 3436 ii

1965 3471 2230 3539 ἀλήθεια,
2262 3472 2471 3542 μήποτε
2503 3469 2584 3536 τὸ,
2613 3469 2816 3538 Στήσῃ
2845 3469 2943 3522 ἐπὶ
2993 3469 3102 3538 τῆς
3140 3470 3373 3535 πέτρας,
3408 3466 3496 3516 ἴσον

1965 3561 2183 3615 δύναται
2210 3561 2307 3631 τῷ,
2333 3562 2513 3632 Στήσῃ
2542 3561 2637 3612 ἐπὶ
2661 3559 2759 3630 τῆς
2796 3559 3068 3629 ἀληθείας.
3099 3561 3277 3627 Μόγις
3313 3556 3366 3609 δέ
3393 3569 3496 3606 ποτε

1966 3648 2122 3701 τοῦτο
2149 3648 2244 3701 καὶ
2297 3648 2432 3718 μετά
2478 3647 2647 3701 πολλά
2692 3646 2999 3715 ὲγγίγνεταί
3025 3665 3150 3702 τινι.
3197 3647 3366 3716 Μέχρι
3391 3641 3494 3712 γοῦν

1966 3740 2092 3793 τοῦ·
2147 3739 2293 3794 Ἰδοὺ
2335 3742 2518 3806 τόπος
2545 3739 2678 3807 παρ’
2708 3739 2858 3806 ἐμοὶ,
2901 3738 3000 3791 καί
3032 3738 3236 3806 στήσῃ
3276 3735 3369 3790 ἐπὶ
3410 3729 3496 3799 τῆς

1969 3829 2208 3898 πέτρας,
2230 3829 2434 3899 Μωσῆς
2456 3829 2664 3882 οὐδέπω
2683 3829 2903 3899 ἑστήκει
2930 3829 3022 3881 ἐπὶ
3048 3829 3147 3898 τῆς
3177 3829 3391 3898 πέτρας.
3406 3822 3490 3875 Καὶ

1969 3921 2022 3972 ετ
2044 3918 2129 3984 τίς
2159 3937 2222 3988 γε
2249 3919 2666 3990 ἐπιμελέστερον
2699 3918 2859 3971 ἐνίδοι
2902 3921 2967 3989 τῇ
3003 3918 3313 3989 ἀνθρωπίνῃ
3345 3915 3492 3983 φύσει,

1969 4015 2068 4066 οὐκ
2102 4012 2340 4084 εὐχερῶς
2367 4011 2478 4082 (76)
2509 4011 2780 4084 δυναμένῃ
2829 4010 3153 4082 καθαρεύειν
3185 4011 3291 4065 ἀπὸ
3318 4002 3492 4077 ψευδῶν

1968 4106 2272 4176 δογμάτων,
2310 4104 2518 4174 ὄψεται,
2565 4106 2669 4166 ὅτι,
2698 4103 2885 4175 ὥσπερ
2933 4106 3040 4167 πᾶς
3077 4104 3353 4176 ἄνθρωπος
3385 4097 3489 4168 ψεύ-

1973 4214 2122 4268 στης,
2154 4196 2326 4259 οὕτως
2351 4198 2458 4258 πᾶς
2488 4196 2771 4267 ἄνθρωπος
2801 4197 2898 4267 οὐχ
2956 4197 3186 4266 ἕστηκεν
3220 4199 3275 4249 ἐν
3301 4196 3360 4263 τῇ
3384 4190 3488 4257 ἀλη-

1971 4283 2120 4357 θείᾳ·
2150 4286 2198 4336 εί
2230 4283 2336 4355 γάρ
2369 4301 2452 4348 τις
2481 4286 2626 4337 ἐστὶν
2662 4285 2724 4336 οὐ
2755 4285 2992 4355 ψεύστης
3025 4286 3136 4355 (77)
3165 4285 3267 4349 ἔτι,
3306 4282 3335 4352 ἦ
3361 4280 3490 4345 ἕστη-

1971 4390 2065 4425 κεν
2091 4373 2149 4425 ὲν
2178 4375 2242 4443 τῇ
2266 4372 2512 4443 ἀληθείᾳ,
2550 4376 2579 4427 ὁ
2611 4374 2847 4438 τοιοῦτος
2885 4377 2982 4429 οὐκ
3014 4376 3160 4429 ἔστιν
3207 4375 3484 4444 ἄνθρωπος’

304 4470 412 4516 stat
450 4463 500 4516 in
526 4465 770 4532 veritate,
804 4467 1106 4536 hujusmodi
1136 4487 1269 4526 sane
1300 4489 1403 4526 non
1435 4484 1512 4529 est
1550 4475 1740 4539 homo;
1779 4476 1863 4526 ad-

1972 4461 2097 4514 ὥστ’
2118 4462 2183 4514 ἂν
2213 4464 2384 4517 εἰπεῖν
2410 4463 2681 4533 αὐτῷ,καὶ
2707 4468 2819 4529 τοῖς
2845 4467 3049 4536 ὁμοίοις
3080 4467 3228 4538 αὐτῴ
3247 4467 3330 4520 τὸν
3353 4461 3484 4515 Θεόν⁶

300 4565 366 4604 eo
397 4559 457 4604 ut
484 4551 625 4607 Deus
660 4555 731 4609 illi
763 4559 952 4626 suique
968 4558 1237 4614 similibus
1277 4558 1581 4630 dicat:Ego
1602 4560 1749 4614 dixi:
1772 4559 1861 4614 Dii

299 4646 424 4695 estis
450 4644 620 4713 et/ilii
661 4645 863 4701 Eacelsi
901 4665 1075 4703 omnes
1098 4651 1144 4682 9°
1179 4666 1194 4713 ;
1237 4666 1335 4706 nec
1372 4654 1500 4708 illud
1538 4655 1603 4708 de
1634 4669 1698 4709 eo
1739 4656 1867 4709 sub-

297 4733 592 4801 jungetur:
637 4735 734 4790 Vos
780 4750 952 4792 autem
1001 4743 1134 4794 sicut
1171 4743 1405 4798 homines
1457 4745 1753 4799 moriemini
1798 4747 1864 4802 “.

301 4823 453 4888 Quod
481 4828 524 4879 si
559 4827 722 4894 igitur
773 4831 1056 4899 quisquam
1091 4834 1254 4887 etiam
1286 4836 1425 4890 alius
1471 4851 1576 4891 non
1625 4839 1778 4892 stetit
1811 4839 1862 4892 in

303 4917 553 4980 veritate,
591 4917 832 4986 profecto
858 4921 902 4975 is
933 4923 1032 4976 fuit
1069 4925 1336 4992 diabolus,
1365 4927 1457 4996 qui
1485 4927 1553 4981 ab
1576 4929 1729 4983 initio
1761 4930 1865 4985 fuit

301 5005 612 5071 homicida;
643 5018 698 5064 et
730 5024 890 5066 causa
934 5029 1064 5069 sane
1101 5031 1201 5072 cur
1251 5021 1363 5088 ipse
1406 5035 1511 5074 non
1563 5023 1776 5077 steterit
1808 5023 1860 5077 in

303 5102 544 5166 veritate,
573 5102 718 5157 dicta
745 5113 828 5158 est
866 5105 1007 5161 hunc
1036 5109 1089 5161 in
1122 5110 1334 5164 modum
1365 5127 1380 5166 :
1408 5112 1535 5180 quia
1569 5115 1761 5169 veritas
1801 5119 1857 5171 in

1980 4554 2126 4624 Ἐγὼ
2153 4551 2312 4608 εἶπα·
2337 4557 2467 4612 Θεοί
2495 4558 2653 4626 ἐστε,
2691 4561 2789 4613 καὶ
2809 4561 2925 4614 υἱοὶ
2965 4562 3246 4630 Ὑψίστου
3281 4559 3482 4618 πάντες,

1964 4647 2063 4700 οὐκ
2101 4647 2598 4720 ὲπενεχθησομένου
2631 4652 2778 4722 αὐτῷ
2818 4653 2940 4706 τοῦ·
2986 4654 3169 4723 Ὑμεῖς
3207 4655 3274 4709 δὲ
3312 4650 3378 4719 δὴ
3423 4647 3485 4709 ὡς

1966 4737 2261 4807 ἅνθρωποι
2296 4741 2729 4806 ἁποθνήσκετε.
2760 4744 2827 4796 Εἴ
2852 4762 2935 4808 τις
2981 4741 3074 4798 οὖν
3106 4748 3200 4799 καὶ
3237 4745 3378 4804 ἄλλος
3406 4737 3480 4805 οὐκ

1965 4829 2195 4901 ἕστηκεν
2221 4833 2279 4886 ὲν
2310 4834 2375 4902 τῇ
2404 4832 2649 4904 ἀληθείᾳ,
2677 4835 2832 4905 δῆλον
2877 4837 2958 4889 ὅτι
2992 4837 3085 4890 καὶ
3134 4840 3162 4890 ὁ
3203 4832 3417 4890 διάὂολος
3459 4825 3481 4875 δ

1972 4925 2066 4978 ἀπ’
2094 4926 2266 4996 ἀρχῆς
2305 4925 2750 4995 ἀνθρωποκτόνος
2769 4945 2782 4959 ο
2826 4929 2918 4982 καὶ
2969 4931 3002 4999 ἡ
3051 4929 3199 4982 αἰτία
3227 4947 3287 4997 γε
3316 4921 3394 4978 τοῦ
3421 4915 3477 4988 μὴ

1970 5017 2252 5086 ἐστηκέναι
2277 5016 2435 5070 αὐτὸν
2466 5019 2524 5070 ὲν
2545 5019 2767 5090 ἀληθείᾳ
2793 5019 2979 5074 τοῦτον
3022 5020 3234 5091 εἴρηται
3269 5017 3348 5068 τὸν
3384 5005 3477 5078 τρό-

1964 5129 2092 5166 πον’
2131 5115 2250 5167 Ὅτι
2290 5115 2401 5167 οὐκ
2432 5114 2605 5167 ἔστιν
2637 5114 2886 5180 ἀλήθεια
2911 5117 2981 5169 ἐν
3006 5113 3184 5179 αὐτῷ.
3231 5111 3319 5165 Διὰ
3355 5102 3476 5158 τοῦτο

368 5217 411 5248 ⁸¹
447 5215 660 5293 Sap._u,
694 5217 789 5293 2}.
827 5220 906 5293 _"
938 5220 956 5273 Ι
989 5222 1114 5277 Cor.
1130 5238 1220 5285 xv,
1248 5223 1340 5278 25.
1416 5225 1463 5257 ⁸²
1485 5223 1642 5283 Joan.
1689 5244 1810 5293 vui,

2029 5230 2080 5262 ⁸⁸
2098 5230 2234 5286 Psal.
2285 5245 2458 5293 ωιτη,
2481 5231 2538 5286 2.

2636 5231 2682 5263 ει
2711 5233 2898 5287 Matth.
2959 5251 3071 5296 xxu,
3121 5236 3212 5289 tt.
3282 5220 3470 5281 "Exod-

301 5301 496 5352 xxxm,
531 5287 621 5342 2i.
695 5289 739 5320 ⁸⁷
774 5288 944 5346 lCor.
990 5307 1043 5357 Χ,
1083 5293 1137 5349 4.
1213 5294 1431 5351 “Joan.
1467 5313 1578 5362 xiv,
1603 5297 1657 5353 6.
1728 5299 1772 5330 ⁸⁸
1797 5287 1944 5356 Psal.
1973 5317 2110 5368 cxv,
2143 5303 2233 5356 li.
2303 5303 2347 5334 ⁹⁰
2382 5287 2524 5356 Psal.
2551 5318 2734 5369 Lxxxl,
2761 5301 2814 5357 6.
2891 5305 2934 5334 "
2961 5287 3099 5358 ibid.
3133 5287 3188 5361 7;

373 5403 485 5472 (7i)
530 5404 708 5460 Codex
759 5405 1109 5476 Bodleianus,
1179 5421 1355 5478 recte,
1405 5413 1570 5483 ὑγιῆ·
1639 5415 1861 5486 Regius,

309 5473 479 5526 ὑγιής.
509 5475 665 5526 male.

301 5491 331 5524 υ
344 5491 479 5529 nnc.
509 5491 665 5529 male.

509 5491 894 5621 Ἦέξέοάσεως,
925 5547 1242 5621 οἱονεὶίδύο
1262 5550 1575 5621 ὑπομένει,
1607 5553 1726 5606 τῶν
1752 5556 1860 5607 πό-

304 5628 446 5675 νων,
477 5623 583 5690 _ete.
613 5615 1074 5690 Repraesentatuus
1113 5620 1249 5674 bona
1293 5615 1395 5674 lide
1435 5615 1680 5676 codicum
1749 5641 1864 5676 uta-

311 5689 708 5756 u_useripto_rui_n
740 5689 964 5754 apices;
992 5704 1126 5756 quos
1160 5699 1335 5744 tamen
1368 5707 1486 5746 esse
1527 5693 1741 5746 luxatos
1770 5709 1860 5747 sa-

312 5748 380 5801 tis
405 5751 640 5805 ostendit
672 5748 989 5813 Ferrarian'a
1010 5748 1417 5830 interpretatio.
1465 5763 1555 5816 Sic
1591 5763 1749 5829 paulo
1781 5764 1860 5818 iu.

1968 5419 2134 5493 {eritis
2168 5420 2218 5475 in
2244 5422 2379 5485 istis,
2409 5422 2644 5489 εὐλόγως
2674 5420 2738 5490 ἂν
2771 5421 3058 5493 έστηκέναι
3091 5423 3148 5474 ἐν
3178 5424 3242 5493 τῇ
3295 5409 3471 5488 ἀληθείᾳ

1966 5491 2266 5612 ἶρμίξοιτο,
2301 5493 2525 5562 negandi
2553 5491 2819 5561 particula
2854 5491 3138 5547 nianit'esto
3160 5491 3464 5547 deSitleraturo

2016 5577 2225 5616 UETIUS.

2037 5630 2148 5700 (76)
2185 5631 2365 5686 Codex
2394 5632 2612 5703 Begius,
2647 5647 2954 5703 perperam,
2994 5631 3185 5703 εὐρώς.

2039 5703 2152 5770 (77)
2181 5704 2361 5758 Codex
2395 5701 2616 5774 Regius,
2649 5703 2807 5768 uiale,
2836 5703 2864 5754 ὁ
2894 5701 3144 5773 ψεύστης.
