3688 6146
76 381 180 439 657

1143 375 1496 432 COMMENT.
1535 372 1599 428 IN
1631 371 1825 429 JOAN.
1865 371 2100 455 TOMUS
2134 372 2251 429 XX.

3213 375 3317 431 638

76 504 118 556 δ’
143 500 247 555 ούκ
279 498 439 553 ἐστιν
468 497 698 570 ἀλήθεια
723 498 781 551 ὲν
805 495 974 567 αὐτῷ,
996 495 1224 566 ἐπείπερ
1252 496 1532 564 ὴπάτηται

1860 508 1947 544 wn
1977 501 2052 545 est
2078 493 2148 546 ".
2174 490 2323 545 llauc
2365 498 2540 544 autem
2572 491 2642 545 ob
2678 504 2895 546 causam
2926 504 3032 546 non
3063 500 3143 547 est
3165 491 3218 546 in
3250 507 3316 547 eo

79 591 249 664 ψευδῆ
276 589 687 661 ὑπολαμϐάνει,
720 590 813 642 καὶ
845 588 1119 659 ἠπάτηται
1145 585 1306 650 αὐτὸς
1328 586 1416 653 ὑφ’
1444 586 1656 650 ἑαυτοῦ,

74 683 281 739 τούτων
315 683 530 754 χείρων
558 679 695 736 εἶναι
720 680 984 751 λογισθεὶς
1004 679 1111 733 τῶν
1133 678 1335 733 λοιπῶν
1363 679 1659 750 ἀπατωμέ-

76 796 202 839 νων,
236 778 323 830 ὅτι
357 778 569 829 ὲκεῖνοι
603 772 817 845 μὲνύπὺ
846 771 1035 825 τούτου
1057 770 1395 831 ἀπατῶνται,
1422 770 1580 833 αὐτὸς
1600 768 1658 823 δὲ

79 868 252 939 ἑαυτῷ
284 865 634 937 δημιουργός
665 867 779 919 ἐστι
800 864 901 934 τῆς
926 864 1160 934 ἀπάτης.
1195 862 1377 930 Ἀξιον
1408 861 1464 915 δὲ
1495 862 1660 933 ζητῆ-

79 975 167 1012 σαι
192 956 318 1020 πῶς
342 957 575 1027 λέγεται
606 954 667 1008 τό
685 972 700 985 ·
740 952 1012 1021 Ἀλήθεια
1046 955 1158 1007 οὐκ
1186 952 1443 1006 ἐστινέν
1477 950 1655 1017 αὐτῷ’

77 1045 187 1103 οἷον
236 1049 485 1120 πότερον
527 1047 678 1102 οὐδὲν
717 1044 835 1117 (78)
877 1044 1075 1117 ἀληθὲς
1127 1043 1241 1116 ἔχει
1286 1044 1483 1115 δόγμα,
1524 1042 1657 1097 ἀλλά

79 1140 257 1196 πάντα
292 1141 400 1193 ὅσα
433 1141 570 1193 ποτὲ
602 1138 797 1209 δοξάζῃ
830 1137 941 1209 (79)
994 1136 1162 1207 ψεύδη
1195 1136 1372 1189 ἐστίν·
1400 1135 1435 1207 ἢ
1482 1136 1563 1189 ὅτι
1596 1136 1657 1189 οὐ

83 1230 301 1302 μετέχει
335 1229 455 1301 (80)
502 1229 757 1302 Χριστοῦ,
792 1229 867 1292 ὡς
904 1231 952 1282 oi
998 1225 1230 1299 Χριστοῦ
1275 1226 1488 1297 μέτοχοι
1536 1243 1660 1297 μετ-

82 1323 272 1393 έχουσι
302 1322 404 1376 τοῦ
441 1323 720 1386 εἰπόντος·
769 1319 909 1391 Ἐγώ
934 1322 1052 1389 ειμι
1093 1319 1131 1385 ή
1162 1316 1519 1382 ἀλήθεια..οί
1546 1316 1656 1389 γάρ

87 1414 411 1485 μετέχοντες
444 1413 614 1468 αὑτοῦ
643 1412 954 1483 μετέχουσιν
976 1408 1161 1472 αὐτοῦ,
1185 1408 1279 1462 καὶ
1300 1408 1418 1461 καθ’
1456 1409 1485 1462 ὃ
1514 1410 1660 1461 ἐστιν

79 1506 310 1576 ἀλήθεια
339 1505 487 1577 (81),
516 1505 611 1558 καὶ
637 1504 727 1557 διὰ
751 1502 910 1556 τοῦτο
941 1500 1167 1572 ἀλήθειά
1197 1502 1345 1554 ἐστιν
1368 1502 1427 1553 ὲν
1456 1502 1656 1564 αὐτοῖς.

85 1600 190 1653 Καὶ
211 1599 398 1670 τρίτον
421 1598 471 1651 δ’
490 1598 557 1652 ἂν
572 1601 630 1651 ὲν
642 1597 718 1669 τῷ
740 1596 896 1667 τύπῳ
920 1592 1157 1649 τοιοῦτον
1172 1592 1281 1664 (82)
1302 1609 1658 1665 προσαπορη-

84 1689 219 1760 θείη,
249 1690 671 1761 ὲπιστησόντων
697 1688 857 1743 τινῶν
875 1688 924 1740 εί
947 1685 1053 1757 χρὴ
1076 1685 1252 1753 λέγειν
1281 1685 1354 1755 μὴ
1373 1681 1509 1738 εἶναι
1530 1686 1662 1756 ἀλή-

81 1780 230 1835 θειαν
275 1784 336 1836 ὲν
378 1781 464 1853 τῷ
514 1778 796 1834 ὁτιποτοῦν
838 1778 1028 1849 ψεῦδος
1072 1777 1523 1849 ὑπολαμϐάνοντι,
1556 1775 1660 1830 κᾶν

1760 581 1981 645 veritas,
2015 583 2273 653 quoniam
2328 580 2588 650 deceptus
2626 589 2713 636 est
2755 580 3000 651 falsaque
3028 582 3312 652 opinatur;

1761 672 1979 742 ipseque
2000 687 2030 725 a
2059 673 2240 741 seipso
2270 672 2522 740 deceptus
2559 681 2663 737 est,
2702 671 2852 743 pejor
2892 673 2939 728 is
2981 675 3194 728 caneris
3223 674 3318 727 de-

1759 762 1933 831 ceptis
1958 762 2194 826 babitus,
2210 761 2352 830 quod
2378 760 2450 814 illi
2481 761 2695 830 quidem
2727 762 3070 831 decipiuntur
3096 765 3163 818 ab
3192 766 3315 829 hoc,

1759 853 1874 921 ipse
1897 861 2077 906 autem
2126 851 2229 907 sibi
2278 850 2572 906 fabricator
2606 861 2661 906 et
2700 862 2891 906 auctor
2918 860 3000 907 est
3043 853 3317 921 deceptio-

1760 947 1863 1002 uis.
1905 944 2014 1000 Sed
2046 946 2266 1017 dignum
2307 945 2534 1016 quaesito
2561 955 2646 1001 est
2681 944 2949 1014 quomodo
2977 944 3208 1011 dicatur,
3235 963 3319 1000 ve-

1759 1037 1890 1090 ritas
1933 1037 1987 1090 in
2026 1051 2089 1091 eo
2133 1051 2237 1089 non
2267 1044 2343 1089 est
2368 1050 2393 1091 :
2418 1044 2678 1090 utrumne
2703 1033 2916 1087 tandem
2952 1034 3078 1103 quia
3113 1034 3317 1088 nullum

1759 1128 1950 1198 dogma
1974 1142 2160 1183 verum
2192 1128 2376 1196 habet,
2405 1128 2501 1183 sed
2542 1127 2723 1183 omnia
2753 1141 3089 1197 quaecunque
3128 1127 3323 1195 opina-

1762 1230 1850 1273 tur
1876 1218 2008 1273 falsa
2033 1219 2175 1283 sint;
2207 1235 2276 1274 an
2306 1220 2485 1290 petius
2516 1220 2645 1290 quia
2682 1220 2954 1289 particeps
2976 1219 3180 1274 Christi
3210 1234 3317 1273 non

1756 1320 1861 1377 est,
1907 1311 1944 1366 ii
1983 1314 2074 1381 qui
2127 1320 2254 1366 sunt
2308 1311 2599 1381 participes
2651 1309 2852 1365 Christi
2896 1310 3125 1365 dicentis
3159 1326 3174 1362 :
3208 1308 3319 1378 Ego

1758 1420 1874 1457 sum
1895 1404 2084 1458 veritas
2112 1403 2178 1456 ”.
2196 1403 2297 1468 Qui
2324 1403 2473 1461 enim
2501 1401 2796 1470 participes
2824 1408 2951 1455 sunt
2980 1400 3143 1461 illius,
3176 1399 3321 1455 illius

1759 1505 1880 1549 sunt
1913 1495 2209 1563 participes
2240 1494 2293 1548 in
2337 1501 2604 1564 quantum
2631 1501 2715 1547 est
2759 1492 2981 1558 veritas,
3009 1502 3065 1547 et
3115 1492 3321 1547 idcirco

1757 1585 1957 1641 veritas
1977 1586 2030 1641 in
2058 1585 2136 1641 eis
2160 1595 2258 1643 εει.
2291 1585 2524 1641 Rursum
2546 1585 2705 1641 tertio
2722 1585 3242 1640 addubitablturboc
3264 1585 3319 1638 in

1759 1679 1903 1745 loco,
1948 1679 2270 1750 quibusdam
2312 1680 2655 1735 adnotaturis
2696 1695 2825 1733 num
2862 1680 3046 1735 dicere
3071 1688 3318 1750 oporteat
3385 1668 3399 1681 ’

1759 1787 1865 1827 non
1889 1787 2010 1828 esse
2041 1773 2322 1827 veritatem
2356 1773 2410 1826 in
2452 1788 2518 1827 eo
2546 1773 2636 1842 qui
2672 1772 3043 1842 qualecunque
3093 1772 3316 1826 menda»

89 1872 223 1944 μετά
251 1851 475 1925 πολλῶν
512 1871 725 1943 ἀληθῶν
764 1870 919 1925 τοῦτο
950 1869 1163 1943 νομίζῃ.
1211 1870 1297 1932 Ὠς
1328 1867 1435 1939 γὰρ
1465 1866 1545 1938 ψεὶ

1863 1881 1901 1919 n
1923 1866 2199 1931 opinatur.
2222 1865 2432 1920 etiamsi
2463 1881 2589 1922 cum
2618 1864 2800 1919 multis
2832 1866 2975 1921 veris
3001 1866 3174 1933 ipsum
3199 1866 3319 1933 opi-

83 1964 142 2017 τδ
161 1965 225 2018 lx
255 1962 481 2035 μυρίων
507 1964 647 2017 ὅσων
673 1960 909 2032 ἀληθῶν,
936 1961 1031 2014 καὶ
1062 1960 1180 2023 ἑνὸς
1198 1958 1423 2029 ψεύδους
1448 1974 1660 2028 συμπε-

84 2055 410 2126 πλεγμένον,
435 2053 617 2117 οὕτως
638 2054 696 2106 ὲν
727 2052 807 2122 τῷ
837 2051 1112 2118 δοξάζοντι
1141 2049 1276 2121 μετά
1295 2047 1501 2102 πολλῶν
1526 2048 1659 2118 ἀλη-

86 2149 188 2203 θῶν
207 2147 265 2200 ἓν
291 2147 520 2217 ςεῦδος,
553 2146 713 2199 οἱονεὶ
741 2146 801 2199 τὸ
829 2143 1066 2198 τοιοῦτόν
1097 2146 1213 2197 ἐστι
1239 2159 1302 2196 συ
1310 2139 1658 2214 μπεπλεγμέ-

86 2258 189 2300 νον.
213 2239 342 2293 ὥστ’
372 2239 445 2292 ἂν
472 2240 668 2300 εἰπεῖν,
700 2238 782 2290 ὅτι
820 2237 878 2290 ὲν
916 2235 1054 2306 τῷδε
1089 2235 1189 2288 οὐκ
1219 2234 1364 2287 ἐστιν
1406 2231 1653 2304 ἀλήθεια.

87 2329 337 2400 Δείκνυμι
367 2329 427 2382 δὲ
450 2328 549 2381 τὸν
573 2327 707 2399 μετά
734 2327 942 2381 πολλῶν
968 2325 1180 2398 ἀληθῶν
1206 2324 1264 2379 ἓν
1298 2323 1490 2395 ψεῦδος
1520 2325 1656 2377 ύπο-

88 2419 430 2491 λαμϐάνοντα
451 2436 473 2450 ο
506 2420 600 2472 καὶ
627 2418 696 2472 τά
719 2418 847 2489 τρία
872 2435 937 2487 γε
960 2417 1102 2483 δόξει
1139 2416 1283 2487 ἔχειν
1313 2416 1489 2485 λόγον,
1511 2414 1656 2478 τινὸς

94 2511 185 2582 μὲν
209 2511 480 2581 φήσοντος
519 2510 658 2563 κατά
697 2509 856 2562 τοῦτο
901 2508 1153 2581 εἰρῆσθαι
1185 2507 1283 2561 τό·
1316 2509 1438 2561 Οὐκ
1488 2506 1659 2561 ἐστιν

93 2600 333 2666 ἀλήθεια
361 2602 434 2655 ἐν
475 2601 654 2667 αὐτῷ,
680 2602 802 2655 ἐπεὶ
825 2602 885 2655 οὐ
920 2600 1133 2671 μετέχει
1150 2597 1406 2669 Χριστοῦ,
1423 2588 1544 2667 ᾧγε
1564 2600 1658 2653 καὶ

98 2693 499 2764 προσωλεμεί·
532 2694 715 2764 ἐτέρου
752 2693 829 2757 δὲ,
860 2692 1088 2764 ἐπείπερ
1116 2692 1266 2745 οὐδὲν
1291 2691 1486 2760 ἀληθὲς
1529 2707 1660 2762 φρο-

99 2787 190 2846 νεῖ,
214 2784 325 2837 ἀλλ’
348 2786 406 2837 ὲν
436 2785 579 2838 πᾶσι
606 2784 916 2852 διέψευσται
941 2784 1035 2837 καὶ
1053 2782 1143 2836 διά
1163 2781 1321 2835 τοῦτό
1343 2785 1459 2836 ἐστι
1482 2782 1659 2836 διάϐο-

100 2873 202 2939 λος,
254 2876 346 2929 καὶ
394 2876 660 2946 πονηρὸς,
716 2875 809 2929 καὶ
852 2875 1049 2946 χείρων
1098 2874 1300 2936 παντὸς
1352 2872 1658 2927 οὑτινοσοῦν

101 2967 388 3032 πταίοντος,
445 2969 533 3022 ὅτι
568 2968 707 3038 τάχα
755 2967 813 3019 ἐν
863 2967 962 3037 μὲν
1009 2969 1123 3030 τοῖς
1174 2965 1389 3029 πολλοῖς
1441 2964 1555 3018 ὲστί
1603 2981 1657 3017 τι

101 3061 186 3113 καὶ
212 3060 404 3130 ἀληθὲς
434 3058 578 3130 μετά
607 3059 813 3113 πολλῶν
836 3054 910 3114 ὧν
936 3058 1255 3128 σφάλλονται
1272 3074 1285 3088 ·
1315 3058 1372 3109 ἐν
1398 3056 1454 3109 δὲ
1482 3056 1657 3126 τούτῳ

66 3162 77 3178 '
102 3152 237 3205 οὐδὲν
284 3150 509 3222 ἀληθές.
546 3152 654 3205 Καὶ
685 3152 866 3223 τρίτος
913 3151 970 3204 δέ
1010 3168 1096 3214 τις
1144 3148 1525 3219 συναγορεύσει
1578 3149 1656 3219 τῷ
1682 3191 1724 3248 C

102 3242 259 3315 λοιπῷ
278 3244 459 3313 λέγων
480 3244 759 3315 ἀμήχανον
785 3238 923 3296 εἶναι
936 3242 1148 3312 λογικόν
1167 3258 1223 3295 τι
1241 3241 1504 3311 τυγχάνον
1520 3240 1655 3305 ζῶον

105 3339 220 3407 πρ).
234 3340 456 3391 πάντων
479 3336 831 3407 ψευδοδοξεῖν,
853 3336 948 3390 καὶ
962 3335 1091 3407 περ).
1118 3335 1361 3407 μηδενὸς,
1386 3334 1491 3389 κᾶν
1504 3334 1657 3388 ἀσοε-

105 3427 217 3492 νὼς,
244 3428 521 3500 τδάληθὲς
543 3426 963 3499 ὑπολαμϐάνειν.
990 3426 1214 3491 Πάντως
1229 3426 1359 3495 γοῦν
1372 3426 1476 3480 κᾶν
1498 3426 1657 3479 τοῦτο

106 3520 207 3591 ιχει
227 3523 255 3575 ὁ
281 3521 530 3585 διάϐολος
545 3521 721 3591 δόγμα
744 3520 960 3589 ἀληθὲς,
991 3520 1118 3591 περὶ
1148 3519 1313 3573 αὐτοῦ
1339 3520 1551 3583 ἐννοῶν,
1576 3520 1658 3573 ὅτι

107 3610 304 3679 λογικός
333 3614 480 3677 ἐστι,
516 3613 610 3665 καὶ
635 3613 717 3665 ὅτι
752 3611 815 3664 τὸ
842 3610 1040 3665 τοιόνδε
1074 3606 1169 3682 μὲν
1209 3610 1491 3682 ἄνθρωπός
1518 3613 1655 3673 ἐστι,

110 3701 163 3755 τὺ
189 3703 375 3757 τοιόνδε
405 3703 658 3771 ἄγγελος,
689 3704 780 3757 καὶ
803 3703 865 3757 τὸ
885 3702 1029 3757 τοιδν
1061 3702 1157 3773 μὲν
1179 3702 1356 3773 σῶμα,
1384 3702 1478 3755 καὶ
1505 3701 1659 3755 ποιὸν

112 3793 275 3864 σῶμα,
304 3796 437 3849 ἀλλο
455 3795 512 3847 δέ
546 3812 597 3848 τι
622 3795 804 3865 ἕτερον
828 3796 1079 3865 σώματος
1104 3792 1238 3863 (85).
1288 3792 1423 3845 Ἀλλ’
1457 3793 1544 3846 ἵνα
1564 3793 1658 3846 καὶ

108 3886 163 3938 τὸ
181 3887 475 3941 τελευταῖον
506 3886 580 3958 μὴ
605 3887 756 3958 λέγῃ,
784 3886 878 3941 καὶ
910 3885 982 3957 μὴ
1008 3888 1179 3956 ὲννοῇ,
1206 3885 1339 3939 ἀλλά
1369 3902 1434 3955 γε
1460 3886 1660 3957 αὐταρ-

109 3979 171 4046 κῇ
195 3978 258 4031 τὰ
283 3979 477 4049 πρῶτα
517 3978 655 4050 πρὸς
698 3978 759 4031 τὸ
799 3978 873 4050 μὴ
917 3976 982 4030 ἂν
1009 3976 1265 4030 δύνασθαι
1285 3973 1422 4030 εἶναι
1460 3976 1659 4047 ἀληθὲς

113 4067 227 4137 περ)⁵
268 4069 433 4123 αὐτοῦ
457 4069 538 4123 τό·
577 4070 703 4122 Ὅτι
734 4068 912 4123 οὐδὲν
939 4068 1162 4137 ἀληθὲς
1209 4067 1433 4137 φρονεῖ.
1471 4068 1659 4140 Ἡμεῖς

115 4157 200 4225 μὲν
217 4154 451 4213 οὖντοῦ
498 4161 595 4213 Ἐν
633 4159 710 4229 τῇ
739 4160 985 4228 ἀληθείᾳ
1023 4161 1133 4229 οὐχ
1162 4158 1437 4227 ἕστηκεν,
1466 4158 1660 4212 ἀκούο-

114 4264 201 4316 μεν
224 4250 315 4320 οὐχ
349 4251 428 4313 ὡς
451 4250 610 4320 φύσιν
630 4249 882 4321 τοιαύτην
904 4249 1277 4320 ἐμφαίνοντες,
1300 4248 1421 4303 οὔτε
1450 4248 1511 4302 τὸ
1532 4249 1659 4303 ἀδύ-

111 4354 251 4393 νατον
280 4342 408 4411 περὶ
423 4339 517 4394 τοῦ
531 4341 815 4411 ὲστηκέναι
836 4341 994 4395 αὐτὸν
1021 4343 1081 4395 ὲν
1103 4339 1328 4412 ἀληθείᾳ
1357 4339 1656 4410 παριστάν-

110 4445 206 4494 τες·
235 4434 263 4485 ὁ
286 4432 340 4485 δὲ
378 4431 693 4503 ’Πρακλέων
728 4435 809 4496 είς
833 4432 1006 4487 ταῦτά
1047 4448 1179 4503 φησι
1208 4431 1410 4488 τόοιΟὑ
1439 4430 1546 4503 γὰρ
1588 4430 1654 4484 ὲκ

1757 1967 1934 2012 netur.
1972 1956 2043 2013 Ut
2075 1958 2217 2011 enim
2269 1956 2404 2011 falsa
2445 1966 2531 2012 est
2562 1957 2864 2027 complexio
2899 1973 2967 2012 ex
3018 1958 3319 2012 innumeris

1755 2063 1875 2116 quae
1899 2047 2051 2103 valde
2071 2062 2202 2103 vera
2232 2049 2363 2115 sint,
2396 2057 2452 2103 et
2478 2064 2586 2103 uno
2630 2050 2910 2104 mendacio
2937 2060 3215 2114 constans,
3241 2050 3323 2104 sic

1755 2140 1809 2193 in
1836 2154 1901 2194 eo
1930 2141 2172 2209 quicum
2218 2138 2400 2195 multis
2436 2140 2580 2194 veris
2615 2156 2781 2195 unum
2829 2144 3166 2197 mendacium
3204 2146 3321 2213 opi-

1756 2240 1935 2297 natur,
1965 2232 2085 2287 talis
2116 2231 2289 2288 ferme
2313 2241 2401 2289 est
2429 2234 2730 2304 complexio
2770 2246 2824 2290 et
2856 2237 3148 2305 copulatio,
3181 2248 3239 2292 ut
3265 2240 3319 2293 in

1756 2323 1849 2379 illo
1893 2324 2139 2380 dicamus
2190 2325 2471 2380 veritatem
2527 2341 2633 2381 non
2677 2340 2816 2381 esse.
2853 2325 3093 2383 Osteudo
3141 2339 3319 2384 autem

1756 2429 1877 2470 cum
1906 2415 2091 2470 multis
2123 2416 2270 2471 veris
2307 2432 2473 2472 unum
2517 2420 2856 2474 mendacium
2904 2422 3266 2489 suspicantem
3300 2440 3318 2489 ;

1755 2523 1819 2564 ac
1843 2509 1944 2563 tria
1986 2524 2119 2565 sane
2151 2509 2474 2565 videbuntur
2524 2512 2725 2567 habere
2782 2513 3049 2568 rationem
3089 2529 3101 2564 :
3140 2514 3322 2582 aliquo

1756 2601 1972 2669 quidem
2005 2602 2216 2657 dicturo
2237 2610 2461 2672 propter
2490 2602 2591 2658 hoc
2621 2604 2820 2659 dictum
2863 2603 3030 2660 fuisse
3061 2627 3074 2661 :
3114 2603 3321 2662 Veritas

1755 2692 1809 2746 in
1835 2708 1894 2745 eo
1929 2708 2033 2746 non
2086 2703 2191 2760 est,
2225 2694 2479 2763 quoniam
2531 2694 2801 2764 particeps
2834 2711 2938 2749 non
2976 2696 3047 2751 sit
3092 2697 3317 2762 Christi,

1756 2784 1954 2851 quippe
1980 2783 2065 2838 cui
2095 2784 2262 2839 etiam
2304 2784 2498 2839 inferat
2525 2785 2753 2853 bellum;
2773 2785 2948 2842 altero
2973 2798 3322 2858 autem,quo—

1759 2877 1900 2930 uiam
1932 2875 2004 2929 nil
2038 2891 2167 2931 vere
2192 2876 2409 2945 cogitet,
2442 2878 2536 2931 sed
2566 2878 2617 2931 in
2642 2879 2890 2934 omnibus
2927 2882 3181 2937 mentitus
3210 2883 3316 2948 sit;

1757 2977 1977 3037 propter
2001 2969 2142 3037 quod
2183 2970 2348 3022 etiam
2389 2969 2634 3025 diabolus
2667 2971 2753 3035 sit,
2782 2985 2837 3025 et
2861 2972 3052 3039 malus,
3080 2984 3133 3027 et
3172 2973 3324 3046 pejor

1757 3077 2080 3131 quocunque
2101 3062 2344 3128 cadente,
2375 3064 2628 3132 quoniam
2677 3063 2922 3119 fortassis
2951 3067 3001 3120 in
3038 3066 3220 3122 multis
3252 3069 3324 3122 sit

1756 3153 1917 3208 etiam
1949 3154 2148 3223 aliquid
2175 3155 2289 3209 veri
2313 3155 2601 3209 admistum
2630 3155 2732 3210 illis
2760 3157 2961 3222 multis,
2995 3159 3190 3227 quibus
3220 3159 3322 3214 fal-

1759 3248 1957 3309 luntur,
1978 3249 2029 3301 iu
2053 3249 2154 3302 hoc
2174 3263 2303 3302 vero
2331 3250 2457 3303 nihil
2488 3249 2560 3304 sit
2590 3251 2985 3321 verum.AIque
3018 3254 3180 3308 etiam
3210 3263 3320 3308 ter-
3347 3254 3353 3260 ’

1760 3336 1865 3390 tius
1888 3335 2085 3404 aliquis
2108 3336 2546 3405 patrocinabitur
2574 3337 2802 3407 reliquo,
2837 3339 3024 3393 dicens
3071 3338 3186 3392 fieri
3214 3354 3320 3393 non

1755 3439 1915 3492 posse
1944 3433 2003 3478 ut
2026 3425 2241 3493 aliquod
2266 3426 2468 3480 animal
2504 3427 2732 3483 rationis
2761 3443 2981 3498 compos
3009 3429 3083 3482 ita
3120 3429 3185 3482 de
3203 3444 3320 3483 om-

1753 3516 1912 3569 nibus
1949 3514 2082 3570 falsa
2104 3516 2376 3584 opinetur,
2418 3526 2479 3572 ut
2526 3518 2593 3573 de
2620 3533 2679 3574 re
2712 3519 2875 3585 nulla,
2919 3520 3113 3573 saltem
3156 3520 3322 3573 imbe-

1753 3607 1970 3671 cilliter,
1988 3608 2188 3678 cogitet
2203 3623 2408 3663 verum.
2434 3608 2569 3663 Nam
2592 3611 2815 3665 omnino
2829 3611 3017 3666 saltem
3040 3613 3139 3666 hoc
3158 3610 3319 3682 355

1753 3699 1999 3754 diabolus
2042 3700 2230 3769 dogma
2267 3715 2451 3755 verum
2474 3700 2656 3766 habet,
2675 3703 2814 3770 quod
2832 3702 3066 3771 seipsum
3097 3703 3320 3757 rationis

1754 3802 2054 3862 compotem
2075 3806 2197 3848 esse
2229 3792 2474 3863 intelligit
2496 3810 2511 3860 ;
2558 3795 2814 3864 quodque
2832 3795 2952 3851 talis
2972 3795 3132 3849 etiam
3152 3795 3313 3848 homo

1754 3892 1860 3944 εει,
1887 3882 2179 3951 itidemque
2217 3882 2472 3951 angelus;
2502 3887 2755 3954 quodque
2786 3901 2983 3955 corpus
3000 3892 3084 3940 est
3123 3885 3229 3940 tale
3256 3893 3314 3941 et

1756 3973 1917 4044 quale
1942 3988 2171 4042 corpus;
2194 3983 2249 4027 et
2268 3974 2411 4028 aliud
2430 3976 2680 4043 quiddam
2704 3991 2734 4031 a
2765 3991 2991 4046 corpore
3019 3976 3318 4031 diversum.

1758 4066 1861 4122 Sed
1880 4077 1937 4120 ut
1955 4076 2282 4137 postremum
2305 4081 2408 4121 non
2424 4069 2588 4134 dicat,
2606 4086 2704 4125 nec
2717 4071 3039 4135 consideret;
3056 4080 3114 4125 at
3129 4071 3318 4125 saltem

1757 4159 1892 4215 satis
1913 4168 2037 4214 sunt
2057 4159 2251 4229 prima,
2277 4171 2335 4215 ut
2349 4175 2534 4217 verum
2552 4175 2671 4217 esse
2686 4177 2790 4216 non
2809 4165 2979 4231 possit
2993 4162 3059 4216 de
3075 4177 3159 4227 eo,
3183 4162 3322 4234 quod

1769 4251 1901 4310 nihil
1939 4251 2050 4305 veri
2087 4254 2299 4325 cogitat.
2370 4253 2547 4322 Atque
2578 4268 2676 4306 uos
2699 4252 2915 4321 quidem
2951 4252 3055 4307 hoc
3086 4252 3317 4318 dictum,

1755 4340 1810 4394 in
1858 4340 2075 4393 veritate
2119 4356 2224 4395 non
2272 4343 2437 4408 stetit,
2484 4341 2838 4411 intelligimus
2895 4356 3003 4396 non
3058 4351 3314 4408 tanquam

1755 4430 2102 4485 ostendentes
2146 4441 2394 4486 naturam
2442 4433 2629 4498 talem,
2690 4447 2870 4502 neque
2899 4432 3156 4488 docentes
3199 4430 3315 4485 ﬁeri

110 4519 197 4591 τῆς
224 4522 474 4595 ἀληθείας
501 4527 534 4596 ὴ
565 4525 725 4595 φύσις
751 4526 896 4579 ἐστὶν
923 4525 1109 4587 αὑτοῦ,
1145 4523 1259 4577 ἀλλ’
1288 4523 1355 4576 ὲκ
1383 4520 1477 4574 τοῦ
1499 4523 1566 4574 ενι

1859 4546 1862 4574 ι
1888 4537 2048 4592 posse
2070 4533 2129 4578 ut
2154 4524 2268 4593 ipse
2291 4535 2398 4579 stet
2418 4526 2471 4579 in
2507 4526 2757 4580 veritate.
2786 4523 3085 4580 Heracleon
3110 4537 3240 4576 vero
3263 4522 3315 4575 in

110 4613 215 4666 τίου
255 4620 317 4688 τῇ
346 4616 596 4689 ἀληθείᾳ,
646 4619 712 4671 ὲκ
744 4617 951 4688 πλάνης
977 4619 1071 4671 καὶ
1100 4616 1339 4686 ἀγνοίας·
1382 4614 1459 4668 διό
1489 4630 1652 4684 φησιν

111 4700 218 4756 οὔτε
252 4709 437 4779 στῆναι
469 4711 526 4761 ὲν
547 4709 792 4780 ἀληθείᾳ,
820 4709 944 4762 οὔτε
975 4711 1119 4779 σχεῖν
1141 4710 1198 4761 ὲν
1221 4706 1369 4776 αὐτῷ
1395 4704 1652 4775 ἀλήθειαν

113 4792 331 4863 δύναται,
356 4803 422 4854 ὲκ
445 4802 545 4872 τῆς
572 4800 736 4855 αὐτοῦ
765 4801 978 4872 φύσεως
1009 4802 1139 4855 εδιον
1170 4800 1309 4870 ἔχων
1338 4798 1399 4851 τὸ
1437 4795 1649 4867 ψεῦδος,

114 4892 332 4956 φυσικῶς
355 4895 429 4966 μὴ
448 4895 741 4966 δυνάμενός
759 4912 887 4949 ποτε
903 4895 1156 4967 ἀλήθειαν
1171 4896 1359 4947 εἰπεῖν·
1382 4891 1523 4959 λέγω
1540 4889 1651 4961 (84)

113 4977 150 5031 δ’
177 4981 322 5037 ὅτιού
356 4987 513 5057 μόνος
541 4988 703 5051 αὐτὸς
726 4987 963 5058 ψεύστης
985 4986 1154 5052 ἐστὶν,
1185 4984 1320 5040 ἀλλά
1356 4985 1450 5038 καὶ
1484 4985 1512 5037 ὁ
1547 4999 1653 5036 πα-

114 5069 203 5141 τὴρ
228 5075 367 5148 αὖτῷ
392 5077 536 5142 ἰδίως
555 5077 771 5150 (πατὴρ
784 5078 969 5134 αὐτοῦ
996 5077 1351 5148 ἐκλαμϐάνων
1371 5075 1470 5147 τὴν
1490 5073 1651 5145 φύσιν

175 5183 388 5245 "Joan.
417 5206 534 5256 vm,
572 5192 661 5247 44.
736 5192 782 5225 ’³
803 5193 960 5249 Joan.
1014 5208 1126 5260 XIV,

295 5279 366 5359 (ξε
386 5288 466 5337 lex
494 5285 709 5359 Regius.
736 5288 960 5359 πότερόν
991 5304 1121 5359 ποτε
1153 5286 1325 5359 οὐδέν.

314 5350 447 5430 l_d_em
479 5347 648 5430 code:
673 5347 893 5430 Begius',
922 5359 1024 5411 ὅσα
1045 5357 1261 5430 δοξάξῃ.

298 5424 382 5497 ρὺ
401 5425 656 5497 μετέχει.
689 5412 955 5483 Ιιιῖξοιίίἐε
987 5412 1149 5497 ltegio
1176 5412 1325 5497 deest
1365 5425 1447 5497 οῦ.

121 5486 466 5623 ὰλὲὶέἒὶὲυύεκ
490 5486 687 5565 Regius
720 5497 858 5553 male
904 5486 1184 5553 Ιιειιεινκαὶ
1210 5496 1271 5549 οὐ
1302 5494 1422 5555 καθ’
1451 5494 1480 5548 ὅ
1501 5494 1647 5552 ἐστιν

178 5625 276 5696 (βξ)
300 5631 586 5687 Τοιοῦτον.
623 5634 785 5696 Deest
814 5636 866 5691 in
892 5635 1075 5689 codice
1097 5634 1410 5689 Bodleiano.

178 5692 405 5779 (83).
430 5703 611 5779 ποιὸτς
629 5693 819 5779 σῶμα,
843 5706 996 5779 ἄλλο
1024 5705 1089 5759 δέ
1118 5724 1172 5759 τι
1207 5704 1422 5779 ἕτερον-
1449 5703 1644 5771 σώμα-

119 5772 219 5844 ξος.
239 5767 465 5844 θίιίιηυε
489 5774 542 5826 in
571 5767 900 5843 Origint'unis
916 5792 1113 5844 corpus
1138 5767 1341 5844 angelis
1357 5767 1642 5841 aliquando

116 5828 367 5898 detrahere
397 5843 570 5903 visum
600 5828 718 5902 esse
738 5828 1357 5918 Origeuetu,quotlllatu
1395 5828 1540 5901 tenui
1575 5864 1638 5900 ac

1757 4614 1873 4669 bare
1904 4614 2080 4685 inquit
2119 4615 2267 4669 hoc:
2304 4633 2323 4667 ι
2362 4614 2564 4671 Natura
2603 4617 2749 4671 enim
2782 4616 2951 4687 ipsius
2990 4631 3057 4671 ex
3089 4614 3319 4689 veritate

1758 4691 1864 4761 non
1893 4716 1999 4767 est,
2028 4706 2123 4761 sed
2162 4721 2227 4761 ex
2276 4722 2342 4761 eo
2381 4708 2523 4776 quod
2574 4710 2915 4764 contrarium
2963 4715 3045 4761 est
3076 4703 3316 4769 veritati,

1756 4798 2012 4852 nimirum
2036 4814 2102 4853 ex
2129 4812 2315 4878 errore
2358 4809 2412 4853 ει
2441 4799 2763 4869 ignorantia.
2798 4797 3085 4865 Quocirca,
3118 4797 3319 4866 inquit,

1758 4904 1930 4957 neque
1956 4898 2103 4943 stare
2133 4890 2184 4942 in
2222 4889 2470 4952 veritate,
2515 4903 2691 4958 neque
2738 4889 3024 4942 veritatem
3052 4887 3107 4940 iu
3141 4887 3319 4950 seipso

1757 4981 1958 5036 habere
1992 4991 2201 5051 potest;
2256 4995 2321 5035 ex
2374 4992 2565 5035 natura
2617 4995 2714 5035 sua
2765 4981 3043 5049 proprium
3110 4979 3317 5032 habens

1755 5073 2132 5140 mendacium;
2176 5072 2500 5129 naturaliter
2538 5072 2826 5143 aliquando
2856 5087 2959 5127 non
3002 5071 3185 5125 valens
3227 5067 3314 5121 di-

1748 5274 1936 5334 sublili
1964 5281 2217 5328 constare
2243 5272 2386 5341 ipsos
2409 5269 2682 5327 censuerit
2715 5269 3039 5330 substantia,
3064 5277 3129 5341 ut
3161 5281 3315 5323 cras-

1750 5349 1955 5405 siorqu
1997 5343 2204 5397 ratione
2247 5338 2532 5411 corporum
2575 5341 2819 5411 penitus
2850 5353 2971 5394 esse
3028 5338 3313 5411 videantur

1751 5414 2075 5485 incorporei.
2108 5412 2244 5466 Cum
2270 5409 2359 5485 ait
2390 5427 2520 5485 ergo
2564 5409 2849 5485 ejusmodi
2877 5409 3143 5485 przeditos
3192 5423 3315 5485 esse

1750 5479 2166 5556 ipsos'corpore,
2193 5484 2335 5556 quod
2358 5483 2428 5537 sit
2458 5479 2729 5535 diversum
2761 5479 2887 5546 quid
2919 5494 2948 5531 a
2976 5492 3228 5556 corpore,
3262 5480 3312 5532 id

1750 5549 1853 5612 sibi
1889 5549 2027 5617 vult,
2053 5549 2250 5621 corpus
2283 5552 2519 5621 ipsorum
2547 5562 2709 5604 tantae
2756 5564 2879 5621 esse
2920 5549 3223 5611 tenuitatis,
3257 5560 3315 5604 ut

1750 5643 1861 5697 prae
1886 5624 2118 5697 terrenis
2143 5619 2458 5697 corporibus
2490 5620 2714 5688 spiritus
2748 5619 2884 5673 meri
2937 5621 3164 5687 corpore
3225 5637 3316 5675 cae

1754 5692 1937 5751 rentes
1959 5695 2065 5748 dici
2091 5692 2317 5762 possint.
2346 5692 2603 5762 Hunnus.

1824 5764 1938 5839 (δε)
1966 5757 2145 5823 Codex
2169 5762 2503 5830 Bodleiauus,
2536 5759 2709 5831 λέγεθ’
2736 5757 2957 5831 Regius,
2979 5757 3147 5828 λέγει.
