3688 6146
300 326 408 382 639

1779 324 2104 381 ORIGENIS

3460 322 3559 376 6411

301 457 424 494 cere
466 440 789 512 veritatem:
827 438 950 492 dico
987 447 1170 492 autem
1216 438 1358 506 quod
1401 454 1506 493 non
1549 439 1724 494 solum
1759 440 1878 507 ipse

2064 441 2188 510 toﬁ)‘
2224 439 2452 510 ἐπείπερ
2486 441 2550 492 ὲκ
2577 439 2782 511 πλάνης
2816 439 3245 510 καὶψεύσματος
3267 437 3513 508 συνέστη.
3535 459 3554 491 ι

301 512 530 586 mendax
582 541 690 596 est,
748 545 937 586 verum
995 530 1168 584 etiam
1226 539 1381 600 pater
1419 532 1589 600 ipsius
1618 532 1872 601 privatim

300 627 473 694 (pater
500 625 684 692 ipsius,
727 637 1027 692 exponens,
1075 631 1326 677 naturam
1361 622 1580 694 ipsius),
1629 625 1875 694 quando-

299 716 520 785 quidem
548 733 614 771 ει
643 732 830 771 errore
854 726 910 772 et
940 715 1183 771 falsitate
1209 727 1444 772 constat.
1484 738 1503 772 ι
1537 718 1667 786 Quae
1690 719 1872 772 omnia

302 805 577 859 diabolum
607 805 838 860 liberant
873 806 1020 860 omni
1061 806 1483 872 vituperatione.
1521 817 1576 862 et
1608 807 1786 877 culpa,
1817 817 1874 861 et

303 898 691 952 accusatione:
731 897 909 951 nullus
955 898 1102 952 enim
1143 895 1268 965 jure
1294 899 1378 952 vel
1407 900 1760 968 vituperaret,
1787 899 1874 952 vel

306 987 636 1056 inculparet,
667 989 751 1041 vel
790 999 1072 1044 accusaret
1101 1005 1209 1044 non
1237 1001 1424 1044 natum
1456 1001 1641 1060 aptum
1681 999 1870 1044 natura

304 1080 372 1133 ad
404 1080 804 1148 prazstantiora.
854 1081 1215 1148 Quamobrem
1252 1082 1438 1136 infelix
1485 1083 1663 1152 potius
1710 1097 1874 1152 quam

303 1170 674 1240 vituperabilis
732 1181 817 1226 est
877 1172 1166 1239 diabolus,
1237 1174 1442 1244 judicio
1505 1172 1874 1228 Heracleonis.

304 1265 596 1319 Sciendum
623 1280 750 1321 vero
779 1276 882 1330 est,
930 1266 1388 1336 quemadmodum
1427 1265 1674 1320 diabolus
1703 1267 1753 1318 in
1787 1279 1880 1319 ve-

306 1358 468 1410 ritate
492 1372 598 1410 non
639 1359 810 1424 stetit,
841 1360 1094 1427 quoniam
1128 1375 1234 1412 non
1268 1368 1354 1413 est
1374 1357 1580 1412 veritas
1605 1357 1657 1410 in
1687 1371 1772 1419 eo,
1799 1355 1880 1408 sic

304 1447 471 1500 etiam
513 1449 602 1517 qui
647 1459 776 1504 sunt
804 1465 872 1504 ex
923 1461 1077 1519 patre
1119 1451 1363 1512 diabolo.
1397 1449 1452 1504 in
1490 1448 1726 1503 veritate
1773 1461 1878 1500 non

306 1547 477 1604 stare,
511 1541 765 1608 quoniam
802 1543 1008 1596 veritas
1039 1557 1142 1596 non
1179 1542 1251 1596 sit
1274 1541 1328 1596 in
1359 1541 1494 1611 ipsis
1525 1557 1538 1593 :
1574 1537 1880 1606 cnjusmodi

1977 531 2163 586 Ταῦτα
2191 533 2249 586 δὲ
2280 533 2378 586 ὅλα
2399 531 2584 604 ῥύεται
2613 532 2705 586 τὸν
2733 531 2978 585 διάϐολον
3013 529 3218 592 παντὸς
3242 527 3440 597 ψόγου,
3474 529 3561 581 καὶ

1976 622 2144 692 ὲγκλή
2152 639 2338 693 ματος,
2388 623 2484 676 καὶ¹
2533 621 2809 694 μέμψεως·
2855 621 3028 684 οὐδεὶς
3063 620 3173 692 γὰρ
3205 619 3445 686 εὐλόγως
3499 618 3558 672 ἂν

1973 712 2151 782 ψέξαι,
2179 715 2212 784 ἢ
2247 714 2606 784 έγκαλέσαι,ἣ
2635 713 2907 785 μέμψαιτο
2926 713 3004 783 τῷ
3027 712 3100 784 μὴ
3129 712 3404 779 πεφυκότι
3432 712 3558 782 πρὸς

1973 800 2045 853 τὰ
2077 802 2379 872 κρείττονα.
2423 802 2652 874 ’Δτυχὴς
2678 799 2770 857 οὖν
2804 802 3001 874 μᾶλλον
3026 803 3060 873 ἢ
3093 802 3297 872 ψεκτὸς
3326 802 3356 852 δ
3382 801 3555 855 διάϐο-

1974 893 2063 957 λος
2111 896 2250 949 κατὰ
2300 895 2388 949 τὸν
2431 895 2783 968 Ἦρακλέωνά
2831 898 2998 950 ἐστιν.
3045 895 3244 949 ’ἰστέον
3287 893 3554 964 μέντοιγε,

1976 985 2079 1046 ὅτι,
2111 984 2296 1057 ὥσπερ
2321 989 2349 1040 ὁ
2370 987 2612 1053 διάϐολος
2633 991 2690 1042 ὲν
2709 992 2774 1059 τῇ
2807 987 3032 1058 ἀληθείᾳ
3056 981 3154 1056 οὐχ
3193 986 3454 1056 ἕστηκεν,
3481 986 3556 1040 ὅτι

1979 1079 2079 1131 οὐκ
2108 1077 2253 1130 ἐστιν
2289 1077 2514 1148 ἀλήθεια
2548 1081 2606 1133 ὲν
2638 1078 2809 1150 αὐτῷ,
2845 1077 3015 1141 οὕτως
3047 1079 3142 1130 καὶ
3171 1077 3222 1130 οἱ
3257 1078 3328 1129 ὲκ
3357 1076 3560 1148 πατρὸς

1979 1167 2075 1221 τοῦ
2095 1168 2340 1222 διαϐόλου
2372 1170 2524 1234 ὄντες
2552 1173 2609 1225 ὲν
2637 1174 2703 1242 τῇ
2733 1169 2960 1241 ἀληθείᾳ
2992 1171 3090 1240 οὐχ
3119 1171 3446 1240 ἑστήκασιν,
3485 1169 3562 1222 ὅτι

1983 1259 2212 1331 ἀλήθεια
2251 1263 2352 1316 οὐκ
2406 1263 2554 1316 ἐστιν
2593 1265 2650 1316 ὲν
2679 1264 2882 1327 αὐτοῖς’
2927 1262 3127 1326 πάντες
3155 1261 3214 1315 δὲ
3239 1261 3482 1316 τοιοῦτοι
3522 1263 3566 1315 oi

1984 1351 2064 1404 ἔτι
2095 1353 2376 1418 ποιοῦντες
2401 1356 2695 1428 ἁμαρτίας,
2731 1355 2832 1409 κᾶν
2863 1355 3094 1424 λέγωσιν
3126 1351 3267 1408 εῖναι
3310 1355 3566 1426 Χνριστοῦο

1985 1444 2094 1508 πᾶς
2113 1445 2220 1517 γὰρ
2241 1449 2273 1500 ὀ
2289 1447 2475 1502 ποιῶν
2499 1448 2613 1517 τὴν
2639 1448 2928 1517 ἁμαρτίαν
2953 1449 3022 1502 ἐκ
3039 1447 3145 1502 τοῦ
3169 1447 3461 1502 διαϐόλου
3481 1465 3564 1517 τε-

1988 1535 2292 1607 γέννηται.

306 1643 434 1686 sunt
485 1648 676 1690 omnes
706 1636 1005 1692 etiamnmn
1049 1646 1362 1707 peccantes,
1393 1637 1607 1692 etiamsi
1645 1633 1849 1689 Christi
1900 1645 1960 1686 se
1989 1634 2172 1688 dicant
2199 1650 2355 1704 esse;
2407 1636 2586 1692 omnis
2611 1639 2757 1693 enim
2804 1638 2896 1708 qui
2937 1637 3215 1692 committit
3267 1647 3564 1705 peccatum,

307 1739 374 1777 ea:
399 1725 608 1780 diabolo
644 1737 719 1781 est
742 1729 814 1784 ".

377 1815 474 1870 ‘23.
496 1815 627 1871 Cum
645 1819 880 1887 loquitur
897 1822 1250 1888 mendacium,
1278 1839 1342 1877 ex
1364 1825 1595 1892 propriis
1624 1821 1878 1892 loquitur,

2064 1819 2142 1874 25.
2170 1820 2356 1872 Ὅταν
2379 1818 2544 1887 λαλῇ
2577 1818 2643 1873 τὸ
2671 1818 2918 1888 ψεῦδος,
2941 1819 3010 1873 ἐκ
3030 1819 3152 1874 τῶν
3186 1818 3359 1874 ιδιων
3379 1818 3568 1883 λαλεῖ,

306 1910 556 1977 quoniam
603 1915 831 1966 mendax
874 1924 972 1976 est,
1005 1923 1052 1966 et
1085 1926 1232 1981 pater
1256 1915 1372 1984 ejus
1394 1917 1462 1970 ’⁸.
1491 1915 1758 1983 Quoniam
1787 1929 1884 1967 ex-

311 2011 575 2068 ponentes
605 2003 757 2066 illud,
791 2021 881 2057 vos
913 2022 978 2058 ea:
997 2017 1144 2072 patre
1168 2007 1380 2059 diabolo
1408 2009 1534 2062 estis
1565 2007 1635 2071 “,
1676 2019 1884 2060 memo-

311 2105 403 2146 res
433 2092 592 2161 hujus
617 2094 744 2148 dieti
785 2098 1212 2165 anticipavimus
1241 2099 1424 2154 dicere
1451 2113 1570 2168 qua:
1595 2099 1750 2154 nobis
1772 2107 1884 2152 tum

311 2182 366 2236 in
415 2183 561 2239 hunc
595 2193 801 2239 textum
853 2197 1267 2254 succurrerunt,
1307 2199 1612 2259 quarrentes
1645 2191 1772 2259 quid
1813 2189 1887 2244 sit

312 2274 680 2339 mendacium,
712 2285 768 2330 et
793 2277 924 2345 quid
952 2278 1019 2332 sit
1043 2287 1197 2347 pater
1217 2279 1332 2350 ejus
1353 2280 1886 2350 ;expendendaquo-

268 2352 271 2353 ⁷
309 2379 422 2434 que
455 2380 600 2420 nunc
631 2376 759 2421 sunt
793 2384 915 2421 cum
953 2369 1066 2424 illis
1096 2385 1216 2439 quae
1248 2386 1277 2424 a
1311 2372 1468 2426 nobis
1515 2373 1790 2426 dicentur.
1822 2371 1888 2426 Et

311 2454 551 2510 arbitror
597 2471 697 2526 ego
730 2473 946 2513 onmem
995 2461 1244 2529 spiritum
1276 2463 1477 2516 malum
1527 2473 1582 2518 et
1617 2463 1883 2529 fallacem,

314 2547 653 2603 mendacium
689 2562 831 2616 esse,
888 2563 943 2606 et
999 2569 1438 2624 unumquemque
1493 2557 1707 2620 horum,
1761 2573 1884 2612 cum

313 2635 574 2704 loquitur,
623 2653 688 2692 ex
734 2643 972 2710 propriis
1022 2643 1194 2713 loqui,
1248 2661 1354 2700 non
1392 2662 1457 2701 ex
1516 2649 1603 2703 his
1635 2665 1756 2718 qua:
1791 2649 1886 2704 Dei

311 2737 486 2781 sunt:
522 2728 714 2785 horum
748 2744 928 2787 autem
980 2737 1208 2790 mendax
1263 2749 1420 2807 pater
1471 2740 1720 2796 diabolus
1779 2753 1884 2795 est.

317 2815 469 2872 Unde
503 2835 634 2874 vero
663 2826 790 2878 muti
823 2825 1088 2882 fuerimus
1116 2837 1174 2882 ut
1202 2830 1510 2886 diceremus
1537 2849 1751 2887 omnem
1776 2849 1890 2887 ma-

312 2910 423 2964 lum
478 2913 726 2980 spiritum
783 2919 1126 2973 mendacium
1175 2934 1314 2984 esse,
1362 2937 1506 2977 nunc
1549 2923 1602 2976 in
1653 2923 1887 2978 medium

313 3005 665 3060 adducemus.
701 3007 978 3079 Scriptum
1009 3022 1091 3066 est
1116 3012 1284 3085 346
1325 3015 1376 3068 in
1407 3014 1548 3069 libro
1574 3017 1736 3070 tertio
1783 3016 1890 3071 Re-

312 3111 440 3164 gum
461 3096 507 3129 ⁸⁷
542 3117 557 3153 :
589 3097 682 3153 Sic
715 3100 852 3156 dixit
887 3101 1139 3157 Michmas
1191 3117 1418 3161 vocatus
1451 3107 1520 3161 ab
1546 3107 1733 3162 Achab
1764 3124 1888 3177 pro-

311 3188 572 3258 phetandi
599 3204 787 3256 causa,
819 3203 1002 3247 utrum
1035 3196 1138 3250 sibi
1169 3197 1505 3252 conduceret
1535 3199 1614 3252 ire
1644 3200 1694 3251 in
1723 3197 1890 3252 Ram-

315 3281 464 3334 tuoth
492 3279 694 3334 Galaad
720 3285 785 3336 ad
824 3284 1022 3339 bellum
1049 3302 1116 3340 an
1142 3303 1247 3342 non
1280 3305 1294 3342 :
1328 3287 1452 3344 Vidi
1476 3287 1641 3343 Deum
1675 3288 1892 3343 Israelis

315 3369 576 3423 sedentem
607 3373 660 3424 in
687 3375 818 3426 solio
841 3392 961 3442 suo,
999 3387 1048 3430 et
1080 3377 1252 3432 omnis
1281 3379 1540 3432 exercitus
1573 3378 1690 3432 caeli
1719 3379 1892 3432 stabat

305 3462 467 3533 juxta
510 3479 630 3516 eum
655 3467 722 3517 ad
754 3467 1023 3522 dexteram
1058 3469 1194 3538 ejus,
1229 3480 1279 3524 et
1324 3471 1394 3524 ad
1419 3473 1694 3525 sinistram
1723 3471 1837 3541 ejus
1872 3487 1892 3526 :

317 3554 552 3624 dixitque
586 3555 839 3613 Dominus
859 3574 878 3613 :
897 3559 1029 3624 Quis
1051 3563 1270 3631 decipiet
1297 3563 1476 3616 Achab
1506 3581 1670 3634 regem
1699 3563 1892 3631 Israel,

318 3657 366 3698 et
394 3652 657 3711 ascendet,
699 3660 747 3704 et
785 3653 936 3707 cadet
961 3654 1016 3707 in
1063 3653 1344 3709 Rammotlt
1377 3655 1588 3710 Galaad
1612 3659 1636 3713 ?
1660 3656 1894 3726 Cumque

320 3735 458 3789 alius
511 3740 660 3791 aliud
696 3742 912 3807 diceret,
967 3745 1333 3811 egrediebatur
1377 3747 1619 3815 spiritus,
1655 3757 1704 3800 et
1751 3749 1893 3802 stetit

321 3843 500 3882 coram
538 3829 785 3897 Domino,
813 3845 860 3887 et
881 3835 956 3888 ait
983 3853 1000 3890 :
1032 3836 1146 3907 Ego
1181 3839 1440 3906 decipiam
1471 3855 1630 3906 eum;
1663 3841 1895 3907 dixitque

318 3919 390 3972 ad
426 3937 542 3976 eum
575 3922 878 3982 Dominus:
913 3927 1030 3992 Qua
1072 3929 1128 3982 iu
1167 3930 1260 3983 re?
1303 3939 1350 3984 et
1401 3931 1575 3985 dixit:
1610 3931 1894 4001 Egredior,

318 4025 370 4066 et
404 4029 494 4066 ero
529 4016 748 4082 spiritus
777 4021 1038 4074 mendacii
1075 4023 1126 4075 in
1154 4039 1242 4076 ore
1270 4025 1502 4078 omnium
1525 4028 1896 4096 prop/telarum

318 4103 459 4174 ejus.
487 4105 554 4160 Et
587 4109 637 4160 in
662 4112 902 4164 secundo
919 4109 1369 4182 Paralipomenon
1390 4118 1435 4148 ⁰⁸
1491 4120 1607 4188 ipse
1648 4120 1896 4176 Michteas

324 4197 393 4249 ad
443 4197 634 4252 Achab
675 4208 728 4254 et
757 4199 1022 4272 Josaphat
1065 4205 1241 4274 inquit.
1274 4222 1287 4260 :
1325 4209 1517 4263 Audite
1547 4211 1758 4264 uerbum
1792 4209 1899 4264 Do-

321 4289 475 4343 mini.
519 4287 635 4344 Vidi
663 4291 942 4348 Dominum
972 4298 1234 4351 sedentem
1265 4301 1317 4353 in
1341 4301 1474 4354 solio
1499 4318 1618 4365 suo,
1646 4312 1695 4356 et
1725 4304 1896 4356 omnis

322 4383 555 4449 potentia
587 4384 700 4438 caeli
731 4388 903 4441 stabat
928 4393 996 4442 ad
1019 4389 1258 4444 dextram
1297 4393 1430 4462 ejus,
1458 4405 1503 4449 et
1532 4397 1600 4449 ad
1629 4397 1897 4450 sinistram

1986 1909 2078 1964 ὅτι
2098 1911 2373 1978 ψεύστης
2391 1909 2543 1974 ἐστὶ,
2571 1911 2669 1964 καὶ
2691 1914 2724 1965 ὁ
2752 1911 2946 1979 πατὴρ
2969 1911 3174 1966 αὐτοῦ.
3199 1910 3569 1983 Προλαϐόντες

1989 2003 2086 2074 μὲν
2136 2004 2217 2066 εἰς
2260 2003 2338 2056 τό·
2397 2003 2584 2073 Ὑμεῖς
2613 2003 2681 2058 ἐκ
2740 2003 2846 2058 τοῦ
2880 2003 3101 2072 πατρὸς
3131 2003 3240 2057 τοῦ
3283 2004 3565 2058 διαϐόλου

1984 2092 2145 2156 ἐστὲ,
2181 2094 2665 2166 ἐμνημονεύσαμεν
2679 2094 2774 2149 τοῦ
2799 2095 2984 2167 ῥητοῦ,
3010 2096 3104 2148 καὶ
3133 2094 3202 2148 τὰ
3227 2096 3567 2149 ὑποπεσόντα

1985 2185 2117 2255 ἡμῖν
2143 2187 2223 2248 εἰς
2248 2186 2378 2239 αὐτὸ
2407 2189 2728 2259 εἰρήκαμεν,
2753 2186 3042 2258 ζητοῦντες
3062 2188 3116 2241 τί
3143 2187 3206 2240 τὸ
3236 2187 3460 2256 ψεῦδος,
3482 2190 3569 2240 καὶ

1985 2273 2076 2326 τὸν
2125 2273 2337 2346 πατέρα
2379 2276 2560 2342 αὑτοῦ,
2603 2276 3050 2342 συνεξετάζεσθαι
3090 2277 3170 2330 δεῖ
3211 2279 3327 2348 (85)
3367 2279 3464 2331 καὶ
3505 2279 3569 2332 τὰ

1986 2361 2360 2436 λεχθησόμενα
2391 2363 2488 2419 νῦν
2516 2366 2766 2429 ἐκεινοις.
2801 2368 2916 2420 Πᾶν
2949 2366 3166 2438 πνεῦμα
3188 2368 3434 2440 πονηρὸν
3482 2369 3570 2422 καὶ

1987 2458 2264 2530 ἀπατηλὸν
2297 2458 2504 2530 νομίζω
2540 2455 2680 2512 εἶναι
2718 2459 2932 2530 ψεῦδος,
2969 2461 3063 2513 καὶ
3103 2460 3339 2514 ἕκαστον
3369 2461 3569 2515 τούτων

1985 2551 2112 2605 ὅταν
2147 2551 2304 2622 λαλῇ,
2333 2554 2397 2604 ὲκ
2440 2551 2549 2605 τῶν
2581 2551 2747 2616 ἰδίων,
2793 2553 2887 2605 καὶ
2924 2552 3184 2624 μηδαμῶς
3211 2555 3277 2606 ἐκ
3317 2553 3432 2606 τῶν
3481 2553 3568 2607 τοῦ

1987 2641 2122 2696 Θεοῦ
2158 2642 2358 2695 λαλείνο
2388 2643 2594 2696 τούτων
2636 2645 2693 2696 δὲ
2723 2645 2752 2696 ὁ
2789 2643 3028 2716 ψεύστης
3058 2645 3241 2716 πατὴρ
3266 2645 3296 2696 ὁ
3327 2645 3570 2709 διώϐολός

1988 2734 2124 2788 ἐστι.
2162 2734 2331 2789 Πόθεν
2357 2734 2413 2787 δὲ
2446 2735 2778 2806 ὲκινήθημεν
2807 2739 2886 2801 εἰς
2910 2737 2971 2790 τὸ
2997 2739 3103 2791 πᾶν
3141 2741 3325 2810 χεῖρον
3357 2739 3568 2810 πνεῦμα

1985 2825 2180 2895 ψευδὲς
2233 2827 2426 2887 εἰπεῖν,
2491 2826 2586 2880 νῦν
2634 2827 3086 2899 παραθησόμεθα.
3143 2828 3464 2899 Γέγραπται
3511 2832 3567 2882 ὲν

1985 2923 2054 2991 τῇ
2108 2925 2158 2989 γ’
2219 2918 2327 2972 τῶν
2377 2918 2702 2985 Βασιλειῶν,
2767 2921 2844 2983 ὡς
2903 2919 3012 2991 ἄρα
3060 2919 3300 2988 Μιχαίας
3353 2919 3569 2992 κληθεὶς

1988 3012 2092 3065 ὑπὸ
2149 3011 2243 3065 τοῦ
2321 3010 2522 3082 Ἀχαὰϐ
2582 3010 2691 3083 (86)
2753 3012 2833 3075 εἰς
2889 3011 2949 3063 τὸ
3015 3011 3392 3082 προφητεῦσαι
3445 3013 3568 3084 περὶ

1989 3102 2110 3163 τοῦ,
2147 3102 2373 3175 πότερον
2435 3102 2584 3174 αὐτῷ
2613 3102 2845 3174 καθήκει
2893 3103 3223 3174 πορευθῆναι
3264 3106 3347 3167 εἰς
3403 3105 3567 3175 Ῥαμ-

1996 3192 2112 3263 μὼθ
2174 3193 2386 3248 Γαλαὰδ
2439 3194 2547 3266 (87)
2604 3196 2684 3258 εἰς
2748 3195 3003 3265 πόλεμον,
3070 3195 3104 3268 ἢ
3165 3199 3432 3268 ἐπισχεῖν,
3491 3197 3568 3250 τό⁸

1993 3279 2174 3336 Εἶδον
2247 3282 2396 3337 Θεὸν
2472 3283 2712 3354 Ἰσραὴλ
2780 3283 3122 3353 καθήμενον
3189 3286 3287 3339 ἐπὶ
3359 3287 3568 3354 θρόνου

1992 3375 2198 3438 αὑτοῦ,
2230 3376 2328 3429 καὶ
2375 3373 2545 3430 πᾶσα
2572 3378 2610 3444 ἠ
2643 3376 2925 3444 στρατεία
2949 3375 3056 3430 τοῦ
3088 3377 3350 3445 οὐρανοῦ
3377 3377 3570 3443 εἱστή-

1994 3485 2082 3521 κει
2108 3467 2241 3536 περὶ
2257 3467 2444 3522 αὐτὸν
2473 3467 2542 3522 ἐκ
2561 3467 2774 3533 δεξιῶν
2801 3469 3012 3533 αὑτοῦ,
3039 3471 3136 3524 καὶ
3170 3470 3238 3535 ἐξ
3256 3471 3570 3539 εὐωνύμου·

1993 3561 2198 3614 αὑτοῦ·
2237 3561 2334 3614 καὶ
2355 3557 2506 3613 εἷπε
2546 3562 2644 3628 Τίς
2673 3562 2972 3630 ἀπατήσει
3003 3561 3113 3616 τὸν
3155 3561 3370 3630 Ἄχαὰϐ
3394 3563 3562 3626 ,ϐασι-

1993 3655 2106 3711 λέα
2159 3653 2420 3721 Ἰσραὴλ,
2445 3653 2542 3708 καὶ
2599 3653 2988 3718 ἀναϐήσεται,
3040 3652 3137 3706 καὶ
3191 3651 3462 3706 πεσεῖται
3505 3651 3569 3704 ἐν

2006 3744 2270 3816 Ῥαμμὼθ
2312 3743 2596 3809 Γαλαάδ;
2621 3743 2733 3798 Καὶ
2777 3740 2948 3798 εἶπεν
2985 3743 3172 3809 οὕτως
3201 3742 3271 3796 ἐν
3310 3743 3414 3796 σοι
3442 3743 3565 3813 (88)⁶

1997 3838 2093 3891 καὶ
2114 3836 2333 3906 ἐξῆλθε
2353 3835 2609 3904 πνεῦμα,
2631 3834 2729 3888 καὶ
2755 3834 2902 3903 ἔστη
2933 3833 3192 3887 ἐνώπιον
3214 3835 3457 3901 Κυρίου,
3477 3834 3566 3887 καὶ

1997 3923 2184 3981 εἶπενο
2215 3925 2358 3997 Ἐγὼ
2379 3925 2668 3992 ἀπατήσω
2691 3926 2895 3979 αὐτόν’
2927 3924 3027 3978 καὶ
3054 3920 3183 3977 εἷπε
3209 3923 3361 3991 πρὸς
3394 3925 3570 3977 αὐτον

1997 4022 2229 4088 Κύριος·
2292 4021 2391 4074 Ἐν
2432 4020 2582 4083 τίνι;
2613 4019 2712 4073 καὶ
2755 4019 2943 4072 εἷπενο
2991 4016 3437 4086 Ἐ’ξελεύσομαι,
3477 4017 3567 4070 καὶ

1997 4114 2208 4183 ἔσομαι
2233 4114 2466 4182 πνεῦμα
2484 4110 2749 4180 ψεύδους
2773 4113 2858 4177 εὶς
2886 4109 2953 4164 τὸ
2986 4114 3178 4180 στόμα
3203 4109 3445 4163 πάντων
3462 4108 3570 4162 τῶν

1999 4203 2316 4275 προφητῶν
2338 4204 2526 4258 αὐτοῦ
2553 4202 2685 4274 (89).
2726 4205 2837 4256 Καὶ
2874 4205 2930 4256 ὲν
2969 4205 3034 4275 τῇ
3073 4203 3301 4274 δευτέρᾳ
3330 4201 3440 4254 τῶν
3466 4202 3570 4254 Πα-

2003 4296 2406 4368 ρα-λειπομένων
2433 4298 2462 4350 ὁ
2493 4295 2655 4358 αὐτὸς
2687 4295 2924 4364 Μιχαίας
2952 4294 3090 4367 πρὸς
3111 4294 3202 4348 τὸν
3244 4293 3451 4365 Ἀχαάϐ
3475 4311 3569 4363 φη·

2002 4406 2076 4452 σι,
2109 4389 2203 4442 καὶ⁴
2247 4388 2338 4441 τὸν
2400 4387 2688 4456 Ἰωσαφάτ·
2755 4388 3070 4441 Ἀκούσατε
3097 4388 3285 4456 λόγον
3333 4387 3566 4455 Κυρίου.

324 4475 438 4564 ejus
465 4493 486 4541 ;
513 4487 562 4532 et
597 4479 732 4535 dixit
770 4481 1023 4539 Dominus
1047 4499 1066 4537 :
1098 4486 1228 4551 Quis
1259 4488 1484 4556 decipiet
1519 4491 1694 4543 Achab
1725 4507 1894 4560 regem

2064 4478 2180 4534 ἴδον
2213 4479 2321 4534 τὸν
2355 4481 2571 4549 Κύριον
2611 4479 2950 4550 καθήμενον
2982 4478 3082 4532 ἐπὶ.
3119 4480 3336 4546 θρόνου
3369 4477 3568 4540 αὐτοῦ,

327 4563 524 4633 Israel,
559 4581 610 4625 et
639 4577 902 4641 ascendet,
935 4588 982 4630 et
1003 4588 1212 4633 corruet
1243 4581 1302 4634 in
1343 4579 1623 4635 Rammoth
1651 4580 1896 4636 Galaad?

2064 4573 2099 4627 tl
2134 4571 2302 4628 πᾶσα
2330 4575 2368 4642 ἡ
2390 4573 2641 4642 δύναμις
2659 4573 2765 4627 τοῦ
2805 4570 3065 4639 οὐρανοῦ
3097 4568 3366 4637 εἱστήκει
3390 4571 3462 4623 ἐκ
3484 4568 3570 4623 δε-

325 4656 561 4732 Cumque
593 4665 731 4720 alius
764 4668 910 4722 aliud
936 4670 1178 4733 dixisset,
1211 4687 1445 4742 egressus
1473 4681 1552 4726 est
1585 4675 1828 4738 spiritus,
1849 4685 1896 4728 et

2064 4664 2144 4720 ῶν
2171 4665 2378 4731 αὐτοῦ,
2397 4666 2495 4719 καὶ
2516 4665 2586 4730 ἐξ
2602 4663 2930 4734 ἀριστερῶν
2951 4661 3158 4716 αὐτοῦ·
3182 4661 3281 4716 καὶ
3308 4656 3443 4714 εἷπε
3468 4661 3572 4715 Κύ-

325 4753 474 4818 stetit
508 4770 685 4809 coram
715 4756 956 4825 Domino,
982 4769 1031 4814 et
1067 4761 1203 4815 dixit
1229 4777 1248 4815 :
1285 4760 1400 4830 Ego
1439 4762 1696 4831 decipiam
1732 4778 1846 4814 eum
1878 4779 1898 4827 ,-

325 4853 378 4898 et
425 4843 561 4898 dixit
592 4846 846 4902 Dominus
876 4866 895 4904 :
929 4848 1046 4914 Qua
1075 4851 1132 4904 in
1161 4867 1216 4904 re
1237 4853 1263 4905 ?
1301 4861 1351 4904 et
1399 4852 1532 4906 dixit
1565 4867 1582 4904 :
1619 4851 1897 4921 Egredior,

325 4945 378 4990 et
409 4951 501 4991 ero
531 4937 744 5007 spiritus
783 4942 1014 4995 mendas:
1045 4942 1102 4995 in
1137 4957 1225 4996 ore
1262 4944 1494 4996 omnium
1522 4944 1897 5014 prophetarum

325 5027 464 5099 eius.
498 5029 699 5098 Aperte
740 5030 906 5100 igitur
952 5046 1017 5086 ex
1053 5031 1137 5087 his
1192 5033 1506 5088 declaratur
1535 5033 1676 5104 quod
1730 5035 1774 5089 si
1813 5043 1898 5088 est

326 5121 525 5190 aliquis
551 5124 776 5191 spiritus
799 5126 1052 5190 mendax,
1081 5127 1306 5197 spiritus
1335 5128 1499 5182 etiam
1538 5125 1764 5188 similes,
1787 5129 1900 5196 spi-

330 5212 470 5268 ritus
490 5224 620 5268 sunt
653 5216 942 5271 mendaces
971 5236 984 5271 :
1022 5219 1223 5288 quippe
1261 5219 1351 5288 qui
1381 5235 1410 5272 a
1443 5226 1599 5287 patre
1621 5234 1718 5272 suo
1749 5234 1901 5271 meu-

329 5303 466 5361 dace
518 5309 832 5380 acceperint
883 5325 1003 5367 esse
1052 5312 1279 5382 spiritus
1331 5312 1621 5367 mendaces
1677 5321 1900 5381 prOpter

401 5448 451 5482 “
473 5449 495 5506 Ι
521 5451 674 5510 Joan.
705 5473 790 5523 ιιι,
813 5457 867 5514 8.

537 5577 712 5654 Codex
747 5583 967 5654 lic-gius,
985 5582 1066 5645 δέ,
1093 5585 1251 5640 male.

409 5647 718 5726 (iudex
742 5647 961 5726 Regius,
1002 5655 1233 5726 Ἀχαάμ,
1267 5663 1322 5708 et
1345 5655 1421 5710 sic
1448 5656 1678 5725 ubique.

410 5715 891 5794 t§1tgttenncottéx
920 5715 1140 5794 negtiis,
1168 5715 1403 5779 Γαλαὰθ.

412 5781 528 5855 (88)
553 5782 698 5842 Libri
724 5802 877 5848 antea
905 5781 1052 5862 cdiii,
1073 5781 1163 5851 καὶ
1188 5795 1335 5851 εἶπεν
1358 5793 1508 5861 οὗτος
1530 5795 1698 5862 οὕτως
1723 5799 1778 5854 ὲν
1798 5799 1896 5851 σοί.

1993 4775 2144 4826 ριοςο
2182 4759 2274 4825 Τίς
2302 4755 2600 4823 ἀπατήσει
2636 4756 2746 4810 τὸν
2779 4753 2993 4824 Ἀχαὰό
3011 4755 3288 4819 ,βασιλέα
3317 4751 3569 4821 Ἰσραὴλ,

1999 4851 2098 4904 καὶ
2119 4851 2502 4918 ἀναϐήσεται,
2520 4849 2619 4904 καὶ
2634 4847 2900 4903 πεσεῖται
2919 4847 2989 4901 ὲν
3014 4845 3276 4915 Ῥαμμὼθ
3301 4844 3569 4908 Palatii;

2000 4943 2111 4998 Καὶ
2145 4939 2314 4997 εἶπεν
2358 4939 2552 5010 οὗτος’
2598 4943 2696 4998 καὶ
2741 4939 2962 5010 ἐξῆλθε
3009 4940 3121 5011 (90)
3169 4938 3429 5008 πνεῦμα,
3479 4939 3568 4991 καὶ

2003 5035 2152 5103 ἔστη
2181 5034 2440 5089 ἐνώπιον
2479 5035 2722 5103 Κυρίου,
2761 5034 2859 5087 καὶ
2900 5028 3086 5086 εἶπεν·
3116 5030 3264 5100 Ἐγὼ
3289 5030 3569 5098 ἀπατήσω

2004 5128 2210 5181 αὐτόν·
2233 5129 2329 5182 καὶ
2357 5125 2486 5182 εἷπε
2510 5128 2744 5195 Κύριος·
2777 5127 2876 5179 Ἐν
2907 5125 3059 5188 τίνι;
3093 5125 3191 5177 καὶ
3216 5119 3408 5177 εἶπεν·
3429 5122 3568 5186 Ἐξε-

2007 5222 2320 5290 λεύσομαι,
2369 5221 2468 5274 καὶ
2481 5205 2701 5290 ἔσομαι
2725 5217 2960 5288 πνεῦμα
2986 5216 3210 5287 ψευδὲς
3237 5217 3309 5269 ἐν
3332 5217 3568 5284 στόματι

2009 5313 2248 5369 πάντων
2277 5314 2397 5368 τῶν
2417 5311 2736 5384 προφητῶν
2767 5309 2976 5366 αὐτοῦ.
3001 5309 3194 5379 Σαφῶς
3225 5305 3318 5363 οὖν
3344 5308 3434 5362 διὰ
3457 5306 3568 5360 τού-

965 5460 1012 5492 ⁸⁵
1039 5458 1197 5519 Joan.
1227 5476 1348 5528 vm,
1377 5460 1466 5515 tu.
1543 5460 1590 5492 “
1613 5460 1743 5515 ibid.
1819 5461 1863 5493 ’⁷
1892 5463 1958 5519 lll
1993 5466 2134 5538 Reg.
2157 5483 2250 5524 nt
2292 5467 2363 5525 20
2413 5474 2539 5536 seq.’
2609 5463 2656 5496 ³⁸
2688 5461 2733 5516 ΙΙ
2755 5461 2879 5516 Par.
2914 5475 3070 5524 svnt,
3104 5457 3170 5514 l8
3195 5468 3249 5512 et
3271 5473 3388 5526 seq.

2047 5587 2187 5670 ~(89)
2217 5590 2398 5668 (inde!
2427 5585 2647 5670 Regius,
2677 5583 2871 5654 ψευδὲς
2925 5584 3004 5646 εἰς
3031 5580 3092 5635 τὸ
3143 5579 3318 5649 στόμα
3365 5577 3562 5631 πάναιιν

2004 5675 2125 5731 των-
2145 5675 2439 5731 προφητων
2466 5672 2687 5731 τουτῳν.
2722 5726 2732 5731 _
2890 5716 2915 5731 τ
3077 5719 3098 5731 _
3269 5721 3280 5731 _
3299 5717 3350 5731 η

2081 5716 2359 5799 ιθυίιᾶείιι
2398 5729 2564 5784 codex
2604 5726 2824 5794 Regius,
2861 5716 3014 5785 οὗτος
3045 5719 3234 5786 οὕτως,
3265 5716 3471 5790 ἐξῆλθε.
