3688 6146
410 336 524 394 ΜΞ

412 453 574 508 timum
608 460 848 521 tempore
874 449 1051 505 Pontii
1096 447 1257 503 Pilati
1284 449 1335 502 in
1368 447 1578 515 Iudaea,
1615 466 1718 504 non
1748 453 1971 506 credunt

408 553 587 597 autem
618 541 673 595 in
704 556 828 596 eum
863 543 955 610 qui
991 549 1148 594 natus
1170 549 1344 595 estex
1378 542 1545 596 Maria
1581 544 1815 611 virgine,
1846 545 1974 598 lii-in

406 648 531 689 eum
558 634 788 688 credunt
835 643 891 689 et
923 634 976 687 in
1006 648 1128 689 eum
1175 651 1280 689 non
1333 636 1583 690 credunt.
1631 636 1978 705 Rursumque

405 725 499 795 qui
533 726 765 780 credunt
800 725 854 779 in
904 724 1114 790 Jesum,
1154 729 1249 794 qui
1279 726 1410 781 fecit
1442 729 1493 781 in
1517 726 1699 784 Judzea
1734 729 1885 798 signa
1921 736 1977 783 et

404 817 650 886 prodigia
679 832 801 886 quae
834 816 1039 884 scripta
1076 827 1227 881 sunt,
1264 834 1369 873 non
1405 822 1643 875 credunt
1688 831 1869 875 autem
1915 821 1970 874 in

403 905 588 963 Jesum
623 907 820 962 Filium
856 909 1105 979 ejusqui
1155 908 1282 964 fecit
1321 913 1519 966 «telum
1556 923 1613 966 et
1653 922 1878 978 terram,
1920 913 1970 966 in

406 998 573 1055 Deum
602 1001 828 1055 credunt
848 1011 902 1055 et
920 1016 1027 1055 non
1049 1001 1300 1055 credunt.
1323 1003 1400 1056 Ac
1428 1019 1615 1057 rursus
1632 1006 1720 1073 qui
1748 1005 1973 1058 credunt

406 1089 462 1146 in
491 1089 705 1144 Patrem
727 1090 852 1145 Jesu
881 1091 1105 1159 Christi,
1134 1110 1239 1148 non
1260 1094 1487 1149 credunt
1517 1103 1698 1149 autem
1725 1095 1778 1150 in
1804 1095 1971 1163 Opili-

403 1195 522 1237 cem
546 1183 937 1252 Factoremquc
971 1184 1128 1252 hujus
1147 1187 1411 1251 universi,
1438 1187 1489 1242 hi
1517 1189 1567 1240 in
1590 1202 1712 1242 eum
1740 1190 1970 1245 credunt.

404 1285 461 1328 et
494 1289 598 1328 non
631 1277 880 1328 credunt.
917 1274 1093 1340 Atque
1119 1277 1373 1344 equidem
1402 1278 1493 1345 qui
1531 1282 1760 1333 credunt
1786 1280 1837 1333 in
1864 1278 1971 1333 Fa-

404 1377 610 1422 ctorem
637 1366 761 1422 caeli
794 1377 848 1422 et
869 1366 1034 1439 34.8
1067 1378 1253 1434 terra};
1285 1385 1391 1424 non
1423 1372 1654 1426 credunt
1683 1384 1864 1426 autem
1915 1376 1969 1426 in

402 1458 618 1514 Patrem
648 1456 773 1513 Jesu
787 1459 1035 1514 cruciﬁxi
1065 1468 1306 1528 tempore
1325 1460 1498 1516 Pontii
1522 1462 1701 1527 Pilati,
1727 1462 1778 1516 in
1801 1462 1967 1516 Deum

396 1549 629 1603 credunt
664 1556 720 1602 et
755 1563 860 1602 non
905 1549 1151 1603 credunt.
1194 1549 1274 1603 Ne
1305 1550 1468 1620 igitur
1501 1551 1685 1605 statim
1725 1551 1798 1605 sit
1837 1566 1974 1605 con-

403 1640 678 1704 trarietas,
711 1641 936 1709 perinde
963 1641 1119 1711 quasi
1156 1642 1247 1715 qui
1284 1642 1393 1697 hoc
1432 1644 1626 1698 scribit
1662 1641 1967 1709 huiusmodi

400 1730 779 1799 Evangelium,
806 1744 911 1783 non
939 1731 1124 1783 itidem
1155 1731 1256 1784 hoc
1279 1729 1636 1799 perspexerit,
1654 1730 1801 1784 dices
1825 1732 1966 1796 quod

401 1821 589 1875 dicens
620 1822 702 1876 eis
747 1823 841 1890 qui
875 1820 1227 1875 crediderant
1270 1821 1320 1875 ei
1367 1820 1608 1876 Iudaeis:
1648 1820 1760 1891 Ego
1796 1832 1968 1873 autem

400 1914 527 1983 quia
559 1913 825 1967 veritatem
864 1914 1007 1978 dico,
1049 1928 1151 1967 non
1190 1913 1405 1967 creditis
1435 1913 1564 1965 mihi
1587 1913 1628 1975 ⁸,
1670 1911 1967 1965 secundum

399 2018 564 2058 unam
593 2004 1086 2059 considerationem
1103 2003 1779 2068 credentibus,secundum
1805 2003 1966 2057 aliam

400 2097 892 2152 considerationem
937 2111 1044 2150 non
1092 2096 1448 2150 credentibus
1486 2096 1601 2150 haec
1641 2095 1860 2151 dixerit.
1904 2094 1969 2150 Et

401 2201 554 2243 certe
582 2199 1011 2244 consentaneum
1037 2189 1439 2245 estcredidisse
1463 2188 1678 2258 quidem
1707 2188 1967 2257 eosjuxta

400 2282 776 2349 apparentiam
826 2290 1053 2350 propter
1093 2281 1364 2350 prodigia,
1404 2290 1461 2335 et
1509 2296 1615 2337 non
1667 2282 1969 2336 credidisse

397 2371 564 2426 dictis
600 2372 767 2440 ipsius
799 2371 1261 2442 profundioribus.
1287 2371 1520 2428 Proinde
1571 2373 1677 2427 hoc
1720 2373 1918 2428 dictum
1950 2389 1966 2428 :

404 2461 546 2527 Quia
567 2464 835 2516 ueritatem
863 2464 1007 2527 dico,
1032 2479 1134 2517 non
1153 2465 1371 2519 creditis
1402 2461 1550 2527 mihi,
1577 2465 1964 2519 convenitcutn

403 2552 840 2634 ilionngnoscetis
869 2554 1186 2617 veritatem;
1228 2554 1370 2622 quod
1420 2555 1646 2623 perinde
1682 2564 1790 2619 est,
1826 2570 1889 2608 ac
1917 2554 1963 2609 si

400 2660 509 2703 non
552 2655 915 2713 agnoscerent
964 2646 1286 2711 veritatem;
1341 2656 1599 2715 tanquam
1647 2646 1691 2700 si
1729 2646 1963 2702 diceret:

401 2737 683 2806 Quatenus
720 2738 962 2808 prodigia
1007 2739 1172 2803 facio,
1222 2738 1446 2793 creditis
1489 2738 1651 2804 mihi;
1702 2748 1967 2807 quatenus

398 2840 590 2887 autem
621 2832 907 2886 veritatem
947 2831 1091 2896 dico,
1131 2846 1237 2886 non
1268 2830 1497 2886 creditis
1537 2829 1689 2884 mihi.
1721 2828 1837 2884 Hoc
1880 2845 1969 2883 au-

401 2932 511 2976 tem
540 2937 681 2976 nunc
708 2923 873 2976 etiam
905 2921 958 2975 in
993 2921 1178 2977 multis
1206 2937 1430 2978 cernere
1482 2923 1655 2993 possis
1692 2921 1967 2977 admiran-

398 3013 549 3069 tibus
570 3013 788 3083 quidem
809 3011 1014 3078 Jesum,
1045 3029 1167 3068 cum
1195 3014 1337 3068 illius
1365 3014 1608 3069 historia:
1646 3015 1964 3078 intendunt;

402 3105 550 3160 haud
580 3105 658 3159 ita
684 3118 816 3160 vero
858 3105 1229 3169 credentibus,
1259 3106 1422 3160 simul
1451 3115 1615 3174 atque
1650 3105 1967 3174 profundior

401 3209 466 3249 ac
490 3196 679 3264 major,
709 3211 870 3267 quam
892 3210 987 3266 pro
1013 3209 1172 3265 captu
1207 3197 1470 3267 ipsorum,
1501 3198 1769 3265 explicata
1804 3197 1968 3252 fuerit

410 3287 518 3342 illis
547 3288 711 3351 ratio,
742 3288 835 3343 sed
855 3289 1259 3359 suspicantibus
1278 3289 1423 3342 illam
1445 3302 1566 3344 esse
1581 3288 1794 3343 falsam.
1824 3288 1966 3354 Quo-

397 3380 549 3434 circa
602 3379 994 3445 intendamus,
1066 3364 1135 3435 ne
1190 3381 1330 3436 forte
1382 3381 1540 3436 nobis
1595 3382 1760 3435 etiam
1824 3381 1969 3434 dicat

405 3469 601 3525 Sermo
628 3471 719 3526 Dei
744 3470 919 3526 Filius
945 3486 961 3525 :
987 3469 1129 3537 Quia
1152 3472 1425 3527 veritatem
1454 3472 1597 3538 dico,
1620 3486 1724 3525 non
1752 3471 1966 3525 creditis

401 3563 531 3616 mihi
538 3599 553 3616 .

475 3654 568 3709 25.
596 3653 729 3720 Quis
770 3670 837 3710 ea:
867 3654 1008 3710 vobis
1039 3655 1212 3725 arguit
1246 3671 1327 3709 me
1358 3655 1424 3710 de
1453 3666 1662 3725 peccato
1686 3655 1745 3709 "?
1775 3655 1967 3711 Sermo

400 3745 500 3800 Dei
538 3744 733 3812 Filius,
764 3760 887 3801 cum
918 3757 1113 3817 aperte
1142 3746 1478 3802 voluntatem
1507 3763 1659 3802 suam
1689 3748 1759 3802 ob
1784 3745 1969 3805 oculos

403 3837 702 3906 posuisset,
734 3839 805 3893 ita
837 3849 895 3894 ut
925 3854 993 3893 ne
1029 3854 1166 3893 unus
1202 3839 1422 3909 quidem
1464 3840 1794 3894 audientium
1837 3855 1997 3896 cou-'

405 3927 676 3982 tradicere
715 3939 922 3998 posset,
955 3929 1120 3982 etiam
1161 3930 1277 3984 haec
1311 3929 1465 3992 dicit,
1497 3930 1669 3985 visum
1706 3932 1969 3999 perstrin-

401 4031 539 4086 gens
575 4033 763 4071 eorum
806 4020 901 4086 qui
937 4019 1039 4074 sibi
1082 4034 1188 4074 non
1231 4021 1664 4075 assentiebautur
1708 4036 1725 4073 :
1768 4019 1822 4076 Si
1860 4037 1965 4076 non

400 4110 694 4164 ostenditis
718 4124 784 4165 ea
809 4126 929 4180 qua:
955 4111 1210 4165 dicuntur
1251 4126 1473 4182 peccata
1506 4127 1663 4176 esse,
1704 4111 1817 4181 jam
1843 4112 1967 4182 jure

402 4214 434 4252 a
469 4200 622 4253 vobis
644 4200 806 4270 exigo
840 4215 1187 4257 consensum.
1220 4201 1465 4273 Magnam
1496 4210 1673 4256 autem
1711 4201 1964 4256 ﬁduciam

404 4291 570 4348 habet
601 4293 910 4348 Servatoris
933 4293 1113 4348 oratio
1153 4293 1205 4348 in
1233 4295 1336 4349 hoc
1362 4295 1529 4360 dicto,
1565 4294 1711 4349 nullo
1750 4295 1967 4349 homine

403 4401 530 4440 cum
565 4401 629 4440 ea
671 4386 1001 4441 conﬁdentia
1031 4404 1149 4458 qua:
1174 4388 1419 4444 nascitur
1453 4404 1518 4445 ex
1554 4403 1660 4443 non
1691 4401 1965 4457 peccasse,

402 4479 584 4536 dicere
616 4481 862 4538 valente:
901 4482 1030 4548 Quis
1058 4499 1125 4539 ea:
1145 4484 1288 4537 vobis
1318 4483 1494 4553 arguit
1524 4499 1603 4536 me
1629 4483 1695 4535 de
1718 4481 1967 4548 peccato?

403 4572 502 4628 sed
541 4572 655 4627 solo
699 4574 924 4629 Domino
952 4583 1140 4630 nostro
1167 4575 1351 4630 dicere
1374 4574 1490 4628 haec
1513 4571 1729 4627 valente
1762 4571 1829 4626 ad
1853 4584 1970 4625 om-

476 4686 675 4746 ‘Joan.
710 4707 828 4757 vni,
856 4692 946 4747 45.
1027 4694 1047 4725 "
1072 4693 1203 4748 ibid.

476 4811 589 4880 (96)
625 4815 736 4868 Καὶ
776 4813 961 4870 πάλιν
1013 4817 1065 4869 οἱ
1115 4813 1503 4877 πιστεύοντες
1555 4808 1672 4879 μὲν
1723 4810 1811 4874 εὶς
1857 4806 1963 4861 τὸν

403 4882 765 4958 ποιήσαντα,
798 4886 1225 4958 etc._|nte_r__eos
1280 4884 1371 4953 qui
1391 4881 1696 4958 _Ch_ristum
1722 4893 1961 4958 "merum

408 4954 704 5018 hominem,
736 4969 841 5009 non
898 4955 990 5008 Dei
1042 4954 1258 5021 Filium,
1297 4949 1406 5007 'sed
1457 4952 1673 5021 virtute
1703 4949 1962 5021 divinitus

408 5022 594 5094 illapsa
629 5017 915 5098 pollentem
943 5017 1310 5098 crediderunt,
1337 5021 1611 5091 principes
1648 5017 1801 5098 fuere
1834 5018 1965 5098 Car-

407 5089 655 5163 poc'rates
677 5106 730 5149 et
758 5095 1068 5150 Cerinthus.
1100 5094 1193 5148 His
1248 5089 1625 5163 successerunt
1678 5089 1963 5163 Ebionilze,

405 5160 610 5233 aliique
644 5165 966 5234 complures,
991 5180 1127 5232 quos
1155 5163 1275 5219 loco
1311 5160 1805 5234 proxitue‘laudatq
1825 5172 1968 5210 com-

407 5225 675 5292 memorat
704 5225 1097 5299 Tlieodoretus,
1125 5236 1217 5288 sed
1249 5225 1516 5301 praecipue
1540 5230 1738 5301 Paulus
1771 5225 1968 5301 βιιιιιυ-

404 5315 649 5375 eatenus,
705 5307 795 5375 qui
833 5298 1197 5378 cumChristi
1249 5298 1968 5378 divinitatemlabefactare

406 5367 646 5431 conatus
668 5367 829 5442 esset,
852 5373 1427 5444 Antiochenassynodi
1470 5369 1832 5426 anathematis
1858 5367 1966 5419 l'ul-

408 5446 553 5500 mine
582 5448 799 5515 percelli
829 5446 1053 5499 meritus
1078 5455 1179 5498 est.
1209 5442 1471 5499 Hus'rtus.

477 5504 595 5586 (97)
619 5519 723 5583 Εὶς
742 5517 851 5571 τὸν
877 5516 1029 5570 Υὶόν.
1089 5515 1165 5569 Ita
1214 5523 1362 5568 recte
1403 5512 1585 5587 habet
1616 5509 1786 5587 codex
1814 5504 1969 5587 ~Bod-

407 5579 632 5647 leianus.
671 5579 838 5641 editio
871 5587 1069 5651 Huetii,
1101 5598 1408 5654 perperam,
1434 5583 1513 5643 εἰς
1538 5579 1630 5654 τὸν
1671 5579 1895 5654 Ἰησοῦν.

477 5654 588 5721 (98)
613 5659 717 5722 Είς
744 5656 851 5710 τὸν
881 5658 1029 5711 Θεὸν
1055 5648 1433 5711 πιστεύουσι.
1461 5654 1549 5722 lta_
1591 5651 1719 5718 legit
1770 5648 1967 5722 erra-

412 5717 547 5795 rio},
571 5717 731 5795 'e_t_it'a
763 5728 1068 5795 legendum,
1101 5728 1183 5781 vel
1204 5728 1284 5788 είς
1314 5723 1406 5776 τὸν
1434 5719 1597 5795 αὐτὸν
1629 5717 1962 5795 πιστεύουσι.

408 5784 587 5846 Editio
610 5793 786 5850 ﬂuetii
812 5784 1093 5867 perperam
1117 5784 1280 5854 habet
1300 5796 1381 5858 εἰς
1412 5792 1503 5845 τὸν
1527 5788 1856 5843 πιστεύουσι.

1867 329 2190 386 ORIGENIS

3509 339 3586 397 ιιι

2001 455 2047 509 Α
2074 447 2283 518 Ἰησοῦν
2316 446 2726 518 ἐσταυρωμένον
2757 447 2816 500 ἐν
2841 447 2908 517 τῇ
2928 446 3174 519 Ἰουδαίᾳ,
3209 447 3283 518 μὴ
3308 450 3589 523 πιστεύοντες

2077 540 2133 593 δὲ
2167 543 2246 605 είς
2267 540 2358 593 τὸν
2385 540 2779 611 γεγεννημένον
2805 540 2870 593 ἐκ
2888 541 3104 612 Μαρίας
3127 541 3228 612 τῆς
3256 543 3512 613 παρθένου,
3529 545 3591 602 ὡ-

2076 649 2158 686 τοι
2190 635 2271 697 εἰς
2289 632 2379 685 τὸν
2406 632 2566 687 αὐτὸν
2596 631 2930 694 πιστεύουσι,
2972 633 3067 686 καὶ
3089 632 3150 685 οὐ
3184 634 3496 688 πιστεύουσι.
3513 638 3590 691 Καὶ

2080 724 2242 778 πάλιν
2285 726 2335 778 oi
2378 724 2721 788 πιστεύοντες
2763 725 2862 794 μὲν
2895 726 2973 787 είς
3005 723 3098 778 τὸν
3130 726 3427 796 ποιήσαντα
3444 727 3531 797 (96)
3551 732 3589 781 ὲν

2074 815 2306 888 Ἰουδαίᾳ
2344 813 2415 868 τὰ
2440 815 2903 887 ἀναγεγραμμένα
2926 814 3152 887 τέρατα,
3186 817 3284 870 καὶ
3318 820 3495 887 σημεῖα
3519 820 3591 891 ’1η-

2074 906 2222 971 σοῦν,
2261 907 2334 978 μὴ
2358 906 2700 971 πιστεύοντες
2727 908 2783 961 δὲ
2814 908 2897 970 είς
2925 908 3017 961 τὸν
3055 907 3181 963 Υίὺν
3205 908 3323 978 (97)
3353 908 3442 962 τοῦ
3476 915 3593 984 ποιή-

2073 1017 2265 1063 σαντος
2310 999 2401 1053 τὸν
2451 1000 2676 1072 οὐρανὸν
2706 1001 2799 1053 καὶ
2836 999 2935 1071 τὴν
2989 1001 3113 1072 γῆν,
3143 1003 3224 1065 είς
3267 1000 3358 1054 τὸν
3388 1000 3504 1057 Θεὸν
3528 1022 3593 1058 πι-

2072 1091 2320 1145 στεύουσι
2354 1092 2485 1163 (98),
2520 1092 2615 1147 καὶ
2647 1092 2708 1146 οὐ
2744 1093 3078 1147 πιστεύουσι.
3110 1094 3282 1148 Πάλιν
3308 1111 3366 1148 τε
3389 1091 3449 1149 αὖ
3473 1097 3595 1150 citu-

2071 1182 2350 1246 στεύοντες
2368 1182 2467 1253 μὲν
2490 1184 2569 1246 είς
2587 1182 2678 1236 τὸν
2700 1183 2918 1255 Πατέρα
2934 1183 3109 1255 Ἰησοῦ
3140 1184 3378 1255 Χριστοῦ
3410 1184 3522 1256 (99),
3540 1186 3595 1259 μὴ

2075 1276 2419 1339 πιστεύοντες
2434 1277 2513 1339 είς
2527 1274 2618 1329 τὸν
2633 1276 2707 1347 Δη
2716 1275 2973 1347 μιουργδν
2986 1276 3076 1330 καὶ
3090 1275 3332 1347 Ποιητὴν
3346 1276 3483 1330 τοῦδε
3498 1295 3590 1331 παν-

2072 1367 2183 1431 τὸς,
2205 1362 2346 1422 οὗτοι
2380 1369 2461 1432 είς
2493 1367 2585 1422 τὸν
2612 1366 2772 1423 αὐτὸν
2811 1367 3141 1433 πιστεύουσι,
3163 1368 3260 1421 καὶ
3281 1368 3344 1421 οὐ
3366 1370 3594 1423 πιστεύου-

2075 1476 2180 1513 σιν.
2204 1457 2363 1512 Ἀλλὰ
2385 1461 2479 1512 καὶ
2501 1461 2551 1512 οἱ
2583 1459 2924 1523 πιστεύοντες
2946 1459 3044 1531 μὲν
3066 1461 3147 1523 είς
3175 1458 3270 1514 τὸν
3306 1459 3519 1532 Ποιητὴν
3537 1463 3591 1534 (l)

2074 1551 2302 1621 οὐρανοῦ
2331 1550 2427 1604 καὶ
2451 1553 2572 1624 γῆς,
2612 1551 2685 1623 μὴ
2721 1550 3065 1615 πιστεύοντες
3087 1550 3144 1604 δὲ
3178 1554 3261 1616 εἰς
3299 1553 3390 1604 τὸν
3417 1553 3592 1624 Πατέρα

2076 1641 2251 1712 Ἰησοῦ
2287 1641 2381 1694 τοῦ
2419 1641 2834 1714 ἐσταυρωμένου
2874 1642 2967 1694 ἐπὶ
3004 1643 3228 1698 Ποντίου
3268 1643 3503 1707 Πιλάτου,
3535 1648 3592 1709 εἰς

2074 1732 2166 1787 τὸν
2191 1733 2320 1786 Θεὸν
2356 1734 2686 1799 πιστεύουσι,
2718 1735 2813 1789 καί¹
2844 1736 2904 1789 οὐ
2935 1735 3299 1790 πιστεύουσιν.
3324 1737 3417 1790 Ἴν’
3435 1732 3515 1789 οὖν
3541 1736 3593 1807 μὴ

1998 1800 2042 1855 Β
2071 1824 2223 1898 παρὰ
2255 1825 2421 1888 πόδας
2457 1820 2845 1897 ἐναντίωμα
2874 1825 2948 1886 ὼς
2989 1825 3063 1896 μὴ
3096 1825 3484 1896 συνεωρακότος

2068 1916 2372 1986 γράφοντος
2399 1915 2460 1968 τὸ
2499 1914 2830 1983 Εὐαγγέλιον
2861 1915 2921 1968 τὸ
2944 1915 3203 1979 τοιοῦτον,
3239 1917 3445 1986 φήσεις,
3482 1917 3593 1970 δτιό

2068 2004 2241 2075 λέγων
2275 2006 2412 2078 πρὸς
2460 2007 2587 2070 τοὺς
2617 2006 3044 2070 πεπιστευκότας
3063 2007 3212 2078 αὐτῷ
3242 2007 3509 2072 Ἰουδαίους
3530 2009 3590 2063 τό⁶

2068 2098 2217 2169 Ἐγὼ
2240 2098 2308 2152 δὲ
2336 2099 2424 2153 ὅτι
2445 2097 2559 2167 τὴν
2577 2098 2866 2165 ἀλήθειαν
2887 2097 3061 2168 λέγω,
3085 2101 3156 2152 οὐ
3174 2099 3475 2152 πιστεύετέ
3497 2117 3589 2169 μοι,

2070 2190 2383 2245 πιστεύουσι
2416 2189 2563 2244 κατά,
2596 2207 2716 2245 τινα
2736 2190 2999 2254 ἐπίνοιαν,
3035 2193 3128 2244 καὶ
3154 2191 3281 2246 καθ’
3313 2192 3486 2261 ἑτέραν
3536 2193 3589 2262 μὴ

2068 2281 2383 2335 πιστεύουσι
2432 2279 2603 2335 ταῦτα
2644 2280 2869 2350 ἔφασκε.
2904 2281 3014 2335 Καὶ
3045 2282 3213 2346 εἰκὸς,
3255 2283 3338 2335 ὅτι
3361 2282 3592 2335 ἐπίστευον

2070 2375 2169 2446 μὲν
2195 2374 2349 2429 αὐτοὶ
2381 2374 2521 2429 κατὰ
2545 2374 2608 2427 τὸ
2636 2374 2828 2446 ὁρατὸν
2854 2374 2943 2428 διὰ
2974 2375 3043 2428 τὰ
3081 2376 3364 2448 τεράστια,
3386 2377 3475 2430 οὐκ
3509 2375 3591 2428 ἐπί-

2069 2484 2256 2521 στευον
2284 2466 2342 2520 δὲ
2373 2469 2484 2530 τοῖς
2531 2466 2823 2539 βαθύτερον
2855 2467 2947 2520 ὑπ’
2980 2466 3143 2519 αὐτοῦ
3183 2467 3495 2539 λεγομένοις·
3522 2469 3591 2520 καί

2067 2557 2294 2632 ἁρμόζει
2337 2573 2403 2628 γε
2438 2558 2533 2629 τῷυ
2570 2557 2887 2612 Γνώσεσθε
2928 2557 3044 2625 τὴν
3072 2558 3383 2627 ἀλήθειαν,
3407 2559 3589 2628 λεγομέ-

2065 2667 2142 2722 νῳ
2171 2651 2246 2722 (2)
2278 2650 2352 2722 μὴ
2376 2649 2638 2719 ἐγνωκόσι
2660 2650 2758 2719 τὴν
2781 2648 3053 2720 ἀλήθειαν,
3078 2650 3159 2712 τὸ,
3191 2651 3311 2703 Ὅτι
3345 2650 3452 2718 τὴν
3472 2650 3588 2713 ἀλή-

2067 2746 2232 2797 θειαν
2258 2742 2432 2814 λέγω,
2460 2743 2530 2795 οὐ
2553 2739 2862 2795 πιστεύετέ
2883 2758 3004 2809 μοι·
3023 2740 3098 2804 ὡς
3117 2740 3295 2810 ἔλεγε·
3320 2740 3491 2796 Καθ’δ
3514 2741 3589 2811 μὲν

2066 2835 2324 2905 τεράστια
2354 2833 2516 2900 ποιῶ,
2544 2831 2829 2886 πιστεύετέ
2859 2849 2970 2901 μοι,
2993 2832 3111 2886 καθ’
3140 2832 3245 2886 ὃδὲ
3272 2832 3367 2904 τὴν
3381 2833 3588 2903 ἀλήθειαν

2066 2922 2229 2990 λέγω,
2251 2922 2312 2975 οὐ
2354 2920 2637 2975 πιστεύετέ
2667 2940 2777 2993 μοι.
2805 2923 2973 2976 Τοῦτο
2995 2923 3039 2975 δ’
3067 2921 3131 2977 ἂν
3149 2924 3245 2976 καὶ
3273 2923 3366 2976 νῦν
3390 2924 3472 2975 ἐπὶ
3491 2922 3586 2975 πολ-

2065 3012 2173 3066 λῶν
2200 3012 2348 3077 ἴδοις,
2373 3012 2756 3084 θαυμαζόντων
2788 3013 2886 3083 μὲν
2914 3014 3005 3067 τὸν
3031 3012 3258 3085 Ἰησοῦν,
3277 3013 3408 3067 ἐπὰν
3437 3012 3589 3083 ἐνορῶι

2072 3121 2125 3158 σι
2158 3107 2223 3176 τῇ
2267 3104 2396 3177 περ).
2444 3104 2607 3158 αὐτοῦ
2645 3104 2874 3176 ἱστορία,
2924 3105 3117 3174 μηκέτι
3160 3105 3219 3159 δὲ
3253 3104 3585 3165 πιστευόντων,

2073 3194 2211 3248 ἐπὰν
2242 3194 2555 3267 βαθύτερος,
2580 3194 2676 3249 καὶ
2706 3194 2904 3265 μείζων
2925 3196 3021 3266 τῆς
3056 3194 3221 3260 ἕξεως
3254 3196 3426 3250 αὐτῶν
3449 3197 3587 3256 αὐτοῖς

2072 3283 2482 3356 ἀναπτύσσηται
2510 3283 2684 3354 λόγος,
2710 3283 2822 3337 ἀλλ’
2857 3285 3267 3339 ὑποπτευόντων
3302 3284 3450 3338 αὐτὸν
3484 3279 3585 3335 εἶναι

2071 3375 2258 3448 ψευδῆ.
2288 3378 2488 3448 Διόπερ
2507 3377 2858 3449 προσέχωμεν
2891 3377 2966 3448 ('5)
2994 3379 3201 3448 μήποτε
3227 3378 3327 3430 καὶ
3353 3378 3469 3448 ἡμῖν
3490 3374 3587 3447 εἴπῃ

2071 3471 2101 3523 ὁ
2119 3469 2309 3538 Λόγοςσ
2341 3470 2459 3523 Ὅτι
2506 3468 2621 3538 τὴν
2672 3468 2959 3535 ἀλήθειαν
2995 3466 3170 3538 λέγω,
3206 3470 3281 3522 οὐ
3332 3464 3587 3522 πιστεύετέ

2066 3575 2190 3628 μοι.

2141 3650 2234 3706 25.
2279 3649 2375 3717 Τίς
2405 3648 2474 3714 ἐξ
2509 3647 2670 3719 ὑμῶν
2694 3649 2931 3719 ἐλέγχει
2962 3665 3041 3719 με
3063 3649 3194 3717 περὶ
3221 3648 3518 3719 ἀμαρτίας;
3544 3647 3586 3698 '0

2072 3742 2242 3812 Λόγος
2271 3743 2409 3796 ἐπὰν
2434 3741 2643 3812 τρανῶς
2672 3740 2833 3793 αὑτοῦ
2862 3740 3164 3813 παριστάνῃ
3190 3740 3252 3794 τὸ
3274 3734 3585 3812 βούλημῆὡς

2077 3836 2342 3908 μηδαμῶς
2375 3834 2670 3903 ἀντιλέγειν
2704 3832 2961 3886 δύνασθαί
3007 3850 3128 3886 τινα
3173 3834 3282 3887 τῶν
3310 3833 3582 3893 ἀκουόντων,

2072 3930 2169 3983 καὶ
2203 3928 2377 3982 ταῦτα
2407 3926 2473 3981 ἂν
2501 3926 2651 3994 λέγοι
2692 3925 2953 3978 δυσωπῶν
2981 3926 3105 3987 τοὺς
3138 3924 3212 3995 μὴ
3250 3920 3585 3994 συγκατατιθε-

2077 4021 2286 4092 μένους,
2305 4021 2406 4081 ὅτι,
2434 4019 2496 4071 Ei
2520 4017 2592 4088 μὴ
2611 4016 2861 4086 ἐλέγχετε
2879 4014 2946 4068 τὰ
2970 4015 3235 4085 λεγόμενα
3257 4012 3585 4088 ἡμαρτημένα,

2072 4110 2387 4167 ἀπαιτεῖσθε
2426 4108 2491 4163 ἂν
2514 4108 2751 4175 εὐλόγως
2776 4107 2876 4178 ἤδη
2913 4107 3010 4179 τὴν
3042 4108 3444 4177 συγκατάθεσιν.
3469 4104 3584 4172 Ἔχει

2071 4205 2128 4259 δὲ
2153 4205 2246 4258 καὶ
2277 4201 2419 4256 κατὰ
2447 4203 2509 4254 τὸ
2543 4200 2701 4271 ῥητὸν
2720 4201 3028 4272 παρρησίαν
3047 4200 3140 4253 τοῦ
3157 4202 3398 4273 Σωτῆρος
3420 4193 3583 4269 ἠλέεις,

2076 4295 2298 4366 μηδενὸς
2325 4293 2420 4365 μὲν
2444 4289 2728 4363 ἀνθρώπου
2760 4289 3074 4360 δυνηθέντος
3095 4293 3266 4344 εἰπεῖν
3294 4289 3423 4362 μετὰ
3445 4299 3583 4339 πεποι-

2073 4385 2282 4457 θήσεως
2308 4385 2407 4456 τῆς
2436 4383 2528 4436 ἐπὶ
2550 4381 2628 4453 τῷ
2664 4382 2738 4453 μὴ
2759 4380 3228 4453 ἡμαρτηκέναιτό’
3256 4382 3352 4447 Τίς
3376 4378 3439 4443 ἐξ
3456 4373 3583 4444 ὑμῶν

1999 4489 2042 4544 ι)
2070 4477 2303 4547 ἐλέγχει
2340 4493 2417 4544 με
2456 4474 2589 4542 περὶ
2638 4472 2956 4542 ἁμαρτίαςς
3013 4471 3173 4544 μόνου
3206 4471 3264 4525 δὲ
3289 4471 3381 4525 τοῦ
3423 4464 3581 4537 Κυρίου

2073 4567 2250 4639 ἡμῶν,
2271 4565 2331 4629 ὃς
2360 4563 2631 4636 ἁμαρτίαν
2651 4562 2752 4616 οὐκ
2772 4560 3013 4631 ἐποίησε,
3035 4560 3452 4631 πεπειραμένος
3470 4552 3581 4610 κατά

2139 4803 2250 4875 (99)
2277 4802 2466 4875 Πάλιν
2499 4793 2677 4875 ’ξε-ἀὗ
2709 4801 2762 4851 οἱ
2779 4799 3200 4875 *πιστεύοντες
3247 4796 3362 4875 per
3396 4785 3578 4875 είςιτύρ⁹

2067 4868 2301 4942 Πατέρα
2341 4868 2844 4942 Ἰησοιῦέῖζοιίστοῦ.Δ
2860 4879 2967 4922 etc.
3019 4868 3080 4942 li
3114 4868 3575 4942 erzttit_Sintqnia_nt3

2072 4933 2462 5006 Suturuiliani,
2526 4933 2886 5001 Ce'i-doniani,
2935 4948 2991 4992 et
3037 4938 3381 5002 Marcionita},
3418 4933 3574 5006 Chrisu

2070 5014 2309 5074 Putrem,
2352 5004 2549 5065 bonum
2588 5010 2786 5074 Deum;
2816 5019 2873 5060 at
2902 5009 3094 5061 mundi
3121 5007 3394 5073 Opiﬁcem,
3421 5004 3571 5056 ferum.

2072 5095 2125 5139 et
2148 5085 2463 5135 damnorum
2494 5088 2768 5131 auctorem
2801 5086 3123 5133 statuentes.
3160 5076 3414 5133 HUETIUS.

2145 5153 2222 5223 (ί)
2258 5151 2431 5223 Ἀλλὰ
2454 5147 2644 5223 καὶ,οὲ
2663 5147 3050 5223 πιστεύονῐες
3074 5145 3192 5215 μέτε
3213 5149 3301 5212 εὶς
3336 5147 3435 5223 Ib?
3448 5142 3576 5223 ποιητ

2073 5215 2214 5289 τήὶε,
2245 5232 2350 5274 etc.
2393 5221 2490 5284 Qui
2519 5218 2794 5272 Christum
2844 5218 3272 5289 prodigiosorum
3332 5215 3572 5289 facinorum

2074 5279 2351 5347 auctorem
2374 5279 2672 5350 hominem,
2690 5296 2745 5339 at
2769 5279 2876 5338 noit
2906 5279 3060 5339 Βθῖίῗ
3068 5287 3214 5340 ilium
3245 5279 3572 5354 agnoscebant.

2072 5359 2372 5430 Cujusmodi
2408 5369 2562 5430 erant
2587 5355 2966 5430 Carpocrates,
3019 5367 3074 5410 et
3103 5357 3197 5430 alii
3251 5370 3403 5424 supra
3445 5357 3570 5430 nouu-

2074 5424 2210 5497 na'ti,
2235 5432 2394 5484 iidem
2425 5429 2588 5497 Deum
2621 5427 2827 5497 cmli_et
2855 5435 3015 5479 terra:
3043 5425 3370 5497 conditorem
3395 5424 3568 5497 veneta:

2073 5486 2293 5563 bantur,
2317 5509 2373 5552 at
2402 5513 2500 5567 pro
2523 5495 2725 5550 Christi
2753 5495 2912 5549 Patre
2943 5509 3072 5567 non,
3106 5496 3390 5551 habebant.
3416 5486 3569 5567 ﬂoruit}

2077 5550 2473 5642 opinionem'de
2496 5567 2714 5642 Christo
2741 5580 2900 5642 supra
2924 5566 3132 5642 attigit;
3158 5579 3345 5642 eorum
3386 5569 3501 5615 nunc
3521 5550 3567 5603 de

2073 5635 2185 5699 Ι)ὶο
2219 5640 2400 5696 mundi
2420 5637 2624 5705 Opilice
2648 5637 2948 5705 doctrinam
2971 5635 3232 5705 declarat.
3262 5635 3339 5690 In.

2143 5714 2221 5782 (2,)
2246 5702 2571 5782 Λεγομέῆλῳ.
2599 5707 2781 5782 Codex
2813 5704 3150 5782 liodleianus,
3176 5702 3452 5773 δυναμένῳ.

2251 5772 2425 5836 Ειιὶιιυ
2459 5772 2658 5843 litietii,
2688 5772 3031 5855 προσχῶμεν,.
