3688 6146
84 238 186 294 M5

1142 232 1498 290 COMMENT.
1538 229 1606 288 IN
1643 228 1834 286 JOAN.
1870 228 2109 286 TOMUS
2162 227 2281 284 XX.

3235 232 3343 290 646

85 357 281 409 πάντα
321 353 448 407 καθ’
500 353 835 423 ὁμοιότητα,
897 353 1078 422 χωρίς
1130 355 1440 425 ἁμαρτίας,
1493 353 1660 408 ταῦτα

1830 365 1866 403 es
1900 352 1990 420 qui
2035 363 2274 419 unquam
2313 347 2461 403 illum
2492 355 2898 418 cognoverunt:
2936 349 3029 420 qtti
3061 361 3343 419 peccatum

87 446 220 518 πρὸς
237 446 447 507 πάντας
468 445 596 508 τοὺς
627 444 844 498 πώποτε
864 445 1172 514 ἐγνωκότας
1204 447 1368 500 αὐτὸν
1396 449 1568 500 εἰπεῖν
1580 447 1668 499 δυ-

90 537 344 608 ναμένου.
386 537 595 590 Ἀκούω
624 539 678 590 δὲ
705 538 818 590 τοῦ·
853 541 947 604 Τίς
971 540 1039 603 ἐξ
1064 539 1248 608 ὑμῶν,
1278 540 1570 610 λεγομένου
1604 540 1663 593 οὐ

89 631 221 701 πρὸς
239 631 366 693 τοὺς
389 629 661 701 παρόντας
697 631 878 701 μόνον,
903 631 1038 685 ἀλλά
1061 633 1156 685 καὶ
1178 633 1314 704 πρὸς
1341 632 1460 686 ὅλον
1481 633 1541 685 τὸ
1559 632 1665 685 τῶν

87 721 386 791 ἀνθρώπων
411 721 587 788 γένος,
610 723 684 785 ὡς
709 725 757 775 εἰ
774 722 946 787 οὕτως
973 723 1344 794 ἐσαφηνίζετοο
1367 725 1463 788 Τίς
1486 726 1548 778 ἐκ
1570 723 1664 777 τοῦ

89 812 273 880 γένους
308 813 480 882 ὑμῶν,
509 813 564 883 ἢ,
602 814 696 877 Τίς
727 817 910 878 ὁποῖος
937 815 1133 886 δήποτε
1153 816 1434 888 ἄνθρωπος
1456 817 1666 886 ἐλέγξαι

91 920 155 974 με
181 904 473 974 δυνήσεται
510 907 638 976 περὶ
667 907 942 978 ἁμαρτίας
963 923 977 972 ;
1002 907 1117 960 ἀλλ’
1144 903 1202 962 εὖ
1233 903 1329 961 οἷδ’
1354 909 1436 962 ὅτι
1467 909 1661 973 οὐδείς.

87 994 240 1050 Κατά
269 996 333 1048 τὸ
359 996 580 1052 δυνατὸν
608 998 663 1050 δὲ
693 998 1007 1073 ἀνθρωπίνῃ
1043 1001 1202 1069 φύσει
1236 1001 1324 1054 διὰ
1355 1001 1435 1054 τό·
1472 1005 1663 1070 Μιμη-

90 1088 180 1142 ταί
188 1107 308 1158 μου
337 1090 600 1158 γίνεσθε,
618 1091 810 1158 καθὼς
828 1092 987 1162 κάγὼ
1002 1093 1279 1162 Χριστοῦ,
1299 1095 1462 1148 παντὶ
1478 1095 1665 1167 τρόπῳ

89 1179 460 1251 φιλοτιμητέον
487 1183 740 1256 τοιαύτην
767 1185 1052 1238 ἀναλαϐεῖν
1087 1186 1328 1260 καθαροῦ
1365 1187 1664 1252 συνειδότος

89 1269 397 1338 παρρησίαν
435 1270 572 1340 πρὸς
617 1273 822 1336 πάντας
857 1273 1194 1345 ἀνθρώπους,
1237 1275 1365 1330 ὥστ’
1413 1277 1663 1332 ἂνείπείν

89 1357 227 1428 ἡμᾶς
248 1359 376 1430 περὶ
391 1360 499 1414 τῶν
525 1362 669 1433 ἐξῆς,
703 1365 797 1417 καὶ
821 1365 957 1435 μετὰ
985 1365 1082 1437 τὴν
1102 1366 1275 1438 ἀρχὴν
1307 1368 1407 1438 τῆς
1429 1369 1663 1436 πίστεως

90 1450 256 1522 χρόνῳ
309 1453 448 1524 πρὸς
500 1454 728 1509 ἕκαστον
778 1457 888 1510 τῶν
940 1461 1088 1530 ἡμᾶς
1135 1462 1512 1529 γινωσκόντων
1564 1464 1657 1517 τό’

97 1546 184 1609 Τίς
205 1545 273 1609 ἐξ
302 1546 474 1616 ὑμῶν
504 1548 735 1619 ἐλέγχει
759 1568 837 1618 με
864 1552 996 1619 περὶ
1037 1555 1358 1622 ἁμαρτίας;
1385 1557 1434 1608 εἰ
1460 1557 1552 1610 καὶ
1585 1558 1660 1629 μὴ

91 1634 299 1688 δυνατὸν
326 1637 508 1701 τοῦτο,
539 1638 599 1704 ἐξ
634 1631 696 1692 οὗ
741 1641 835 1696 τὸν
869 1643 1024 1712 λόγον
1077 1645 1656 1719 συμπεπληρώκαμεν,

95 1730 277 1780 εἰπεῖν.
317 1731 492 1784 Τοῦτο
517 1731 574 1785 δὲ
598 1734 657 1786 οὐ
691 1735 828 1805 πρὸς
861 1735 1180 1808 ἀνθρώπους
1217 1739 1373 1808 μόνον
1410 1738 1476 1792 ἂν
1509 1735 1660 1793 εἶπεν

95 1819 121 1871 ό
149 1821 355 1893 Σωτὴρ,
394 1823 529 1878 ἀλλά
577 1827 668 1879 καλ⁸
709 1827 844 1899 πρὸς
880 1829 970 1884 τὸν
1006 1829 1249 1884 διάϐολον
1287 1832 1381 1884 καὶ
1427 1831 1528 1895 τὰς
1569 1832 1660 1885 ὑπ’

91 1913 242 1966 αὑτὸν
285 1915 566 1987 δυνάμεις,
610 1920 777 1990 μηδὲν
813 1920 1043 1991 ἐχούσας
1091 1923 1266 1975 εἰπεῖν
1309 1925 1388 1988 είς
1442 1923 1662 1994 ἔλεγχον

90 2005 173 2059 τὸν
217 2008 345 2080 περὶ
384 2011 662 2082 ἀμαρτίαν
712 2013 895 2066 αὐτοῦ.
933 2015 1042 2069 Καὶ
1073 2015 1228 2069 τοῦτὸ
1271 2033 1334 2085 γε
1372 2017 1661 2072 ἀκόλουθόν

91 2098 199 2151 ἐστι
246 2100 357 2172 sq)“
407 2103 678 2172 Ἔρχεται
711 2108 743 2158 ό
774 2105 976 2174 ἄρχων
1009 2106 1110 2160 τοῦ
1149 2108 1381 2178 κόσμου
1423 2110 1658 2173 τούτου,

93 2187 184 2243 καί
217 2189 286 2243 ἐν
314 2191 444 2260 ἐμοὶ
483 2195 746 2261 εὑρίσκει
787 2195 985 2251 οὐδέν.
1027 2198 1260 2252 Δυνατὺν
1301 2199 1359 2252 δὲ
1394 2199 1488 2252 καλ¹
1528 2203 1662 2270 ἡμῖν

92 2279 152 2333 ἐκ
171 2279 365 2352 πολλῆς
384 2282 702 2354 ἐπιμελείας
718 2285 817 2356 τὴν
845 2287 952 2339 ἀπό
986 2306 1128 2352 τινος
1154 2288 1440 2342 ἀναλαϐεῖν
1468 2289 1658 2361 χρόνου

97 2375 395 2445 παρρησίαν
430 2377 567 2449 πρὸς
615 2378 675 2430 τὸ
740 2381 912 2432 εἰπεῖν
946 2382 1092 2450 ἡμᾶς
1135 2381 1214 2452 τῷ
1253 2381 1502 2454 ζητοῦντι
1537 2384 1658 2438 καθ’

96 2465 238 2534 ἡμῶν
290 2467 548 2540 ἀφορμὴν
605 2469 854 2542 διαϐόλῳ,
904 2474 998 2526 καὶ
1048 2476 1161 2537 τοῖς
1209 2475 1461 2543 ἀγγέλοις
1494 2475 1659 2530 αὐτοῦ

97 2555 234 2626 παρὰ
255 2557 345 2611 τὸν
373 2560 474 2630 τῆς
506 2560 686 2627 ἐξόδου
731 2564 946 2634 καιρόν⁸
984 2565 1078 2631 Τίς
1117 2566 1186 2630 ἐξ
1217 2565 1388 2636 ὑμῶν
1427 2567 1660 2637 ἐλέγχει

94 2664 159 2716 με
185 2648 316 2717 περὶ
349 2650 675 2721 ἁμαρτίας;

157 2737 241 2795 26.
287 2745 356 2797 El
401 2742 695 2810 ἀλήθειαν
738 2745 926 2813 λέγω,
973 2746 1071 2801 διὰ
1123 2748 1182 2801 τί
1230 2747 1400 2818 ὑμεῖς
1441 2749 1512 2802 οὐ
1563 2761 1660 2801 πι-

95 2833 322 2888 στεύετέ
369 2851 511 2904 μοις
556 2835 737 2902 ’Ἄξιον
790 2837 916 2891 ίδεῖν
960 2839 1014 2891 τί
1063 2839 1419 2908 ὑποφαίνεται
1461 2842 1524 2894 ἐκ
1563 2841 1659 2894 τοῦ

97 2925 362 2996 πύσματος
381 2943 394 2956 ·
427 2926 587 2980 τοῦτο
612 2927 668 2980 δέ
694 2928 936 2998 ὀψόμεθα
963 2931 1011 2982 εί
1045 2932 1139 2983 καὶ
1177 2933 1373 2985 ἐκεῖνοι
1407 2933 1540 3004 πρὸς
1566 2933 1661 2998 οὓς

1769 459 1875 498 non
1914 445 2062 508 fecit,
2099 460 2193 512 per
2239 444 2417 496 omnia
2451 451 2681 496 tentatus
2720 443 2878 511 juxta
2914 444 3342 512 similitudinem,

1769 534 1962 603 absque
1997 545 2207 600 peccato
2229 533 2270 586 ⁸.
2313 532 2464 598 Quod
2513 543 2694 587 autem
2731 534 2887 597 dixit,
2927 535 3058 599 Quis
3089 553 3154 590 ea:
3181 541 3343 601 vobis,

1769 625 1847 678 sic
1883 625 2146 694 intelligo,
2182 636 2240 678 ut
2274 624 2328 679 id
2369 639 2475 677 non
2517 625 2583 677 ad
2622 636 2922 694 praesentes
2958 635 3198 693 tantum,
3249 629 3344 682 sed

1767 717 1832 768 ad
1859 718 2172 770 universum
2212 716 2490 770 hominum
2516 731 2686 784 genus
2711 717 2915 771 dictum
2945 720 3052 783 sit;
3083 731 3343 789 tauquam

1768 809 1811 862 si
1833 811 1909 862 sic
1938 809 2502 878 cxplanaretueruis
2521 824 2586 862 ex
2619 818 2801 864 vestro
2828 827 3046 881 genere,
3065 813 3170 874 vel,
3188 813 3341 879 Quis.

1767 900 2162 970 qualiscunque
2191 902 2407 956 tandem
2438 904 2507 957 sit
2538 903 2624 955 ille
2654 903 2835 967 homo,
2873 920 3102 974 arguere
3145 904 3346 974 poterit

1769 1008 1855 1047 me
1887 992 1954 1046 de
1988 993 2248 1061 peccato?
2281 1004 2336 1046 at
2366 1003 2513 1048 certe
2541 1010 2722 1048 nemo.
2748 993 2981 1064 Pr0pter
3013 1007 3192 1050 autem
3239 998 3345 1053 hoc

1766 1086 1967 1140 dictum
1990 1099 2006 1139 :
2027 1084 2328 1140 Imitatores
2349 1087 2452 1140 mei
2472 1098 2649 1148 estote,
2671 1088 2804 1140 sicut
2831 1096 2879 1141 et
2901 1104 2992 1157 ego
3015 1087 3210 1143 Christi
3226 1089 3342 1153 ⁹·¹⁶,

1766 1179 1912 1233 omni
1954 1180 2116 1234 modo
2149 1179 2583 1235 contendendum
2621 1179 2776 1234 nobis
2811 1190 2916 1244 est,
2946 1180 3165 1249 utjuxta
3196 1184 3344 1239 vires

1767 1269 2021 1325 humanae
2061 1282 2268 1325 natura:
2308 1271 2469 1325 talem
2517 1271 2849 1340 recipiamus
2896 1273 3146 1327 ﬁduciam
3188 1290 3347 1329 mun-

1766 1362 1846 1416 dat
1877 1364 2226 1418 conscientiae
2267 1379 2397 1434 erga
2440 1380 2630 1418 omnes
2682 1365 2954 1430 homines,
3000 1376 3058 1419 ιιι
3098 1367 3345 1420 dicamus

1763 1446 1929 1526 3E9
1969 1457 2022 1510 in
2057 1455 2320 1522 futurum,
2351 1473 2413 1511 ac
2445 1467 2567 1527 post
2598 1457 2719 1512 fidei
2752 1460 3100 1529 principium,
3135 1461 3200 1514 ad
3231 1461 3345 1514 sin-

1764 1547 1916 1616 gulos
1965 1563 2064 1602 nos
2110 1561 2466 1618 agnoscentes
2495 1569 2508 1604 :
2536 1549 2665 1616 Quis
2693 1568 2756 1605 ex
2788 1553 2926 1605 vobis
2965 1554 3138 1622 arguit
3176 1569 3258 1608 nte
3280 1555 3344 1606 de

1763 1635 2234 1702 peccato?etiamsi
2292 1638 2434 1692 factu
2483 1639 2640 1692 facile
2687 1655 2792 1694 non
2833 1649 2914 1694 est
2959 1650 3015 1693 ut
3055 1642 3158 1695 hoc
3187 1641 3342 1694 dica-

1766 1742 1886 1781 mus
1921 1743 2043 1782 cum
2079 1730 2468 1798 complevimus
2496 1733 2786 1785 rationem.
2823 1731 3088 1786 Ca-terum
3121 1750 3227 1786 non
3271 1734 3343 1789 ad

1764 1817 2012 1874 homines
2046 1830 2255 1874 tantmn
2290 1822 2548 1875 Servator
2584 1823 2723 1877 dixit
2771 1825 2896 1888 hoc,
2941 1827 3033 1879 sed
3066 1827 3231 1880 etiam
3266 1829 3334 1879 ad

1763 1908 2036 1964 diabolum
2085 1921 2249 1980 atque
2301 1913 2366 1967 ad
2423 1913 2699 1968 Potentias
2734 1916 2806 1968 illi
2850 1916 3150 1984 subjectas,
3204 1918 3340 1974 nihil

1762 1999 2027 2065 valentes,
2063 2003 2204 2072 quod
2242 2003 2353 2072 ipse
2385 2016 2659 2073 peccaret,
2692 2007 2791 2075 ipsi
2835 2008 3097 2077 obiicere.
3136 2009 3201 2063 Et
3235 2011 3341 2066 huc

1762 2107 1896 2147 sane
1943 2111 2280 2165 consequens
2333 2109 2417 2152 est
2475 2099 2549 2153 illi
2595 2117 2608 2152 :
2665 2098 2814 2154 Venit
2865 2105 3101 2170 princeps
3152 2107 3334 2159 mundi

1762 2185 1943 2254 hujus,
1985 2197 2030 2239 et
2078 2188 2130 2240 in
2169 2205 2249 2241 me
2281 2205 2383 2242 non
2405 2189 2559 2243 habet
2587 2192 2895 2261 quidquam,
2928 2207 2973 2247 et
3017 2195 3230 2250 nihil-in
3263 2213 3345 2250 me

1761 2276 1956 2330 invenit
1991 2277 2054 2329 ¹¹.
2091 2277 2384 2334 Possumus
2418 2295 2546 2334 vero
2575 2282 2738 2335 etiam
2773 2299 2870 2336 nos
2902 2298 2969 2336 ex
3004 2285 3172 2338 inulta
3217 2287 3343 2339 dili-

1762 2367 1946 2434 gentia
1985 2383 2082 2436 per
2133 2369 2352 2438 aliquod
2405 2379 2617 2440 tempus
2673 2373 2929 2429 ﬁduciam
2984 2375 3228 2444 recipere
3273 2379 3340 2430 ad

1761 2462 2048 2518 dicendum
2085 2463 2304 2518 diabolo
2335 2474 2389 2519 et
2419 2465 2627 2534 angelis
2656 2467 2796 2536 ejus,
2827 2471 3204 2536 quaarentibus
3238 2473 3339 2526 ad—

1718 2563 1980 2608 ‘versum
2029 2569 2130 2609 nos
2172 2557 2522 2611 occasionem
2569 2571 2696 2610 cum
2759 2559 2994 2613 animam
3051 2559 3341 2620 eluamus:

1763 2647 1896 2712 Quis
1925 2662 1990 2700 ea:
2021 2647 2161 2700 vobis
2197 2647 2377 2716 arguit
2411 2663 2493 2701 me
2522 2653 2588 2701 de
2625 2661 2837 2718 peccato
2859 2650 2885 2702 .9

1830 2738 1921 2792 26.
1965 2735 2022 2793 Si
2063 2740 2334 2793 veritatem
2384 2738 2524 2804 dico,
2586 2755 2750 2807 quare
2798 2757 2887 2794 vos
2958 2757 3065 2794 non
3121 2743 3342 2799 creditis

1761 2832 1892 2884 mihi
1927 2831 2022 2885 “‘t
2066 2831 2295 2900 Dignum
2348 2841 2431 2886 est
2466 2841 2527 2886 ut
2565 2833 2849 2887 videamus
2904 2834 3032 2902 quid
3087 2835 3344 2889 innuatur

1762 2937 1830 2976 ex
1859 2922 1964 2976 hac
2013 2921 2492 2992 interrogatione;
2533 2932 2585 2976 at
2625 2922 2728 2977 hoc
2769 2921 3078 2979 videbimus
3120 2925 3338 2978 etiamsi

96 3017 289 3086 ὀλόγος
343 3018 450 3072 οὐκ
499 3019 862 3092 ἀπεκρίναντο
923 3022 1023 3091 τὴν
1087 3023 1310 3076 δέουσαν
1368 3025 1657 3097 ἀπόκρισιν

1830 3013 1836 3066 i
1876 3013 1940 3066 ad
1987 3028 2124 3082 quos
2162 3022 2284 3066 erat
2328 3029 2534 3077 sermo,
2590 3030 2694 3069 non
2737 3015 3120 3083 responderint
3162 3015 3344 3087 profe-

97 3109 480 3178 ἐξενεγκόντες.
515 3110 672 3164 Εἴποι
713 3111 820 3184 γὰρ
865 3113 927 3167 ἀν
967 3131 1082 3178 τιςο
1136 3115 1235 3170 Διά
1277 3116 1434 3169 τοῦτο
1462 3117 1522 3169 ού
1570 3135 1662 3170 πι-

97 3201 360 3271 στεύομεν,
403 3203 530 3254 ἐπεὶ
570 3203 630 3255 ού
675 3202 984 3274 θεωροῦμεν
1031 3204 1152 3258 τίνα
1199 3206 1401 3278 τρόπον
1445 3208 1473 3261 ὃ
1513 3207 1659 3277 λέγει

97 3290 231 3344 ἐστὶν
273 3291 538 3364 ἀλήθεια·
573 3294 634 3346 οὐ
669 3292 980 3366 θεωροῦμεν
1017 3296 1073 3350 δέ
1109 3297 1187 3368 τῷ
1224 3298 1450 3369 μηδέπω
1492 3318 1661 3355 κεκα-

97 3378 276 3452 θάρθαι
305 3383 466 3454 ἡμῶν
501 3383 600 3448 τάς
637 3388 702 3456 τῇ
736 3386 894 3455 φύσει
929 3386 1239 3456 διορατικάς
1274 3390 1373 3461 τῆς
1405 3391 1660 3462 ἀληθείας

97 3473 261 3543 Mra?
304 3477 397 3530 καὶ
445 3477 566 3530 ἐπεὶ
610 3477 840 3530 τοιοῦτοί
883 3479 1072 3550 ἐσμεν,
1103 3481 1202 3533 οὐκ
1249 3482 1414 3552 ἐσμὲν
1447 3485 1512 3536 ἐκ
1565 3484 1659 3538 τοῦ

97 3566 218 3619 θεοῦ
237 3584 250 3596 ·
284 3571 331 3620 εἰ
359 3568 576 3622 οὐδέπω
603 3570 770 3640 ἐσμὲν
797 3573 861 3624 ἐκ
884 3571 977 3624 τοῦ
999 3570 1156 3635 Θεοῦ,
1184 3573 1321 3626 ἀλλὰ
1353 3575 1449 3628 καὶ
1468 3576 1525 3627 αἱ
1554 3575 1657 3647 τῆς

100 3655 338 3726 ἀληθείας
376 3658 533 3729 ὄψεις
575 3659 907 3732 θεωρητικαὶ
949 3664 1048 3716 οὐκ
1080 3665 1186 3718 είσὶ
1227 3665 1656 3738 κεκαθαρμέναι,

98 3749 168 3819 τῷ
222 3751 674 3821 ὲπικεκαλύφθαι,
733 3754 766 3825 ἢ
824 3756 1189 3827 πεπαχύνθαι,
1244 3759 1277 3829 ἢ
1328 3758 1656 3814 τεθολῶσθαι

100 3841 256 3905 αὐτὰς
282 3843 384 3896 ὑπὸ
407 3844 510 3914 τῆς
531 3845 749 3908 κακίας.
780 3847 1182 3912 Κατανοοῦντες
1208 3849 1264 3902 δὲ
1292 3850 1344 3902 τί
1379 3851 1438 3903 τὸ
1457 3852 1659 3924 κυρίως

104 3933 381 4000 πιστεύεις,
419 3934 545 3988 καθ’
583 3936 640 3988 ὃ·
671 3935 796 4003 Πᾶς
821 3941 854 3992 ό
881 3940 1201 4003 πιστεύω-ν,
1235 3940 1324 3994 ὅτι
1365 3943 1595 4010 Ἰησοῦς
1626 3948 1660 3998 ό

99 4019 338 4085 Χριστός
367 4021 560 4086 ἐστιν,
592 4023 661 4077 ἐκ
691 4024 795 4078 τοῦ
825 4027 970 4080 Θεοῦ
1003 4027 1329 4099 γεγένηται,
1356 4031 1451 4084 καὶ
1472 4032 1660 4086 αἰσθα-

99 4110 294 4180 νόμενοι
341 4115 452 4185 ὅσῳ
501 4115 594 4168 τοῦ
644 4116 815 4181 οὕτως
867 4119 1142 4174 πιστεύειν
1207 4123 1651 4195 ἀπολειπόμεθα,

98 4203 254 4256 ταῦτα
291 4206 746 4278 ἀποκρινώμεθα,
799 4211 1240 4283 παρακαλοῦντες
1280 4215 1372 4268 τὸν
1406 4215 1516 4270 τῶν
1557 4218 1658 4288 τῆς

97 4294 260 4365 dare];
290 4298 465 4368 δψεων
493 4299 675 4371 ἰατρὸν
706 4303 772 4372 τῇ
799 4303 995 4356 ἑαυτοῦ
1039 4305 1201 4376 σοφία
1233 4307 1328 4361 καὶ
1351 4308 1658 4381 φιλανθρω-

1767 3115 1948 3159 rentes
1995 3105 2326 3159 conveniens
2387 3119 2726 3174 responsum.
2785 3105 3140 3174 Respondere
3193 3108 3342 3162 enim

1763 3205 1947 3266 posset
1999 3195 2197 3264 aliquis
2243 3212 2258 3249 :
2299 3194 2450 3251 Hanc
2491 3197 2560 3251 ob
2597 3211 2820 3252 causam
2874 3213 2982 3252 non
3040 3198 3338 3263 credimus,

1763 3287 2018 3356 quoniam
2053 3303 2158 3342 non
2200 3287 2448 3342 videmus
2500 3303 2739 3357 quonam
2800 3299 2960 3358 pacto
3013 3289 3142 3344 illud
3194 3291 3340 3360 quod

1762 3379 1895 3434 dicit
1923 3379 1994 3434 sit
2022 3379 2266 3434 veritas:
2293 3395 2400 3434 non
2429 3379 2679 3434 videmus
2702 3390 2882 3436 autem
2923 3397 2989 3436 eo
3020 3382 3167 3450 quod
3197 3397 3340 3436 non-

1762 3472 1888 3526 dum
1926 3471 2166 3526 mundati
2200 3471 2307 3526 sint
2333 3472 2384 3525 in
2447 3472 2605 3526 nobis
2641 3458 2714 3526 illi
2751 3473 2889 3526 oculi
2929 3474 3021 3544 qui
3079 3476 3184 3528 vim
3216 3489 3342 3544 per-

1763 3564 2056 3635 spicienda:
2088 3564 2335 3619 veritatis
2359 3573 2546 3618 natura
2576 3565 2779 3620 habent
2809 3575 2902 3620 :et
2921 3567 3176 3636 quoniam
3203 3568 3340 3622 tales

1759 3672 1972 3721 sumus,
2009 3672 2117 3712 non
2150 3672 2342 3711 sumus
2387 3672 2452 3712 ex
2491 3656 2600 3711 Deo
2641 3673 2655 3723 ;
2701 3660 2843 3726 quod
2890 3661 2934 3712 si
2992 3658 3228 3713 nondum
3268 3675 3340 3715 ex

1761 3749 1876 3804 Deo
1911 3764 2119 3814 sumus,
2158 3749 2322 3803 etiam
2357 3747 2498 3803 oculi
2527 3749 2634 3802 vim
2671 3749 3060 3818 perspicienda:
3092 3750 3340 3806 veritatis

1760 3841 2026 3896 habentes
2080 3839 2266 3894 mundi
2312 3854 2418 3893 non
2456 3847 2604 3904 sunt,
2641 3839 2726 3894 vel
2762 3842 2891 3910 quia
2926 3841 3167 3910 cooperti
3201 3841 3336 3910 sint,

1762 3931 1844 3985 vel
1885 3932 2012 4001 quia
2050 3931 2159 3988 sint
2192 3930 2386 3997 crassi,
2432 3931 2515 3984 vel
2568 3931 2694 4001 quia
2724 3932 2837 3987 sint
2877 3934 3081 3990 turbidi
3115 3946 3339 4004 propter

1759 4027 1974 4081 vitium.
2026 4026 2101 4081 Ac
2153 4025 2565 4080 considerantes
2611 4026 2896 4096 diligenter
2931 4029 3148 4098 quidem
3202 4029 3334 4097 quid

1758 4120 1831 4174 sit
1861 4118 2080 4188 proprie
2109 4120 2353 4184 credere,
2379 4120 2537 4188 juxta
2573 4119 2704 4174 illud
2736 4121 2938 4174 dictum
2973 4139 2986 4174 :
3021 4119 3208 4174 Omnis
3241 4121 3334 4190 qui

1758 4214 1921 4266 credit
1954 4213 2094 4282 quod
2117 4211 2276 4266 Jesus
2300 4211 2542 4266 Christus
2572 4221 2670 4279 est,
2700 4228 2764 4266 ex
2800 4211 2908 4266 Deo
2931 4214 3134 4282 genitus
3161 4223 3238 4266 est
3267 4213 3332 4280 ¹³,

1757 4305 2166 4374 sentientesque
2215 4316 2479 4373 quantum
2533 4306 2775 4360 absimus
2824 4304 2894 4359 ab
2929 4306 3030 4359 hoc
3075 4306 3332 4360 credendi

99 4386 188 4458 πίᾳ
215 4388 384 4442 πάντα
410 4391 632 4462 ποιῆσαι
667 4393 734 4448 τὰ
769 4395 910 4467 ὑπὲρ
932 4395 1028 4450 τοῦ
1051 4398 1504 4470 ἀποκαλυφθῆναι
1527 4402 1654 4467 τοὺς

1830 4396 1945 4460 δύο,
2000 4396 2116 4452 hare
2163 4397 2610 4466 respondeamus,
2662 4397 3014 4452 obsecrantes
3063 4398 3332 4452 medicum

95 4475 386 4551 ὀφθαλμοὺς
416 4485 449 4553 ἡ
460 4482 575 4553 μῶν
598 4483 676 4538 ἔτι
709 4487 1151 4558 κεκαλυμμένους
1183 4490 1287 4544 ὑπὸ
1313 4494 1410 4561 τῆς
1438 4492 1525 4546 διὰ
1553 4495 1652 4565 τὴν

98 4572 278 4624 κακίαν
339 4575 562 4646 ἀτιμίας
616 4577 804 4648 ἡμῶν,
865 4581 1006 4634 κατά
1048 4582 1110 4634 τὸ
1161 4584 1448 4654 εἰρημένον
1511 4603 1648 4640 που’

108 4661 504 4736 Έὲτεκάλυψεν
543 4668 701 4738 ἡμᾶς
740 4672 778 4740 ἠ
823 4673 1023 4742 ἀτιμία
1053 4674 1252 4744 ἡμῶνο
1290 4677 1653 4734 ἐπακούσεται

98 4752 190 4825 γὰρ
215 4757 362 4826 ήμῶν
389 4759 790 4829 ὁμολογούντων
822 4763 890 4817 τά
926 4765 1074 4818 αίτια
1120 4765 1212 4820 τοῦ
1247 4768 1470 4839 μηδέπω
1504 4772 1652 4842 ἡμᾶς

99 4847 373 4911 πιστεύειν,
429 4849 522 4902 καὶ
569 4850 646 4914 ὡς
708 4854 892 4917 κακῶς
955 4855 1158 4928 ἔχουσι,
1218 4860 1313 4912 καὶ
1357 4859 1650 4932 χρῄζουσιν

100 4935 265 5008 ἰατροῦ
287 4939 493 5013 βοηθῶν
521 4949 842 5016 συνεργήσει
866 4947 1000 5018 πρὸς
1037 4949 1096 5002 τὸ
1132 4952 1377 5023 χωρῆσαι
1418 4955 1564 5024 ἡμᾶς
1590 4953 1652 5008 τὺ

98 5030 168 5092 εἰς
194 5030 251 5083 τὸ
277 5033 549 5090 πιστεύειν
574 5037 837 5109 χάρισμα,
863 5041 1044 5114 τρίτον
1073 5044 1224 5116 παρά
1257 5045 1335 5116 τῷ
1372 5045 1568 5118 Παύλῳ
1591 5049 1649 5101 ἐν

99 5118 166 5186 τῷ
213 5123 491 5197 καταλόγῳ
540 5128 651 5182 τῶν
705 5133 1057 5202 χαρισμάτων
1104 5138 1453 5208 τεταγμένον,
1507 5139 1647 5209 μετά

99 5209 178 5261 τὸν
208 5213 300 5283 τῆς
341 5216 530 5284 σοφίας
571 5219 749 5288 λόγον,
785 5223 878 5274 καὶ
911 5223 1002 5277 τὸν
1033 5225 1131 5296 τῆς
1171 5226 1439 5290 συνέσεως
1465 5227 1644 5295 λόγον,

101 5296 170 5364 οἷς
195 5304 465 5378 ἐπιφέρειο
524 5311 732 5380 Ἑτέρῳ
778 5316 982 5383 πίστις
1032 5318 1101 5371 ἐν
1143 5318 1224 5386 τῷ
1261 5321 1423 5387 αὐτῷ
1465 5323 1647 5376 πνεύ-

95 5411 247 5460 ματιο
298 5400 426 5470 περὶ
471 5397 530 5457 οὗ
581 5405 917 5476 χαρίσματος
975 5410 1068 5463 καὶ
1116 5411 1174 5466 ἐν
1223 5411 1401 5476 ἄλλοις
1452 5414 1643 5485 φησίν·

102 5487 207 5541 Ὅτι
237 5491 349 5544 ἀπὸ
384 5495 527 5548 Θεοῦ
571 5497 715 5567 ὑμῖν
755 5499 1063 5570 ἐχαρίσθη,
1111 5505 1183 5558 οὐ
1217 5505 1409 5574 μόνον
1451 5506 1515 5559 τὸ
1558 5509 1646 5572 εἰς

1757 4489 2040 4546 oculorum
2079 4491 2294 4554 animai,
2325 4500 2386 4545 ut
2411 4505 2507 4545 sua
2547 4489 2719 4559 ipsius
2741 4499 2852 4543 tum
2885 4492 3171 4558 sapientia,
3219 4499 3330 4543 tum

1757 4595 1965 4646 amore,
1997 4597 2106 4650 quo
2161 4597 2334 4652 genus
2383 4583 2684 4636 hu'manum
2737 4581 3100 4651 prosequitur,
3147 4581 3328 4636 omnia

1755 4670 1939 4736 faciat,
1977 4689 2085 4742 quo
2118 4674 2432 4742 aperiantur
2462 4672 2602 4728 oculi
2639 4674 2813 4727 nostri
2849 4674 3030 4727 adhuc
3057 4675 3229 4728 clausi
3257 4675 3328 4729 ab

1757 4765 2048 4834 ignominia
2108 4777 2314 4832 nostra,
2374 4778 2599 4836 propter
2644 4767 2836 4821 vitium
2885 4766 3098 4835 ;juxla
3156 4768 3326 4824 illud:

1755 4854 2034 4925 Coeperuit
2071 4874 2162 4911 nos
2194 4857 2484 4928 ignominia
2541 4867 2726 4910 nostra
2771 4855 2833 4914 ³⁸.
2870 4857 3137 4914 Exaudiet
3183 4860 3328 4913 enim

1753 4964 1854 5004 nos
1893 4949 1937 5004 si
1967 4949 2325 5004 conliteamur
2362 4964 2558 5004 causas
2600 4965 2700 5004 cur
2741 4949 2980 5004 nondum
3021 4949 3326 5015 credamus,

1749 5053 1807 5098 et
1838 5042 1991 5112 quasi
2019 5042 2160 5096 male
2192 5041 2402 5097 allectis
2427 5031 2590 5112 atque
2624 5043 2831 5096 medico
2861 5042 3144 5112 egentibus
3167 5056 3324 5110 opem

1751 5133 1931 5189 ferens
1957 5133 2218 5187 Dominus
2240 5131 2619 5202 cooperabitur
2647 5133 2803 5188 nobis
2827 5135 2892 5187 ad
2917 5129 3325 5202 percipiendum

1753 5227 1951 5282 donum
1983 5226 2260 5290 credendi,
2295 5226 2457 5280 tertio
2479 5227 2598 5281 loco
2630 5227 2770 5294 apud
2807 5225 3035 5280 Paulum
3065 5227 3324 5295 positum,

1755 5321 1882 5373 dum
1913 5327 2162 5373 recenset
2190 5319 2362 5383 dona;
2392 5317 2645 5372 nimirum
2669 5327 2790 5387 post
2821 5319 3019 5373 donum
3047 5318 3326 5388 sapientia:

1754 5421 1808 5466 et
1847 5421 1971 5481 post
2017 5413 2218 5465 donum
2271 5409 2536 5475 scientias,
2584 5412 2786 5476 quibus
2832 5409 3113 5478 subiungit
3159 5427 3176 5464 :
3219 5411 3325 5464 Alii

1760 5504 1891 5574 ﬁdes
1925 5519 2016 5572 per
2047 5503 2287 5556 eumdem
2311 5503 2556 5572 spiritum
2579 5503 2622 5534 ³⁸
2648 5521 2663 5570 ;
2707 5503 2772 5557 de
2801 5517 2908 5572 quo
2938 5503 3079 5558 dono
3111 5511 3167 5557 et
3196 5502 3324 5559 alibi

161 5604 361 5694 "l‘l‘ehr.
397 5626 471 5674 tv,
497 5613 582 5694 μ.
657 5619 749 5652 θν¹⁰
780 5619 800 5675 l
833 5620 960 5678 Cor.
986 5637 1024 5689 ι,
1059 5622 1119 5683 1.,
1189 5624 1230 5656 ¹¹
1253 5622 1408 5681 Joan.
1436 5641 1544 5694 xw,
1573 5625 1660 5683 30.

1830 5626 1966 5686 loan.
2004 5641 2116 5692 \‘lll,
2146 5623 2234 5680 46.
2315 5624 2358 5656 ¹³
2393 5623 2414 5680 l
2443 5623 2599 5682 Joan.
2628 5640 2679 5692 v,
2703 5625 2752 5678 1.
2833 5625 2874 5656 ¹⁸
2895 5624 3095 5682 Jerem.
3125 5627 3326 5693 ttt,25.

107 5673 185 5727 “l
221 5678 340 5733 Cor.
377 5695 472 5746 xu,
495 5682 544 5738 9.
