3688 6146
137 308 234 365 649

1189 301 1544 359 COMMENT.
1593 299 1657 356 IN
1698 301 1888 356 JOAN.
1931 300 2170 356 TOMUS
2209 300 2326 357 XX.

3276 307 3381 363 050

137 429 533 500 προσεύχεσθε
577 428 731 496 ὑπὲρ
779 427 899 483 τῶν
937 428 1274 482 διωκόντων
1317 425 1506 498 ὑμᾶς,
1549 429 1593 481 ὗε

1929 441 1955 478 c
1998 441 2090 492 pro
2133 425 2556 491 persequentibus
2615 441 2724 487 vos,
2780 433 2836 478 ut
2887 425 3002 480 sitis
3045 425 3145 497 filii
3199 423 3381 484 Patris

137 523 380 594 γένησθε
412 519 532 574 υἱοὶ
573 520 679 574 τοῦ
711 520 942 589 Πατρός
971 520 1139 591 ὑμῶν
1172 522 1278 576 τοῦ
1305 522 1375 576 ἐν
1400 520 1697 589 οὐρανοῖς.

138 617 194 669 Εἰ
222 615 325 684 γὰρ
366 611 574 675 Παῦλος
607 614 766 682 φύσει
797 613 966 685 ὀργῆς
1002 614 1134 676 υίὸς,
1176 613 1258 674 τίς
1291 613 1432 685 ὑπὲρ
1467 613 1698 676 Παῦλον,

136 709 250 761 ὅσον
274 706 364 759 ἐπὶ
399 707 464 775 τῇ
509 708 844 776 κατασκευῇ,
871 705 972 759 οὐκ
1003 705 1174 778 ὀργῆς
1208 706 1338 770 υἱὸς,
1375 705 1481 777 πρὸ
1498 704 1588 757 τοῦ
1609 705 1704 758 λα-

137 799 241 853 ϐεῖν
263 799 506 865 ἐξουσίαν
552 797 717 850 τέκνα
741 797 841 868 (7')
865 797 1000 851 Θεοῦ
1026 797 1306 867 γενέσθαι,
1341 798 1436 851 καὶ
1469 797 1576 869 πρὸ
1607 797 1701 851 τοῦ

137 894 310 946 τέκνον
343 891 592 960 γενέσθαι
625 889 799 955 Θεοῦ;
835 893 944 945 Καὶ
971 894 1019 945 εί
1043 893 1143 945 οὑκ
1177 891 1353 955 ἄλλως
1384 892 1592 960 γίνεταί
1618 908 1702 955 τις

137 985 242 1048 υἱός
273 983 364 1038 τοῦ
391 984 449 1036 ἐν
475 985 722 1054 οὐρανοῖς
746 983 979 1055 Πατρδς,
1011 984 1046 1056 ἦ
1085 987 1149 1038 ἐκ
1185 985 1278 1039 τοῦ
1323 987 1544 1057 ἀγαπᾷν
1574 987 1703 1048 τοὺς

139 1079 350 1150 ἐχθροὺς
377 1078 593 1140 ἐαυτοῦ,
620 1078 714 1132 καὶ
744 1079 1141 1151 προσεύχεσθαι
1171 1080 1310 1152 ὑπὲρ
1342 1079 1452 1133 τῶν
1478 1079 1702 1133 διωκόν-

138 1190 235 1225 των
273 1171 456 1233 αὑτὸν,
484 1170 664 1241 δῆλον,
708 1172 791 1226 δτι
829 1171 1003 1236 οὐδεὶς
1035 1171 1111 1242 τῷ
1150 1172 1310 1241 φύσει
1353 1167 1492 1225 εἶναι
1520 1172 1584 1224 ἐκ
1609 1170 1703 1225 τοῦ

137 1263 280 1326 Θεοῦ,
311 1263 376 1318 τὰ
410 1265 631 1335 ῥήματα
673 1264 768 1317 τοῦ
801 1264 936 1318 Θεοῦ
983 1264 1190 1328 ἀκούει,
1237 1264 1372 1318 ἀλλὰ
1414 1263 1492 1336 τῷ
1523 1264 1705 1319 λαϐεῖν

138 1357 370 1422 ἐξουσίαν
417 1359 607 1410 τέκνον
651 1355 786 1410 Θεοῦ
834 1356 1109 1426 γενέσθαι,
1161 1359 1254 1412 καὶ
1297 1357 1594 1430 κεχρῆσθαι
1627 1361 1706 1422 είς

137 1445 331 1517 δέον-τῇ
359 1445 596 1518 ἐξουσίᾳ,
640 1445 737 1500 καὶ
764 1444 842 1517 τῷ
888 1446 1239 1518 ἠγαπηκέναι
1283 1449 1408 1510 τοῦς
1453 1448 1705 1519 ἐχθροὺς,

141 1539 226 1593 καὶ
255 1539 654 1610 προσεύχεσθαι
681 1539 821 1611 ὑπὲρ
860 1539 970 1593 τῶν
1001 1539 1441 1611 ἐπηρεαζόντων,
1477 1540 1704 1611 γενόμε-

141 1631 339 1696 νοςυίὸς
352 1630 445 1684 τοῦ
482 1633 542 1684 ἐν
567 1631 817 1701 οὐρανοῖς
839 1630 1075 1702 Πατρὸς,
1097 1630 1218 1684 τότε
1241 1631 1359 1684 ἐστὶ
1393 1633 1486 1685 καὶ
1515 1633 1580 1685 ἐκ
1613 1631 1704 1685 τοῦ

141 1723 284 1785 Θεοῦ,
310 1725 402 1776 καὶ
429 1723 496 1777 τὰ
541 1725 757 1796 ῥήματα
789 1722 882 1777 τοῦ
905 1721 1038 1775 Θεοῦ
1067 1721 1275 1787 ἀκούει,
1317 1724 1514 1788 συνιεὶς
1531 1724 1706 1778 αὐτῶν

143 1818 228 1871 καὶ
253 1818 558 1888 ἐπιστήμην
578 1816 756 1871 αὐτῶν
773 1815 1183 1886 ἀναλαμϐάνων·
1207 1818 1344 1889 ὅπερ
1361 1817 1490 1870 ἴδιον
1510 1819 1571 1870 οὐ
1599 1817 1711 1871 δούο

143 1909 238 1962 λων
253 1909 345 1977 (8),
364 1909 500 1962 ἀλλά
519 1909 722 1963 τέκνων
744 1908 858 1962 ἐστὶ
877 1907 1032 1972 Θεοῦ,
1056 1907 1163 1961 τῶν
1197 1910 1374 1961 πᾶσαν
1394 1909 1490 1980 μὲν
1507 1926 1710 1981 καταρ-

141 2003 412 2071 γησάντων
446 2001 686 2070 γένεσιν,
727 2001 826 2072 τὴν
852 2001 908 2054 δὲ
934 2001 1040 2055 ἀπὸ
1071 2002 1204 2056 Θεοῦ
1236 2002 1598 2073 ἀνειληφότων
1623 2001 1710 2056 διὰ

143 2093 228 2146 τοῦ
251 2093 347 2164 τῆς
395 2092 673 2156 υἱοθεσίας
711 2092 1041 2163 πνεύματος.
1081 2095 1231 2165 ’Ἅμα
1267 2093 1324 2148 δὲ
1361 2091 1712 2164 ἐπιμελέστε-

147 2200 231 2255 ρον
272 2184 631 2256 κατανοητέον
676 2184 794 2248 πῶς
831 2185 910 2239 δεῖ
949 2185 1198 2257 δέχεσθαι
1222 2185 1307 2238 τό·
1352 2185 1429 2239 Τὰ
1471 2183 1712 2252 ῥήματα

145 2275 242 2330 τοῦ
279 2274 425 2330 Θεοῦ
470 2277 711 2332 ἀκούει’
746 2271 791 2346 ᾧ
817 2278 1000 2349 ὅμοιόν
1048 2278 1165 2331 ἐστι
1206 2277 1300 2331 καὶ
1344 2276 1436 2330 τόο
1489 2277 1564 2331 Τὰ
1599 2276 1712 2346 ἐμὰ

143 2369 395 2437 πρόϐατα
428 2369 546 2438 τῆς
577 2369 728 2438 ἐμῆς
771 2369 977 2440 φωνῆς
1021 2371 1330 2424 ἀκούουσι.
1372 2370 1434 2424 Εἰ
1469 2370 1576 2443 γὰρ
1619 2371 1712 2424 ἐπὶ

142 2460 292 2534 ψιλῆς
342 2461 798 2531 συγκαταθέσεως
853 2461 947 2527 τὸ,
994 2463 1238 2517 ἀκούειν
1276 2463 1376 2533 (9),
1419 2461 1709 2533 λάϐοιμεν,

143 2556 230 2609 καὶ
263 2558 309 2610 οἱ
339 2555 564 2628 ψυχικοὶ
593 2555 704 2627 (10)
738 2556 874 2628 πρὸς
903 2555 1093 2626 χρόνον
1121 2555 1467 2618 πιστεύοντες
1498 2555 1712 2608 ἔσονται

142 2643 202 2696 ἐκ
235 2643 326 2698 τοῦ
376 2643 540 2710 Θεοῦ,
591 2645 1073 2716 μεμαρτυρημένοι
1109 2645 1214 2700 ὑπὸ
1251 2645 1346 2699 τοῦ
1396 2645 1590 2715 Λόγου,
1632 2645 1713 2699 ὅτι

145 2733 268 2808 πρός
318 2737 511 2809 καιρόν
563 2754 705 2800 τινες
771 2737 1149 2792 πιστεύουσιν·
1213 2741 1260 2791 εί
1314 2738 1369 2792 δὲ
1431 2737 1574 2792 κατά
1628 2737 1710 2800 τὸ,

143 2827 355 2893 ἀκούει,
381 2829 709 2902 ἐκλὰϐοιμεν
741 2832 836 2884 ἐπὶ
875 2831 970 2886 τοῦ
999 2834 1187 2904 τηρεῖν
1225 2831 1324 2896 τὰς
1354 2832 1592 2897 ἐντολὰς,
1619 2831 1714 2904 δῆν

144 2919 243 2984 λον,
274 2922 373 2985 ὅτι,
409 2922 518 2977 κάν
557 2923 638 2976 ἐνὶ
673 2924 1020 2996 ἁμαρτάνων,
1068 2925 1169 2978 οὐκ
1195 2923 1348 2978 ἔσται
1380 2923 1495 2988 υίός
1539 2924 1674 2979 Θεοῦ
1695 2943 1708 2955 ·

143 3012 268 3085 ὅπερ
298 3016 444 3085 ἡμᾶς
497 3015 596 3086 μέν
628 3016 688 3068 οὐ
728 3015 905 3086 θλίψει
944 3017 1071 3080 τοὺς
1101 3015 1356 3086 λέγοντας
1388 3018 1452 3070 ἐκ
1486 3017 1716 3088 μεταϐο-

145 3102 233 3172 λῆς
260 3105 505 3173 γίνεσθαί
543 3123 663 3159 τινα
709 3105 822 3160 υἱόν
864 3106 1023 3169 Θεοῦ,
1063 3106 1303 3170 ἐκείνους
1343 3106 1399 3161 δέ
1451 3106 1524 3179 μὴ
1570 3107 1710 3160 πάνυ
1740 3139 1784 3200 C

143 3191 302 3258 ἓείξαι
332 3197 666 3269 δυναμένους
710 3199 1128 3270 ἀναμαρτήτους
1175 3200 1421 3264 ἐαυτοῦς,
1457 3200 1550 3254 καὶ
1588 3202 1715 3264 τοὺς

145 3289 197 3339 ἐν
227 3291 330 3353 τοῖς
363 3292 554 3354 αὐτοῖς
589 3290 894 3363 μαθήμασι.
940 3293 1001 3344 El
1045 3291 1100 3344 δέ
1129 3290 1212 3354 τό,
1248 3293 1472 3356 ἀκούει,
1503 3293 1716 3362 λαμϐά-

144 3397 315 3450 νοιμεν
347 3383 437 3436 ἐπὶ
463 3383 565 3437 τοῦ
594 3384 850 3448 συνιέναι,
886 3387 978 3438 καὶ
1010 3389 1170 3451 νοεῖν,
1200 3385 1562 3440 δεικνύτωσάν
1595 3404 1715 3440 τινα

146 3472 348 3525 πάντων
393 3474 668 3530 ἀκούοντα
709 3476 881 3542 οὕτως
925 3478 1032 3532 τῶν
1068 3480 1167 3549 τῆς
1203 3479 1408 3550 Καινῆς
1442 3477 1716 3550 Διαθήκης

145 3563 327 3634 λόγων,
359 3568 447 3622 ῖνα
472 3569 680 3622 ἐκεῖνον
727 3571 838 3641 (Η)
888 3572 1131 3643 εἴπωμεν
1174 3571 1290 3625 υἱὸν
1339 3571 1496 3635 Θεοῦ,
1546 3573 1595 3624 εἰ
1641 3573 1714 3641 μὴ

147 3653 430 3726 ἐπιδέχοιτο
474 3660 790 3732 ἀνατροπὴν
835 3664 915 3725 είς
953 3661 1022 3715 τὰ
1062 3663 1194 3731 ἅγια
1226 3663 1528 3734 γράμματα
1559 3663 1593 3732 ἡ
1629 3661 1717 3715 ἐκ·

146 3745 264 3820 δοχὴ
296 3751 460 3805 αὑτοῦ
481 3769 498 3816 ﬁ
530 3754 692 3823 ἡμεῖς
729 3753 836 3825 γὰρ
873 3753 969 3808 καὶ
999 3754 1142 3808 κατὰ
1175 3755 1349 3809 ταῦτα
1393 3755 1577 3826 μέγαν,
1594 3756 1717 3809 τινὰ

147 3841 235 3894 καὶ
263 3842 574 3915 θαυμαστὸν
602 3842 738 3899 εἶναι
767 3847 1158 3918 φανταζόμενοι
1182 3847 1272 3901 τόν
1293 3848 1394 3920 ἥδη
1418 3849 1529 3902 υίὸν
1555 3848 1714 3911 Θεοῦ,

145 3933 238 3987 οὐκ
265 3935 708 4008 ἐλεγχθησόμεθα
747 3937 980 4004 ἀναξίως
1007 3939 1116 3993 τῶν
1146 3941 1209 3992 ἐκ
1236 3939 1328 3992 τοῦ
1357 3939 1491 3993 Θεοῦ
1522 3939 1719 4012 ἐξειλη-

147 4025 298 4092 φότες
322 4028 384 4080 τό
402 4045 415 4057 °
457 4029 512 4081 '0
547 4026 632 4081 ὢν
669 4031 739 4084 ἐκ
766 4030 871 4084 τοῦ
900 4030 1048 4085 Θεοῦ
1085 4031 1156 4085 τὰ
1173 4031 1414 4100 ῥήματα
1439 4030 1543 4084 τοῦ
1569 4031 1717 4086 Θεοῦ

144 4117 357 4172 ἀκούει.
393 4119 535 4190 Ἤδη
565 4119 623 4174 δὲ
654 4123 745 4174 καὶ
773 4123 838 4175 ἐκ
865 4121 973 4175 τῶν
1015 4121 1269 4175 ἐναντίων
1319 4121 1618 4194 παράδοξον
1653 4123 1718 4177 ἄν

146 4225 194 4260 τι
217 4210 378 4276 φανὲν
406 4211 795 4282 ἀποδειχθῆναι
826 4212 1049 4266 δυνατὸν
1084 4212 1253 4266 ἔσται.
1288 4213 1351 4265 Τί
1382 4213 1438 4266 δὲ
1461 4213 1520 4266 τὸ
1543 4215 1718 4284 παρά-

145 4299 338 4372 δοξονῆ
368 4301 429 4355 τὸ
461 4300 602 4355 εἷναί
643 4320 767 4356 τινα
813 4303 1000 4376 ἐτέρου
1048 4303 1164 4357 υἱοῦ
1195 4303 1328 4358 Θεοῦ
1374 4304 1572 4375 μᾶλλον
1605 4305 1718 4358 υἱόν

145 4393 294 4457 Θεοῦ,
341 4395 438 4450 καὶ
494 4393 774 4449 διπλάσιον
819 4395 896 4460 ὡς
942 4394 1126 4468 ἕτερον
1173 4395 1360 4467 ἐτέρου
1413 4393 1550 4451 εἶναι
1606 4396 1720 4450 υἱόν

1806 517 1958 569 vestri
1997 516 2218 569 caelestis
2254 517 2298 546 ’³
2332 531 2346 580 ;
2382 531 2505 568 nam
2541 515 2586 570 si
2630 515 2824 571 Paulus
2864 527 3059 572 natura
3107 519 3253 576 ﬁlius
3289 521 3382 576 ira:

1803 618 1944 674 erat,
1985 609 2108 679 quis
2141 608 2390 677 superior
2417 617 2499 662 est
2524 607 2707 671 Paulo,
2741 620 3009 678 quatenus
3038 612 3103 666 ad
3135 613 3374 668 creatio-

1807 716 1928 754 nem
1958 701 2171 764 attinet,
2209 709 2265 755 et
2293 702 2417 770 quis
2452 715 2554 754 non
2591 699 2731 754 ﬁlius
2765 702 2881 766 irae,
2908 712 3198 773 antequam
3232 707 3381 761 acci-

1805 791 1918 861 piat
1942 801 2270 861 potestatem
2305 793 2472 846 ﬁlium
2507 793 2603 846 Dei
2636 791 2775 856 ﬁeri,
2812 803 2868 848 et
2904 804 3196 864 antequam
3232 799 3377 852 ﬁlius

1808 884 1901 938 Dei
1935 883 2246 940 elliciatur?
2281 886 2432 952 Quod
2486 886 2530 939 si
2572 900 2680 939 non
2723 885 2877 941 aliter
2921 886 3153 942 efﬁcitur
3179 891 3378 960 aliquis

1808 976 1951 1031 lilius
1979 976 2157 1032 Patris
2184 977 2444 1044 caelestis,
2476 977 2578 1032 nisi
2610 977 2886 1048 diligendo
2919 993 3047 1034 suos
3081 981 3246 1050 ipsius
3272 983 3378 1036 ini-

1807 1069 1980 1124 micos
2008 1077 2064 1124 et
2086 1070 2298 1124 orando
2325 1086 2422 1140 pro
2446 1071 2898 1139 persequentibus
2924 1086 3002 1138 se,
3027 1075 3374 1144 perspicuum

1806 1170 1890 1216 est
1921 1161 2126 1216 nullum
2163 1163 2458 1226 hominem,
2499 1177 2564 1217 eo
2608 1164 2750 1232 quod
2798 1173 2988 1218 natura
3021 1167 3096 1220 sit
3141 1183 3202 1222 ex
3241 1168 3374 1232 Deo,

1809 1252 1971 1307 verba
2005 1251 2097 1307 Dei
2136 1254 2347 1319 audire,
2379 1255 2471 1310 sed
2504 1256 2631 1325 quia
2661 1257 2934 1325 acceperit
2962 1267 3284 1327 potestatem
3319 1272 3377 1315 ut

1809 1345 1949 1399 ﬁlius
1987 1344 2078 1400 Dei
2118 1345 2404 1411 elliciatur,
2449 1361 2622 1418 eaque
2653 1358 2839 1403 utatur
2864 1353 3172 1416 commode,
3219 1363 3277 1407 et
3310 1369 3376 1409 eo

1811 1440 1954 1509 quod
1990 1442 2242 1497 dilexerit
2294 1443 2566 1508 inimicus,
2596 1451 2650 1498 et
2682 1444 2923 1499 oraverit
2962 1460 3060 1516 pro
3091 1460 3151 1500 se
3178 1446 3379 1500 laeden-

1811 1533 1980 1600 tibus,
2016 1533 2192 1589 factus
2245 1535 2385 1590 ﬁlius
2431 1535 2608 1589 Patris
2661 1535 2932 1602 ccelestis,
2971 1547 3101 1592 tunc
3151 1553 3268 1593 esse
3308 1554 3373 1593 ex

1811 1625 1944 1690 Deo,
1971 1636 2026 1680 et
2052 1627 2217 1680 verba
2241 1625 2331 1681 Dei
2359 1626 2568 1691 audire,
2599 1627 2900 1696 intelligens
2919 1638 3072 1695 ea,et
3091 1630 3377 1684 scientiam

1811 1715 2024 1770 illorum
2064 1715 2333 1786 recipiens
2363 1736 2375 1770 :
2407 1731 2527 1786 quae
2555 1731 2643 1772 res
2671 1733 2774 1774 non
2808 1721 3019 1790 propria
3056 1731 3140 1776 est
3184 1726 3374 1787 servis,

1809 1809 1903 1863 sed
1939 1808 2024 1864 his
2050 1810 2143 1880 qui
2168 1818 2294 1863 sunt
2325 1809 2415 1864 Dei
2443 1811 2559 1875 ﬁlii,
2591 1812 2681 1880 qui
2704 1826 2922 1866 onmem
2943 1813 3160 1882 quidem
3193 1824 3374 1868 ortum

1811 1899 2219 1963 destruxerunt,
2270 1901 2362 1955 sed
2407 1911 2584 1954 ortum
2631 1917 2660 1956 a
2713 1904 2820 1956 Deo
2864 1916 3206 1974 receperunt,
3243 1905 3380 1962 duce

1811 1991 2007 2058 spiritu
2046 1991 2372 2061 adoptionis.
2431 1991 2644 2047 Pariter
2695 1994 2824 2048 illud
2878 1997 3040 2051 etiam
3095 1998 3380 2070 diligenter

1812 2083 2270 2139 considerandum
2300 2097 2404 2148 est,
2439 2085 2710 2153 quomodo
2750 2087 2920 2158 accipi
2972 2104 3110 2159 opus
3157 2091 3229 2146 sit
3277 2095 3378 2147 hoc

1812 2173 2055 2229 dictum:
2091 2173 2258 2228 Verba
2296 2174 2388 2229 Dei
2427 2176 2577 2229 audit
2609 2176 2654 2207 "
2685 2195 2700 2244 ;
2745 2178 2834 2232 cui
2867 2179 3043 2234 simile
3078 2191 3164 2236 est
3199 2182 3326 2238 illud
3360 2201 3375 2238 :

1815 2261 1944 2318 Oves
1972 2281 2100 2318 mete
2126 2281 2299 2319 vocem
2330 2283 2498 2320 meam
2533 2267 2758 2320 audiant
2782 2269 2846 2320 ’⁸.
2885 2269 3020 2324 Nam
3059 2271 3104 2326 si
3139 2273 3380 2329 vocabu-

1813 2354 1924 2409 lum
1955 2356 2105 2410 audit
2141 2355 2210 2412 de
2239 2359 2383 2412 nudo
2406 2372 2688 2414 sumamus
2720 2374 3013 2425 consensu,
3054 2362 3219 2417 etiam
3257 2364 3379 2418 ani-

1814 2448 1982 2505 males
2021 2449 2086 2504 ad
2115 2458 2325 2519 tempus
2358 2450 2648 2506 credentes
2677 2464 2742 2505 ex
2772 2450 2879 2506 Deo
2911 2463 3073 2507 erunt
3108 2471 3123 2508 :
3163 2455 3230 2510 de
3259 2458 3382 2526 qui-

1812 2541 1915 2596 bus
1957 2540 2219 2596 Servator
2259 2542 2523 2610 inquit",
2558 2545 2822 2613 quosdam
2847 2560 2969 2602 esse
3001 2547 3091 2616 qui
3129 2548 3198 2602 ad
3244 2556 3383 2604 tem-

1813 2648 1914 2703 pus
1939 2633 2190 2689 credant.
2263 2633 2499 2689 ltursum
2540 2637 2586 2691 si
2637 2638 2858 2691 verbum
2907 2640 3058 2692 audit
3102 2655 3383 2698 sumamus

1815 2740 1913 2794 pro
1951 2739 2016 2780 eo
2043 2727 2185 2796 quod
2220 2736 2324 2792 est,
2352 2740 2578 2783 servare
2612 2730 2891 2794 mandata,
2922 2731 3266 2801 perSpicuum
3299 2743 3385 2792 est

1815 2817 1900 2872 vel
1941 2819 1991 2872 in
2027 2833 2135 2874 uno
2169 2831 2509 2890 peccantem,
2563 2836 2671 2877 non
2729 2820 2970 2877 futurum
3018 2823 3186 2880 ﬁlium
3238 2825 3380 2884 Dei:

1815 2911 1960 2980 quod
1987 2913 2206 2982 quidem
2241 2929 2344 2968 non
2376 2929 2477 2970 nos
2514 2914 2735 2984 premit,
2770 2915 2858 2984 qui
2907 2915 3136 2972 dicimus
3163 2931 3230 2972 ex
3267 2933 3384 2976 mn-

1817 3003 2019 3058 tatione
2053 3017 2491 3074 unumquemque
2543 3004 2712 3058 ﬁlium
2766 3004 2859 3060 Dei
2909 3003 3024 3060 ﬁeri
3068 3022 3083 3071 ;
3132 3007 3225 3063 sed
3260 3009 3382 3066 illus

1815 3095 1905 3163 qui
1936 3110 2112 3166 neque
2145 3097 2372 3166 seipsos,
2410 3110 2586 3165 neque
2618 3097 2808 3151 iisdem
2841 3097 3145 3166 disciplinis
3197 3100 3379 3158 imbu-

1819 3197 1902 3242 tos
1944 3185 2108 3242 facile
2162 3188 2450 3243 ostendere
2493 3197 2718 3258 possunt
2749 3187 3229 3263 [ἀναμαρτήτους,
3279 3195 3385 3251 hoc

1816 3278 1935 3351 est]
1980 3279 2378 3349 impeccabiles.
2411 3279 2564 3347 Quod
2601 3281 2646 3335 si
2677 3283 2830 3335 audit
2873 3297 3152 3340 sumamus
3191 3302 3290 3355 pro
3317 3301 3385 3342 eo

1816 3371 1958 3438 quod
1986 3381 2072 3426 est
2105 3371 2431 3442 intelligere,
2473 3383 2528 3426 et
2563 3373 2935 3438 considerare,
2969 3379 3260 3436 ostendant
3288 3379 3391 3434 ali-

1817 3477 1981 3532 quem
2012 3479 2204 3520 omnes
2232 3465 2376 3520 hunc
2410 3465 2462 3520 in
2493 3465 2709 3520 modum
2742 3463 2874 3520 Novi
2905 3466 3234 3524 Testamenti
3268 3486 3386 3525 ser-

1819 3571 2008 3612 mones
2032 3559 2368 3621 audientem,
2405 3567 2464 3613 ut
2491 3558 2642 3612 illum
2691 3558 2938 3614 dicamus
2984 3561 3152 3615 ﬁlium
3190 3563 3307 3628 Dei,
3335 3564 3383 3620 si

1817 3651 2087 3721 expositio
2115 3651 2256 3706 illius
2278 3653 2331 3706 in
2363 3652 2537 3708 sacris
2566 3653 2862 3724 Scripturis
2885 3655 3246 3710 inversionem
3273 3671 3377 3711 non

1819 3741 2046 3810 recipiat
2071 3761 2085 3797 :
2118 3758 2215 3796 nos
2242 3743 2384 3797 enim
2416 3745 2580 3798 etiam
2607 3744 2660 3798 in
2688 3746 2772 3799 his
2792 3760 3042 3815 maguum
3071 3749 3384 3815 quemdam,

1817 3843 1873 3887 et
1899 3833 2274 3889 admirandum
2317 3835 2674 3906 imaginantes
2704 3850 2824 3890 esse
2853 3851 3000 3899 eum,
3032 3838 3124 3906 qui
3157 3837 3270 3904 jam
3316 3841 3383 3892 tl~

1819 3925 1922 3980 lius
1962 3925 2056 3981 Dei
2087 3925 2311 3982 eﬂ'ectus
2355 3938 2463 3990 est,
2510 3943 2618 3982 non
2668 3927 2888 3998 indigne
2920 3930 3005 3996 iis,
3035 3931 3127 3999 qui
3159 3945 3228 3986 ex
3270 3929 3379 3985 Deo

1819 4026 1964 4082 sunt,
2004 4033 2296 4085 arguemur
2340 4020 2616 4089 accepisse
2672 4022 2847 4076 illud:
2879 4020 2983 4088 Qui
3021 4032 3094 4076 est
3141 4039 3206 4078 ea:
3251 4021 3386 4087 Deo,

1820 4114 1974 4166 verba
2003 4112 2100 4167 Dei
2137 4115 2309 4167 audit.
2355 4113 2475 4168 iam
2511 4130 2643 4171 vero
2675 4117 2985 4186 paradoxon
3021 4119 3184 4172 etiam
3229 4119 3388 4185 quid-

1819 4205 1964 4274 piam
1994 4205 2137 4274 quod
2182 4221 2249 4259 ex
2281 4207 2573 4262 contrariis
2604 4223 2884 4277 emergere
2933 4209 3146 4264 videtur
3199 4200 3390 4278 expla-

1821 4299 1936 4350 nari
1978 4300 2197 4364 poterit.
2235 4299 2516 4364 Quodnam
2557 4311 2640 4354 est
2679 4309 2857 4354 autem
2906 4303 3242 4369 paradoxon,
3287 4303 3390 4356 nisi

1820 4389 1962 4456 quod
1998 4389 2198 4459 aliquis
2247 4390 2390 4444 ﬁlius
2425 4389 2517 4444 Dei
2545 4392 2650 4444 alio
2681 4393 2750 4445 sit
2785 4393 2955 4462 magis
2994 4391 3134 4446 ﬁlius
3179 4392 3295 4456 Dei,
3337 4402 3394 4446 et

145 4484 307 4550 Θεοῦ;
368 4484 488 4550 πῶς
526 4485 585 4539 δέ
625 4486 786 4540 τοῦτο
844 4487 952 4541 ἀπὸ
991 4487 1084 4541 τοῦ
1131 4489 1371 4543 ἐναντίου
1421 4488 1601 4542 δείκνυ

1934 4483 1964 4536 d
1997 4483 2135 4536 alius
2169 4482 2309 4537 ﬁlius
2342 4482 2433 4537 Dei
2470 4483 2543 4537 sit
2582 4485 2754 4553 magis
2788 4484 2895 4538 alio
2941 4484 2992 4538 in
3031 4485 3194 4555 duplo
3245 4485 3389 4541 ﬁlius

145 4573 278 4629 οῦτω
304 4579 748 4649 παραστήσομεν.
794 4580 880 4632 Ἐν
913 4579 989 4650 τῷ
1017 4581 1156 4633 κατὰ
1195 4579 1469 4635 Ματθαῖον
1510 4583 1538 4634 ό
1585 4583 1721 4654 πρὸς

146 4665 264 4730 τοὺς
288 4671 637 4741 γραμματεῖς
665 4669 758 4722 καὶ
777 4669 1098 4741 Φαρισαίους
1118 4671 1366 4744 δεύτερος
1395 4671 1720 4744 ταλανισμὸς

147 4756 310 4822 οὕτως
334 4759 450 4830 ἔχει
470 4778 484 4790 ·
521 4761 664 4815 Οὐαὶ
691 4761 854 4831 ὑμῖν,
888 4763 1243 4832 γραμματεῖς
1269 4765 1367 4817 καὶ
1411 4765 1718 4832 Φαρισαῖοι

146 4853 478 4922 ὑποκριταὶ,
513 4854 603 4910 ὅτι
628 4855 932 4926 περιάγετε
967 4855 1082 4924 τὴν
1127 4855 1449 4911 θάλασσαν
1479 4856 1580 4911 καὶ
1607 4858 1721 4926 τὴν

149 4941 358 5011 ξηρὰν,
431 4947 682 5016 ποιῆσαι
746 4949 855 5003 ἕνα
920 4947 1337 5016 προσήλυτον·
1419 4948 1519 5002 καὶ
1576 4949 1721 5002 ὅταν

150 5031 381 5102 γένηται
400 5077 416 5100 ,
448 5038 668 5092 ποιεῖτε
693 5037 880 5092 αὐτὸν
917 5039 1052 5093 υἱὸν
1090 5038 1340 5109 γεέννης
1364 5038 1721 5107 διπλότερον

150 5126 326 5193 ὑμῶν·
359 5129 556 5184 οὐκοῦν
582 5133 719 5187 κατὰ
744 5131 902 5185 τοῦτο
926 5131 1048 5186 οῦτε
1066 5132 1223 5202 φύσει
1249 5133 1354 5185 υἱοὶ
1381 5131 1600 5204 γεέννης
1616 5132 1720 5186 εἰσί

149 5234 304 5285 τινες,
336 5220 460 5275 οὔτε
489 5223 683 5289 ἐπίσης
722 5225 772 5277 οἱ
799 5225 896 5295 τῆς
927 5223 1150 5296 γεέννης
1175 5223 1283 5278 υἱοὶ.
1319 5225 1423 5279 υἱοί
1454 5227 1589 5278 εἰσιν
1621 5225 1717 5280 αὐ-

151 5309 262 5380 τῆς,
288 5313 403 5382 εἴγε
442 5314 628 5386 ἕτερος
654 5315 843 5388 ἐτέρου
873 5316 1184 5389 διπλότερον
1209 5317 1323 5381 υἱός
1360 5320 1506 5371 ἐστιν
1533 5318 1721 5389 αὐτῆς.

1828 4574 1918 4627 Dei
1945 4573 1969 4629 ἲ
1992 4573 2155 4644 352
2185 4574 2326 4644 quod
2354 4575 2624 4642 quomodo
2655 4591 2721 4630 ex
2749 4576 3029 4630 contrario
3050 4579 3392 4644 ostendatur,

1823 4664 1905 4720 sic
1956 4681 2338 4736 proponemus.
2379 4664 2436 4719 ln
2474 4665 2764 4735 Evangelio
2813 4682 2840 4719 a
2895 4665 3146 4722 Matthteo
3197 4668 3396 4723 tradito

1824 4759 2063 4815 secunda
2097 4760 2446 4815 comminatio
2489 4759 2556 4813 ad
2607 4759 2914 4814 Pharisaeos
2958 4769 3013 4812 et
3061 4761 3274 4815 scribas
3315 4763 3396 4816 sic

1825 4869 1883 4908 se
1914 4854 2075 4908 habet
2104 4870 2118 4905 :
2158 4851 2247 4906 γω
2275 4854 2438 4918 vobis,
2471 4853 2658 4906 scriba:
2708 4864 2756 4906 et
2790 4850 3051 4908 Phariswi
3084 4854 3391 4924 Iiypocritw,

1828 4947 1951 5014 quia
1979 4946 2137 5000 abitis
2171 4961 2313 5000 mare
2342 4955 2388 5000 et
2416 4957 2610 4998 terram
2639 4957 2692 4998 ut
2721 4947 2933 5015 faciatis
2965 4963 3125 5003 unum
3159 4953 3396 5022 prosely-

1829 5051 1979 5104 tum;
2021 5049 2068 5093 et
2110 5053 2227 5091 cum
2264 5037 2421 5106 fuerit
2453 5039 2648 5105 lactus,
2685 5035 2861 5106 facitis
2897 5039 3051 5092 illum
3102 5041 3271 5109 [ilium
3308 5059 3394 5111 ge-

1828 5133 2010 5185 hennae
2060 5130 2220 5199 duplo
2277 5131 2440 5200 magis
2487 5147 2648 5200 quant
2687 5148 2773 5184 vos
2807 5133 2931 5186 estis
2962 5135 3051 5200 '7;
3099 5134 3263 5204 igitur
3293 5134 3396 5189 hac

1830 5226 2063 5289 ratione,
2093 5237 2269 5293 neque
2295 5223 2514 5292 quidam
2550 5233 2742 5278 natura
2787 5235 2912 5279 sunt
2967 5225 3060 5280 ﬁlii
3103 5227 3387 5294 gehennae,

1833 5329 2006 5385 neque
2036 5316 2300 5384 gehennae
2348 5313 2442 5368 ﬁlii
2496 5330 2563 5370 ex
2613 5331 2766 5386 aequo
2814 5327 2942 5371 sunt
2987 5317 3130 5372 illius
3178 5317 3302 5385 ﬁlii,
3345 5320 3394 5375 si

217 5451 260 5482 ’³
286 5451 478 5505 Matth.
503 5467 558 5516 ν,
583 5452 672 5507 44.
750 5454 796 5486 "
838 5453 995 5508 Joan.
1043 5470 1176 5530 νιιι,
1204 5454 1293 5509 47.
1369 5457 1414 5486 ³³
1457 5454 1612 5510 Joan.
1656 5470 1673 5508 ι

1558 5471 1612 5508 ιι.
1656 5454 1803 5521 x,27.
1877 5455 1923 5485 "
1955 5452 2086 5508 Luc.
2119 5469 2238 5521 vm,
2274 5453 2361 5508 15.
2437 5455 2479 5485 ³⁷
2507 5453 2698 5510 Matth.
2724 5471 2879 5519 mu,
2917 5456 3006 5512 l5.

221 5562 318 5632 (7‘)
349 5561 489 5632 Leg.
512 5562 716 5618 τέκνον.
753 5565 846 5620 En.
870 5565 1111 5621 ΡΑτιιοι.

159 5712 178 5756 ι
225 5632 299 5751 (ξι)
333 5631 522 5686 Codex
558 5632 778 5704 Regius,
817 5635 927 5689 οὐδ’
968 5637 1140 5690 ὅλων⁴
1193 5635 1512 5692 Bodleianus
1559 5646 1618 5692 ut
1662 5638 1714 5692 in

179 5719 237 5756 ex
268 5719 322 5753 11.

179 5719 322 5757 CII".

225 5772 298 5842 (9)
342 5772 628 5830 Ἀκούειν,
660 5773 802 5842 Lego
828 5776 1035 5831 ἀκούει.

389 5865 662 5927 Parnm.
697 5867 812 5927 Gn.
851 5870 1014 5930 XIV.

1895 5564 2004 5635 (te)
2028 5567 2136 5619 Καὶ
2162 5570 2214 5619 ot
2232 5567 2507 5635 ψυχικοὶ,
2529 5579 2634 5624 etc.
2663 5567 2942 5625 Secundus
2965 5569 3241 5627 hominum
3263 5580 3395 5632 ordo

1821 5635 1974 5704 juxta
2010 5637 2372 5689 Valentinum.

1898 5705 1944 5772 (1
1961 5705 2011 5775 t)
2041 5707 2166 5784 "ira
2192 5705 2444 5762 ἐκεῖνον.
2467 5707 2757 5779 Perperam
2777 5711 2948 5767 codex
2981 5711 3182 5782 Regius
3206 5714 3392 5784 habet,

1825 5770 1963 5829 εἶναι
1993 5770 2262 5846 κείμενον.

3039 5877 3113 5936 21
