3688 6146
410 272 508 327 651

1859 281 2180 342 ORIGENIS

3485 300 3565 356 652

407 394 546 448 alius
576 392 736 463 duplo
784 392 957 464 magis
985 407 1146 458 quam
1187 393 1325 450 alius
1373 405 1459 452 est
1504 398 1766 467 gehennae
1798 398 1920 456 {ilius

2070 405 2132 460 Ei
2165 405 2222 460 δὲ
2256 405 2439 478 ἕτερος
2470 408 2656 482 ἑτέρου
2685 410 2997 484 διπλότερός
3029 413 3175 467 ἐστιν
3213 414 3424 487 υἰόςτῆς
3453 422 3566 487 γεέν.

406 487 563 556 Quod
588 487 635 543 si
669 487 809 542 alius
832 486 998 558 duplo
1028 488 1199 559 magis
1226 503 1393 559 quam
1423 490 1563 548 alius
1590 502 1677 549 est
1710 494 1919 565 gebenn

2072 513 2190 569 νης,
2220 497 2309 552 διὰ
2334 499 2389 553 τί
2419 500 2540 572 οὐχὶ
2566 502 2660 555 καὶ
2685 503 2787 573 τῆς
2814 502 3110 569 ἀπωλείας,
3140 505 3233 558 καὶ
3258 507 3346 560 τοῦ

409 580 577 644 ﬁlius,
599 593 701 633 cur
730 594 834 634 non
856 579 1021 634 etiam
1050 582 1396 651 perditionis,
1421 593 1471 639 et
1499 586 1712 655 mortis,
1744 597 1799 643 et
1825 595 1971 644 tene-

2071 587 2288 641 καὶτοῦ
2331 588 2577 650 σκότους,
2599 590 2694 644 καὶ
2734 591 2840 646 τῶν
2892 592 3115 660 λοιπῶν,
3156 586 3229 648 ὧν
3272 597 3318 649 οἱ
3358 597 3569 672 διαφόρως

405 671 656 732 brarum.
685 679 739 725 et
763 681 1105 737 cancrorum,
1149 688 1381 744 quorum
1420 677 1512 746 qui
1546 676 1697 734 varie
1739 693 1920 748 peccat

2069 678 2472 750 ἁμαρτάνοντες
2512 682 2650 737 εἰσιν
2690 683 2830 749 υίοί;
2878 685 2943 739 El
2973 684 3029 739 δὲ
3075 685 3170 740 ἐπὶ
3207 686 3417 757 τούτων,
3442 671 3569 749 διάτί

402 773 534 819 sunt
560 763 702 819 lilii?
729 763 878 832 Quod
911 765 955 821 si
994 764 1045 820 in
1083 766 1168 822 his
1190 769 1270 823 sic
1295 783 1355 823 se
1395 784 1481 826 res
1507 771 1691 837 habet,
1725 786 1826 828 cur
1857 788 1920 829 nc

2067 771 2160 823 καὶ
2185 771 2304 841 οὐχὶ
2331 773 2437 825 υἱοὶ⁹
2478 775 2654 842 φωτὸς
2683 775 2984 847 διπλότεροι
3024 776 3198 849 ἕτεροι
3243 780 3427 851 ἑτέρων
3457 784 3568 838 ἔσον-

401 856 567 911 eliam
599 855 692 911 lilii
724 855 861 912 lucis
887 855 976 911 alii
1010 856 1171 926 duplo
1196 858 1367 929 magis
1394 875 1556 930 quam
1581 862 1674 916 alii
1701 875 1889 930 erunt,
1912 873 1969 920 et

400 945 501 1002 lilii
551 947 699 1012 vitae,
749 956 805 1004 et
852 948 947 1003 ﬁlii
999 948 1298 1017 sapientia,
1330 961 1492 1022 atque
1522 955 1684 1008 etiam
1724 954 1869 1014 hunc
1909 959 1963 1014 in

401 1038 619 1093 modum
649 1039 740 1093 lilii
777 1038 917 1095 Dei?
948 1037 1099 1106 Quod
1125 1041 1170 1094 si
1199 1041 1360 1112 duplo
1404 1044 1540 1100 alius
1585 1047 1758 1114 magis
1803 1064 1963 1120 quam

399 1129 546 1186 alius
568 1128 798 1186 efﬁcitur
823 1131 963 1186 (ilius
986 1130 1104 1198 Dei,
1125 1146 1223 1187 cur
1247 1148 1357 1189 non
1381 1137 1546 1192 etiam
1569 1140 1961 1211 multipliciter,

398 1234 456 1279 et
502 1233 650 1279 tanto
678 1225 1067 1295 multipliciter,
1103 1236 1308 1295 quanto
1337 1229 1711 1300 multipliciter
1741 1234 1961 1305 dignum

398 1329 483 1372 est
511 1317 859 1374 considerare
883 1333 1002 1375 esse
1025 1318 1458 1390 Primogeuiturn
1496 1326 1660 1380 totius
1695 1336 1962 1385 creatum

396 1408 592 1467 Filium
619 1411 713 1467 Dei
749 1426 911 1478 super
933 1426 1144 1476 omnes,
1177 1413 1270 1482 qui
1323 1422 1453 1470 sunt
1480 1414 1576 1470 ﬁlii
1606 1416 1720 1481 Dei,
1769 1428 1825 1474 et
1852 1434 1959 1476 non

397 1504 628 1573 amplius
677 1504 882 1561 habent
911 1507 1161 1576 spiritum
1213 1508 1493 1564 servitutis
1526 1508 1580 1564 in
1612 1510 1830 1576 timore,
1865 1515 1959 1569 sed

396 1605 725 1665 acceperunt
757 1599 1006 1667 spiritum
1038 1600 1344 1671 adoptionis
1370 1600 1463 1655 ³δῖ
1493 1601 1768 1659 Fortassis
1793 1605 1960 1676 igitur

393 1684 546 1754 plura
574 1702 694 1747 cum
732 1689 845 1744 sint
872 1691 1037 1746 verba
1065 1692 1183 1756 Dei,
1226 1708 1332 1746 non
1378 1691 1553 1748 solum
1587 1708 1709 1763 quae
1751 1696 1954 1766 scripta

2064 877 2173 926 ται,
2210 862 2302 914 καὶ
2334 862 2439 915 υἱοὶ
2485 861 2652 935 ζωῆς,
2706 866 2801 918 καὶ
2846 865 2954 919 υἱοὶ
2999 868 3211 937 σοφίας,
3257 868 3391 923 οὕτω
3424 873 3570 930 δὲνὶοὶ

2062 949 2235 1017 Θεοῦ;
2264 952 2327 1006 El
2362 953 2420 1006 δὲ
2445 953 2721 1009 διπλάσιον
2754 954 2830 1019 ὡς
2884 956 3071 1029 ⁴ἔτερος
3115 959 3244 1030 παρ’
3296 961 3464 1032 ἕτερον
3487 966 3569 1031 υἱὸς

2062 1044 2268 1113 γίνεται
2307 1045 2465 1110 Θεοῦ,
2510 1046 2599 1100 διὰ
2642 1046 2695 1100 τί
2726 1046 2846 1118 οὐχὶ
2883 1049 2979 1102 καὶ
3016 1049 3480 1118 πολλαπλασιόνως,
3502 1058 3570 1109 ml

2060 1137 2597 1203 τοσαυταπλάσιόνως
2631 1142 3109 1207 ὁποσαπλασιύνως
3145 1143 3293 1208 ἄξιον
3322 1149 3448 1199 νοεῖν
3469 1144 3572 1203 εἶναι

2058 1227 2147 1281 τὸν
2174 1228 2521 1300 Πρωτότοκον
2546 1231 2727 1304 πάσης
2758 1233 2986 1299 κτίσεως
3013 1233 3138 1289 Υίὸν
3160 1236 3255 1289 τοῦ
3302 1236 3427 1292 Θεοῦ
3459 1244 3570 1312 παρὰ

2057 1320 2184 1383 τοὺς
2229 1318 2447 1384 λοιποὺς
2500 1322 2649 1386 υἱοὺς
2693 1323 2788 1378 τοῦ
2848 1325 3019 1392 Θεοῦ,
3085 1327 3182 1380 καὶ
3245 1329 3367 1392 τοὺς
3421 1333 3572 1405 μηκέτι

2059 1410 2275 1482 πνεῦμα
2299 1411 2539 1478 δουλείας
2580 1414 2800 1486 ἔχοντας
2840 1418 2920 1480 εἰς
2963 1416 3146 1485 φόϐον,
3179 1418 3294 1472 ἀλλ’
3338 1420 3571 1492 εἰληφότας

2058 1503 2274 1575 πνεῦμα
2303 1505 2607 1572 υίοθεσίας;
2639 1507 2791 1578 Τάχα
2818 1503 2916 1561 οῦν
2949 1507 3120 1572 οὕτως
3157 1508 3410 1565 πλειόνων
3441 1512 3572 1569 δντιω

2055 1589 2161 1644 τῶν
2178 1592 2436 1663 ῥημάτων
2476 1593 2569 1648 τοῦ
2593 1594 2750 1660 Θεοῦ,
2772 1595 2833 1647 οὐ
2867 1595 3025 1666 μόνον
3061 1596 3170 1650 τῶν
3194 1598 3572 1673 ἀναγεγραμμέ-

2054 1698 2180 1745 νων,
2200 1681 2336 1737 ἀλλά
2355 1683 2449 1737 και
2462 1684 2570 1738 τῶν
2584 1685 2854 1757 άρῥήτων,
2868 1685 2926 1739 δν
2943 1685 2988 1758 (ι
3001 1688 3075 1759 ιο)
3099 1689 3199 1742 οὐκ
3213 1687 3335 1755 ἐξὸν
3352 1690 3574 1762 ἀνθρώπῳ

393 1785 542 1842 sunt,
594 1794 781 1835 verum
817 1782 981 1837 etiam
1035 1783 1347 1848 ineffabilia,
1393 1794 1450 1840 et
1480 1801 1598 1855 quae
1634 1787 1841 1843 homini
1872 1789 1920 1844 di

2058 1772 2311 1846 λαλῆσαι,
2360 1776 2455 1830 καὶ
2505 1775 2706 1831 τούτων
2749 1777 2877 1846 περὶ
2921 1766 3002 1832 ὧν
3049 1794 3211 1850 φησιν
3258 1780 3288 1832 ὁ
3339 1781 3570 1854 Ἰωάννης

392 1884 517 1924 cere
544 1871 698 1928 nefas
729 1882 813 1928 est
854 1874 922 1937 ³³,
951 1883 1005 1930 et
1039 1890 1101 1929 ea
1134 1877 1199 1932 de
1229 1876 1427 1947 quibus
1461 1877 1634 1947 inquit
1661 1877 1899 1936 Joannes
1933 1901 1946 1936 :

392 1960 506 2017 Nec
530 1963 638 2031 ipse
669 1963 858 2032 Opinor
892 1965 1119 2019 mundus
1157 1979 1362 2033 caperet
1403 1984 1509 2032 eos,
1538 1970 1629 2038 qui
1663 1971 1950 2026 scriberen-

387 2053 681 2121 tur,libros
707 2053 776 2120 ³ο,
805 2054 1029 2124 quilibet
1069 2056 1471 2127 qualiacunque
1518 2060 1680 2119 verba
1718 2060 1813 2116 Dei
1849 2076 1951 2116 au-

388 2143 543 2200 diens
587 2152 643 2200 et
676 2144 998 2215 intelligens,
1043 2147 1156 2217 jam
1203 2164 1269 2204 ex
1320 2150 1429 2205 Deo
1471 2159 1593 2218 est;
1646 2160 1702 2208 et
1745 2162 1949 2222 quanto

386 2235 542 2303 plura
573 2237 740 2292 verba
778 2237 869 2293 Dei
917 2240 1169 2307 audierit,
1218 2247 1367 2295 tanto
1406 2242 1577 2312 magis
1619 2241 1848 2298 elﬁcitur
1880 2258 1948 2299 ex

388 2326 1038 2395 Deo;quemadmodum,
1087 2331 1131 2386 si
1186 2330 1260 2386 ita
1310 2333 1663 2402 appellandus
1705 2343 1810 2401 est,
1849 2334 1949 2391 ali-

385 2419 532 2488 quis,
563 2419 760 2476 auditis
785 2421 1035 2476 omuibus
1078 2421 1170 2477 Dei
1203 2422 1406 2489 verbis,
1431 2424 1478 2479 si
1506 2426 1665 2482 modo
1698 2428 1749 2482 id
1783 2426 1943 2484 cadat

384 2512 441 2566 in
474 2511 711 2581 aliquem
756 2526 944 2567 eorum
996 2513 1091 2582 qui
1142 2514 1394 2582 spiritum
1442 2516 1751 2587 adoptionis
1798 2521 1946 2576 acci-

382 2601 555 2672 piunt.
599 2599 835 2672 perfecte
862 2611 917 2658 et
952 2603 1148 2659 eximie
1178 2602 1236 2658 lit
1269 2603 1410 2661 lilius
1452 2607 1570 2671 Dei,
1602 2617 1658 2663 et
1689 2609 1941 2676 omnino,

381 2705 440 2750 et
463 2693 722 2760 letaliter,
752 2703 811 2750 et
832 2702 977 2751 totus
1002 2709 1071 2750 ex
1102 2695 1234 2751 Deo.
1270 2697 1566 2754 Candidius
1602 2708 1781 2755 autem
1815 2710 1943 2757 sunt

382 2788 751 2859 intelligenda:
786 2788 890 2844 illa;
934 2789 1139 2846 voculae
1173 2791 1408 2846 totaliler
1437 2802 1493 2848 et
1527 2802 1694 2856 totus,
1748 2802 1808 2849 ut
1855 2809 1943 2850 rc-

378 2884 684 2952 spondeant
707 2884 832 2938 totis
857 2881 1215 2953 dogmatibus,
1247 2884 1343 2939 toti
1379 2884 1675 2956 cognitioni
1720 2893 1776 2941 et
1814 2885 1942 2942 totis

377 2973 671 3044 mysteriis,
706 2973 841 3028 adeo
866 2982 927 3028 ut
956 2982 1098 3028 totus
1125 2984 1179 3029 et
1208 2973 1445 3029 totaliter
1489 2976 1640 3031 dicat
1689 2989 1751 3032 se
1787 2977 1941 3048 geni-

381 3072 492 3119 tum
517 3079 584 3119 ex
621 3064 754 3130 Deo,
778 3065 868 3134 qui
901 3066 1116 3120 noverit
1143 3068 1324 3124 omnia
1348 3068 1606 3138 mysteria
1634 3078 1689 3123 et
1719 3084 1936 3125 omnem

378 3155 762 3227 cognitionem,
804 3156 1039 3213 feliciter
1065 3158 1231 3214 etiam
1262 3160 1434 3230 gestis
1483 3175 1606 3230 qua:
1642 3170 1769 3215 sunt
1817 3176 1940 3231 per-

364 3251 532 3307 lecta:
560 3251 886 3309 dilectionis.
913 3252 1051 3309 Vide
1073 3268 1206 3309 vero
1221 3269 1289 3309 an
1317 3255 1361 3310 is
1390 3268 1787 3327 consequenter
1812 3257 1940 3313 huic

375 3344 560 3399 dicto:
602 3344 685 3400 Ea:
711 3355 861 3416 parte
888 3347 1274 3416 cognoscimus,
1298 3357 1346 3401 et
1376 3362 1443 3401 ea:
1473 3357 1622 3417 parte
1659 3349 1941 3417 propheta-

373 3450 490 3489 κιαι
516 3433 585 3498 ³³,
612 3435 781 3504 possit
810 3434 994 3489 dicere
1022 3452 1033 3486 :
1063 3435 1130 3489 Et
1155 3449 1222 3488 ex
1271 3445 1423 3506 parte
1454 3452 1644 3492 sumus
1684 3437 1778 3492 lilii
1809 3437 1936 3504 Dei;

374 3536 427 3581 et
463 3541 714 3581 rursum:
750 3524 880 3580 Cum
924 3527 1190 3582 aduenerit
1227 3529 1365 3598 quod
1404 3528 1695 3598 perfectum
1740 3538 1845 3595 est,
1881 3540 1938 3587 et

359 3618 513 3688 .quod
567 3633 632 3672 ex
671 3628 820 3688 parte
870 3628 945 3673 est
1001 3629 1304 3675 evacuatum
1351 3621 1544 3688 fuerit;
1578 3629 1634 3676 et
1661 3620 1938 3689 perlectis-

356 3712 509 3766 -sime
538 3710 681 3766 ratio
726 3725 830 3780 qua
856 3710 979 3780 quis
1001 3725 1122 3766 esse
1167 3720 1346 3781 potest
1375 3711 1517 3766 [ilius
1543 3712 1636 3767 Dei
1663 3712 1937 3778 adveniet,

372 3817 641 3859 evacuans
667 3802 717 3859 id
742 3818 850 3872 quo
872 3803 999 3858 ouis
1020 3819 1084 3858 ex
1112 3812 1267 3873 parte
1293 3802 1432 3857 [ilius
1458 3802 1553 3861 Dei
1572 3812 1673 3859 est.
1698 3802 1809 3861 Nec
1834 3804 1936 3861 hoc

372 3895 583 3949 siuatur
605 3895 892 3959 intactum,
911 3911 1038 3949 uum
1062 3895 1178 3950 fieri
1201 3897 1371 3966 possit
1396 3906 1454 3951 ut
1476 3896 1672 3967 aliquis
1694 3912 1760 3953 ex
1783 3909 1936 3967 parte

361 3985 446 4037 .sit
494 3985 638 4041 ﬁlius
695 3987 1093 4055 prtestautioris
1153 3988 1366 4058 partis,
1435 4002 1630 4058 nempe
1696 3989 1932 4054 divinae,

371 4071 534 4143 353
558 4083 613 4128 et
645 4088 709 4129 ex
751 4085 905 4144 parte
939 4076 1012 4130 sit
1037 4075 1264 4131 alterius
1305 4076 1475 4141 partis
1512 4076 1832 4143 contrariae;
1865 4093 1933 4130 an

374 4166 557 4233 potius
589 4164 691 4220 hoc
724 4165 1061 4235 impossibile
1102 4167 1174 4222 sit
1217 4169 1297 4223 sic
1320 4182 1380 4223 se
1421 4167 1641 4224 habere.
1671 4167 1934 4224 Similiter

361 4256 616 4327 .iuquires
641 4258 913 4329 quomodo
941 4258 1095 4312 multi
1128 4259 1290 4316 unius
1319 4261 1491 4331 patris
1514 4261 1760 4316 dicantur
1793 4259 1885 4315 lilii
1910 4278 1926 4326 ;

372 4355 799 4414 utrumquepter
823 4360 1074 4414 proavos,
1109 4355 1164 4402 et
1193 4357 1415 4416 propter
1440 4361 1788 4402 successores
1814 4346 1932 4423 illo-

1964 3109 2006 3166 Ο

2056 1865 2191 1920 Οὐδ’
2215 1866 2401 1922 αὐτὸν
2423 1863 2582 1938 οἶμαι
2606 1868 2713 1922 τὸν
2741 1868 2971 1937 κόσμον
3005 1864 3277 1939 χωρῆσαι
3306 1875 3377 1927 τὰ
3408 1876 3575 1943 γραφό-

2043 1971 2200 2025 μενα
2261 1956 2494 2021 βιϐλία,
2561 1958 2668 2021 πᾶς
2742 1959 2842 2027 μὲν
2909 1961 3297 2016 οἱωντινωνοῦν
3360 1966 3575 2034 ῥημάτων

2049 2048 2261 2103 ἀκούων
2304 2048 2397 2104 τοῦ
2430 2049 2588 2116 Θεοῦ,
2636 2051 2737 2123 ἤδη
2786 2052 2934 2106 ἐστὶν
2970 2054 3034 2106 ὲκ
3073 2054 3168 2109 τοῦ
3220 2055 3389 2111 Θεοῦ·
3417 2057 3510 2127 ὅσῳ
3532 2060 3573 2111 δὲ

2051 2140 2307 2195 πλειόνων
2329 2141 2518 2196 ἀκούει
2537 2143 2795 2216 ῥημάτων
2819 2145 2914 2199 τοῦ
2937 2145 3093 2210 Θεοῦ,
3123 2148 3573 2214 τοσαυταπλειόνως

2047 2231 2251 2301 γίνεται
2287 2236 2353 2288 ἐκ
2379 2234 2473 2289 τοῦ
2503 2234 2637 2290 Θεοῦ
2655 2254 2667 2267 ·
2696 2237 2795 2301 ὡς,
2823 2237 2872 2290 εί
2893 2237 2973 2292 δεῖ
2990 2237 3161 2304 οὕτως
3189 2239 3305 2313 (12)
3334 2242 3571 2312 ὀνομάσαι,

2048 2323 2265 2378 πάντων
2294 2324 2532 2392 ἀκούσας
2557 2344 2641 2392 τις
2669 2328 2778 2382 τῶν
2813 2331 3071 2403 ῥημάτων
3100 2332 3194 2386 τοῦ
3218 2333 3380 2397 Θεοῦ,
3413 2335 3495 2389 ὲὰν
3525 2352 3573 2403 γε

2046 2415 2203 2470 τοῦτο
2230 2416 2404 2491 φθάνῃ
2428 2418 2519 2473 ἐπί
2543 2436 2665 2474 τινα
2692 2419 2800 2475 τῶν
2822 2421 3200 2493 λαμϐανόντων
3231 2425 3296 2478 τὸ
3324 2426 3419 2496 τῆς
3437 2426 3575 2482 υἱοθε-
3662 2418 3663 2423 “

2047 2506 2166 2572 σίας
2197 2508 2431 2581 πνεῦμα,
2466 2511 2682 2576 τελείως
2707 2514 2797 2568 καὶ
2817 2514 3240 2587 ἀνυπερϐλήτως
3279 2516 3573 2584 γίνεταιυίὺς

2044 2598 2203 2661 Θεοῦ,
2235 2600 2329 2653 καὶ
2351 2601 2549 2673 πάντη,
2581 2603 2675 2657 καὶ
2702 2605 2759 2671 ἐξ
2787 2605 2945 2670 ὅλων,
2984 2606 3079 2659 καὶ
3112 2606 3252 2671 ὅλως
3281 2607 3394 2679 (15)
3418 2611 3476 2663 ὲκ
3501 2610 3573 2664 τοῦ

2042 2686 2199 2742 Θεοῦ.
2217 2689 2726 2765 Εὐγνωμονέστερον
2745 2694 2803 2749 δὲ
2817 2695 3106 2750 ἀκουστέον
3128 2696 3228 2750 τοῦ
3253 2696 3325 2763 ἐξ
3344 2698 3487 2753 ὅλων
3505 2700 3577 2754 καὶ

2043 2776 2216 2846 ὅλως,
2266 2780 2527 2852 ἀνάλογον
2571 2782 2712 2848 ὅλοις
2759 2787 2870 2850 τοῖς
2917 2784 3167 2857 δόγμασι,
3216 2795 3316 2842 καὶ
3360 2790 3495 2863 πάσῃ
3522 2795 3573 2863 τῇ

2040 2867 2257 2935 γνώσει,
2306 2871 2400 2924 καὶ
2453 2874 2585 2928 πᾶσι
2630 2877 2741 2939 τοῖς
2776 2877 3112 2949 μυστηρίοις,
3162 2878 3299 2934 ὥστ’
3330 2881 3395 2935 ἂν
3435 2884 3576 2937 εἰπεῖν
3662 2914 3663 2945 ς

2039 2960 2179 3024 ὅλον,
2224 2963 2316 3016 καὶ
2350 2963 2409 3031 ἐξ
2443 2965 2577 3020 ὅλων
2607 2966 2886 3036 γεγονέναι
2931 2970 2996 3023 ὲκ
3021 2972 3116 3024 τοῦ
3146 2973 3288 3028 Θεοῦ
3322 2974 3410 3030 τὸν
3432 2975 3577 3030 εἰδότι
3662 2964 3663 2969 “

2040 3054 2217 3108 πάντα
2262 3056 2329 3110 τὰ
2385 3060 2680 3131 μυστήρια,
2730 3062 2826 3115 καὶ
2876 3064 3053 3117 πᾶσαν
3097 3064 3195 3138 τὴν
3254 3068 3466 3135 γνῶσιν,
3504 3067 3575 3121 καὶ

2043 3144 2178 3215 μετά
2221 3145 2425 3201 τούτων
2464 3146 2533 3202 τὰ
2577 3149 2677 3220 τῆς
2706 3150 2917 3216 τελείας
2940 3153 3160 3226 ἀγάπης
3201 3156 3573 3228 κατορθωκότα.

2044 3236 2184 3308 Ὅρα
2204 3237 2261 3292 δὲ
2283 3239 2331 3292 εί
2354 3238 2576 3294 δύναται
2610 3242 2721 3314 (id)
2759 3243 3065 3310 ἀκολούθως
3102 3247 3213 3318 τῷ·
3277 3250 3371 3303 Ἐκ
3389 3248 3575 3318 μέρους

2038 3327 2427 3401 γινώσκομεν,
2454 3333 2553 3387 καὶ
2593 3335 2661 3389 ἐκ
2685 3334 2901 3404 μέρους
2925 3340 3402 3409 προφητεύομεν,
3424 3343 3571 3395 εἰπεῖν

2039 3421 2105 3476 ἂν
2129 3421 2221 3476 τὸν
2239 3424 2475 3480 τοιοῦτον
2492 3442 2505 3455 ·
2535 3427 2644 3481 Καὶ
2675 3427 2740 3482 ἐκ
2758 3426 2955 3504 μέρους
2978 3430 3142 3504 ἐσμὲν
3184 3433 3298 3488 υἱοὶ
3318 3434 3410 3489 τοῦ
3432 3433 3544 3488 Θεοῦ
3565 3452 3577 3461 ·

2041 3513 2137 3566 καὶ
2159 3513 2321 3569 πάλιν
2342 3531 2356 3546 ·
2390 3517 2564 3572 Ὅταν
2575 3517 2720 3589 ἔλθῃ
2746 3520 2812 3574 τὸ
2834 3521 3085 3588 τέλειον,
3111 3523 3302 3578 καὶτὸ
3317 3526 3385 3579 ἐκ
3392 3524 3577 3594 μέρους

2037 3607 2396 3679 καταργηθῇ,
2448 3610 2541 3665 καὶ
2575 3611 2634 3665 τὸ
2676 3613 2877 3668 τέλειον
2924 3614 3017 3668 τοῦ
3049 3617 3303 3685 γενέσθαι
3334 3617 3442 3681 υἱὸς
3466 3616 3573 3669 Θεοῦ

2037 3699 2334 3765 ἐλεύσεται,
2386 3702 2693 3773 καταργοῦν
2722 3703 2783 3757 τό
2815 3707 2878 3759 ὲκ
2909 3706 3102 3778 μέρους
3150 3709 3435 3777 γεγονέναι
3485 3707 3575 3761 υἱόν

2034 3808 2155 3846 τινα
2182 3791 2276 3845 τοῦ
2302 3791 2458 3848 Θεοῦ.
2505 3792 2597 3865 Μὴ
2639 3793 2905 3866 ἀζήτητον
2933 3796 2990 3849 δὲ
3023 3796 3202 3851 ὲάσθω
3237 3799 3333 3852 καὶ
3378 3798 3436 3853 τὸ
3478 3798 3577 3867 περὶ

2034 3882 2131 3939 τοῦ
2187 3885 2414 3956 πότερόν
2467 3902 2597 3939 ποτε
2655 3886 2876 3941 δυνατὸν
2930 3889 2997 3941 ὲκ
3059 3890 3261 3961 μέρους
3317 3892 3412 3962 μὲν
3463 3888 3577 3946 εἶναι

2035 3976 2146 4030 υἱὸν
2204 3976 2300 4047 τῆς
2351 3975 2710 4050 διαφερούσης
2754 3979 2963 4050 μερίδος
3016 3982 3115 4052 τῆς
3167 3983 3301 4053 περὶ
3345 3985 3414 4037 τὰ
3464 3983 3575 4043 θεῖα,

2034 4069 2099 4122 ἐκ
2145 4068 2342 4140 μέρους
2372 4068 2429 4121 δὲ
2460 4069 2559 4140 τῆς
2591 4069 2865 4134 ἐναντίας·
2914 4071 2947 4143 ἢ
2986 4072 3144 4126 τοῦτο
3188 4075 3470 4147 ἀμήχανον
3506 4074 3578 4128 οὖ-

2033 4175 2142 4216 τως
2177 4158 2339 4229 ἔχειν·
2368 4151 2413 4226 ᾧ
2435 4157 2808 4224 συνεξετάσεις
2847 4162 2961 4226 πῶς
3000 4162 3248 4231 λέγονται
3285 4166 3393 4218 υἱοὶ
3425 4164 3578 4219 πολλοὶ

2034 4248 2151 4313 ἐνὸς
2182 4249 2406 4323 πατρὸς,
2442 4250 2668 4322 πότερον
2698 4250 2784 4305 διὰ
2828 4255 2953 4315 τοὺς
2986 4255 3309 4325 προγόνους,
3349 4257 3443 4309 καὶ
3474 4256 3577 4317 τοὺς

2034 4341 2093 4407 ἐξ
2125 4341 2382 4406 ἐκείνων,
2417 4340 2450 4413 ἦ
2487 4341 2628 4395 κατά
2661 4341 2862 4414 ταύτην
2894 4342 2990 4413 τὴν
3025 4344 3302 4399 ὑπόνοιαν.
3338 4344 3578 4405 Λαϐόνπς

363 4452 513 4506 rum,
544 4452 612 4491 an
657 4445 876 4508 propter
917 4437 1077 4493 talem
1126 4438 1636 4494 considerationem.
1685 4438 1756 4493 At
1803 4452 1920 4493 vero

2058 4427 2126 4486 νῦν
2159 4432 2406 4499 ἐξουσίαν
2432 4432 2599 4487 τέκνα
2642 4431 2777 4486 Θεοῦ
2814 4435 3096 4503 γενέσθαι,
3143 4435 3325 4489 πάντα
3358 4436 3579 4507 πράττω-

368 4543 492 4582 cum
524 4529 899 4599 acceperimus
925 4536 1247 4598 potestatem
1279 4537 1338 4581 ut
1365 4527 1661 4582 eﬂiciamur
1683 4527 1932 4591 ﬁlii-Dei,

357 4618 835 4674 ouiuial'aciamus
857 4627 924 4673 ut
951 4620 1125 4674 simus
1155 4633 1220 4673 ex
1259 4618 1388 4683 Deo,
1419 4629 1472 4674 et
1496 4621 1656 4674 verba
1685 4618 1806 4688 ejus
1836 4634 1934 4673 au-

368 4711 599 4772 diamus,
639 4719 694 4766 et
718 4711 1079 4780 .proliciamus
1098 4711 1259 4765 etiam
1305 4713 1429 4781 quia
1482 4726 1668 4766 sumus
1698 4725 1763 4765 ex
1802 4710 1932 4773 Deo,

368 4799 803 4869 utproliciamus
828 4803 994 4857 etiam
1030 4801 1158 4871 quia
1183 4803 1437 4857 audimus
1466 4802 1628 4856 verba
1666 4801 1783 4869 Dei,
1817 4800 1935 4869 plu-

369 4904 428 4945 ra
456 4904 524 4944 cx
561 4889 645 4944 his
685 4893 870 4947 verbis
900 4906 1114 4960 semper
1148 4889 1582 4957 mauil‘estautes,
1613 4892 1790 4947 donec
1816 4906 1931 4944 om-

366 4979 458 5034 nia
498 4981 898 5049 perceperimus
938 4982 1103 5038 verba
1140 4982 1255 5049 Dei,
1284 4997 1404 5054 quae
1435 4981 1513 5038 vel
1553 4997 1720 5046 nunc,
1751 4981 1836 5036 vel
1876 4981 1928 5035 in

360 5077 644 5141 posterum
682 5072 962 5143 percipere
994 5083 1223 5144 possunt
1248 5074 1302 5129 lii
1339 5074 1428 5143 qui
1455 5073 1650 5144 spiritu
1680 5073 1930 5143 adoptio-

368 5162 455 5216 nis
482 5160 629 5233 digui
675 5161 842 5216 habiti
887 5161 1111 5218 fuerint.
1143 5163 1371 5230 Quoties
1402 5174 1580 5217 autem
1613 5164 1774 5218 verba
1805 5176 1927 5231 qua;

369 5271 401 5309 a
438 5254 552 5311 Deo
588 5256 862 5324 dicuntur,
896 5271 1003 5312 non
1031 5258 1303 5322 audimus,
1340 5257 1442 5313 hoc
1483 5266 1589 5321 est,
1616 5270 1681 5310 ea
1708 5271 1813 5312 non
1843 5255 1926 5308 iu-

369 5347 686 5419 telligimus,
712 5348 875 5406 toties
919 5360 1346 5407 consentaneum
1386 5358 1471 5405 est
1518 5363 1617 5404 nos
1649 5346 1924 5417 redargui,

2039 4541 2161 4596 μεν,
2186 4524 2272 4578 ἵνα
2299 4523 2584 4595 γενώμεθα
2628 4527 2691 4579 ἐκ
2721 4526 2814 4583 τοῦ
2841 4525 2997 4592 Θεοῦ,
3034 4528 3127 4581 καὶ
3157 4528 3226 4581 τὰ
3258 4530 3479 4600 ῥήματα
3501 4525 3580 4579 αὐ-

2035 4615 2129 4669 τοῦ
2173 4615 2496 4687 ἀκούσωμεν
2515 4656 2530 4680 ,
2562 4618 2655 4671 καὶ
2684 4618 3078 4689 προκόπτωμεν
3109 4620 3202 4674 καὶ
3226 4620 3292 4673 τὸ
3319 4616 3458 4676 εἶναι
3485 4617 3575 4690 (15)

2035 4708 2099 4762 ὲκ
2130 4708 2221 4761 τοῦ
2253 4707 2409 4772 Θεοῦ,
2461 4710 2548 4763 ἵνα
2594 4710 2990 4780 προκόπτωμεν
3014 4712 3108 4765 καὶ
3157 4714 3214 4766 ἐν
3258 4711 3344 4783 τῷ
3387 4709 3577 4764 ἀκούειν

2036 4802 2294 4874 ῥημάτων
2324 4801 2418 4856 τοῦ
2450 4802 2608 4867 Θεοῦ,
2639 4803 2859 4858 πλείονα
2884 4806 2947 4858 ἐκ
2988 4803 3190 4859 τούτων
3228 4805 3320 4859 ἀεὶ
3348 4800 3579 4876 τρανοῦν-

2036 4912 2148 4962 τες,
2177 4895 2281 4959 ἕως
2308 4896 2482 4950 πάντα
2524 4897 2862 4967 χωρήσωμεν
2903 4896 2970 4950 τὰ
3008 4899 3227 4969 ῥήματα
3256 4896 3358 4951 τοῦ
3388 4892 3575 4960 Θεοῦ,ῆ

2035 4985 2134 5038 ὅσα
2162 5000 2226 5053 γε
2253 4984 2522 5056 ἐνδέχεται
2560 4985 2823 5056 χωρῆσαι,
2848 4986 2941 5039 καὶ
2972 4985 3088 5048 νῦν,
3125 4986 3219 5040 καὶ
3255 4985 3401 5055 μετὰ
3427 4982 3576 5037 ταῦτα

2035 5075 2159 5138 τοὺς
2182 5075 2535 5146 ἀξιουμένους
2561 5075 2660 5145 τῆς
2698 5075 2968 5140 υἱοθεσίας
3001 5076 3335 5148 πνεύματος.
3380 5073 3577 5134 Ὁσάκις

2032 5164 2088 5219 δὲ
2112 5164 2370 5237 ῥημάτων
2399 5164 2703 5235 λεγομένων
2731 5163 2823 5218 τοῦ
2854 5165 2987 5219 Θεοῦ
3011 5167 3113 5219 οὐκ
3138 5166 3430 5236 ἀκούομεν,
3458 5178 3577 5218 τουτ-

2033 5256 2215 5322 έστιν,
2269 5257 2331 5310 οὐ
2381 5255 2635 5328 συνίεμεν
2689 5256 2891 5323 αὐτῶν,
2945 5256 3268 5322 τοσαυτάκις
3319 5253 3578 5327 νομιστέον

2032 5347 2371 5420 ἐλέγχεσθαι,
2409 5348 2485 5412 ὡς
2504 5349 2605 5402 οὑκ
2635 5348 2792 5411 ὄντας
2837 5349 2902 5401 ὲκ
2948 5348 3041 5402 τοῦ
3095 5347 3247 5403 Θεοῦ·
3307 5347 3399 5403 διὰ
3439 5343 3576 5400 τοῦτο

471 5488 518 5522 ’⁸
542 5490 696 5546 Rom.
730 5505 850 5558 νιιι,
875 5490 964 5546 15.
1036 5489 1084 5523 ³⁸
1109 5487 1153 5544 ιι
1174 5488 1302 5545 Cor.
1334 5503 1433 5551 xu,
1457 5490 1511 5543 4.
1586 5487 1630 5519 ³⁸
1658 5486 1822 5542 τιοεη.
1847 5501 1917 5542 xx

2058 5486 2083 5538 ι.
2161 5484 2201 5516 ⁸¹
2231 5481 2398 5538 lCor.
2424 5498 2545 5547 xm,
2569 5484 2625 5544 9,
2660 5482 2745 5537 10.

439 5584 730 5656 (ιρξῌρεε.
758 5580 857 5649 ὧν,
882 5586 966 5641 vel
983 5581 1252 5656 potiusigﬁ,
1286 5594 1343 5656 ut
1367 5585 1419 5638 iu
1446 5583 1507 5637 Ν.
1531 5584 1594 5638 Τ.
1615 5583 1721 5639 Eo.
1754 5583 1920 5639 Pun.

437 5650 551 5725 ll?)
584 5650 870 5725 Fet-'rarius
894 5650 1126 5725 legebat,
1152 5655 1251 5725 ήδη
1283 5652 1475 5717 οὕτως,

440 5722 552 5787 (ιῦ)
592 5724 769 5779 Codex
802 5722 1144 5791 Bodleiauus,
1165 5722 1312 5786 ῧλὸς-

2110 5578 2221 5659 (ll)
2258 5579 2349 5659 Vel
2373 5580 2654 5646 legendum
2676 5576 2919 5645 δυνατόν,
2953 5576 3037 5634 vel
3069 5576 3226 5650 paulo
3246 5584 3401 5648 post,
3421 5570 3576 5633 ιιπιίν

2028 5649 2092 5704 ἂν
2117 5651 2177 5704 τὸ
2204 5649 2466 5703 τοιοῦτον.
3073 5649 3079 5650 “

2100 5720 2211 5791 (ίὸ)
2251 5722 2358 5775 Καὶ
2384 5719 2451 5773 τὸ
2490 5713 2659 5772 εἶναι.
2694 5715 2837 5791 Lego
2868 5721 2924 5776 ὲν
2943 5716 3020 5789 τῷ
3042 5713 3202 5773 εἶναι.
