3688 6146
113 323 231 377 657

1189 323 1546 380 COMMENT.
1591 323 1655 378 IN
1697 322 1896 380 JOAN.
1938 322 2176 379 TOMUS
2218 291 2334 377 xi

3280 331 3385 375 υυδ

106 444 280 512 λόγον
305 482 321 509 ,
369 442 664 498 καὶταῦτα
712 444 1034 516 ἀναγραφῆς
1085 443 1383 511 ἀξιωθέντα
1434 443 1539 497 ὑπὸ

1928 457 2011 496 um
2045 439 2172 496 Jesu
2210 442 2461 507 verbum,
2500 443 2806 511 praesertim
2837 442 2982 513 quod
3011 442 3253 499 habitum
3304 437 3384 491 (Ιί-

108 536 297 604 ἁγίων
329 535 586 607 μαθητῶν
628 536 792 591 αὑτοῦ
818 577 834 602 ,
881 537 956 601 ὡς
1002 537 1188 607 ἔτυχεν
1225 537 1506 591 ἐκδεκτέον
1527 555 1538 566 ·
1568 534 1703 590 ἀλλὰ

107 631 306 680 πᾶσαν
337 627 569 697 βάσανον
619 629 859 693 καὶτοῖς
905 627 1282 700 νομιζομένοις
1330 624 1470 683 εἶναι
1507 627 1702 698 σαφέσι

109 719 464 785 προσακτέον
491 760 507 785 ,
560 718 662 773 οὑκ
690 718 1164 789 ἀπογινώσκοντα,
1202 722 1285 774 ὅτι
1313 719 1407 772 καὶ
1446 718 1576 789 περῖ¹
1611 717 1701 771 τὸν

109 810 487 882 ἀνυπονόητον
521 812 613 865 καὶ
645 812 850 866 ἁπλοῦν
891 807 1029 866 εἶναι
1059 811 1386 884 νομισθέντα
1415 811 1572 880 λόγον
1599 810 1698 865 αύ-

107 897 204 952 τοῦ
244 897 606 970 εὑρεθήσεται
651 903 765 964 τοῖς
817 899 994 973 ὀρθῶς
1047 901 1300 973 ζητοῦσιν
1333 900 1483 965 ἄξιόν
1513 918 1566 954 τι
1603 899 1698 954 τοῦ

114 991 266 1062 ἱεροῦ
305 990 578 1062 στόματος
625 993 858 1048 ἐκείνου.
890 993 952 1046 El
986 992 1043 1046 δέ
1075 1010 1176 1048 που
1212 994 1288 1066 μὴ
1333 993 1659 1065 εὑρίσκομεν
1681 1033 1696 1057 ,

108 1084 307 1154 ἡμᾶς,
366 1084 465 1137 καὶ
511 1084 572 1138 0'3
623 1082 780 1152 λόγον
824 1084 920 1138 τοῦ
975 1084 1149 1156 Ἰησοῦ
1182 1084 1473 1150 αἰτιατέον,
1524 1084 1599 1150 ὡς
1635 1085 1696 1139 οὐ

111 1173 352 1226 πνέοντα
381 1171 490 1227 τῶν
524 1175 589 1226 ἐκ
630 1173 997 1245 πληρώματος
1043 1174 1254 1246 μεστῶν
1303 1174 1560 1247 ἀληθείας
1601 1175 1697 1229 καὶ

111 1263 313 1331 σοφίας
342 1262 647 1334 δογμάτων.
688 1261 876 1318 Ταῦτα
914 1263 973 1318 δέ
1015 1281 1104 1335 μοι
1143 1264 1358 1338 εἴρηταί
1392 1264 1698 1336 βουλομένῳ

109 1353 372 1419 ἐξετάσαι
417 1355 511 1408 τό’
551 1354 698 1425 Ἐγὼ
725 1353 1037 1424 δαιμόνιον
1075 1358 1188 1411 οὐκ
1227 1357 1373 1428 ἔχω·
1410 1357 1480 1411 δι’
1513 1352 1575 1412 οῦ
1613 1357 1695 1410 δι-

108 1444 431 1516 δασκόμεθα
463 1447 659 1510 πάντες
704 1449 755 1500 οί
799 1447 877 1519 τῷ
914 1447 1228 1519 Εὑαγγελίῳ
1282 1449 1696 1520 ἐντυγχάνοντες

113 1540 347 1610 πρᾶγμα
376 1538 407 1592 ὃ
436 1540 536 1593 οὐκ
563 1539 784 1611 ᾔδειμεν
817 1540 912 1594 καὶ
944 1540 1074 1611 πρὶν
1105 1541 1344 1611 ἐντυχεῖν
1399 1540 1480 1613 τῷ
1517 1542 1694 1611 Εὐαγ-

110 1630 295 1699 γελίῳ.
331 1631 399 1684 Τί
429 1631 487 1685 δὲ
516 1630 674 1685 τοῦτό
704 1633 854 1687 ἐστιν
884 1634 985 1705 ἥδη
1024 1635 1405 1706 κατανοητέον.
1445 1635 1694 1708 Ἀρέσκει

115 1724 252 1777 κατά
284 1723 390 1788 τὰς
421 1724 646 1798 Γραφάς
676 1728 804 1790 τοὺς
857 1728 1267 1803 ἁμαρτάνοντας
1308 1728 1480 1784 πολλὰ
1521 1733 1698 1783 ποιεῖν

1803 547 1965 603 gnum
2010 529 2172 584 fuerit
2223 531 2517 600 scriptione
2553 545 2581 584 a
2626 531 2831 587 sanctis
2857 533 3024 603 ipsius
3053 523 3373 605 discipulis,

1805 621 2100 693 vulgariter
2130 620 2534 690 intelligendum
2564 631 2666 677 est.
2705 623 2846 690 Quin
2888 625 3053 679 etiam
3084 628 3262 684 omnis
3307 629 3417 686 dl-'

1803 713 2025 784 ligentia
2066 712 2374 767 adhibenda
2407 723 2490 766 est
2529 727 2560 767 a
2609 712 2763 770 nobis
2793 713 2877 770 his
2908 715 3072 771 etiam
3099 733 3223 788 quae
3269 722 3387 777 exl-

1801 804 2093 860 stimantur
2120 812 2337 873 aperta;
2371 817 2475 857 non
2506 803 2856 873 desperantes
2880 804 2932 859 in
2956 805 3070 874 ejus
3097 823 3236 864 serm
3257 825 3384 876 one,

1801 896 2016 950 etiamsi
2058 903 2517 964 extemporaneus
2552 904 2606 951 et
2654 895 2883 968 simplex
2929 913 3049 955 esse
3091 904 3383 968 credatur,
3406 889 3413 974 ί

1802 985 2033 1043 inveniri
2071 1000 2286 1055 semper
2331 987 2534 1057 aliquid
2573 987 2718 1045 illius
2755 1005 2850 1046 ore
2898 1005 3056 1048 sacro
3086 994 3306 1064 dignum
3351 1010 3413 1050 a-

1802 1088 1950 1135 recte
1976 1078 2362 1148 quaerentibus.
2397 1078 2552 1146 Quod
2585 1080 2628 1134 si
2668 1080 2956 1152 aliquando
2985 1101 3090 1140 non
3123 1085 3369 1141 invenia-

1798 1186 1940 1235 mus,
1977 1187 2075 1229 nos
2119 1172 2397 1227 incusandi
2441 1187 2649 1238 sumus,
2693 1189 2798 1228 non
2838 1171 2964 1230 Jesu
3005 1190 3204 1243 sermo,
3247 1187 3368 1231 tan-

1798 1277 1959 1333 quam
1990 1265 2079 1333 qui
2113 1279 2216 1319 non
2249 1263 2420 1333 spiret
2462 1275 2530 1319 ex
2569 1263 2904 1335 plenitudine
2935 1267 3182 1337 dogmata
3215 1267 3368 1337 plena

1799 1356 2044 1411 veritatis
2080 1364 2136 1411 et
2169 1355 2472 1424 sapientiae.
2502 1354 2633 1422 Quae
2667 1357 2797 1411 mihi
2843 1359 2985 1413 dicta
3016 1369 3144 1413 sunt
3169 1358 3368 1413 volenti

1799 1447 2074 1517 inquirere
2116 1447 2182 1502 de
2221 1462 2288 1502 eo
2319 1461 2333 1499 :
2366 1444 2481 1519 Ego
2524 1448 2844 1502 dwmonium
2879 1465 2983 1505 non
3031 1450 3192 1505 habeo
3215 1466 3235 1505 :
3272 1463 3370 1520 per

1799 1542 1943 1612 quod
1984 1555 2174 1597 omnes
2217 1541 2570 1612 Evangelium
2617 1542 2855 1614 legentes
2913 1557 3026 1599 rem
3083 1544 3364 1614 docemur,

1800 1647 1985 1703 quam,
2013 1643 2302 1703 antequam
2330 1631 2679 1703 Evangelium
2711 1635 3032 1706 legeremus,
3065 1651 3172 1692 non
3204 1651 3368 1693 nove-

1801 1738 2022 1780 ramus:
2062 1739 2183 1796 qua:
2222 1724 2529 1794 qualisnam
2565 1725 2636 1780 sit
2673 1727 2784 1795 jam
2837 1728 3227 1783 consideranda
3261 1737 3363 1784 est.

40 1850 50 1860 ο
114 1818 262 1887 παρά
304 1817 399 1871 τὸν
443 1793 622 1888 λόγον,
657 1821 717 1873 οὐ
750 1819 818 1873 δι’
850 1793 989 1875 ἄλλο.
1015 1821 1049 1892 ἢ
1079 1821 1158 1893 τῷ
1183 1821 1463 1888 δεκτικοὺς

1917 1793 2260 1883 νθηίίὶυιιιι
2308 1812 2625 1884 Scriptura:
2659 1793 2825 1869 multa
2869 1823 3155 1886 peccantes
3185 1815 3367 1873 facere

115 1906 395 1976 γεγονέναι
453 1908 734 1980 ἐνεργείας
781 1907 1022 1982 πονηροῦ
1081 1910 1428 1982 πνεύματος,
1466 1912 1499 1984 ἢ
1537 1911 1696 1983 θελή-

70 2007 72 2009 ’
115 2015 281 2068 ματος
327 1997 645 2071 ἀκαθάρτου
674 2000 976 2072 δαιμονίου.
1023 2001 1138 2056 Οὐκ
1174 2001 1428 2076 ὤκνησαν
1462 1999 1556 2056 οὖν
1602 2006 1698 2059 καί

111 2087 179 2141 τὰ
209 2088 538 2159 νομισθέντα
573 2089 642 2144 ἂν
673 2091 931 2163 ἐλάχιστα
962 2088 1100 2147 εἶναι
1145 2093 1557 2166 ἁμαρτημάτων
1579 2094 1695 2150 δαι-

117 2180 320 2250 μονίοις
377 2182 654 2253 προσάψαι
681 2185 729 2236 oi.
760 2185 1037 2256 φήσαντες
1065 2185 1164 2256 τὴν
1191 2185 1474 2256 ὀξυχολίαν
1501 2186 1694 2258 δαιμό-

115 2289 223 2325 νιον
260 2270 422 2338 εἶναι,
453 2275 654 2346 ὁμοίως
699 2275 756 2328 δὲ
807 2275 904 2329 καλ¹
940 2275 1036 2348 τὴν
1069 2276 1422 2332 καταλαλιάν.
1449 2277 1610 2342 Εἰκὸς
1634 2277 1694 2331 δὲ

116 2362 204 2414 καὶ
242 2361 379 2416 ἄλλα
428 2362 594 2435 μυρία
662 2363 951 2435 δαιμονίων
1022 2367 1460 2437 φαντασιούντων
1496 2370 1644 2442 ἡμᾶς
1671 2409 1686 2434 ,

117 2453 206 2507 καὶ
257 2455 648 2527 ἐνεργούντων,
680 2457 821 2512 κατά
867 2459 930 2512 τὸ
973 2460 1198 2515 ἐκείνων
1231 2461 1443 2534 θέλημα
1483 2465 1687 2517 ποιεῖν·

115 2545 206 2598 καὶ
247 2545 394 2600 ἐστιν
433 2549 490 2602 ἐν
516 2548 821 2620 ἀνθρώποις
852 2549 1041 2623 ὥσπερ
1086 2551 1262 2617 οὐδεὶς
1305 2552 1544 2626 καθαρὸς
1584 2555 1693 2609 ἀπὸ

119 2636 302 2708 ῥύπου,
335 2640 434 2693 καὶ
462 2640 636 2704 οὐδεὶς
673 2641 884 2707 δίκαιος
930 2644 1023 2697 ἐπὶ
1079 2644 1181 2714 τῆς
1223 2645 1325 2717 γῆς
1345 2685 1360 2709 ,
1391 2645 1449 2710 ὃς
1477 2647 1692 2719 ποιήσει

115 2730 308 2797 ἀγαθὸν
327 2769 342 2793 ,
375 2731 475 2785 καὶ
505 2731 604 2802 οὐχ
636 2733 1014 2805 ἁμαρτήσεται
1034 2749 1050 2765 ⁰
1101 2733 1242 2788 οὕτω
1276 2735 1370 2789 καὶ
1403 2736 1576 2802 οὐδεὶς
1607 2737 1693 2791 ἀεὶ

117 2821 216 2876 ἀπὸ
250 2822 546 2895 δαιμονίων
581 2824 950 2896 καθαρεύσας,
985 2827 1080 2881 καὶ
1106 2827 1374 2900 μηδέποτε
1401 2828 1691 2900 γενόμενος

118 2911 209 2983 τῆς
239 2912 343 2967 ἀπὸ
375 2913 586 2969 τούτων
617 2917 897 2987 ἐνεργείας
918 2919 1296 2984 ἀνεπίδεκτος.
1333 2920 1532 2993 Διόπερ
1551 2961 1567 2986 ,
1597 2922 1692 2977 ἀλ-

119 3001 466 3076 ληγοροῦντες
518 3005 619 3071 τὰς
671 3008 729 3061 ἐν
769 3007 850 3078 τῷ
887 3009 1208 3082 Εὐαγγελίῳ
1241 3011 1574 3083 θεραπείας,
1632 3014 1691 3068 ἐν

119 3088 200 3158 αἷς
240 3096 342 3149 εισι
387 3097 486 3151 κα)⁵
543 3097 651 3152 τῶν
707 3099 998 3172 δαιμονίων
1076 3102 1398 3170 ἀπελάσεις,
1456 3104 1692 3178 ἐροῦμεν

120 3187 320 3242 πάντων
351 3190 440 3244 ἀεὶ
467 3190 870 3246 ἀπελαύνεσθαι
910 3194 1037 3258 τοὺς
1057 3194 1317 3266 δαίμονας
1348 3195 1454 3250 ὑπὸ
1489 3197 1686 3270 Ἰησοῦ,

119 3278 216 3332 τῶν
256 3282 403 3353 παρά
445 3281 512 3336 τὸ
538 3283 978 3358 τεθεραπεῦσθαι
1020 3287 1125 3341 ὑπὸ
1154 3288 1250 3342 τοῦ
1282 3289 1459 3360 Λόγου
1491 3291 1689 3362 μηκέτι

122 3369 567 3442 παραδεχομένων
611 3374 711 3438 τάς
753 3374 863 3428 τῶν
899 3377 1165 3449 δαιμόνων
1189 3379 1487 3450 ἐνεργείας.
1513 3382 1687 3436 Μόνου

121 3462 284 3517 τοίνυν
312 3465 519 3536 νομίζω
546 3461 684 3520 εἶναι
725 3467 902 3540 Ἰησοῦ
931 3470 1114 3542 φωνὴν
1145 3471 1260 3540 (τοῦ
1301 3473 1462 3544 μόνου
1513 3475 1690 3530 ἀπεκ-

122 3551 402 3626 δυσαμένου
430 3555 532 3620 τάς
565 3558 759 3630 ἀρχὰς,
791 3561 886 3614 καὶ
917 3560 1015 3626 τὰς
1043 3561 1309 3632 ἐξουσίας,
1342 3566 1436 3619 καὶ
1461 3566 1688 3638 δειγμα-

125 3647 358 3713 τίσαντος
381 3651 438 3703 ἐν
463 3651 774 3723 παρρησίᾳ,
806 3654 900 3707 καὶ
931 3652 1396 3726 θριαμϐεύσαντος
1427 3658 1485 3711 ἐν
1519 3657 1685 3731 ξύλῳ,

123 3735 366 3805 τρόπαιον
411 3739 556 3793 κατά
601 3739 786 3811 πάσης
830 3741 1213 3814 ἀντικειμένης
1259 3743 1539 3815 δυνάμεως
1592 3743 1686 3798 τὸν

127 3829 341 3901 σταυρὸν
369 3831 724 3904 στήσαντος),
766 3831 956 3904 ὥσπερ
985 3833 1046 3888 τό
1065 3852 1091 3904 χ
1115 3835 1394 3904 Ἔρχεται
1423 3838 1455 3889 o'
1491 3833 1691 3904 ἅρχων

125 3924 220 3978 τοῦ
244 3927 473 3997 κόσμου
507 3929 744 3995 τούτου,
776 3929 876 3984 καὶ
908 3930 978 3984 ἐν
1026 3929 1158 4000 ἐμοὶ
1188 3932 1299 3984 οὐκ
1324 3931 1449 3999 ἔχει
1485 3928 1687 3995 οὐδὲν,

125 4013 282 4082 οὕτως
307 4020 398 4074 καὶ
426 4021 509 4074 τό·
557 4020 698 4090 Ἐγὼ
733 4022 1008 4094 δαιμόνιον
1045 4021 1168 4077 οὗτε
1199 4022 1376 4094 ἔσχον,
1409 4022 1534 4077 οὔτε
1558 4021 1686 4094 ἔχω,

128 4105 238 4161 οὔτε
265 4109 385 4178 ἐξω.
418 4113 533 4184 Τὴν
561 4113 618 4166 δὲ
659 4114 844 4185 φωνὴν
895 4114 1172 4186 δυνάμεθα
1229 4116 1328 4186 μὲν
1383 4116 1478 4172 καὶ
1525 4117 1690 4188 ἡμεῖς

130 4202 542 4272 προενέγκασθαι
593 4205 688 4258 καὶ
736 4205 948 4274 λέγειν’
1011 4208 1330 4277 Δαιμόνιον
1365 4211 1480 4264 οὐκ
1536 4209 1685 4280 ἔχω,

129 4287 231 4341 ἀλλ’
280 4291 713 4367 ἐλεγχθησόμεθα
752 4297 956 4368 ὁμοίως
989 4300 1099 4363 τοῖς
1134 4299 1533 4371 ἀρνησαμένοις
1562 4303 1689 4374 περὶ

131 4379 215 4432 τοῦ
261 4382 511 4459 δαιμονᾷν
565 4387 702 4460 (22),
742 4390 836 4443 καὶ
882 4391 942 4443 ἐν
989 4391 1174 4456 αὐτοῖς
1217 4395 1332 4457 τοῖς
1363 4393 1686 4466 πράγμασιν

1799 1914 1996 1976 praeter
2029 1905 2324 1974 rationem,
2363 1921 2468 1961 non
2504 1907 2573 1962 ob
2601 1907 2745 1962 aliud
2783 1907 2888 1963 nisi
2929 1909 3056 1979 quia
3089 1909 3216 1965 facti
3249 1908 3366 1965 fae-

1800 1992 1906 2054 rint
1930 2014 2157 2070 capaces
2189 2001 2526 2070 operationis
2557 2000 2685 2056 mali
2714 2000 2958 2070 spirltus,
2994 2001 3080 2058 vel
3109 2002 3368 2059 volunta-

1799 2092 1868 2147 tis
1916 2091 2178 2147 immundi
2224 2091 2505 2147 daemonis.
2556 2091 2671 2147 Non
2719 2091 3038 2148 dubitarunt
3083 2091 3248 2162 igitur
3282 2107 3368 2148 ve;

1795 2195 1858 2235 ea
1890 2197 2011 2250 quae
2040 2180 2424 2236 existimantur
2460 2196 2582 2237 esse
2620 2181 2757 2237 levia
2809 2192 3056 2252 peccata,
3088 2183 3367 2240 daemoniis

1794 2272 1960 2345 356
2003 2273 2238 2328 tribuere
2279 2271 2355 2328 illi
2403 2273 2494 2342 qui
2554 2274 2810 2329 dixerunt
2851 2275 3190 2346 repentinam
3226 2275 3366 2331 iram.

1794 2366 2156 2436 similiterque
2213 2366 2608 2421 detractionem
2652 2367 2979 2424 daamonium
3034 2383 3175 2425 esse.
3221 2368 3370 2424 Con-

1795 2465 2117 2512 sentaneum
2166 2471 2294 2511 vero
2328 2466 2433 2521 est,
2482 2457 2765 2512 daemoniis
2800 2458 2853 2512 in
2904 2460 3063 2515 nobis
3107 2459 3369 2530 imagina-

1799 2547 1979 2602 tiones
2006 2545 2471 2616 imprimentibus,
2501 2545 2555 2599 in
2594 2560 2803 2615 nosque
2835 2547 3187 2618 operantibus
3211 2547 3368 2604 innu-

1795 2655 1945 2694 mera
1994 2638 2123 2704 alia,
2157 2653 2258 2695 nos
2295 2638 2455 2708 juxta
2508 2639 2724 2694 illorum
2765 2639 3098 2697 voluntatem
3141 2641 3363 2698 facere:

1793 2738 1848 2786 et
1879 2741 1939 2786 ut
1982 2730 2126 2785 inter
2160 2730 2410 2787 homines
2459 2731 2645 2788 nullus
2674 2741 2756 2788 est
2782 2733 2986 2803 absque
3031 2733 3366 2800 sordibus“,

1794 2833 1850 2878 et
1885 2823 2066 2879 nullus
2097 2823 2281 2891 justus
2320 2838 2484 2895 super
2530 2833 2754 2890 terram,
2795 2825 2887 2895 qui
2928 2823 3097 2880 faciat
3142 2824 3367 2892 bonum,

1792 2927 1848 2971 et
1883 2929 1992 2972 non
2031 2926 2222 2986 peccet
2247 2915 2333 2985 “;
2385 2917 2467 2972 sic
2513 2917 2677 2973 etiam
2729 2917 2906 2972 nullus
2944 2928 3027 2973 est
3081 2932 3295 2986 semper
3335 2933 3367 2973 a

1793 3009 2080 3066 daemoniis
2133 3007 2395 3075 mundus,
2447 3018 2502 3066 et
2569 3019 2831 3081 perpetuo
2888 3010 3065 3064 factus
3137 3009 3368 3080 incapax

1795 3100 2131 3169 operationis
2173 3101 2394 3156 borum.
2445 3100 2713 3168 Quocirca
2761 3099 3053 3170 allegorice
3099 3100 3370 3171 interpre-

1796 3199 1974 3246 tantes
2019 3191 2332 3246 curationes
2378 3191 2432 3246 in
2477 3189 2772 3261 Evangelio
2809 3191 3036 3262 positas,
3069 3191 3122 3246 in
3171 3191 3370 3261 quibus

1796 3290 1924 3338 sunt
1952 3280 2118 3336 etiam
2167 3282 2470 3337 daemonum
2509 3283 2879 3353 expulsiones,
2909 3282 3153 3338 dicemus
3181 3280 3366 3339 Jesum

1792 3373 1860 3429 ab
1899 3373 2007 3429 illis
2047 3374 2304 3431 omnibus
2355 3388 2568 3444 semper
2619 3375 2894 3431 daemonas
2946 3376 3241 3445 expellere,
3275 3379 3367 3448 qui

1792 3474 2080 3537 propterea
2125 3469 2271 3537 quod
2319 3467 2496 3522 curati
2559 3466 2768 3524 l‘uerint
2816 3483 2846 3522 a
2885 3467 3026 3525 Filio
3083 3468 3202 3535 Dei,
3258 3485 3366 3524 non

1792 3558 2026 3627 amplius
2045 3558 2337 3614 admittunt
2360 3560 2666 3615 dzemonum
2687 3559 3032 3630 Operationes
3059 3579 3071 3615 :
3097 3562 3363 3630 quamob-

1793 3667 1907 3708 rem
1957 3651 2127 3708 solius
2174 3650 2304 3708 Jesu
2349 3669 2536 3709 vocem
2583 3669 2708 3710 esse
2758 3669 2882 3709 reor
2936 3653 3051 3725 (qui
3090 3655 3239 3711 solus
3271 3671 3368 3711 ex-

1793 3741 2045 3811 spoliavit
2080 3742 2418 3814 principatus
2442 3752 2499 3799 et
2541 3752 2868 3816 potestates,
2889 3753 2943 3800 et
2963 3755 3246 3803 ostentans
3269 3763 3369 3818 pa-

1792 3834 1921 3902 lam,
1966 3844 2024 3891 et
2071 3836 2414 3907 triumphans
2453 3851 2548 3892 eas
2596 3838 2649 3892 in
2697 3837 2852 3908 ligno
2877 3837 2945 3904 ⁸⁸,
2976 3847 3236 3909 tropaeum
3271 3843 3367 3895 ad-

1790 3943 1986 3985 versus
2019 3943 2236 3983 omnem
2274 3929 2575 3999 potentiam
2625 3931 2962 3986 contrariam
3009 3932 3202 3987 statuit
3238 3947 3366 3990 crn-

1791 4019 1966 4092 cem),
2012 4020 2083 4074 ita
2133 4019 2496 4090 dicerezEgo
2551 4021 2876 4076 daemonium
2943 4037 3119 4093 neque
3177 4023 3364 4088 habui,

1792 4126 1969 4181 neque
1997 4111 2194 4179 habeo,
2226 4125 2291 4166 ac
2315 4125 2381 4166 ne
2415 4109 2705 4166 habiturus
2743 4112 2964 4182 quidem
3004 4127 3147 4179 sum,
3173 4128 3366 4183 quem-

1793 4204 2086 4258 admodum
2133 4202 2262 4258 illud
2307 4203 2470 4258 etiam
2512 4202 2679 4257 dixit:
2720 4200 2869 4258 Venit
2913 4204 3156 4274 princeps
3179 4193 3364 4260 mundi

1792 4293 1976 4363 hujus,
2005 4304 2050 4349 et
2086 4294 2143 4348 in
2175 4311 2255 4348 me
2293 4310 2398 4348 non
2449 4294 2605 4348 habet
2653 4295 2942 4365 quidquam
2962 4296 3028 4350 ‘7.
3071 4296 3365 4352 Possumus

1795 4386 2014 4457 quidem
2065 4385 2228 4440 etiam
2272 4399 2370 4441 nos
2409 4383 2658 4454 proferre
2703 4395 2757 4441 et
2789 4387 3002 4442 dicere:
3033 4385 3363 4442 Dwmonium

132 4469 533 4545 ἀποδειχθεῖσιν,
567 4480 650 4534 ὅτι
693 4480 1010 4552 ἐψεύσαντο.
1051 4483 1123 4536 Ἦ
1168 4485 1269 4538 οὐκ
1317 4483 1536 4554 ἐλεγχος
1571 4485 1588 4556 (

1949 4475 2146 4543 habeo;
2187 4477 2280 4533 sed
2335 4478 2650 4533 rel’ellemur
2688 4479 2914 4548 perinde
2958 4488 3120 4549 atque
3166 4479 3218 4533 hi
3268 4479 3361 4548 qui

132 4560 216 4615 τοῦ
255 4565 505 4642 δαιμονᾷν
549 4573 696 4643 ἡμᾶς
719 4613 736 4638 ,
785 4573 914 4627 ὃταν
974 4575 1292 4646 μεμηνότων
1350 4575 1684 4630 κατάστασιν

135 4651 326 4724 ἔχοντες
353 4660 591 4733 βοῶμεν,
629 4664 738 4720 ἀπὸ
767 4665 940 4737 θυμοῦ
978 4667 1073 4721 καὶ
1102 4667 1272 4739 ὀργῆς
1319 4669 1640 4740 φλεγόμενοι
1667 4709 1682 4734 ,

134 4746 164 4818 ἦ
218 4748 592 4828 λελυττηγρτες
615 4795 630 4820 ,
683 4759 779 4812 καὶ
826 4758 1072 4830 ὡσπερεὶ
1125 4757 1538 4830 χρεμετίζοντες
1571 4758 1682 4830 (24)

137 4840 226 4892 κάν
254 4848 366 4910 ταῖς
412 4848 568 4914 ἰδίαις
604 4853 868 4922 γαμεταῖς
916 4851 1071 4923 δίκην
1121 4852 1304 4905 ἵππων
1357 4851 1682 4922 θηλυμανῶν

137 4926 478 5006 ἐπιὸαίνομεν,
514 4939 862 5004 ἐκϐάλλοντες
902 4939 1015 5012 (25)
1055 4942 1184 5005 τοὺς
1240 4941 1368 5013 περὶ
1412 4941 1681 5006 ἀπαθείας

137 5017 306 5089 λόγους
357 5028 489 5082 Θεοῦ
533 5032 613 5095 είς
657 5030 730 5085 τὰ
777 5031 988 5098 tit-rictu;
1061 5031 1222 5087 Ἀλλά
1280 5032 1382 5086 κᾶν
1436 5035 1681 5089 ταπεινοὶ

142 5113 222 5165 καὶ
253 5124 519 5189 συννεφεῖς
553 5122 657 5176 ὑπὸ
685 5123 784 5194 τῆς
815 5121 993 5196 λύπης
1023 5124 1411 5197 καθελκόμενοι
1435 5165 1452 5192 ,
1499 5127 1594 5180 καὶ
1621 5126 1684 5180 τὸ

142 5200 252 5255 ἴδιον
286 5207 386 5261 τῶν
423 5211 652 5278 λογικῶν
682 5213 887 5286 γαῦρον
920 5215 1289 5282 ἀπολέσαντες
1330 5217 1683 5273 ἐπιλανθανό-

142 5290 260 5356 μεθα
278 5296 365 5349 τοῦ
380 5298 504 5354 ἄνευ
524 5303 659 5358 Θεοῦ
679 5304 960 5375 στρουθίου
975 5305 1110 5377 (25')
1129 5306 1345 5360 πίπτειν
1361 5310 1440 5372 εἰς
1460 5307 1684 5377 παγίδα,

1789 4583 1920 4626 cum
1949 4570 2270 4641 negaverint
2295 4585 2353 4627 se
2382 4570 2644 4636 insanire,
2677 4571 2811 4642 ipsis
2849 4571 3004 4627 factis
3032 4573 3364 4628 convincun-

1793 4670 1879 4714 tur
1906 4659 2159 4716 mentitos
2182 4658 2372 4717 fuisse.
2387 4662 2583 4718 Annon
2601 4662 2947 4718 manifestum
2977 4672 3360 4734 argumentum

1789 4766 1890 4807 nos
1911 4750 2174 4819 insanire,
2197 4755 2414 4824 quando
2447 4763 2650 4825 statum
2681 4753 2946 4809 habentes
2972 4755 3360 4812 insanientium

1787 4844 2115 4909 clamamus,
2140 4844 2598 4901 excandescentia
2637 4853 2692 4900 et
2718 4847 2799 4900 ira
2824 4847 3082 4902 accensi?
3112 4845 3205 4903 Vel
3235 4865 3360 4904 cum

1787 4937 1940 4992 rabie
1969 4936 2190 5006 agitati,
2227 4946 2282 4993 et
2311 4947 2567 5011 tanquam
2595 4937 2903 4994 hinnientes
2923 4940 3171 5010 proprias
3194 4942 3359 4997 etiam

1784 5031 2042 5102 conjuges
2095 5031 2270 5088 instar
2325 5047 2590 5102 equorum
2657 5049 2923 5105 equarum
2978 5049 3168 5090 amore
3211 5034 3360 5089 insa-

1786 5123 2050 5180 nientium
2122 5126 2579 5194 conscendimus,
2629 5135 2752 5198 post
2804 5135 3015 5197 tergum
3078 5129 3358 5199 ejicientes

1785 5215 2048 5286 quidquid
2078 5216 2219 5271 Deus
2253 5216 2453 5271 dixerit
2479 5217 2546 5272 de
2572 5217 2828 5273 sedandis
2855 5215 3178 5274 all‘ectibus?
3211 5217 3356 5285 Quin

1789 5308 1954 5363 etiam
2003 5307 2132 5377 quia
2185 5308 2402 5378 abiecti,
2431 5317 2488 5365 et
2537 5308 2808 5365 obscuria
2840 5321 3077 5365 maerore
3107 5307 3359 5364 detinea-

199 5383 353 5443 “.lob
401 5408 510 5462 xlv,
534 5397 589 5454 4.
665 5398 711 5431 ⁸⁸
746 5399 910 5455 Eccli.
939 5415 1039 5462 vn,
1080 5401 1170 5456 2|.
1248 5402 1293 5434 “
1323 5401 1534 5457 Coloss.
1568 5419 1628 5467 ιι,

863 5399 910 5454 li.
939 5415 1039 5462 vn,
1080 5401 1170 5456 2t.
1248 5402 1293 5434 “
1323 5401 1534 5457 Coloss.
1568 5419 1628 5467 ιι,
1668 5401 1752 5458 l5.
1829 5403 1872 5436 ιτ
1895 5401 2056 5460 Joan.
2089 5418 2200 5467 τιν,
2227 5404 2319 5459 50.

330 5485 502 5569 gadet:
532 5491 872 5569 Eorilcianus,
905 5495 1032 5566 περὶ
1059 5495 1153 5569 τοῦ
1190 5497 1263 5568 μὴ
1296 5497 1578 5569 δαιμονᾷν.

333 5553 504 5636 βριιυκ
540 5561 757 5636 Regius,
781 5550 1019 5636 ἕλε’γχοξῦ,
1049 5550 1205 5622 male:

334 5621 466 5710 lldieut
494 5635 658 5710 codex
693 5619 1130 5710 [ξιξείιιέΐῶσπερ
1151 5639 1199 5689 οἱ
1230 5639 1666 5710 χρεμετίζοντες.

209 5688 472 5774 ldem
506 5707 679 5774 codex?
697 5688 914 5771 Regius;
939 5688 1318 5774 Engilb‘ﬁ'sz-E;

211 5757 332 5831 (25')
357 5761 480 5838 Leg.
505 5757 804 5844 στρουθίον,
826 5757 1349 5845 in
1376 5780 1510 5836 Ῑοτιυ
1532 5781 1673 5852 (1⁸⁸ίῆ

1775 5498 2142 5579 soloecismum
2174 5497 2395 5572 Origeni
2421 5500 2764 5579 condonans,
2792 5498 3360 5579 geriitivum_rctinere

1779 5571 1910 5624 velit
1964 5579 2187 5639 pr0pter
2239 5570 2628 5636 at’tractibnem,
2671 5583 2728 5624 ut
2789 5570 2962 5632 aiunt,
3009 5570 3224 5626 articuli
3263 5570 3357 5622 τοῦ

1781 5642 2156 5713 praecedentis.
2220 5639 2350 5698 Utul
2401 5643 2494 5710 sit,
2535 5642 2689 5699 deest
2757 5641 3023 5713 particula
3079 5642 3353 5711 negativa.

1783 5710 1939 5770 Eutr.
1974 5710 2212 5769 Ρλτιιοι..
