3688 6146
365 317 470 373 659

1846 305 2168 364 ORIGENIS

3466 324 3556 384 660

373 447 516 495 mur,
567 427 892 500 propriaque
939 425 1304 498 generositate
1331 437 1517 480 eorum
1571 423 1664 493 qui
1695 421 1910 478 rationi:

2030 424 2121 478 καὶ
2143 423 2234 478 τοῦ
2263 425 2441 479 δίκαια
2475 421 2612 480 εἶναι
2642 426 2708 480 τὰ
2753 427 2877 500 περὶ
2907 429 3025 495 ἐνὸς
3065 432 3290 488 ἑκάστου
3323 435 3424 490 τῶν
3448 456 3558 510 συμ-

368 531 497 580 sunt
525 528 820 590 compotes,
858 518 1082 584 amissa,
1111 516 1481 572 obliviscimur
1519 528 1586 570 ne
1614 528 1778 569 unum
1808 514 1930 582 qui-

367 617 487 676 dem
539 627 817 682 passerem
865 611 1072 681 absque
1123 609 1232 664 Deo
1267 609 1321 663 in
1355 609 1607 680 laqueum
1640 606 1836 660 cadere
1856 604 1924 671 ⁸⁸,

363 701 616 770 iustaque
663 713 784 754 esse
829 697 1192 768 quarumlibet
1231 711 1435 764 rerum,
1473 710 1591 765 quae
1618 694 1926 749 hominibus

365 794 710 862 contingunt,
745 790 970 861 judicia,
1011 789 1139 859 quid
1189 788 1386 843 dicturi
1431 801 1642 849 sumus,
1678 785 1782 841 nisi
1821 800 1924 839 nos

363 887 479 942 haec
516 884 648 955 pati,
683 884 806 953 quia
847 882 1038 936 vicerit
1071 896 1168 935 nos
1208 881 1478 943 diabolus,
1509 890 1564 935 et
1605 880 1733 951 quia
1762 879 1924 933 etiam

365 979 558 1035 animae
587 986 792 1045 partem
820 974 1322 1044 praestantissimam
1349 973 1729 1043 (principatum
1759 985 1921 1039 quam

364 1068 580 1138 vocant)
611 1067 890 1122 oliuscarit
921 1064 1350 1134 turbidarilque?
1379 1063 1519 1130 Quin
1547 1065 1712 1118 etiam
1765 1062 1921 1116 timo-

361 1176 450 1216 res
481 1174 662 1214 rerum
713 1174 817 1214 non
867 1157 1247 1221 timendarum,
1307 1157 1614 1225 gaudiaque
1665 1154 1808 1209 elata
1857 1153 1922 1208 de

361 1252 524 1309 rebus
561 1251 736 1314 nihili,
769 1264 992 1318 quorum
1023 1258 1148 1303 sunt
1187 1248 1469 1302 actiones?
1505 1247 1698 1300 Annon
1730 1246 1922 1299 dmmo-

362 1359 513 1408 num,
553 1341 642 1412 qui
680 1340 1031 1410 impleverunt
1069 1354 1161 1394 eos
1188 1339 1277 1406 qui
1321 1353 1440 1393 cum
1483 1339 1710 1393 veritate
1741 1337 1920 1391 dicere

361 1445 633 1505 nequeunt
663 1431 808 1503 :Ego
865 1432 1180 1486 daemonium
1239 1446 1343 1484 non
1397 1430 1602 1484 habeo?
1635 1427 1739 1484 Sed
1790 1442 1919 1482 con-

360 1537 684 1582 sentaneum
736 1535 819 1578 est
875 1522 1083 1576 l‘nturos
1130 1521 1362 1590 aliquos,
1414 1523 1504 1589 qui
1554 1528 1772 1574 sanctos
1820 1531 1917 1587 pa-

360 1620 644 1682 triarchas,
708 1616 792 1671 vel
842 1628 1056 1670 servum
1109 1613 1256 1666 illum
1308 1627 1545 1679 sacrum,
1601 1609 1682 1664 vel
1745 1608 1920 1662 admi-

357 1712 560 1766 randos
631 1709 958 1779 prophetas,
1009 1705 1092 1760 vel
1148 1705 1554 1774 potentissimos
1611 1701 1918 1757 Servatoris

357 1803 518 1875 357
549 1802 715 1857 nostri
743 1799 867 1856 Jesu
892 1797 1162 1868 apostolos
1213 1798 1264 1850 in
1313 1797 1451 1850 hanc
1497 1794 1915 1862 disputationem

357 1895 674 1956 all'erentes,
708 1907 806 1946 nos
836 1888 1093 1953 refutent,
1120 1886 1269 1954 quasi
1295 1885 1348 1938 hi
1379 1883 1600 1953 perinde
1637 1893 1798 1950 atque
1825 1879 1917 1934 Je-

359 2004 454 2043 sus
475 1986 671 2040 dicturi
690 1985 828 2039 sint:
860 1983 967 2052 Ego
1003 1979 1318 2035 daemonium
1338 1993 1442 2029 non
1464 1974 1664 2037 habeo;
1689 1974 1755 2026 ad
1781 1986 1916 2040 quos

355 2079 534 2131 dicere
559 2077 682 2129 licet
706 2094 719 2128 :
757 2073 892 2127 Num
930 2074 982 2126 hi
1005 2073 1167 2126 etiam
1194 2066 1481 2136 aliquando
1510 2072 1823 2132 peccarunt,
1846 2077 1913 2115 an

355 2167 548 2222 falsum
576 2178 660 2221 est
691 2167 817 2220 illud
845 2181 858 2217 :
890 2163 1080 2219 Omnes
1113 2164 1248 2218 enim
1271 2167 1630 2227 peccaverunt,
1667 2172 1730 2209 ac
1754 2156 1915 2210 desti-

353 2271 576 2314 tuuntur
603 2259 769 2328 gloria
805 2258 898 2310 Dei
925 2257 1011 2310 “?
1045 2271 1169 2311 num
1191 2255 1350 2310 etiam
1380 2265 1562 2306 verum
1594 2263 1695 2302 non
1720 2257 1802 2304 est
1848 2247 1912 2301 il-

351 2355 444 2411 lud
471 2372 486 2408 :
513 2353 707 2407 Nullus
734 2352 959 2405 mundus
988 2361 1062 2405 est
1110 2367 1142 2403 a
1188 2349 1340 2403 sorde
1366 2347 1410 2379 '°
1435 2347 1458 2400 ?
1496 2360 1672 2400 annon
1716 2344 1914 2398 dictum

352 2456 439 2501 est
467 2459 590 2498 cum
622 2443 1091 2498 consideratione:
1130 2440 1252 2494 Non
1278 2449 1352 2494 est
1372 2439 1556 2508 justus
1590 2451 1745 2504 super
1803 2445 1914 2488 ter-

352 2554 466 2592 ram
496 2537 584 2607 qui
609 2536 770 2605 faciat
803 2536 992 2589 bonum
1022 2544 1069 2588 et
1097 2550 1199 2588 non
1227 2542 1396 2600 peccet
1419 2531 1509 2584 ιιι
1559 2543 1736 2582 annon
1793 2542 1916 2597 per-

351 2631 597 2699 spicuum
623 2637 704 2683 est
727 2643 916 2683 omnes
936 2627 1249 2696 Scripturas
1266 2638 1422 2678 veras
1443 2637 1562 2677 esse
1584 2621 1787 2690 ﬂgitur
1809 2635 1912 2674 non

353 2738 567 2793 semper
595 2736 765 2793 neque
790 2722 855 2775 ab
882 2720 1036 2775 initio
1065 2728 1313 2789 poterant
1341 2717 1396 2773 hi
1425 2717 1625 2780 dicere,
1661 2729 1726 2769 ac
1757 2728 1825 2768 ne
1860 2713 1914 2768 hi

351 2816 443 2884 qui
489 2821 773 2870 transeunt
816 2812 882 2866 ad
917 2813 1082 2865 vitam
1118 2811 1319 2865 virtute
1362 2817 1744 2863 constantem:
1801 2804 1914 2874 Ego

352 2907 671 2961 daemonium
701 2921 805 2959 non
835 2905 1033 2969 habeo;
1061 2902 1155 2958 sed
1187 2901 1352 2957 solius
1379 2899 1638 2965 hominis,
1670 2898 1758 2968 qui
1785 2913 1914 2953 con-

353 2999 624 3054 sideratur
666 2998 718 3052 in
770 2997 1079 3062 Servatore,
1107 3008 1212 3047 vox
1247 3002 1331 3047 est
1360 2991 1448 3047 illa
1478 2989 1545 3044 ab
1573 2991 1725 3044 initio
1754 3008 1767 3043 :
1821 2989 1914 3059 qui

2030 515 2318 570 ϐαινόντων
2344 516 2649 588 ἀνθρώποις
2688 519 2961 589 κρίματα,
3007 521 3059 574 τί
3115 523 3376 596 φήσομεν,
3418 529 3447 600 ἢ
3494 533 3559 586 ὅτι

2029 611 2123 664 καὶ
2165 609 2257 662 τοῦ
2291 609 2564 680 δαιμονίου
2620 611 2770 680 ἡμᾶς
2811 613 3161 681 νικήσαντος,
3209 616 3306 670 καὶ
3356 620 3414 676 τὸ
3460 624 3561 692 ήγε.

2031 703 2246 774 μονικὸν
2279 702 2436 774 ήμῶν
2483 701 2833 770 θολώσαντος,
2875 704 3048 758 ταῦτα
3106 705 3417 778 πάσχομεν;
3467 713 3564 765 Ἀλ.

2025 793 2092 847 λὰ
2142 796 2234 847 καὶ
2298 793 2450 863 φόϐοι
2505 793 2612 846 τῶν
2654 794 2715 846 οὐ
2760 794 3044 866 φοϐερῶν,
3110 797 3206 850 καὶ
3244 803 3560 872 περιχάρειαι

2025 883 2118 936 ἐπὶ
2166 886 2278 946 τοῖς
2347 882 2572 953 μηδενὸς
2626 882 2826 948 ἀξίοις,
2883 885 3042 938 τίνων
3095 886 3161 940 ἂν
3213 888 3298 960 εἴη
3367 891 3563 964 ἐνεργή-

2029 991 2174 1044 ματα
2225 975 2258 1044 ἢ
2314 974 2580 1044 δαιμόνων
2645 973 3046 1045 πληρωσάντων
3097 978 3224 1043 τοὺς
3289 981 3364 1052 μὴ
3429 983 3564 1038 ῶνα-

2028 1065 2218 1136 μένους
2261 1066 2398 1136 μετά
2437 1065 2690 1135 ἀληθείας
2717 1065 2923 1135 λέγειν·
2970 1067 3114 1138 Ἐγὼ
3144 1068 3448 1140 δαιμόνων
3472 1079 3564 1129 οὐκ

2023 1155 2180 1224 Exul;
2258 1155 2397 1208 Ἀλλ’
2450 1155 2594 1218 εἰκός
2647 1171 2798 1219 τινας
2863 1159 2990 1221 τοὺς
3059 1159 3245 1228 ἁγίους
3320 1165 3564 1236 πατριάρ-

2022 1264 2156 1316 χας,
2209 1247 2244 1318 ἢ
2290 1246 2382 1300 τὸν
2441 1249 2582 1318 ἱερὸν
2630 1247 2931 1319 θεράποντα
2959 1290 2973 1314 ,
3014 1251 3049 1321 ἢ
3098 1253 3222 1316 τοὺς
3252 1252 3564 1324 θαυμασίους

2023 1340 2303 1411 προφήτας
2330 1380 2343 1404 ,
2494 1341 2623 1403 τοὺς
2699 1341 3096 1408 δυνατωτάτους
3176 1346 3270 1399 τοῦ
3340 1349 3563 1420 ἅπῆρος

2019 1432 2175 1501 ἡμῶν
2217 1432 2386 1502 Ἰησοῦ
2433 1433 2758 1498 ἀποστόλους
2806 1434 3066 1506 φέροντας
3104 1439 3182 1502 εἰς
3223 1438 3322 1510 τὴν
3345 1439 3566 1506 ἐξέτασιν

2019 1523 2354 1595 δυσωπήσειν
2375 1525 2520 1595 ἡμᾶς
2547 1525 2621 1588 ὡς
2643 1525 2748 1596 ἄρα
2773 1528 2866 1580 καὶ¹
2889 1520 3030 1581 οὗτοι
3050 1529 3252 1584 εἴποιεν
3287 1529 3356 1583 ἂν
3386 1533 3564 1595 ὁμοίως·

2019 1616 2095 1687 τῷ
2133 1616 2305 1686 Ἰησοῦ
2326 1635 2339 1648 ·
2392 1617 2536 1687 Ἐγὼ
2552 1616 2856 1686 δαιμόνιον
2881 1622 2990 1675 οὐκ
3015 1621 3131 1689 ἔχω
3150 1639 3162 1652 ·
3198 1623 3335 1695 πρὸς
3359 1625 3416 1677 ὃν
3438 1623 3567 1679 ἔστιν

2019 1713 2190 1764 εἰπεῖν
2209 1729 2222 1740 ο
2257 1706 2401 1780 Ἀρά
2435 1711 2528 1764 καὶ
2559 1705 2702 1765 οὗτοί
2743 1729 2868 1765 ποτε
2891 1713 3156 1786 ἥμαρτον,
3188 1716 3222 1786 ἢ
3266 1715 3458 1786 ψεῦδος
3482 1718 3534 1770 τό
3553 1735 3564 1748 ο

2014 1801 2243 1868 Πάντες
2281 1801 2392 1872 γὰρ
2431 1803 2713 1872 ἥμαρτον,
2757 1805 2855 1858 καὶ
2900 1806 3288 1875 ὑστεροῦνται
3345 1807 3452 1877 τῆς
3484 1808 3569 1862 δό-

2015 1895 2126 1962 ξης
2158 1895 2264 1948 τοῦ
2299 1893 2464 1957 Θεοῦ,
2494 1895 2586 1948 καὶ
2617 1894 2715 1947 οὐκ
2750 1895 2943 1968 ἀληθὲς
2966 1896 3053 1950 τόο
3093 1898 3296 1965 Οὐδεὶς
3331 1899 3567 1967 καθαρὸς

2015 1984 2133 2038 ἀπὸ
2165 1985 2387 2050 ῥύπου,
2430 1982 2549 2038 οὐδὲ
2578 1983 2998 2056 τεθεωρημένως
3045 1987 3258 2058 είρηται
3314 1989 3408 2043 τό·
3463 1993 3569 2045 Οὐκ

2013 2073 2144 2128 ἐστι
2171 2073 2396 2140 δίκαιος
2417 2074 2514 2128 ἐπὶ
2546 2075 2676 2144 γῆς,
2715 2075 2782 2142 ὃς
2809 2076 3042 2143 ποιήσει
3067 2078 3308 2147 ἀγαθὸν,
3349 2081 3444 2134 καὶ
3471 2084 3568 2150 οὐχ

2013 2162 2412 2256 άμαρτῄσεται
2436 2181 2475 2229 ;·
2511 2166 2669 2219 Ἀλλὰ
2699 2168 2884 2236 σαφὲς,
2929 2169 3010 2222 ὅτι
3043 2169 3258 2240 ἀληθεῖς
3301 2172 3364 2224 αἱ
3415 2175 3568 2225 πᾶσαι

2015 2255 2248 2327 Γραφαὶ,
2283 2257 2377 2308 καὶ
2409 2256 2508 2309 οὐκ
2541 2257 2626 2310 ἀεὶ
2663 2258 2780 2311 οὐδὲ
2813 2258 2874 2323 ἐξ
2904 2260 3074 2331 ἀρχῆς
3103 2260 3358 2316 ἐδύναντο
3385 2263 3569 2333 λέγειν,

2013 2347 2122 2402 οὐδ’
2152 2348 2200 2400 oi
2234 2346 2655 2418 μεταϐάλλοντες
2685 2349 2776 2400 ἐπὶ
2805 2347 2896 2402 τὸν
2933 2349 3073 2402 κατὰ
3102 2351 3298 2423 ἀρετὴν
3331 2351 3465 2423 βίον,
3491 2352 3567 2406 τό*

2027 2438 2174 2509 Ἐγὼ
2216 2437 2523 2508 δαιμόνιον
2554 2441 2662 2494 οὐκ
2691 2439 2839 2508 ἔχω’
2886 2440 2997 2493 ἀλλ’
3039 2444 3070 2513 ὴ
3108 2443 3268 2512 μόνου
3317 2445 3416 2498 τοῦ
3447 2446 3571 2499 κατὰ

2013 2530 2102 2584 τὸν
2135 2531 2360 2601 Σωτῆρα
2392 2531 2675 2602 νοουμένου
2707 2531 2989 2602 ἀνθρώπου
3040 2534 3273 2606 ἀρχῆθεν
3302 2532 3377 2608 ἦν
3414 2539 3570 2610 φωνὴ,

2015 2621 2103 2676 διὰ
2145 2621 2302 2675 τοῦτο
2326 2621 2637 2695 κυριώτατα
2663 2624 2756 2677 καὶ
2802 2624 3136 2696 ἀληθέστατα
3166 2628 3327 2697 μόνον
3358 2629 3448 2682 τὸν
3475 2630 3574 2682 Πα-

2013 2714 2149 2786 τέρα
2173 2715 2530 2786 τιμήσαντος·
2581 2716 2753 2779 οὐδεὶς
2778 2716 2906 2789 γὰρ,
2952 2719 3127 2790 τιμῶν
3156 2737 3206 2772 τι
3235 2719 3353 2773 τῶν
3392 2721 3465 2791 μὴ
3501 2738 3572 2774 τι·

2018 2807 2283 2878 μωμένων
2314 2807 2422 2878 (26)
2449 2807 2553 2861 ὑπὸ
2585 2807 2738 2874 Θεοῦ,
2767 2811 2902 2881 τιμᾷ
2927 2811 3018 2863 τὸν
3043 2811 3379 2882 ἀτιμάζοντα
3399 2815 3465 2867 τὰ
3493 2815 3576 2866 ὑπ’

2013 2899 2176 2953 αὐτοῦ
2210 2899 2520 2971 τιμώμενα·
2551 2901 2666 2965 πῶς
2689 2901 2796 2972 γὰρ
2824 2903 3061 2971 λεκτέον,
3095 2905 3174 2957 ὅτι
3198 2907 3336 2975 τιμᾷ
3359 2905 3450 2957 τὸν
3475 2906 3574 2957 Πα-

2011 2991 2144 3063 τέρα
2175 2993 2202 3043 ὁ
2235 2991 2366 3062 μηδὲ
2392 2991 2490 3062 τὴν
2520 2993 2692 3063 ἀρχὴν
2721 2992 2782 3046 τὸ
2815 2993 3028 3064 πνεῦμα
3063 2994 3162 3063 τῆς
3195 2994 3468 3056 υἱοθεσίας
3487 2993 3572 3047 λα-

354 3094 516 3148 etiam
549 3092 691 3147 hanc
723 3091 790 3144 ob
816 3104 1034 3144 causam
1056 3086 1424 3158 propriissime
1449 3095 1504 3140 et
1521 3083 1910 3154 perfectissime

2030 3082 2158 3147 505v;
2200 3083 2386 3148 Οὐδεὶς
2411 3083 2468 3137 δὲ
2494 3084 2606 3156 ἔχει
2632 3084 2690 3138 τὸ
2715 3084 2928 3156 πνεῦμα
2959 3085 3058 3156 τῆς
3097 3085 3372 3150 υἱοθεσίας
3405 3087 3574 3157 ἁμαρ-

351 3187 499 3242 solus
529 3185 741 3240 Patrem
779 3183 1085 3238 honoravit.
1112 3180 1301 3234 Nullus
1347 3179 1489 3234 enim
1519 3179 1790 3233 honorans
1817 3175 1915 3230 ali-

353 3279 480 3348 quid
507 3293 691 3334 eorum
721 3291 840 3345 qua:
873 3277 1210 3330 honorantur
1237 3288 1266 3326 a
1300 3273 1408 3328 Deo
1427 3313 1441 3337 ,
1504 3271 1734 3326 honorat
1763 3284 1914 3339 sper-

360 3380 576 3427 nentem
603 3387 723 3440 quae
758 3370 844 3424 ille
872 3371 1119 3422 honoret.
1143 3366 1394 3435 Alioquin
1440 3364 1708 3435 quomodo
1733 3363 1914 3417 dicen-

351 3465 455 3518 dus
483 3472 568 3519 est
599 3461 792 3531 aliquis
820 3461 1088 3516 honorare
1130 3457 1366 3523 Patrem,
1396 3457 1484 3526 qui
1511 3455 1755 3523 spiritum
1786 3455 1913 3508 ado-

352 3555 555 3623 ptionis
580 3553 724 3606 nullo
763 3566 983 3619 prorsus
1015 3549 1175 3604 modo
1219 3547 1527 3612 acceperit?
1555 3545 1684 3600 Nam
1736 3545 1914 3599 nullus

351 3644 517 3699 habet
549 3641 854 3711 adoptionis
903 3639 1152 3710 spiritum
1200 3653 1471 3708 peccans:
1526 3637 1631 3702 Qui
1670 3638 1809 3691 enim
1849 3653 1914 3690 ea:

352 3734 463 3789 Deo
493 3735 695 3804 genitus
718 3742 818 3798 est,
840 3749 942 3787 non
960 3739 1136 3800 peccat
1158 3731 1223 3784 ⁵¹.
1244 3729 1510 3784 Praeterea
1532 3729 1800 3798 quomodo
1824 3728 1914 3782 lto-

351 3837 513 3882 norat
539 3827 662 3895 quis
689 3825 930 3888 Patrem,
967 3825 1240 3879 honorans
1297 3820 1519 3892 gloriam
1556 3835 1675 3890 qua:
1701 3831 1787 3876 est
1843 3820 1912 3875 ab

356 3917 702 3980 hominibus;
737 3917 820 3970 vel
857 3925 1134 3984 argentum
1165 3955 1180 3979 ,
1240 3913 1322 3967 vel
1371 3923 1616 3966 terrenas
1654 3910 1909 3976 divitias,

355 4004 491 4077 [aut
519 4005 627 4076 (28)
658 4006 1112 4076 pulchritudinem
1141 4019 1265 4074 quae
1296 4019 1365 4058 ex
1399 4017 1563 4058 carne
1584 4011 1636 4058 et
1653 4001 1912 4070 sanguine

357 4095 637 4168 constat],
670 4097 755 4150 vel
790 4096 1084 4165 generatim
1108 4110 1226 4164 qua:
1248 4103 1370 4148 sunt
1396 4093 1610 4162 propria
1640 4091 1908 4154 materiei,

356 4188 731 4248 etinleritus?
759 4188 942 4256 itaque
969 4187 1308 4256 perspicuum
1351 4196 1433 4241 est
1465 4185 1732 4254 quomodo
1783 4184 1910 4239 Ser-

351 4277 558 4332 vatoris
582 4291 681 4330 vox
732 4277 816 4330 illa
850 4276 920 4330 sit
949 4294 962 4330 :
1001 4275 1216 4330 Honora
1252 4273 1468 4330 Patrem
1506 4278 1552 4310 ⁸³
1576 4317 1590 4340 ,
1620 4289 1781 4345 quam
1812 4290 1910 4345 pro

353 4368 496 4422 virili
549 4366 878 4422 contendere
909 4381 1006 4420 nos
1043 4366 1204 4419 etiam
1234 4365 1490 4420 debemus
1545 4365 1728 4420 dicere
1751 4400 1771 4427 ,
1813 4363 1909 4418 tri-

2012 3172 2186 3226 τάνων
2203 3189 2218 3202 ·
2247 3175 2310 3226 '0
2331 3175 2440 3242 γὰρ
2453 3175 2522 3232 ἐκ
2540 3180 2645 3234 τοῦ
2661 3176 2810 3232 Θεοῦ
2827 3175 3254 3250 γεγεννημένος
3266 3178 3386 3246 οὐχ
3411 3176 3576 3244 ἀμαρο

2012 3263 2196 3319 τάνει.
2233 3265 2344 3320 Καὶ
2371 3265 2487 3330 πῶς
2527 3268 2662 3338 τιμᾷ
2691 3266 2779 3320 τὸν
2801 3266 3020 3338 Πατέρα
3051 3267 3078 3319 ὁ
3105 3266 3277 3338 τιμῶν
3300 3267 3460 3332 δόξαν
3489 3265 3575 3336 τήν

2013 3357 2163 3429 παρὰ
2188 3357 2510 3430 ἀνθρώπων,
2550 3360 2582 3431 ἢ
2619 3359 2898 3430 ἀργύριον,
2932 3358 2964 3430 ἦ
2998 3359 3088 3412 τὸν
3113 3360 3294 3430 χοῖκδν
3331 3358 3572 3428 πλοῦτον,

2011 3448 2045 3518 ἢ
2080 3449 2140 3502 τὸ
2170 3448 2235 3500 ἐκ
2269 3446 2484 3518 σαρκῶν
2533 3449 2628 3501 καὶ
2655 3449 2899 3518 αἱμάτων
2924 3447 3138 3512 κάλλος,
3182 3449 3215 3519 ἢ
3249 3449 3573 3516 ἁπαξαπλῶς

2011 3553 2064 3590 τι
2092 3536 2198 3589 τῶν
2227 3535 2439 3590 οἰκείων
2465 3538 2530 3607 τῇ
2557 3535 2657 3608 ῦλῃ
2678 3536 2770 3590 καὶ
2797 3538 2864 3606 τῇ
2897 3534 3100 3606 φθορᾷ;
3150 3534 3317 3606 Δῆλον
3345 3532 3442 3589 οὖν
3467 3536 3574 3600 πῶς

2011 3629 2105 3683 τοῦ
2131 3628 2381 3698 Σωτῆρος
2406 3631 2520 3682 ἐστι
2567 3629 2716 3698 φωνή
2738 3645 2752 3658 ·
2790 3625 2937 3695 Τιμῶ
2979 3628 3088 3681 τὸν
3110 3627 3368 3695 Πατέρα,
3394 3629 3574 3698 ἥντινα

2010 3720 2108 3791 ὅση
2134 3719 2358 3790 δύναμις
2382 3717 2772 3789 φιλοτιμητέον,
2804 3714 3297 3788 συμμαρτυρούοης
3329 3719 3463 3788 ἡμῖν
3487 3716 3576 3786 τῆς

2013 3811 2366 3883 συνειδήσεως
2414 3811 2471 3863 ὲν
2501 3808 2776 3880 Πνεύματι
2822 3809 2981 3880 ἁγίῳ,
3027 3809 3220 3872 εἰπεῖν,
3267 3807 3574 3862 ἀποδιδοῦσι

2010 3903 2089 3974 τῷ
2134 3902 2252 3974 Θεῷ
2294 3904 2387 3958 καὶ
2434 3902 2608 3972 Πατρὶ
2651 3901 2747 3972 τὴν
2796 3902 2980 3974 τιμὴν,
3031 3902 3126 3955 καὶ
3160 3900 3234 3972 μὴ
3265 3902 3442 3972 ἑτέρῳ
3472 3899 3574 3971 (2’1)

2009 3996 2368 4066 ἀπονέμουσιν
2418 3995 2606 4066 αὐτήν.
2669 3993 2777 4047 Καὶ
2827 3993 3006 4056 καλῶς
3035 4009 3099 4062 γε
3145 3995 3173 4046 ὁ
3207 3991 3461 4057 ἐλθόντος
3489 3990 3572 4045 τοῦ

2012 4086 2372 4157 πληρώματος
2400 4083 2491 4138 τοῦ
2523 4086 2715 4156 χρόνου
2743 4083 3148 4154 ἀπεσταλμένος
3182 4085 3286 4137 ὑπὸ
3318 4085 3417 4138 τοῦ
3451 4083 3573 4140 Θεοῦ

2010 4179 2262 4248 γενέσθαι
2309 4179 2372 4232 ὲκ
2403 4178 2674 4248 γυναικὸς,
2707 4177 2802 4232 καὶ
2846 4177 3094 4245 γενέσθαι
3123 4177 3226 4231 ὑπὸ
3268 4177 3364 4233 τὸν
3395 4178 3572 4248 νόμον,

2010 4271 2087 4333 ὡς
2118 4270 2221 4324 ὑπὸ
2252 4269 2343 4322 τὸν
2377 4267 2600 4338 λέγοντα
2647 4268 2810 4337 νόμον
2849 4267 3128 4338 τυγχάνων
3167 4267 3259 4321 τό*
3305 4267 3452 4338 Τίμα
3475 4265 3575 4319 τὸν

2014 4361 2237 4430 πατέρα
2277 4361 2375 4414 καὶ
2409 4359 2524 4428 τὴν
2544 4361 2792 4430 μητέρα,
2839 4361 2939 4412 ἵνα
2961 4354 3031 4413 εὗ
3062 4373 3160 4412 σοι
3197 4357 3461 4428 τέτμηται,
3494 4359 3574 4411 οὐ·

353 4461 580 4514 buentes
606 4456 712 4512 Deo
755 4466 810 4512 et
829 4456 971 4511 Patri
1003 4457 1284 4521 honorem,
1313 4471 1412 4512 nec
1435 4456 1527 4510 ulli
1549 4455 1638 4510 alii
1671 4457 1910 4509 tribuen-

2030 4419 2324 4510 Béva'ﬁnov
2347 4419 2483 4525 ἔχων
2661 4419 2726 4526 pa
2751 4419 2790 4527 ily
2817 4454 2907 4507 τὸν
2945 4455 3003 4506 ὲν
3034 4453 3145 4514 τοῖς
3181 4419 3428 4524 οὐρανοῖς
3447 4419 3575 4504 θεόν

354 4557 433 4603 tes
463 4549 666 4618 ipsum,
695 4557 1037 4604 contestante
1067 4548 1220 4602 nobis
1248 4547 1583 4603 conscientia
1615 4546 1670 4601 in
1704 4544 1907 4615 Spiritu

351 4649 542 4694 sancto
570 4638 637 4693 “.
670 4642 746 4693 Ac
769 4639 991 4708 pulchre
1024 4637 1266 4708 profecto
1299 4653 1420 4692 cum
1445 4637 1753 4691 advenisset
1771 4644 1906 4688 tem~

352 4731 500 4801 poris
526 4730 819 4799 plenitudo,
857 4730 1056 4784 missus
1088 4744 1117 4782 a
1147 4728 1256 4784 Deo
1293 4738 1350 4783 ut
1373 4744 1441 4783 ex
1470 4727 1696 4782 muliere
1718 4740 1908 4780 nasce-

356 4829 524 4882 retur,
554 4819 806 4884 iieretqne
839 4819 937 4872 sub
965 4817 1078 4886 lege
1094 4818 1164 4884 ⁸⁸,
1187 4817 1341 4886 quasi
1370 4818 1462 4887 qui
1491 4824 1638 4871 esset
1660 4816 1758 4870 sub
1789 4815 1908 4884 lege

351 4908 563 4961 dicente
593 4923 606 4959 :
639 4903 861 4958 Honora
890 4915 1089 4973 patrem
1114 4913 1260 4958 tuum
1287 4914 1333 4957 et
1357 4915 1572 4956 matrem
1622 4913 1772 4956 tuam
1795 4941 1811 4964 ,
1852 4911 1912 4955 ut

353 4999 480 5052 bene
505 4996 571 5050 sit
611 4995 702 5049 tibi
732 4995 800 5059 ⁸⁸,
828 4994 1029 5048 nullum
1083 4995 1246 5049 alium
1298 4995 1508 5049 habens
1539 5003 1769 5059 patrem,
1805 4992 1910 5046 nisi

354 5088 521 5144 Deum
541 5086 837 5150 caelestem,
855 5085 1056 5156 inquit:
1081 5085 1184 5140 Sed
1197 5087 1392 5138 honoro
1411 5094 1615 5154 patrem
1629 5100 1801 5137 meum
1819 5083 1908 5136 δι”.

353 5183 607 5240 Dicemus
637 5195 766 5236 vero
786 5179 948 5234 etiam
981 5195 1078 5234 nos
1109 5180 1247 5235 hanc
1279 5195 1485 5240 vocem.
1512 5179 1557 5233 si
1592 5177 1909 5234 considera-

350 5275 592 5328 verimus
630 5269 1052 5342 regenerationis
1076 5269 1375 5334 lavacrum,
1411 5267 1612 5336 lolique
1643 5268 1696 5320 in
1731 5281 1817 5332 eo,
1853 5274 1913 5320 ut

423 5415 472 5446 "
504 5413 694 5468 Matth.
723 5426 780 5475 κ,
803 5406 894 5464 29.
963 5406 1008 5439 ἰ’
1036 5405 1192 5461 Rom.
1226 5422 1305 5469 ιιι,
1334 5408 1425 5462 ‘23.
1499 5406 1545 5438 ⁵ο
1561 5402 1661 5459 Job
1709 5419 1830 5475 μιν,
1853 5404 1906 5475 ξ.

435 5604 549 5674 (26)
581 5603 862 5674 Ferrarius
903 5599 1116 5674 videtur
1168 5598 1362 5674 legisse
1407 5596 1515 5651 τῶν
1569 5594 1912 5666 τιμωμένων,

367 5668 541 5726 ἀείδεθ’
570 5672 830 5739 particula
874 5670 1121 5739 negativa
1150 5668 1243 5739 μή.

438 5739 549 5809 ('27)
571 5734 748 5795 Codex
775 5734 994 5810 Regius,
1027 5737 1103 5808 τῷ
1134 5734 1230 5807 τὴν
1259 5735 1420 5808 τιμὴν
1451 5735 1547 5806 τὴν
1585 5734 1767 5805 τιμὴν,
1821 5735 1913 5788 καὶ

1983 5403 2026 5436 ³¹
2055 5405 2196 5460 Eccl.
2233 5423 2330 5467 vn,
2351 5405 2441 5461 21.
2507 5407 2593 5461 ⁸¹1
2621 5405 2772 5462 Joan.
2801 5424 2855 5472 v,
2890 5408 2976 5465 18.

355 5484 402 5518 ⁵⁵
436 5484 592 5539 Rom.
622 5499 697 5546 ix,
728 5473 780 5534 l.
849 5480 894 5511 ⁵⁵
923 5477 1042 5535 Gal.
1077 5493 1147 5543 tv,
1169 5477 1222 5531 4.
1298 5477 1344 5509 ⁸⁸
1376 5477 1544 5531 Exod.
1577 5491 1668 5538 xx,
1699 5474 1767 5526 12
1794 5490 1810 5540 ;
1855 5473 1910 5543 Ε]

2030 5512 2051 5528 ι.
2077 5491 2152 5542 Vl,
2174 5477 2229 5531 2.
2303 5477 2374 5509 ⁵⁸⁸
2430 5476 2624 5533 Joann.
2653 5494 2770 5546 ml,
2799 5479 2891 5536 49.

2017 4561 2180 4617 φησιν
2201 4563 2214 4576 ·
2259 4545 2445 4600 Ἀλλὰ
2479 4545 2621 4616 τιμῶ
2647 4547 2754 4600 τὸν
2781 4544 3008 4612 Πατέρα
3031 4562 3170 4614 μου.
3240 4543 3395 4614 Ἐροῦ
3405 4559 3501 4613 μεν
3522 4541 3572 4593 δὲ

2015 4638 2107 4690 καὶ
2135 4638 2292 4708 ἡμεῖς
2319 4637 2522 4709 ταύτην
2563 4637 2660 4710 τὴν
2690 4637 2890 4708 φωνὴν,
2944 4637 3230 4706 νοήσαντες
3266 4634 3331 4688 τὸ
3355 4635 3456 4705 τῆς
3480 4650 3573 4686 πα-

2015 4728 2351 4798 λιγγενεσίας
2379 4729 2621 4800 λουτρὸν,
2671 4729 2765 4782 καὶ
2806 4727 3125 4797 λουσάμενοι
3175 4725 3297 4780 κατ’
3329 4725 3462 4780 αὐτὸ
3487 4723 3572 4776 ἐπὶ

2013 4821 2074 4873 τὸ
2099 4819 2346 4889 γενέσθαι
2379 4819 2482 4874 υίοὶ
2513 4817 2669 4883 Θεοῦ,
2696 4819 2790 4872 καὶ
2831 4817 3025 4889 μηκέτι
3055 4815 3344 4878 καλοῦντες
3367 4813 3573 4884 πατέρα

2017 4912 2108 4964 ἐπὶ
2146 4911 2248 4982 τῆς
2287 4915 2390 4982 γῆς
2432 4910 2508 4981 τῷ
2537 4911 2641 4964 υἱοὶ
2668 4909 2945 4978 γεγονέναι
2973 4908 3066 4962 τοῦ
3113 4910 3170 4963 ἐν
3197 4911 3309 4972 τοῖς
3334 4907 3572 4979 οὐρανοῖς

2017 5003 2249 5074 Πατρὸς,
2280 5005 2374 5057 καὶ
2403 5003 2622 5072 ἀδελφοὶ
2647 5002 2739 5055 τοῦ
2770 5002 3044 5066 εἰπόντος’
3077 5002 3404 5071 Πορεύομαι
3432 4996 3572 5068 πρὸς

2014 5092 2121 5145 τὸν
2166 5091 2398 5160 Πατέρα
2438 5110 2578 5162 μου,
2629 5093 2728 5150 καὶ
2785 5093 3018 5161 Πατέρα
3056 5091 3242 5162 ὑμῶν,
3287 5090 3384 5149 καὶ
3433 5091 3573 5142 Geor

2009 5200 2148 5253 μου,
2183 5183 2282 5237 καί
2303 5182 2451 5238 Θεὸν
2477 5183 2662 5253 ὑμῶν.
2702 5184 2871 5256 Δῆλον
2899 5180 3012 5250 οὖν,
3035 5184 3116 5238 ὃτι
3146 5181 3456 5254 κυριώτατα
3484 5180 3572 5233 καὶ

2012 5275 2320 5329 τελειότατα
2371 5275 2614 5341 εἰπόντος
2657 5276 2752 5330 τοῦ
2811 5275 3015 5348 Ἰησοῦο
3087 5274 3230 5345 Ἐγὼ
3272 5273 3574 5345 δαιμόνιον

3069 5407 3116 5443 ⁸³
3137 5405 3296 5464 Joan.
3339 5419 3461 5473 vni,
3484 5401 3566 5460 49.

2025 5596 2098 5668 μὴ
2131 5599 2322 5672 ὲῖέρῳ-

2093 5669 2206 5745 (~28)
2231 5668 2369 5728 llaec
2406 5669 2767 5741 supplevimus
2790 5683 2820 5726 e
2841 5668 3107 5730 Perionio.
