3688 6146
107 373 205 430 061

1160 367 1518 426 COMMENT.
1558 369 1624 424 IN
1653 369 1846 425 JOAN.
1888 368 2124 426 TOMUS
2168 367 2281 423 XX.

3234 363 3337 418 662

103 494 212 547 οὐκ
250 492 386 560 ἔχω,
412 491 571 546 ἀλλὰ
602 490 752 563 τιμῶ
778 494 887 547 τὸν
907 492 1138 561 Πατέρα
1167 508 1305 561 μου·
1346 492 1397 544 οἰ
1431 489 1667 561 μιμηταὶ

1872 489 2071 547 :iamur
2096 487 2191 541 filii
2222 486 2338 551 Dei,
2371 499 2477 539 non
2515 483 2746 554 amplius
2777 482 3094 536 vocabimus
3122 466 3360 593 patrem;

1968 588 1979 593 Α
2240 591 2282 593 η
2348 575 2481 593 μμ
2533 574 2660 593 ρη..
3158 572 3335 593 πημε,

99 581 280 647 αὑτοῦ,
313 581 542 646 ἕκαστος
585 585 727 638 κατὰ
773 584 1001 655 δύναμιν
1030 583 1207 638 πάντα
1242 582 1462 653 ἰσχύσας
1504 584 1560 634 ὲν
1592 580 1670 652 τῷ

101 672 477 744 ένδυναμοῦντι
527 674 688 729 αὐτὸν
735 676 954 748 Χριστῷ
993 676 1188 746 Ἰησοῦ,
1231 677 1325 729 καὶ
1354 676 1516 740 αὐτὸς
1556 678 1671 747 ἐρεῖ

100 765 160 819 τό
179 783 194 795 ·
237 764 386 835 Ἐγὼ
412 764 723 835 δαιμόνων
747 769 860 822 οὐκ
885 768 1023 837 ἔχω,
1050 767 1210 823 ἀλλὰ
1241 767 1384 838 τιμῶ
1418 766 1525 822 τὸν
1553 771 1670 821 Πα-

101 855 234 923 τέρα
251 872 395 925 μου.
452 857 548 921 Τίς
579 858 637 911 δὲ
685 861 899 929 νεκροῖς
925 858 1119 926 συνὼν,
1153 861 1248 913 καὶ
1274 861 1331 913 ὲν
1376 861 1565 930 τάφοις
1594 862 1672 913 οἰ-

103 950 209 1001 κῶν
249 946 501 1020 δυνηθείη
554 948 621 1001 ἂν
663 950 836 1003 εἰπεῖν
868 950 962 1003 τό·
1026 950 1169 1022 Ἐγὼ
1213 950 1521 1020 δαιμόνιον
1558 951 1670 1004 οὐκ

102 1036 248 1106 έχω;
279 1036 313 1108 ἢ
344 1037 431 1102 τίς
475 1037 603 1093 ἄλλο
646 1056 699 1092 τι
733 1038 884 1111 παρὰ
915 1040 1008 1094 τὸν
1037 1040 1188 1101 Θεὸν,
1243 1042 1337 1095 καὶ
1378 1041 1472 1095 τὸν
1500 1041 1670 1109 Λόγον

103 1129 282 1195 αὐτοῦ,
311 1132 408 1185 καὶ
436 1131 498 1185 τό
537 1132 641 1186 ὑπὸ
668 1130 763 1185 τοῦ
805 1131 978 1200 Λόγου
1012 1132 1444 1203 προτασσόμενον
1475 1131 1669 1202 τιμῶν,

104 1224 274 1294 ἑτέρῳ
310 1223 411 1295 τὴν
449 1224 615 1296 τιμὴν
660 1222 854 1287 διδοὺς,
880 1224 997 1276 δέον
1028 1225 1127 1296 τὴν
1165 1224 1326 1295 τιμὴν
1364 1225 1671 1278 ἀποδιδόναι

103 1314 264 1386 αὐτῷ,
295 1315 443 1369 εἴποι
471 1315 585 1386 (29)
620 1315 705 1380 ἂν,
734 1315 811 1379 ὡς
849 1314 1021 1384 Ἰησοῦ
1059 1314 1333 1386 μαθητής·
1373 1316 1558 1370 Ἀλλὰ
1591 1332 1672 1369 τι·

99 1405 188 1475 μῶ
231 1406 337 1459 τὸν
364 1405 600 1474 Πατέρα
630 1422 787 1476 μου;
839 1405 993 1476 Ἑξῆς
1027 1407 1142 1458 ὲστι
1180 1406 1388 1470 τούτοις
1429 1407 1524 1459 τό⁶
1560 1406 1670 1461 Καὶ

104 1496 263 1566 ὑμεῖς
299 1496 602 1566 ἀτιμάζετέ
623 1515 719 1567 με,
752 1498 1037 1569 εἰρημένον
1065 1496 1199 1568 πρὸς
1221 1499 1347 1562 τοὺς
1369 1499 1671 1569 ἀτιμάσαν-

104 1605 195 1651 τας
219 1587 400 1651 αὐτὸν,
437 1590 530 1642 καὶ
574 1585 728 1643 εἷπον
761 1588 907 1659 αὐτῷ
947 1589 1034 1642 τό’
1073 1591 1155 1643 Οὐ
1185 1591 1384 1657 καλῶς
1420 1590 1674 1661 λέγομεν

106 1679 286 1748 ἡμεῖς,
317 1679 407 1733 ὅτι
434 1681 799 1749 Σαμαρείτης
822 1676 882 1734 εἷ
899 1680 1001 1744 σὺ,
1028 1681 1126 1733 καὶ
1153 1680 1457 1751 δαιμόνιον
1478 1682 1673 1752 ἔχεις;

104 1769 369 1840 οἰηθέντες
397 1769 464 1822 τὺ
508 1768 695 1834 κακῶς
741 1769 1031 1842 εἰρημένον
1076 1769 1255 1834 καλῶς
1283 1769 1669 1841 λελαληκέναιο

104 1837 278 1925 κακῶς
302 1860 414 1932 γὰρ
435 1855 680 1926 νοοῦντες
700 1837 1043 1934 Σαμαρείτην
1068 1862 1163 1914 καὶ
1189 1837 1673 1934 δαιμόνιον-ἔχοντα
1704 1837 1745 1892 Β

103 1954 188 2006 τὸν
238 1952 472 2024 Σωτῆρα
530 1953 894 2025 ἀπεφήναντο.
958 1952 1262 2024 Νομιστέον
1310 1952 1367 2007 δὲ
1422 1953 1513 2007 τό·
1566 1955 1676 2010 Καὶ

102 2043 261 2110 ὑμεῖς
285 2043 591 2115 ἀτιμάζετέ
613 2062 711 2114 με,
742 2045 864 2116 οὐχὶ
907 2045 1001 2098 καὶ
1026 2045 1254 2108 ἐκείνοις
1300 2044 1482 2116 μόνοις
1529 2046 1679 2118 εἰρῆ-

105 2138 221 2191 σθαι
246 2138 387 2202 τότε,
428 2136 563 2190 ἀλλά
587 2137 680 2192 καὶ
706 2140 818 2201 τοῖς
846 2138 933 2191 ἀεὶ
957 2137 1298 2208 ἀτιμάζουσι,
1329 2137 1395 2191 δι’
1416 2130 1491 2191 ὧν
1516 2137 1680 2209 πράτ-

104 2244 248 2282 τουσι
292 2227 450 2297 παρά
491 2228 582 2281 τὸν
605 2228 762 2301 ὀρθὸν
796 2229 972 2298 λόγον,
1005 2227 1096 2282 τὸν
1128 2227 1220 2283 τοῦ
1248 2228 1403 2292 Θεοῦ,
1448 2229 1542 2282 καὶ
1564 2229 1679 2282 ἀτι-

109 2317 349 2389 μάζουσι,
401 2319 470 2371 δι’
501 2312 576 2373 ὧν
618 2318 885 2385 ἀδικοῦσι,
930 2319 1022 2373 τὸν
1059 2318 1313 2390 Χριστὸν,
1349 2320 1407 2384 ὃς
1440 2321 1554 2373 ἐστι
1598 2319 1677 2373 δι-

108 2411 379 2484 καιοσύνη,
435 2411 530 2465 καὶ
579 2411 926 2483 ἀτιμάζουσι,
975 2411 1043 2465 δι’
1093 2404 1170 2467 ὧν
1210 2411 1351 2465 κατά
1374 2410 1677 2483 ἀδυναμίαν

108 2503 195 2555 καὶ
223 2502 508 2557 ἀσθένειαν
529 2500 854 2564 ἐπιτελοῦσι,
884 2502 982 2573 τὴν
1000 2501 1095 2555 τοῦ
1118 2501 1252 2555 Θεοῦ
1283 2501 1529 2572 δύναμιν,
1557 2503 1679 2573 ἥτις

108 2592 249 2646 ἐστὶν
267 2595 297 2646 ὁ
322 2594 518 2666 Σωτήρ
537 2610 550 2624 ·
580 2593 815 2665 Χριστὸς
834 2593 941 2665 γὰρ
963 2593 1098 2647 Θεοῦ
1127 2593 1373 2665 δύναμις.
1413 2594 1523 2647 Καὶ
1544 2610 1678 2648 παν-

109 2685 160 2736 τι
186 2682 238 2737 δὲ
275 2682 352 2755 τῷ
385 2683 754 2751 ἑξουδενοῦντι
795 2684 987 2753 σοφίαν
1033 2682 1246 2755 λεχθείη
1281 2683 1346 2738 ἂν
1369 2684 1453 2737 τόο
1494 2684 1531 2735 ’λ
1546 2683 1677 2754 μεῖς

111 2771 399 2844 ἀτιμάζετέ
445 2790 552 2844 με’
605 2772 836 2843 ἐπείπερ
864 2773 1098 2846 Χριστὸς
1140 2772 1235 2825 καὶ
1289 2770 1449 2840 σοφία
1496 2771 1672 2825 ἐστίν·

111 2865 235 2919 ἀλλά
263 2867 357 2920 καὶ
403 2865 454 2919 εἰ
497 2865 616 2921 δέον
638 2865 701 2918 τὸ
728 2865 787 2931 ἐξ
832 2862 996 2918 αὐτοῦ
1032 2880 1151 2917 τινα
1179 2862 1317 2934 μετὰ
1340 2863 1557 2917 πάντων
1585 2864 1678 2917 ἀν-

114 2959 333 3031 θρώπων
377 2958 705 3031 εἰρηνεύειν,
741 2957 870 3011 ὥστ’
895 2956 961 3011 ἂν
1009 2958 1183 3010 εἰπεῖν
1232 2956 1294 3009 τδ
1341 2955 1676 3030 προφητικὸν

114 3055 302 3108 ἐκεῖνο·
355 3052 522 3107 Μετὰ
569 3050 688 3105 τῶν
712 3050 1055 3119 μισούντων
1092 3047 1209 3116 τὴν
1241 3047 1490 3117 εἰρήνην
1515 3046 1678 3117 ἥμην

112 3145 416 3216 εἰρηνικὸς,
475 3144 570 3198 καὶ
622 3142 739 3197 δέον
787 3140 1073 3195 ἀναλαϐεῖν
1144 3140 1242 3212 τὴν
1307 3139 1677 3211 ὑπερέχουσαν

1770 594 1931 647 super
1966 588 2167 634 terram
2226 591 2292 632 eo
2340 575 2483 645 quod
2532 574 2662 631 facti
2698 574 2964 630 fuerimus
3020 573 3113 628 filii
3157 572 3339 630 Patris

1769 672 2009 727 caelestis
2031 671 2099 735 ⁸⁷,
2133 668 2439 737 fratresque
2470 668 2743 725 dicentis:
2798 665 2946 721 Vado
2993 664 3065 720 ad
3120 649 3366 745 Patrem:

1770 776 1964 826 meum,
1996 770 2045 814 et
2076 757 2290 814 Patrem
2315 766 2563 823 vestrum,
2586 767 2632 811 et
2658 755 2826 810 Deum
2862 772 3065 821 meum,
3094 763 3142 810 et
3168 752 3337 808 Deum

1769 863 1997 905 vestrum
2038 851 2104 904 ⁵⁸.
2131 849 2492 916 Quamobrem
2526 847 2868 918 perspicuum
2908 856 2993 901 est
3040 844 3184 916 quod
3212 859 3342 914 pro-
3373 868 3385 913 ε

1770 943 2066 1011 priissime,
2095 952 2148 996 et
2181 940 2576 1012 perfectissime
2598 940 2815 995 dicente
2848 936 2975 993 Jesu
3003 957 3017 992 :
3067 934 3179 1008 Ego
3233 938 3341 990 dw-

1770 1038 2001 1090 monium
2028 1050 2132 1089 non
2155 1034 2340 1101 habeo,
2362 1034 2452 1088 sed
2475 1034 2676 1087 honoro
2697 1030 2911 1086 Patrem
2936 1045 3139 1096 meum,
3173 1043 3338 1085 unus-

1771 1128 2002 1197 quisque
2028 1134 2273 1182 nostrum
2307 1126 2554 1181 imitator
2575 1123 2715 1195 ejus,
2748 1121 2924 1193 quoad
2957 1120 3074 1177 ﬁeri
3115 1129 3287 1192 potest
3316 1159 3335 1187 ,

1771 1229 1825 1274 et
1847 1219 2028 1272 omnia
2048 1227 2242 1289 potens
2265 1218 2318 1273 in
2341 1218 2560 1273 Christo
2577 1215 2702 1270 Jesu
2719 1231 2839 1269 eum
2858 1214 3246 1271 corroborante
3265 1211 3337 1278 ",

1771 1310 2015 1364 dicturus
2035 1310 2198 1363 etiam
2226 1318 2306 1365 est
2335 1329 2349 1365 :
2376 1307 2489 1379 Ego
2522 1309 2837 1363 daemonium
2861 1322 2963 1360 non
2977 1303 3335 1377 358habeo,

1772 1402 1863 1454 sed
1874 1400 2151 1455 cohonesto
2177 1398 2391 1455 Patrem
2408 1416 2597 1455 meum.
2611 1397 2875 1454 Caeterum
2894 1397 3017 1467 quis
3038 1399 3178 1450 inter
3196 1412 3339 1451 mor-

1776 1500 1897 1546 tuos
1921 1506 2168 1555 versans,
2209 1493 2260 1545 in
2297 1492 2671 1562 sepulcrisque
2697 1491 2949 1545 habitans
2979 1489 3157 1545 dicere
3185 1500 3338 1558 pote—

1772 1584 1845 1639 rit
1874 1602 1887 1638 :
1924 1582 2036 1653 Ego
2061 1584 2379 1637 daemonium
2410 1600 2513 1637 non
2541 1584 2705 1637 habeo
2729 1582 2754 1637 Ρ
2782 1581 2866 1636 vel
2914 1582 3038 1652 quis
3065 1581 3339 1653 quidpiam

1774 1679 1918 1733 aliud
1945 1679 2221 1734 honorans
2255 1688 2456 1747 praeter
2484 1677 2672 1742 Deum,
2726 1676 3075 1747 Verbumque
3118 1676 3289 1747 ipsius
3319 1715 3338 1743 ,

1774 1785 1835 1824 ac
1862 1780 2061 1839 praeter
2089 1770 2142 1824 id
2178 1770 2318 1838 quod
2352 1784 2382 1822 a
2430 1768 2608 1823 Verbo
2640 1767 2948 1836 pra-cipitur
2975 1767 3130 1822 alteri
3163 1768 3339 1823 hono-

1781 1878 1893 1919 rem
1923 1864 2186 1928 tribuens,
2214 1878 2335 1918 cum
2361 1861 2668 1925 sitnecesse
2694 1860 2952 1915 honorem
2978 1860 3050 1915 illi
3077 1860 3339 1927 tribuere,

1779 1956 2024 2011 dicturus
2055 1964 2140 2010 est
2172 1950 2425 2025 tanquam
2462 1950 2589 2007 Jesu
2622 1952 2916 2021 discipulus
2943 1970 2957 2008 :
2992 1952 3096 2008 Sed
3140 1952 3340 2009 honoro

1779 2044 1993 2101 Patrem
2016 2062 2189 2100 nteant
2206 2047 2233 2101 Ρ
2260 2046 2344 2101 cui
2374 2045 2519 2100 dicto
2544 2048 2852 2115 proximum
2879 2055 2963 2101 est
2989 2046 3092 2102 hoc
3122 2065 3136 2102 :
3161 2048 3226 2100 Et
3253 2063 3341 2102 nos

1778 2136 2063 2204 ignominia
2099 2151 2180 2189 me
2206 2135 2429 2205 efﬁcitis,
2462 2137 2606 2204 quod
2654 2135 2858 2189 dictum
2903 2143 2989 2190 est
3017 2136 3085 2190 ad
3115 2151 3209 2191 eos
3248 2136 3343 2206 qui

1778 2225 1928 2280 illum
1961 2226 2297 2295 contemptui
2336 2224 2609 2279 habebant
2636 2264 2651 2289 ,
2681 2225 2884 2294 quique
2918 2225 2993 2278 illi
3042 2226 3291 2281 dicebant
3324 2244 3340 2280 :

1781 2317 1972 2373 Nonne
1996 2320 2119 2375 bene
2140 2319 2367 2373 dicimus
2392 2334 2507 2383 nos,
2531 2320 2672 2388 quod
2707 2315 3079 2373 Samaritanus
3107 2335 3161 2373 es
3194 2327 3273 2387 tu,
3293 2325 3347 2373 et

1778 2408 2096 2463 dmonium
2127 2408 2283 2463 habes
2306 2409 2335 2463 .9
2361 2409 2771 2474 existimantes,
2824 2409 2969 2480 quod
3019 2408 3159 2465 male
3189 2407 3343 2465 dixe—

1781 2508 1922 2565 rant,
1961 2514 2021 2554 se
2053 2500 2190 2555 bene
2218 2502 2422 2557 dixisse
2450 2519 2465 2554 :
2496 2498 2636 2555 male
2665 2501 2811 2556 enim
2837 2498 3140 2572 cogitantes
3173 2515 3345 2556 enun-

1782 2592 1989 2646 tiarunt
2025 2590 2364 2648 Servatorem
2405 2593 2815 2649 Samaritanum
2840 2635 2856 2663 ,
2907 2602 2965 2649 et
3016 2594 3345 2650 daemonium

1777 2684 2092 2742 habentem.
2143 2683 2252 2741 Nec
2282 2701 2414 2741 vero
2452 2685 2876 2742 existimandum
2925 2695 3011 2741 est
3059 2684 3162 2742 illis
3214 2685 3346 2744 solis

1779 2786 1907 2833 tunc
1929 2778 2130 2832 dictum
2163 2777 2372 2835 fuisse:
2412 2779 2480 2835 Et
2533 2798 2620 2836 vos
2670 2780 2960 2851 ignominia
2998 2793 3079 2832 me
3113 2778 3343 2850 ααῑείιίι,

1777 2869 1870 2923 sed
1908 2868 1993 2923 his
2017 2869 2183 2925 etiam
2224 2871 2314 2941 qui
2345 2882 2603 2942 perpetuo
2633 2873 3048 2942 Christum,.qui
3080 2881 3165 2928 est
3182 2871 3345 2943 justi-

1781 2956 1878 3024 tia,
1906 2958 2200 3028 ignominia
2234 2958 2472 3016 alliciunt
2518 2977 2615 3032 per
2638 2976 2701 3018 ea
2746 2976 2866 3030 qua:
2899 2962 3097 3031 injuste
3128 2970 3291 3033 agunt
3323 2977 3341 3027 ;

1776 3058 1944 3118 atque
1976 3052 2136 3103 etiam
2171 3049 2257 3105 his
2283 3050 2374 3119 qui
2422 3051 2715 3122 ignominia
2748 3053 3041 3122 potentiam
3090 3051 3185 3106 Dei
3224 3051 3353 3105 affi-

1779 3140 1955 3207 ciunt,
1985 3154 2104 3208 quae
2136 3152 2219 3196 est
2247 3142 2507 3198 Servatur
2530 3143 2818 3212 (Christus
2847 3145 2990 3201 enim
3023 3155 3105 3199 cst
3126 3143 3221 3199 Dei
3253 3160 3343 3214 po-

113 3237 238 3291 Θεοῦ
269 3238 446 3292 πάντα
479 3235 604 3290 νοῦν
651 3235 894 3307 εἰρήνην,
945 3232 1285 3305 φρουροῦσαν
1315 3233 1414 3303 τὴν
1455 3232 1673 3304 καρδίαν

1878 3230 1949 3285 tia
1982 3231 2087 3300 ⁸ο),
2111 3246 2175 3285 ex
2212 3231 2296 3285 his
2328 3246 2449 3301 quae
2476 3230 2714 3289 eﬂiciunt
2764 3236 2817 3290 in
2851 3233 3132 3292 debilitate
3175 3243 3230 3290 et
3259 3236 3342 3288 iu-

115 3329 200 3382 καὶ
225 3328 290 3381 τὰ
322 3331 572 3399 νοήματα
603 3326 696 3380 τοῦ
731 3325 1079 3396 ἀνειληφότος
1110 3325 1298 3395 αὑτήν.
1354 3325 1416 3379 Εἰ
1442 3325 1499 3377 δὲ
1525 3324 1682 3379 πολε-

117 3419 263 3489 μικός
296 3418 407 3490 (30)
437 3434 524 3481 τις
572 3417 678 3486 εἴη,
708 3417 804 3470 καὶ
841 3414 1072 3481 δάκνων,
1102 3414 1197 3467 καὶ
1232 3412 1675 3484 καταιτιώμενος,

116 3512 202 3563 καὶ
228 3509 524 3564 κατεσθίων
555 3507 646 3560 τὸν
677 3505 923 3576 πλησίον,
965 3505 1059 3559 καὶ
1110 3504 1537 3578 πεπληρωμένος
1578 3505 1680 3576 τῆς

116 3600 170 3655 ὲν
211 3600 286 3673 τῷ
315 3597 631 3673 ἡγεμονικῷ
665 3596 860 3653 ἑαυτοῦ
905 3596 1145 3661 στάσεως
1174 3596 1283 3651 τῶν
1326 3596 1534 3661 παθῶν,
1585 3598 1681 3652 καὶ

115 3693 277 3764 τούτῳ
306 3692 370 3748 ἂν
415 3692 635 3764 λεχθείη
683 3691 777 3745 τό·
842 3689 1028 3761 Ὑμεῖς
1066 3688 1367 3760 ἀτιμάζετέ
1396 3707 1473 3759 με
1495 3707 1508 3721 ο
1547 3691 1680 3762 Χρι-

116 3783 231 3848 στὸς
260 3786 366 3856 γάρ
396 3786 550 3838 ἔστιν
580 3785 613 3854 ή
647 3784 837 3855 εἰρήνη
867 3782 1045 3854 ἡμῶν.
1084 3782 1205 3835 Ἔτι
1232 3781 1289 3835 δὲ
1316 3780 1545 3852 ἐπείπερ
1572 3783 1679 3845 πᾶς

117 3876 148 3929 ὁ
175 3873 699 3944 φαῦλανπρὰσσων
719 3872 889 3944 μισεῖ
914 3872 981 3927 τὸ
1003 3871 1148 3943 φῶς,
1179 3871 1276 3926 καί
1305 3874 1415 3927 οὐκ
1447 3872 1681 3943 ἔρχεται

116 3968 257 4035 πρὸς
279 3966 346 4021 τὸ
389 3965 537 4037 φῶς,
573 3965 689 4036 φῶς
707 3965 765 4019 δέ
803 3967 950 4018 ἐστιν
982 3968 1010 4020 ὁ
1036 3964 1206 4018 εἰπών
1228 3981 1242 3995 ·
1294 3962 1441 4034 Ἐγώ
1463 3967 1578 4034 εἰμι
1611 3965 1679 4019 τὸ

116 4057 233 4127 φῶς
252 4059 357 4114 τοῦ
378 4059 633 4129 κόσμου,
654 4057 830 4129 δῆλον,
859 4059 938 4111 ὅτι
972 4056 1149 4128 φαῦλα
1179 4057 1458 4128 πράσσων,
1485 4057 1682 4129 ἀτιμά-

118 4149 217 4216 ζων
245 4152 303 4205 τὸ
328 4150 465 4221 φῶς,
495 4150 748 4220 ἀτιμάζει
779 4149 1035 4221 Χριστὸν,
1064 4149 1156 4202 καὶ
1188 4148 1351 4212 αὐτὸς
1380 4149 1680 4221 ἀκουσόμε-

116 4260 198 4307 νος
226 4243 316 4297 τό·
349 4242 463 4296 Καὶ
495 4241 663 4310 ὑμεῖς
703 4237 1003 4310 ἀτιμάζετέ
1038 4255 1133 4309 με.
1169 4240 1279 4292 Καὶ
1305 4239 1357 4293 τί
1387 4256 1454 4312 με
1480 4239 1560 4294 δεῖ
1587 4240 1680 4295 ἐπὶ

119 4334 270 4387 πλέον
306 4333 566 4406 μηκύνειν
602 4333 694 4387 τὸν
739 4332 916 4402 λόγον,
968 4330 1401 4399 ἀναπτύσσοντα,
1447 4333 1543 4385 καὶ
1565 4333 1678 4387 δει-

120 4424 310 4478 κνύντα
350 4425 494 4488 τίνες
521 4425 656 4478 εἰσὶν
702 4425 752 4477 οἰ
801 4421 1140 4494 ἐλεγχόμενοι
1189 4422 1296 4476 ὑπὸ
1343 4421 1439 4476 τοῦ
1482 4422 1678 4494 Ἰησοῦ,

1779 3321 2060 3378 firmitate.
2085 3323 2224 3388 Quin
2249 3324 2414 3377 etiam
2449 3325 2754 3394 cuicunque
2791 3326 3063 3394 spernenti
3113 3324 3206 3380 Dei
3256 3339 3345 3380 sa-

1779 3413 2039 3483 pientiam
2065 3413 2276 3467 dicetur
2309 3432 2322 3467 :
2364 3411 2468 3468 Vos
2502 3415 2789 3485 ignominia
2819 3432 2901 3469 me
2924 3415 3149 3487 amcitia,
3180 3429 3345 3485 quan-

1779 3504 2067 3578 doquidem
2114 3505 2364 3561 Christus
2420 3507 2586 3562 etiam
2640 3517 2723 3563 est
2770 3507 3036 3577 sapientia
3064 3506 3108 3539 “
3142 3505 3345 3582 [atque

1779 3598 1940 3650 etiam
1970 3610 2074 3665 pax
2101 3594 2203 3669 "1.
2228 3598 2378 3664 Quod
2408 3598 2454 3652 si
2482 3598 2747 3667 quispiam
2779 3607 2863 3654 est
2889 3613 2954 3654 ex
2983 3599 3121 3668 ipso,
3169 3599 3213 3653 is
3242 3613 3344 3669 pa-

1778 3704 1895 3746 cem
1925 3691 2089 3746 etiam
2120 3705 2245 3745 cum
2276 3691 2586 3747 hominibus
2607 3691 2857 3746 omnibus
2880 3689 3076 3744 haheat
3103 3698 3341 3759 oportet,

1778 3783 1916 3839 adeo
1945 3792 2004 3838 ut
2029 3784 2175 3838 dicat
2201 3786 2573 3853 propheticum
2612 3784 2740 3839 illud
2770 3802 2783 3838 :
2817 3782 2950 3838 Cum
2985 3783 3066 3837 his
3090 3784 3178 3854 qui
3217 3782 3344 3837 ode-

1780 3886 1901 3932 runt
1926 3893 2125 3946 pacem,
2161 3892 2306 3932 erant
2330 3876 2581 3945 paciﬁcus
2608 3874 2677 3941 ⁸⁸,
2714 3890 2848 3943 Opus
2875 3876 3035 3930 etiam
3062 3884 3146 3930 est
3173 3883 3230 3929 ut
3259 3889 3345 3929 re-

1780 3968 1946 4037 cipiat
1999 3982 2188 4036 pacem
2237 3976 2584 4034 superantem
2641 3979 2855 4019 omnem
2912 3966 3002 4020 Dei
3045 3964 3342 4035 intelligeno

1781 4057 1910 4111 tiam
1929 4057 1992 4121 “,
2024 4072 2227 4126 corque
2243 4058 2640 4112 custodientem
2655 4067 2925 4113 etsensus
2948 4057 3065 4126 ejus
3094 4058 3185 4127 qui
3216 4071 3338 4111 eam

1783 4151 2073 4220 receperit.
2098 4149 2257 4216 Quod
2287 4151 2331 4205 si
2366 4151 2509 4220 quis,
2541 4151 2772 4206 bellandi
2812 4150 3061 4219 cupidus,
3100 4150 3345 4205 mordeat

1779 4243 1943 4299 etiam
1975 4241 2292 4310 incusetque
2308 4256 2373 4296 ac
2395 4243 2615 4297 devoret
2629 4241 2957 4311 proximum,
2982 4241 3160 4311 sitque
3179 4241 3339 4296 etiam

1781 4335 1976 4404 plenus
2006 4333 2452 4403 perturbationis,
2500 4347 2663 4388 causa
2695 4332 2976 4386 seditionis
3027 4331 3342 4387 exsistentis

1782 4424 1837 4479 in
1868 4440 1966 4481 suo
1991 4426 2158 4495 ipsius
2180 4426 2378 4482 animae
2406 4425 2736 4497 principatu,
2760 4424 2888 4480 huic
2913 4424 3075 4479 etiam
3094 4424 3340 4478 dicetur:

119 4516 205 4569 καὶ
242 4516 525 4580 ἀκούοντες
555 4516 647 4570 ὑπ’
678 4515 839 4569 αὑτοῦ
890 4515 978 4568 τό⁶
1026 4514 1208 4584 Ὑμεῖς
1244 4514 1546 4585 ἀτιμάζετέ
1574 4532 1673 4585 με,

1872 4533 1890 4570 r
1912 4518 2198 4587 ignominia
2223 4534 2304 4574 me
2328 4520 2578 4590 afﬁcitis:
2599 4517 2841 4577 Christus
2858 4516 2998 4571 enim
3027 4530 3129 4585 pax
3158 4523 3343 4569 nostra

122 4607 294 4675 σαφῶν
324 4608 492 4662 ὄντων
523 4609 587 4662 ἐκ
608 4607 715 4661 τῶν
739 4606 1164 4678 ἀποδεδομένων,
1196 4606 1290 4661 καὶ
1311 4605 1421 4661 τῶν
1443 4607 1673 4679 δυναμέ-

119 4714 217 4752 νων
240 4700 447 4763 τούτοις
475 4699 780 4762 ἀκολούθως
805 4699 984 4762 αὑτοϊς
1019 4697 1404 4754 συνάπτεσθαι.

1778 4617 1861 4663 est
1892 4609 1959 4662 ’δι
1987 4608 2199 4667 Rursus
2225 4613 2479 4681 quoniam
2504 4617 2593 4683 qui
2613 4616 2748 4669 male
2788 4614 2920 4683 agit,
2945 4609 3053 4666 odit
3080 4606 3268 4679 lucem,
3290 4616 3345 4667 et

1779 4717 1885 4755 non
1906 4702 2040 4757 venit
2071 4704 2139 4757 ad
2170 4704 2336 4757 lucem
2358 4704 2426 4769 “,
2456 4705 2654 4773 luxque
2681 4716 2768 4761 est
2803 4706 2891 4760 ille
2909 4705 3001 4775 qui
3025 4706 3160 4761 dixit
3189 4724 3204 4761 :
3229 4704 3341 4775 Ego

122 4793 346 4848 suntlux
371 4793 671 4857 mundi",
704 4792 1047 4862 perspicuum
1079 4803 1165 4847 est
1217 4794 1363 4859 quod
1418 4791 1509 4863 qui
1561 4792 1701 4849 male
1753 4795 1885 4862 agit,
1937 4795 2231 4865 ignominia
2286 4797 2459 4851 lucem
2520 4796 2780 4862 alliciens,
2836 4797 3129 4866 ignominia
3173 4797 3336 4851 etiam

121 4882 381 4940 Christum
439 4885 669 4952 ofﬁcial;
708 4886 991 4941 auditurus
1039 4888 1246 4942 etiam:
1288 4886 1357 4940 Et
1392 4903 1480 4940 vos
1528 4888 1837 4956 ignominia'
1867 4905 1950 4945 me
2016 4892 2238 4962 ambitis.
2274 4892 2340 4947 Et
2367 4893 2496 4963 quid
2541 4908 2675 4962 opus
2725 4902 2809 4948 est
2856 4893 2909 4946 in
2955 4892 3174 4960 longum
3217 4905 3344 4958 pro-

122 4976 325 5033 trahere
349 4979 1058 5048 sermonem,explicantem
1120 4991 1176 5036 et
1217 4984 1584 5037 ostendentem
1612 4984 1830 5052 quinam
1872 4985 1981 5040 sint
2030 4987 2122 5057 qui
2175 5003 2203 5042 a
2249 4987 2374 5043 Jesu
2436 4988 2851 5059 redarguantur,
2882 4996 2938 5042 et
2979 4985 3071 5057 qui
3112 4986 3220 5042 sint
3246 4985 3341 5055 qui

124 5071 333 5126 audiant
370 5075 439 5127 ab
468 5072 628 5144 ipso:
692 5070 790 5128 Vos
836 5074 1121 5145 ignominia
1163 5092 1246 5129 me
1287 5076 1525 5146 efﬁcitis,
1568 5093 1692 5134 cum
1734 5080 2002 5136 manifesti
2062 5083 2170 5138 sint
2196 5097 2262 5138 ex
2305 5082 2391 5138 his
2417 5097 2535 5154 quae
2556 5081 2927 5153 explicuimus,
2951 5089 3004 5136 et
3028 5095 3098 5136 ex
3118 5081 3202 5135 his
3221 5094 3342 5149 quas

123 5161 202 5215 his
230 5173 620 5232 consequenter
644 5165 901 5236 conjungi
938 5179 1165 5234 possunt
1199 5167 1223 5220 ‘3

184 5254 271 5310 50.
298 5257 450 5312 Μετά
484 5256 655 5312 ταῦτα
695 5258 892 5331 ἴδωμεν
933 5262 985 5313 τί
1015 5261 1131 5314 ἐστι
1173 5261 1262 5315 τόο
1330 5263 1476 5336 Ἐγὼ
1509 5263 1577 5319 δὲ
1605 5268 1677 5321 οὐ

189 5437 231 5515 Ἰ
263 5436 449 5515 Matth.
473 5454 629 5515 mu,
659 5442 712 5515 9.
748 5513 764 5515 _
788 5442 835 5475 ⁵⁸
858 5441 1014 5499 Joan.
1057 5460 1149 5515 xix,
1187 5444 1271 5499 l7.
1348 5448 1393 5479 δ’
1423 5446 1616 5515 Philip.
1643 5460 1715 5512 tv,
1746 5443 1832 5515 15.

1860 5263 2024 5337 359
2045 5264 2136 5320 30.
2167 5263 2296 5319 Post
2317 5263 2432 5319 haec
2455 5263 2736 5319 videamus
2757 5262 2885 5332 quid
2906 5261 3009 5317 sit:
3035 5264 3147 5330 Ego
3164 5269 3339 5315 autem
3420 5282 3427 5289 ο

1931 5444 1975 5476 ⁸⁸
2015 5442 2195 5499 lCor.
2251 5459 2291 5510 ι,
2334 5442 2426 5497 24.
2504 5436 2717 5497 ⁶¹”ἰ1›ἰι1.
2796 5442 3069 5513 ⁶¹ίΕρίιθι
3113 5457 3194 5512 tt,
3248 5442 3338 5499 14.

127 5505 170 5537 ⁸³
201 5507 335 5563 Psal.
360 5524 505 5578 cxtx,
535 5514 587 5566 7.
615 5505 623 5508 ’
662 5512 708 5545 ⁸³
743 5513 939 5584 Philip.
981 5530 1051 5580 tv,
1087 5505 1146 5569 Ἱξ
1220 5516 1265 5548 ⁰⁸
1288 5516 1484 5586 Ephcs.
1527 5505 1585 5581 η’,
1616 5515 1673 5569 Η

1877 5513 2034 5570 Juan.
2087 5531 2170 5581 tu,
2204 5505 2294 5569 2οζ
2371 5515 2414 5546 ⁸⁷
2441 5513 2600 5569 Joan.
2632 5529 2752 5578 vm,
2792 5512 2883 5568 12.

181 5688 302 5772 ρο)
327 5692 504 5772 codex
538 5693 757 5772 Regius.
784 5692 947 5763 male,
972 5695 1089 5751 δέον
1118 5696 1196 5771 τῷ
1222 5697 1319 5771 τὴν
1349 5697 1512 5772 τιμὴν
1536 5699 1670 5754 ἀπο-

128 5754 315 5817 διδόναι
339 5761 526 5835 αῠτὴν,
550 5754 709 5830 εἴποι,
744 5754 849 5819 etc.

1778 5787 1811 5822 κ

1813 5695 1964 5821 ό(50)
1992 5697 2139 5754 lJem
2190 5696 2360 5754 codex
2408 5693 2633 5771 Regius,
2688 5694 2863 5759 male,
2905 5694 2965 5751 ’0
3006 5695 3065 5751 δι
3112 5696 3342 5771 πολιμις
