  <div class='ocr_page' id='page_1' title='image "/cluster/home/n/w/nwhite01/storage/ocr_20150623/14/mdp.39015052831362/369.png"; bbox 0 0 3688 6146; ppageno 0'>
   <div class='ocr_carea' id='block_1_1' title="bbox 338 281 455 341">
    <p class='ocr_par' dir='ltr' id='par_1_1' title="bbox 338 281 455 341">
     <span class='ocr_line' id='line_1_1' title="bbox 338 281 455 341; baseline 0.026 -4"><span class='ocrx_word' id='word_1_1' title='bbox 338 281 455 341; x_wconf 71' lang='grc'><strong>665</strong></span> 
     </span>
    </p>
   </div>
   <div class='ocr_carea' id='block_1_2' title="bbox 1816 294 3272 354">
    <p class='ocr_par' dir='ltr' id='par_1_2' title="bbox 1816 294 2140 353">
     <span class='ocr_line' id='line_1_2' title="bbox 1816 294 2140 353; baseline -0.003 -1"><span class='ocrx_word' id='word_1_2' title='bbox 1816 294 2140 353; x_wconf 79' lang='lat' dir='ltr'><strong>ORIGENIS</strong></span> 
     </span>
    </p>
   </div>
   <div class='ocr_carea' id='block_1_3' title="bbox 2094 294 3550 354">
    <p class='ocr_par' dir='ltr' id='par_1_3' title="bbox 2101 294 3550 354">
     <span class='ocr_line' id='line_1_3' title="bbox 2101 294 3550 354; baseline 0.002 -3"><span class='ocrx_word' id='word_1_3' title='bbox 2101 294 2140 351; x_wconf 90' lang='lat' dir='ltr'><strong><em>S</em></strong></span> <span class='ocrx_word' id='word_1_4' title='bbox 3471 300 3550 354; x_wconf 71' lang='grc'><strong>664</strong></span> 
     </span>
    </p>
   </div>
   <div class='ocr_carea' id='block_1_4' title="bbox 339 403 1795 482">
    <p class='ocr_par' dir='ltr' id='par_1_4' title="bbox 339 403 1795 481">
     <span class='ocr_line' id='line_1_4' title="bbox 339 403 1795 481; baseline 0.003 -21"><span class='ocrx_word' id='word_1_5' title='bbox 339 423 443 461; x_wconf 80' lang='lat' dir='ltr'><strong>non</strong></span> <span class='ocrx_word' id='word_1_6' title='bbox 465 420 642 476; x_wconf 69' lang='lat' dir='ltr'><strong>qurere</strong></span> <span class='ocrx_word' id='word_1_7' title='bbox 675 403 903 475; x_wconf 75' lang='lat' dir='ltr'><strong>gloriam</strong></span> <span class='ocrx_word' id='word_1_8' title='bbox 936 421 1107 463; x_wconf 78' lang='lat' dir='ltr'><strong>meum</strong></span> <span class='ocrx_word' id='word_1_9' title='bbox 1134 422 1153 463; x_wconf 90' lang='lat'><strong><em>:</em></strong></span> <span class='ocrx_word' id='word_1_10' title='bbox 1196 418 1272 462; x_wconf 74' lang='lat' dir='ltr'><strong>est</strong></span> <span class='ocrx_word' id='word_1_11' title='bbox 1299 408 1389 478; x_wconf 89' lang='lat' dir='ltr'><strong>qui</strong></span> <span class='ocrx_word' id='word_1_12' title='bbox 1418 411 1629 481; x_wconf 63' lang='lat' dir='ltr'><strong>quierit,</strong></span> <span class='ocrx_word' id='word_1_13' title='bbox 1681 419 1733 467; x_wconf 80' lang='lat' dir='ltr'><strong>et</strong></span> <span class='ocrx_word' id='word_1_14' title='bbox 1761 412 1795 480; x_wconf 73' lang='lat' dir='ltr'><strong>j:</strong></span> 
     </span>
    </p>
   </div>
   <div class='ocr_carea' id='block_1_5' title="bbox 2092 403 3548 482">
    <p class='ocr_par' dir='ltr' id='par_1_5' title="bbox 2092 409 3548 482">
     <span class='ocr_line' id='line_1_5' title="bbox 2092 409 3548 482; baseline 0.005 -18"><span class='ocrx_word' id='word_1_15' title='bbox 2092 410 2169 464; x_wconf 90' lang='grc' dir='ltr'><strong>τῶ</strong></span> <span class='ocrx_word' id='word_1_16' title='bbox 2198 409 2313 478; x_wconf 74' lang='grc' dir='ltr'><strong>τὴν</strong></span> <span class='ocrx_word' id='word_1_17' title='bbox 2329 410 2518 476; x_wconf 77' lang='grc' dir='ltr'>δόξαν</span> <span class='ocrx_word' id='word_1_18' title='bbox 2543 429 2665 481; x_wconf 83' lang='grc' dir='ltr'><strong>μου</strong></span> <span class='ocrx_word' id='word_1_19' title='bbox 2688 427 2704 443; x_wconf 79' lang='grc' dir='ltr'><strong><em>ο</em></strong></span> <span class='ocrx_word' id='word_1_20' title='bbox 2738 412 2912 467; x_wconf 77' lang='grc' dir='ltr'>ἐστιν</span> <span class='ocrx_word' id='word_1_21' title='bbox 2942 414 2976 466; x_wconf 84' lang='grc' dir='ltr'><em>ὁ</em></span> <span class='ocrx_word' id='word_1_22' title='bbox 2997 411 3203 481; x_wconf 82' lang='grc' dir='ltr'><strong>ζητῶν,</strong></span> <span class='ocrx_word' id='word_1_23' title='bbox 3230 414 3325 465; x_wconf 75' lang='grc' dir='ltr'>καὶ</span> <span class='ocrx_word' id='word_1_24' title='bbox 3350 416 3548 482; x_wconf 77' lang='grc' dir='ltr'>κρίνων.</span> 
     </span>
    </p>
   </div>
   <div class='ocr_carea' id='block_1_6' title="bbox 337 497 1911 574">
    <p class='ocr_par' dir='ltr' id='par_1_6' title="bbox 337 497 1911 574">
     <span class='ocr_line' id='line_1_6' title="bbox 337 497 1911 574; baseline 0.004 -22"><span class='ocrx_word' id='word_1_25' title='bbox 337 508 423 552; x_wconf 84' lang='lat' dir='ltr'><strong>cat</strong></span> <span class='ocrx_word' id='word_1_26' title='bbox 455 497 523 557; x_wconf 74' lang='grc'><strong>⁸³.</strong></span> <span class='ocrx_word' id='word_1_27' title='bbox 556 497 764 564; x_wconf 63' lang='lat' dir='ltr'><strong>Quaerit</strong></span> <span class='ocrx_word' id='word_1_28' title='bbox 799 497 963 563; x_wconf 86' lang='lat' dir='ltr'><strong>Deus,</strong></span> <span class='ocrx_word' id='word_1_29' title='bbox 997 499 1085 567; x_wconf 89' lang='lat' dir='ltr'><strong>qui</strong></span> <span class='ocrx_word' id='word_1_30' title='bbox 1129 501 1287 557; x_wconf 91' lang='lat' dir='ltr'><strong>nobis</strong></span> <span class='ocrx_word' id='word_1_31' title='bbox 1316 517 1472 556; x_wconf 88' lang='lat' dir='ltr'><strong>suum</strong></span> <span class='ocrx_word' id='word_1_32' title='bbox 1515 504 1681 574; x_wconf 84' lang='lat' dir='ltr'><strong>ipsius</strong></span> <span class='ocrx_word' id='word_1_33' title='bbox 1711 501 1911 559; x_wconf 84' lang='lat' dir='ltr'><strong>Filium</strong></span> 
     </span>
    </p>
   </div>
   <div class='ocr_carea' id='block_1_7' title="bbox 336 587 1910 665">
    <p class='ocr_par' dir='ltr' id='par_1_7' title="bbox 336 587 1910 665">
     <span class='ocr_line' id='line_1_7' title="bbox 336 587 1910 665; baseline 0.006 -23"><span class='ocrx_word' id='word_1_34' title='bbox 336 588 505 655; x_wconf 90' lang='lat' dir='ltr'><strong>dedit,</strong></span> <span class='ocrx_word' id='word_1_35' title='bbox 536 587 589 641; x_wconf 92' lang='lat' dir='ltr'><strong>in</strong></span> <span class='ocrx_word' id='word_1_36' title='bbox 611 588 834 658; x_wconf 79' lang='lat' dir='ltr'><strong>singulis</strong></span> <span class='ocrx_word' id='word_1_37' title='bbox 860 589 951 659; x_wconf 90' lang='lat' dir='ltr'><strong>qui</strong></span> <span class='ocrx_word' id='word_1_38' title='bbox 977 605 1101 645; x_wconf 92' lang='lat' dir='ltr'><strong>eum</strong></span> <span class='ocrx_word' id='word_1_39' title='bbox 1135 592 1456 660; x_wconf 88' lang='lat' dir='ltr'><strong>receperint,</strong></span> <span class='ocrx_word' id='word_1_40' title='bbox 1488 593 1717 665; x_wconf 77' lang='lat' dir='ltr'><strong>gloriam</strong></span> <span class='ocrx_word' id='word_1_41' title='bbox 1748 595 1910 651; x_wconf 83' lang='lat' dir='ltr'><strong>Chri-</strong></span> 
     </span>
    </p>
   </div>
   <div class='ocr_carea' id='block_1_8' title="bbox 334 677 1910 753">
    <p class='ocr_par' dir='ltr' id='par_1_8' title="bbox 334 677 1910 753">
     <span class='ocr_line' id='line_1_8' title="bbox 334 677 1910 753; baseline 0.004 -23"><span class='ocrx_word' id='word_1_42' title='bbox 334 677 403 730; x_wconf 83' lang='lat' dir='ltr'><strong>sti</strong></span> <span class='ocrx_word' id='word_1_43' title='bbox 440 693 641 748; x_wconf 87' lang='lat' dir='ltr'><strong>:quam</strong></span> <span class='ocrx_word' id='word_1_44' title='bbox 669 677 890 747; x_wconf 83' lang='lat' dir='ltr'><strong>quidem</strong></span> <span class='ocrx_word' id='word_1_45' title='bbox 925 679 1165 734; x_wconf 85' lang='lat' dir='ltr'><strong>inveniet</strong></span> <span class='ocrx_word' id='word_1_46' title='bbox 1220 681 1273 734; x_wconf 90' lang='lat' dir='ltr'><strong>in</strong></span> <span class='ocrx_word' id='word_1_47' title='bbox 1328 681 1414 736; x_wconf 86' lang='lat' dir='ltr'><strong>bis</strong></span> <span class='ocrx_word' id='word_1_48' title='bbox 1443 681 1537 753; x_wconf 90' lang='lat' dir='ltr'><strong>qui</strong></span> <span class='ocrx_word' id='word_1_49' title='bbox 1585 684 1668 739; x_wconf 88' lang='lat' dir='ltr'><strong>sui</strong></span> <span class='ocrx_word' id='word_1_50' title='bbox 1721 699 1910 739; x_wconf 88' lang='lat' dir='ltr'><strong>curam</strong></span> 
     </span>
    </p>
   </div>
   <div class='ocr_carea' id='block_1_9' title="bbox 334 770 1912 842">
    <p class='ocr_par' dir='ltr' id='par_1_9' title="bbox 334 770 1912 842">
     <span class='ocr_line' id='line_1_9' title="bbox 334 770 1912 842; baseline 0.004 -18"><span class='ocrx_word' id='word_1_51' title='bbox 334 770 577 841; x_wconf 80' lang='lat' dir='ltr'><strong>egerint,</strong></span> <span class='ocrx_word' id='word_1_52' title='bbox 616 770 818 841; x_wconf 83' lang='lat' dir='ltr'><strong>quique</strong></span> <span class='ocrx_word' id='word_1_53' title='bbox 848 770 1138 842; x_wconf 74' lang='lat' dir='ltr'><strong>diligenter</strong></span> <span class='ocrx_word' id='word_1_54' title='bbox 1167 774 1426 829; x_wconf 75' lang='lat' dir='ltr'><strong>excolunt</strong></span> <span class='ocrx_word' id='word_1_55' title='bbox 1457 784 1654 829; x_wconf 88' lang='lat' dir='ltr'><strong>natura</strong></span> <span class='ocrx_word' id='word_1_56' title='bbox 1691 776 1794 831; x_wconf 84' lang='lat' dir='ltr'><strong>sibi</strong></span> <span class='ocrx_word' id='word_1_57' title='bbox 1827 776 1912 832; x_wconf 84' lang='lat' dir='ltr'><strong>in-</strong></span> 
     </span>
    </p>
   </div>
   <div class='ocr_carea' id='block_1_10' title="bbox 334 865 1913 936">
    <p class='ocr_par' dir='ltr' id='par_1_10' title="bbox 334 865 1913 936">
     <span class='ocr_line' id='line_1_10' title="bbox 334 865 1913 936; baseline 0.004 -17"><span class='ocrx_word' id='word_1_58' title='bbox 334 865 549 931; x_wconf 74' lang='lat' dir='ltr'><strong>genitas</strong></span> <span class='ocrx_word' id='word_1_59' title='bbox 580 867 648 919; x_wconf 84' lang='lat' dir='ltr'><strong>ad</strong></span> <span class='ocrx_word' id='word_1_60' title='bbox 685 866 941 920; x_wconf 74' lang='lat' dir='ltr'><strong>virtutem</strong></span> <span class='ocrx_word' id='word_1_61' title='bbox 973 880 1166 921; x_wconf 89' lang='lat' dir='ltr'><strong>causas</strong></span> <span class='ocrx_word' id='word_1_62' title='bbox 1195 887 1208 922; x_wconf 91' lang='lat'>:</span> <span class='ocrx_word' id='word_1_63' title='bbox 1248 866 1484 936; x_wconf 85' lang='lat' dir='ltr'><strong>alioquin</strong></span> <span class='ocrx_word' id='word_1_64' title='bbox 1518 869 1655 925; x_wconf 86' lang='lat' dir='ltr'><strong>hanc</strong></span> <span class='ocrx_word' id='word_1_65' title='bbox 1690 886 1796 926; x_wconf 90' lang='lat' dir='ltr'><strong>non</strong></span> <span class='ocrx_word' id='word_1_66' title='bbox 1829 873 1913 926; x_wconf 85' lang='lat' dir='ltr'><strong>in-</strong></span> 
     </span>
    </p>
   </div>
   <div class='ocr_carea' id='block_1_11' title="bbox 338 955 1908 1026">
    <p class='ocr_par' dir='ltr' id='par_1_11' title="bbox 338 955 1908 1026">
     <span class='ocr_line' id='line_1_11' title="bbox 338 955 1908 1026; baseline 0.006 -18"><span class='ocrx_word' id='word_1_67' title='bbox 338 965 601 1010; x_wconf 86' lang='lat' dir='ltr'><strong>venturus</strong></span> <span class='ocrx_word' id='word_1_68' title='bbox 629 956 683 1010; x_wconf 89' lang='lat' dir='ltr'><strong>in</strong></span> <span class='ocrx_word' id='word_1_69' title='bbox 712 956 800 1011; x_wconf 88' lang='lat' dir='ltr'><strong>his</strong></span> <span class='ocrx_word' id='word_1_70' title='bbox 824 956 916 1026; x_wconf 89' lang='lat' dir='ltr'><strong>qui</strong></span> <span class='ocrx_word' id='word_1_71' title='bbox 957 955 1263 1024; x_wconf 81' lang='lat' dir='ltr'><strong>bujusmodi</strong></span> <span class='ocrx_word' id='word_1_72' title='bbox 1303 974 1407 1013; x_wconf 92' lang='lat' dir='ltr'><strong>non</strong></span> <span class='ocrx_word' id='word_1_73' title='bbox 1441 958 1639 1016; x_wconf 79' lang='lat' dir='ltr'><strong>fuerint</strong></span> <span class='ocrx_word' id='word_1_74' title='bbox 1665 980 1678 1015; x_wconf 87' lang='lat'>:</span> <span class='ocrx_word' id='word_1_75' title='bbox 1718 971 1774 1018; x_wconf 88' lang='lat' dir='ltr'><strong>et</strong></span> <span class='ocrx_word' id='word_1_76' title='bbox 1802 976 1908 1018; x_wconf 93' lang='lat' dir='ltr'><strong>non</strong></span> 
     </span>
    </p>
   </div>
   <div class='ocr_carea' id='block_1_12' title="bbox 336 1047 1911 1122">
    <p class='ocr_par' dir='ltr' id='par_1_12' title="bbox 336 1047 1911 1122">
     <span class='ocr_line' id='line_1_12' title="bbox 336 1047 1911 1122; baseline 0.004 -21"><span class='ocrx_word' id='word_1_77' title='bbox 336 1048 644 1110; x_wconf 81' lang='lat' dir='ltr'><strong>inveniens,</strong></span> <span class='ocrx_word' id='word_1_78' title='bbox 663 1047 871 1118; x_wconf 71' lang='lat' dir='ltr'><strong>iudicat</strong></span> <span class='ocrx_word' id='word_1_79' title='bbox 894 1061 988 1101; x_wconf 88' lang='lat' dir='ltr'><strong>eos</strong></span> <span class='ocrx_word' id='word_1_80' title='bbox 1018 1047 1072 1101; x_wconf 93' lang='lat' dir='ltr'><strong>in</strong></span> <span class='ocrx_word' id='word_1_81' title='bbox 1095 1048 1292 1117; x_wconf 84' lang='lat' dir='ltr'><strong>quibus</strong></span> <span class='ocrx_word' id='word_1_82' title='bbox 1326 1064 1430 1105; x_wconf 91' lang='lat' dir='ltr'><strong>non</strong></span> <span class='ocrx_word' id='word_1_83' title='bbox 1454 1050 1658 1107; x_wconf 84' lang='lat' dir='ltr'><strong>invenit</strong></span> <span class='ocrx_word' id='word_1_84' title='bbox 1684 1051 1911 1122; x_wconf 79' lang='lat' dir='ltr'><strong>gloriam</strong></span> 
     </span>
    </p>
   </div>
   <div class='ocr_carea' id='block_1_13' title="bbox 335 1135 1912 1210">
    <p class='ocr_par' dir='ltr' id='par_1_13' title="bbox 335 1135 1912 1210">
     <span class='ocr_line' id='line_1_13' title="bbox 335 1135 1912 1210; baseline 0.004 -18"><span class='ocrx_word' id='word_1_85' title='bbox 335 1135 459 1192; x_wconf 81' lang='lat' dir='ltr'><strong>Filii</strong></span> <span class='ocrx_word' id='word_1_86' title='bbox 486 1138 590 1205; x_wconf 81' lang='lat' dir='ltr'><strong>sui,</strong></span> <span class='ocrx_word' id='word_1_87' title='bbox 621 1137 687 1194; x_wconf 90' lang='lat' dir='ltr'><strong>ad</strong></span> <span class='ocrx_word' id='word_1_88' title='bbox 712 1151 848 1206; x_wconf 79' lang='lat' dir='ltr'><strong>quos</strong></span> <span class='ocrx_word' id='word_1_89' title='bbox 866 1137 1011 1194; x_wconf 91' lang='lat' dir='ltr'><strong>dicet</strong></span> <span class='ocrx_word' id='word_1_90' title='bbox 1031 1156 1044 1192; x_wconf 91' lang='lat'><strong>:</strong></span> <span class='ocrx_word' id='word_1_91' title='bbox 1068 1137 1170 1192; x_wconf 85' lang='lat' dir='ltr'><strong>Per</strong></span> <span class='ocrx_word' id='word_1_92' title='bbox 1193 1155 1279 1194; x_wconf 74' lang='lat' dir='ltr'><strong>vos</strong></span> <span class='ocrx_word' id='word_1_93' title='bbox 1302 1141 1503 1210; x_wconf 84' lang='lat' dir='ltr'><strong>jugiter</strong></span> <span class='ocrx_word' id='word_1_94' title='bbox 1532 1158 1719 1197; x_wconf 79' lang='lat' dir='ltr'><strong>nomen</strong></span> <span class='ocrx_word' id='word_1_95' title='bbox 1739 1159 1912 1198; x_wconf 81' lang='lat' dir='ltr'><strong>meum</strong></span> 
     </span>
    </p>
   </div>
   <div class='ocr_carea' id='block_1_14' title="bbox 336 1229 1912 1306">
    <p class='ocr_par' dir='ltr' id='par_1_14' title="bbox 336 1229 1912 1306">
     <span class='ocr_line' id='line_1_14' title="bbox 336 1229 1912 1306; baseline 0.005 -22"><span class='ocrx_word' id='word_1_96' title='bbox 336 1229 476 1285; x_wconf 84' lang='lat' dir='ltr'><strong>male</strong></span> <span class='ocrx_word' id='word_1_97' title='bbox 501 1231 649 1284; x_wconf 87' lang='lat' dir='ltr'><strong>audit</strong></span> <span class='ocrx_word' id='word_1_98' title='bbox 680 1230 816 1284; x_wconf 85' lang='lat' dir='ltr'><strong>inter</strong></span> <span class='ocrx_word' id='word_1_99' title='bbox 847 1241 1022 1301; x_wconf 82' lang='lat' dir='ltr'><strong>gentes</strong></span> <span class='ocrx_word' id='word_1_100' title='bbox 1048 1230 1114 1284; x_wconf 69' lang='grc'><strong>⁸⁸.</strong></span> <span class='ocrx_word' id='word_1_101' title='bbox 1142 1232 1498 1287; x_wconf 80' lang='lat' dir='ltr'><strong>Adduhitabit</strong></span> <span class='ocrx_word' id='word_1_102' title='bbox 1524 1233 1689 1288; x_wconf 86' lang='lat' dir='ltr'><strong>etiam</strong></span> <span class='ocrx_word' id='word_1_103' title='bbox 1711 1234 1912 1306; x_wconf 85' lang='lat' dir='ltr'><strong>aliquis</strong></span> 
     </span>
    </p>
   </div>
   <div class='ocr_carea' id='block_1_15' title="bbox 338 1320 1911 1394">
    <p class='ocr_par' dir='ltr' id='par_1_15' title="bbox 338 1320 1911 1394">
     <span class='ocr_line' id='line_1_15' title="bbox 338 1320 1911 1394; baseline 0.003 -18"><span class='ocrx_word' id='word_1_104' title='bbox 338 1333 557 1393; x_wconf 90' lang='lat' dir='ltr'><strong>propter</strong></span> <span class='ocrx_word' id='word_1_105' title='bbox 573 1323 674 1378; x_wconf 85' lang='lat' dir='ltr'><strong>huc</strong></span> <span class='ocrx_word' id='word_1_106' title='bbox 702 1342 715 1377; x_wconf 93' lang='lat'><strong>:</strong></span> <span class='ocrx_word' id='word_1_107' title='bbox 741 1320 835 1377; x_wconf 79' lang='lat' dir='ltr'><strong>Est</strong></span> <span class='ocrx_word' id='word_1_108' title='bbox 867 1325 954 1392; x_wconf 86' lang='lat' dir='ltr'><strong>qui</strong></span> <span class='ocrx_word' id='word_1_109' title='bbox 974 1325 1156 1394; x_wconf 74' lang='lat' dir='ltr'><strong>quan-it</strong></span> <span class='ocrx_word' id='word_1_110' title='bbox 1175 1332 1223 1377; x_wconf 86' lang='lat' dir='ltr'><strong>et</strong></span> <span class='ocrx_word' id='word_1_111' title='bbox 1245 1324 1478 1392; x_wconf 81' lang='lat' dir='ltr'><strong>judicat.</strong></span> <span class='ocrx_word' id='word_1_112' title='bbox 1509 1341 1635 1379; x_wconf 87' lang='lat' dir='ltr'><strong>num</strong></span> <span class='ocrx_word' id='word_1_113' title='bbox 1660 1327 1724 1381; x_wconf 87' lang='lat' dir='ltr'><strong>ad</strong></span> <span class='ocrx_word' id='word_1_114' title='bbox 1747 1327 1911 1382; x_wconf 87' lang='lat' dir='ltr'><strong>Deum</strong></span> 
     </span>
    </p>
   </div>
   <div class='ocr_carea' id='block_1_16' title="bbox 336 1414 1908 1486">
    <p class='ocr_par' dir='ltr' id='par_1_16' title="bbox 336 1414 1908 1486">
     <span class='ocr_line' id='line_1_16' title="bbox 336 1414 1908 1486; baseline 0.004 -17"><span class='ocrx_word' id='word_1_115' title='bbox 336 1414 529 1470; x_wconf 83' lang='lat' dir='ltr'><strong>referri</strong></span> <span class='ocrx_word' id='word_1_116' title='bbox 563 1415 666 1471; x_wconf 90' lang='lat' dir='ltr'><strong>hoc</strong></span> <span class='ocrx_word' id='word_1_117' title='bbox 697 1431 834 1484; x_wconf 89' lang='lat' dir='ltr'><strong>opus</strong></span> <span class='ocrx_word' id='word_1_118' title='bbox 860 1416 952 1482; x_wconf 87' lang='lat' dir='ltr'><strong>sit,</strong></span> <span class='ocrx_word' id='word_1_119' title='bbox 1000 1431 1123 1471; x_wconf 88' lang='lat' dir='ltr'><strong>cum</strong></span> <span class='ocrx_word' id='word_1_120' title='bbox 1153 1415 1329 1486; x_wconf 83' lang='lat' dir='ltr'><strong>palam</strong></span> <span class='ocrx_word' id='word_1_121' title='bbox 1361 1417 1563 1472; x_wconf 76' lang='lat' dir='ltr'><strong>dixerit</strong></span> <span class='ocrx_word' id='word_1_122' title='bbox 1601 1416 1862 1474; x_wconf 84' lang='lat' dir='ltr'><strong>Servator</strong></span> <span class='ocrx_word' id='word_1_123' title='bbox 1894 1440 1908 1475; x_wconf 89' lang='lat'><strong>:</strong></span> 
     </span>
    </p>
   </div>
   <div class='ocr_carea' id='block_1_17' title="bbox 335 1500 1913 1581">
    <p class='ocr_par' dir='ltr' id='par_1_17' title="bbox 335 1500 1913 1581">
     <span class='ocr_line' id='line_1_17' title="bbox 335 1500 1913 1581; baseline 0.004 -22"><span class='ocrx_word' id='word_1_124' title='bbox 335 1500 516 1575; x_wconf 81' lang='lat' dir='ltr'><strong>Neque</strong></span> <span class='ocrx_word' id='word_1_125' title='bbox 546 1507 685 1560; x_wconf 83' lang='lat' dir='ltr'><strong>enim</strong></span> <span class='ocrx_word' id='word_1_126' title='bbox 710 1505 875 1563; x_wconf 82' lang='lat' dir='ltr'><strong>Pater</strong></span> <span class='ocrx_word' id='word_1_127' title='bbox 902 1523 1215 1578; x_wconf 67' lang='lat' dir='ltr'><strong>quamquam</strong></span> <span class='ocrx_word' id='word_1_128' title='bbox 1249 1508 1487 1578; x_wconf 83' lang='lat' dir='ltr'><strong>judicat,</strong></span> <span class='ocrx_word' id='word_1_129' title='bbox 1533 1510 1624 1563; x_wconf 72' lang='lat' dir='ltr'><strong>sed</strong></span> <span class='ocrx_word' id='word_1_130' title='bbox 1648 1525 1802 1564; x_wconf 78' lang='lat' dir='ltr'><strong>omne</strong></span> <span class='ocrx_word' id='word_1_131' title='bbox 1817 1511 1913 1581; x_wconf 84' lang='lat' dir='ltr'><strong>ju-&#39;-</strong></span> 
     </span>
    </p>
   </div>
   <div class='ocr_carea' id='block_1_18' title="bbox 337 1596 1909 1670">
    <p class='ocr_par' dir='ltr' id='par_1_18' title="bbox 337 1596 1909 1670">
     <span class='ocr_line' id='line_1_18' title="bbox 337 1596 1909 1670; baseline 0.004 -18"><span class='ocrx_word' id='word_1_132' title='bbox 337 1600 535 1653; x_wconf 87' lang='lat' dir='ltr'><strong>dicium</strong></span> <span class='ocrx_word' id='word_1_133' title='bbox 572 1599 715 1652; x_wconf 77' lang='lat' dir='ltr'><strong>dedit</strong></span> <span class='ocrx_word' id='word_1_134' title='bbox 749 1596 896 1655; x_wconf 86' lang='lat' dir='ltr'><strong>Filio</strong></span> <span class='ocrx_word' id='word_1_135' title='bbox 923 1616 1037 1657; x_wconf 77' lang='lat' dir='ltr'><strong>suo.</strong></span> <span class='ocrx_word' id='word_1_136' title='bbox 1082 1611 1136 1654; x_wconf 87' lang='lat' dir='ltr'><strong>ut</strong></span> <span class='ocrx_word' id='word_1_137' title='bbox 1171 1617 1346 1656; x_wconf 76' lang='lat' dir='ltr'><strong>omnes</strong></span> <span class='ocrx_word' id='word_1_138' title='bbox 1371 1601 1623 1658; x_wconf 82' lang='lat' dir='ltr'><strong>honorent</strong></span> <span class='ocrx_word' id='word_1_139' title='bbox 1668 1601 1909 1670; x_wconf 53' lang='lat' dir='ltr'><strong>Filium,</strong></span> 
     </span>
    </p>
   </div>
   <div class='ocr_carea' id='block_1_19' title="bbox 336 1690 1910 1753">
    <p class='ocr_par' dir='ltr' id='par_1_19' title="bbox 336 1690 1910 1753">
     <span class='ocr_line' id='line_1_19' title="bbox 336 1690 1910 1753; baseline 0.002 -7"><span class='ocrx_word' id='word_1_140' title='bbox 336 1693 469 1747; x_wconf 74' lang='lat' dir='ltr'><strong>sicut</strong></span> <span class='ocrx_word' id='word_1_141' title='bbox 521 1690 786 1747; x_wconf 83' lang='lat' dir='ltr'><strong>honorant</strong></span> <span class='ocrx_word' id='word_1_142' title='bbox 839 1690 1058 1747; x_wconf 87' lang='lat' dir='ltr'><strong>Patrem</strong></span> <span class='ocrx_word' id='word_1_143' title='bbox 1080 1693 1145 1746; x_wconf 82' lang='grc' dir='ltr'><strong>⁷ο.</strong></span> <span class='ocrx_word' id='word_1_144' title='bbox 1184 1696 1255 1748; x_wconf 85' lang='lat' dir='ltr'><strong>At</strong></span> <span class='ocrx_word' id='word_1_145' title='bbox 1304 1695 1426 1751; x_wconf 83' lang='lat' dir='ltr'><strong>vide</strong></span> <span class='ocrx_word' id='word_1_146' title='bbox 1472 1711 1540 1751; x_wconf 91' lang='lat' dir='ltr'><strong>an</strong></span> <span class='ocrx_word' id='word_1_147' title='bbox 1581 1697 1648 1751; x_wconf 88' lang='lat' dir='ltr'><strong>ad</strong></span> <span class='ocrx_word' id='word_1_148' title='bbox 1685 1698 1791 1753; x_wconf 83' lang='lat' dir='ltr'><strong>hoc</strong></span> <span class='ocrx_word' id='word_1_149' title='bbox 1834 1698 1910 1750; x_wconf 90' lang='lat' dir='ltr'><strong>uti</strong></span> 
     </span>
    </p>
   </div>
   <div class='ocr_carea' id='block_1_20' title="bbox 2020 500 3555 579">
    <p class='ocr_par' dir='ltr' id='par_1_20' title="bbox 2020 500 3555 579">
     <span class='ocr_line' id='line_1_20' title="bbox 2020 500 3555 579; baseline 0.003 -23"><span class='ocrx_word' id='word_1_150' title='bbox 2020 504 2182 572; x_wconf 88' lang='grc' dir='ltr'>Ζητεῖ</span> <span class='ocrx_word' id='word_1_151' title='bbox 2210 502 2239 554; x_wconf 86' lang='grc' dir='ltr'><strong>ὁ</strong></span> <span class='ocrx_word' id='word_1_152' title='bbox 2267 500 2417 567; x_wconf 78' lang='grc' dir='ltr'>Θεὸς,</span> <span class='ocrx_word' id='word_1_153' title='bbox 2443 501 2566 566; x_wconf 79' lang='grc' dir='ltr'>δοὺς</span> <span class='ocrx_word' id='word_1_154' title='bbox 2592 504 2724 573; x_wconf 78' lang='grc' dir='ltr'><strong>ἡμῖν</strong></span> <span class='ocrx_word' id='word_1_155' title='bbox 2754 502 2844 556; x_wconf 82' lang='grc' dir='ltr'><strong>τὸν</strong></span> <span class='ocrx_word' id='word_1_156' title='bbox 2879 502 3004 557; x_wconf 75' lang='grc' dir='ltr'>Υἱὸν</span> <span class='ocrx_word' id='word_1_157' title='bbox 3037 503 3250 568; x_wconf 79' lang='grc' dir='ltr'>ἑαυτοῦ,</span> <span class='ocrx_word' id='word_1_158' title='bbox 3293 504 3352 557; x_wconf 81' lang='grc' dir='ltr'>ἐν</span> <span class='ocrx_word' id='word_1_159' title='bbox 3379 505 3555 579; x_wconf 77' lang='grc' dir='ltr'>ἑκάστῳ</span> 
     </span>
    </p>
   </div>
   <div class='ocr_carea' id='block_1_21' title="bbox 2018 594 3557 669">
    <p class='ocr_par' dir='ltr' id='par_1_21' title="bbox 2018 594 3557 669">
     <span class='ocr_line' id='line_1_21' title="bbox 2018 594 3557 669; baseline 0.004 -21"><span class='ocrx_word' id='word_1_160' title='bbox 2018 594 2126 649; x_wconf 85' lang='grc' dir='ltr'><strong>τῶν</strong></span> <span class='ocrx_word' id='word_1_161' title='bbox 2150 594 2444 666; x_wconf 76' lang='grc' dir='ltr'><strong>εἰληφότων</strong></span> <span class='ocrx_word' id='word_1_162' title='bbox 2467 595 2651 660; x_wconf 77' lang='grc' dir='ltr'>αὐτὸν,</span> <span class='ocrx_word' id='word_1_163' title='bbox 2679 595 2778 667; x_wconf 75' lang='grc' dir='ltr'>τὴν</span> <span class='ocrx_word' id='word_1_164' title='bbox 2802 594 2959 659; x_wconf 80' lang='grc' dir='ltr'>δόξαν</span> <span class='ocrx_word' id='word_1_165' title='bbox 2984 594 3079 649; x_wconf 83' lang='grc' dir='ltr'>τοῦ</span> <span class='ocrx_word' id='word_1_166' title='bbox 3110 595 3346 667; x_wconf 85' lang='grc' dir='ltr'>Χριστοῦ</span> <span class='ocrx_word' id='word_1_167' title='bbox 3363 614 3374 627; x_wconf 92' lang='grc'><strong>·</strong></span> <span class='ocrx_word' id='word_1_168' title='bbox 3403 599 3557 669; x_wconf 77' lang='grc' dir='ltr'>ἥντινα</span> 
     </span>
    </p>
   </div>
   <div class='ocr_carea' id='block_1_22' title="bbox 2018 686 3557 763">
    <p class='ocr_par' dir='ltr' id='par_1_22' title="bbox 2018 686 3557 763">
     <span class='ocr_line' id='line_1_22' title="bbox 2018 686 3557 763; baseline 0.002 -22"><span class='ocrx_word' id='word_1_169' title='bbox 2018 689 2240 760; x_wconf 84' lang='grc' dir='ltr'><strong>εὑρήσει</strong></span> <span class='ocrx_word' id='word_1_170' title='bbox 2268 687 2366 760; x_wconf 79' lang='grc' dir='ltr'><strong>μὲν</strong></span> <span class='ocrx_word' id='word_1_171' title='bbox 2385 689 2443 742; x_wconf 81' lang='grc' dir='ltr'><strong>ὲν</strong></span> <span class='ocrx_word' id='word_1_172' title='bbox 2466 690 2579 751; x_wconf 79' lang='grc' dir='ltr'>τοῖς</span> <span class='ocrx_word' id='word_1_173' title='bbox 2599 686 3046 760; x_wconf 74' lang='grc' dir='ltr'>ἐπιμελουμένοις</span> <span class='ocrx_word' id='word_1_174' title='bbox 3064 687 3292 751; x_wconf 80' lang='grc' dir='ltr'><strong>ἑαυτῶν,</strong></span> <span class='ocrx_word' id='word_1_175' title='bbox 3327 690 3417 744; x_wconf 74' lang='grc' dir='ltr'><strong>καὶ</strong></span> <span class='ocrx_word' id='word_1_176' title='bbox 3434 690 3557 763; x_wconf 80' lang='grc' dir='ltr'>ἐξερ-</span> 
     </span>
    </p>
   </div>
   <div class='ocr_carea' id='block_1_23' title="bbox 2017 778 3557 854">
    <p class='ocr_par' dir='ltr' id='par_1_23' title="bbox 2017 778 3557 854">
     <span class='ocr_line' id='line_1_23' title="bbox 2017 778 3557 854; baseline -0.001 -19"><span class='ocrx_word' id='word_1_177' title='bbox 2017 778 2343 851; x_wconf 77' lang='grc' dir='ltr'>γαζομένοις</span> <span class='ocrx_word' id='word_1_178' title='bbox 2374 778 2475 847; x_wconf 83' lang='grc' dir='ltr'>τὰς</span> <span class='ocrx_word' id='word_1_179' title='bbox 2503 778 3071 849; x_wconf 67' lang='grc' dir='ltr'>ὲγκαταφυτευθείσας</span> <span class='ocrx_word' id='word_1_180' title='bbox 3116 780 3202 831; x_wconf 77' lang='grc' dir='ltr'><strong>ἐπ’</strong></span> <span class='ocrx_word' id='word_1_181' title='bbox 3235 779 3401 852; x_wconf 81' lang='grc' dir='ltr'>ἀρετῇ</span> <span class='ocrx_word' id='word_1_182' title='bbox 3426 781 3557 854; x_wconf 55' lang='lat' dir='ltr'><strong>agap-</strong></span> 
     </span>
    </p>
   </div>
   <div class='ocr_carea' id='block_1_24' title="bbox 2022 868 3560 943">
    <p class='ocr_par' dir='ltr' id='par_1_24' title="bbox 2022 868 3560 943">
     <span class='ocr_line' id='line_1_24' title="bbox 2022 868 3560 943; baseline -0.001 -19"><span class='ocrx_word' id='word_1_183' title='bbox 2022 871 2129 938; x_wconf 82' lang='grc' dir='ltr'>μάς</span> <span class='ocrx_word' id='word_1_184' title='bbox 2152 889 2166 901; x_wconf 80' lang='grc'><strong>’</strong></span> <span class='ocrx_word' id='word_1_185' title='bbox 2197 872 2297 943; x_wconf 77' lang='grc' dir='ltr'>οὐχ</span> <span class='ocrx_word' id='word_1_186' title='bbox 2343 871 2565 942; x_wconf 80' lang='grc' dir='ltr'>εὑρήσει</span> <span class='ocrx_word' id='word_1_187' title='bbox 2593 868 2650 923; x_wconf 84' lang='grc' dir='ltr'>δὲ</span> <span class='ocrx_word' id='word_1_188' title='bbox 2690 871 2749 923; x_wconf 85' lang='grc' dir='ltr'>ὲν</span> <span class='ocrx_word' id='word_1_189' title='bbox 2791 872 2903 934; x_wconf 84' lang='grc' dir='ltr'>τοῖς</span> <span class='ocrx_word' id='word_1_190' title='bbox 2936 868 3011 941; x_wconf 82' lang='grc' dir='ltr'><strong>μὴ</strong></span> <span class='ocrx_word' id='word_1_191' title='bbox 3057 869 3350 934; x_wconf 79' lang='grc' dir='ltr'><strong>τοιούτοις·</strong></span> <span class='ocrx_word' id='word_1_192' title='bbox 3392 870 3560 942; x_wconf 75' lang='grc' dir='ltr'>καὶμὴ</span> 
     </span>
    </p>
   </div>
   <div class='ocr_carea' id='block_1_25' title="bbox 2018 955 3559 1035">
    <p class='ocr_par' dir='ltr' id='par_1_25' title="bbox 2018 955 3559 1035">
     <span class='ocr_line' id='line_1_25' title="bbox 2018 955 3559 1035; baseline -0.001 -20"><span class='ocrx_word' id='word_1_193' title='bbox 2018 962 2288 1035; x_wconf 75' lang='grc' dir='ltr'><strong>εὑρίσκων</strong></span> <span class='ocrx_word' id='word_1_194' title='bbox 2322 961 2495 1032; x_wconf 86' lang='grc' dir='ltr'>κρίνει</span> <span class='ocrx_word' id='word_1_195' title='bbox 2523 960 2762 1025; x_wconf 82' lang='grc' dir='ltr'>ἐκείνους</span> <span class='ocrx_word' id='word_1_196' title='bbox 2786 962 2846 1013; x_wconf 80' lang='grc' dir='ltr'><strong>ἑν</strong></span> <span class='ocrx_word' id='word_1_197' title='bbox 2876 955 2959 1025; x_wconf 74' lang='grc' dir='ltr'>οἷς</span> <span class='ocrx_word' id='word_1_198' title='bbox 2983 960 3080 1031; x_wconf 80' lang='grc' dir='ltr'>οὐχ</span> <span class='ocrx_word' id='word_1_199' title='bbox 3117 961 3359 1033; x_wconf 80' lang='grc' dir='ltr'>εὑρίσκει</span> <span class='ocrx_word' id='word_1_200' title='bbox 3380 961 3468 1032; x_wconf 73' lang='grc' dir='ltr'><strong>τὴν</strong></span> <span class='ocrx_word' id='word_1_201' title='bbox 3492 961 3559 1014; x_wconf 78' lang='grc' dir='ltr'><strong>δό-</strong></span> 
     </span>
    </p>
   </div>
   <div class='ocr_carea' id='block_1_26' title="bbox 2020 1048 3562 1123">
    <p class='ocr_par' dir='ltr' id='par_1_26' title="bbox 2020 1048 3562 1123">
     <span class='ocr_line' id='line_1_26' title="bbox 2020 1048 3562 1123; baseline -0.001 -17"><span class='ocrx_word' id='word_1_202' title='bbox 2020 1052 2116 1118; x_wconf 79' lang='grc' dir='ltr'><strong>ξαν</strong></span> <span class='ocrx_word' id='word_1_203' title='bbox 2146 1050 2240 1106; x_wconf 77' lang='grc' dir='ltr'>τοῦ</span> <span class='ocrx_word' id='word_1_204' title='bbox 2269 1050 2398 1106; x_wconf 86' lang='grc' dir='ltr'><strong>Υίοῦ</strong></span> <span class='ocrx_word' id='word_1_205' title='bbox 2427 1051 2642 1116; x_wconf 82' lang='grc' dir='ltr'>ἑαυτοῦ,</span> <span class='ocrx_word' id='word_1_206' title='bbox 2683 1051 2821 1123; x_wconf 83' lang='grc' dir='ltr'>πρὸς</span> <span class='ocrx_word' id='word_1_207' title='bbox 2849 1049 2942 1115; x_wconf 81' lang='grc' dir='ltr'><strong>οὓς</strong></span> <span class='ocrx_word' id='word_1_208' title='bbox 2977 1053 3092 1122; x_wconf 80' lang='grc' dir='ltr'>ἐρεῖ</span> <span class='ocrx_word' id='word_1_209' title='bbox 3112 1057 3127 1081; x_wconf 68' lang='grc' dir='ltr'><em>δ</em></span> <span class='ocrx_word' id='word_1_210' title='bbox 3166 1051 3246 1103; x_wconf 84' lang='grc' dir='ltr'><strong>Δι’</strong></span> <span class='ocrx_word' id='word_1_211' title='bbox 3284 1048 3433 1120; x_wconf 77' lang='grc' dir='ltr'><strong>ὑμᾶς</strong></span> <span class='ocrx_word' id='word_1_212' title='bbox 3465 1051 3562 1105; x_wconf 76' lang='grc' dir='ltr'>δια·</span> 
     </span>
    </p>
   </div>
   <div class='ocr_carea' id='block_1_27' title="bbox 2019 1141 3564 1215">
    <p class='ocr_par' dir='ltr' id='par_1_27' title="bbox 2019 1141 3564 1215">
     <span class='ocr_line' id='line_1_27' title="bbox 2019 1141 3564 1215; baseline -0.001 -17"><span class='ocrx_word' id='word_1_213' title='bbox 2019 1145 2246 1211; x_wconf 78' lang='grc' dir='ltr'>παντὸς</span> <span class='ocrx_word' id='word_1_214' title='bbox 2266 1146 2330 1199; x_wconf 84' lang='grc' dir='ltr'>τὸ</span> <span class='ocrx_word' id='word_1_215' title='bbox 2363 1143 2552 1215; x_wconf 78' lang='grc' dir='ltr'><em>ὄνομά</em></span> <span class='ocrx_word' id='word_1_216' title='bbox 2577 1162 2697 1215; x_wconf 84' lang='grc' dir='ltr'>μου</span> <span class='ocrx_word' id='word_1_217' title='bbox 2722 1143 3173 1214; x_wconf 63' lang='grc' dir='ltr'><strong>,βλασφημεῖται</strong></span> <span class='ocrx_word' id='word_1_218' title='bbox 3195 1143 3268 1197; x_wconf 78' lang='grc' dir='ltr'><strong>ἐν</strong></span> <span class='ocrx_word' id='word_1_219' title='bbox 3291 1141 3410 1209; x_wconf 82' lang='grc' dir='ltr'>τοῖς</span> <span class='ocrx_word' id='word_1_220' title='bbox 3430 1143 3564 1197; x_wconf 68' lang='grc' dir='ltr'><strong>ἔθνει</strong></span> 
     </span>
    </p>
   </div>
   <div class='ocr_carea' id='block_1_28' title="bbox 2017 1233 3563 1308">
    <p class='ocr_par' dir='ltr' id='par_1_28' title="bbox 2017 1233 3563 1308">
     <span class='ocr_line' id='line_1_28' title="bbox 2017 1233 3563 1308; baseline -0.003 -16"><span class='ocrx_word' id='word_1_221' title='bbox 2017 1254 2142 1292; x_wconf 76' lang='grc' dir='ltr'><em>σιν.</em></span> <span class='ocrx_word' id='word_1_222' title='bbox 2191 1238 2568 1308; x_wconf 82' lang='grc' dir='ltr'>Ἐπαπορήσαι</span> <span class='ocrx_word' id='word_1_223' title='bbox 2592 1236 2637 1289; x_wconf 80' lang='grc' dir='ltr'><strong>δ’</strong></span> <span class='ocrx_word' id='word_1_224' title='bbox 2660 1235 2725 1291; x_wconf 74' lang='grc' dir='ltr'>ἄν</span> <span class='ocrx_word' id='word_1_225' title='bbox 2753 1253 2834 1300; x_wconf 85' lang='grc' dir='ltr'><strong>τις</strong></span> <span class='ocrx_word' id='word_1_226' title='bbox 2860 1234 2949 1288; x_wconf 79' lang='grc' dir='ltr'><strong>διὰ</strong></span> <span class='ocrx_word' id='word_1_227' title='bbox 2974 1235 3064 1289; x_wconf 73' lang='grc' dir='ltr'>τόο</span> <span class='ocrx_word' id='word_1_228' title='bbox 3099 1237 3316 1289; x_wconf 76' lang='grc' dir='ltr'>Ἔστιν</span> <span class='ocrx_word' id='word_1_229' title='bbox 3338 1238 3370 1290; x_wconf 86' lang='lat' dir='ltr'><strong>d</strong></span> <span class='ocrx_word' id='word_1_230' title='bbox 3392 1233 3563 1303; x_wconf 66' lang='grc' dir='ltr'>ὀρτῶν,</span> 
     </span>
    </p>
   </div>
   <div class='ocr_carea' id='block_1_29' title="bbox 2019 1327 3563 1401">
    <p class='ocr_par' dir='ltr' id='par_1_29' title="bbox 2019 1327 3563 1401">
     <span class='ocr_line' id='line_1_29' title="bbox 2019 1327 3563 1401; baseline -0.001 -18"><span class='ocrx_word' id='word_1_231' title='bbox 2019 1329 2118 1384; x_wconf 78' lang='grc' dir='ltr'>καὶ</span> <span class='ocrx_word' id='word_1_232' title='bbox 2141 1329 2381 1398; x_wconf 75' lang='grc' dir='ltr'>κρίνων,</span> <span class='ocrx_word' id='word_1_233' title='bbox 2432 1332 2481 1383; x_wconf 80' lang='grc' dir='ltr'>εἰ</span> <span class='ocrx_word' id='word_1_234' title='bbox 2507 1329 2614 1401; x_wconf 81' lang='grc' dir='ltr'><strong>χρὴ</strong></span> <span class='ocrx_word' id='word_1_235' title='bbox 2648 1328 2806 1383; x_wconf 85' lang='grc' dir='ltr'>τοῦτο</span> <span class='ocrx_word' id='word_1_236' title='bbox 2848 1328 3142 1400; x_wconf 76' lang='grc' dir='ltr'>ἀναφέρειν</span> <span class='ocrx_word' id='word_1_237' title='bbox 3192 1327 3287 1381; x_wconf 76' lang='grc' dir='ltr'>ἐπὶ</span> <span class='ocrx_word' id='word_1_238' title='bbox 3316 1327 3404 1380; x_wconf 80' lang='grc' dir='ltr'><strong>τὸν</strong></span> <span class='ocrx_word' id='word_1_239' title='bbox 3437 1328 3563 1393; x_wconf 76' lang='grc' dir='ltr'>Θεὸν,</span> 
     </span>
    </p>
   </div>
   <div class='ocr_carea' id='block_1_30' title="bbox 2019 1416 3565 1491">
    <p class='ocr_par' dir='ltr' id='par_1_30' title="bbox 2019 1416 3565 1491">
     <span class='ocr_line' id='line_1_30' title="bbox 2019 1416 3565 1491; baseline 0 -20"><span class='ocrx_word' id='word_1_240' title='bbox 2019 1419 2207 1489; x_wconf 66' lang='grc' dir='ltr'>σαφῶς</span> <span class='ocrx_word' id='word_1_241' title='bbox 2237 1418 2332 1473; x_wconf 75' lang='grc' dir='ltr'>τοῦ</span> <span class='ocrx_word' id='word_1_242' title='bbox 2376 1419 2629 1491; x_wconf 82' lang='grc' dir='ltr'><strong>Σωτῆρος</strong></span> <span class='ocrx_word' id='word_1_243' title='bbox 2664 1419 2947 1491; x_wconf 81' lang='grc' dir='ltr'><strong>εἰρηκότος</strong></span> <span class='ocrx_word' id='word_1_244' title='bbox 2966 1434 2979 1447; x_wconf 89' lang='grc'><strong>·</strong></span> <span class='ocrx_word' id='word_1_245' title='bbox 3023 1416 3178 1471; x_wconf 78' lang='grc' dir='ltr'><strong>Οὐδὲ</strong></span> <span class='ocrx_word' id='word_1_246' title='bbox 3202 1418 3316 1487; x_wconf 76' lang='grc' dir='ltr'><strong>γὰρ</strong></span> <span class='ocrx_word' id='word_1_247' title='bbox 3344 1421 3376 1472; x_wconf 83' lang='grc' dir='ltr'><strong>ό</strong></span> <span class='ocrx_word' id='word_1_248' title='bbox 3397 1422 3565 1488; x_wconf 75' lang='grc' dir='ltr'>Πατὴρ</span> 
     </span>
    </p>
   </div>
   <div class='ocr_carea' id='block_1_31' title="bbox 2018 1506 3566 1578">
    <p class='ocr_par' dir='ltr' id='par_1_31' title="bbox 2018 1506 3566 1578">
     <span class='ocr_line' id='line_1_31' title="bbox 2018 1506 3566 1578; baseline 0.001 -15"><span class='ocrx_word' id='word_1_249' title='bbox 2018 1514 2205 1578; x_wconf 73' lang='grc' dir='ltr'>κρίνει</span> <span class='ocrx_word' id='word_1_250' title='bbox 2228 1510 2467 1576; x_wconf 74' lang='grc' dir='ltr'>οὐδένα,</span> <span class='ocrx_word' id='word_1_251' title='bbox 2498 1511 2659 1566; x_wconf 65' lang='grc' dir='ltr'><em>ἀλλὰ</em></span> <span class='ocrx_word' id='word_1_252' title='bbox 2680 1509 2796 1578; x_wconf 77' lang='grc' dir='ltr'><strong>τὴν</strong></span> <span class='ocrx_word' id='word_1_253' title='bbox 2821 1510 3024 1578; x_wconf 78' lang='grc' dir='ltr'>κρίσιν</span> <span class='ocrx_word' id='word_1_254' title='bbox 3041 1506 3250 1564; x_wconf 78' lang='grc' dir='ltr'><em>πᾶσαν</em></span> <span class='ocrx_word' id='word_1_255' title='bbox 3276 1510 3482 1564; x_wconf 81' lang='grc' dir='ltr'>δέδωκε</span> <span class='ocrx_word' id='word_1_256' title='bbox 3504 1511 3566 1577; x_wconf 83' lang='grc' dir='ltr'>τῷ</span> 
     </span>
    </p>
   </div>
   <div class='ocr_carea' id='block_1_32' title="bbox 2028 1599 3546 1672">
    <p class='ocr_par' dir='ltr' id='par_1_32' title="bbox 2028 1599 3546 1672">
     <span class='ocr_line' id='line_1_32' title="bbox 2028 1599 3546 1672; baseline -0.001 -14"><span class='ocrx_word' id='word_1_257' title='bbox 2028 1603 2159 1670; x_wconf 80' lang='grc' dir='ltr'>Υἱῷ,</span> <span class='ocrx_word' id='word_1_258' title='bbox 2193 1604 2294 1657; x_wconf 76' lang='grc' dir='ltr'><strong>ἵνα</strong></span> <span class='ocrx_word' id='word_1_259' title='bbox 2326 1602 2550 1669; x_wconf 72' lang='grc' dir='ltr'>πάντες</span> <span class='ocrx_word' id='word_1_260' title='bbox 2591 1599 2801 1672; x_wconf 84' lang='grc' dir='ltr'>τιμῶσι</span> <span class='ocrx_word' id='word_1_261' title='bbox 2840 1601 2948 1655; x_wconf 76' lang='grc' dir='ltr'><strong>τὸν</strong></span> <span class='ocrx_word' id='word_1_262' title='bbox 2978 1601 3135 1667; x_wconf 79' lang='grc' dir='ltr'>Υίὸν,</span> <span class='ocrx_word' id='word_1_263' title='bbox 3169 1601 3359 1669; x_wconf 80' lang='grc' dir='ltr'>καθὼς</span> <span class='ocrx_word' id='word_1_264' title='bbox 3390 1601 3546 1671; x_wconf 78' lang='grc' dir='ltr'>τιμῶσ</span> 
     </span>
    </p>
   </div>
   <div class='ocr_carea' id='block_1_33' title="bbox 2017 1693 3567 1766">
    <p class='ocr_par' dir='ltr' id='par_1_33' title="bbox 2017 1693 3567 1766">
     <span class='ocr_line' id='line_1_33' title="bbox 2017 1693 3567 1766; baseline 0.001 -19"><span class='ocrx_word' id='word_1_265' title='bbox 2017 1694 2126 1748; x_wconf 78' lang='grc' dir='ltr'><strong>τὸν</strong></span> <span class='ocrx_word' id='word_1_266' title='bbox 2153 1693 2401 1764; x_wconf 80' lang='grc' dir='ltr'><strong>Πατέρα.</strong></span> <span class='ocrx_word' id='word_1_267' title='bbox 2448 1693 2585 1746; x_wconf 81' lang='grc' dir='ltr'>Ἀλλ’</span> <span class='ocrx_word' id='word_1_268' title='bbox 2623 1693 2726 1766; x_wconf 83' lang='grc' dir='ltr'>ὅρα</span> <span class='ocrx_word' id='word_1_269' title='bbox 2766 1696 2814 1747; x_wconf 86' lang='grc' dir='ltr'>εἱ</span> <span class='ocrx_word' id='word_1_270' title='bbox 2847 1693 3066 1747; x_wconf 75' lang='grc' dir='ltr'>δύνασαι</span> <span class='ocrx_word' id='word_1_271' title='bbox 3105 1693 3245 1765; x_wconf 80' lang='grc' dir='ltr'>πρὸς</span> <span class='ocrx_word' id='word_1_272' title='bbox 3274 1693 3426 1748; x_wconf 74' lang='grc' dir='ltr'>τοῦτο</span> <span class='ocrx_word' id='word_1_273' title='bbox 3457 1713 3567 1766; x_wconf 52' lang='grc' dir='ltr'><strong>χῖ..-</strong></span> 
     </span>
    </p>
   </div>
   <div class='ocr_carea' id='block_1_34' title="bbox 342 1781 1798 1856">
    <p class='ocr_par' dir='ltr' id='par_1_34' title="bbox 342 1781 1792 1856">
     <span class='ocr_line' id='line_1_34' title="bbox 342 1781 1792 1856; baseline 0.001 -17"><span class='ocrx_word' id='word_1_274' title='bbox 342 1783 516 1854; x_wconf 86' lang='lat' dir='ltr'><strong>possis</strong></span> <span class='ocrx_word' id='word_1_275' title='bbox 547 1797 613 1839; x_wconf 88' lang='lat' dir='ltr'><strong>eo</strong></span> <span class='ocrx_word' id='word_1_276' title='bbox 653 1782 800 1840; x_wconf 90' lang='lat' dir='ltr'><strong>dicto</strong></span> <span class='ocrx_word' id='word_1_277' title='bbox 830 1801 844 1836; x_wconf 89' lang='lat'><strong>:</strong></span> <span class='ocrx_word' id='word_1_278' title='bbox 886 1781 1014 1837; x_wconf 84' lang='lat' dir='ltr'><strong>Non</strong></span> <span class='ocrx_word' id='word_1_279' title='bbox 1053 1800 1265 1852; x_wconf 73' lang='lat' dir='ltr'><strong>possum</strong></span> <span class='ocrx_word' id='word_1_280' title='bbox 1290 1802 1383 1856; x_wconf 76' lang='lat' dir='ltr'><strong>ego</strong></span> <span class='ocrx_word' id='word_1_281' title='bbox 1423 1786 1598 1855; x_wconf 76' lang='lat' dir='ltr'><strong>facere</strong></span> <span class='ocrx_word' id='word_1_282' title='bbox 1625 1804 1658 1841; x_wconf 93' lang='lat' dir='ltr'><strong>a</strong></span> <span class='ocrx_word' id='word_1_283' title='bbox 1691 1803 1792 1840; x_wconf 87' lang='lat' dir='ltr'><strong>me.</strong></span> 
     </span>
    </p>
   </div>
   <div class='ocr_carea' id='block_1_35' title="bbox 2112 1781 3568 1856">
    <p class='ocr_par' dir='ltr' id='par_1_35' title="bbox 2112 1782 3568 1856">
     <span class='ocr_line' id='line_1_35' title="bbox 2112 1782 3568 1856; baseline 0.001 -19"><span class='ocrx_word' id='word_1_284' title='bbox 2112 1785 2215 1839; x_wconf 82' lang='lat' dir='ltr'><strong>rOat</strong></span> <span class='ocrx_word' id='word_1_285' title='bbox 2244 1785 2350 1856; x_wconf 80' lang='grc' dir='ltr'>τῷ·</span> <span class='ocrx_word' id='word_1_286' title='bbox 2392 1788 2476 1839; x_wconf 82' lang='grc' dir='ltr'><strong>Οὐ</strong></span> <span class='ocrx_word' id='word_1_287' title='bbox 2516 1783 2772 1854; x_wconf 77' lang='grc' dir='ltr'>δύναμαι</span> <span class='ocrx_word' id='word_1_288' title='bbox 2814 1782 2928 1854; x_wconf 58' lang='grc' dir='ltr'><strong>ἐγὼ</strong></span> <span class='ocrx_word' id='word_1_289' title='bbox 2978 1783 3170 1838; x_wconf 76' lang='grc' dir='ltr'>ποιεῖν</span> <span class='ocrx_word' id='word_1_290' title='bbox 3200 1785 3305 1839; x_wconf 78' lang='grc' dir='ltr'><strong>ἀπ’</strong></span> <span class='ocrx_word' id='word_1_291' title='bbox 3345 1785 3568 1856; x_wconf 80' lang='grc' dir='ltr'><strong>ἐμαυτοῦ</strong></span> 
     </span>
    </p>
   </div>
   <div class='ocr_carea' id='block_1_36' title="bbox 336 1875 1915 1947">
    <p class='ocr_par' dir='ltr' id='par_1_36' title="bbox 336 1875 1915 1947">
     <span class='ocr_line' id='line_1_36' title="bbox 336 1875 1915 1947; baseline -0.001 -12"><span class='ocrx_word' id='word_1_292' title='bbox 336 1877 627 1946; x_wconf 70' lang='lat' dir='ltr'><strong>Quidquam</strong></span> <span class='ocrx_word' id='word_1_293' title='bbox 655 1892 671 1930; x_wconf 83' lang='lat'><strong>.&#39;</strong></span> <span class='ocrx_word' id='word_1_294' title='bbox 701 1877 836 1930; x_wconf 77' lang='lat' dir='ltr'><strong>sicut</strong></span> <span class='ocrx_word' id='word_1_295' title='bbox 860 1875 1044 1941; x_wconf 85' lang='lat' dir='ltr'><strong>audio,</strong></span> <span class='ocrx_word' id='word_1_296' title='bbox 1065 1878 1252 1947; x_wconf 83' lang='lat' dir='ltr'><strong>judico</strong></span> <span class='ocrx_word' id='word_1_297' title='bbox 1279 1891 1299 1929; x_wconf 92' lang='lat'><strong><em>:</em></strong></span> <span class='ocrx_word' id='word_1_298' title='bbox 1332 1889 1379 1932; x_wconf 91' lang='lat' dir='ltr'><strong>et</strong></span> <span class='ocrx_word' id='word_1_299' title='bbox 1423 1880 1692 1947; x_wconf 84' lang='lat' dir='ltr'><strong>judicium</strong></span> <span class='ocrx_word' id='word_1_300' title='bbox 1742 1896 1915 1934; x_wconf 91' lang='lat' dir='ltr'><strong>meum</strong></span> 
     </span>
    </p>
   </div>
   <div class='ocr_carea' id='block_1_37' title="bbox 331 1968 1913 2039">
    <p class='ocr_par' dir='ltr' id='par_1_37' title="bbox 331 1968 1913 2039">
     <span class='ocr_line' id='line_1_37' title="bbox 331 1968 1913 2039; baseline 0.003 -18"><span class='ocrx_word' id='word_1_301' title='bbox 331 1968 538 2038; x_wconf 77' lang='lat' dir='ltr'><strong>justum</strong></span> <span class='ocrx_word' id='word_1_302' title='bbox 564 1979 639 2022; x_wconf 76' lang='lat' dir='ltr'><strong>est</strong></span> <span class='ocrx_word' id='word_1_303' title='bbox 665 1981 687 2020; x_wconf 91' lang='lat'><strong><em>:</em></strong></span> <span class='ocrx_word' id='word_1_304' title='bbox 731 1970 984 2039; x_wconf 87' lang='lat' dir='ltr'><strong>quoniam</strong></span> <span class='ocrx_word' id='word_1_305' title='bbox 1014 1985 1117 2023; x_wconf 82' lang='lat' dir='ltr'><strong>non</strong></span> <span class='ocrx_word' id='word_1_306' title='bbox 1139 1985 1320 2033; x_wconf 76' lang='lat' dir='ltr'><strong>quwro</strong></span> <span class='ocrx_word' id='word_1_307' title='bbox 1350 1972 1673 2026; x_wconf 81' lang='lat' dir='ltr'><strong>voluntatem</strong></span> <span class='ocrx_word' id='word_1_308' title='bbox 1706 1989 1877 2027; x_wconf 90' lang='lat' dir='ltr'><strong>meam</strong></span> <span class='ocrx_word' id='word_1_309' title='bbox 1898 2015 1913 2036; x_wconf 87' lang='lat'><strong>,</strong></span> 
     </span>
    </p>
   </div>
   <div class='ocr_carea' id='block_1_38' title="bbox 338 2059 1919 2132">
    <p class='ocr_par' dir='ltr' id='par_1_38' title="bbox 338 2059 1919 2132">
     <span class='ocr_line' id='line_1_38' title="bbox 338 2059 1919 2132; baseline 0.003 -17"><span class='ocrx_word' id='word_1_310' title='bbox 338 2061 428 2115; x_wconf 78' lang='lat' dir='ltr'><strong>sed</strong></span> <span class='ocrx_word' id='word_1_311' title='bbox 456 2059 779 2115; x_wconf 74' lang='lat' dir='ltr'><strong>voluntatem</strong></span> <span class='ocrx_word' id='word_1_312' title='bbox 803 2061 918 2130; x_wconf 73' lang='lat' dir='ltr'><strong>ejus</strong></span> <span class='ocrx_word' id='word_1_313' title='bbox 959 2062 1049 2132; x_wconf 85' lang='lat' dir='ltr'><strong>qui</strong></span> <span class='ocrx_word' id='word_1_314' title='bbox 1081 2062 1219 2115; x_wconf 77' lang='lat' dir='ltr'><strong>misit</strong></span> <span class='ocrx_word' id='word_1_315' title='bbox 1251 2078 1331 2117; x_wconf 85' lang='lat' dir='ltr'><strong>me</strong></span> <span class='ocrx_word' id='word_1_316' title='bbox 1353 2063 1424 2120; x_wconf 70' lang='grc' dir='ltr'><strong>τί.</strong></span> <span class='ocrx_word' id='word_1_317' title='bbox 1461 2062 1597 2118; x_wconf 80' lang='lat' dir='ltr'><strong>Nam</strong></span> <span class='ocrx_word' id='word_1_318' title='bbox 1629 2064 1697 2130; x_wconf 89' lang='lat' dir='ltr'><strong>si,</strong></span> <span class='ocrx_word' id='word_1_319' title='bbox 1729 2075 1786 2119; x_wconf 89' lang='lat' dir='ltr'><strong>nt</strong></span> <span class='ocrx_word' id='word_1_320' title='bbox 1823 2081 1919 2120; x_wconf 85' lang='lat' dir='ltr'><strong>au—</strong></span> 
     </span>
    </p>
   </div>
   <div class='ocr_carea' id='block_1_39' title="bbox 337 2150 1917 2225">
    <p class='ocr_par' dir='ltr' id='par_1_39' title="bbox 337 2150 1917 2225">
     <span class='ocr_line' id='line_1_39' title="bbox 337 2150 1917 2225; baseline 0.002 -17"><span class='ocrx_word' id='word_1_321' title='bbox 337 2153 416 2208; x_wconf 74' lang='lat' dir='ltr'><strong>dit</strong></span> <span class='ocrx_word' id='word_1_322' title='bbox 439 2167 468 2205; x_wconf 90' lang='lat' dir='ltr'><strong>a</strong></span> <span class='ocrx_word' id='word_1_323' title='bbox 501 2150 661 2206; x_wconf 84' lang='lat' dir='ltr'><strong>Patre</strong></span> <span class='ocrx_word' id='word_1_324' title='bbox 681 2150 960 2218; x_wconf 85' lang='lat' dir='ltr'><strong>Servatur,</strong></span> <span class='ocrx_word' id='word_1_325' title='bbox 980 2153 1060 2207; x_wconf 90' lang='lat' dir='ltr'><strong>sic</strong></span> <span class='ocrx_word' id='word_1_326' title='bbox 1078 2152 1308 2223; x_wconf 85' lang='lat' dir='ltr'><strong>judicat,</strong></span> <span class='ocrx_word' id='word_1_327' title='bbox 1337 2170 1587 2225; x_wconf 73' lang='lat' dir='ltr'><strong>quaerens</strong></span> <span class='ocrx_word' id='word_1_328' title='bbox 1611 2171 1718 2210; x_wconf 91' lang='lat' dir='ltr'><strong>non</strong></span> <span class='ocrx_word' id='word_1_329' title='bbox 1737 2172 1917 2222; x_wconf 88' lang='lat' dir='ltr'><strong>suam,</strong></span> 
     </span>
    </p>
   </div>
   <div class='ocr_carea' id='block_1_40' title="bbox 337 2242 1918 2314">
    <p class='ocr_par' dir='ltr' id='par_1_40' title="bbox 337 2242 1918 2314">
     <span class='ocr_line' id='line_1_40' title="bbox 337 2242 1918 2314; baseline 0.004 -18"><span class='ocrx_word' id='word_1_330' title='bbox 337 2243 430 2297; x_wconf 83' lang='lat' dir='ltr'><strong>sed</strong></span> <span class='ocrx_word' id='word_1_331' title='bbox 464 2242 660 2310; x_wconf 82' lang='lat' dir='ltr'><strong>Patris,</strong></span> <span class='ocrx_word' id='word_1_332' title='bbox 694 2243 787 2311; x_wconf 88' lang='lat' dir='ltr'><strong>qui</strong></span> <span class='ocrx_word' id='word_1_333' title='bbox 808 2257 932 2297; x_wconf 88' lang='lat' dir='ltr'><strong>eum</strong></span> <span class='ocrx_word' id='word_1_334' title='bbox 959 2242 1139 2310; x_wconf 89' lang='lat' dir='ltr'><strong>misit,</strong></span> <span class='ocrx_word' id='word_1_335' title='bbox 1174 2245 1531 2314; x_wconf 82' lang='lat' dir='ltr'><strong>voluntatem,</strong></span> <span class='ocrx_word' id='word_1_336' title='bbox 1577 2257 1633 2302; x_wconf 90' lang='lat' dir='ltr'><strong>et</strong></span> <span class='ocrx_word' id='word_1_337' title='bbox 1684 2248 1821 2303; x_wconf 83' lang='lat' dir='ltr'><strong>banc</strong></span> <span class='ocrx_word' id='word_1_338' title='bbox 1848 2248 1918 2303; x_wconf 90' lang='lat' dir='ltr'><strong>ob</strong></span> 
     </span>
    </p>
   </div>
   <div class='ocr_carea' id='block_1_41' title="bbox 335 2334 1917 2410">
    <p class='ocr_par' dir='ltr' id='par_1_41' title="bbox 335 2334 1917 2410">
     <span class='ocr_line' id='line_1_41' title="bbox 335 2334 1917 2410; baseline 0.003 -20"><span class='ocrx_word' id='word_1_339' title='bbox 335 2335 776 2406; x_wconf 74' lang='lat' dir='ltr'><strong>causamjnstum</strong></span> <span class='ocrx_word' id='word_1_340' title='bbox 797 2348 881 2392; x_wconf 88' lang='lat' dir='ltr'><strong>est</strong></span> <span class='ocrx_word' id='word_1_341' title='bbox 904 2334 1022 2405; x_wconf 85' lang='lat' dir='ltr'><strong>ejus</strong></span> <span class='ocrx_word' id='word_1_342' title='bbox 1044 2337 1308 2406; x_wconf 85' lang='lat' dir='ltr'><strong>judicium</strong></span> <span class='ocrx_word' id='word_1_343' title='bbox 1334 2356 1349 2404; x_wconf 95' lang='lat'><strong>;</strong></span> <span class='ocrx_word' id='word_1_344' title='bbox 1383 2338 1634 2395; x_wconf 78' lang='lat' dir='ltr'><strong>fortassis</strong></span> <span class='ocrx_word' id='word_1_345' title='bbox 1653 2340 1917 2410; x_wconf 87' lang='lat' dir='ltr'><strong>judicium</strong></span> 
     </span>
    </p>
   </div>
   <div class='ocr_carea' id='block_1_42' title="bbox 338 2426 1916 2498">
    <p class='ocr_par' dir='ltr' id='par_1_42' title="bbox 338 2426 1916 2498">
     <span class='ocr_line' id='line_1_42' title="bbox 338 2426 1916 2498; baseline 0.003 -17"><span class='ocrx_word' id='word_1_346' title='bbox 338 2428 479 2497; x_wconf 86' lang='lat' dir='ltr'><strong>quod</strong></span> <span class='ocrx_word' id='word_1_347' title='bbox 499 2426 713 2498; x_wconf 88' lang='lat' dir='ltr'><strong>judicat</strong></span> <span class='ocrx_word' id='word_1_348' title='bbox 744 2428 839 2496; x_wconf 90' lang='lat' dir='ltr'><strong>qui</strong></span> <span class='ocrx_word' id='word_1_349' title='bbox 873 2444 904 2484; x_wconf 71' lang='grc' dir='ltr'><strong>ε</strong></span> <span class='ocrx_word' id='word_1_350' title='bbox 932 2427 1098 2484; x_wconf 85' lang='lat' dir='ltr'><strong>Patre</strong></span> <span class='ocrx_word' id='word_1_351' title='bbox 1143 2429 1317 2494; x_wconf 88' lang='lat' dir='ltr'><strong>audit,</strong></span> <span class='ocrx_word' id='word_1_352' title='bbox 1351 2446 1460 2485; x_wconf 91' lang='lat' dir='ltr'><strong>non</strong></span> <span class='ocrx_word' id='word_1_353' title='bbox 1491 2441 1575 2485; x_wconf 91' lang='lat' dir='ltr'><strong>est</strong></span> <span class='ocrx_word' id='word_1_354' title='bbox 1603 2432 1875 2486; x_wconf 85' lang='lat' dir='ltr'><strong>audientis</strong></span> <span class='ocrx_word' id='word_1_355' title='bbox 1899 2472 1916 2497; x_wconf 95' lang='lat'><strong>,</strong></span> 
     </span>
    </p>
   </div>
   <div class='ocr_carea' id='block_1_43' title="bbox 337 2518 1919 2590">
    <p class='ocr_par' dir='ltr' id='par_1_43' title="bbox 337 2518 1919 2590">
     <span class='ocr_line' id='line_1_43' title="bbox 337 2518 1919 2590; baseline 0.003 -18"><span class='ocrx_word' id='word_1_356' title='bbox 337 2518 430 2572; x_wconf 79' lang='lat' dir='ltr'><strong>sed</strong></span> <span class='ocrx_word' id='word_1_357' title='bbox 465 2519 636 2587; x_wconf 82' lang='lat' dir='ltr'><strong>magis</strong></span> <span class='ocrx_word' id='word_1_358' title='bbox 657 2519 875 2588; x_wconf 85' lang='lat' dir='ltr'><strong>proprie</strong></span> <span class='ocrx_word' id='word_1_359' title='bbox 908 2518 1026 2587; x_wconf 79' lang='lat' dir='ltr'><strong>ejus</strong></span> <span class='ocrx_word' id='word_1_360' title='bbox 1052 2521 1142 2590; x_wconf 90' lang='lat' dir='ltr'><strong>qui</strong></span> <span class='ocrx_word' id='word_1_361' title='bbox 1185 2521 1320 2576; x_wconf 89' lang='lat' dir='ltr'><strong>dicit</strong></span> <span class='ocrx_word' id='word_1_362' title='bbox 1352 2523 1620 2577; x_wconf 88' lang='lat' dir='ltr'><strong>audienti.</strong></span> <span class='ocrx_word' id='word_1_363' title='bbox 1654 2524 1754 2578; x_wconf 89' lang='lat' dir='ltr'><strong>Sin</strong></span> <span class='ocrx_word' id='word_1_364' title='bbox 1789 2538 1919 2579; x_wconf 87' lang='lat' dir='ltr'><strong>vero</strong></span> 
     </span>
    </p>
   </div>
   <div class='ocr_carea' id='block_1_44' title="bbox 337 2613 1917 2684">
    <p class='ocr_par' dir='ltr' id='par_1_44' title="bbox 337 2613 1917 2684">
     <span class='ocr_line' id='line_1_44' title="bbox 337 2613 1917 2684; baseline 0.007 -22"><span class='ocrx_word' id='word_1_365' title='bbox 337 2613 503 2666; x_wconf 68' lang='lat' dir='ltr'><strong>etiam</strong></span> <span class='ocrx_word' id='word_1_366' title='bbox 532 2613 664 2667; x_wconf 92' lang='lat' dir='ltr'><strong>dicit</strong></span> <span class='ocrx_word' id='word_1_367' title='bbox 697 2631 712 2668; x_wconf 91' lang='lat'><strong>:</strong></span> <span class='ocrx_word' id='word_1_368' title='bbox 745 2613 1020 2668; x_wconf 74' lang='lat' dir='ltr'><strong>Iudicium</strong></span> <span class='ocrx_word' id='word_1_369' title='bbox 1044 2629 1216 2669; x_wconf 88' lang='lat' dir='ltr'><strong>mcum</strong></span> <span class='ocrx_word' id='word_1_370' title='bbox 1235 2615 1445 2684; x_wconf 73' lang='lat' dir='ltr'><strong>justum</strong></span> <span class='ocrx_word' id='word_1_371' title='bbox 1485 2625 1588 2679; x_wconf 79' lang='lat' dir='ltr'><strong>est,</strong></span> <span class='ocrx_word' id='word_1_372' title='bbox 1636 2617 1762 2671; x_wconf 88' lang='lat' dir='ltr'><strong>audi</strong></span> <span class='ocrx_word' id='word_1_373' title='bbox 1795 2631 1917 2673; x_wconf 88' lang='lat' dir='ltr'><strong>enm</strong></span> 
     </span>
    </p>
   </div>
   <div class='ocr_carea' id='block_1_45' title="bbox 341 2704 1918 2774">
    <p class='ocr_par' dir='ltr' id='par_1_45' title="bbox 341 2704 1918 2774">
     <span class='ocr_line' id='line_1_45' title="bbox 341 2704 1918 2774; baseline 0.004 -17"><span class='ocrx_word' id='word_1_374' title='bbox 341 2704 394 2757; x_wconf 89' lang='lat' dir='ltr'><strong>in</strong></span> <span class='ocrx_word' id='word_1_375' title='bbox 461 2704 653 2759; x_wconf 84' lang='lat' dir='ltr'><strong>eodem</strong></span> <span class='ocrx_word' id='word_1_376' title='bbox 712 2705 1005 2774; x_wconf 80' lang='lat' dir='ltr'><strong>Evangelio</strong></span> <span class='ocrx_word' id='word_1_377' title='bbox 1056 2705 1370 2770; x_wconf 81' lang='lat' dir='ltr'><strong>dicentem:</strong></span> <span class='ocrx_word' id='word_1_378' title='bbox 1409 2707 1604 2763; x_wconf 86' lang='lat' dir='ltr'><strong>Omnia</strong></span> <span class='ocrx_word' id='word_1_379' title='bbox 1655 2725 1772 2763; x_wconf 88' lang='lat' dir='ltr'><strong>mea</strong></span> <span class='ocrx_word' id='word_1_380' title='bbox 1826 2719 1918 2763; x_wconf 89' lang='lat' dir='ltr'><strong>tua</strong></span> 
     </span>
    </p>
   </div>
   <div class='ocr_carea' id='block_1_46' title="bbox 338 2797 1914 2868">
    <p class='ocr_par' dir='ltr' id='par_1_46' title="bbox 338 2797 1914 2868">
     <span class='ocr_line' id='line_1_46' title="bbox 338 2797 1914 2868; baseline 0.004 -19"><span class='ocrx_word' id='word_1_381' title='bbox 338 2806 460 2851; x_wconf 73' lang='lat' dir='ltr'><strong>sunt</strong></span> <span class='ocrx_word' id='word_1_382' title='bbox 492 2797 577 2863; x_wconf 75' lang='lat'><strong>7&#39;;</strong></span> <span class='ocrx_word' id='word_1_383' title='bbox 614 2813 741 2852; x_wconf 82' lang='lat' dir='ltr'><strong>nam</strong></span> <span class='ocrx_word' id='word_1_384' title='bbox 776 2798 822 2852; x_wconf 92' lang='lat' dir='ltr'><strong>si</strong></span> <span class='ocrx_word' id='word_1_385' title='bbox 854 2813 1040 2852; x_wconf 86' lang='lat' dir='ltr'><strong>verum</strong></span> <span class='ocrx_word' id='word_1_386' title='bbox 1070 2809 1155 2853; x_wconf 91' lang='lat' dir='ltr'><strong>est</strong></span> <span class='ocrx_word' id='word_1_387' title='bbox 1183 2800 1371 2868; x_wconf 87' lang='lat' dir='ltr'><strong>quoda</strong></span> <span class='ocrx_word' id='word_1_388' title='bbox 1400 2799 1691 2855; x_wconf 81' lang='lat' dir='ltr'><strong>Servatnre</strong></span> <span class='ocrx_word' id='word_1_389' title='bbox 1715 2801 1914 2855; x_wconf 89' lang='lat' dir='ltr'><strong>dictum</strong></span> 
     </span>
    </p>
   </div>
   <div class='ocr_carea' id='block_1_47' title="bbox 342 2889 1914 2964">
    <p class='ocr_par' dir='ltr' id='par_1_47' title="bbox 342 2889 1914 2964">
     <span class='ocr_line' id='line_1_47' title="bbox 342 2889 1914 2964; baseline 0.004 -21"><span class='ocrx_word' id='word_1_390' title='bbox 342 2898 425 2944; x_wconf 84' lang='lat' dir='ltr'><strong>cst</strong></span> <span class='ocrx_word' id='word_1_391' title='bbox 457 2908 471 2944; x_wconf 91' lang='lat'><strong>:</strong></span> <span class='ocrx_word' id='word_1_392' title='bbox 505 2889 702 2943; x_wconf 80' lang='lat' dir='ltr'><strong>Omnia</strong></span> <span class='ocrx_word' id='word_1_393' title='bbox 726 2906 842 2945; x_wconf 87' lang='lat' dir='ltr'><strong>mea</strong></span> <span class='ocrx_word' id='word_1_394' title='bbox 872 2900 963 2944; x_wconf 88' lang='lat' dir='ltr'><strong>tua</strong></span> <span class='ocrx_word' id='word_1_395' title='bbox 994 2900 1139 2958; x_wconf 80' lang='lat' dir='ltr'><strong>sunt,</strong></span> <span class='ocrx_word' id='word_1_396' title='bbox 1167 2893 1509 2962; x_wconf 83' lang='lat' dir='ltr'><strong>perspicuam</strong></span> <span class='ocrx_word' id='word_1_397' title='bbox 1542 2903 1625 2950; x_wconf 89' lang='lat' dir='ltr'><strong>est</strong></span> <span class='ocrx_word' id='word_1_398' title='bbox 1651 2894 1914 2964; x_wconf 87' lang='lat' dir='ltr'><strong>judicium</strong></span> 
     </span>
    </p>
   </div>
   <div class='ocr_carea' id='block_1_48' title="bbox 336 2979 1916 3054">
    <p class='ocr_par' dir='ltr' id='par_1_48' title="bbox 336 2979 1916 3054">
     <span class='ocr_line' id='line_1_48' title="bbox 336 2979 1916 3054; baseline 0.002 -20"><span class='ocrx_word' id='word_1_399' title='bbox 336 2980 502 3034; x_wconf 74' lang='lat' dir='ltr'><strong>etiam</strong></span> <span class='ocrx_word' id='word_1_400' title='bbox 533 2979 733 3049; x_wconf 75' lang='lat' dir='ltr'><strong>ipsum,</strong></span> <span class='ocrx_word' id='word_1_401' title='bbox 755 2980 822 3036; x_wconf 90' lang='lat' dir='ltr'><strong>de</strong></span> <span class='ocrx_word' id='word_1_402' title='bbox 848 2995 956 3050; x_wconf 84' lang='lat' dir='ltr'><strong>quo</strong></span> <span class='ocrx_word' id='word_1_403' title='bbox 981 2981 1184 3052; x_wconf 88' lang='lat' dir='ltr'><strong>inquit:</strong></span> <span class='ocrx_word' id='word_1_404' title='bbox 1207 2979 1485 3037; x_wconf 73' lang='lat' dir='ltr'><strong>Iudicium</strong></span> <span class='ocrx_word' id='word_1_405' title='bbox 1514 3001 1686 3039; x_wconf 83' lang='lat' dir='ltr'><strong>meum</strong></span> <span class='ocrx_word' id='word_1_406' title='bbox 1707 2983 1916 3054; x_wconf 79' lang='lat' dir='ltr'><strong>justum</strong></span> 
     </span>
    </p>
   </div>
   <div class='ocr_carea' id='block_1_49' title="bbox 337 3072 1913 3147">
    <p class='ocr_par' dir='ltr' id='par_1_49' title="bbox 337 3072 1913 3147">
     <span class='ocr_line' id='line_1_49' title="bbox 337 3072 1913 3147; baseline 0.003 -22"><span class='ocrx_word' id='word_1_407' title='bbox 337 3082 436 3136; x_wconf 66' lang='lat' dir='ltr'><strong>est,</strong></span> <span class='ocrx_word' id='word_1_408' title='bbox 472 3072 653 3126; x_wconf 85' lang='lat' dir='ltr'><strong>Patris</strong></span> <span class='ocrx_word' id='word_1_409' title='bbox 677 3087 802 3128; x_wconf 87' lang='lat' dir='ltr'><strong>esse</strong></span> <span class='ocrx_word' id='word_1_410' title='bbox 828 3072 1131 3141; x_wconf 86' lang='lat' dir='ltr'><strong>judicium;</strong></span> <span class='ocrx_word' id='word_1_411' title='bbox 1174 3076 1315 3144; x_wconf 90' lang='lat' dir='ltr'><strong>quod</strong></span> <span class='ocrx_word' id='word_1_412' title='bbox 1351 3076 1396 3131; x_wconf 86' lang='lat' dir='ltr'><strong>si</strong></span> <span class='ocrx_word' id='word_1_413' title='bbox 1436 3074 1617 3131; x_wconf 81' lang='lat' dir='ltr'><strong>Patris</strong></span> <span class='ocrx_word' id='word_1_414' title='bbox 1642 3086 1725 3131; x_wconf 88' lang='lat' dir='ltr'><strong>est</strong></span> <span class='ocrx_word' id='word_1_415' title='bbox 1767 3076 1913 3147; x_wconf 88' lang='lat' dir='ltr'><strong>judi-</strong></span> 
     </span>
    </p>
   </div>
   <div class='ocr_carea' id='block_1_50' title="bbox 2020 1876 3568 1947">
    <p class='ocr_par' dir='ltr' id='par_1_50' title="bbox 2020 1876 3568 1947">
     <span class='ocr_line' id='line_1_50' title="bbox 2020 1876 3568 1947; baseline -0.001 -15"><span class='ocrx_word' id='word_1_416' title='bbox 2020 1877 2200 1932; x_wconf 74' lang='grc' dir='ltr'>οὐδέν</span> <span class='ocrx_word' id='word_1_417' title='bbox 2218 1894 2234 1909; x_wconf 84' lang='lat'><strong><em>°</em></strong></span> <span class='ocrx_word' id='word_1_418' title='bbox 2263 1876 2457 1943; x_wconf 83' lang='grc' dir='ltr'>καθὼς</span> <span class='ocrx_word' id='word_1_419' title='bbox 2481 1877 2701 1942; x_wconf 84' lang='grc' dir='ltr'>ἀκούω,</span> <span class='ocrx_word' id='word_1_420' title='bbox 2728 1877 2912 1945; x_wconf 80' lang='grc' dir='ltr'>κρίνω</span> <span class='ocrx_word' id='word_1_421' title='bbox 2933 1892 2945 1905; x_wconf 93' lang='grc'><strong>·</strong></span> <span class='ocrx_word' id='word_1_422' title='bbox 2982 1876 3080 1929; x_wconf 79' lang='grc' dir='ltr'>καὶ</span> <span class='ocrx_word' id='word_1_423' title='bbox 3112 1877 3150 1945; x_wconf 76' lang='grc' dir='ltr'><strong>η</strong></span> <span class='ocrx_word' id='word_1_424' title='bbox 3185 1877 3387 1944; x_wconf 82' lang='grc' dir='ltr'>κρίσις</span> <span class='ocrx_word' id='word_1_425' title='bbox 3421 1877 3455 1945; x_wconf 73' lang='grc' dir='ltr'><strong>ἡ</strong></span> <span class='ocrx_word' id='word_1_426' title='bbox 3478 1876 3568 1947; x_wconf 75' lang='grc' dir='ltr'><strong>ἐμὴ</strong></span> 
     </span>
    </p>
   </div>
   <div class='ocr_carea' id='block_1_51' title="bbox 2019 1963 3566 2037">
    <p class='ocr_par' dir='ltr' id='par_1_51' title="bbox 2019 1963 3566 2037">
     <span class='ocr_line' id='line_1_51' title="bbox 2019 1963 3566 2037; baseline -0.003 -15"><span class='ocrx_word' id='word_1_427' title='bbox 2019 1969 2219 2023; x_wconf 82' lang='grc' dir='ltr'>δικαία</span> <span class='ocrx_word' id='word_1_428' title='bbox 2272 1969 2475 2023; x_wconf 74' lang='grc' dir='ltr'><strong>ἐστίν’</strong></span> <span class='ocrx_word' id='word_1_429' title='bbox 2526 1967 2614 2021; x_wconf 86' lang='grc' dir='ltr'>ὅτι</span> <span class='ocrx_word' id='word_1_430' title='bbox 2656 1969 2729 2021; x_wconf 86' lang='grc' dir='ltr'>οὐ</span> <span class='ocrx_word' id='word_1_431' title='bbox 2763 1964 2909 2035; x_wconf 84' lang='grc' dir='ltr'>ζητῶ</span> <span class='ocrx_word' id='word_1_432' title='bbox 2947 1963 3015 2019; x_wconf 86' lang='grc' dir='ltr'>τὸ</span> <span class='ocrx_word' id='word_1_433' title='bbox 3052 1963 3287 2037; x_wconf 73' lang='grc' dir='ltr'>θέλημα</span> <span class='ocrx_word' id='word_1_434' title='bbox 3330 1966 3394 2020; x_wconf 89' lang='grc' dir='ltr'>τὸ</span> <span class='ocrx_word' id='word_1_435' title='bbox 3432 1966 3566 2036; x_wconf 79' lang='grc' dir='ltr'><strong>ἐμὸν,</strong></span> 
     </span>
    </p>
   </div>
   <div class='ocr_carea' id='block_1_52' title="bbox 2022 2058 3567 2132">
    <p class='ocr_par' dir='ltr' id='par_1_52' title="bbox 2022 2058 3567 2132">
     <span class='ocr_line' id='line_1_52' title="bbox 2022 2058 3567 2132; baseline -0.003 -16"><span class='ocrx_word' id='word_1_436' title='bbox 2022 2060 2185 2116; x_wconf 69' lang='grc' dir='ltr'><strong>ἀλλὰ</strong></span> <span class='ocrx_word' id='word_1_437' title='bbox 2209 2060 2275 2115; x_wconf 87' lang='grc' dir='ltr'>τὸ</span> <span class='ocrx_word' id='word_1_438' title='bbox 2306 2061 2534 2130; x_wconf 78' lang='grc' dir='ltr'>θέλημα</span> <span class='ocrx_word' id='word_1_439' title='bbox 2554 2060 2661 2115; x_wconf 85' lang='grc' dir='ltr'><strong>τοῦ</strong></span> <span class='ocrx_word' id='word_1_440' title='bbox 2696 2058 3045 2128; x_wconf 68' lang='grc' dir='ltr'>πέμψαντός</span> <span class='ocrx_word' id='word_1_441' title='bbox 3062 2076 3157 2129; x_wconf 81' lang='grc' dir='ltr'><strong>με.</strong></span> <span class='ocrx_word' id='word_1_442' title='bbox 3211 2060 3277 2112; x_wconf 80' lang='grc' dir='ltr'><strong>Εἰ</strong></span> <span class='ocrx_word' id='word_1_443' title='bbox 3306 2058 3431 2132; x_wconf 77' lang='grc' dir='ltr'><strong>γὰρ.</strong></span> <span class='ocrx_word' id='word_1_444' title='bbox 3459 2059 3567 2113; x_wconf 73' lang='grc' dir='ltr'>καθ-ι</span> 
     </span>
    </p>
   </div>
   <div class='ocr_carea' id='block_1_53' title="bbox 2018 2149 3568 2224">
    <p class='ocr_par' dir='ltr' id='par_1_53' title="bbox 2018 2149 3568 2224">
     <span class='ocr_line' id='line_1_53' title="bbox 2018 2149 3568 2224; baseline -0.002 -18"><span class='ocrx_word' id='word_1_445' title='bbox 2018 2151 2094 2218; x_wconf 82' lang='grc' dir='ltr'><strong>ὼς</strong></span> <span class='ocrx_word' id='word_1_446' title='bbox 2136 2152 2323 2207; x_wconf 79' lang='grc' dir='ltr'>ἀκούει</span> <span class='ocrx_word' id='word_1_447' title='bbox 2367 2154 2396 2206; x_wconf 99' lang='lat'><strong>6</strong></span> <span class='ocrx_word' id='word_1_448' title='bbox 2423 2150 2610 2224; x_wconf 78' lang='grc' dir='ltr'>Σωτὴρ</span> <span class='ocrx_word' id='word_1_449' title='bbox 2674 2150 2832 2221; x_wconf 78' lang='grc' dir='ltr'>ἡμῶν</span> <span class='ocrx_word' id='word_1_450' title='bbox 2880 2150 2987 2203; x_wconf 86' lang='grc' dir='ltr'><strong>ἀπὸ</strong></span> <span class='ocrx_word' id='word_1_451' title='bbox 3016 2149 3109 2202; x_wconf 76' lang='grc' dir='ltr'>τοῦ</span> <span class='ocrx_word' id='word_1_452' title='bbox 3150 2150 3401 2221; x_wconf 77' lang='grc' dir='ltr'>Πατρὸς,</span> <span class='ocrx_word' id='word_1_453' title='bbox 3433 2151 3568 2213; x_wconf 73' lang='grc' dir='ltr'>οὕτως</span> 
     </span>
    </p>
   </div>
   <div class='ocr_carea' id='block_1_54' title="bbox 2019 2238 3568 2316">
    <p class='ocr_par' dir='ltr' id='par_1_54' title="bbox 2019 2238 3568 2316">
     <span class='ocr_line' id='line_1_54' title="bbox 2019 2238 3568 2316; baseline -0.003 -19"><span class='ocrx_word' id='word_1_454' title='bbox 2019 2245 2217 2316; x_wconf 84' lang='grc' dir='ltr'>κρίνει,</span> <span class='ocrx_word' id='word_1_455' title='bbox 2245 2241 2423 2314; x_wconf 82' lang='grc' dir='ltr'>ζητῶν</span> <span class='ocrx_word' id='word_1_456' title='bbox 2453 2242 2514 2295; x_wconf 84' lang='grc' dir='ltr'><strong>οὐ</strong></span> <span class='ocrx_word' id='word_1_457' title='bbox 2542 2241 2603 2294; x_wconf 84' lang='grc' dir='ltr'><strong>τὸ</strong></span> <span class='ocrx_word' id='word_1_458' title='bbox 2631 2239 2761 2295; x_wconf 83' lang='grc' dir='ltr'>ἴδιον</span> <span class='ocrx_word' id='word_1_459' title='bbox 2794 2239 3026 2311; x_wconf 76' lang='grc' dir='ltr'>θέλημα,</span> <span class='ocrx_word' id='word_1_460' title='bbox 3053 2238 3191 2292; x_wconf 86' lang='grc' dir='ltr'>ἀλλὰ</span> <span class='ocrx_word' id='word_1_461' title='bbox 3224 2238 3320 2293; x_wconf 76' lang='grc' dir='ltr'>τοῦ</span> <span class='ocrx_word' id='word_1_462' title='bbox 3356 2238 3568 2311; x_wconf 68' lang='grc' dir='ltr'>πέμψαν-</span> 
     </span>
    </p>
   </div>
   <div class='ocr_carea' id='block_1_55' title="bbox 2018 2330 3571 2408">
    <p class='ocr_par' dir='ltr' id='par_1_55' title="bbox 2018 2330 3571 2408">
     <span class='ocr_line' id='line_1_55' title="bbox 2018 2330 3571 2408; baseline -0.005 -16"><span class='ocrx_word' id='word_1_463' title='bbox 2018 2355 2113 2401; x_wconf 88' lang='grc' dir='ltr'><strong>τος</strong></span> <span class='ocrx_word' id='word_1_464' title='bbox 2140 2336 2300 2391; x_wconf 81' lang='grc' dir='ltr'>αὐτὸν</span> <span class='ocrx_word' id='word_1_465' title='bbox 2333 2335 2568 2408; x_wconf 85' lang='grc' dir='ltr'>Πατρὸς,</span> <span class='ocrx_word' id='word_1_466' title='bbox 2596 2334 2691 2388; x_wconf 77' lang='grc' dir='ltr'>καὶ</span> <span class='ocrx_word' id='word_1_467' title='bbox 2721 2332 2810 2387; x_wconf 78' lang='grc' dir='ltr'>διὰ</span> <span class='ocrx_word' id='word_1_468' title='bbox 2843 2334 3001 2386; x_wconf 76' lang='grc' dir='ltr'>τοῦτο</span> <span class='ocrx_word' id='word_1_469' title='bbox 3032 2333 3218 2387; x_wconf 83' lang='grc' dir='ltr'>δικαία</span> <span class='ocrx_word' id='word_1_470' title='bbox 3244 2331 3393 2385; x_wconf 76' lang='grc' dir='ltr'>ἐστὶν</span> <span class='ocrx_word' id='word_1_471' title='bbox 3418 2333 3449 2403; x_wconf 80' lang='grc' dir='ltr'>ἡ</span> <span class='ocrx_word' id='word_1_472' title='bbox 3475 2330 3571 2402; x_wconf 85' lang='grc' dir='ltr'>κρί-</span> 
     </span>
    </p>
   </div>
   <div class='ocr_carea' id='block_1_56' title="bbox 2021 2421 3569 2499">
    <p class='ocr_par' dir='ltr' id='par_1_56' title="bbox 2021 2421 3569 2499">
     <span class='ocr_line' id='line_1_56' title="bbox 2021 2421 3569 2499; baseline -0.005 -16"><span class='ocrx_word' id='word_1_473' title='bbox 2021 2446 2105 2493; x_wconf 88' lang='grc' dir='ltr'><strong>σις</strong></span> <span class='ocrx_word' id='word_1_474' title='bbox 2137 2427 2301 2482; x_wconf 78' lang='grc' dir='ltr'>αὐτοῦ</span> <span class='ocrx_word' id='word_1_475' title='bbox 2323 2445 2336 2458; x_wconf 89' lang='grc'><strong>·</strong></span> <span class='ocrx_word' id='word_1_476' title='bbox 2382 2428 2593 2499; x_wconf 78' lang='grc' dir='ltr'>μήποτε</span> <span class='ocrx_word' id='word_1_477' title='bbox 2640 2423 2972 2498; x_wconf 81' lang='grc' dir='ltr'>κυριώτερον</span> <span class='ocrx_word' id='word_1_478' title='bbox 3018 2425 3053 2496; x_wconf 85' lang='grc' dir='ltr'>ή</span> <span class='ocrx_word' id='word_1_479' title='bbox 3098 2423 3305 2496; x_wconf 83' lang='grc' dir='ltr'>κρίσις,</span> <span class='ocrx_word' id='word_1_480' title='bbox 3331 2422 3397 2494; x_wconf 75' lang='grc' dir='ltr'><strong>ῆν</strong></span> <span class='ocrx_word' id='word_1_481' title='bbox 3426 2421 3569 2494; x_wconf 83' lang='grc' dir='ltr'>κρίνει</span> 
     </span>
    </p>
   </div>
   <div class='ocr_carea' id='block_1_57' title="bbox 2018 2513 3568 2582">
    <p class='ocr_par' dir='ltr' id='par_1_57' title="bbox 2018 2513 3568 2582">
     <span class='ocr_line' id='line_1_57' title="bbox 2018 2513 3568 2582; baseline -0.006 -6"><span class='ocrx_word' id='word_1_482' title='bbox 2018 2524 2046 2576; x_wconf 89' lang='grc' dir='ltr'>ὁ</span> <span class='ocrx_word' id='word_1_483' title='bbox 2099 2520 2331 2582; x_wconf 80' lang='grc' dir='ltr'>ἁκούων,</span> <span class='ocrx_word' id='word_1_484' title='bbox 2382 2520 2483 2573; x_wconf 79' lang='grc' dir='ltr'><strong>οὐκ</strong></span> <span class='ocrx_word' id='word_1_485' title='bbox 2522 2517 2638 2571; x_wconf 80' lang='grc' dir='ltr'>ἐστι</span> <span class='ocrx_word' id='word_1_486' title='bbox 2687 2516 2782 2572; x_wconf 77' lang='grc' dir='ltr'>τοῦ</span> <span class='ocrx_word' id='word_1_487' title='bbox 2824 2516 3132 2581; x_wconf 82' lang='grc' dir='ltr'>ἀκούοντος,</span> <span class='ocrx_word' id='word_1_488' title='bbox 3182 2515 3324 2570; x_wconf 77' lang='grc' dir='ltr'>ἀλλὰ</span> <span class='ocrx_word' id='word_1_489' title='bbox 3369 2515 3455 2568; x_wconf 83' lang='grc' dir='ltr'>τοῦ</span> <span class='ocrx_word' id='word_1_490' title='bbox 3500 2513 3568 2567; x_wconf 86' lang='grc' dir='ltr'>λέ-</span> 
     </span>
    </p>
   </div>
   <div class='ocr_carea' id='block_1_58' title="bbox 2018 2606 3569 2684">
    <p class='ocr_par' dir='ltr' id='par_1_58' title="bbox 2018 2606 3569 2684">
     <span class='ocr_line' id='line_1_58' title="bbox 2018 2606 3569 2684; baseline -0.005 -16"><span class='ocrx_word' id='word_1_491' title='bbox 2018 2631 2203 2684; x_wconf 88' lang='grc' dir='ltr'>γοντος</span> <span class='ocrx_word' id='word_1_492' title='bbox 2234 2612 2505 2667; x_wconf 79' lang='grc' dir='ltr'>ἀκούοντι.</span> <span class='ocrx_word' id='word_1_493' title='bbox 2537 2610 2657 2666; x_wconf 80' lang='grc' dir='ltr'><strong>Κᾶν</strong></span> <span class='ocrx_word' id='word_1_494' title='bbox 2678 2610 2813 2682; x_wconf 78' lang='grc' dir='ltr'>λέγῃ</span> <span class='ocrx_word' id='word_1_495' title='bbox 2846 2609 2923 2675; x_wconf 74' lang='grc' dir='ltr'><strong>δὲ,</strong></span> <span class='ocrx_word' id='word_1_496' title='bbox 2953 2610 3035 2664; x_wconf 81' lang='grc' dir='ltr'>ὅτι</span> <span class='ocrx_word' id='word_1_497' title='bbox 3072 2609 3144 2664; x_wconf 83' lang='grc' dir='ltr'><em>Ἣ</em></span> <span class='ocrx_word' id='word_1_498' title='bbox 3180 2609 3387 2677; x_wconf 81' lang='grc' dir='ltr'>κρίσις</span> <span class='ocrx_word' id='word_1_499' title='bbox 3414 2610 3448 2678; x_wconf 69' lang='grc' dir='ltr'>ἡ</span> <span class='ocrx_word' id='word_1_500' title='bbox 3478 2606 3569 2677; x_wconf 67' lang='grc' dir='ltr'><strong>ἐμὴ</strong></span> 
     </span>
    </p>
   </div>
   <div class='ocr_carea' id='block_1_59' title="bbox 2017 2698 3569 2772">
    <p class='ocr_par' dir='ltr' id='par_1_59' title="bbox 2017 2698 3569 2772">
     <span class='ocr_line' id='line_1_59' title="bbox 2017 2698 3569 2772; baseline -0.005 -13"><span class='ocrx_word' id='word_1_501' title='bbox 2017 2705 2219 2759; x_wconf 80' lang='grc' dir='ltr'>δικαία</span> <span class='ocrx_word' id='word_1_502' title='bbox 2260 2704 2454 2767; x_wconf 78' lang='grc' dir='ltr'><strong>ἐστὶν,</strong></span> <span class='ocrx_word' id='word_1_503' title='bbox 2490 2702 2654 2756; x_wconf 83' lang='grc' dir='ltr'>ἄκουε</span> <span class='ocrx_word' id='word_1_504' title='bbox 2688 2704 2746 2755; x_wconf 83' lang='grc' dir='ltr'>ὲν</span> <span class='ocrx_word' id='word_1_505' title='bbox 2776 2699 2855 2772; x_wconf 81' lang='grc' dir='ltr'>τῷ</span> <span class='ocrx_word' id='word_1_506' title='bbox 2894 2698 3044 2772; x_wconf 77' lang='grc' dir='ltr'>αὐτῷ</span> <span class='ocrx_word' id='word_1_507' title='bbox 3085 2699 3403 2770; x_wconf 81' lang='grc' dir='ltr'>Εὑαγγελίῳ</span> <span class='ocrx_word' id='word_1_508' title='bbox 3444 2699 3569 2766; x_wconf 75' lang='grc' dir='ltr'>λεγο-</span> 
     </span>
    </p>
   </div>
   <div class='ocr_carea' id='block_1_60' title="bbox 2021 2782 3655 2871">
    <p class='ocr_par' dir='ltr' id='par_1_60' title="bbox 2021 2782 3655 2871">
     <span class='ocr_line' id='line_1_60' title="bbox 2021 2782 3655 2871; baseline -0.009 -19"><span class='ocrx_word' id='word_1_509' title='bbox 2021 2798 2182 2871; x_wconf 80' lang='grc' dir='ltr'>μένου</span> <span class='ocrx_word' id='word_1_510' title='bbox 2216 2797 2308 2850; x_wconf 85' lang='grc' dir='ltr'>τοῦ</span> <span class='ocrx_word' id='word_1_511' title='bbox 2329 2815 2342 2827; x_wconf 86' lang='grc'><strong>·</strong></span> <span class='ocrx_word' id='word_1_512' title='bbox 2371 2797 2573 2851; x_wconf 80' lang='grc' dir='ltr'>Πάντα</span> <span class='ocrx_word' id='word_1_513' title='bbox 2601 2795 2673 2850; x_wconf 85' lang='grc' dir='ltr'>τὰ</span> <span class='ocrx_word' id='word_1_514' title='bbox 2700 2795 2812 2866; x_wconf 82' lang='grc' dir='ltr'><strong>ἐμὰ</strong></span> <span class='ocrx_word' id='word_1_515' title='bbox 2843 2793 2926 2848; x_wconf 76' lang='grc' dir='ltr'><strong>σά</strong></span> <span class='ocrx_word' id='word_1_516' title='bbox 2949 2793 3120 2848; x_wconf 85' lang='grc' dir='ltr'>ἐστιν</span> <span class='ocrx_word' id='word_1_517' title='bbox 3139 2811 3152 2825; x_wconf 90' lang='grc'><strong>·</strong></span> <span class='ocrx_word' id='word_1_518' title='bbox 3178 2795 3232 2847; x_wconf 85' lang='grc' dir='ltr'>εἰ</span> <span class='ocrx_word' id='word_1_519' title='bbox 3268 2793 3376 2867; x_wconf 77' lang='grc' dir='ltr'><strong>γὰρ</strong></span> <span class='ocrx_word' id='word_1_520' title='bbox 3406 2791 3572 2864; x_wconf 70' lang='grc' dir='ltr'>ἀληθὲς</span> <span class='ocrx_word' id='word_1_521' title='bbox 3654 2782 3655 2815; x_wconf 47' lang='grc' dir='ltr'>Τ</span> 
     </span>
    </p>
   </div>
   <div class='ocr_carea' id='block_1_61' title="bbox 2018 2884 3572 2962">
    <p class='ocr_par' dir='ltr' id='par_1_61' title="bbox 2018 2884 3572 2962">
     <span class='ocr_line' id='line_1_61' title="bbox 2018 2884 3572 2962; baseline -0.004 -19"><span class='ocrx_word' id='word_1_522' title='bbox 2018 2889 2124 2944; x_wconf 80' lang='grc' dir='ltr'>ὑπὸ</span> <span class='ocrx_word' id='word_1_523' title='bbox 2157 2888 2252 2943; x_wconf 80' lang='grc' dir='ltr'>τοῦ</span> <span class='ocrx_word' id='word_1_524' title='bbox 2293 2889 2543 2962; x_wconf 80' lang='grc' dir='ltr'>Σωτῆρος</span> <span class='ocrx_word' id='word_1_525' title='bbox 2586 2888 2872 2960; x_wconf 80' lang='grc' dir='ltr'>εἰρημένον</span> <span class='ocrx_word' id='word_1_526' title='bbox 2898 2886 2960 2939; x_wconf 89' lang='grc' dir='ltr'><strong>τό</strong></span> <span class='ocrx_word' id='word_1_527' title='bbox 2984 2904 2998 2916; x_wconf 91' lang='grc'><strong>·</strong></span> <span class='ocrx_word' id='word_1_528' title='bbox 3043 2884 3252 2940; x_wconf 76' lang='grc' dir='ltr'>Πάντα</span> <span class='ocrx_word' id='word_1_529' title='bbox 3286 2885 3357 2939; x_wconf 82' lang='grc' dir='ltr'>τὰ</span> <span class='ocrx_word' id='word_1_530' title='bbox 3383 2885 3484 2955; x_wconf 78' lang='grc' dir='ltr'><strong>ἐμὰ</strong></span> <span class='ocrx_word' id='word_1_531' title='bbox 3507 2885 3572 2939; x_wconf 80' lang='grc' dir='ltr'>σά</span> 
     </span>
    </p>
   </div>
   <div class='ocr_carea' id='block_1_62' title="bbox 2014 2973 3655 3051">
    <p class='ocr_par' dir='ltr' id='par_1_62' title="bbox 2014 2973 3655 3051">
     <span class='ocr_line' id='line_1_62' title="bbox 2014 2973 3655 3051; baseline -0.004 -17"><span class='ocrx_word' id='word_1_532' title='bbox 2014 2979 2167 3043; x_wconf 83' lang='grc' dir='ltr'>ἐστι,</span> <span class='ocrx_word' id='word_1_533' title='bbox 2202 2977 2385 3050; x_wconf 85' lang='grc' dir='ltr'>δῆλον,</span> <span class='ocrx_word' id='word_1_534' title='bbox 2418 2978 2500 3032; x_wconf 79' lang='grc' dir='ltr'>ὅτι</span> <span class='ocrx_word' id='word_1_535' title='bbox 2530 2976 2623 3030; x_wconf 70' lang='grc' dir='ltr'><strong>καὶ</strong></span> <span class='ocrx_word' id='word_1_536' title='bbox 2666 2977 2805 3049; x_wconf 81' lang='grc' dir='ltr'>αὑτὴ</span> <span class='ocrx_word' id='word_1_537' title='bbox 2842 2979 2875 3050; x_wconf 80' lang='grc' dir='ltr'>ἡ</span> <span class='ocrx_word' id='word_1_538' title='bbox 2909 2977 3111 3049; x_wconf 83' lang='grc' dir='ltr'>κρίσις,</span> <span class='ocrx_word' id='word_1_539' title='bbox 3147 2977 3279 3049; x_wconf 75' lang='grc' dir='ltr'>περὶ</span> <span class='ocrx_word' id='word_1_540' title='bbox 3307 2973 3374 3051; x_wconf 82' lang='grc' dir='ltr'>ἧς</span> <span class='ocrx_word' id='word_1_541' title='bbox 3401 2993 3569 3047; x_wconf 73' lang='grc' dir='ltr'>φησιν·</span> <span class='ocrx_word' id='word_1_542' title='bbox 3654 2980 3655 3051; x_wconf 41' lang='grc' dir='ltr'><em>ξ</em></span> 
     </span>
    </p>
   </div>
   <div class='ocr_carea' id='block_1_63' title="bbox 2028 3069 3569 3141">
    <p class='ocr_par' dir='ltr' id='par_1_63' title="bbox 2028 3069 3569 3141">
     <span class='ocr_line' id='line_1_63' title="bbox 2028 3069 3569 3141; baseline -0.003 -15"><span class='ocrx_word' id='word_1_543' title='bbox 2028 3071 2097 3126; x_wconf 87' lang='grc' dir='ltr'><em>Ἡ</em></span> <span class='ocrx_word' id='word_1_544' title='bbox 2125 3072 2322 3139; x_wconf 79' lang='grc' dir='ltr'>κρίσις</span> <span class='ocrx_word' id='word_1_545' title='bbox 2353 3072 2392 3139; x_wconf 75' lang='grc' dir='ltr'><strong>η</strong></span> <span class='ocrx_word' id='word_1_546' title='bbox 2425 3070 2538 3141; x_wconf 83' lang='grc' dir='ltr'><strong>ἐμὴ</strong></span> <span class='ocrx_word' id='word_1_547' title='bbox 2578 3069 2779 3125; x_wconf 81' lang='grc' dir='ltr'>δικαία</span> <span class='ocrx_word' id='word_1_548' title='bbox 2809 3070 2966 3138; x_wconf 77' lang='grc' dir='ltr'>ἐστὶ,</span> <span class='ocrx_word' id='word_1_549' title='bbox 3002 3069 3096 3124; x_wconf 75' lang='grc' dir='ltr'>τοῦ</span> <span class='ocrx_word' id='word_1_550' title='bbox 3142 3069 3359 3141; x_wconf 82' lang='grc' dir='ltr'>Πατρός</span> <span class='ocrx_word' id='word_1_551' title='bbox 3392 3070 3569 3136; x_wconf 76' lang='grc' dir='ltr'>ὲστινή</span> 
     </span>
    </p>
   </div>
   <div class='ocr_carea' id='block_1_64' title="bbox 339 3136 1795 3238">
    <p class='ocr_par' dir='ltr' id='par_1_64' title="bbox 339 3136 1795 3238">
     <span class='ocr_line' id='line_1_64' title="bbox 339 3136 1795 3238; baseline 0.002 -22"><span class='ocrx_word' id='word_1_552' title='bbox 339 3165 504 3226; x_wconf 86' lang='lat' dir='ltr'><strong>cium,</strong></span> <span class='ocrx_word' id='word_1_553' title='bbox 548 3172 731 3232; x_wconf 83' lang='lat' dir='ltr'><strong>potest</strong></span> <span class='ocrx_word' id='word_1_554' title='bbox 758 3136 894 3219; x_wconf 82' lang='lat' dir='ltr'><strong>solvi</strong></span> <span class='ocrx_word' id='word_1_555' title='bbox 925 3164 1147 3221; x_wconf 84' lang='lat' dir='ltr'><strong>dubium</strong></span> <span class='ocrx_word' id='word_1_556' title='bbox 1172 3136 1334 3236; x_wconf 72' lang='lat' dir='ltr'><strong>liujus</strong></span> <span class='ocrx_word' id='word_1_557' title='bbox 1364 3167 1493 3222; x_wconf 89' lang='lat' dir='ltr'><strong>dicti</strong></span> <span class='ocrx_word' id='word_1_558' title='bbox 1522 3186 1535 3222; x_wconf 92' lang='lat'>:</span> <span class='ocrx_word' id='word_1_559' title='bbox 1569 3167 1682 3238; x_wconf 81' lang='lat' dir='ltr'><strong>Ego</strong></span> <span class='ocrx_word' id='word_1_560' title='bbox 1732 3136 1795 3219; x_wconf 60' lang='lat' dir='ltr'><strong>ait</strong></span> 
     </span>
    </p>
   </div>
   <div class='ocr_carea' id='block_1_65' title="bbox 2117 3136 3573 3238">
    <p class='ocr_par' dir='ltr' id='par_1_65' title="bbox 2117 3159 3573 3233">
     <span class='ocr_line' id='line_1_65' title="bbox 2117 3159 3573 3233; baseline -0.004 -16"><span class='ocrx_word' id='word_1_561' title='bbox 2117 3180 2229 3227; x_wconf 80' lang='grc' dir='ltr'>σις’</span> <span class='ocrx_word' id='word_1_562' title='bbox 2267 3163 2315 3216; x_wconf 86' lang='grc' dir='ltr'>εἰ</span> <span class='ocrx_word' id='word_1_563' title='bbox 2345 3163 2400 3217; x_wconf 80' lang='grc' dir='ltr'><strong>δὲ</strong></span> <span class='ocrx_word' id='word_1_564' title='bbox 2428 3161 2523 3216; x_wconf 81' lang='grc' dir='ltr'>τοῦ</span> <span class='ocrx_word' id='word_1_565' title='bbox 2550 3160 2760 3233; x_wconf 85' lang='grc' dir='ltr'>Πατρός</span> <span class='ocrx_word' id='word_1_566' title='bbox 2790 3162 2936 3214; x_wconf 82' lang='grc' dir='ltr'>ἐστιν</span> <span class='ocrx_word' id='word_1_567' title='bbox 2966 3162 3001 3231; x_wconf 86' lang='grc' dir='ltr'>ἡ</span> <span class='ocrx_word' id='word_1_568' title='bbox 3040 3161 3244 3233; x_wconf 81' lang='grc' dir='ltr'>κρίσις,</span> <span class='ocrx_word' id='word_1_569' title='bbox 3271 3160 3483 3216; x_wconf 73' lang='grc' dir='ltr'>δύναται</span> <span class='ocrx_word' id='word_1_570' title='bbox 3505 3159 3573 3212; x_wconf 58' lang='grc' dir='ltr'>λεν-</span> 
     </span>
    </p>
   </div>
   <div class='ocr_carea' id='block_1_66' title="bbox 339 3259 1912 3331">
    <p class='ocr_par' dir='ltr' id='par_1_66' title="bbox 339 3259 1912 3331">
     <span class='ocr_line' id='line_1_66' title="bbox 339 3259 1912 3331; baseline 0.004 -23"><span class='ocrx_word' id='word_1_571' title='bbox 339 3272 446 3309; x_wconf 85' lang='lat' dir='ltr'><strong>uou</strong></span> <span class='ocrx_word' id='word_1_572' title='bbox 464 3273 645 3326; x_wconf 74' lang='lat' dir='ltr'><strong>quazro</strong></span> <span class='ocrx_word' id='word_1_573' title='bbox 667 3259 892 3328; x_wconf 85' lang='lat' dir='ltr'><strong>gloriam</strong></span> <span class='ocrx_word' id='word_1_574' title='bbox 918 3274 1126 3321; x_wconf 84' lang='lat' dir='ltr'><strong>meam;</strong></span> <span class='ocrx_word' id='word_1_575' title='bbox 1155 3259 1341 3331; x_wconf 74' lang='lat' dir='ltr'><strong>estqui</strong></span> <span class='ocrx_word' id='word_1_576' title='bbox 1363 3260 1574 3331; x_wconf 64' lang='lat' dir='ltr'><strong>quaerit,</strong></span> <span class='ocrx_word' id='word_1_577' title='bbox 1603 3272 1652 3314; x_wconf 90' lang='lat' dir='ltr'><strong>et</strong></span> <span class='ocrx_word' id='word_1_578' title='bbox 1678 3259 1912 3329; x_wconf 84' lang='lat' dir='ltr'><strong>judicat.</strong></span> 
     </span>
    </p>
   </div>
   <div class='ocr_carea' id='block_1_67' title="bbox 342 3348 1914 3423">
    <p class='ocr_par' dir='ltr' id='par_1_67' title="bbox 342 3348 1914 3423">
     <span class='ocr_line' id='line_1_67' title="bbox 342 3348 1914 3423; baseline 0.003 -21"><span class='ocrx_word' id='word_1_579' title='bbox 342 3348 516 3404; x_wconf 81' lang='lat' dir='ltr'><strong>liabet</strong></span> <span class='ocrx_word' id='word_1_580' title='bbox 545 3361 727 3406; x_wconf 85' lang='lat' dir='ltr'><strong>autem</strong></span> <span class='ocrx_word' id='word_1_581' title='bbox 761 3353 1051 3420; x_wconf 82' lang='lat' dir='ltr'><strong>quamdam</strong></span> <span class='ocrx_word' id='word_1_582' title='bbox 1102 3353 1380 3408; x_wconf 66' lang='lat' dir='ltr'><strong>modestia:</strong></span> <span class='ocrx_word' id='word_1_583' title='bbox 1427 3354 1734 3423; x_wconf 85' lang='lat' dir='ltr'><strong>emphasim</strong></span> <span class='ocrx_word' id='word_1_584' title='bbox 1775 3370 1914 3411; x_wconf 87' lang='lat' dir='ltr'><strong>con-</strong></span> 
     </span>
    </p>
   </div>
   <div class='ocr_carea' id='block_1_68' title="bbox 339 3442 1915 3516">
    <p class='ocr_par' dir='ltr' id='par_1_68' title="bbox 339 3442 1915 3516">
     <span class='ocr_line' id='line_1_68' title="bbox 339 3442 1915 3516; baseline 0.004 -23"><span class='ocrx_word' id='word_1_585' title='bbox 339 3442 642 3496; x_wconf 86' lang='lat' dir='ltr'><strong>venientem</strong></span> <span class='ocrx_word' id='word_1_586' title='bbox 679 3442 956 3502; x_wconf 82' lang='lat' dir='ltr'><strong>Servaturi</strong></span> <span class='ocrx_word' id='word_1_587' title='bbox 991 3444 1135 3514; x_wconf 87' lang='lat' dir='ltr'><strong>quod</strong></span> <span class='ocrx_word' id='word_1_588' title='bbox 1183 3445 1425 3500; x_wconf 89' lang='lat' dir='ltr'><strong>dicitur:</strong></span> <span class='ocrx_word' id='word_1_589' title='bbox 1463 3443 1574 3516; x_wconf 83' lang='lat' dir='ltr'><strong>Ego</strong></span> <span class='ocrx_word' id='word_1_590' title='bbox 1597 3456 1773 3500; x_wconf 87' lang='lat' dir='ltr'><strong>autem</strong></span> <span class='ocrx_word' id='word_1_591' title='bbox 1810 3463 1915 3500; x_wconf 80' lang='lat' dir='ltr'><strong>non</strong></span> 
     </span>
    </p>
   </div>
   <div class='ocr_carea' id='block_1_69' title="bbox 337 3534 1916 3607">
    <p class='ocr_par' dir='ltr' id='par_1_69' title="bbox 337 3534 1916 3607">
     <span class='ocr_line' id='line_1_69' title="bbox 337 3534 1916 3607; baseline 0.006 -22"><span class='ocrx_word' id='word_1_592' title='bbox 337 3550 521 3603; x_wconf 77' lang='lat' dir='ltr'><strong>quer</strong></span> <span class='ocrx_word' id='word_1_593' title='bbox 542 3534 770 3605; x_wconf 84' lang='lat' dir='ltr'><strong>gloriam</strong></span> <span class='ocrx_word' id='word_1_594' title='bbox 791 3553 961 3591; x_wconf 86' lang='lat' dir='ltr'><strong>meam</strong></span> <span class='ocrx_word' id='word_1_595' title='bbox 989 3551 1008 3591; x_wconf 90' lang='lat'><strong><em>:</em></strong></span> <span class='ocrx_word' id='word_1_596' title='bbox 1040 3552 1214 3607; x_wconf 83' lang='lat' dir='ltr'><strong>neque</strong></span> <span class='ocrx_word' id='word_1_597' title='bbox 1239 3538 1384 3593; x_wconf 88' lang='lat' dir='ltr'><strong>enim</strong></span> <span class='ocrx_word' id='word_1_598' title='bbox 1432 3538 1726 3594; x_wconf 84' lang='lat' dir='ltr'><strong>admodum</strong></span> <span class='ocrx_word' id='word_1_599' title='bbox 1754 3539 1916 3595; x_wconf 86' lang='lat' dir='ltr'><strong>dece-</strong></span> 
     </span>
    </p>
   </div>
   <div class='ocr_carea' id='block_1_70' title="bbox 339 3624 1915 3701">
    <p class='ocr_par' dir='ltr' id='par_1_70' title="bbox 339 3624 1915 3701">
     <span class='ocr_line' id='line_1_70' title="bbox 339 3624 1915 3701; baseline 0.006 -26"><span class='ocrx_word' id='word_1_600' title='bbox 339 3626 433 3678; x_wconf 85' lang='lat' dir='ltr'><strong>bat</strong></span> <span class='ocrx_word' id='word_1_601' title='bbox 461 3624 632 3688; x_wconf 91' lang='lat' dir='ltr'><strong>illum,</strong></span> <span class='ocrx_word' id='word_1_602' title='bbox 674 3636 734 3681; x_wconf 89' lang='lat' dir='ltr'><strong>ut</strong></span> <span class='ocrx_word' id='word_1_603' title='bbox 764 3627 992 3698; x_wconf 79' lang='lat' dir='ltr'><strong>gloriam</strong></span> <span class='ocrx_word' id='word_1_604' title='bbox 1026 3630 1287 3698; x_wconf 76' lang='lat' dir='ltr'><strong>exigeret,</strong></span> <span class='ocrx_word' id='word_1_605' title='bbox 1322 3638 1383 3686; x_wconf 86' lang='lat' dir='ltr'><strong>et</strong></span> <span class='ocrx_word' id='word_1_606' title='bbox 1403 3631 1474 3686; x_wconf 92' lang='lat' dir='ltr'><strong>ob</strong></span> <span class='ocrx_word' id='word_1_607' title='bbox 1504 3630 1606 3687; x_wconf 88' lang='lat' dir='ltr'><strong>hoc</strong></span> <span class='ocrx_word' id='word_1_608' title='bbox 1637 3630 1915 3701; x_wconf 86' lang='lat' dir='ltr'><strong>judicaret</strong></span> 
     </span>
    </p>
   </div>
   <div class='ocr_carea' id='block_1_71' title="bbox 339 3718 1916 3793">
    <p class='ocr_par' dir='ltr' id='par_1_71' title="bbox 339 3718 1916 3793">
     <span class='ocr_line' id='line_1_71' title="bbox 339 3718 1916 3793; baseline 0.005 -24"><span class='ocrx_word' id='word_1_609' title='bbox 339 3733 437 3772; x_wconf 69' lang='lat' dir='ltr'><strong>vos</strong></span> <span class='ocrx_word' id='word_1_610' title='bbox 466 3719 560 3787; x_wconf 87' lang='lat' dir='ltr'><strong>qui</strong></span> <span class='ocrx_word' id='word_1_611' title='bbox 598 3718 673 3773; x_wconf 91' lang='lat' dir='ltr'><strong>illi</strong></span> <span class='ocrx_word' id='word_1_612' title='bbox 706 3719 852 3773; x_wconf 84' lang='lat' dir='ltr'><strong>illam</strong></span> <span class='ocrx_word' id='word_1_613' title='bbox 891 3736 996 3775; x_wconf 92' lang='lat' dir='ltr'><strong>non</strong></span> <span class='ocrx_word' id='word_1_614' title='bbox 1054 3722 1453 3790; x_wconf 87' lang='lat' dir='ltr'><strong>reddidissent;</strong></span> <span class='ocrx_word' id='word_1_615' title='bbox 1501 3724 1598 3779; x_wconf 89' lang='lat' dir='ltr'><strong>sed</strong></span> <span class='ocrx_word' id='word_1_616' title='bbox 1629 3723 1916 3793; x_wconf 86' lang='lat' dir='ltr'><strong>oportebat</strong></span> 
     </span>
    </p>
   </div>
   <div class='ocr_carea' id='block_1_72' title="bbox 340 3811 1911 3887">
    <p class='ocr_par' dir='ltr' id='par_1_72' title="bbox 340 3811 1911 3887">
     <span class='ocr_line' id='line_1_72' title="bbox 340 3811 1911 3887; baseline 0.007 -26"><span class='ocrx_word' id='word_1_617' title='bbox 340 3811 418 3863; x_wconf 88' lang='lat' dir='ltr'><strong>nti</strong></span> <span class='ocrx_word' id='word_1_618' title='bbox 451 3811 633 3875; x_wconf 86' lang='lat' dir='ltr'><strong>Pater,</strong></span> <span class='ocrx_word' id='word_1_619' title='bbox 665 3811 759 3881; x_wconf 88' lang='lat' dir='ltr'><strong>qui</strong></span> <span class='ocrx_word' id='word_1_620' title='bbox 795 3812 1021 3883; x_wconf 76' lang='lat' dir='ltr'><strong>gloriam</strong></span> <span class='ocrx_word' id='word_1_621' title='bbox 1042 3812 1188 3868; x_wconf 83' lang='lat' dir='ltr'><strong>Filio</strong></span> <span class='ocrx_word' id='word_1_622' title='bbox 1220 3814 1468 3881; x_wconf 89' lang='lat' dir='ltr'><strong>dederat,</strong></span> <span class='ocrx_word' id='word_1_623' title='bbox 1508 3817 1753 3887; x_wconf 75' lang='lat' dir='ltr'><strong>exigeret</strong></span> <span class='ocrx_word' id='word_1_624' title='bbox 1789 3833 1911 3873; x_wconf 80' lang='lat' dir='ltr'><strong>eam</strong></span> 
     </span>
    </p>
   </div>
   <div class='ocr_carea' id='block_1_73' title="bbox 339 3904 1915 3980">
    <p class='ocr_par' dir='ltr' id='par_1_73' title="bbox 339 3904 1915 3980">
     <span class='ocr_line' id='line_1_73' title="bbox 339 3904 1915 3980; baseline 0.008 -27"><span class='ocrx_word' id='word_1_625' title='bbox 339 3905 409 3957; x_wconf 82' lang='lat' dir='ltr'><strong>ab</strong></span> <span class='ocrx_word' id='word_1_626' title='bbox 433 3904 518 3958; x_wconf 86' lang='lat' dir='ltr'><strong>his</strong></span> <span class='ocrx_word' id='word_1_627' title='bbox 542 3905 631 3973; x_wconf 91' lang='lat' dir='ltr'><strong>qui</strong></span> <span class='ocrx_word' id='word_1_628' title='bbox 660 3920 784 3958; x_wconf 87' lang='lat' dir='ltr'><strong>eum</strong></span> <span class='ocrx_word' id='word_1_629' title='bbox 825 3904 914 3959; x_wconf 87' lang='lat' dir='ltr'><strong>illa</strong></span> <span class='ocrx_word' id='word_1_630' title='bbox 935 3905 1241 3975; x_wconf 83' lang='lat' dir='ltr'><strong>privabant,</strong></span> <span class='ocrx_word' id='word_1_631' title='bbox 1269 3907 1451 3978; x_wconf 85' lang='lat' dir='ltr'><strong>judica</strong></span> <span class='ocrx_word' id='word_1_632' title='bbox 1463 3918 1655 3979; x_wconf 90' lang='lat' dir='ltr'><strong>retque</strong></span> <span class='ocrx_word' id='word_1_633' title='bbox 1677 3925 1770 3967; x_wconf 90' lang='lat' dir='ltr'><strong>eos</strong></span> <span class='ocrx_word' id='word_1_634' title='bbox 1787 3926 1915 3980; x_wconf 82' lang='lat' dir='ltr'><strong>pro-</strong></span> 
     </span>
    </p>
   </div>
   <div class='ocr_carea' id='block_1_74' title="bbox 340 3995 1914 4066">
    <p class='ocr_par' dir='ltr' id='par_1_74' title="bbox 340 3995 1914 4066">
     <span class='ocr_line' id='line_1_74' title="bbox 340 3995 1914 4066; baseline 0.009 -22"><span class='ocrx_word' id='word_1_635' title='bbox 340 4004 458 4063; x_wconf 80' lang='lat' dir='ltr'><strong>pter</strong></span> <span class='ocrx_word' id='word_1_636' title='bbox 485 3995 655 4049; x_wconf 89' lang='lat' dir='ltr'><strong>illum.</strong></span> <span class='ocrx_word' id='word_1_637' title='bbox 695 3997 969 4053; x_wconf 82' lang='lat' dir='ltr'><strong>Fortassis</strong></span> <span class='ocrx_word' id='word_1_638' title='bbox 1001 4000 1165 4053; x_wconf 85' lang='lat' dir='ltr'><strong>etiam</strong></span> <span class='ocrx_word' id='word_1_639' title='bbox 1219 3999 1500 4066; x_wconf 83' lang='lat' dir='ltr'><strong>Servator,</strong></span> <span class='ocrx_word' id='word_1_640' title='bbox 1531 4003 1774 4059; x_wconf 85' lang='lat' dir='ltr'><strong>imitator</strong></span> <span class='ocrx_word' id='word_1_641' title='bbox 1808 4002 1914 4058; x_wconf 84' lang='lat' dir='ltr'><strong>Pa-</strong></span> 
     </span>
    </p>
   </div>
   <div class='ocr_carea' id='block_1_75' title="bbox 344 4088 1915 4164">
    <p class='ocr_par' dir='ltr' id='par_1_75' title="bbox 344 4088 1915 4164">
     <span class='ocr_line' id='line_1_75' title="bbox 344 4088 1915 4164; baseline 0.007 -25"><span class='ocrx_word' id='word_1_642' title='bbox 344 4088 444 4141; x_wconf 82' lang='lat' dir='ltr'><strong>tris</strong></span> <span class='ocrx_word' id='word_1_643' title='bbox 468 4102 591 4143; x_wconf 90' lang='lat' dir='ltr'><strong>cum</strong></span> <span class='ocrx_word' id='word_1_644' title='bbox 617 4097 786 4153; x_wconf 87' lang='lat' dir='ltr'><strong>esset,</strong></span> <span class='ocrx_word' id='word_1_645' title='bbox 822 4090 1051 4160; x_wconf 75' lang='lat' dir='ltr'><strong>gloriam</strong></span> <span class='ocrx_word' id='word_1_646' title='bbox 1086 4092 1179 4146; x_wconf 90' lang='lat' dir='ltr'><strong>Dei</strong></span> <span class='ocrx_word' id='word_1_647' title='bbox 1212 4095 1405 4160; x_wconf 69' lang='lat' dir='ltr'><strong>quaerit</strong></span> <span class='ocrx_word' id='word_1_648' title='bbox 1431 4094 1499 4149; x_wconf 89' lang='lat' dir='ltr'><strong>ab</strong></span> <span class='ocrx_word' id='word_1_649' title='bbox 1530 4095 1733 4164; x_wconf 83' lang='lat' dir='ltr'><strong>his&#39;qui</strong></span> <span class='ocrx_word' id='word_1_650' title='bbox 1777 4097 1915 4151; x_wconf 87' lang='lat' dir='ltr'><strong>didi-</strong></span> 
     </span>
    </p>
   </div>
   <div class='ocr_carea' id='block_1_76' title="bbox 340 4183 1916 4258">
    <p class='ocr_par' dir='ltr' id='par_1_76' title="bbox 340 4183 1916 4258">
     <span class='ocr_line' id='line_1_76' title="bbox 340 4183 1916 4258; baseline 0.01 -28"><span class='ocrx_word' id='word_1_651' title='bbox 340 4190 675 4250; x_wconf 66' lang='lat' dir='ltr'><strong>ceruntquae</strong></span> <span class='ocrx_word' id='word_1_652' title='bbox 701 4192 827 4236; x_wconf 90' lang='lat' dir='ltr'><strong>sunt</strong></span> <span class='ocrx_word' id='word_1_653' title='bbox 868 4183 998 4248; x_wconf 89' lang='lat' dir='ltr'><strong>Dei;</strong></span> <span class='ocrx_word' id='word_1_654' title='bbox 1033 4193 1087 4238; x_wconf 91' lang='lat' dir='ltr'><strong>et</strong></span> <span class='ocrx_word' id='word_1_655' title='bbox 1129 4186 1229 4239; x_wconf 91' lang='lat' dir='ltr'><strong>nisi</strong></span> <span class='ocrx_word' id='word_1_656' title='bbox 1266 4186 1536 4241; x_wconf 86' lang='lat' dir='ltr'><strong>invenerit</strong></span> <span class='ocrx_word' id='word_1_657' title='bbox 1560 4188 1615 4242; x_wconf 89' lang='lat' dir='ltr'><strong>iu</strong></span> <span class='ocrx_word' id='word_1_658' title='bbox 1643 4188 1916 4258; x_wconf 81' lang='lat' dir='ltr'><strong>aliquibus</strong></span> 
     </span>
    </p>
   </div>
   <div class='ocr_carea' id='block_1_77' title="bbox 342 4272 1916 4350">
    <p class='ocr_par' dir='ltr' id='par_1_77' title="bbox 342 4272 1916 4350">
     <span class='ocr_line' id='line_1_77' title="bbox 342 4272 1916 4350; baseline 0.008 -26"><span class='ocrx_word' id='word_1_659' title='bbox 342 4272 520 4328; x_wconf 81' lang='lat' dir='ltr'><strong>l’atris</strong></span> <span class='ocrx_word' id='word_1_660' title='bbox 553 4273 803 4344; x_wconf 79' lang='lat' dir='ltr'><strong>gloriam,</strong></span> <span class='ocrx_word' id='word_1_661' title='bbox 826 4275 1096 4345; x_wconf 86' lang='lat' dir='ltr'><strong>judicabit</strong></span> <span class='ocrx_word' id='word_1_662' title='bbox 1135 4276 1256 4331; x_wconf 88' lang='lat' dir='ltr'><strong>illos</strong></span> <span class='ocrx_word' id='word_1_663' title='bbox 1279 4318 1295 4341; x_wconf 92' lang='lat'><strong>,</strong></span> <span class='ocrx_word' id='word_1_664' title='bbox 1338 4288 1599 4350; x_wconf 87' lang='lat' dir='ltr'><strong>tanquam</strong></span> <span class='ocrx_word' id='word_1_665' title='bbox 1639 4282 1730 4349; x_wconf 91' lang='lat' dir='ltr'><strong>qui</strong></span> <span class='ocrx_word' id='word_1_666' title='bbox 1763 4292 1916 4348; x_wconf 86' lang='lat' dir='ltr'><strong>pote-</strong></span> 
     </span>
    </p>
   </div>
   <div class='ocr_carea' id='block_1_78' title="bbox 342 4354 1914 4442">
    <p class='ocr_par' dir='ltr' id='par_1_78' title="bbox 342 4354 1914 4442">
     <span class='ocr_line' id='line_1_78' title="bbox 342 4354 1914 4442; baseline 0.006 -24"><span class='ocrx_word' id='word_1_667' title='bbox 342 4374 537 4421; x_wconf 77' lang='lat' dir='ltr'><strong>statem</strong></span> <span class='ocrx_word' id='word_1_668' title='bbox 564 4368 840 4436; x_wconf 82' lang='lat' dir='ltr'><strong>acceperit</strong></span> <span class='ocrx_word' id='word_1_669' title='bbox 871 4368 1104 4424; x_wconf 75' lang='lat' dir='ltr'><strong>faciendi</strong></span> <span class='ocrx_word' id='word_1_670' title='bbox 1131 4368 1420 4438; x_wconf 86' lang='lat' dir='ltr'><strong>judicium,</strong></span> <span class='ocrx_word' id='word_1_671' title='bbox 1453 4354 1712 4442; x_wconf 76' lang='lat' dir='ltr'><strong>quoniam</strong></span> <span class='ocrx_word' id='word_1_672' title='bbox 1745 4374 1914 4428; x_wconf 87' lang='lat' dir='ltr'><strong>Filius</strong></span> 
     </span>
    </p>
   </div>
   <div class='ocr_carea' id='block_1_79' title="bbox 342 4457 1910 4534">
    <p class='ocr_par' dir='ltr' id='par_1_79' title="bbox 342 4457 1910 4534">
     <span class='ocr_line' id='line_1_79' title="bbox 342 4457 1910 4534; baseline 0.006 -24"><span class='ocrx_word' id='word_1_673' title='bbox 342 4457 576 4511; x_wconf 86' lang='lat' dir='ltr'><strong>hominis</strong></span> <span class='ocrx_word' id='word_1_674' title='bbox 598 4469 680 4512; x_wconf 85' lang='lat' dir='ltr'><strong>cst</strong></span> <span class='ocrx_word' id='word_1_675' title='bbox 710 4457 774 4511; x_wconf 83' lang='lat'><strong>&quot;.</strong></span> <span class='ocrx_word' id='word_1_676' title='bbox 801 4457 1096 4516; x_wconf 81' lang='lat' dir='ltr'><strong>Hcracleoa</strong></span> <span class='ocrx_word' id='word_1_677' title='bbox 1127 4477 1258 4517; x_wconf 86' lang='lat' dir='ltr'><strong>sane</strong></span> <span class='ocrx_word' id='word_1_678' title='bbox 1281 4462 1441 4519; x_wconf 88' lang='lat' dir='ltr'><strong>illud:</strong></span> <span class='ocrx_word' id='word_1_679' title='bbox 1464 4463 1561 4519; x_wconf 75' lang='lat' dir='ltr'><strong>Est</strong></span> <span class='ocrx_word' id='word_1_680' title='bbox 1587 4466 1678 4533; x_wconf 83' lang='lat' dir='ltr'><strong>qui</strong></span> <span class='ocrx_word' id='word_1_681' title='bbox 1696 4467 1910 4534; x_wconf 74' lang='lat' dir='ltr'><strong>quwrit,</strong></span> 
     </span>
    </p>
   </div>
   <div class='ocr_carea' id='block_1_80' title="bbox 341 4547 1909 4622">
    <p class='ocr_par' dir='ltr' id='par_1_80' title="bbox 341 4547 1909 4622">
     <span class='ocr_line' id='line_1_80' title="bbox 341 4547 1909 4622; baseline 0.006 -22"><span class='ocrx_word' id='word_1_682' title='bbox 341 4559 389 4600; x_wconf 78' lang='lat' dir='ltr'><strong>et</strong></span> <span class='ocrx_word' id='word_1_683' title='bbox 417 4547 646 4616; x_wconf 83' lang='lat' dir='ltr'><strong>judicat,</strong></span> <span class='ocrx_word' id='word_1_684' title='bbox 674 4548 839 4620; x_wconf 78' lang='lat'><strong>360</strong></span> <span class='ocrx_word' id='word_1_685' title='bbox 866 4548 1006 4622; x_wconf 74' lang='lat'><strong>[(52)</strong></span> <span class='ocrx_word' id='word_1_686' title='bbox 1048 4553 1115 4607; x_wconf 86' lang='lat' dir='ltr'><strong>ad</strong></span> <span class='ocrx_word' id='word_1_687' title='bbox 1150 4552 1364 4607; x_wconf 81' lang='lat' dir='ltr'><strong>Patrem</strong></span> <span class='ocrx_word' id='word_1_688' title='bbox 1411 4568 1514 4608; x_wconf 92' lang='lat' dir='ltr'><strong>non</strong></span> <span class='ocrx_word' id='word_1_689' title='bbox 1557 4552 1746 4621; x_wconf 82' lang='lat' dir='ltr'><strong>refert,</strong></span> <span class='ocrx_word' id='word_1_690' title='bbox 1787 4572 1909 4610; x_wconf 90' lang='lat' dir='ltr'><strong>cum</strong></span> 
     </span>
    </p>
   </div>
   <div class='ocr_carea' id='block_1_81' title="bbox 344 4643 1913 4717">
    <p class='ocr_par' dir='ltr' id='par_1_81' title="bbox 344 4643 1913 4717">
     <span class='ocr_line' id='line_1_81' title="bbox 344 4643 1913 4717; baseline 0.004 -21"><span class='ocrx_word' id='word_1_691' title='bbox 344 4644 459 4696; x_wconf 72' lang='lat' dir='ltr'><strong>haec</strong></span> <span class='ocrx_word' id='word_1_692' title='bbox 487 4643 673 4698; x_wconf 88' lang='lat' dir='ltr'><strong>dicat:</strong></span> <span class='ocrx_word' id='word_1_693' title='bbox 710 4661 728 4693; x_wconf 90' lang='grc' dir='ltr'><strong>ι</strong></span> <span class='ocrx_word' id='word_1_694' title='bbox 764 4647 866 4710; x_wconf 78' lang='lat' dir='ltr'><strong>Qui</strong></span> <span class='ocrx_word' id='word_1_695' title='bbox 891 4646 1103 4715; x_wconf 75' lang='lat' dir='ltr'><strong>quwrit,</strong></span> <span class='ocrx_word' id='word_1_696' title='bbox 1131 4657 1176 4698; x_wconf 78' lang='lat' dir='ltr'><strong>et</strong></span> <span class='ocrx_word' id='word_1_697' title='bbox 1208 4646 1416 4716; x_wconf 81' lang='lat' dir='ltr'><strong>judicat</strong></span> <span class='ocrx_word' id='word_1_698' title='bbox 1451 4644 1509 4717; x_wconf 93' lang='lat'><strong>,]</strong></span> <span class='ocrx_word' id='word_1_699' title='bbox 1550 4657 1654 4711; x_wconf 91' lang='lat' dir='ltr'><strong>est,</strong></span> <span class='ocrx_word' id='word_1_700' title='bbox 1689 4649 1781 4716; x_wconf 88' lang='lat' dir='ltr'><strong>qui</strong></span> <span class='ocrx_word' id='word_1_701' title='bbox 1825 4664 1913 4703; x_wconf 88' lang='lat' dir='ltr'><strong>me</strong></span> 
     </span>
    </p>
   </div>
   <div class='ocr_carea' id='block_1_82' title="bbox 339 4734 1912 4805">
    <p class='ocr_par' dir='ltr' id='par_1_82' title="bbox 339 4734 1912 4805">
     <span class='ocr_line' id='line_1_82' title="bbox 339 4734 1912 4805; baseline 0.007 -22"><span class='ocrx_word' id='word_1_702' title='bbox 339 4734 603 4799; x_wconf 78' lang='lat' dir='ltr'><strong>vindicat,</strong></span> <span class='ocrx_word' id='word_1_703' title='bbox 632 4735 882 4790; x_wconf 82' lang='lat' dir='ltr'><strong>minister</strong></span> <span class='ocrx_word' id='word_1_704' title='bbox 902 4737 967 4790; x_wconf 88' lang='lat' dir='ltr'><strong>ad</strong></span> <span class='ocrx_word' id='word_1_705' title='bbox 995 4739 1095 4791; x_wconf 88' lang='lat' dir='ltr'><strong>hoc</strong></span> <span class='ocrx_word' id='word_1_706' title='bbox 1119 4739 1421 4797; x_wconf 75' lang='lat' dir='ltr'><strong>ordinatus.</strong></span> <span class='ocrx_word' id='word_1_707' title='bbox 1450 4736 1542 4805; x_wconf 90' lang='lat' dir='ltr'><strong>qui</strong></span> <span class='ocrx_word' id='word_1_708' title='bbox 1568 4753 1673 4793; x_wconf 88' lang='lat' dir='ltr'><strong>non</strong></span> <span class='ocrx_word' id='word_1_709' title='bbox 1707 4749 1912 4794; x_wconf 84' lang='lat' dir='ltr'><strong>temere</strong></span> 
     </span>
    </p>
   </div>
   <div class='ocr_carea' id='block_1_83' title="bbox 342 4826 1933 4900">
    <p class='ocr_par' dir='ltr' id='par_1_83' title="bbox 342 4826 1933 4900">
     <span class='ocr_line' id='line_1_83' title="bbox 342 4826 1933 4900; baseline 0.006 -23"><span class='ocrx_word' id='word_1_710' title='bbox 342 4826 579 4893; x_wconf 77' lang='lat' dir='ltr'><strong>gladium</strong></span> <span class='ocrx_word' id='word_1_711' title='bbox 614 4838 813 4894; x_wconf 82' lang='lat' dir='ltr'><strong>portat,</strong></span> <span class='ocrx_word' id='word_1_712' title='bbox 843 4828 1042 4883; x_wconf 79' lang='lat' dir='ltr'><strong>vindex</strong></span> <span class='ocrx_word' id='word_1_713' title='bbox 1092 4830 1234 4897; x_wconf 80' lang='lat' dir='ltr'><strong>regis</strong></span> <span class='ocrx_word' id='word_1_714' title='bbox 1257 4829 1304 4859; x_wconf 71' lang='grc'><strong>⁷⁸</strong></span> <span class='ocrx_word' id='word_1_715' title='bbox 1333 4846 1346 4882; x_wconf 89' lang='lat'>:</span> <span class='ocrx_word' id='word_1_716' title='bbox 1380 4827 1594 4900; x_wconf 82' lang='lat' dir='ltr'><strong>Moyses</strong></span> <span class='ocrx_word' id='word_1_717' title='bbox 1620 4841 1801 4885; x_wconf 88' lang='lat' dir='ltr'><strong>autem</strong></span> <span class='ocrx_word' id='word_1_718' title='bbox 1831 4840 1933 4886; x_wconf 75' lang='lat' dir='ltr'><strong>est</strong></span> 
     </span>
    </p>
   </div>
   <div class='ocr_carea' id='block_1_84' title="bbox 342 4914 1911 4985">
    <p class='ocr_par' dir='ltr' id='par_1_84' title="bbox 342 4914 1911 4985">
     <span class='ocr_line' id='line_1_84' title="bbox 342 4914 1911 4985; baseline 0.006 -17"><span class='ocrx_word' id='word_1_719' title='bbox 342 4914 432 4971; x_wconf 82' lang='lat' dir='ltr'><strong>hic</strong></span> <span class='ocrx_word' id='word_1_720' title='bbox 457 4954 475 4981; x_wconf 90' lang='lat'><strong>,</strong></span> <span class='ocrx_word' id='word_1_721' title='bbox 525 4917 977 4984; x_wconf 87' lang='lat' dir='ltr'><strong>quemadmodum</strong></span> <span class='ocrx_word' id='word_1_722' title='bbox 1022 4920 1275 4985; x_wconf 87' lang='lat' dir='ltr'><strong>superius</strong></span> <span class='ocrx_word' id='word_1_723' title='bbox 1305 4919 1415 4974; x_wconf 87' lang='lat' dir='ltr'><strong>illis</strong></span> <span class='ocrx_word' id='word_1_724' title='bbox 1444 4921 1581 4975; x_wconf 78' lang='lat' dir='ltr'><strong>dixit</strong></span> <span class='ocrx_word' id='word_1_725' title='bbox 1631 4918 1793 4981; x_wconf 80' lang='lat' dir='ltr'><strong>Jcsus</strong></span> <span class='ocrx_word' id='word_1_726' title='bbox 1826 4922 1911 4976; x_wconf 87' lang='lat' dir='ltr'><strong>di-</strong></span> 
     </span>
    </p>
   </div>
   <div class='ocr_carea' id='block_1_85' title="bbox 341 5008 1914 5084">
    <p class='ocr_par' dir='ltr' id='par_1_85' title="bbox 341 5008 1914 5084">
     <span class='ocr_line' id='line_1_85' title="bbox 341 5008 1914 5084; baseline 0.003 -21"><span class='ocrx_word' id='word_1_727' title='bbox 341 5023 471 5064; x_wconf 85' lang='lat' dir='ltr'><strong>cens</strong></span> <span class='ocrx_word' id='word_1_728' title='bbox 501 5027 515 5064; x_wconf 92' lang='lat'><strong>:</strong></span> <span class='ocrx_word' id='word_1_729' title='bbox 554 5008 619 5062; x_wconf 77' lang='lat' dir='ltr'><strong>In</strong></span> <span class='ocrx_word' id='word_1_730' title='bbox 648 5025 800 5079; x_wconf 87' lang='lat' dir='ltr'><strong>quem</strong></span> <span class='ocrx_word' id='word_1_731' title='bbox 826 5026 912 5063; x_wconf 73' lang='lat' dir='ltr'><strong>uos</strong></span> <span class='ocrx_word' id='word_1_732' title='bbox 938 5012 1243 5079; x_wconf 73' lang='lat' dir='ltr'><strong>speravistis</strong></span> <span class='ocrx_word' id='word_1_733' title='bbox 1288 5011 1354 5065; x_wconf 78' lang='grc'><strong>⁷⁵.</strong></span> <span class='ocrx_word' id='word_1_734' title='bbox 1389 5031 1408 5063; x_wconf 74' lang='grc' dir='ltr'><strong>ι</strong></span> <span class='ocrx_word' id='word_1_735' title='bbox 1446 5009 1639 5067; x_wconf 88' lang='lat' dir='ltr'><strong>Postea</strong></span> <span class='ocrx_word' id='word_1_736' title='bbox 1685 5013 1914 5084; x_wconf 85' lang='lat' dir='ltr'><strong>subjun-</strong></span> 
     </span>
    </p>
   </div>
   <div class='ocr_carea' id='block_1_86' title="bbox 341 5101 1917 5176">
    <p class='ocr_par' dir='ltr' id='par_1_86' title="bbox 341 5101 1917 5176">
     <span class='ocr_line' id='line_1_86' title="bbox 341 5101 1917 5176; baseline 0.003 -20"><span class='ocrx_word' id='word_1_737' title='bbox 341 5103 419 5171; x_wconf 83' lang='lat' dir='ltr'><strong>git</strong></span> <span class='ocrx_word' id='word_1_738' title='bbox 449 5118 463 5156; x_wconf 89' lang='lat'><strong>:</strong></span> <span class='ocrx_word' id='word_1_739' title='bbox 497 5119 518 5153; x_wconf 84' lang='grc' dir='ltr'><strong>ι</strong></span> <span class='ocrx_word' id='word_1_740' title='bbox 557 5101 656 5166; x_wconf 81' lang='lat' dir='ltr'><strong>Qui</strong></span> <span class='ocrx_word' id='word_1_741' title='bbox 673 5101 899 5172; x_wconf 85' lang='lat' dir='ltr'><strong>judicat,</strong></span> <span class='ocrx_word' id='word_1_742' title='bbox 915 5113 970 5157; x_wconf 87' lang='lat' dir='ltr'><strong>et</strong></span> <span class='ocrx_word' id='word_1_743' title='bbox 994 5105 1164 5174; x_wconf 82' lang='lat' dir='ltr'><strong>punit,</strong></span> <span class='ocrx_word' id='word_1_744' title='bbox 1196 5115 1278 5158; x_wconf 84' lang='lat' dir='ltr'><strong>est</strong></span> <span class='ocrx_word' id='word_1_745' title='bbox 1301 5104 1532 5175; x_wconf 81' lang='lat' dir='ltr'><strong>Moyses,</strong></span> <span class='ocrx_word' id='word_1_746' title='bbox 1555 5103 1659 5160; x_wconf 89' lang='lat' dir='ltr'><strong>hoc</strong></span> <span class='ocrx_word' id='word_1_747' title='bbox 1684 5114 1769 5161; x_wconf 90' lang='lat' dir='ltr'><strong>est</strong></span> <span class='ocrx_word' id='word_1_748' title='bbox 1800 5106 1917 5176; x_wconf 84' lang='lat' dir='ltr'><strong>ipse</strong></span> 
     </span>
    </p>
   </div>
   <div class='ocr_carea' id='block_1_87' title="bbox 250 5172 1914 5267">
    <p class='ocr_par' dir='ltr' id='par_1_87' title="bbox 250 5172 1914 5267">
     <span class='ocr_line' id='line_1_87' title="bbox 250 5172 1914 5267; baseline 0.004 -19"><span class='ocrx_word' id='word_1_749' title='bbox 343 5193 640 5264; x_wconf 77' lang='lat' dir='ltr'><strong>lcgislator.</strong></span> <span class='ocrx_word' id='word_1_750' title='bbox 676 5213 694 5245; x_wconf 76' lang='grc' dir='ltr'><strong>ι</strong></span> <span class='ocrx_word' id='word_1_751' title='bbox 732 5193 924 5250; x_wconf 90' lang='lat' dir='ltr'><strong>Postea</strong></span> <span class='ocrx_word' id='word_1_752' title='bbox 973 5172 1194 5250; x_wconf 89' lang='lat' dir='ltr'><strong>dubium</strong></span> <span class='ocrx_word' id='word_1_753' title='bbox 1223 5172 1413 5251; x_wconf 79' lang='lat' dir='ltr'><strong>contra</strong></span> <span class='ocrx_word' id='word_1_754' title='bbox 1465 5197 1701 5267; x_wconf 88' lang='lat' dir='ltr'><strong>seipsum</strong></span> <span class='ocrx_word' id='word_1_755' title='bbox 1735 5208 1914 5255; x_wconf 89' lang='lat' dir='ltr'><strong>movet</strong></span> 
     </span>
    </p>
   </div>
   <div class='ocr_carea' id='block_1_88' title="bbox 251 5273 1915 5362">
    <p class='ocr_par' dir='ltr' id='par_1_88' title="bbox 251 5273 1915 5362">
     <span class='ocr_line' id='line_1_88' title="bbox 251 5273 1915 5362; baseline 0.004 -22"><span class='ocrx_word' id='word_1_756' title='bbox 251 5273 262 5287; x_wconf 73' lang='grc'><strong>’</strong></span> <span class='ocrx_word' id='word_1_757' title='bbox 342 5287 641 5342; x_wconf 86' lang='lat' dir='ltr'><strong>lleracleon</strong></span> <span class='ocrx_word' id='word_1_758' title='bbox 676 5287 864 5342; x_wconf 84' lang='lat' dir='ltr'><strong>dicens</strong></span> <span class='ocrx_word' id='word_1_759' title='bbox 896 5305 910 5342; x_wconf 88' lang='lat'><strong>:</strong></span> <span class='ocrx_word' id='word_1_760' title='bbox 947 5306 966 5338; x_wconf 78' lang='grc' dir='ltr'><strong>ι</strong></span> <span class='ocrx_word' id='word_1_761' title='bbox 997 5287 1281 5354; x_wconf 84' lang='lat' dir='ltr'><strong>Quomodo</strong></span> <span class='ocrx_word' id='word_1_762' title='bbox 1303 5290 1471 5359; x_wconf 79' lang='lat' dir='ltr'><strong>igitur</strong></span> <span class='ocrx_word' id='word_1_763' title='bbox 1496 5291 1630 5346; x_wconf 91' lang='lat' dir='ltr'><strong>dicit</strong></span> <span class='ocrx_word' id='word_1_764' title='bbox 1649 5305 1811 5346; x_wconf 89' lang='lat' dir='ltr'><strong>omne</strong></span> <span class='ocrx_word' id='word_1_765' title='bbox 1830 5291 1915 5362; x_wconf 90' lang='lat' dir='ltr'><strong>ju-</strong></span> 
     </span>
    </p>
   </div>
   <div class='ocr_carea' id='block_1_89' title="bbox 262 5379 1911 5466">
    <p class='ocr_par' dir='ltr' id='par_1_89' title="bbox 262 5379 1911 5466">
     <span class='ocr_line' id='line_1_89' title="bbox 262 5379 1911 5466; baseline 0.004 -34"><span class='ocrx_word' id='word_1_766' title='bbox 262 5456 268 5466; x_wconf 27' lang='grc' dir='ltr'><strong><em>ι</em></strong></span> <span class='ocrx_word' id='word_1_767' title='bbox 341 5379 543 5463; x_wconf 77' lang='lat' dir='ltr'><strong>diciqu</strong></span> <span class='ocrx_word' id='word_1_768' title='bbox 574 5381 678 5436; x_wconf 82' lang='lat' dir='ltr'><strong>sibi</strong></span> <span class='ocrx_word' id='word_1_769' title='bbox 713 5380 973 5436; x_wconf 87' lang='lat' dir='ltr'><strong>traditum</strong></span> <span class='ocrx_word' id='word_1_770' title='bbox 1002 5379 1248 5436; x_wconf 64' lang='lat' dir='ltr'><strong>fuisse?)</strong></span> <span class='ocrx_word' id='word_1_771' title='bbox 1279 5392 1334 5436; x_wconf 90' lang='lat' dir='ltr'><strong>et</strong></span> <span class='ocrx_word' id='word_1_772' title='bbox 1365 5384 1686 5438; x_wconf 80' lang='lat' dir='ltr'><strong>existimans</strong></span> <span class='ocrx_word' id='word_1_773' title='bbox 1718 5399 1778 5440; x_wconf 89' lang='lat' dir='ltr'><strong>se</strong></span> <span class='ocrx_word' id='word_1_774' title='bbox 1801 5385 1911 5439; x_wconf 81' lang='lat' dir='ltr'><strong>sol-</strong></span> 
     </span>
    </p>
   </div>
   <div class='ocr_carea' id='block_1_90' title="bbox 2017 3250 3573 3328">
    <p class='ocr_par' dir='ltr' id='par_1_90' title="bbox 2017 3250 3573 3328">
     <span class='ocr_line' id='line_1_90' title="bbox 2017 3250 3573 3328; baseline -0.005 -17"><span class='ocrx_word' id='word_1_775' title='bbox 2017 3257 2209 3311; x_wconf 78' lang='grc' dir='ltr'>λ“σοαι</span> <span class='ocrx_word' id='word_1_776' title='bbox 2255 3258 2316 3312; x_wconf 88' lang='grc' dir='ltr'><strong>τὸ</strong></span> <span class='ocrx_word' id='word_1_777' title='bbox 2356 3255 2778 3328; x_wconf 80' lang='grc' dir='ltr'>ὲπηπορημένον</span> <span class='ocrx_word' id='word_1_778' title='bbox 2826 3255 2955 3328; x_wconf 79' lang='grc' dir='ltr'>περὶ</span> <span class='ocrx_word' id='word_1_779' title='bbox 2997 3252 3092 3308; x_wconf 74' lang='grc' dir='ltr'>τοῦ</span> <span class='ocrx_word' id='word_1_780' title='bbox 3127 3252 3279 3326; x_wconf 71' lang='grc' dir='ltr'><strong>ι51)“</strong></span> <span class='ocrx_word' id='word_1_781' title='bbox 3349 3251 3488 3323; x_wconf 73' lang='grc' dir='ltr'><strong>Ἐγὼ</strong></span> <span class='ocrx_word' id='word_1_782' title='bbox 3519 3250 3573 3304; x_wconf 69' lang='grc' dir='ltr'><strong>δὲ</strong></span> 
     </span>
    </p>
   </div>
   <div class='ocr_carea' id='block_1_91' title="bbox 2014 3342 3573 3419">
    <p class='ocr_par' dir='ltr' id='par_1_91' title="bbox 2014 3342 3573 3419">
     <span class='ocr_line' id='line_1_91' title="bbox 2014 3342 3573 3419; baseline -0.005 -16"><span class='ocrx_word' id='word_1_783' title='bbox 2014 3352 2088 3404; x_wconf 87' lang='grc' dir='ltr'>οὐ</span> <span class='ocrx_word' id='word_1_784' title='bbox 2117 3348 2264 3418; x_wconf 80' lang='grc' dir='ltr'>ζητῶ</span> <span class='ocrx_word' id='word_1_785' title='bbox 2296 3347 2411 3417; x_wconf 77' lang='grc' dir='ltr'><strong>τὴν</strong></span> <span class='ocrx_word' id='word_1_786' title='bbox 2447 3347 2635 3412; x_wconf 71' lang='grc' dir='ltr'>δόξαν</span> <span class='ocrx_word' id='word_1_787' title='bbox 2655 3364 2805 3419; x_wconf 80' lang='grc' dir='ltr'>μου·</span> <span class='ocrx_word' id='word_1_788' title='bbox 2850 3346 3022 3402; x_wconf 81' lang='grc' dir='ltr'>ἔστιν</span> <span class='ocrx_word' id='word_1_789' title='bbox 3054 3349 3087 3402; x_wconf 85' lang='grc' dir='ltr'><strong>ό</strong></span> <span class='ocrx_word' id='word_1_790' title='bbox 3110 3344 3321 3415; x_wconf 68' lang='grc' dir='ltr'>ζητῶν,</span> <span class='ocrx_word' id='word_1_791' title='bbox 3353 3345 3445 3399; x_wconf 77' lang='grc' dir='ltr'><strong>καί</strong></span> <span class='ocrx_word' id='word_1_792' title='bbox 3472 3342 3573 3412; x_wconf 48' lang='lat' dir='ltr'><strong>apii</strong></span> 
     </span>
    </p>
   </div>
   <div class='ocr_carea' id='block_1_92' title="bbox 2013 3433 3571 3511">
    <p class='ocr_par' dir='ltr' id='par_1_92' title="bbox 2013 3433 3571 3511">
     <span class='ocr_line' id='line_1_92' title="bbox 2013 3433 3571 3511; baseline -0.006 -16"><span class='ocrx_word' id='word_1_793' title='bbox 2013 3458 2155 3495; x_wconf 78' lang='grc' dir='ltr'><strong>νων.</strong></span> <span class='ocrx_word' id='word_1_794' title='bbox 2198 3442 2351 3511; x_wconf 85' lang='grc' dir='ltr'>Ἔχει</span> <span class='ocrx_word' id='word_1_795' title='bbox 2377 3438 2433 3492; x_wconf 83' lang='grc' dir='ltr'>δέ</span> <span class='ocrx_word' id='word_1_796' title='bbox 2462 3454 2585 3492; x_wconf 85' lang='grc' dir='ltr'>τινα</span> <span class='ocrx_word' id='word_1_797' title='bbox 2626 3439 2718 3492; x_wconf 75' lang='grc' dir='ltr'>καὶ</span> <span class='ocrx_word' id='word_1_798' title='bbox 2749 3437 2982 3509; x_wconf 77' lang='grc' dir='ltr'>ἀτυφίας</span> <span class='ocrx_word' id='word_1_799' title='bbox 3014 3436 3253 3508; x_wconf 75' lang='grc' dir='ltr'>ἔμφασιν</span> <span class='ocrx_word' id='word_1_800' title='bbox 3288 3433 3571 3509; x_wconf 75' lang='grc' dir='ltr'>πρεπούσης</span> 
     </span>
    </p>
   </div>
   <div class='ocr_carea' id='block_1_93' title="bbox 2013 3520 3573 3605">
    <p class='ocr_par' dir='ltr' id='par_1_93' title="bbox 2013 3520 3573 3605">
     <span class='ocr_line' id='line_1_93' title="bbox 2013 3520 3573 3605; baseline -0.005 -19"><span class='ocrx_word' id='word_1_801' title='bbox 2013 3533 2090 3605; x_wconf 83' lang='grc' dir='ltr'><strong>τῷ</strong></span> <span class='ocrx_word' id='word_1_802' title='bbox 2137 3534 2346 3604; x_wconf 82' lang='grc' dir='ltr'>Σωτῆρι</span> <span class='ocrx_word' id='word_1_803' title='bbox 2394 3531 2455 3585; x_wconf 84' lang='grc' dir='ltr'><strong>τὸ</strong></span> <span class='ocrx_word' id='word_1_804' title='bbox 2480 3530 2768 3602; x_wconf 76' lang='grc' dir='ltr'>λεγόμενον</span> <span class='ocrx_word' id='word_1_805' title='bbox 2802 3532 2861 3584; x_wconf 82' lang='grc' dir='ltr'>ὲν</span> <span class='ocrx_word' id='word_1_806' title='bbox 2906 3529 2983 3601; x_wconf 83' lang='grc' dir='ltr'>τῷ</span> <span class='ocrx_word' id='word_1_807' title='bbox 3005 3546 3020 3560; x_wconf 90' lang='grc'><strong>·</strong></span> <span class='ocrx_word' id='word_1_808' title='bbox 3074 3528 3224 3602; x_wconf 58' lang='grc' dir='ltr'><strong>Ἐγὼ</strong></span> <span class='ocrx_word' id='word_1_809' title='bbox 3248 3528 3319 3583; x_wconf 79' lang='grc' dir='ltr'><strong>δὲ</strong></span> <span class='ocrx_word' id='word_1_810' title='bbox 3359 3530 3426 3583; x_wconf 81' lang='grc' dir='ltr'>οὐ</span> <span class='ocrx_word' id='word_1_811' title='bbox 3453 3520 3573 3593; x_wconf 73' lang='grc' dir='ltr'><strong>ζητώ</strong></span> 
     </span>
    </p>
   </div>
   <div class='ocr_carea' id='block_1_94' title="bbox 2014 3616 3572 3693">
    <p class='ocr_par' dir='ltr' id='par_1_94' title="bbox 2014 3616 3572 3693">
     <span class='ocr_line' id='line_1_94' title="bbox 2014 3616 3572 3693; baseline -0.006 -15"><span class='ocrx_word' id='word_1_812' title='bbox 2014 3623 2128 3691; x_wconf 75' lang='grc' dir='ltr'><strong>τὴν</strong></span> <span class='ocrx_word' id='word_1_813' title='bbox 2163 3624 2349 3688; x_wconf 72' lang='grc' dir='ltr'>δόξαν</span> <span class='ocrx_word' id='word_1_814' title='bbox 2367 3639 2488 3693; x_wconf 82' lang='grc' dir='ltr'><strong>μου</strong></span> <span class='ocrx_word' id='word_1_815' title='bbox 2514 3639 2526 3652; x_wconf 83' lang='lat'><strong><em>°</em></strong></span> <span class='ocrx_word' id='word_1_816' title='bbox 2560 3620 2681 3674; x_wconf 79' lang='grc' dir='ltr'>οὐδὲ</span> <span class='ocrx_word' id='word_1_817' title='bbox 2715 3620 2824 3693; x_wconf 79' lang='grc' dir='ltr'><strong>γὰρ</strong></span> <span class='ocrx_word' id='word_1_818' title='bbox 2852 3622 2990 3675; x_wconf 84' lang='grc' dir='ltr'>πάνυ</span> <span class='ocrx_word' id='word_1_819' title='bbox 3039 3620 3281 3693; x_wconf 74' lang='grc' dir='ltr'>ἔπρεπεν</span> <span class='ocrx_word' id='word_1_820' title='bbox 3313 3619 3468 3675; x_wconf 77' lang='grc' dir='ltr'>αὐτὸν</span> <span class='ocrx_word' id='word_1_821' title='bbox 3492 3616 3572 3687; x_wconf 76' lang='grc' dir='ltr'><strong>τὴν</strong></span> 
     </span>
    </p>
   </div>
   <div class='ocr_carea' id='block_1_95' title="bbox 2014 3706 3571 3782">
    <p class='ocr_par' dir='ltr' id='par_1_95' title="bbox 2014 3706 3571 3782">
     <span class='ocr_line' id='line_1_95' title="bbox 2014 3706 3571 3782; baseline -0.006 -13"><span class='ocrx_word' id='word_1_822' title='bbox 2014 3714 2207 3769; x_wconf 78' lang='grc' dir='ltr'>ἑαυτοῦ</span> <span class='ocrx_word' id='word_1_823' title='bbox 2236 3714 2394 3781; x_wconf 78' lang='grc' dir='ltr'>δόξαν</span> <span class='ocrx_word' id='word_1_824' title='bbox 2439 3713 2711 3776; x_wconf 81' lang='grc' dir='ltr'>ἀπαιτεῖν,</span> <span class='ocrx_word' id='word_1_825' title='bbox 2758 3711 2853 3765; x_wconf 72' lang='grc' dir='ltr'><strong>καὶ</strong></span> <span class='ocrx_word' id='word_1_826' title='bbox 2904 3710 2995 3764; x_wconf 75' lang='grc' dir='ltr'><strong>ἐπὶ</strong></span> <span class='ocrx_word' id='word_1_827' title='bbox 3032 3709 3207 3781; x_wconf 76' lang='grc' dir='ltr'>τούτῳ</span> <span class='ocrx_word' id='word_1_828' title='bbox 3240 3708 3445 3782; x_wconf 85' lang='grc' dir='ltr'>κρίνειν</span> <span class='ocrx_word' id='word_1_829' title='bbox 3468 3706 3571 3768; x_wconf 73' lang='grc' dir='ltr'>τοὺς</span> 
     </span>
    </p>
   </div>
   <div class='ocr_carea' id='block_1_96' title="bbox 2016 3796 3572 3880">
    <p class='ocr_par' dir='ltr' id='par_1_96' title="bbox 2016 3796 3572 3880">
     <span class='ocr_line' id='line_1_96' title="bbox 2016 3796 3572 3880; baseline -0.006 -19"><span class='ocrx_word' id='word_1_830' title='bbox 2016 3809 2092 3880; x_wconf 81' lang='grc' dir='ltr'><strong>μὴ</strong></span> <span class='ocrx_word' id='word_1_831' title='bbox 2123 3804 2531 3869; x_wconf 82' lang='grc' dir='ltr'>ἀποδεδωκότας</span> <span class='ocrx_word' id='word_1_832' title='bbox 2558 3804 2758 3876; x_wconf 69' lang='grc' dir='ltr'>αὐτὴψ</span> <span class='ocrx_word' id='word_1_833' title='bbox 2795 3803 2909 3857; x_wconf 82' lang='grc' dir='ltr'>ἀλλ’</span> <span class='ocrx_word' id='word_1_834' title='bbox 2941 3803 3109 3875; x_wconf 81' lang='grc' dir='ltr'>ἐχρῆν</span> <span class='ocrx_word' id='word_1_835' title='bbox 3139 3803 3230 3856; x_wconf 83' lang='grc' dir='ltr'><strong>τὸν</strong></span> <span class='ocrx_word' id='word_1_836' title='bbox 3270 3800 3484 3872; x_wconf 77' lang='grc' dir='ltr'>Πατέρα</span> <span class='ocrx_word' id='word_1_837' title='bbox 3509 3796 3572 3850; x_wconf 81' lang='grc' dir='ltr'><strong>δό-</strong></span> 
     </span>
    </p>
   </div>
   <div class='ocr_carea' id='block_1_97' title="bbox 2015 3891 3572 3969">
    <p class='ocr_par' dir='ltr' id='par_1_97' title="bbox 2015 3891 3572 3969">
     <span class='ocr_line' id='line_1_97' title="bbox 2015 3891 3572 3969; baseline -0.008 -15"><span class='ocrx_word' id='word_1_838' title='bbox 2015 3898 2111 3966; x_wconf 80' lang='grc' dir='ltr'>ξαν</span> <span class='ocrx_word' id='word_1_839' title='bbox 2140 3898 2406 3953; x_wconf 87' lang='grc' dir='ltr'>δεδωκότα</span> <span class='ocrx_word' id='word_1_840' title='bbox 2446 3897 2525 3969; x_wconf 84' lang='grc' dir='ltr'>τῷ</span> <span class='ocrx_word' id='word_1_841' title='bbox 2557 3894 2671 3967; x_wconf 82' lang='grc' dir='ltr'>Υίῷ</span> <span class='ocrx_word' id='word_1_842' title='bbox 2701 3896 2949 3949; x_wconf 83' lang='grc' dir='ltr'>ἀπαιτεῖν</span> <span class='ocrx_word' id='word_1_843' title='bbox 2993 3895 3161 3968; x_wconf 80' lang='grc' dir='ltr'>αὐτὴν</span> <span class='ocrx_word' id='word_1_844' title='bbox 3204 3895 3317 3948; x_wconf 77' lang='grc' dir='ltr'><strong>ἀπὸ</strong></span> <span class='ocrx_word' id='word_1_845' title='bbox 3342 3892 3446 3946; x_wconf 86' lang='grc' dir='ltr'><strong>τῶν</strong></span> <span class='ocrx_word' id='word_1_846' title='bbox 3470 3891 3572 3944; x_wconf 76' lang='grc' dir='ltr'>ἀπο-</span> 
     </span>
    </p>
   </div>
   <div class='ocr_carea' id='block_1_98' title="bbox 1986 3981 3655 4072">
    <p class='ocr_par' dir='ltr' id='par_1_98' title="bbox 1986 3981 3655 4072">
     <span class='ocr_line' id='line_1_98' title="bbox 1986 3981 3655 4072; baseline -0.007 -18"><span class='ocrx_word' id='word_1_847' title='bbox 1986 3999 2368 4072; x_wconf 59' lang='grc' dir='ltr'>στερούντων,</span> <span class='ocrx_word' id='word_1_848' title='bbox 2399 3998 2495 4054; x_wconf 79' lang='grc' dir='ltr'><strong>καὶ</strong></span> <span class='ocrx_word' id='word_1_849' title='bbox 2523 3998 2729 4069; x_wconf 81' lang='grc' dir='ltr'>κρίνειν</span> <span class='ocrx_word' id='word_1_850' title='bbox 2773 3995 2969 4057; x_wconf 77' lang='grc' dir='ltr'>αὐτοὺς</span> <span class='ocrx_word' id='word_1_851' title='bbox 3000 3992 3093 4045; x_wconf 79' lang='grc' dir='ltr'><strong>ἐπὶ</strong></span> <span class='ocrx_word' id='word_1_852' title='bbox 3133 3989 3331 4063; x_wconf 74' lang='grc' dir='ltr'>ταύτῃ.</span> <span class='ocrx_word' id='word_1_853' title='bbox 3362 3987 3501 4056; x_wconf 78' lang='grc' dir='ltr'>Τάχα</span> <span class='ocrx_word' id='word_1_854' title='bbox 3526 3981 3571 4035; x_wconf 71' lang='grc' dir='ltr'><strong>δὲ</strong></span> <span class='ocrx_word' id='word_1_855' title='bbox 3654 4040 3655 4043; x_wconf 44' lang='grc' dir='ltr'><strong>η</strong></span> 
     </span>
    </p>
   </div>
   <div class='ocr_carea' id='block_1_99' title="bbox 2014 4073 3571 4165">
    <p class='ocr_par' dir='ltr' id='par_1_99' title="bbox 2014 4073 3571 4165">
     <span class='ocr_line' id='line_1_99' title="bbox 2014 4073 3571 4165; baseline -0.013 -17"><span class='ocrx_word' id='word_1_856' title='bbox 2014 4093 2108 4148; x_wconf 75' lang='grc' dir='ltr'><strong>καὶ</strong></span> <span class='ocrx_word' id='word_1_857' title='bbox 2138 4096 2167 4148; x_wconf 88' lang='grc' dir='ltr'>ὁ</span> <span class='ocrx_word' id='word_1_858' title='bbox 2192 4093 2406 4165; x_wconf 84' lang='grc' dir='ltr'>Σωτὴρ,</span> <span class='ocrx_word' id='word_1_859' title='bbox 2452 4090 2696 4164; x_wconf 81' lang='grc' dir='ltr'>μιμητὴς</span> <span class='ocrx_word' id='word_1_860' title='bbox 2720 4089 2794 4143; x_wconf 82' lang='grc' dir='ltr'><strong>ῶν</strong></span> <span class='ocrx_word' id='word_1_861' title='bbox 2819 4088 2913 4141; x_wconf 80' lang='grc' dir='ltr'>τοῦ</span> <span class='ocrx_word' id='word_1_862' title='bbox 2941 4084 3175 4157; x_wconf 83' lang='grc' dir='ltr'>Πατρὸς,</span> <span class='ocrx_word' id='word_1_863' title='bbox 3204 4080 3364 4152; x_wconf 78' lang='grc' dir='ltr'>ζητεῖ</span> <span class='ocrx_word' id='word_1_864' title='bbox 3391 4078 3481 4149; x_wconf 80' lang='grc' dir='ltr'>τὴν</span> <span class='ocrx_word' id='word_1_865' title='bbox 3503 4073 3571 4128; x_wconf 72' lang='grc' dir='ltr'><strong>ὁὸ-</strong></span> 
     </span>
    </p>
   </div>
   <div class='ocr_carea' id='block_1_100' title="bbox 2015 4166 3567 4253">
    <p class='ocr_par' dir='ltr' id='par_1_100' title="bbox 2015 4166 3567 4253">
     <span class='ocr_line' id='line_1_100' title="bbox 2015 4166 3567 4253; baseline -0.014 -12"><span class='ocrx_word' id='word_1_866' title='bbox 2015 4186 2112 4252; x_wconf 80' lang='grc' dir='ltr'><strong>ξαν</strong></span> <span class='ocrx_word' id='word_1_867' title='bbox 2135 4186 2228 4240; x_wconf 79' lang='grc' dir='ltr'>τοῦ</span> <span class='ocrx_word' id='word_1_868' title='bbox 2268 4184 2404 4240; x_wconf 83' lang='grc' dir='ltr'>Θεοῦ</span> <span class='ocrx_word' id='word_1_869' title='bbox 2450 4186 2557 4240; x_wconf 83' lang='grc' dir='ltr'>ἀπὸ</span> <span class='ocrx_word' id='word_1_870' title='bbox 2600 4183 2709 4237; x_wconf 88' lang='grc' dir='ltr'><strong>τῶν</strong></span> <span class='ocrx_word' id='word_1_871' title='bbox 2759 4178 3133 4253; x_wconf 85' lang='grc' dir='ltr'>μανθανόντων</span> <span class='ocrx_word' id='word_1_872' title='bbox 3170 4174 3241 4229; x_wconf 76' lang='grc' dir='ltr'><strong>τὰ</strong></span> <span class='ocrx_word' id='word_1_873' title='bbox 3270 4173 3401 4245; x_wconf 72' lang='grc' dir='ltr'>περὶ</span> <span class='ocrx_word' id='word_1_874' title='bbox 3427 4166 3567 4222; x_wconf 74' lang='grc' dir='ltr'><strong>Θεοῦ’</strong></span> 
     </span>
    </p>
   </div>
   <div class='ocr_carea' id='block_1_101' title="bbox 2013 4259 3569 4350">
    <p class='ocr_par' dir='ltr' id='par_1_101' title="bbox 2013 4259 3569 4350">
     <span class='ocr_line' id='line_1_101' title="bbox 2013 4259 3569 4350; baseline -0.014 -18"><span class='ocrx_word' id='word_1_875' title='bbox 2013 4278 2108 4332; x_wconf 76' lang='grc' dir='ltr'><strong>καὶ</strong></span> <span class='ocrx_word' id='word_1_876' title='bbox 2138 4278 2187 4331; x_wconf 80' lang='grc' dir='ltr'>εἰ</span> <span class='ocrx_word' id='word_1_877' title='bbox 2219 4277 2294 4350; x_wconf 84' lang='grc' dir='ltr'><strong>μὴ</strong></span> <span class='ocrx_word' id='word_1_878' title='bbox 2323 4275 2472 4348; x_wconf 80' lang='grc' dir='ltr'>εὖροι</span> <span class='ocrx_word' id='word_1_879' title='bbox 2504 4274 2603 4345; x_wconf 79' lang='grc' dir='ltr'>τὴν</span> <span class='ocrx_word' id='word_1_880' title='bbox 2628 4272 2722 4328; x_wconf 84' lang='grc' dir='ltr'>τοῦ</span> <span class='ocrx_word' id='word_1_881' title='bbox 2748 4270 2962 4343; x_wconf 83' lang='grc' dir='ltr'>Πατρὸς</span> <span class='ocrx_word' id='word_1_882' title='bbox 2989 4268 3147 4336; x_wconf 76' lang='grc' dir='ltr'>δόξαν</span> <span class='ocrx_word' id='word_1_883' title='bbox 3174 4266 3231 4320; x_wconf 77' lang='grc' dir='ltr'><strong>έν</strong></span> <span class='ocrx_word' id='word_1_884' title='bbox 3257 4281 3393 4327; x_wconf 85' lang='grc' dir='ltr'>τισι,</span> <span class='ocrx_word' id='word_1_885' title='bbox 3414 4259 3569 4332; x_wconf 74' lang='grc' dir='ltr'>κρίναι</span> 
     </span>
    </p>
   </div>
   <div class='ocr_carea' id='block_1_102' title="bbox 2012 4352 3566 4433">
    <p class='ocr_par' dir='ltr' id='par_1_102' title="bbox 2012 4352 3566 4433">
     <span class='ocr_line' id='line_1_102' title="bbox 2012 4352 3566 4433; baseline -0.012 -10"><span class='ocrx_word' id='word_1_886' title='bbox 2012 4368 2078 4423; x_wconf 86' lang='grc' dir='ltr'>ἂν</span> <span class='ocrx_word' id='word_1_887' title='bbox 2106 4369 2367 4432; x_wconf 76' lang='grc' dir='ltr'>ἐκείνους,</span> <span class='ocrx_word' id='word_1_888' title='bbox 2421 4367 2498 4432; x_wconf 85' lang='grc' dir='ltr'>ὡς</span> <span class='ocrx_word' id='word_1_889' title='bbox 2546 4365 2794 4433; x_wconf 75' lang='grc' dir='ltr'>ἐξουσίαν</span> <span class='ocrx_word' id='word_1_890' title='bbox 2839 4361 3019 4419; x_wconf 80' lang='grc' dir='ltr'>λαϐὼν</span> <span class='ocrx_word' id='word_1_891' title='bbox 3059 4360 3239 4433; x_wconf 87' lang='grc' dir='ltr'>κρίσιν</span> <span class='ocrx_word' id='word_1_892' title='bbox 3286 4358 3472 4416; x_wconf 83' lang='grc' dir='ltr'>ποιεῖν,</span> <span class='ocrx_word' id='word_1_893' title='bbox 3502 4352 3566 4404; x_wconf 76' lang='grc' dir='ltr'>ὅτι</span> 
     </span>
    </p>
   </div>
   <div class='ocr_carea' id='block_1_103' title="bbox 2017 4442 3564 4531">
    <p class='ocr_par' dir='ltr' id='par_1_103' title="bbox 2017 4442 3564 4531">
     <span class='ocr_line' id='line_1_103' title="bbox 2017 4442 3564 4531; baseline -0.012 -15"><span class='ocrx_word' id='word_1_894' title='bbox 2017 4460 2144 4523; x_wconf 80' lang='grc' dir='ltr'>Υἱὸς</span> <span class='ocrx_word' id='word_1_895' title='bbox 2196 4459 2482 4531; x_wconf 77' lang='grc' dir='ltr'>ἀνθρώπου</span> <span class='ocrx_word' id='word_1_896' title='bbox 2528 4459 2696 4513; x_wconf 81' lang='grc' dir='ltr'>ἐστίν.</span> <span class='ocrx_word' id='word_1_897' title='bbox 2747 4456 2804 4513; x_wconf 88' lang='lat'><strong>&#39;0</strong></span> <span class='ocrx_word' id='word_1_898' title='bbox 2855 4455 3101 4529; x_wconf 80' lang='grc' dir='ltr'>μέντοιγε</span> <span class='ocrx_word' id='word_1_899' title='bbox 3141 4450 3449 4523; x_wconf 80' lang='grc' dir='ltr'>Ἡρακλέων</span> <span class='ocrx_word' id='word_1_900' title='bbox 3490 4442 3564 4497; x_wconf 78' lang='grc' dir='ltr'><strong>τὸ·</strong></span> 
     </span>
    </p>
   </div>
   <div class='ocr_carea' id='block_1_104' title="bbox 2021 4537 3565 4621">
    <p class='ocr_par' dir='ltr' id='par_1_104' title="bbox 2021 4537 3565 4621">
     <span class='ocr_line' id='line_1_104' title="bbox 2021 4537 3565 4621; baseline -0.011 -12"><span class='ocrx_word' id='word_1_901' title='bbox 2021 4556 2232 4609; x_wconf 83' lang='grc' dir='ltr'>Ἔστιν</span> <span class='ocrx_word' id='word_1_902' title='bbox 2270 4557 2303 4608; x_wconf 83' lang='grc' dir='ltr'><em>ὀ</em></span> <span class='ocrx_word' id='word_1_903' title='bbox 2334 4552 2538 4621; x_wconf 81' lang='grc' dir='ltr'>ζητῶν,</span> <span class='ocrx_word' id='word_1_904' title='bbox 2564 4553 2665 4607; x_wconf 72' lang='grc' dir='ltr'>καὶ</span> <span class='ocrx_word' id='word_1_905' title='bbox 2687 4552 2924 4619; x_wconf 78' lang='grc' dir='ltr'>κρίνων,</span> <span class='ocrx_word' id='word_1_906' title='bbox 2960 4550 3060 4603; x_wconf 77' lang='grc' dir='ltr'><strong>οὐκ</strong></span> <span class='ocrx_word' id='word_1_907' title='bbox 3095 4545 3364 4618; x_wconf 77' lang='grc' dir='ltr'>ἀναφέρει</span> <span class='ocrx_word' id='word_1_908' title='bbox 3391 4537 3565 4596; x_wconf 71' lang='grc' dir='ltr'>ἐπἰτόν</span> 
     </span>
    </p>
   </div>
   <div class='ocr_carea' id='block_1_105' title="bbox 2015 4632 3562 4717">
    <p class='ocr_par' dir='ltr' id='par_1_105' title="bbox 2015 4632 3562 4717">
     <span class='ocr_line' id='line_1_105' title="bbox 2015 4632 3562 4717; baseline -0.004 -19"><span class='ocrx_word' id='word_1_909' title='bbox 2015 4645 2252 4717; x_wconf 83' lang='grc' dir='ltr'>Πατέρα,</span> <span class='ocrx_word' id='word_1_910' title='bbox 2266 4645 2488 4699; x_wconf 77' lang='grc' dir='ltr'>τοιαῦτα</span> <span class='ocrx_word' id='word_1_911' title='bbox 2501 4645 2692 4715; x_wconf 75' lang='grc' dir='ltr'>λέγων·</span> <span class='ocrx_word' id='word_1_912' title='bbox 2715 4663 2731 4695; x_wconf 82' lang='grc' dir='ltr'><strong>ι</strong></span> <span class='ocrx_word' id='word_1_913' title='bbox 2755 4646 2815 4698; x_wconf 82' lang='lat'><strong>&#39;0</strong></span> <span class='ocrx_word' id='word_1_914' title='bbox 2831 4641 3036 4712; x_wconf 77' lang='grc' dir='ltr'>ζητῶν,</span> <span class='ocrx_word' id='word_1_915' title='bbox 3056 4640 3153 4694; x_wconf 82' lang='grc' dir='ltr'>καὶ</span> <span class='ocrx_word' id='word_1_916' title='bbox 3167 4639 3407 4709; x_wconf 75' lang='grc' dir='ltr'>κρίνων,</span> <span class='ocrx_word' id='word_1_917' title='bbox 3422 4632 3562 4692; x_wconf 69' lang='grc' dir='ltr'>ἐστὶν»</span> 
     </span>
    </p>
   </div>
   <div class='ocr_carea' id='block_1_106' title="bbox 2014 4726 3561 4811">
    <p class='ocr_par' dir='ltr' id='par_1_106' title="bbox 2014 4726 3561 4811">
     <span class='ocr_line' id='line_1_106' title="bbox 2014 4726 3561 4811; baseline -0.004 -19"><span class='ocrx_word' id='word_1_918' title='bbox 2014 4742 2044 4792; x_wconf 86' lang='lat'><strong>6</strong></span> <span class='ocrx_word' id='word_1_919' title='bbox 2073 4738 2302 4792; x_wconf 78' lang='grc' dir='ltr'>ἐκδικῶν</span> <span class='ocrx_word' id='word_1_920' title='bbox 2338 4755 2426 4809; x_wconf 88' lang='grc' dir='ltr'>με,</span> <span class='ocrx_word' id='word_1_921' title='bbox 2476 4741 2505 4792; x_wconf 87' lang='lat'><strong>6</strong></span> <span class='ocrx_word' id='word_1_922' title='bbox 2546 4737 2825 4811; x_wconf 85' lang='grc' dir='ltr'>ὑπηρέτης</span> <span class='ocrx_word' id='word_1_923' title='bbox 2854 4739 2882 4790; x_wconf 90' lang='grc' dir='ltr'>ὁ</span> <span class='ocrx_word' id='word_1_924' title='bbox 2928 4737 3008 4799; x_wconf 81' lang='grc' dir='ltr'>εἰς</span> <span class='ocrx_word' id='word_1_925' title='bbox 3050 4733 3209 4787; x_wconf 82' lang='grc' dir='ltr'>τοῦτο</span> <span class='ocrx_word' id='word_1_926' title='bbox 3237 4726 3561 4799; x_wconf 69' lang='grc' dir='ltr'>τεταγμένος.</span> 
     </span>
    </p>
   </div>
   <div class='ocr_carea' id='block_1_107' title="bbox 2014 4818 3563 4902">
    <p class='ocr_par' dir='ltr' id='par_1_107' title="bbox 2014 4818 3563 4902">
     <span class='ocr_line' id='line_1_107' title="bbox 2014 4818 3563 4902; baseline -0.021 1"><span class='ocrx_word' id='word_1_927' title='bbox 2014 4834 2045 4886; x_wconf 74' lang='grc' dir='ltr'>ὁ</span> <span class='ocrx_word' id='word_1_928' title='bbox 2076 4831 2150 4901; x_wconf 71' lang='grc' dir='ltr'><strong>μὴ</strong></span> <span class='ocrx_word' id='word_1_929' title='bbox 2184 4830 2307 4901; x_wconf 74' lang='grc' dir='ltr'>είκῆ</span> <span class='ocrx_word' id='word_1_930' title='bbox 2353 4830 2450 4902; x_wconf 79' lang='grc' dir='ltr'><strong>τὴν</strong></span> <span class='ocrx_word' id='word_1_931' title='bbox 2482 4830 2756 4902; x_wconf 78' lang='grc' dir='ltr'>μάχαιραν</span> <span class='ocrx_word' id='word_1_932' title='bbox 2780 4827 2983 4901; x_wconf 79' lang='grc' dir='ltr'>φορῶν,</span> <span class='ocrx_word' id='word_1_933' title='bbox 3024 4829 3054 4881; x_wconf 90' lang='lat'><strong>6</strong></span> <span class='ocrx_word' id='word_1_934' title='bbox 3086 4825 3297 4888; x_wconf 82' lang='grc' dir='ltr'>ἔκδικος</span> <span class='ocrx_word' id='word_1_935' title='bbox 3320 4820 3411 4876; x_wconf 77' lang='grc' dir='ltr'>τοῦ</span> <span class='ocrx_word' id='word_1_936' title='bbox 3439 4818 3563 4891; x_wconf 78' lang='grc' dir='ltr'>βασι·</span> 
     </span>
    </p>
   </div>
   <div class='ocr_carea' id='block_1_108' title="bbox 2018 4908 3562 4993">
    <p class='ocr_par' dir='ltr' id='par_1_108' title="bbox 2018 4908 3562 4993">
     <span class='ocr_line' id='line_1_108' title="bbox 2018 4908 3562 4993; baseline -0.01 -16"><span class='ocrx_word' id='word_1_937' title='bbox 2018 4921 2153 4987; x_wconf 84' lang='grc' dir='ltr'>λέως</span> <span class='ocrx_word' id='word_1_938' title='bbox 2172 4939 2185 4951; x_wconf 81' lang='lat'><strong><em>°</em></strong></span> <span class='ocrx_word' id='word_1_939' title='bbox 2206 4924 2341 4977; x_wconf 81' lang='grc' dir='ltr'><strong>Μωῦ</strong></span> <span class='ocrx_word' id='word_1_940' title='bbox 2350 4922 2444 4993; x_wconf 85' lang='grc' dir='ltr'><strong>σῆς</strong></span> <span class='ocrx_word' id='word_1_941' title='bbox 2459 4921 2517 4974; x_wconf 88' lang='grc' dir='ltr'><strong>δέ</strong></span> <span class='ocrx_word' id='word_1_942' title='bbox 2533 4923 2678 4975; x_wconf 84' lang='grc' dir='ltr'>ἐστιν</span> <span class='ocrx_word' id='word_1_943' title='bbox 2701 4916 2874 4984; x_wconf 77' lang='grc' dir='ltr'>οὗτος,</span> <span class='ocrx_word' id='word_1_944' title='bbox 2905 4918 3046 4975; x_wconf 78' lang='grc' dir='ltr'>καθὰ</span> <span class='ocrx_word' id='word_1_945' title='bbox 3072 4915 3393 4990; x_wconf 86' lang='grc' dir='ltr'>προείρηκεν</span> <span class='ocrx_word' id='word_1_946' title='bbox 3411 4908 3562 4971; x_wconf 63' lang='lat' dir='ltr'><strong>uinci;</strong></span> 
     </span>
    </p>
   </div>
   <div class='ocr_carea' id='block_1_109' title="bbox 2020 5001 3562 5083">
    <p class='ocr_par' dir='ltr' id='par_1_109' title="bbox 2020 5001 3562 5083">
     <span class='ocr_line' id='line_1_109' title="bbox 2020 5001 3562 5083; baseline -0.003 -18"><span class='ocrx_word' id='word_1_947' title='bbox 2020 5012 2225 5082; x_wconf 83' lang='grc' dir='ltr'>λέγων·</span> <span class='ocrx_word' id='word_1_948' title='bbox 2270 5015 2371 5079; x_wconf 76' lang='grc' dir='ltr'><strong>Εἰς</strong></span> <span class='ocrx_word' id='word_1_949' title='bbox 2419 5012 2509 5069; x_wconf 79' lang='grc' dir='ltr'><strong>ὃν,</strong></span> <span class='ocrx_word' id='word_1_950' title='bbox 2538 5013 2707 5083; x_wconf 81' lang='grc' dir='ltr'>ὑμεῖς</span> <span class='ocrx_word' id='word_1_951' title='bbox 2755 5012 3088 5079; x_wconf 70' lang='grc' dir='ltr'>ἠλπίσατεσ</span> <span class='ocrx_word' id='word_1_952' title='bbox 3112 5027 3132 5059; x_wconf 72' lang='grc' dir='ltr'><strong>ι</strong></span> <span class='ocrx_word' id='word_1_953' title='bbox 3190 5002 3287 5060; x_wconf 74' lang='grc' dir='ltr'>εἶτ’</span> <span class='ocrx_word' id='word_1_954' title='bbox 3322 5001 3562 5072; x_wconf 74' lang='grc' dir='ltr'>ἐπιφέρει»</span> 
     </span>
    </p>
   </div>
   <div class='ocr_carea' id='block_1_110' title="bbox 2019 5094 3561 5177">
    <p class='ocr_par' dir='ltr' id='par_1_110' title="bbox 2019 5094 3561 5177">
     <span class='ocr_line' id='line_1_110' title="bbox 2019 5094 3561 5177; baseline -0.011 -16"><span class='ocrx_word' id='word_1_955' title='bbox 2019 5107 2102 5161; x_wconf 83' lang='grc' dir='ltr'>ὅτι</span> <span class='ocrx_word' id='word_1_956' title='bbox 2132 5125 2150 5157; x_wconf 81' lang='grc' dir='ltr'><strong>ι</strong></span> <span class='ocrx_word' id='word_1_957' title='bbox 2174 5106 2231 5157; x_wconf 91' lang='grc' dir='ltr'>Ὀ</span> <span class='ocrx_word' id='word_1_958' title='bbox 2262 5105 2482 5177; x_wconf 88' lang='grc' dir='ltr'>κρίνων,</span> <span class='ocrx_word' id='word_1_959' title='bbox 2510 5106 2604 5159; x_wconf 77' lang='grc' dir='ltr'>καὶ</span> <span class='ocrx_word' id='word_1_960' title='bbox 2637 5103 2878 5170; x_wconf 77' lang='grc' dir='ltr'>κολάζων</span> <span class='ocrx_word' id='word_1_961' title='bbox 2891 5103 3008 5157; x_wconf 76' lang='grc' dir='ltr'>ἐστὶ</span> <span class='ocrx_word' id='word_1_962' title='bbox 3024 5098 3288 5172; x_wconf 82' lang='grc' dir='ltr'>Μωῦσῆς,</span> <span class='ocrx_word' id='word_1_963' title='bbox 3318 5094 3561 5150; x_wconf 83' lang='grc' dir='ltr'>τουτέστιν</span> 
     </span>
    </p>
   </div>
   <div class='ocr_carea' id='block_1_111' title="bbox 2018 5181 3561 5269">
    <p class='ocr_par' dir='ltr' id='par_1_111' title="bbox 2018 5181 3561 5269">
     <span class='ocr_line' id='line_1_111' title="bbox 2018 5181 3561 5269; baseline -0.009 -18"><span class='ocrx_word' id='word_1_964' title='bbox 2018 5198 2182 5262; x_wconf 83' lang='grc' dir='ltr'>αὐτὸς</span> <span class='ocrx_word' id='word_1_965' title='bbox 2227 5201 2256 5253; x_wconf 87' lang='lat'><strong>6</strong></span> <span class='ocrx_word' id='word_1_966' title='bbox 2281 5181 2598 5269; x_wconf 72' lang='grc' dir='ltr'>νομοθέτης.</span> <span class='ocrx_word' id='word_1_967' title='bbox 2646 5216 2664 5247; x_wconf 80' lang='grc' dir='ltr'><strong>ι</strong></span> <span class='ocrx_word' id='word_1_968' title='bbox 2715 5193 2823 5249; x_wconf 70' lang='grc' dir='ltr'><strong>Καὶ</strong></span> <span class='ocrx_word' id='word_1_969' title='bbox 2871 5192 3009 5266; x_wconf 79' lang='grc' dir='ltr'>μετὰ</span> <span class='ocrx_word' id='word_1_970' title='bbox 3042 5191 3200 5246; x_wconf 78' lang='grc' dir='ltr'>τοῦτο</span> <span class='ocrx_word' id='word_1_971' title='bbox 3230 5189 3365 5262; x_wconf 77' lang='grc' dir='ltr'>πρὸς</span> <span class='ocrx_word' id='word_1_972' title='bbox 3400 5183 3561 5240; x_wconf 57' lang='grc' dir='ltr'>ἑαυτὸν</span> 
     </span>
    </p>
   </div>
   <div class='ocr_carea' id='block_1_112' title="bbox 2017 5275 3551 5361">
    <p class='ocr_par' dir='ltr' id='par_1_112' title="bbox 2017 5275 3551 5361">
     <span class='ocr_line' id='line_1_112' title="bbox 2017 5275 3551 5361; baseline -0.01 -18"><span class='ocrx_word' id='word_1_973' title='bbox 2017 5291 2287 5360; x_wconf 76' lang='grc' dir='ltr'>ἐπαπορεί</span> <span class='ocrx_word' id='word_1_974' title='bbox 2316 5292 2344 5344; x_wconf 90' lang='lat'><strong>6</strong></span> <span class='ocrx_word' id='word_1_975' title='bbox 2384 5286 2696 5361; x_wconf 82' lang='grc' dir='ltr'>’Πρακλέων</span> <span class='ocrx_word' id='word_1_976' title='bbox 2720 5287 2893 5356; x_wconf 87' lang='grc' dir='ltr'>λέγων</span> <span class='ocrx_word' id='word_1_977' title='bbox 2912 5304 2925 5316; x_wconf 92' lang='grc'><strong>·</strong></span> <span class='ocrx_word' id='word_1_978' title='bbox 2962 5306 2980 5337; x_wconf 83' lang='grc' dir='ltr'><strong>ι</strong></span> <span class='ocrx_word' id='word_1_979' title='bbox 3000 5284 3126 5348; x_wconf 87' lang='grc' dir='ltr'>Πῶς</span> <span class='ocrx_word' id='word_1_980' title='bbox 3161 5278 3255 5337; x_wconf 61' lang='grc' dir='ltr'><strong>οὖν</strong></span> <span class='ocrx_word' id='word_1_981' title='bbox 3280 5281 3339 5334; x_wconf 81' lang='grc' dir='ltr'>οὺ</span> <span class='ocrx_word' id='word_1_982' title='bbox 3371 5278 3472 5348; x_wconf 77' lang='lat'><strong>(35)</strong></span> <span class='ocrx_word' id='word_1_983' title='bbox 3493 5275 3551 5327; x_wconf 77' lang='grc' dir='ltr'>λέο</span> 
     </span>
    </p>
   </div>
   <div class='ocr_carea' id='block_1_113' title="bbox 2015 5373 3558 5456">
    <p class='ocr_par' dir='ltr' id='par_1_113' title="bbox 2015 5373 3558 5456">
     <span class='ocr_line' id='line_1_113' title="bbox 2015 5373 3558 5456; baseline -0.005 -19"><span class='ocrx_word' id='word_1_984' title='bbox 2015 5401 2101 5454; x_wconf 81' lang='grc' dir='ltr'>γει</span> <span class='ocrx_word' id='word_1_985' title='bbox 2136 5385 2233 5455; x_wconf 79' lang='grc' dir='ltr'>τὴν</span> <span class='ocrx_word' id='word_1_986' title='bbox 2257 5384 2436 5456; x_wconf 90' lang='grc' dir='ltr'>κρίσιν</span> <span class='ocrx_word' id='word_1_987' title='bbox 2475 5384 2652 5436; x_wconf 82' lang='grc' dir='ltr'>πᾶσαν</span> <span class='ocrx_word' id='word_1_988' title='bbox 2682 5380 3074 5455; x_wconf 81' lang='grc' dir='ltr'>παραδεδόσθαι</span> <span class='ocrx_word' id='word_1_989' title='bbox 3103 5376 3254 5449; x_wconf 79' lang='grc' dir='ltr'>αὐτῷ</span> <span class='ocrx_word' id='word_1_990' title='bbox 3276 5394 3291 5444; x_wconf 87' lang='grc'><strong>;</strong></span> <span class='ocrx_word' id='word_1_991' title='bbox 3316 5395 3335 5429; x_wconf 71' lang='grc' dir='ltr'><strong>ι</strong></span> <span class='ocrx_word' id='word_1_992' title='bbox 3387 5373 3558 5431; x_wconf 61' lang='grc' dir='ltr'>καλ-νο·</span> 
     </span>
    </p>
   </div>
   <div class='ocr_carea' id='block_1_114' title="bbox 395 5495 1851 5574">
    <p class='ocr_par' dir='ltr' id='par_1_114' title="bbox 395 5497 1846 5574">
     <span class='ocr_line' id='line_1_114' title="bbox 395 5497 1846 5574; baseline 0.002 -19"><span class='ocrx_word' id='word_1_993' title='bbox 395 5497 756 5574; x_wconf 50' lang='grc' dir='ltr'>’ξξοιιιιτνῃῃ</span> <span class='ocrx_word' id='word_1_994' title='bbox 777 5499 866 5555; x_wconf 83' lang='lat'><strong>50.</strong></span> <span class='ocrx_word' id='word_1_995' title='bbox 944 5500 988 5532; x_wconf 77' lang='grc'><strong>⁶⁹</strong></span> <span class='ocrx_word' id='word_1_996' title='bbox 1012 5500 1113 5574; x_wconf 80' lang='lat' dir='ltr'><strong>l_sa.</strong></span> <span class='ocrx_word' id='word_1_997' title='bbox 1140 5501 1322 5574; x_wconf 43' lang='lat'><strong>5155;</strong></span> <span class='ocrx_word' id='word_1_998' title='bbox 1360 5500 1608 5574; x_wconf 30' lang='lat' dir='ltr'><strong>Romam</strong></span> <span class='ocrx_word' id='word_1_999' title='bbox 1638 5503 1729 5557; x_wconf 57' lang='grc' dir='ltr'><strong>Ἡ.</strong></span> <span class='ocrx_word' id='word_1_1000' title='bbox 1800 5504 1846 5537; x_wconf 76' lang='grc'><strong>⁷⁸</strong></span> 
     </span>
    </p>
   </div>
   <div class='ocr_carea' id='block_1_115' title="bbox 2100 5495 3556 5574">
    <p class='ocr_par' dir='ltr' id='par_1_115' title="bbox 2114 5495 3556 5574">
     <span class='ocr_line' id='line_1_115' title="bbox 2114 5495 3556 5574; baseline -0.008 -14"><span class='ocrx_word' id='word_1_1001' title='bbox 2114 5506 2314 5574; x_wconf 70' lang='lat'><strong>22,23.</strong></span> <span class='ocrx_word' id='word_1_1002' title='bbox 2391 5507 2437 5538; x_wconf 83' lang='lat'><strong>&#39;”</strong></span> <span class='ocrx_word' id='word_1_1003' title='bbox 2460 5505 2592 5561; x_wconf 89' lang='lat' dir='ltr'><strong>ibid.</strong></span> <span class='ocrx_word' id='word_1_1004' title='bbox 2618 5505 2710 5562; x_wconf 76' lang='lat'><strong>30.</strong></span> <span class='ocrx_word' id='word_1_1005' title='bbox 2788 5506 2836 5538; x_wconf 82' lang='grc'>⁷³</span> <span class='ocrx_word' id='word_1_1006' title='bbox 2851 5501 3006 5562; x_wconf 81' lang='lat' dir='ltr'><strong>Joan.</strong></span> <span class='ocrx_word' id='word_1_1007' title='bbox 3038 5519 3171 5568; x_wconf 74' lang='lat' dir='ltr'><strong>xvn,</strong></span> <span class='ocrx_word' id='word_1_1008' title='bbox 3202 5502 3288 5558; x_wconf 72' lang='lat' dir='ltr'><strong>i0.</strong></span> <span class='ocrx_word' id='word_1_1009' title='bbox 3362 5495 3556 5553; x_wconf 79' lang='lat' dir='ltr'><strong>&quot;Joan.</strong></span> 
     </span>
    </p>
   </div>
   <div class='ocr_carea' id='block_1_116' title="bbox 339 5569 1559 5640">
    <p class='ocr_par' dir='ltr' id='par_1_116' title="bbox 339 5569 1559 5640">
     <span class='ocr_line' id='line_1_116' title="bbox 339 5569 1559 5640; baseline 0.005 -19"><span class='ocrx_word' id='word_1_1010' title='bbox 339 5583 393 5634; x_wconf 77' lang='grc' dir='ltr'><strong>ν,</strong></span> <span class='ocrx_word' id='word_1_1011' title='bbox 424 5571 516 5623; x_wconf 75' lang='grc'><strong>2⁵7.</strong></span> <span class='ocrx_word' id='word_1_1012' title='bbox 590 5570 638 5605; x_wconf 61' lang='grc'><strong>⁷⁵</strong></span> <span class='ocrx_word' id='word_1_1013' title='bbox 671 5569 832 5626; x_wconf 78' lang='lat' dir='ltr'><strong>Rom.</strong></span> <span class='ocrx_word' id='word_1_1014' title='bbox 865 5586 984 5637; x_wconf 84' lang='lat' dir='ltr'><strong>xm,</strong></span> <span class='ocrx_word' id='word_1_1015' title='bbox 1009 5571 1064 5626; x_wconf 72' lang='grc'><strong>4.</strong></span> <span class='ocrx_word' id='word_1_1016' title='bbox 1139 5571 1182 5602; x_wconf 78' lang='grc'><strong><em>’⁵</em></strong></span> <span class='ocrx_word' id='word_1_1017' title='bbox 1212 5571 1367 5627; x_wconf 81' lang='lat' dir='ltr'><strong>Joan.</strong></span> <span class='ocrx_word' id='word_1_1018' title='bbox 1395 5588 1446 5640; x_wconf 81' lang='grc' dir='ltr'>γ,</span> <span class='ocrx_word' id='word_1_1019' title='bbox 1468 5572 1559 5627; x_wconf 75' lang='grc'><strong>45.</strong></span> 
     </span>
    </p>
   </div>
   <div class='ocr_carea' id='block_1_117' title="bbox 415 5678 1713 5755">
    <p class='ocr_par' dir='ltr' id='par_1_117' title="bbox 415 5678 1713 5755">
     <span class='ocr_line' id='line_1_117' title="bbox 415 5678 1713 5755; baseline 0.006 -23"><span class='ocrx_word' id='word_1_1020' title='bbox 415 5678 528 5755; x_wconf 55' lang='grc' dir='ltr'><strong>(ξε)</strong></span> <span class='ocrx_word' id='word_1_1021' title='bbox 551 5681 688 5755; x_wconf 62' lang='grc' dir='ltr'>ῌερὶ</span> <span class='ocrx_word' id='word_1_1022' title='bbox 722 5683 853 5737; x_wconf 83' lang='grc' dir='ltr'>τοῦ.</span> <span class='ocrx_word' id='word_1_1023' title='bbox 886 5684 945 5737; x_wconf 86' lang='lat' dir='ltr'><strong>ln</strong></span> <span class='ocrx_word' id='word_1_1024' title='bbox 977 5686 1164 5740; x_wconf 82' lang='lat' dir='ltr'><strong>codice</strong></span> <span class='ocrx_word' id='word_1_1025' title='bbox 1205 5685 1372 5755; x_wconf 78' lang='lat' dir='ltr'><strong>Regio</strong></span> <span class='ocrx_word' id='word_1_1026' title='bbox 1403 5687 1559 5745; x_wconf 82' lang='lat' dir='ltr'><strong>deest</strong></span> <span class='ocrx_word' id='word_1_1027' title='bbox 1587 5683 1713 5740; x_wconf 75' lang='grc' dir='ltr'>τοῦ.</span> 
     </span>
    </p>
   </div>
   <div class='ocr_carea' id='block_1_118' title="bbox 416 5747 1431 5824">
    <p class='ocr_par' dir='ltr' id='par_1_118' title="bbox 416 5747 1431 5824">
     <span class='ocr_line' id='line_1_118' title="bbox 416 5747 1431 5824; baseline 0.013 -24"><span class='ocrx_word' id='word_1_1028' title='bbox 416 5747 527 5818; x_wconf 68' lang='lat'><strong>(32)</strong></span> <span class='ocrx_word' id='word_1_1029' title='bbox 563 5747 683 5808; x_wconf 63' lang='grc' dir='ltr'>ιιωρ</span> <span class='ocrx_word' id='word_1_1030' title='bbox 710 5756 1079 5824; x_wconf 85' lang='lat' dir='ltr'><strong>supplevimus</strong></span> <span class='ocrx_word' id='word_1_1031' title='bbox 1105 5774 1131 5814; x_wconf 84' lang='lat' dir='ltr'><strong>c</strong></span> <span class='ocrx_word' id='word_1_1032' title='bbox 1159 5747 1431 5814; x_wconf 70' lang='lat' dir='ltr'><strong>Perionio.</strong></span> 
     </span>
    </p>
   </div>
   <div class='ocr_carea' id='block_1_119' title="bbox 2013 5678 3556 5767">
    <p class='ocr_par' dir='ltr' id='par_1_119' title="bbox 2013 5678 3556 5767">
     <span class='ocr_line' id='line_1_119' title="bbox 2013 5678 3556 5767; baseline -0.008 -18"><span class='ocrx_word' id='word_1_1033' title='bbox 2013 5708 2017 5713; x_wconf 78' lang='lat'><strong>&#39;</strong></span> <span class='ocrx_word' id='word_1_1034' title='bbox 2096 5687 2211 5767; x_wconf 57' lang='grc'><strong>(55)</strong></span> <span class='ocrx_word' id='word_1_1035' title='bbox 2239 5690 2319 5743; x_wconf 74' lang='lat' dir='ltr'><strong>Ci-</strong></span> <span class='ocrx_word' id='word_1_1036' title='bbox 2350 5687 2651 5746; x_wconf 67' lang='lat' dir='ltr'><strong>redundare</strong></span> <span class='ocrx_word' id='word_1_1037' title='bbox 2689 5686 2920 5754; x_wconf 88' lang='lat' dir='ltr'><strong>videtur,</strong></span> <span class='ocrx_word' id='word_1_1038' title='bbox 2951 5702 3051 5745; x_wconf 87' lang='lat' dir='ltr'><strong>nec</strong></span> <span class='ocrx_word' id='word_1_1039' title='bbox 3080 5687 3245 5743; x_wconf 84' lang='lat' dir='ltr'><strong>etiam</strong></span> <span class='ocrx_word' id='word_1_1040' title='bbox 3279 5684 3401 5755; x_wconf 75' lang='lat' dir='ltr'><strong>legit</strong></span> <span class='ocrx_word' id='word_1_1041' title='bbox 3450 5678 3556 5736; x_wconf 70' lang='lat' dir='ltr'><strong>Fer-</strong></span> 
     </span>
    </p>
   </div>
   <div class='ocr_carea' id='block_1_120' title="bbox 2022 5772 2221 5822">
    <p class='ocr_par' dir='ltr' id='par_1_120' title="bbox 2022 5772 2221 5822">
     <span class='ocr_line' id='line_1_120' title="bbox 2022 5772 2221 5822; baseline -0.005 -8"><span class='ocrx_word' id='word_1_1042' title='bbox 2022 5772 2221 5822; x_wconf 68' lang='lat' dir='ltr'><strong>fartus.</strong></span> 
     </span>
    </p>
   </div>
  </div>
