3688 6146
99 325 199 383 665

1163 321 1529 380 COMMENT.
1569 319 1638 377 IN
1672 316 1881 377 JOAN.‘
1909 317 2147 375 TOMUS
2179 316 2299 374 XX.

103 443 270 515 μίζων
303 442 451 499 λύειν
479 444 579 516 τὴν
603 443 1003 517 ἀνθυπφοράν,
1043 444 1220 500 ταῦτά
1243 462 1376 516 φησι
1402 462 1414 475 ·
1451 465 1468 496 ι
1489 440 1671 506 Καλῶς

1811 454 1918 496 rere
1969 437 2357 509 objectionem,
2408 434 2526 491 haec
2582 433 2803 506 inquit:
2853 431 3149 490 «Pulchre
3185 432 3364 493 dicit:
3426 502 3436 517 ο

100 533 243 602 λέγει
262 552 276 565 ·
301 536 332 589 6
359 533 467 607 γάρ
489 537 704 607 κριτὴς,
735 535 811 601 ὡς
836 535 1135 609 ὑπηρέτης,
1166 537 1226 591 τὸ
1258 537 1471 607 θέλημα
1495 534 1684 590 τούτου

100 625 263 680 ποιῶν
296 627 496 702 κρίνει,
529 626 719 700 ὥσπερ
739 627 834 682 καὶ
859 627 1080 682 ἐπὶτῶν
1110 629 1411 702 ἀνθρώπων
1438 626 1685 699 φαίνεται

101 718 406 791 γινόμενον.
449 738 469 771 s
506 719 632 785 Πῶς
660 720 716 775 δὲ
742 719 887 791 ἄλλῳ
915 722 1023 775 τινὶ
1047 720 1331 791 ἀνατίθησι
1354 721 1454 794 τὴν
1479 721 1684 793 κρίσιν,

99 812 172 874 ὡς
207 809 579 885 ὑποδεεστέρῳ
602 811 697 866 τοῦ
719 812 991 885 Σωτῆρος,
1023 813 1144 868 καθ’
1165 812 1194 867 ὃ
1216 813 1449 885 νομίζει,
1478 812 1556 885 τῷ
1578 814 1686 884 Δη-

105 902 371 976 μιουργῷ,
394 903 502 959 οὐδ’
522 902 695 970 οὕτως
719 894 1101 971 ἀποδείξασθαί
1110 906 1365 972 δύναται,
1385 904 1570 975 σαφῶς
1590 921 1683 974 γε-

105 996 427 1067 γραμμένου
469 996 564 1050 τοῦ
588 1014 601 1029 ·
656 995 809 1051 Οὐδὲ
835 996 945 1068 γὰρ
994 999 1023 1051 6
1062 997 1265 1067 Πατὴρ
1292 998 1480 1067 κρίνει
1511 994 1684 1051 οὐδέ-

106 1101 206 1139 να·
236 1086 398 1141 ἀλλὰ
425 1085 541 1155 τὴν
566 1087 772 1156 κρίσιν
805 1084 1013 1143 πᾶσαν
1051 1085 1272 1141 δέδωκε
1296 1085 1378 1153 τῷ
1404 1084 1513 1152 Υἱῷ
1535 1102 1548 1117 ·
1589 1087 1685 1140 καὶ

103 1177 192 1231 τοῦ
215 1167 240 1209 ”
279 1178 608 1244 Ἐξουσίαν
645 1179 868 1237 ἔδωκεν
912 1179 1073 1247 αὐτῷ
1112 1180 1318 1251 κρίσιν
1350 1178 1564 1247 ποιεῖν,
1595 1179 1686 1235 ὅτι

115 1269 243 1336 Υἱὸς
277 1269 597 1339 ἀνθρώπου
634 1271 828 1327 ἐστίν.

170 1361 256 1416 51.
296 1362 489 1433 Ἀμὴν
516 1363 681 1435 ἀμὴν
707 1364 863 1435 λέγω
901 1364 1066 1436 ὑμῖν,
1103 1362 1215 1420 ἐάν
1258 1382 1350 1432 τις
1393 1362 1498 1419 τὸν
1537 1363 1686 1434 ἐμὸν

105 1453 282 1523 λόγον
314 1454 580 1524 τηρήσῃ,
623 1454 885 1511 θάνατον
921 1458 993 1511 οὐ
1015 1455 1101 1527 μὴ
1142 1453 1413 1524 θεωρήσῃ
1445 1457 1533 1522 είς
1577 1453 1685 1509 τόν

106 1540 297 1598 αἰῶνα.
332 1543 546 1615 ’Ὥσπερ
586 1544 701 1598 ὲστί
721 1563 807 1610 τις
832 1543 945 1618 ζωὴ
975 1546 1286 1618 ἀδιάφορος,
1319 1547 1351 1617 ἠ
1389 1546 1524 1617 μήτε
1548 1546 1685 1615 ἀγα-

109 1631 213 1697 θὸν,
241 1633 379 1705 μήτε
413 1634 590 1689 κακὸν
628 1637 990 1708 τυγχάνουσα,
1040 1636 1162 1690 καθ’
1190 1637 1258 1709 ἣν
1305 1636 1538 1708 λέγομεν
1582 1638 1682 1709 ζῇν

108 1725 193 1778 καὶ
218 1727 341 1790 τοὺς
367 1726 606 1791 ἀσεϐεῖς,
637 1728 732 1783 καὶ
755 1727 822 1783 τὰ
854 1727 1024 1798 ἄλογα
1056 1728 1205 1794 ζῶαο
1252 1728 1349 1783 καὶ
1379 1728 1541 1800 ἑτέρα
1566 1727 1683 1784 διά·

1790 547 1916 586 nani
1944 530 2156 603 Moyses
2189 540 2444 601 tauquam
2476 526 2762 593 minister,
2795 526 3131 581 voluntatum
3157 524 3363 581 Christi
3425 534 3435 543 '

1787 621 1999 678 faciens
2047 620 2282 690 iudicat,
2324 618 2785 692 quemadmodum
2818 625 3042 688 apparet
3091 616 3257 671 etiam
3307 616 3363 672 in

1788 714 2101 771 hominibus
2144 712 2388 769 evenire.
2420 730 2441 766 ι
2473 709 2756 778 Quomodo
2801 723 2933 763 vero
2977 706 3070 763 alii
3107 717 3362 778 tanquam

1789 805 2035 862 inferiori
2061 804 2355 862 Servatore
2376 803 2615 876 (nempe,
2634 810 2695 857 ut
2714 802 2831 871 ipse
2850 808 3025 871 putat,
3049 800 3361 871 Demiurgo,

1786 907 1842 953 et
1871 897 2056 953 mundi
2089 896 2349 954 Ellectori
2378 894 2398 969 )
2421 895 2690 967 judicium
2726 894 2951 959 tribuat,
2980 906 3157 961 neque
3173 900 3358 946 osteno

1786 991 1917 1046 dore
1937 999 2138 1059 potest,
2169 1005 2295 1045 cum
2327 999 2518 1060 aperte
2542 988 2613 1044 sit
2639 986 2905 1055 scriptum
2936 1003 2952 1038 :
3012 982 3201 1053 Neque
3221 983 3364 1036 enim

1788 1079 1955 1136 Pater
1973 1081 2182 1152 judicat
2211 1097 2548 1153 quemquam,
2571 1078 2663 1135 sed
2705 1093 2860 1133 omne
2902 1076 3166 1147 judicium
3217 1074 3363 1128 dedit

1783 1169 1932 1226 Filio
1961 1173 2053 1230 ’σε
2111 1180 2166 1228 ει
2209 1171 2340 1228 illud
2373 1189 2388 1228 :
2429 1169 2756 1227 Potestatem
2785 1168 2928 1222 dedit
2975 1167 3081 1238 ipsi
3096 1165 3364 1236 judicium

1782 1263 2037 1334 faciendi,
2067 1265 2319 1334 quoniam
2354 1261 2532 1318 Filius
2557 1261 2788 1316 hominis
2820 1269 2896 1316 est
2927 1259 2997 1314 ⁷⁷.

1857 1353 1948 1409 3i.
1985 1356 2153 1409 Amen
2204 1369 2358 1408 amen
2409 1354 2530 1408 dico
2567 1352 2754 1418 vobis,
2797 1352 2845 1405 si
2890 1351 3010 1423 quis
3070 1364 3365 1407 sermonem

1783 1464 1957 1503 meum
1989 1448 2296 1514 servaverit,
2324 1452 2548 1502 mortem
2568 1461 2672 1499 non
2694 1444 2886 1499 videbit
2917 1446 2979 1500 in
3013 1453 3272 1501 teternum
3289 1441 3362 1501 ⁷⁸.

1783 1540 2249 1609 Quemadmodum
2277 1548 2363 1596 est
2387 1539 2636 1608 quaedam
2674 1536 2784 1592 vita
2814 1552 2938 1608 quas
2974 1536 3132 1594 nobis
3159 1545 3246 1594 est
3275 1536 3365 1592 in-

1783 1634 2070 1702 diﬂerens,
2099 1649 2282 1706 neque
2309 1633 2535 1700 bonum,
2570 1646 2750 1703 neque
2798 1633 2999 1688 malum
3046 1630 3361 1696 exsistens,

1780 1727 1938 1800 juxta
1967 1742 2130 1798 quam
2164 1728 2332 1783 etiam
2367 1726 2565 1797 impios
2592 1735 2648 1781 et
2676 1723 2934 1780 animalia
2983 1724 3142 1779 bruta
3172 1722 3362 1779 vivere

109 1832 279 1886 φόρος,
320 1815 435 1871 ἀλλ’
483 1817 686 1886 ἀγαθὸν
718 1817 852 1888 (54),
895 1820 1025 1891 περὶ
1062 1814 1132 1891 ἦς
1176 1836 1340 1890 φησιν
1370 1818 1671 1884 ὁοΠαῦλος·

1811 1820 2061 1887 licimus;
2095 1830 2151 1874 et
2183 1819 2382 1885 altera,
2416 1832 2537 1885 quae
2580 1830 2689 1871 non
2734 1826 2817 1872 est
2844 1815 3162 1872 indiﬂ'erens
3185 1856 3203 1881 ,
3248 1831 3358 1870 non

119 1907 181 1961 Ἢ
215 1905 324 1976 ζωὴ
356 1906 530 1977 ἡμῶν
574 1907 900 1977 κέκρυπται
954 1909 1076 1964 σὺν
1116 1908 1197 1977 τῷ
1231 1908 1464 1979 Χριστῷ
1501 1910 1571 1965 ἐν
1600 1908 1682 1978 τῷ

111 1995 247 2063 Θεῷ’
282 1997 376 2052 καὶ
404 1998 570 2062 αὐτὸς
600 1998 630 2051 ὁ
667 1998 872 2071 Κύριος
901 1998 1060 2073 ἡμῶν
1094 2001 1223 2073 περὶ
1261 1999 1491 2053 ἑαυτοῦο
1540 1999 1681 2070 Ἐγώ

107 2091 213 2157 εἰμι
247 2090 286 2158 ἡ
322 2086 463 2158 ζωήο
496 2090 668 2156 οὕτως
698 2091 790 2147 τὸν
821 2092 921 2164 μὲν
946 2093 1187 2146 ἐναντίον
1207 2095 1273 2164 τῇ
1297 2091 1537 2163 διαφόρῳ
1566 2091 1677 2164 (35)

109 2178 212 2254 ζωῇ
249 2181 475 2237 θάνατον
504 2183 795 2256 ἀδιάφορον
830 2186 976 2257 ἐρεῖς
997 2202 1012 2216 °
1055 2184 1148 2239 τὸν
1185 2185 1242 2240 δὲ
1266 2185 1457 2258 ἐχθρὸν
1489 2186 1567 2259 τῷ
1598 2188 1676 2240 εί-

109 2274 248 2328 ττόντι
272 2293 286 2307 ο
332 2274 475 2347 Ἐγώ
505 2279 622 2348 ειμι
650 2279 690 2347 ἠ
732 2276 867 2348 ζωὴ,
897 2281 1137 2352 πονηρόν
1175 2297 1298 2335 τινα
1325 2281 1418 2335 καὶ
1441 2281 1678 2353 χαλεπὸν

109 2364 342 2432 θάνατον,
369 2368 429 2423 ὃν
459 2370 490 2422 6
509 2369 871 2443 ἀποθνήσκων
894 2373 1041 2427 ἐστὶν
1073 2375 1131 2427 ὲν
1159 2372 1238 2446 τῷ
1265 2374 1479 2447 θανάτῳ
1497 2393 1511 2406 ’
1546 2377 1678 2448 περ)⁴

108 2453 162 2512 οὗ
202 2460 536 2532 γέγραπται·
595 2463 899 2534 Ἔσχιιτος
950 2464 1165 2535 ἐχθρὸς
1202 2468 1595 2539 καταργεῖται,
1644 2471 1679 2523 ὀ

109 2551 368 2621 θάνατος.
397 2553 510 2609 Καὶ
539 2556 669 2628 περὶ
700 2556 891 2611 τούτου
916 2574 980 2627 γε
1012 2558 1105 2612 τοῦ
1139 2559 1369 2615 θανάτου
1397 2560 1677 2632 νομιστέον

108 2641 273 2703 λέγειν
299 2646 390 2699 τὸν
426 2646 752 2701 Ἀπόστολον
785 2648 959 2703 ταῦτα
978 2667 991 2680 ο
1032 2650 1135 2705 Διὰ
1168 2651 1345 2705 τοῦτο
1371 2651 1574 2722 ὥσπερ
1598 2650 1674 2706 δι’

109 2735 236 2804 ἐνὸς
267 2738 582 2808 ἀνθρώπου
606 2742 645 2810 ἡ
678 2741 934 2812 ἁμαρτία
959 2744 1048 2810 εἱς
1066 2743 1174 2797 τὸν
1211 2744 1445 2814 κόσμον
1464 2745 1674 2814 είσῆλ-

111 2832 186 2895 θε,
221 2830 313 2884 καὶ
349 2830 447 2885 διὰ
495 2830 607 2900 τῆς
636 2832 924 2902 ἁμαρτίας
959 2837 992 2889 ὁ
1026 2833 1304 2904 θάνατος,
1356 2837 1453 2891 καὶ
1485 2837 1676 2906 οὕτως

109 2920 189 2987 είς
211 2919 432 2989 πάντας
470 2923 823 2993 ἀνθρώπους
858 2929 891 2981 ό
916 2925 1173 2994 θάνατος
1194 2926 1462 2997 διῆλθεν,
1499 2929 1594 2999 ἐφ’
1625 2923 1676 2999 ᾧ

110 3013 308 3082 πάντες
336 3014 624 3086 ἥμαρτον.
669 3017 844 3088 Ἀχρι
885 3019 995 3090 γὰρ
1031 3021 1220 3088 νόμου
1245 3022 1284 3090 ἡ
1314 3021 1569 3092 ἁμαρτία
1595 3020 1676 3098 ἦν

109 3104 170 3158 ὲν
196 3109 389 3176 κόσμῳ
406 3124 420 3138 °
450 3107 710 3178 ἁμαρτία
737 3108 848 3181 γὰρ
871 3112 985 3165 οὐκ
1006 3111 1339 3182 summa
1369 3113 1457 3185 μὴ
1498 3114 1672 3184 ὄντος

108 3199 303 3267 νόμουο
321 3202 455 3256 ἀλλ’
477 3201 882 3258 ιεασιλευσεν
901 3207 935 3260 δ
956 3205 1212 3272 θάνατος
1237 3206 1354 3260 ἀπὸ
1387 3207 1567 3280 Ἀδὰμ
1576 3209 1674 3281 μέ-
1700 3185 1742 3243 C

109 3306 197 3361 χρι
211 3291 518 3360 Μωῢσέως,
533 3294 630 3348 καὶ
643 3294 742 3348 ἐπὶ
762 3293 903 3363 τοὺς
907 3295 994 3367 μὴ
1008 3295 1468 3366 ἁμαρτήσαντας
1482 3299 1579 3353 ἐπὶ
1597 3298 1673 3366 τῷ

111 3381 400 3453 ὁμοιώματι
419 3383 535 3454 τῆς
557 3386 948 3456 παραϐάσεως
980 3387 1165 3460 Ἀδάμ
1183 3406 1195 3420 ο
1230 3389 1322 3444 καὶ
1350 3389 1467 3463 μετ’
1486 3389 1667 3460 ὀλίγα·

109 3470 169 3526 El
193 3472 293 3544 τὰρ
316 3476 384 3529 ἐν
408 3477 549 3545 ἐνὸς
569 3478 992 3551 παραπτώματι
1026 3483 1060 3536 ὁ
1089 3480 1344 3548 θάνατος
1364 3482 1674 3537 ἐϐασίλευ-

112 3579 176 3662 σε
193 3564 283 3620 διὰ
300 3568 402 3662 τοῦ
429 3568 595 3637 ἐνὸς,
627 3571 838 3639 πολλῷ
860 3571 1103 3643 μᾶλλον
1116 3576 1170 3627 ol
1185 3572 1300 3643 τὴν
1315 3573 1675 3643 περισσείαν

112 3653 210 3721 τῆς
246 3653 514 3725 χάριτος,
548 3659 646 3714 καὶ
687 3659 797 3730 τῆς
837 3659 1228 3731 δικαιοσύνης
1264 3661 1675 3733 λαμϐάνοντες

112 3744 174 3796 ἐν
213 3746 320 3817 {inii
369 3750 778 3815 ,ϐασιλεύουσι
810 3751 924 3824 (56)
970 3752 1070 3808 διὰ
1108 3754 1214 3808 τοῦ
1242 3754 1382 3823 ἐνὸς
1411 3755 1672 3825 Χριστοῦ

123 3832 306 3901 Ἰησοῦ
325 3853 339 3869 ·
373 3839 457 3904 τίς
486 3840 598 3912 γάρ
630 3842 780 3895 ἐστιν
816 3844 845 3896 6
890 3841 978 3896 διά
1007 3841 1107 3912 τῆς
1139 3842 1412 3915 ἁμαρτίας
1443 3844 1673 3909 θάνατος

112 3926 181 3988 εἰς
208 3929 290 3982 τὸν
311 3930 513 4003 κόσμον
543 3932 821 3999 εἰσελθὼν,
851 3933 886 4006 ἢ
919 3936 947 3987 6
967 3933 1193 4006 ἔσχατος
1213 3934 1406 4006 ἐχθρὸς
1433 3937 1671 4008 Χριστοῦ

114 4022 680 4097 καταργηθησόμενος;
714 4026 809 4080 καὶ
839 4025 925 4089 τίς
948 4026 978 4079 6
1007 4028 1086 4090 εἰς
1110 4025 1319 4090 πάντας
1344 4024 1671 4100 ἀνθρώπους

114 4110 317 4179 θάνατος
350 4115 595 4185 διελθὼν,
637 4116 718 4189 τῷ
759 4118 967 4184 πάντας
1002 4120 1416 4193 ἡμαρτηκέναι,
1445 4119 1477 4192 ἦ
1510 4120 1671 4184 αὐτὸς

111 4196 264 4270 οὗτος,
284 4206 338 4272 ὃς
358 4211 450 4263 καὶ
478 4209 829 4265 ἐϐασίλευσεν
843 4211 950 4265 ἀπὸ
991 4210 1161 4283 Ἀδὰμ
1180 4212 1341 4284 μέχρι
1358 4212 1668 4278 Μωῦσέως;

111 4292 328 4367 Μωῡσῆς
373 4298 462 4363 δὲ,
501 4298 777 4353 τουτέστιν
818 4299 847 4351 6
881 4298 1076 4370 νόμος,
1121 4294 1192 4371 ἦν
1233 4299 1399 4371 μέχρι
1431 4300 1531 4370 τῆς
1575 4297 1668 4352 τοῦ

111 4382 296 4454 Κυρίου
329 4388 484 4461 ἡμῶν
525 4387 699 4462 Ἰησοῦ
733 4388 1052 4459 ἐπιδημίας.
1096 4390 1209 4442 Καὶ
1238 4388 1562 4443 ἐϐασίλευσὲ
1605 4404 1669 4458 γε

112 4476 162 4528 ὲν
190 4478 298 4541 ἑνὸς
322 4478 746 4552 παραπτώματι,
796 4477 886 4533 διὰ
932 4477 1027 4532 τοῦ
1062 4479 1200 4543 ἑνὸς,
1232 4478 1339 4542 ἕως
1365 4479 1416 4532 0i
1441 4478 1540 4551 τὴν
1572 4494 1671 4531 πε-

115 4568 332 4638 ρισσείαν
381 4572 479 4643 τῆς
510 4570 728 4644 χάριτος
768 4569 994 4641 καὶτῆς
1022 4568 1365 4641 δικαιοσύνης
1408 4570 1668 4634 λαϐόντες

112 4659 162 4712 έν
192 4660 295 4735 ζωῇ
335 4662 690 4735 βασιλεύσωσι
739 4662 826 4718 διὰ
870 4660 966 4716 τοῦ
1020 4661 1140 4726 ἑνὸς
1187 4662 1426 4736 Χριστοῦ
1468 4662 1665 4735 Ἰησοῦ.

112 4748 293 4807 Τοῦτον
331 4749 420 4808 οὖν
448 4755 539 4809 τὸν
573 4754 804 4809 θάνατον
844 4753 907 4809 οὐ
953 4754 1220 4827 θεωρήσει
1255 4756 1334 4820 είς
1364 4753 1456 4808 τὸν
1492 4752 1670 4809 αίῶνα

112 4841 137 4893 ό
162 4841 242 4896 τὸν
270 4842 419 4916 λόγον
453 4846 547 4900 τοῦ
589 4845 927 4916 Μονογενοῠς
958 4847 1052 4902 καὶ
1083 4846 1438 4919 Πρωτοτόκου
1485 4845 1669 4919 πάσης

114 4933 318 5004 κτίσεως
341 4943 596 5014 τηρήσας,
628 4943 907 5016 πεφυκότα
958 4942 1192 4998 κωλύειν
1225 4939 1549 5014 θεωρεῖσθαι
1573 4939 1668 4995 τὸν

115 5018 337 5086 θάνατον.
386 5034 539 5089 Οὕτω
584 5035 641 5089 δὲ
686 5035 979 5091 ἀκουστέον
1027 5034 1157 5090 τοῦθ
1219 5033 1363 5089 Ἐάν
1416 5050 1507 5100 τις
1554 5028 1665 5085 τὸν

115 5116 241 5187 ἐμὸν
262 5125 440 5196 λόγον
465 5127 721 5200 τηρήσῃ,
747 5127 1008 5185 θάνατον
1037 5130 1110 5184 οὐ
1144 5127 1231 5199 μὴ
1273 5125 1547 5197 θεωρήσῃ
1575 5126 1664 5193 εἰς

124 5274 158 5386 ξ,
176 5312 378 5386 'jtoan.
411 5334 465 5386 v,
494 5322 580 5379 εξ.

1782 1912 2009 1977 malum,
2037 1909 2132 1964 sed
2161 1911 2363 1965 bonum
2391 1910 2662 1965 exsistens
2687 1947 2705 1975 ,
2757 1909 2826 1964 de
2855 1923 2959 1979 qua
3009 1907 3186 1979 inquit
3216 1906 3362 1961 Pau-

1781 2003 1868 2059 lus
1892 2003 1939 2035 "
1968 2021 1983 2057 :
2025 2000 2148 2057 Vita
2182 2012 2368 2057 nostra
2404 2002 2712 2057 abscondita
2765 2012 2845 2057 est
2895 2016 3016 2055 eam
3055 2000 3265 2055 Christo
3301 1999 3359 2052 in

1779 2094 1935 2161 Deo;
1962 2104 2019 2149 et
2046 2096 2167 2163 ipse
2195 2094 2457 2150 Dominus
2485 2101 2672 2150 noster
2696 2094 2764 2150 de
2789 2093 2971 2164 seipso
2988 2093 3037 2126 "
3058 2112 3075 2147 :
3106 2092 3220 2161 Ego
3241 2107 3361 2146 sum

1780 2186 1882 2238 vita
1902 2198 1925 2239 :
1949 2184 2022 2239 ita
2045 2193 2278 2240 mortem
2300 2198 2442 2249 eam,
2473 2199 2596 2252 quae
2623 2185 2898 2240 contraria
2927 2183 3001 2238 sit
3026 2182 3357 2237 indiﬂereuti

1778 2275 1923 2341 vitae,
1949 2272 2352 2329 indifferentem
2385 2272 2629 2339 dixeris;
2666 2271 2813 2327 illam
2837 2284 2968 2327 vero
2994 2283 3118 2339 qua:
3144 2277 3229 2323 est
3255 2267 3361 2321 iui-

1778 2367 1918 2422 mica
1946 2365 2147 2425 dicenti
2181 2383 2199 2421 :
2261 2361 2375 2434 Ego
2409 2378 2529 2417 sum
2556 2363 2664 2418 vita
2689 2402 2706 2429 ,
2740 2360 2940 2417 malam
2968 2360 3257 2430 quamdam
3302 2364 3361 2415 et

1776 2474 2031 2532 asperam
2072 2467 2305 2515 mortem
2334 2474 2350 2525 ;
2388 2470 2496 2526 qua
2524 2454 2616 2524 qui
2646 2453 2900 2519 moritur,
2934 2460 3022 2508 est
3053 2451 3106 2506 in
3140 2457 3356 2518 morte;

1774 2553 1844 2609 de
1895 2565 2006 2622 qua
2063 2549 2329 2620 scriptum
2349 2549 2438 2603 εις
2498 2545 2730 2602 Ultimus
2777 2545 3025 2599 inimicus
3069 2540 3359 2610 aboletur,,

1775 2660 1960 2714 nempe
1992 2659 2156 2699 mors.
2190 2642 2271 2698 Ac
2303 2638 2550 2712 proiecto
2582 2640 2649 2695 de
2691 2639 2797 2694 hac
2824 2648 3001 2693 morte
3021 2633 3357 2692 censendum

1773 2745 1860 2792 est
1896 2734 2212 2805 Apostolum
2242 2735 2357 2789 haec
2388 2732 2537 2803 loqui
2561 2733 2613 2765 "
2642 2746 2660 2786 :
2690 2731 2916 2795 Propter
2952 2730 3074 2794 hoc,
3099 2727 3358 2800 quemad-

1775 2828 1990 2882 modum
2018 2843 2112 2897 per
2139 2842 2304 2881 unum
2326 2826 2595 2880 hominem
2610 2832 2880 2895 peccatum
2896 2821 3113 2876 intrarit
3128 2823 3183 2874 in
3200 2834 3356 2873 mun-

1772 2920 1923 2985 dum,
1947 2920 2114 2974 etiam
2145 2934 2239 2989 per
2269 2927 2541 2988 peccatum
2566 2931 2734 2979 mors,
2759 2923 2810 2969 et
2837 2914 2918 2969 sic
2946 2913 3003 2966 in
3044 2926 3222 2965 omnes
3263 2911 3354 2963 ho-

1771 3013 1940 3065 mines
1966 3009 2295 3078 pertransiit,
2325 3024 2385 3064 eo
2415 3007 2556 3078 quod
2584 3021 2763 3061 omnes
2784 3009 3151 3074 peccauerunt.
3179 2998 3355 3069 Usque

1771 3105 1839 3157 ad
1867 3102 2035 3173 legem
2058 3103 2195 3157 enim
2236 3111 2508 3169 peccatum
2547 3110 2663 3155 erat
2694 3099 2752 3153 in
2786 3096 2983 3151 mundo
3012 3111 3032 3151 :
3078 3104 3353 3165 peccatum

1774 3194 1912 3248 enim
1943 3207 2047 3246 non
2076 3193 2387 3261 imputatur,
2417 3207 2522 3246 non
2561 3190 2840 3246 exsistente
2868 3188 3017 3258 lege:
3044 3187 3134 3243 sed
3160 3203 3350 3257 regna-

1773 3286 1846 3340 rit
1875 3299 2018 3339 mors
2049 3284 2119 3338 ab
2144 3282 2312 3337 Adam
2343 3284 2592 3356 usquead
2616 3280 2881 3353 Moysem,
2898 3283 3061 3338 etiam
3078 3283 3238 3336 ineas
3259 3280 3354 3351 qui

1772 3393 1877 3432 non
1889 3388 2171 3446 peccarim
2189 3376 2259 3430 ad
2277 3375 2678 3432 similitudinem
2695 3373 3132 3444 transgressionis
3142 3372 3313 3427 Adam
3328 3386 3352 3426 :

1771 3480 1821 3525 et
1859 3478 1977 3540 post
2000 3483 2174 3540 pauca
2202 3468 2288 3523 “:
2323 3466 2539 3523 Etenim
2555 3467 2602 3521 si
2623 3482 2716 3536 per
2740 3467 2903 3521 unius
2934 3465 3186 3521 delictum
3207 3480 3352 3519 mors

1773 3562 2010 3631 regnavit
2043 3577 2137 3631 per
2162 3576 2347 3624 unum.
2384 3558 2553 3614 multo
2572 3558 2745 3629 magis
2764 3558 2820 3613 hi
2841 3558 2934 3630 qui
2951 3556 3354 3613 exuberantiam

1772 3653 1931 3725 361
1951 3655 2141 3724 gratia:
2181 3661 2233 3708 et
2250 3652 2484 3724 justitite
2503 3651 2792 3721 accipiunt,
2814 3650 2872 3704 in
2894 3649 3006 3704 vita
3034 3647 3347 3718 regnabant,

1770 3756 1987 3800 auctore
2016 3760 2122 3799 uno
2151 3743 2282 3799 Iesu
2312 3743 2546 3800 Christo.
2591 3744 2854 3809 Qua:th
2882 3741 3031 3797 enim
3076 3750 3164 3796 est
3203 3752 3354 3793 mors

1770 3847 1892 3905 qua:
1917 3849 2014 3904 per
2048 3843 2333 3905 peccatum
2382 3832 2634 3888 introivit
2676 3832 2731 3886 in
2771 3831 3054 3895 mundum,
3084 3828 3190 3884 nisi
3220 3827 3351 3883 ulti-

1771 3940 1897 3982 mus
1937 3926 2192 3982 inimicus
2226 3925 2434 3980 Christi
2464 3924 2770 3979 abolendus
2795 3922 2894 3977 ?et
2918 3935 3172 3992 quaenam
3204 3933 3353 3976 mors

1773 4015 1863 4070 illa
1891 4025 1997 4083 est,
2032 4030 2154 4084 qua:
2184 4014 2239 4069 in
2272 4026 2466 4071 omnes
2507 4012 2763 4068 homines
2800 4009 3059 4081 pervasit.
3096 4023 3165 4065 eo
3205 4007 3351 4078 quod

1769 4122 1960 4162 munies
2012 4107 2385 4176 peccaverint,
2424 4105 2526 4161 nisi
2575 4105 2694 4160 haec
2735 4118 2856 4174 qua:
2903 4102 3073 4159 etiam
3106 4100 3353 4171 regnavit

1769 4199 1841 4253 ab
1857 4198 2030 4252 Adam
2047 4211 2223 4267 usque
2250 4197 2318 4251 ad
2355 4195 2641 4268 Moysem?
2673 4192 2888 4265 Moyses
2911 4202 3116 4261 autem,
3135 4192 3241 4248 hoc
3267 4198 3354 4246 est

1770 4292 1877 4355 lex,
1908 4291 2011 4347 fuit
2065 4304 2241 4361 usque
2281 4290 2349 4346 ad
2398 4287 2709 4345 Servatoris
2754 4287 2926 4343 nostri
2969 4285 3097 4343 Jesu
3146 4284 3350 4342 Christi

1769 4384 2070 4439 adventum
2109 4382 2177 4436 “.
2207 4382 2287 4437 Ac
2334 4379 2587 4451 proferto
2637 4381 2894 4450 regnavit
2944 4378 3106 4433 unius
3148 4376 3351 4431 delicto

1771 4489 1869 4545 per
1901 4488 2092 4538 unum,
2117 4487 2403 4543 quousque
2447 4473 2543 4542 qui
2600 4471 3018 4527 exuberantiam
3059 4468 3255 4540 gratia:
3293 4476 3351 4523 et

1698 4552 1743 4609 Ι)
1766 4566 1996 4636 jnstitim
2033 4565 2311 4634 accipiunt
2344 4579 2441 4634 per
2468 4564 2664 4628 vitam,
2700 4572 2931 4634 regnent
2978 4571 3200 4617 auctore
3241 4575 3350 4616 uno

1771 4658 1907 4716 Jesu
1963 4657 2205 4725 Christo.
2261 4656 2414 4713 lianc
2465 4656 2634 4728 igitur
2683 4666 2915 4711 mortem
2981 4670 3087 4709 non
3145 4652 3343 4709 videbi'

1773 4754 1829 4808 in
1854 4761 2144 4818 aeternum,
2178 4752 2272 4822 qui
2306 4765 2616 4807 sermonem
2665 4748 2948 4821 Uuigeniti
2977 4758 3033 4804 et
3069 4746 3346 4819 Primoge-

1771 4846 1873 4902 niti
1908 4846 2086 4901 omnis
2115 4855 2384 4901 creatum
2438 4845 2766 4909 servaverit,
2811 4851 3007 4898 natura
3057 4853 3244 4911 aptum
3279 4839 3347 4894 ad

1773 4937 2174 5009 prohibendum
2208 4947 2269 4994 ut
2297 4951 2450 4992 mors
2479 4951 2587 4991 non
2619 4935 2895 4991 videatur.
2939 4932 3033 4990 Sic
3056 4934 3220 5003 igitur
3258 4933 3345 4986 in-

1773 5029 2123 5101 telligendum
2144 5039 2229 5085 est
2257 5047 2272 5084 :
2294 5029 2357 5085 Si
2383 5030 2501 5101 quis
2530 5043 2824 5085 sermonem
2846 5043 3016 5082 meum
3038 5023 3345 5088 monuerit,

1772 5131 1990 5176 mortem
2016 5136 2121 5176 non
2151 5119 2347 5175 uidebit
2378 5120 2436 5175 in
2464 5127 2741 5184 teternunt,
2778 5117 3008 5190 perinde
3031 5132 3098 5173 ac
3137 5116 3186 5171 si
3230 5115 3347 5170 lucc

692 5318 896 5378 "Ibid.
928 5320 1019 5376 27.
1096 5320 1142 5353 ⁷⁸
1170 5318 1326 5375 Jonn.
1366 5334 1486 5382 vm,
1519 5317 1609 5373 51.

1811 5313 1941 5370 olos.
1992 5325 2075 5382 ιιι,
2107 5311 2164 5367 5.
2240 5308 2289 5342 ⁸⁸
2314 5305 2476 5364 Joau.
2506 5320 2586 5375 ιι,
2619 5304 2712 5362 25.
2813 5301 2903 5357 ⁸³1
2942 5300 3070 5365 Cor.
3113 5314 3205 5366 xv,
3248 5297 3343 5356 36.

120 5376 160 5412 "
182 5380 323 5440 Rom.
347 5403 400 5455 v,
435 5376 498 5444 l2
523 5376 637 5463 seq.
703 5391 752 5426 ⁸³
784 5376 945 5448 Rom.
982 5392 1147 5456 v.17.
1226 5390 1275 5423 “
1295 5389 1430 5447 Luc.
1471 5376 1586 5458 im,
1626 5384 1735 5454 l6;
1776 5384 1936 5442 Rom.
1962 5399 2019 5449 ι,
2044 5376 2102 5439 4.

156 5543 408 5625 ,(Ἇλιίαὶ
444 5552 612 5623 ἑτέρα
638 5554 943 5625 διάφορος,
988 5554 1125 5609 ἀλλ’
1153 5549 1504 5625 ἀποθάνηῐιιι
1558 5565 1656 5625 c0-_-

121 5608 460 5694 ειιοςςιιερυε
479 5693 485 5694 ί
504 5608 557 5680 ei
582 5608 943 5687 Βέιέιιέίεῖιυέξ
977 5608 1185 5680 necnon
1201 5608 1527 5694 'Perioniusg
1560 5621 1654 5689 qui

120 5691 405 5763 vernujt
436 5693 541 5748 alia
582 5696 851 5763 differens,
903 5698 991 5749 sed
1046 5695 1259 5748 bonum.
1317 5695 1387 5747 At
1438 5691 1657 5763 videtur

122 5745 294 5816 legisse
311 5745 723 5830 τετε-πειράζετε
741 5745 923 5829 ’ἐπ’ρᾴ
932 5745 1017 5831 ’ᾆὴ
1047 5745 1432 5832 antemna
1463 5745 1654 5830 κακὸν,

1765 5549 1880 5604 ἀλλ’
1912 5548 2137 5620 ἀγαθόν.

1837 5620 1951 5692 (ξοδ)
1978 5620 2263 5692 Διαφόρφ.
2297 5616 2583 5692 Ferrarius
2617 5613 2855 5692 legebat.
2878 5606 3178 5681 ἀδιαφόρῳ.

1836 5680 1953 5765 (56)
1984 5680 2409 5752 Βασιλεῦουσι.
2439 5687 2602 5758 Lege,
2622 5680 3018 5757 βιῐσιλεὺσουσι.

1732 5858 1802 5884 αηξέ

1774 5881 1869 5892 μνη-Α.
1897 5884 1979 5891 ηνυν-
