3688 6146
380 313 477 373 56⁸1

1848 319 1911 376 Ol

2055 319 2169 378 lNlS
3501 330 3577 386 668

369 423 621 497 loquens,
662 427 791 499 quia
821 427 1080 485 donasset
1120 427 1302 487 lucem
1341 419 1708 498 audientibus,
1743 433 1911 489 dicen

2055 432 2155 487 τόν
2185 396 2389 498 αιιέινα,
2421 434 2497 499 ὡς
2529 435 2579 488 εί
2612 437 2977 509 χαρισάμενος
3005 437 3035 492 ό
3063 435 3235 493 ταῦτα
3281 438 3455 511 λέγων
3490 444 3579 512 φῶς

379 517 524 573 illis:
570 517 629 574 Si
664 521 790 589 quis
821 533 999 575 meam
1039 520 1182 578 hanc
1229 523 1528 578 servaverit
1567 523 1762 592 lucem,
1797 533 1947 580 tene-

379 619 509 665 bras
532 625 636 665 non
666 610 874 667 videbit
910 612 964 667 in
989 622 1276 669 :eternum.
1312 612 1448 670 Nam
1479 615 1596 673 ﬁeri
1629 632 1734 672 non
1770 626 1948 688 potest

377 708 435 755 ut
464 700 705 757 tenebrae
736 702 989 757 oriantur
1027 704 1106 759 illi
1162 706 1257 776 qui
1303 718 1492 764 servat
1542 709 1682 764 hanc
1725 709 1946 777 lucem;

378 792 527 863 atqui
557 792 603 848 si
635 793 777 849 hanc
807 794 987 850 lucem
1040 798 1164 866 quis
1214 800 1535 868 perdiderit,
1586 800 1828 856 futurum
1865 810 1949 859 est

378 892 436 938 ut
464 900 587 939 mox
619 886 745 944 talis
769 887 1238 947 videattenebras.
1272 890 1379 947 lsto
1406 892 1571 963 igitur
1594 896 1754 950 modo
1779 896 1945 950 etiam

379 976 487 1030 vita
523 975 665 1032 facta
715 986 803 1033 est
847 979 901 1033 in
953 978 1243 1045 Sermone,
1292 983 1384 1052 qui
1427 984 1481 1037 in
1512 984 1783 1055 principio
1831 996 1950 1042 erat

377 1068 521 1134 apud
550 1067 717 1122 Deum
756 1069 823 1123 ⁸⁸.
865 1069 1135 1137 Quocirca
1183 1073 1533 1144 principium,
1579 1075 1683 1131 hoc
1728 1086 1813 1131 est
1854 1078 1949 1132 Sa-

378 1159 605 1230 pientia,
641 1176 762 1231 quae
792 1162 962 1216 dicit:
994 1163 1129 1218 Deus
1165 1166 1357 1219 creavit
1393 1183 1474 1221 me
1504 1168 1714 1222 initium
1742 1171 1947 1224 uiarum

378 1268 595 1306 suarum
618 1253 688 1305 ad
716 1269 875 1322 opera
904 1254 1017 1324 ejus
1039 1256 1106 1321 ⁸⁸,
1135 1256 1203 1310 de
1243 1271 1494 1313 sermone
1541 1260 1594 1315 in
1640 1260 1817 1330 seipsa
1851 1278 1949 1318 ex-

379 1341 633 1409 sistente,
665 1344 717 1398 in
749 1359 853 1413 quo
889 1345 1030 1401 facta
1058 1357 1141 1404 est
1172 1348 1307 1414 vita,
1337 1349 1553 1406 docebit
1575 1361 1630 1407 et
1665 1352 1849 1408 dicet:
1882 1351 1946 1409 Si

378 1437 496 1503 quis
522 1452 811 1491 sermonem
851 1454 1023 1493 meum
1051 1442 1357 1507 servaverit,
1401 1451 1625 1497 mortem
1657 1460 1761 1499 non
1804 1447 1948 1501 vide-

380 1526 453 1580 bit
485 1527 541 1581 in
568 1538 860 1583 internum:
885 1530 1094 1599 pariter
1120 1530 1265 1586 enim
1294 1533 1537 1588 servabit
1581 1534 1704 1605 quis
1735 1550 1944 1592 sermo-

380 1631 502 1670 nem
552 1629 608 1673 et
656 1619 819 1673 vitam
851 1619 904 1674 in
944 1620 1065 1690 ipso
1101 1620 1325 1689 factam,
1366 1622 1435 1678 ab
1466 1626 1687 1695 ipsoque
1729 1627 1946 1699 insepa-

378 1707 628 1774 rabilem,
656 1724 776 1780 quae
797 1711 962 1766 etiam
995 1712 1102 1767 vita
1134 1712 1224 1767 lux
1250 1723 1337 1770 est
1364 1713 1643 1771 hominum
1667 1716 1854 1775 lucens
1889 1720 1942 1775 in

381 1797 643 1865 tenebris,
673 1807 727 1854 et
763 1801 833 1855 ab
861 1800 995 1871 ipsis
1025 1817 1135 1863 non
1181 1803 1520 1873 apprehensa
1571 1806 1637 1862 ⁸⁷.
1680 1807 1738 1863 Si
1781 1809 1946 1880 igitur

378 1886 543 1941 veluti
584 1898 945 1960 percunctans
972 1890 1243 1962 Propheta
1270 1893 1458 1951 dicat;
1504 1894 1635 1962 Quis
1675 1910 1752 1953 est
1789 1902 1945 1956 homo

378 1979 469 2042 qui
499 1980 648 2046 uiuet,
678 1990 849 2037 etnon
875 1984 1063 2037 uidebit
1093 1992 1314 2038 mortem
1328 1984 1421 2038 “7
1450 1991 1893 2057 respondebimus
1915 2011 1945 2050 a

381 2066 669 2127 Servatore
705 2081 890 2129 nostro
915 2075 1116 2141 edocti,
1149 2083 1205 2132 et
1228 2075 1472 2134 dicemus
1502 2100 1516 2136 :
1545 2080 1639 2137 Ille
1669 2085 1832 2142 homo
1864 2089 1947 2142 vi-

378 2171 490 2228 vet,
522 2171 577 2217 et
608 2179 716 2219 non
751 2165 959 2221 videbit
1008 2176 1265 2234 mortem,
1297 2171 1388 2239 qui
1421 2184 1613 2229 servat.
1643 2191 1945 2234 sermonem

379 2251 610 2308 dicentis
637 2273 650 2310 :
680 2252 741 2308 Si
775 2256 892 2325 quis
924 2274 1214 2315 sermonem
1244 2279 1416 2319 meum
1456 2269 1764 2333 servaverit,
1801 2286 1948 2325 mor-

378 2351 610 2399 temnon
642 2347 829 2401 uidebit
880 2349 935 2403 in
990 2360 1267 2409 internum.
1314 2354 1428 2410 Hoc
1475 2358 1527 2411 in
1572 2358 1691 2414 loco
1742 2362 1950 2430 pariter

379 2449 565 2505 quaero
595 2453 721 2492 num
759 2439 901 2496 forte
932 2443 1279 2514 vocabulum,
1304 2447 1358 2503 in
1386 2459 1665 2519 wternum,
1735 2452 1945 2507 intelli-

343 2530 609 2604 'gendum
639 2532 712 2587 sit
735 2537 1127 2592 communiter:
1161 2548 1221 2593 ut
1256 2549 1425 2596 totum
1472 2543 1546 2598 sit
1600 2544 1943 2615 hujusmodi:

380 2619 436 2673 Si
468 2620 592 2690 quis
629 2637 934 2681 sermonem
973 2644 1155 2685 meum
1187 2635 1495 2691 servaverit
1546 2636 1601 2690 in
1650 2646 1943 2706 aeternum,

378 2726 605 2771 mortem
634 2734 740 2773 non
771 2720 977 2776 videbit
1006 2724 1058 2778 in
1091 2734 1376 2781 aeternum.
1411 2729 1636 2786 Videtur
1664 2732 1808 2789 enim
1848 2735 1948 2791 ali-

375 2807 499 2878 quis
526 2809 713 2866 tandiu
743 2828 849 2868 non
888 2815 1074 2872 videre
1094 2829 1350 2885 mortem,
1374 2822 1610 2891 quandiu
1641 2838 1945 2882 sermonem

384 2911 561 2954 servat
588 2899 714 2956 Jesu
742 2904 940 2970 ;simul
963 2908 1110 2963 enim
1136 2918 1302 2979 atque
1325 2913 1450 2983 quis
1473 2928 1598 2970 eum
1626 2916 1946 2984 perdiderit,

377 2991 541 3064 362
572 3005 801 3053 mortem
833 3000 997 3055 etiam
1022 3003 1180 3060 vidit.
1219 3005 1370 3073 Quod
1415 3007 1461 3062 si
1513 3023 1798 3067 recurrere
1824 3012 1949 3084 quis

2049 523 2161 585 τοῖς
2214 521 2519 587 ἀκούουσιν,
2575 523 2810 593 ἔφασκεν
2839 525 3052 589 αὐτοῖς·
3104 525 3227 581 Ἐάν
3264 543 3352 590 τις
3388 525 3447 580 τὸ
3479 528 3581 599 ὲμιδν

2047 611 2206 667 τοῦτο
2236 601 2453 689 τηρήσῃ
2486 615 2622 685 φῶς,
2683 616 2874 675 σκότος
2918 616 2979 670 οὑ
3017 616 3091 690 μὴ
3123 615 3380 689 θεωρήσῃ
3416 619 3489 681 εἰς
3513 618 3582 672 τὸν

2048 704 2235 758 αἰῶνα·
2272 706 2532 761 ἀδύνατον
2566 706 2676 779 γὰρ
2706 707 2960 777 γενέσθαι
3012 708 3200 774 σκότος
3243 708 3325 781 τῷ
3363 709 3581 781 τηροῦντι

2046 796 2107 850 τὸ
2150 796 2266 867 φῶς
2287 814 2304 830 ο
2355 801 2406 852 εἰ
2460 800 2706 871 μέντοιγε
2756 801 3017 857 ἀπολέσαι
3046 819 3127 867 τις
3158 803 3321 857 τοῦτο
3360 803 3419 857 τὸ
3458 806 3584 872 φῶς,

2046 888 2235 943 ἕπεται
2263 889 2340 961 τῷ
2364 889 2731 946 ἀπολωλεκότι
2756 892 2957 957 εὐθέως
2989 893 3112 946 ίδεῖν
3138 895 3199 948 τὸ
3224 893 3436 957 σκότος.
3461 892 3586 950 Οὕτω

2045 979 2223 1033 τοίνυν
2251 980 2345 1035 καὶ
2374 982 2431 1035 ὲν
2461 982 2539 1053 τῷ
2568 983 2724 1055 Λόγῳ
2753 985 2811 1037 ὲν
2838 986 2981 1057 ἀρχῇ
3029 985 3165 1055 πρὸς
3189 985 3280 1037 τὸν
3305 984 3437 1037 Θεὸν
3459 985 3588 1054 γέγο-

2047 1086 2134 1125 vsv
2174 1071 2207 1142 ἠ
2254 1068 2389 1142 ζωή’
2424 1073 2613 1145 διόπερ
2647 1077 2680 1145 ή
2720 1074 2862 1147 ἀρχὴ
2890 1116 2905 1140 ,
2940 1075 3218 1128 τουτέστιν
3255 1076 3293 1146 ἡ
3350 1074 3588 1149 Σοφία,ή

2046 1161 2303 1232 λέγουσα·
2373 1164 2436 1217 '0
2487 1164 2631 1232 Θεὸς
2676 1165 2879 1221 ἕκτισέ
2917 1183 2995 1237 με
3020 1165 3217 1236 ἀρχὴν
3244 1165 3396 1221 ὀδοῦ
3434 1168 3589 1221 αὑτοῦ

2047 1255 2136 1320 εἰς
2161 1254 2306 1324 ἔργα
2333 1256 2540 1318 αὐτοῦ,
2579 1259 2706 1330 περὶ
2741 1258 2833 1311 τοῦ
2866 1261 2923 1312 ἐν
2958 1260 3094 1331 αὐτῇ
3127 1260 3291 1327 λόγου
3326 1261 3384 1312 ἐν
3432 1251 3475 1327 ᾧ
3517 1276 3589 1327 γι-

2046 1364 2201 1416 γονεν
2224 1350 2258 1419 ή
2290 1346 2424 1419 ζωὴ,
2477 1348 2700 1413 διδάξει,
2737 1351 2830 1403 καὶ
2847 1351 3026 1422 φήσει·
3059 1350 3199 1404 Ἐάν
3218 1368 3309 1417 τις
3347 1350 3451 1404 τὸν
3474 1350 3592 1419 ἐμὸν

2044 1435 2230 1504 λόγον
2255 1435 2508 1505 τηρήσῃ,
2527 1436 2785 1492 θάνατον
2794 1441 2865 1492 οὐ
2880 1438 2965 1508 μὴ
2990 1439 3262 1508 θεωρήσῃ
3274 1443 3366 1506 είς
3378 1436 3593 1493 τὸναίῶ-

2045 1541 2143 1579 ναο
2180 1524 2295 1595 ἅμα
2324 1526 2433 1597 γὰρ
2461 1530 2676 1602 τηρήσῃ
2723 1547 2806 1593 τις
2850 1531 2941 1584 τὸν
2993 1530 3180 1599 λόγον,
3218 1533 3316 1585 καὶ
3347 1533 3445 1604 τὴν
3474 1530 3592 1601 ἀχώ-

2048 1634 2232 1689 ριστον
2265 1617 2431 1672 αὑτοῦ
2486 1621 2782 1693 γενομένην
2819 1623 2877 1676 ἐν
2917 1624 3068 1698 αὐτῷ
3118 1621 3289 1696 ζωὴν,
3339 1625 3459 1695 ἥτις
3502 1624 3594 1696 ἅμα

2047 1709 2144 1763 καὶ
2174 1710 2289 1779 φῶς
2317 1711 2434 1764 ἐστι
2460 1711 2570 1764 τῶν
2605 1712 2926 1785 ἀνθρώπων,
2956 1713 3017 1767 τὸ
3057 1716 3114 1767 ὲν
3150 1717 3217 1785 τῇ
3254 1717 3446 1788 σκοτίᾳ
3493 1720 3593 1786 φαῖ-

2047 1815 2157 1863 νον,
2194 1801 2287 1853 καὶ
2314 1799 2389 1873 μὴ
2419 1800 2974 1874 καταλαμϐανόμενον
3008 1803 3100 1856 ὑπ’
3125 1804 3321 1874 αὐτῆς.
3370 1805 3489 1857 Ἐὰν
3522 1801 3595 1858 οὖν

2045 1891 2208 1944 οίονεὶ
2255 1890 2654 1962 πυνθανόμενος
2694 1894 2722 1947 ὁ
2777 1894 3071 1967 Προφήτης
3120 1895 3290 1967 λέγῃ·
3326 1897 3424 1962 Τίς
3455 1897 3594 1951 ἐστιν

2046 1982 2354 2051 ἄνθρωπος
2386 1983 2454 2050 ὃς
2490 1982 2748 2051 ζήσεται,
2789 1987 2885 2039 καὶ
2918 1987 3031 2041 οὐκ
3076 1987 3290 2055 ὄψεται
3332 1987 3568 2041 θάνατον
3580 2006 3596 2052 ;

2047 2074 2488 2147 ἀποκρινούμεθα
2506 2076 2614 2146 t57)
2635 2076 2896 2147 μαθόντες
2926 2076 3033 2130 ἀπὸ
3055 2077 3147 2130 τοῦ
3176 2077 3430 2149 Σωτῆρος
3448 2078 3594 2149 ήμῶν,

2047 2168 2141 2222 καὶ
2171 2167 2422 2240 ἐροῦμεν,
2458 2170 2538 2224 ὅτι
2571 2170 2856 2241 ἄνθρωπός
2916 2172 3083 2235 ἐστιν,
3118 2171 3177 2236 ὃς
3229 2172 3485 2245 ζήσεται,
3525 2174 3595 2226 καὶ

2045 2259 2145 2313 οὐκ
2178 2259 2364 2331 δψεται
2388 2260 2634 2328 θάνατον,
2667 2261 2726 2326 ὃς
2750 2265 2907 2335 τηρεῖ
2928 2264 3016 2317 τὸν
3041 2264 3197 2333 λόγον
3228 2264 3325 2317 τοῦ
3354 2265 3593 2327 εἰπόντος·

2059 2351 2201 2407 Ἐάν
2231 2370 2321 2419 τις
2352 2353 2459 2408 τὸν
2481 2354 2628 2423 ἐμὸν
2654 2356 2839 2424 λόγον
2868 2354 3125 2424 τηρήσῃ,
3148 2355 3415 2410 θάνατον
3444 2358 3507 2409 οὑ
3528 2355 3595 2424 μὴ

2048 2441 2319 2511 θεωρήσῃ
2353 2444 2442 2509 εἰς
2465 2442 2570 2496 τὸν
2590 2442 2790 2497 αἰῶνα.
2828 2442 2977 2515 ’Δμα
3005 2444 3061 2499 δὲ
3088 2447 3145 2498 ὲν
3176 2445 3258 2517 τῷ
3295 2446 3448 2516 τόπῳ
3477 2445 3595 2517 ζητῶ

2054 2535 2268 2607 μήποτε
2295 2535 2355 2589 τὸ
2397 2538 2486 2603 εις
2512 2536 2618 2590 τὸν
2646 2535 2849 2602 αἰῶνα,
2876 2538 2983 2591 ἀπὸ
3004 2536 3183 2591 κοινοῦ
3203 2537 3463 2610 ληπτέον,
3486 2537 3591 2589 ὥστ’

2048 2621 2115 2677 ἂν
2144 2618 2283 2679 εἶναι
2326 2623 2567 2679 τοιοῦτον
2611 2626 2672 2678 τὸ
2712 2624 2850 2679 ὅλον·
2888 2626 3012 2680 Ἐάν
3042 2643 3128 2690 τις
3157 2626 3251 2680 τὸν
3293 2628 3427 2698 ὲμὺν
3467 2625 3595 2694 λόγον

2046 2715 2260 2787 τηρήσῃ
2319 2717 2399 2779 είς
2449 2714 2539 2769 τὸν
2590 2715 2763 2770 αἰῶνα
2792 2756 2806 2781 ,
2844 2715 3071 2771 θάνατον
3120 2718 3181 2771 οὑ
3222 2718 3300 2789 μὴ
3350 2717 3594 2791 θεωρήσῃ.

2047 2808 2157 2862 Kal
2189 2809 2296 2881 γὰρ
2328 2808 2502 2863 ἔοικεν
2530 2811 2621 2863 ἐπὶ
2644 2807 2895 2862 τοσοῦτόν
2919 2827 3004 2873 τις
3035 2809 3109 2882 μὴ
3144 2810 3372 2882 θεωρεῖν
3404 2811 3490 2864 τὸν
3518 2810 3595 2864 θά-

2049 2915 2227 2968 νατον,
2261 2904 2383 2957 ὅσον
2408 2905 2548 2975 τηρῇ
2579 2902 2670 2955 τὸν
2705 2901 2797 2955 τοῦ
2836 2902 3009 2973 Ἰησοῦ
3045 2902 3219 2972 λόγον·
3262 2905 3380 2975 ἄμα
3403 2903 3504 2975 γάρ
3531 2921 3596 2965 τις

2048 2992 2328 3047 ἀπώλεσεν
2358 2994 2542 3057 αὐτὸν,
2582 2995 2676 3048 καὶ
2712 2994 2940 3049 θάνατον
2985 2993 3316 3068 ἐθεώρησεν.
3352 2997 3414 3050 El
3444 2995 3595 3050 δὲκαὶ

378 3095 557 3155 potest
602 3089 668 3144 ad
722 3089 1106 3160 profundiores
1155 3098 1415 3164 rationes,
1481 3110 1539 3156 et
1597 3083 1911 3159 considerat

2055 3083 2366 3157 ἀνατρέχειν
2389 3103 2471 3149 τις
2499 3084 2720 3139 δύναται
2757 3086 2849 3139 ἐπὶ
2876 3086 3001 3150 τοὺς
3034 3084 3363 3159 βαθυτέρους
3392 3087 3595 3156 λόγους,

378 3179 652 3246 quomodo
687 3182 900 3238 dicatur
926 3184 995 3241 ab
1027 3184 1284 3245 homine:
1321 3188 1391 3243 Et
1418 3191 1475 3245 in
1501 3194 1763 3262 pulverem
1806 3213 1949 3250 mor-

381 3267 449 3321 tis
476 3269 748 3327 adduxisti
782 3291 864 3330 me
890 3276 959 3343 5’,
982 3288 1038 3334 et
1076 3296 1105 3334 a
1139 3281 1306 3340 Paulo
1347 3302 1363 3340 :
1402 3284 1537 3355 Quis
1582 3304 1663 3342 me
1705 3289 1948 3346 liberabit

378 3372 444 3412 ex
480 3374 694 3430 corpore
734 3362 831 3419 hoc
873 3371 1152 3424 mortali”
1179 3366 1201 3419 ?
1229 3374 1428 3431 videbit
1472 3378 1633 3432 etiam
1680 3383 1949 3448 quomodo

378 3452 619 3520 quandiu
652 3466 901 3513 servatus
955 3458 1121 3518 fuerit
1165 3479 1365 3533 sermo,
1415 3469 1599 3524 tandiu
1646 3485 1792 3527 mors
1832 3473 1946 3528 visa

380 3557 488 3597 non
522 3542 687 3599 fuerit
720 3548 789 3604 ab
816 3563 903 3617 eo,
930 3552 1024 3622 qui
1057 3553 1233 3623 ipsum
1273 3561 1508 3614 servarit
1530 3577 1545 3613 :
1569 3569 1626 3616 et
1652 3564 1945 3631 quomodo,

381 3647 503 3687 cum
533 3636 655 3705 quis
682 3653 829 3705 aegre
853 3644 1147 3701 attendens
1178 3648 1543 3705 observationi
1572 3655 1859 3720 sermonis,
1894 3664 1950 3711 et

380 3725 524 3781 circa
554 3727 671 3795 ejus
702 3734 1005 3790 custodiam
1032 3739 1307 3811 negligens
1337 3740 1545 3809 factus,
1568 3759 1692 3799 eum
1721 3750 1950 3804 cessarit

379 3818 672 3886 custodire,
714 3829 842 3880 tunc
870 3835 1102 3882 mortem
1145 3830 1365 3898 viderit,
1414 3848 1521 3887 non
1570 3837 1709 3905 apud
1758 3837 1947 3901 alium.

379 3921 541 3975 quam
571 3911 710 3980 apud
749 3914 1010 3985 seipsum.
1037 3918 1115 3973 Ac
1140 3906 1386 3990 profecto
1425 3924 1617 3993 dogma
1659 3925 1948 3998 legemque

379 4000 765 4070 sempiternam
817 4009 1151 4065 censendum
1191 4019 1277 4067 est
1333 4013 1436 4069 hoc
1477 4029 1632 4082 esse,
1688 4029 1948 4088 perpetuo

382 4087 668 4143 dicendum
697 4107 818 4148 esse
854 4095 940 4151 his
987 4098 1079 4166 qui
1126 4102 1429 4170 receperint
1483 4087 1844 4164 sermonem:
1888 4108 1948 4164 Si

378 4179 496 4249 quis
529 4196 821 4237 sermonem
849 4203 1020 4241 meum
1038 4193 1338 4258 seruaverit,
1368 4206 1588 4250 mortem
1621 4214 1727 4253 non
1752 4200 1948 4256 uidebit

378 4276 436 4327 in
464 4285 718 4331 internum
742 4278 809 4335 ".
842 4278 914 4336 Ut
938 4293 1144 4349 autem,
1177 4295 1235 4341 ut
1258 4286 1332 4342 ita
1363 4288 1561 4357 dicam,
1593 4293 1797 4350 diutius
1819 4296 1949 4352 visa:

382 4368 623 4423 tenebrae
676 4370 846 4424 aciem
890 4372 1037 4429 illius
1079 4376 1174 4444 qui
1228 4378 1424 4435 viderit
1478 4382 1804 4449 obtundunt,
1868 4380 1948 4443 sic

2050 3176 2144 3231 καὶ
2186 3179 2325 3231 νοεῖν
2369 3178 2485 3242 πῶς
2534 3178 2640 3231 ὑπὸ
2686 3178 2972 3251 ἀνθρώπου
3011 3178 3207 3249 λέγοιτ’
3255 3180 3324 3234 ἂν
3373 3180 3460 3234 τό·
3512 3182 3597 3257 Εἰς

2049 3266 2203 3337 χοῦν
2254 3266 2513 3322 θανάτου
2569 3267 2901 3339 κατήγαγές
2952 3286 3061 3339 με,
3105 3270 3203 3324 καὶ
3242 3271 3349 3324 ὑπὸ
3391 3269 3593 3323 Παύλου·

2055 3360 2150 3425 Τίς
2186 3376 2263 3429 με
2306 3360 2558 3429 ῥύσεται
2624 3360 2692 3414 ἐκ
2740 3359 2846 3415 τοῦ
2894 3360 3164 3431 σώματος
3216 3362 3593 3439 τοῦοθανάτου

2048 3450 2297 3515 τούτου;
2339 3450 2605 3522 θεωρήσει
2642 3451 2764 3505 τίνα
2790 3451 2989 3524 τρόπον
3029 3453 3152 3506 ὅσον
3193 3453 3294 3523 μὲν
3322 3452 3593 3524 ἐτηρεῖτοό

2047 3541 2237 3612 λόγος,
2274 3541 2502 3605 θάνατος
2538 3543 2639 3597 οὐκ
2676 3542 2963 3617 ὲθεωρεῖτο
3009 3541 3085 3614 τῷ
3118 3543 3377 3616 τηροῦντι
3424 3541 3591 3596 αὐτόν’

2048 3631 2134 3684 ὅτε
2168 3632 2226 3686 δέ
2255 3650 2339 3696 τις
2368 3631 2560 3704 καμὼν
2607 3635 2665 3688 ὲν
2715 3636 2782 3705 τῇ
2835 3636 3099 3705 προσοχῇ,
3140 3635 3235 3687 καὶ
3263 3637 3485 3707 τηρήσει
3517 3630 3592 3685 τοῦ

2048 3725 2229 3795 λόγον’
2265 3726 2297 3798 ἢ
2327 3727 2743 3800 ἀπροσεκτήσας
2776 3730 2904 3802 περὶ
2930 3727 2991 3782 τὸ
3017 3729 3202 3799 τηρεῖν
3227 3767 3243 3791 ,
3286 3726 3485 3781 οὐκέτι
3515 3726 3591 3779 αὖ·

2047 3817 2138 3872 τὸν
2165 3821 2450 3891 τετήρηκε,
2498 3820 2618 3875 τότε
2647 3820 2738 3875 τὸν
2770 3821 2996 3875 θάνατον
3035 3819 3363 3892 ἐθεώρησεν,
3396 3820 3454 3873 οὐ
3484 3816 3590 3886 παρ’

2047 3912 2204 3967 ἄλλον
2232 3911 2265 3984 ἢ
2298 3913 2427 3986 παρ’
2465 3912 2675 3967 ἑαυτόν.
2711 3913 2822 3967 Καὶ
2858 3912 3135 3985 νομιστέον
3163 3930 3226 3981 γε
3260 3911 3419 3965 τοῦτο
3443 3910 3590 3979 δόγμα

2048 3998 2207 4067 εἶναι,
2243 4004 2336 4057 καὶ
2366 4004 2529 4075 νόμον
2561 4004 2799 4069 αἰώνιον,
2834 4004 2923 4059 ἀεὶ
2951 4004 3016 4057 ἂν
3040 4005 3171 4075 ἡμῖν
3202 4001 3589 4074 λεχθησομένου,

2047 4091 2420 4165 παραλαϐοῦσι
2442 4093 2535 4147 τὸν
2561 4094 2739 4163 λόγον,
2760 4092 2856 4146 τοῦ
2875 4111 2888 4125 ⁸
2930 4091 3066 4145 Ἐάν
3095 4109 3183 4158 τις
3217 4092 3325 4145 τὸν
3347 4090 3486 4160 ἐμὸν
3505 4088 3589 4142 λό-

2045 4203 2157 4256 γον
2220 4184 2451 4255 τηρήσῃ
2474 4226 2489 4250 ,
2539 4184 2795 4241 θάνατον
2851 4186 2924 4239 οὐ
2975 4183 3061 4255 μὴ
3122 4182 3331 4252 ὄψεται
3381 4184 3464 4248 είς
3503 4179 3588 4233 τὸν

2047 4274 2250 4331 αἰῶνα.
2285 4275 2493 4347 Ὠσπερ
2525 4275 2582 4327 δὲ
2609 4317 2623 4342 ,
2674 4274 2741 4328 ἶν’
2790 4273 2960 4337 οὕτως
2991 4272 3242 4343 ὀνομάσω
3275 4312 3291 4339 ,
3339 4268 3587 4324 ὲπιπλεῖον

2049 4366 2322 4439 θεωρηθὲν
2374 4366 2436 4419 τὸ
2491 4366 2681 4430 σκότος
2731 4365 2980 4436 ἀφανίζει
3033 4365 3141 4436 (58)
3185 4363 3286 4427 τὰς
3329 4363 3473 4433 ἅψεις
3509 4355 3585 4412 τοῦ

380 4474 529 4515 mors
562 4472 847 4531 conspecta
878 4464 947 4519 ab
972 4481 1039 4521 eo
1069 4469 1161 4538 qui
1189 4484 1497 4528 sermonem
1538 4489 1644 4531 non
1688 4479 1911 4533 scrvaril

2055 4458 2443 4532 θεωρήσαντος,
2481 4458 2654 4522 οὕτως
2694 4456 2987 4530 θεωρηθεὶς
3021 4458 3050 4510 ὁ
3082 4456 3313 4548 θάνατος
3361 4454 3469 4548 eius
3507 4447 3583 4548 τῷ

377 4547 663 4618 interimit,
688 4563 744 4609 et
767 4556 1080 4624 mortiﬁcat,
1105 4572 1455 4633 excaecatque
1486 4566 1660 4621 aciem
1698 4547 1946 4625 contem?

376 4640 600 4710 plalioni
629 4656 922 4713 assuetam,
958 4650 1094 4705 adeo
1125 4659 1184 4706 ut
1223 4666 1361 4722 opus
1391 4654 1588 4725 habeat
1622 4672 1687 4713 eo
1713 4660 1808 4728 qui
1840 4675 1944 4716 cae-

375 4746 564 4788 corum
597 4736 786 4793 oculos
807 4740 1005 4810 aperit.
1051 4742 1130 4798 Ac
1172 4743 1415 4813 profecto
1453 4747 1705 4805 existimo
1738 4750 1944 4808 idcirco

375 4839 566 4892 crecos,
598 4843 828 4898 quorum
877 4845 1005 4891 nota
1035 4835 1257 4892 fuerunt
1309 4839 1463 4904 eieci,
1525 4841 1618 4910 qui
1669 4842 1725 4898 in
1764 4844 1944 4902 Evan—

2045 4548 2136 4602 τὸν
2166 4547 2322 4618 λόγον
2363 4547 2437 4620 μὴ
2492 4549 2834 4619 τηρήσαντος
2865 4546 3116 4614 θανατοῖ,
3159 4547 3253 4601 καὶ
3295 4545 3470 4616 νεκροί
3504 4540 3584 4609 τὴν

2044 4641 2396 4714 θεωρήσασαν
2420 4640 2578 4695 αὐτὸν
2603 4639 2745 4709 ὄψιν,
2776 4638 2869 4693 καὶ
2893 4638 3210 4709 ἀποτυφλοϊ,
3231 4638 3309 4703 ὡς
3339 4637 3423 4691 διὰ
3450 4633 3582 4688 τοῦτο

2043 4732 2298 4804 δεηθῆναι
2345 4732 2436 4786 τοῦ
2488 4732 2794 4800 ἀνοίγοντος
2859 4730 3169 4801 ὀφθαλμοὺς
3218 4728 3445 4800 τυφλῶν.
3491 4723 3581 4777 Καὶ

2044 4818 2196 4895 οἶμαί
2239 4841 2302 4894 γε
2328 4863 2343 4889 ,
2394 4823 2483 4877 διὰ
2512 4822 2669 4877 τοῦτο
2712 4824 2761 4877 oi
2794 4821 3002 4893 τυφλοὶ,
3041 4815 3117 4876 ὧν
3160 4821 3421 4892 σύμϐολον
3463 4812 3578 4887 ἦσαν

373 4916 514 4988 gelio
546 4921 864 4979 scribuntur
891 4928 1142 4984 amisisse
1183 4930 1396 4994 oculos,
1429 4947 1494 4986 eo
1520 4935 1687 5001 quod,
1725 4951 1911 4994 sermo

2055 4916 2088 4968 >ί
2136 4918 2191 4972 ὲν
2234 4915 2313 4987 τῷ
2361 4914 2675 4986 Εὐαγγελίῳ
2733 4914 2956 4985 τυφλοὶ,
3003 4913 3102 4977 τὰς
3154 4913 3305 4983 War;
3340 4905 3576 4966 ἀπολωλέ-

375 5025 501 5066 uem
527 5026 652 5068 cum
683 5028 792 5070 non
820 5028 1156 5087 servassent,
1192 5032 1422 5079 mortem
1457 5028 1861 5096 conspexerint.

444 5171 534 5227 52.
570 5172 831 5230 Dixerunt
874 5179 921 5232 ei
953 5177 1133 5235 Judaei
1160 5198 1180 5238 :
1224 5179 1386 5237 Nunc
1427 5187 1760 5254 cognovimus
1799 5188 1940 5259 quod

374 5267 692 5322 dwmonium
738 5268 896 5324 habes
936 5272 1004 5330 “.
1045 5272 1384 5344 Complures,
1435 5276 1598 5347 hique
1645 5280 1938 5349 sapientes,

373 5369 534 5410 omne
560 5371 733 5425 genus
757 5365 991 5430 peccati,
1024 5365 1180 5435 cujus
1223 5381 1327 5420 una
1378 5369 1544 5423 etiam
1579 5371 1787 5438 species
1834 5383 1938 5439 est,

2044 5023 2220 5071 κασιν,
2242 5006 2469 5079 ἐπείπερ
2499 5006 2589 5059 τὸν
2620 5006 2775 5077 λόγον
2809 5005 2884 5079 μὴ
2913 5007 3250 5078 τηρήσαντες
3272 5006 3362 5061 τὸν
3384 5005 3578 5060 θάνατον

2043 5094 2375 5167 ἐθεώρησαν.
3584 5118 3609 5168 ρ

2117 5189 2207 5243 52.
2247 5184 2437 5243 Εἶπον
2458 5185 2618 5253 αὐτῷ
2641 5190 2695 5241 οἱ
2731 5185 3021 5242 Ἰιγυδαῖοι⁸
3070 5185 3201 5239 Νῦν
3246 5183 3571 5255 ἐγνώκαμεν,

2047 5281 2137 5336 ὅτι
2173 5280 2478 5350 δαιμόνιον
2529 5279 2711 5349 ἔχεις.
2765 5280 2827 5333 Οἱ
2879 5278 2977 5349 μὲν
3024 5276 3209 5331 πολλοὶ⁸
3251 5277 3342 5331 καὶ
3382 5273 3474 5328 τῶν
3501 5286 3570 5323 σο-

2046 5373 2162 5444 φῶν
2197 5372 2307 5443 (59)
2339 5372 2446 5424 πᾶν
2498 5370 2652 5439 γένος
2695 5371 3111 5444 ἁμαρτήματος,
3153 5361 3214 5422 οὗ
3242 5370 3299 5420 ὲν
3330 5366 3447 5421 εῖδει
3476 5359 3571 5415 ἐστὶ

440 5446 489 5481 ⁸⁸
531 5449 689 5532 ἐρίῳ.
730 5467 776 5525 ι,
813 5455 871 5511 2.
944 5457 1177 5532 οξ-Ρτον.
1210 5474 1327 5532 vm,
1349 5460 1439 5517 22.
1516 5463 1737 5522 "Joan.
1767 5481 1807 5530 ι.
1831 5467 1885 5525 5.

2055 5468 2170 5525 ’sal.
2209 5481 2474 5532 Lxxxvm,
2511 5466 2601 5523 49.
2675 5466 2723 5499 "
2751 5452 2894 5524 Psal.
2922 5481 3039 5532 ut,
3086 5464 3174 5523 l6.
3244 5459 3292 5492 ⁸⁸
3320 5463 3463 5517 llum.
3486 5470 3564 5520 ιιι,

373 5515 464 5575 24.
538 5520 582 5553 ⁸⁸
619 5515 776 5579 Ιοεηξ
815 5540 936 5593 vm,
971 5527 1063 5586 5i.
1135 5530 1182 5561 "
1208 5515 1337 5586 ibid'.
1366 5515 1458 5589 32.

444 5613 556 5749 ήδη
584 5614 762 5701 ϐρύει
796 5618 1013 5703 [legi-us,
1041 5620 1470 5694 amxptvdpsOa.

470 5683 560 5749 58)
594 5688 774 5742 (.mlex
801 5689 1024 5749 Regius.
1049 5693 1354 5749 ἀφανίζειν.
1383 5710 1468 5748 tua

542 5684 561 5823 ζ
594 5687 774 5742 Codex
801 5684 1024 5760 Reiius,
1049 5684 1354 5762 ἀφανίζειν,
1383 5693 1545 5772 male.
1657 5745 1664 5751 .

587 5755 651 5807 Ol
672 5754 788 5823 μὲν
821 5763 1036 5818 πολλοὶ
1078 5763 1175 5819 καὶ
1214 5762 1330 5821 τῶν
1362 5780 1590 5823 vomer.
1622 5773 1664 5822 cl

452 5751 561 5823 (39)
587 5755 651 5807 οι
672 5754 788 5825 μὲν
821 5751 1036 5818 πόλλοί
1078 5751 1175 5819 aiat
1214 5751 1590 5836 faecem,
1622 5773 1725 5823 etc.
1780 5763 1934 5823 Plato

2042 5588 2217 5682 lib-.1:
2251 5623 2326 5679 De
2348 5623 2532 5697 legib.,_
2559 5622 2805 5697 Plotinus
2830 5620 3072 5697 Enuead.
3101 5641 3140 5691 I,
3173 5622 3271 5682 lib.
3305 5638 3349 5697 t._
3371 5621 3437 5673 At
3478 5629 3564 5697 non

2042 5711 2108 5750 ex
2141 5691 2416 5774 perversis
2455 5694 2628 5749 solum
2689 5694 2931 5764 iudiciis,
2976 5696 3072 5774 sed
3125 5710 3195 5774 ex
3252 5691 3565 5774 malonetifttl

2040 5761 2187 5824 recte
2243 5761 2607 5839 iudicatorum
2661 5761 2762 5823 usu
2811 5773 3034 5837 peccata
3089 5765 3356 5824 oriuntur.
3397 5761 3560 5816 Cicero
