3688 6146
94 371 201 428 669

1141 371 1498 430 'COMMENT.
1532 369 1600 427 IN
1638 367 1830 426 JOAN.
1865 367 2104 424 TOMUS
2141 366 2258 424 XX.

3227 365 3332 422 670

89 487 184 540 καὶ
215 485 278 538 τὸ
312 485 376 539 ἐν
401 485 542 557 λόγῳ
575 487 896 559 ἁμάρτημα,
932 489 1032 543 οὑκ
1059 488 1278 544 ἄλλοθεν
1323 490 1357 563 ἢ
1393 491 1502 545 ἀπὸ
1545 506 1638 561 κρι

1804 497 2047 543 eccatum
2080 487 2132 542 in
2159 498 2432 550 sermone,
2463 496 2570 539 non
2598 483 2813 540 aliunde
2839 482 2972 538 oriri
2997 482 3334 551 existimant,

92 577 279 644 μάτων
332 575 623 647 μοχθηρῶν
667 576 868 631 οἴονται
902 578 1011 650 (40)
1044 579 1317 648 γίνεσθαιο
1353 584 1401 636 οἰ
1443 581 1501 634 δὲ
1544 584 1666 644 ταῖς

90 667 274 734 ἁγίαις
303 666 553 737 Γραφαῖς
576 707 592 732 ,
623 667 699 731 ὡς
746 667 916 733 θείαις
951 673 1403 736 πεπιστευκότες,
1441 672 1667 743 διαλαμ-

92 755 314 808 ϐάνουσι
357 755 486 826 περὶ
512 756 618 809 τῶν
645 757 794 828 παρά
842 759 931 812 τὸν
964 759 1120 832 ὀρθὸν
1151 761 1306 831 λόγον
1337 762 1426 814 ὑπ’
1457 760 1667 834 ἀνθρώ-

90 863 206 899 πων
268 847 656 918 πραττομένων
683 888 700 913 ,
756 849 832 913 ὡς
883 851 946 904 οὑ
1021 852 1189 924 χωρὶς
1239 853 1566 925 δαιμονίων,
1627 853 1661 924 ἢ

90 937 286 990 ὁποίων
333 937 533 1007 δήποτε
560 938 837 1010 δυνάμεων
884 942 1270 1014 ἀντικειμένων
1324 945 1433 998 τῶν
1484 943 1662 997 τοιοὺ-

90 1043 194 1079 των
241 1026 696 1096 ἐπιτελουμένων.
751 1029 862 1081 Καὶ
910 1031 959 1083 οἰ
1024 1033 1265 1086 Ἰουδαῖοι
1301 1034 1478 1087 τοίνυν
1522 1033 1663 1087 κατά

95 1115 200 1186 (Η)
227 1115 507 1187 δαιμονίου
541 1117 819 1188 ἐνέργειαν
851 1120 1227 1192 ὑπελάμϐανον
1259 1125 1537 1194 εἰρηκέναι
1563 1124 1656 1179 τὸν

103 1206 307 1278 Ἰησοῦν
337 1208 432 1261 τό·
467 1208 654 1279 Ἀμὴν
677 1211 839 1279 ἀμὴν
873 1211 1026 1282 λέγω
1066 1215 1227 1282 opu»
1253 1214 1396 1269 Ἐάν
1432 1234 1523 1282 τις
1554 1217 1662 1271 τὸν

91 1297 232 1367 ἐμὸν
256 1299 449 1367 λόγον
475 1299 732 1368 τηρήσῃ,
761 1301 1017 1356 θάνατον
1054 1306 1124 1358 οὐ
1151 1305 1237 1374 μὴ
1283 1306 1553 1376 θεωρήσῃ
1575 1311 1662 1375 εἰς

90 1389 194 1444 τὸν
230 1388 437 1444 αἰῶνα.
469 1394 577 1446 Καὶ
601 1394 759 1447 τοῦτο
786 1397 1191 1463 ἐπεπόνθεισαν,
1225 1400 1361 1470 μήτε
1389 1399 1480 1453 τὸν
1507 1400 1660 1470 λόγον

93 1483 442 1554 τηρήσαντες,
479 1486 615 1555 μήτε
653 1485 748 1538 τοῦ
781 1487 1072 1558 λεγομένου
1109 1489 1206 1562 τὴν
1241 1491 1467 1562 δύναμιν
1523 1492 1658 1544 Θεω-

96 1574 378 1643 ρήσαντες·
413 1577 441 1627 ὁ
477 1575 575 1645 μὲν
625 1575 735 1649 γὰρ
767 1578 993 1634 θάνατόν
1040 1599 1161 1636 τινα
1189 1581 1380 1652 ἐχθρὸν
1406 1581 1483 1652 τῷ
1514 1582 1660 1652 λόγῳ

94 1661 447 1732 ἐπιστάμενος
474 1701 489 1726 ,
532 1663 590 1716 ὃν
639 1665 1070 1736 ἀποθνήσκουσιν
1124 1671 1172 1721 οἰ
1215 1668 1656 1739 ἁμαρτάνοντες,

91 1752 267 1805 τοῦτον
321 1753 528 1822 ἔφασκε
577 1756 689 1826 (42)
745 1756 818 1829 μὴ
873 1758 1191 1831 θεωρεῖσθαι
1241 1762 1320 1824 εἰς
1353 1760 1444 1814 τὸν
1487 1761 1658 1815 αἰῶνα

1767 591 1926 646 quam
1961 590 1991 630 a
2025 573 2468 645 pravisjudiciis.
2490 573 2562 628 At
2593 587 2722 628 vero
2753 572 2847 644 qui
2895 572 3202 642 Scripturis
3243 588 3335 629 sa-

1767 667 1877 722 cris
1905 675 2162 736 tanquam
2195 665 2393 720 divinis
2425 665 2797 730 crediderunt,
2831 664 2909 719 sic
2942 663 3221 733 diSputant
3261 664 3329 720 de

1767 757 2078 812 hominibus
2108 767 2303 828 pra-ter
2349 757 2613 812 rationem
2651 755 3026 825 operantibus,
3069 764 3325 826 tanquam

1765 849 1968 918 absque
2024 847 2344 914 daemoniis,
2409 847 2494 902 vel
2543 846 3008 917 qualibuscunque
3067 845 3326 917 potentiis

1766 939 2058 993 contrariis
2108 949 2327 1008 peccata
2382 953 2488 992 non
2541 937 2914 1008 perﬁciantur.
2961 935 3324 1003 Quamobrem

1763 1026 1931 1081 Judmi
1987 1027 2148 1080 etiam
2201 1027 2588 1082 existimabant
2641 1024 2824 1081 Jesum
2865 1024 3022 1094 juxta
3069 1023 3328 1078 daemonis

1763 1118 2129 1186 operatioiiem
2188 1117 2508 1173 dixisse”:
2547 1117 2733 1182 Amen,
2775 1132 2927 1170 amen
2966 1116 3083 1170 dico
3135 1114 3280 1170 vobis
3305 1129 3328 1170 :

1764 1206 1824 1263 Si
1848 1210 1964 1279 quis
1993 1225 2280 1264 sermonem
2316 1225 2486 1263 meum
2521 1207 2822 1271 servaverit,
2855 1219 3074 1260 mortem
3106 1222 3207 1260 non
3245 1206 3327 1260 vi-

1761 1303 1900 1356 debit
1945 1303 1999 1355 in
2045 1310 2322 1356 aeternum.
2371 1300 2524 1365 Quod
2559 1299 2704 1368 passi
2747 1306 2892 1363 sunt,
2925 1297 3051 1366 quia
3081 1311 3181 1351 nec
3211 1310 3328 1350 ser-

1763 1407 1974 1446 monem
2008 1401 2387 1456 servaverunt,
2439 1405 2540 1446 nec
2570 1391 2676 1444 vim
2724 1389 2855 1444 dicti
2887 1389 3158 1442 viderunt.
3191 1385 3325 1440 Nam

1764 1495 1995 1537 mortem
2032 1485 2319 1552 quamdam
2357 1483 2542 1538 sciens
2569 1481 2727 1537 Jesus
2760 1481 3035 1542 inimicam
3064 1495 3183 1536 esse
3231 1495 3325 1535 ra-

1763 1575 1915 1640 tioni,
1969 1589 2074 1644 qua
2124 1576 2431 1629 moriuntur
2481 1583 2792 1643 peccantes,
2852 1571 3013 1644 363
3074 1573 3218 1628 banc
3271 1571 3324 1625 in

1759 1675 2020 1720 mternum
2061 1679 2169 1719 non
2217 1666 2386 1721 videri
2423 1665 2641 1720 dicebat
2671 1665 2739 1719 ab
2770 1679 2853 1730 eo,
2883 1667 2974 1734 qui
3020 1677 3324 1719 sermonem

1762 1758 1932 1828 ipsius
1971 1759 2309 1824 servaverit;
2354 1757 2426 1811 illi
2479 1765 2663 1812 autem
2715 1759 2781 1812 de
2830 1759 3103 1812 communi
3149 1767 3326 1812 morte

97 1842 193 1894 ὑπὸ
222 1841 312 1896 τοῦ
347 1845 438 1898 τὸν
468 1845 627 1914 λόγον
659 1847 824 1900 αὑτοῦ
852 1849 1205 1921 τηρήσαντος·
1235 1851 1283 1902 οί
1315 1850 1371 1903 δὲ
1404 1850 1530 1921 περὶ
1561 1849 1638 1902 τοῐ

1803 1851 1958 1904 ictum
2013 1864 2133 1904 esse
2161 1849 2560 1912 existimantes,
2591 1849 2849 1905 aberrare
2879 1849 3123 1904 arbitrati
3175 1857 3322 1912 sunt,

93 1932 387 2004 κοινοτέρου
442 1933 674 1988 θανάτου
722 1937 1039 2008 νομίσαντες
1092 1935 1326 1994 εἶναιτὸ
1367 1940 1656 2011 λεγόμενον

95 2024 416 2094 παραπαίειν
446 2025 614 2096 ῷοντο
638 2026 728 2080 τὸν
755 2027 996 2096 λέγοντα,
1014 2029 1369 2094 ἀποθανόντος
1384 2030 1654 2102 Ἀϐραὰμ,

95 2115 179 2165 καὶ
208 2113 313 2167 τῶν
346 2117 663 2188 προφητῶν,
709 2119 782 2188 μὴ
815 2119 1198 2175 ἀποθανεῖσθαι
1241 2122 1319 2186 εἰς
1369 2122 1458 2176 τὸν
1487 2123 1657 2178 αἰῶνα

97 2204 262 2258 πάντα
289 2205 379 2259 τὸν
408 2210 728 2280 τηρήσαντα
764 2210 929 2264 αὑτοῦ
964 2211 1054 2264 τὸν
1082 2212 1259 2278 λόγον.

158 2296 242 2350 55.
288 2298 536 2368 Ἀϐραὰμ
576 2301 868 2367 ἀπέθανε,
921 2303 1018 2357 καί
1064 2307 1118 2358 οἱ
1164 2304 1459 2374 προφῆται
1483 2347 1498 2372 ,
1557 2306 1656 2362 καὶ

98 2386 170 2440 σὺ
193 2387 402 2458 ,λέγεις’
429 2390 574 2445 Ἐάν
599 2409 689 2459 τις
712 2393 816 2446 τὸν
835 2394 980 2463 ἐμὸν
1005 2396 1190 2465 λόγον
1209 2397 1460 2466 τηρήσῃ,
1478 2399 1548 2452 οὐ
1565 2397 1652 2468 μὴ

95 2479 367 2546 γεύσηται
396 2481 658 2536 θάνατον
673 2482 808 2556 (ιε’)
832 2489 919 2552 εἰς
942 2486 1046 2539 τὸν
1062 2486 1271 2540 αἰῶναο
1287 2488 1375 2558 μὴ
1413 2489 1494 2543 σὺ
1523 2491 1654 2560 μεί-

100 2563 200 2629 ζων
227 2567 284 2624 εἴ
309 2572 413 2626 τοῦ
461 2575 684 2642 πατρὸς
738 2577 906 2646 ἡμῶν
959 2579 1242 2648 Ἀϐραὰμ,
1301 2579 1470 2647 ὅστις
1515 2582 1655 2636 ἀπέ-

101 2663 260 2724 θανε;
315 2664 411 2716 καί
471 2667 526 2718 οἰ
567 2667 865 2736 προφῆται
913 2669 1214 2725 ἀπέθανον
1232 2686 1245 2699 ’
1302 2672 1435 2726 τινα
1476 2687 1655 2727 σεαυ-

105 2750 200 2805 τὸν
235 2753 416 2820 ποιεῖς
432 2771 454 2820 ;
483 2756 544 2808 Εἰ
575 2758 716 2811 κατὰ
734 2759 842 2830 (45)
871 2759 968 2831 τὴν
1007 2761 1378 2833 ἁπλουστέραν
1408 2763 1651 2836 ἐκδοχὴν,

102 2841 169 2905 ὡς
202 2844 290 2898 καὶ
317 2846 471 2900 αὑτοὶ
524 2848 938 2921 ἀποδεδώκαμεν
961 2894 977 2920 ,
1023 2853 1170 2906 δοκεῖ
1214 2849 1350 2907 εἶναι
1386 2855 1552 2923 σαφὲς
1593 2855 1653 2909 τὸ

103 2932 189 3002 τῆς
215 2936 529 3008 ὑπολήψεως
571 2939 679 2994 τῶν
723 2941 988 2997 Ἰουδαίων
1038 2944 1489 3016 ἀποκριναμένων
1517 2945 1653 3018 πρὸς

106 3019 186 3072 τὸν
211 3022 297 3075 τοῦ
323 3026 574 3098 Σωτῆρος
601 3029 756 3098 λόγον
789 3032 914 3103 περὶ
944 3031 1037 3085 τοῦ
1089 3033 1334 3106 Ἀϐραὰμ
1359 3073 1372 3100 ,
1414 3035 1507 3088 καὶ
1541 3035 1650 3090 τῶν

1757 1955 1878 1994 cum
1909 1950 2157 1994 mortuus
2180 1939 2372 1994 fuisset
2398 1939 2673 1992 Abraham
2697 1941 2990 2009 czeterique
3026 1939 3322 2010 prophetae,

1756 2029 2023 2085 dicentem
2055 2029 2326 2085 neminem
2368 2029 2421 2082 in
2451 2037 2712 2083 azternum
2747 2030 2908 2095 mori,
2942 2031 3035 2098 qui
3071 2029 3322 2083 mandata

1757 2135 1854 2177 sua
1882 2121 2128 2176 servarit.

1825 2304 1916 2361 53.
1955 2303 2221 2356 Abraham
2254 2312 2493 2357 mortuus
2533 2311 2611 2355 est
2651 2311 2698 2356 et
2727 2301 3015 2370 prapketm,
3055 2311 3102 2354 et
3136 2309 3194 2354 tu
3235 2301 3320 2356 di-

1754 2398 1827 2450 cis
1859 2411 1878 2449 :
1920 2395 1979 2450 Si
2027 2398 2144 2466 quis
2178 2411 2464 2449 sermonem
2515 2409 2685 2447 meum
2733 2392 3046 2459 servaverit,
3099 2402 3322 2448 mortem

1755 2504 1860 2541 non
1882 2489 2112 2558 gustabit
2143 2488 2198 2541 in
2257 2496 2512 2542 a'ternum
2552 2501 2572 2550 ;
2614 2499 2737 2538 num
2779 2493 2835 2537 tu
2873 2485 3048 2554 major
3086 2502 3140 2540 es
3174 2496 3322 2556 patre

1754 2589 1932 2632 nostro
1978 2578 2300 2638 Abrahamo.
2349 2579 2440 2648 qui
2483 2587 2722 2631 mortuus
2773 2585 2847 2629 est
2891 2575 2917 2629 .9
2960 2586 3008 2628 et
3059 2577 3322 2644 propheta:

1752 2669 1948 2723 mortui
1976 2677 2117 2726 sunt.
2149 2668 2314 2733 Quem
2346 2667 2568 2736 teipsum
2601 2666 2734 2736 facis
2760 2665 2808 2698 “
2840 2665 2865 2719 τ
2902 2664 3128 2718 Etiamsi
3162 2664 3320 2733 juxta

1754 2763 2138 2832 simpliciorem
2168 2761 2607 2831 intelligentiam,
2637 2759 3097 2830 quemadmodum
3131 2767 3188 2814 et
3221 2775 3319 2814 nos

1754 2851 2093 2923 interpretati
2123 2866 2330 2918 sumus,
2353 2851 2602 2906 videatur
2637 2857 2886 2919 apertum
2917 2863 3038 2903 esse
3064 2848 3140 2913 id,
3171 2848 3317 2918 quod

1750 2945 1918 3000 Judaei
1944 2942 2206 3013 suspicati
2236 2942 2470 3007 fuerant,
2499 2943 2886 3010 respondentes
2915 2941 2981 2996 ad
3013 2941 3318 2996 Servatoris

1751 3052 2061 3094 sermonem
2089 3037 2155 3092 de
2191 3035 2486 3102 Abraham,
2516 3036 2835 3105 cacterisque
2859 3036 3158 3105 prophetis,
3191 3050 3317 3105 per-

106 3117 373 3186 ’κροφητῶν
396 3160 410 3184 ,
475 3120 550 3184 ὡς
594 3123 1038 3194 ἀποτεθνηκότων
1064 3165 1079 3189 ,
1131 3125 1281 3178 οὐδὲν
1328 3122 1487 3200 ἦττον
1548 3127 1638 3180 οὐκ

110 3205 203 3228 1.-..
217 3224 233 3228 Α
246 3225 268 3228 μ
282 3226 301 3228 _
318 3211 328 3228 r
622 3213 633 3228 I
720 3216 732 3228 ι
750 3213 773 3228 »-
787 3215 798 3228 ι
1109 3216 1119 3228 ι
1359 3219 1369 3228 ι
1583 3219 1608 3228 .-

1803 3131 1879 3186 ›(Ιε
1917 3130 2072 3198 quasi
2123 3128 2200 3182 illi
2231 3128 2443 3197 {mortui
2498 3127 2752 3193 fuissent,
2807 3128 3160 3182 nihilominus
3209 3142 3316 3181 non

106 3205 546 3281 ἀπαρασήμαντον
583 3213 679 3285 τὴν
716 3213 958 3279 ἐξέτασιν
998 3216 1132 3287 μετὰ
1177 3219 1511 3290 συγκρίσεως
1549 3219 1649 3291 τῆς

107 3297 226 3371 πρὸς
267 3300 422 3372 ἕτερα
479 3305 833 3376 παραπλήσια
880 3309 1086 3362 ἐατέον.
1125 3305 1270 3382 *Αρα
1327 3311 1432 3384 γὰρ
1484 3311 1649 3384 ᾤοντο

108 3392 192 3444 σὺν
238 3391 402 3446 οὐδενὶ
463 3394 608 3466 λόγῳ
663 3396 754 3451 τὸν
793 3399 1025 3471 Σωτῆρα
1076 3402 1187 3471 (44)
1237 3403 1510 3475 εἰρηκέναι
1555 3405 1646 3459 τὸο

117 3481 242 3537 Ἐάν
274 3503 361 3553 τις
409 3487 523 3541 τὸν
563 3489 709 3558 ἐμὸν
752 3492 937 3561 λόγον
976 3493 1240 3564 τηρήσῃ,
1285 3497 1543 3552 θάνατον
1576 3501 1648 3554 οὐ

104 3570 176 3639 μὴ
208 3574 470 3644 θεωρήσῃ
502 3578 592 3643 εἰς
620 3576 726 3630 τὸν
757 3578 970 3644 αἰῶνα,
1011 3582 1103 3634 καὶ
1150 3582 1237 3635 διὰ
1287 3583 1444 3639 τοῦτο
1482 3585 1648 3655 σαφές

109 3678 154 3714 τι
183 3663 306 3734 πρὸς
334 3667 421 3720 τὸν
446 3668 604 3737 λόγον
633 3669 796 3722 αὑτοῦ
827 3671 1224 3742 ἀπεκρίναντο;
1251 3675 1307 3746 ἢ,
1335 3677 1516 3742 καθὼς
1535 3678 1647 3750 (45)

109 3752 380 3828 ὲνοήσαμεν
411 3759 472 3813 οὑ
505 3759 634 3830 περὶ
664 3759 756 3813 τοῦ
791 3763 1095 3834 κοινοτέρου
1123 3763 1348 3819 θανάτου
1379 3767 1537 3823 αὑτὸν
1563 3769 1650 3824 λε-

109 3840 391 3915 λαληκέναι,
426 3851 521 3903 καὶ
559 3850 1009 3922 διαλαμϐάνοντες
1054 3857 1180 3927 περὶ
1234 3859 1510 3931 Ἀϐραὰμ,
1556 3862 1650 3916 καὶ

110 3932 204 3986 τῶν
236 3941 537 4011 προφητῶν,
570 3941 646 4004 ὡς
679 3941 772 3995 καὶ
805 3943 983 3998 αὑτῶν
1027 3946 1084 3998 ἐν
1108 3946 1185 4018 τῷ
1210 3947 1408 4021 χείρονι
1437 3949 1649 4023 θανάτῳ

112 4028 458 4097 γεγενημένων
493 4031 646 4097 ποτὲ,
678 4033 766 4086 τὸν
798 4032 958 4103 λόγον
1011 4036 1174 4090 αὑτοῦ
1221 4038 1294 4110 μὴ
1339 4041 1646 4112 παραδεξά-

116 4129 265 4181 μενοι,
299 4119 423 4188 μηδὲ
450 4121 924 4194 ὑπολαμϐάνοντες
960 4126 1121 4180 αὑτὸν
1155 4123 1292 4182 εἶναι
1312 4130 1645 4202 τηλικοῦτον,

111 4205 269 4260 ὁποῖον
302 4211 657 4282 ἐπηγγείλατο
703 4216 732 4268 ὁ
764 4215 935 4285 λέγων
953 4235 967 4249 ο
1015 4219 1175 4289 φασί·
1214 4221 1346 4275 Νῦν
1395 4224 1650 4293 ἐγνώκα-

110 4313 227 4363 μεν,
277 4301 360 4357 ὄτι
399 4304 706 4376 δαιμόνιον
742 4309 943 4378 Exue;
983 4311 1057 4364 Τὸ
1101 4311 1157 4366 δὲ
1199 4314 1383 4384 ὅμοιον
1424 4317 1518 4369 καὶ
1560 4317 1647 4371 ἐπ’

115 4385 266 4478 ἀλλων
292 4394 447 4449 αὑτοῦ
473 4397 645 4467 λόγων
675 4400 768 4454 καὶ
795 4401 904 4455 τῶν
929 4401 1066 4474 πρὸς
1091 4402 1283 4467 αὑτοὺς
1307 4405 1649 4478 ἀποκρίσεων

1750 3220 1972 3275 sinenda
2007 3229 2089 3274 est
2119 3218 2414 3287 disputatio
2468 3217 2806 3286 inexplorata
2850 3233 2972 3272 cum
3028 3216 3316 3272 collatione

1748 3311 2066 3366 ostendente
2099 3311 2377 3380 superiora
2425 3308 2644 3364 similia.
2701 3307 2894 3364 Utrum
2929 3307 3317 3364 existimabant

1750 3404 2097 3458 Servatorem
2134 3417 2254 3456 cum
2288 3400 2432 3455 nulla
2465 3401 2673 3455 ratione
2701 3400 2904 3456 dixisse
2930 3417 2959 3455 :-
2979 3397 3039 3454 Si
3069 3402 3185 3470 quis
3206 3416 3318 3454 ser-

1747 3510 1952 3548 monem
1997 3509 2170 3548 meum
2223 3491 2530 3558 servaverit,
2592 3503 2815 3546 mortem
2871 3508 2974 3546 non
3020 3492 3206 3547 videbit
3260 3492 3316 3547 in

1748 3598 2022 3653 wternum,
2052 3596 2107 3642 et
2134 3585 2272 3640 hanc
2305 3585 2376 3639 ob
2401 3598 2621 3638 causam
2672 3581 3014 3638 manifestum
3058 3584 3312 3654 quiddam

1748 3677 1815 3732 ad
1839 3679 2006 3748 ipsius
2033 3691 2339 3732 sermonem
2365 3675 2765 3744 responderunt
2788 3673 2812 3728 ‘I
2838 3687 2904 3727 an
2935 3675 3140 3744 potius,
3171 3675 3316 3729 sicut

1749 3769 2238 3834 consideravimus,
2295 3783 2404 3822 non
2456 3769 2522 3822 de
2566 3765 2844 3821 communi
2898 3775 3076 3822 morte
3136 3765 3312 3836 ipsum

1749 3861 1986 3917 locutum
2043 3860 2211 3917 fuisse
2246 3861 2636 3930 opinabantur,
2689 3869 2746 3914 et
2791 3859 2976 3914 animo
3008 3859 3315 3930 cegitantes

1747 3955 2021 4009 Abraham
2053 3963 2108 4008 et
2138 3954 2427 4023 prophetas
2452 3950 2745 4020 aliquando
2778 3951 3132 4021 spiritualiter
3163 3967 3311 4006 mor-

1750 4055 1870 4100 tuos
1909 4045 2097 4111 fuisse,
2129 4058 2381 4100 sermone
2423 4042 2571 4097 illius
2627 4054 2832 4112 spreto,
2867 4051 2926 4097 ut
2959 4043 3049 4112 qui
3095 4057 3161 4097 ne
3188 4057 3312 4098 eum

1754 4138 1972 4208 quidem
2005 4137 2163 4191 talem
2189 4151 2330 4201 esse,
2363 4134 2578 4206 qualem
2607 4133 2835 4203 loquens
2861 4148 2919 4189 se
2941 4133 3313 4203 promittebat,

1748 4229 2146 4291 existimarent,
2197 4227 2502 4297 inquiunt:
2549 4225 2708 4279 Nunc
2771 4224 3108 4294 cognovimus
3170 4223 3312 4294 quod

1748 4305 2065 4386 damonium
2092 4319 2250 4372 habes
2269 4319 2325 4387 ,οι
2351 4319 2375 4372 ?
2403 4315 2594 4372 Simile
2621 4330 2747 4369 vero
2777 4316 2940 4371 etiam
2976 4315 3030 4369 in
3078 4313 3199 4368 aliis
3228 4313 3311 4383 ip-

1749 4412 1862 4467 sius
1911 4412 2250 4466 sermonibus
2299 4409 2544 4481 pluribus
2596 4408 2781 4463 verbis
2831 4409 2885 4463 in
2935 4407 3313 4478 superioribus

117 4476 195 4533 ἐπί
221 4483 460 4542 πλειόνων
493 4491 550 4543 ἐν
578 4492 688 4555 τοῖς
730 4493 985 4566 ἀνωτέρω
1017 4493 1383 4566 ἐξητάσαμενο
1411 4476 1523 4551 οἷον
1553 4502 1638 4554 ἐπὶ

1803 4503 2161 4575 ιιιιιῑείνίιηιιε,
2209 4476 2377 4559 veluti
2411 4503 2464 4557 in
2498 4501 2831 4558 Samaritide
2868 4516 2885 4567 ;
2917 4476 3134 4568 quando
3187 4512 3312 4553 cum

177 4642 217 4675 "
256 4643 400 4704 Joan.
427 4667 544 4718 vm,
570 4652 658 4709 51.
735 4654 784 4688 ’⁵
815 4656 944 4712 ibid.
973 4656 1063 4720 52,
1088 4657 1178 4714 53.
1257 4660 1302 4692 ”
1322 4658 1452 4718 ibid.
1477 4659 1567 4716 52.

121 4778 411 4842 Parad.tt|-
451 4789 582 4844 Cum
618 4788 874 4859 quidquid
931 4801 1197 4856 peccatur,
1254 4793 1647 4860 perturbatione

123 4865 331 4926 peccetur
361 4863 598 4921 rationis,
633 4869 788 4926 atque
822 4860 1041 4926 ordinis.
1063 4860 1314 4916 Clemens
1348 4863 1644 4922 Alcxandr.

123 4917 348 5005 §tromat.
383 4929 469 5005 lily.
510 4917 595 4982 vu'
621 4947 634 4982 :
661 4917 884 5005 hjuplwv
915 4924 1062 4997 γὀὖν
1102 4929 1284 5005 Δίξντων
1345 4935 1467 5005 κατ’
1496 4917 1648 5005 apii

120 4984 254 5076 ξμδν,
279 4992 652 5076 ἀιπράσσουσιν
681 4984 778 5052 ἀνθ
787 4984 972 5076 ρωπιξι,
991 4999 1184 5076 Δσχεδὸν
1214 5001 1306 5076 ego
1325 4984 1648 5076 εἰσὶν-ἀρξαί

123 5058 277 5143 fagi};
305 5058 582 5143 ἀμάρτίας,
601 5069 764 5143 Δάνο-ια
787 5058 893 5122 ’καὶ
914 5058 1167 5143 ἀσθένεια
1191 5087 1204 5100 ·
1250 5072 1417 5141 ἄμφω
1462 5058 1534 5143 δὲ’
1557 5058 1646 5143 ’ἐφ’

121 5125 251 5215 Syr;
278 5125 376 5215 τᾷἰν
408 5125 856 5215 μήτέέθελέντων
898 5140 1208 5215 μανθάνειν,
1248 5125 1407 5215 μῆτες
1437 5139 1503 5196 αὖ

125 5191 645 5280 ἐπιθυμίαςλκρᾲτεῖν,
673 5191 997 5280 Τούτων’δέ,
1017 5191 1094 5261 ⁷δι’
1227 5191 1409 5280 οὑ

125 5265 455 5354 Ξίρίνουσγδιἰ
474 5279 538 5349 ῆν
565 5279 621 5354 δέ
643 5279 743 5354 οὐκ
764 5265 1004 5354 ἰσχὺουσι
1024 5281 1134 5354 τοῖς
1151 5265 1334 5354 ’ὀρδῶς
1358 5265 1638 5354 κριθεῖσινξ

124 5339 229 5420 οὒτε
255 5339 373 5412 γὰρ,
409 5339 1204 5420 ἀςπάτηθείςτιξτὴνλγνῴμὴν,
1234 5339 1436 5405 δύναιτ’
1463 5352 1529 5406 ἂν
1578 5349 1638 5408 εὖ

129 5367 229 5418 ”“ῗ’
263 5367 373 5412 ῐυιρθ
409 5367 550 5400 απατ
590 5367 702 5412 υεις
723 5367 808 5412 τις
830 5367 929 5420 την
957 5367 1200 5420 γνωμην,
1234 5367 1435 5405 ουναιτ
1463 5369 1529 5406 αν
1578 5367 1633 5408 ευ

129 5416 370 5503 Ζῖξέττειζδο
399 5415 494 5503 κᾷν
515 5367 653 5503 πένξδ
684 5419 911 5503 ῥρναῖὺς
934 5416 966 5503 ᾗ
991 5418 1059 5471 τὰ
1079 5421 1389 5503 γνωσθέντα
1417 5425 1588 5476 ποιεῖν
1619 5440 1633 5454 σ

127 5480 564 5573 ἱῖτέιέἦὲξρὲνεξν
592 5487 797 5573 si“?
843 5480 1062 5573 ίσάίιῖυένι
1088 5480 1396 5573 ζάμξμπξον
1444 5493 1636 5573 is”.st

129 5544 489 5675 ᾲσχθιῗᾶν
517 5559 572 5611 ὲν
599 5561 712 5622 τοῖς
748 5544 930 5630 ἔργοιξ
953 5544 1274 5640 ﬁed-desumit.
1296 5561 1428 5615 Cum
1455 5544 1636 5632 igitur

133 5625 425 5701 ..._'.m_“'.’"
454 5643 662 5681 ""WW
711 5645 824 5696 αιυε
877 5639 1041 5698 agunt
1077 5631 1327 5701 Itommes,
1368 5632 1489 5684 dua:
1527 5633 1638 5701 fere

129 5690 466 5768 {fgl'lqmnittm
492 5690 822 5762 peccatorum
852 5690 1046 5763 causas,
1084 5690 1405 5768 ignorantia,
1441 5709 1490 5753 et
1527 5690 1639 5754 ’ἰτη-

133 5744 353 5811 ιεεέιιῖιαε
375 5772 391 5810 :
413 5744 823 5838 negatis};
850 5744 908 5822 .3;
921 5744 1405 5839 ῖιόἰίτάδὶὶυἰὲἑὶὶὲἷέ
1422 5744 1496 5827 {si
1514 5744 1637 5837 ,Ἔὲι

1750 4813 1869 4850 cum
1896 4795 2093 4864 discere
2117 4795 2379 4862 nolumus,
2415 4795 2490 4851 vel
2517 4813 2729 4850 rursum
2765 4801 3103 4864 cupiditatem
3128 4803 3310 4852 mode-

1751 4867 1885 4919 rari.
1917 4863 2119 4936 Harum
2151 4877 2324 4919 autem
2362 4881 2535 4920 rerum
2552 4869 2657 4919 alia
2683 4867 2833 4936 elficit
2862 4877 2919 4920 ut
2943 4867 3079 4920 male
3100 4868 3312 4936 judice-

1749 4952 1865 4988 mus
1901 4949 1920 4986 :
1941 4934 2047 5004 alia
2077 4947 2131 4987 ut
2161 4947 2295 4989 recte
2316 4937 2572 5004 judicatis
2599 4939 2677 4989 uti
2712 4934 2826 4989 "non
2855 4934 3138 4991 valeamus.
3197 4935 3311 4991 Nec

1749 5008 1886 5058 enim
1914 5003 2086 5072 falsus
2110 5005 2304 5070 aliquis
2318 5003 2504 5068 animi,
2536 5014 2671 5060 recte
2691 5023 2848 5073 agere
2869 5006 3062 5071 valeat,
3099 5008 3309 5061 etiamsi

1747 5089 1865 5155 quas
1906 5073 2082 5127 animo
2126 5076 2346 5155 decrevit
2381 5075 2589 5155 omnino
2638 5092 2812 5155 agere_
2842 5086 3038 5155 queat;
3067 5093 3158 5129 nec
3217 5077 3309 5142 qui

1739 5145 1987 5214 judicare
2013 5153 2177 5212 potest
2217 5146 2346 5212 quid
2394 5146 2536 5214 [acto
2587 5161 2715 5208 opus
2765 5145 2856 5208 sit,
2891 5148 3216 5211 inculpatum
3253 5160 3309 5199 se

1746 5213 1985 5282 prazstet,
2008 5215 2052 5266 si
2079 5215 2133 5266 in
2162 5215 2361 5281 agendo
2391 5213 2550 5282 fuerit
2584 5215 2891 5282 imbecillus.
2938 5214 3196 5271 "UETIUS.

1817 5282 1931 5353 (40)
1956 5281 2137 5353 Codex
2174 5279 2401 5352 Regius,
2435 5283 2592 5353 male,
2623 5279 2733 5336 οἷον
2755 5284 3024 5353 γενέσθαι.

1836 5351 1928 5422 41)
1954 5351 2008 5422 In
2029 5354 2217 5407 eodem
2245 5351 2427 5408 codice
2454 5352 2620 5422 Regio
2650 5351 2801 5408 deest
2827 5353 2988 5408 κατά.

1835 5421 2129 5494 ᾴῇμζοόοκ
2154 5422 2377 5494 Regius,
2403 5421 2686 5494 perperam
2737 5424 3069 5494 ὲφάσκομεν.

1832 5491 2026 5564 4231:]
2057 5492 2284 5558 Evang.,
2309 5493 2370 5564 οὑ
2402 5494 2476 5562 μὴ
2499 5491 2759 5564 γεύσηται
2782 5491 3036 5548 θανάτου.

1838 5561 1930 5630 45)
1957 5562 2244 5617 Ferrarius
2269 5561 2416 5631 legit,
2446 5561 2493 5615 εἰ
2513 5563 2606 5614 καὶ
2627 5561 2786 5629 κατὰ,
2812 5573 2918 5618 etc.

1838 5632 1929 5701 44)
1955 5632 2140 5703 podex
2179 5630 2514 5703 Bodleianns,
2553 5634 2648 5703 σὺν
2674 5632 2848 5703 οὐδενὶ
2897 5631 3040 5703 λόγῳ
3065 5630 3158 5688 τὸν
3191 5630 3305 5688 Σω-

1744 5705 1917 5776 τῆρας
1953 5701 2174 5776 Begius,
2215 5702 2374 5776 “tale,
2401 5701 2581 5776 οὐδενὶ
2628 5701 2822 5776 τῷᾼτὸν

1812 5771 1925 5844 (45)
1952 5773 2004 5828 lu
2038 5773 2221 5830 codice
2246 5772 2412 5843 llcgio
2446 5774 2593 5829 deest
2624 5771 2826 5838 καθώς.
