3688 6146
377 305 444 362 67
455 305 487 363 I'

1865 310 2188 367 ORIGENIS
3511 310 3581 368 67!

379 429 611 485 dixisset
659 429 708 485 ei
758 428 916 487 Iesus
949 449 963 486 :
992 428 1076 484 Da
1109 432 1238 486 mihi
1284 433 1425 503 quod
1472 432 1665 497 bibam,
1712 441 1834 504 post

2066 434 2165 505 τῆς
2197 431 2612 504 Σαμαρείτιδος,
2642 431 2747 498 δτι,
2786 428 2958 484 εἰπὼν
2997 429 3134 501 αὐτῇ
3165 431 3197 484 ό
3250 427 3462 499 Ἰησοῦςο
3506 433 3584 497 Δός

381 521 514 575 talia
548 521 756 577 addidit
790 541 803 577 :
842 520 902 577 Si
940 524 1103 578 scires
1135 525 1337 579 donum
1369 524 1485 591 Dei,
1524 532 1575 580 et
1616 527 1737 597 quis
1775 526 1842 581 sit
1870 527 1960 597 qui

378 613 509 667 dicit
539 615 671 668 tibi:
714 613 794 669 Da
836 615 971 669 mihi
995 616 1135 687 quod
1178 616 1374 683 bibam,
1403 630 1459 672 tu
1501 616 1682 688 utique
1722 619 1961 689 petiisses

378 706 445 760 ab
473 722 556 773 eo,
584 717 631 761 et
654 707 883 762 dedisset
909 707 1004 762 tibi
1032 725 1227 780 aquam
1255 710 1444 764 vivam.
1476 708 1544 764 Et
1573 709 1707 764 dicit
1731 712 1813 766 illi
1841 728 1957 766 mu-

381 797 523 852 lier:
564 797 810 866 Domine,
869 816 1034 870 neque
1065 800 1398 855 Itaustorium
1449 802 1632 868 babes,
1681 813 1730 858 et
1771 812 1961 872 puteus

381 890 677 959 profundus
698 894 816 956 esti;
842 892 981 946 unde
1009 907 1131 963 ergo
1158 891 1316 946 habes
1342 890 1493 948 illam
1523 911 1717 965 aquam
1748 895 1919 950 vivam
1938 896 1964 950 ?

383 988 439 1035 et
464 994 659 1035 rursus
690 998 704 1034 :
732 980 974 1048 Domine,
1010 981 1083 1036 dit
1117 982 1249 1037 mihi
1288 984 1443 1039 istam
1468 1000 1660 1057 aquam
1684 989 1877 1055 vivam,
1906 997 1959 1041 ut

384 1085 490 1126 non
524 1071 727 1136 sitiam,
778 1088 943 1143 neque
987 1075 1190 1128 veniam
1231 1074 1334 1130 buc
1382 1076 1453 1130 ad
1490 1076 1844 1132 hauriendum
1890 1079 1958 1134 ⁸⁸.

384 1157 540 1216 Haud
569 1163 712 1216 enim
747 1164 1033 1234 probabile
1055 1173 1143 1221 est
1174 1165 1559 1224 Samaritidem
1608 1168 1686 1224 illi
1728 1185 1962 1242 respon-

384 1244 516 1309 dere
544 1253 612 1309 de
641 1269 778 1324 aqua
819 1258 921 1313 sub
953 1272 1178 1313 sensum
1210 1260 1456 1325 cadente,
1499 1259 1581 1316 vel
1618 1263 1687 1316 ab
1717 1261 1834 1332 ipso
1867 1278 1962 1334 pe-

387 1353 501 1400 tere
521 1348 864 1418 corporalem
898 1364 1118 1420 aquam,
1150 1366 1219 1408 ne
1247 1351 1299 1407 in
1332 1361 1611 1423 posterum
1643 1353 1846 1422 sitiret,
1875 1354 1963 1410 vel

387 1451 455 1490 ne
492 1438 702 1492 veniret
724 1439 791 1493 ad
828 1440 1189 1496 hauriendum
1213 1456 1281 1498 ex
1314 1442 1461 1498 fonte
1499 1442 1670 1501 Iacob
1700 1446 1802 1502 sub
1835 1461 1964 1503 seu-

385 1545 503 1583 sum
534 1531 782 1586 cadente.
808 1531 949 1601 Quin
978 1534 1139 1588 etiam
1174 1534 1388 1590 dicente
1413 1534 1641 1591 Domino
1666 1537 1713 1570 "
1743 1553 1761 1594 :
1794 1537 1961 1595 Panis

385 1635 538 1690 quem
566 1638 660 1693 ego
687 1625 846 1688 dabo,
877 1641 1001 1679 caro
1028 1641 1143 1679 mea
1167 1632 1247 1681 est
1276 1625 1442 1700 364
1469 1644 1565 1698 pro
1597 1630 1779 1684 mundi
1830 1632 1958 1701 vita,

384 1715 601 1781 quando
641 1718 948 1786 pugnabant
1004 1720 1142 1772 inter
1181 1735 1236 1774 se
1268 1719 1451 1775 Judaei
1503 1722 1780 1777 dicentes:
1816 1722 1960 1790 Quo-

2055 543 2159 596 μοι
2197 525 2354 579 πιεῖν
2381 525 2518 596 (46),
2556 525 2676 597 μεθ’
2708 525 2872 596 ἕτερα
2910 522 3219 595 προσέθηκε
3270 520 3480 575 τοιαῦτα
3500 540 3512 554 ·
3539 528 3586 579 El

2061 616 2227 686 ᾔδεις
2247 617 2362 687 τὴν
2388 617 2614 686 δωρεὰν
2641 616 2747 670 τοῦ
2785 614 2955 678 Θεοῦ,
2986 614 3083 668 καὶ
3110 614 3206 679 τίς
3231 613 3365 666 ἐστι
3391 615 3421 665 ὁ
3443 611 3587 681 λέγων

2061 726 2159 764 σοι
2184 725 2198 738 ο
2238 710 2346 775 Δός
2385 725 2489 778 μοι
2526 706 2722 771 πιεῖν,
2755 705 2838 761 σὺ
2878 705 2956 760 ἂν
2987 705 3225 775 ᾔτησας
3274 702 3484 767 αὐτὸν,
3518 704 3586 758 καί

2060 800 2286 857 ἔδωκεν
2312 800 2389 854 ἄν
2415 818 2518 855 σοι
2545 799 2703 868 ὕδωρ
2722 797 2853 861 ζῶν.
2876 798 2985 852 Καὶ
3012 797 3172 867 λέγει
3196 793 3363 860 αὑτῷ
3391 795 3430 863 ἡ
3459 794 3589 864 τυνήο

2059 896 2256 963 Κύριε,
2292 894 2430 948 οὔτε
2483 892 2759 961 ἄντλημα
2800 892 2981 961 ἔχεις,
3030 889 3132 944 καὶ
3177 887 3253 942 τὸ
3279 886 3459 957 φρέαρ
3496 887 3590 942 ἐστι

2059 987 2238 1052 βαθύ·
2264 986 2450 1040 πόθεν
2475 978 2593 1040 οὖν
2611 983 2772 1054 ἔχεις
2794 981 2861 1036 τὸ
2890 981 3048 1050 ὕδωρ
3071 980 3141 1035 τὸ
3167 974 3327 1043 ζῶν;
3352 979 3440 1032 καὶ
3453 979 3590 1032 πάλιν

2061 1081 2262 1147 Κύριε,
2315 1077 2423 1146 δός
2462 1094 2566 1148 μοι
2598 1074 2776 1130 τοῦτο
2823 1074 2887 1128 τὸ
2932 1073 3089 1141 ὕδωρ
3124 1064 3196 1126 τὸ
3246 1068 3393 1135 ζῶν,
3423 1070 3510 1125 ira
3532 1068 3593 1140 μὴ

2060 1170 2219 1240 διψῶ
2244 1213 2259 1238 ,
2304 1169 2461 1240 μηδὲ
2500 1167 2818 1238 διέρχωμαι
2847 1165 3059 1220 ἐνθάδε
3099 1163 3374 1220 ἀντλεῖν.
3409 1162 3476 1215 Οὐ
3519 1161 3595 1232 γὰρ

2062 1261 2286 1316 πιθανὸν
2318 1258 2385 1333 ἦν
2424 1260 2553 1332 περὶ
2583 1256 2844 1331 αἰσθητοῦ
2885 1254 3074 1320 ὓδατος
3114 1253 3498 1326 ἀποκρίνεσθαι
3528 1254 3596 1307 αὖ·

2060 1353 2141 1426 τῷ
2172 1353 2271 1427 τὴν
2304 1356 2669 1426 Σαμαρεῖτιν,
2706 1352 2800 1406 καὶ
2841 1349 3102 1423 ῂτηκέναι
3140 1347 3311 1402 αὐτὸν
3337 1344 3597 1417 σωματικὸν

2063 1445 2207 1519 ὕδωρ
2232 1447 2325 1500 ἐπὶ
2350 1447 2427 1518 τῷ
2469 1446 2666 1518 μηκέτι
2712 1445 2935 1516 διψῆσαι
2958 1484 2973 1508 ,
3020 1442 3157 1515 μηδὲ
3195 1438 3497 1513 διέρχεσθαι
3533 1443 3599 1493 αν-

2060 1531 2205 1592 τλεῖν
2251 1539 2358 1593 ἀπὸ
2400 1539 2500 1610 τῆς
2548 1538 2643 1592 τοῦ
2688 1535 2883 1591 ’ἰακὼὸ
2924 1534 3187 1608 αἰσθητῆς
3229 1532 3433 1604 πηγῆς.
3478 1530 3599 1583 Ἀλλὰ

2063 1631 2157 1684 καὶ
2185 1630 2426 1695 εἰπόντος
2458 1629 2553 1683 τοῦ
2585 1629 2790 1701 Κυρίου
2811 1645 2825 1658 ·
2872 1627 2924 1681 '0
2960 1627 3136 1696 ἄρτος
3170 1624 3250 1679 ὃν
3277 1620 3395 1693 ἐτὼ
3425 1620 3568 1675 δώσω
3588 1665 3599 1687 ,

2064 1722 2103 1794 ἠ
2137 1723 2295 1792 σάρξ
2326 1741 2443 1793 μου
2477 1722 2650 1777 ἐστὶν
2695 1719 2847 1790 ὑπὲρ
2887 1718 2995 1788 τῆς
3038 1717 3142 1773 τοῦ
3174 1717 3415 1785 κόσμου
3457 1712 3600 1781 ζωῆς,

385 1808 541 1859 modo
563 1782 735 1873 potest
769 1808 855 1862 hic
888 1810 1035 1864 nobis
1064 1826 1279 1866 carnem
1310 1828 1464 1866 suam
1483 1813 1612 1868 dare
1636 1815 1706 1868 ad
1732 1832 1834 1868 mai

2065 1782 2155 1870 ὅτε
2195 1782 2489 1885 ἐμαλοντο
2521 1812 2672 1882 πρὸς
2706 1782 3020 1879 ἀλλήλους
3050 1811 3104 1864 oi
3145 1782 3603 1875 Ἰουδαῖοιλέγῡν-

382 1900 611 1954 randum
651 1901 698 1934 ³⁸
731 1900 756 1957 ‘l
799 1901 1138 1958 ostendimus
1174 1918 1280 1958 non
1314 1905 1450 1962 adeo
1489 1907 1733 1977 stupidos
1765 1907 1957 1975 fuisse,

382 1989 475 2059 qui
514 1990 829 2058 audiebant,
861 2002 921 2047 ut
969 1995 1334 2063 opinarentur
1359 1993 1545 2053 Iesum
1575 1997 1695 2055 haec
1735 1997 1963 2070 loquen-

384 2090 492 2137 tem
550 2082 783 2139 invitare
842 2085 1122 2143 auditores
1178 2096 1238 2143 ut
1279 2090 1607 2146 accederent
1666 2092 1962 2148 comesturi

385 2190 605 2230 carnem
654 2177 850 2244 ipsius.
884 2177 1430 2252 Consentaneumque
1464 2190 1612 2238 certe
1636 2193 1720 2240 est
1747 2183 1963 2241 Iudaeos

383 2267 589 2323 dixisse
616 2266 669 2323 in
700 2271 954 2338 prementi
987 2279 1271 2338 contextu,
1299 2286 1463 2343 quem
1505 2289 1650 2330 nunc
1673 2276 1963 2332 examina-

384 2373 528 2423 mus,
562 2358 676 2414 haec
705 2360 872 2415 verba
898 2379 912 2415 :
939 2360 1213 2417 Abraham
1242 2373 1485 2419 mortuus
1510 2374 1615 2433 est,
1655 2376 1704 2420 et
1742 2369 1964 2438 prophe-

384 2460 473 2517 tte,
504 2451 763 2523 quoniam
792 2452 1112 2510 didicissent
1141 2456 1413 2525 quomodo
1458 2473 1553 2527 per
1594 2474 1756 2512 unum
1790 2460 1963 2514 homi-

382 2559 496 2597 nem
529 2552 798 2612 peccatum
836 2544 1054 2601 intravit
1083 2548 1141 2601 in
1181 2548 1459 2614 mundum,
1499 2558 1548 2604 et
1576 2565 1669 2619 per
1688 2562 1961 2619 peccatum

380 2651 522 2690 mors
555 2652 578 2703 ;
619 2645 667 2690 et
704 2637 780 2691 ita
821 2636 881 2692 in
929 2653 1107 2693 omnes
1148 2639 1388 2695 homines
1421 2643 1673 2709 pervasit,
1723 2658 1784 2698 eo
1823 2644 1962 2716 quod

382 2742 563 2783 onmes
593 2739 937 2797 peccaverunt
963 2731 1033 2783 θ’.
1068 2729 1508 2788 Consentaneum
1533 2747 1665 2790 vero
1685 2735 1851 2789 etiam
1878 2745 1963 2792 est

379 2832 478 2876 eos
512 2821 715 2877 vidisse
744 2831 976 2878 mortem
1011 2838 1271 2894 regnasse
1319 2823 1374 2879 in
1431 2839 1528 2882 eos
1563 2825 1657 2898 qui
1696 2842 1963 2898 peccave-

383 2919 516 2966 runt
552 2911 620 2967 ad
651 2911 1060 2970 similitudinem
1100 2917 1554 2987 transgressionis
1602 2918 1736 2974 Adae
1777 2921 1821 2988 ‘,
1863 2921 1963 2977 ba-

381 3001 680 3074 buisseque
707 3020 1015 3063 sermonem
1048 3009 1116 3065 de
1149 3018 1342 3079 morte,
1387 3025 1511 3080 quae
1538 3025 1638 3082 per
1676 3025 1959 3083 peccatum

383 3093 436 3147 in
470 3108 660 3151 omnes
689 3097 940 3154 homines
968 3100 1224 3170 pervasit,
1259 3114 1325 3156 eo
1355 3105 1503 3171 quod
1526 3117 1720 3159 omnes
1759 3119 1958 3176 pecca-

383 3197 598 3242 verunt.
632 3188 707 3244 De
739 3188 826 3244 his
874 3199 1054 3246 autem
1103 3191 1309 3260 edocti,
1351 3191 1479 3248 Jesu
1519 3208 1806 3252 sermones
1849 3213 1955 3252 non

384 3287 679 3343 noverunt,
724 3281 853 3351 quia
889 3296 1012 3350 qua:
1062 3297 1367 3354 sequuntur
1409 3302 1516 3342 non
1571 3288 1961 3359 admiserunt;

383 3367 644 3424 nimirum
687 3370 852 3439 quod,
887 3369 1013 3425 Non
1033 3371 1170 3426 sicut
1201 3372 1474 3441 delictum,
1504 3375 1580 3430 ita
1609 3386 1659 3432 et
1691 3379 1889 3432 donum
1914 3380 1957 3434 '.

383 3456 492 3515 Sed
529 3476 597 3516 ne
631 3462 944 3517 ratiocinari
976 3463 1195 3533 quidem
1228 3474 1502 3536 poterant,
1530 3469 1675 3538 quod
1705 3469 1769 3526 Si
1797 3473 1957 3528 unius

378 3551 571 3606 delicto
597 3553 751 3606 multi
777 3555 997 3623 periere,
1030 3554 1194 3609 multo
1233 3557 1399 3627 magis
1431 3559 1605 3628 gratia
1641 3558 1760 3627 Dei,
1790 3572 1838 3617 et
1868 3563 1959 3618 do-

2065 1925 2191 1975 τες’
2211 1904 2343 1973 Πῶς
2377 1905 2625 1959 δύναται
2663 1902 2809 1974 ἡμῖν
2834 1897 3013 1967 οὗτος
3042 1899 3259 1953 δοῦναι
3288 1896 3405 1965 τὴν
3447 1894 3602 1962 σάρκα

2064 1998 2312 2070 φαγεῖν;
2350 1997 2765 2068 ἀποδείκνυμεν,
2796 1994 2878 2048 ὅτι
2909 1993 3010 2046 οὐκ
3042 1990 3109 2046 ἂν
3147 1987 3407 2043 τοσοῦτον
3432 1985 3603 2054 ἀνόητοί

2062 2084 2203 2166 ἦσαν
2257 2093 2306 2145 οἱ
2357 2090 2681 2153 ἀκούοντες,
2714 2088 2790 2152 ὡς
2834 2084 3274 2157 ὑπολαμϐάνειν,
3316 2083 3399 2136 ὅτι
3439 2095 3603 2151 προκα-

2063 2185 2235 2240 λεῖται
2260 2184 2289 2237 ό
2316 2183 2493 2253 λέγων
2516 2184 2645 2245 τοὺς
2677 2177 2954 2252 ἀκροατὰς
2991 2178 3070 2241 είς
3093 2176 3155 2230 τὸ
3181 2174 3512 2248 προσελθεῖν,
3534 2169 3603 2223 καί

2063 2277 2332 2350 ἐμφαγεῖν
2358 2273 2465 2327 τῶν
2499 2271 2718 2345 σαρκῶν
2749 2268 2936 2325 αὐτοῦ.
2968 2268 3076 2322 Καὶ
3114 2267 3267 2331 είγός
3306 2283 3393 2334 γε,
3421 2265 3494 2318 ὅτι
3516 2262 3602 2315 ἕλεα

2063 2384 2160 2438 γον
2186 2369 2233 2422 οἱ
2270 2366 2512 2421 Ἰουδαῖοι
2539 2365 2631 2418 ἐπὶ
2658 2363 2764 2418 τῶν
2797 2362 2895 2418 νῦν
2934 2364 3067 2434 ἡμῖν
3108 2357 3509 2429 ἐξεταζομένων
3530 2356 3600 2427 ῥη-

2062 2460 2171 2514 τῶν
2190 2503 2205 2527 ,
2255 2458 2349 2514 τόο
2403 2457 2659 2528 Ἀϐραὰμ
2715 2454 2976 2513 ἀπέθανε
3001 2494 3021 2517 ,
3062 2454 3159 2507 καὶ
3208 2454 3268 2506 οἱ
3308 2447 3602 2519 προφῆται,

2066 2548 2445 2624 μεμαθηκότες
2485 2548 2610 2602 τίνα
2657 2546 2855 2618 τρόπον
2896 2544 2972 2599 δι’
3025 2542 3162 2609 ἐνὸς
3223 2538 3528 2610 ἀνθρώπου
3575 2536 3602 2605 ἠ

2062 2640 2319 2712 ἁμαρτία
2355 2641 2441 2707 εἰς
2474 2639 2583 2693 τόν
2623 2639 2858 2708 κόσμον
2913 2633 3182 2704 εἰσῆλθε,
3246 2632 3349 2688 καὶ
3390 2632 3484 2687 διὰ
3522 2628 3604 2696 τῆς

2061 2732 2351 2806 ἁμαρτιας
2389 2735 2423 2788 ὀ
2460 2730 2736 2797 θάνατος·
2764 2728 2863 2786 καὶ
2920 2726 3107 2793 οὕτως
3150 2727 3243 2794 εις
3281 2723 3507 2790 πάντας
3530 2722 3606 2775 ἀν-

2061 2826 2331 2898 θρώπους
2363 2827 2397 2879 ό
2434 2822 2688 2889 θάνατος
2719 2820 2988 2891 διῆλθεν,
3021 2821 3113 2890 ἐφ’
3145 2812 3195 2887 ᾧ
3221 2817 3446 2884 πάντες
3466 2814 3606 2885 ἥμαρ-

2061 2935 2189 2975 τον.
2223 2916 2488 2972 Ἔὸλεπον
2525 2915 2582 2968 δὲ
2620 2914 2714 2969 καὶ
2734 2914 2816 2967 ὅτι
2849 2912 3193 2967 ἐϐασίλευσεν
3228 2910 3259 2962 ὅ
3291 2910 3507 2970 θάνατος
3538 2904 3606 2958 ἐπὶ

2059 3011 2188 3076 τοὺς
2222 3010 2652 3081 ἁμαρτήσαντας
2686 3007 2780 3060 ἐπὶ
2810 3005 2889 3078 τῷ
2920 3004 3224 3077 ὁμοιώματι
3263 3006 3366 3077 τῆς
3396 2998 3603 3072 παραδά-

2063 3120 2200 3167 σεως
2243 3101 2432 3172 Ἀδὰμ,
2465 3100 2559 3155 καὶ
2588 3092 2657 3172 ἦν
2691 3100 2873 3163 αὐτοῖς
2899 3101 2928 3153 ὁ
2954 3099 3109 3168 λόγος
3144 3098 3279 3168 περὶ
3312 3095 3403 3151 τοῦ
3431 3095 3510 3148 διὰ
3530 3092 3604 3163 τὴν

2061 3193 2338 3268 ἁμαρτίαν
2381 3193 2613 3247 θανάτου
2665 3194 2745 3256 είς
2805 3191 3015 3255 πάντας
3048 3189 3374 3263 ἀνθρώπους
3404 3186 3604 3257 διεληλυ-

2061 3285 2214 3349 θότος
2243 3285 2336 3339 ἐπὶ
2367 3283 2445 3357 τῷ
2475 3285 2683 3349 πάντας
2715 3283 3112 3357 ἡμαρτηκέναι.
3157 3282 3299 3353 Περὶ
3335 3279 3525 3333 τούτων
3563 3274 3605 3328 δὲ

2063 3376 2444 3450 μεμαθηκότες
2504 3375 2575 3430 τὰ
2606 3375 2766 3448 ἑξῆς,
2803 3376 2898 3430 ἆτε
2929 3375 3004 3448 μὴ
3047 3372 3481 3446 παραδεξάμενοι
3506 3368 3603 3430 τοὺς

2070 3467 2246 3540 Ἰησοῦ
2296 3467 2521 3536 λόγους,
2566 3466 2666 3519 οὐκ
2714 3465 2961 3537 ᾔδεισαν,
3007 3464 3103 3518 καὶ
3145 3464 3230 3517 ὅτι
3282 3463 3410 3517 οὐκ
3450 3458 3523 3523 ὡς
3554 3452 3603 3507 τὸ

2059 3558 2462 3629 παράπτωμα,
2504 3556 2695 3624 οὕτως
2742 3555 2840 3610 καὶ
2894 3555 2959 3608 τὸ
2993 3553 3279 3624 χάρισμα.
3344 3548 3475 3604 Ἀλλ’
3508 3543 3603 3598 οὐδὲ

379 3659 506 3697 num
562 3660 656 3710 per
704 3646 976 3715 gratiam,
1017 3663 1135 3718 qua:
1190 3647 1289 3716 fuit
1336 3650 1496 3704 unius
1547 3650 1774 3707 hominis
1826 3689 1834 3708 .

2060 3650 2465 3723 συλλογίζεσθαί
2498 3666 2616 3714 πως
2653 3647 2904 3702 ἐδύναντο
2926 3686 2941 3713 ,
2992 3646 3105 3713 ότι,
3155 3645 3223 3697 Ei
3251 3641 3338 3710 τῷ
3366 3639 3469 3740 τοῦ
3495 3634 3603 3740 ἐτός

381 3736 600 3803 Christi,
637 3737 692 3791 in
729 3737 921 3793 multos
969 3740 1271 3795 exuberavit
1314 3741 1354 3795 ³.
1398 3739 1516 3796 Non
1564 3741 1834 3801 iutellexe1

2060 3745 2479 3817 παραπτώματι
2540 3745 2596 3797 oi
2628 3740 2844 3796 πολλοὶ
2876 3740 3207 3803 ἀπέθανον,
3233 3731 3443 3829 πολλῷ
3476 3731 3602 3829 pit:

379 3829 566 3895 etiam,
598 3832 874 3901 quomodo
903 3832 1107 3887 donum
1142 3849 1251 3889 non
1299 3843 1386 3889 est
1416 3834 1596 3891 simile
1635 3837 1798 3892 morti

2060 3842 2168 3895 λον
2202 3839 2240 3908 ἡ
2276 3835 2450 3909 χάρις
2480 3834 2586 3890 τοῦ
2617 3831 2785 3896 Θεοῦ,
2815 3831 2913 3885 καὶ
2948 3831 2987 3899 ἠ
3012 3829 3203 3898 δωρεὰ
3237 3827 3313 3881 ἐν
3339 3825 3519 3898 χάριτι
3545 3825 3600 3887 τῇ

381 3921 484 3974 fuit
514 3937 611 3991 per
644 3936 811 3977 unum
846 3923 938 3993 qui
991 3924 1236 3993 peccavit
1280 3942 1294 3979 :
1332 3939 1508 3995 neque
1558 3927 1702 3982 enim
1755 3943 1834 3985 ert

2060 3932 2161 3988 τοῦ
2211 3931 2352 3998 ἑνός
2394 3926 2710 3997 ἀνθρώπου
2764 3922 2969 3993 Ἰησοῦ
3016 3920 3316 4018 Χριστοῦᾳ,
3367 3921 3450 4018 εἰς
3486 3914 3600 4018 τινες

381 4011 601 4068 fuerant
635 4013 931 4082 aliquando
977 4015 1175 4068 donum
1208 4031 1274 4070 ea:
1316 4016 1499 4072 multis
1539 4017 1748 4074 delictis
1785 4018 1834 4074 l'u

2060 4022 2325 4089 πολλοὺς
2365 4019 2826 4089 ἐπερίσσευσεν.
2863 4014 2938 4068 Ub
2973 4013 3223 4067 συνίεσαν
3265 4012 3325 4067 δὲ
3371 4012 3458 4065 καὶ
3506 4011 3599 4068 πῶς

379 4103 451 4159 ad
478 4104 917 4173 iustiﬁcationem
941 4107 983 4160 ⁸.
1015 4104 1123 4161 Sed
1158 4120 1227 4162 ne
1254 4108 1507 4164 viderant
1537 4110 1757 4180 quidem
1787 4123 1834 4168 el

2060 4113 2154 4167 οὐκ
2183 4107 2251 4185 ἦν
2282 4111 2344 4165 τὸ
2370 4109 2600 4182 δώρημα
2629 4109 2814 4179 ὅμοιον
2857 4103 2934 4176 τῷ
2964 4103 3029 4157 δι’
3060 4103 3177 4168 ἐνὸς
3221 4103 3599 4176 ἁμαρτήσαντος

376 4197 525 4268 quod
585 4197 984 4251 exuberantiam
1026 4198 1213 4268 gratia:
1250 4207 1299 4254 et
1346 4200 1472 4255 doni
1511 4203 1824 4274 accipientes

2060 4204 2301 4276 θανάτῳ·
2360 4203 2481 4257 οὐδὲ
2532 4200 2643 4274 γὰρ
2690 4197 3078 4253 ἐπεπαίδευντό
3113 4214 3263 4261 πως,
3298 4197 3384 4250 ὅτι
3422 4192 3485 4247 τὸ
3511 4188 3596 4261 χὰ-

376 4289 560 4354 uitam,
588 4288 880 4358 regnabant
908 4298 1131 4343 auctore
1160 4306 1266 4345 uno
1292 4289 1424 4347 Iesu
1453 4292 1662 4350 Christo
1690 4296 1736 4350 ⁸.
1772 4298 1834 4351 At

2060 4313 2237 4369 ρισμα
2272 4299 2340 4352 ἐκ
2373 4291 2620 4351 πολλῶν
2663 4293 3147 4366 παραπτωμάτων
3184 4291 3403 4362 ἐγένετο
3430 4291 3506 4354 εις
3538 4284 3597 4337 δι·

378 4382 612 4437 Abraha:
636 4380 853 4451 quidem
886 4389 941 4435 et
969 4380 1358 4450 prophetarum
1394 4393 1627 4441 mortem
1663 4388 1834 4444 versa]

2060 4392 2301 4462 καίωμα.
2345 4388 2483 4443 Ἀλλ’
2521 4388 2643 4442 οὐδὲ
2675 4388 2919 4454 ἔϐλεπον,
2949 4390 3030 4442 ὅτι
3056 4389 3108 4441 οἱ
3137 4385 3252 4455 τὴν
3281 4381 3597 4455 περισσείαν

378 4474 582 4541 animo,
633 4473 918 4530 audientes
969 4474 1116 4543 quod
1170 4474 1336 4530 etiam
1376 4473 1618 4545 Samuel,
1654 4480 1811 4550 quasi

2060 4481 2164 4549 τῆς
2215 4480 2455 4552 χάριτος
2501 4481 2601 4535 καὶ
2670 4480 2782 4549 τῆς
2835 4478 3058 4549 δωρεᾶς
3105 4467 3595 4568 λαμϐάνοντες-*ἐν

379 4577 610 4622 mortem
635 4566 735 4622 sub
759 4575 902 4621 terra
929 4565 1220 4632 exsistens,
1254 4581 1285 4620 a
1311 4566 1629 4637 pythonissa
1678 4572 1834 4625 excit:

2060 4570 2174 4642 ζωῇ
2209 4573 2663 4638 βασιλεύσουσι
2716 4571 2816 4626 διὰ
2886 4570 2993 4625 τοῦ
3055 4569 3194 4635 ἐνὸς
3253 4565 3452 4636 Ἰησοῦ
3490 4563 3594 4630 Χρι-

380 4659 571 4715 l'uisset
611 4676 626 4714 :
676 4674 796 4728 quze
847 4659 978 4714 deos
1030 4672 1153 4712 cum
1205 4657 1544 4714 existimaret
1595 4657 1807 4716 inferne
1850 4665 1952 4721 sub

381 4760 579 4806 terram
608 4766 750 4816 esse,
780 4750 1037 4806 dicebat:
1079 4746 1195 4820 Ego
1236 4748 1344 4804 vidi
1386 4751 1513 4807 deos
1542 4752 1883 4809 ascendentes
1922 4772 1952 4810 e

377 4853 519 4898 terra
541 4845 583 4899 ⁸.
609 4843 678 4898 At
709 4857 839 4899 vero
867 4842 1033 4898 vitam
1064 4840 1305 4896 Abrahae
1330 4849 1387 4896 et
1414 4840 1807 4912 prophetarum
1839 4860 1949 4903 non

375 4935 873 5007 apprehenderunt,
932 4950 996 4991 ac
1065 4948 1132 4990 ne
1186 4932 1669 5003 apprehenderunt
1725 4937 1947 5007 quidem

375 5028 546 5084 Deum
577 5025 831 5092 Abrahae,
858 5036 913 5082 et
942 5025 1117 5092 Isaac,
1147 5033 1203 5079 et
1230 5021 1422 5088 Iacob,
1467 5023 1638 5080 Deum
1676 5042 1782 5083 non
1823 5043 1948 5086 esse

375 5120 616 5189 ipsorum
663 5127 1027 5185 mortuorum,
1067 5115 1162 5173 sed
1208 5115 1508 5170 viventium
1547 5117 1568 5148 "
1607 5135 1624 5184 ;
1670 5132 1737 5175 ac
1778 5118 1945 5176 veluti

373 5211 714 5280 suspicantes
746 5218 991 5266 mortuos
1026 5224 1147 5265 esse
1176 5204 1504 5280 prophetas,
1528 5207 1945 5267 fabricabantur

373 5306 592 5361 illorum
631 5302 883 5372 sepulcra
909 5302 931 5336 ⁸
959 5319 976 5371 ;
1013 5305 1157 5359 hanc
1202 5305 1369 5360 etiam
1401 5303 1471 5359 ob
1506 5317 1726 5360 causam
1758 5306 1942 5362 miseri

447 5419 494 5452 "
522 5415 681 5474 Ioan.
719 5432 794 5479 Iv,
842 5415 894 5479 7,
923 5414 1014 5479 10,
1045 5415 1134 5479 11,
1191 5413 1279 5472 15.
1379 5417 1424 5449 ’⁷
1446 5413 1606 5472 Ioan.
1638 5433 1714 5483 vl,
1741 5417 1834 5474 59.

1936 5420 1983 5453 οε
2011 5420 2142 5474 ibid.
2196 5422 2287 5477 εδ.
2385 5426 2432 5461 ο·
2460 5422 2615 5479 Rom.
2648 5440 2699 5487 v,
2742 5423 2829 5481 is.
2926 5423 3199 5479 ‘ibidJi.

2057 4663 2228 4722 στοῦ.
2274 4665 2386 4718 Καὶ
2431 4665 2674 4720 ἐνενόουν
2708 4665 2807 4737 μὲν
2853 4664 2944 4719 τὸν
2977 4662 3203 4718 θάνατον
3238 4659 3479 4734 Ἀϐραὰμ
3518 4652 3591 4707 καὶ

2056 4754 2166 4809 τῶν
2196 4753 2512 4827 προφητῶν,
2546 4753 2855 4821 ἀκούοντες,
2889 4755 2971 4808 ὅτι
3003 4754 3098 4808 καὶ
3132 4751 3414 4824 Σαμουὴλ,
3438 4748 3504 4810 ὡς
3523 4741 3590 4796 διὰ

2055 4845 2149 4900 τὸν
2174 4844 2401 4901 θάνατον
2432 4845 2537 4899 ὑπὸ
2571 4846 2674 4917 γῆν
2721 4842 2817 4912 ὢν,
2880 4845 2984 4900 ὑπὸ
3032 4843 3465 4917 ὲγγαστριμύθου
3502 4832 3587 4907 (17)

2054 4938 2323 5010 ἀνήγετο,
2364 4938 2521 5004 θεοὺς
2566 4938 2819 5011 οἰομένης
2860 4937 3011 4992 κάτω
3048 4954 3151 4991 που
3185 4931 3324 4992 εἶναι
3359 4935 3452 5007 τῆς
3474 4931 3587 5002 γῆς,

2055 5030 2151 5086 καὶ
2184 5029 2449 5104 λεγούσης
2465 5048 2479 5062 ο
2512 5030 2694 5099 Θεοὺς
2721 5030 2836 5101 ἐγὼ
2857 5028 3020 5086 εἶδον
3044 5029 3471 5093 ἀναϐαίνοντας
3492 5018 3587 5079 ἀπό

2054 5125 2165 5195 τῆς
2197 5123 2336 5198 γῆς’
2368 5125 2467 5200 τὴν
2492 5125 2549 5181 δὲ
2569 5125 2712 5199 ζωὴν
2741 5124 2836 5180 τοῦ
2871 5125 3122 5199 Ἀϐραὰμ
3149 5125 3244 5179 καὶ
3271 5125 3379 5180 τῶν
3414 5135 3585 5195 προφη-

2051 5217 2162 5275 τῶν
2206 5218 2268 5272 οὐ
2317 5218 2707 5291 κατειλήφασιν
2732 5257 2748 5284 ,
2792 5217 2900 5272 οὐδ’
2943 5219 3024 5275 ὅτι
3072 5221 3102 5272 ό
3149 5217 3286 5282 Θεὸς
3343 5211 3581 5287 ’Δσραᾶμι

2051 5308 2146 5362 καὶ
2206 5309 2425 5375 Ἰσαὰκ,
2483 5312 2577 5365 καὶ
2639 5309 2834 5366 Ἰακὼὸ
2873 5310 3006 5376 Θεὸς
3046 5305 3137 5382 ἦν,
3170 5310 3231 5365 οὐ
3282 5307 3478 5381 νεκρῶν
3509 5302 3582 5357 αὖ·

3306 5425 3327 5455 ’
3348 5422 3467 5481 ibid.
3509 5416 3578 5472 l5.

380 5486 401 5519 ³
429 5489 559 5542 ibid.
636 5486 659 5531 ‘-
702 5487 836 5542 ibid.
886 5486 977 5541 ili.
1049 5485 1232 5541 'ibid.
1270 5486 1359 5541 17.
1437 5485 1876 5559 ⁶11ὶες.ηνιιι,
1904 5490 1992 5544 15.
2067 5490 2088 5522 ⁷
2122 5490 2580 5554 blattb.xxu.52.
2657 5485 2894 5552 'VMatth.
2921 5510 3081 5560 χχιιι,
3108 5493 3199 5549 29.

450 5582 559 5666 με)
588 5581 692 5639 Pro
722 5582 822 5646 Δός
848 5600 938 5655 μοι
959 5584 1102 5636 πιεῖν
1124 5581 1292 5640 codex
1321 5580 1524 5654 Regius
1545 5593 1749 5640 tantum
1779 5588 1834 5642 ba

2066 5591 2163 5645 εῖν.
2192 5621 2263 5630 -
2284 5590 2563 5663 Superiori
2587 5594 2751 5662 linea,
2784 5609 2881 5666 pro
2904 5595 3008 5657 ὅτι,
3060 5593 3331 5663 interpres
3355 5586 3575 5663 legitis:-

383 5651 476 5704 ΕΙ).
510 5651 749 5709 ΡΑτιιοι..

452 5721 563 5788 (47)
594 5722 770 5778 Codex
807 5721 1009 5796 Regius
1037 5723 1196 5792 male,
1238 5725 1344 5780 ὑπὸ
1364 5726 1561 5796 γαστρὶ
1598 5725 1787 5795 μύθου.
