3688 6146
78 306 203 367 673

1152 303 1511 361 COMMENT.
1546 303 1615 363 IN
1645 302 1841 361 JOAN.
1876 301 2118 360 TOMUS
2159 303 2275 361 XX.

3253 306 3360 364 στι

83 418 247 483 τῶν,
304 412 439 471 ἀλλὰ
496 412 753 480 ζώντων·
794 414 889 471 καὶ
949 415 1027 481 ὡς
1097 413 1571 488 ὕπολαμὸάνοντές
1625 433 1655 468 τ

1895 415 1985 471 liti.
2015 415 2190 472 Etiam
2219 416 2387 486 igitur
2405 414 2452 470 si
2484 414 2759 471 Abraham
2785 422 3034 474 mortuus
3056 413 3244 483 fuerit,
3272 434 3360 477 re-

85 509 332 583 νεκροὺς
387 502 526 562 εἶναι
584 507 715 573 τοὺς
762 508 1049 582 προφήτας
1073 546 1091 573 ,
1140 507 1451 580 ᾠκοδόμουν
1499 505 1681 562 αὐτῶν

84 603 223 666 τοὺς
249 601 494 671 τάφους.
541 598 639 653 καὶ
671 597 764 652 διὰ
802 597 965 652 τοῦτο
1003 598 1435 670 ταλανιζόμινοι.
1473 599 1538 652 Εἰ
1588 597 1683 651 καὶ

82 692 370 750 ἀπέθανεν
421 687 517 747 οὖν
571 690 860 762 Ἀϐραὰμ,
911 689 1026 745 ἀλλ’
1087 688 1249 762 ἔζησε
1273 729 1290 757 ,
1351 690 1447 744 καὶ
1491 690 1681 745 οὐκέτι

83 786 179 840 τὸν
209 784 448 840 θάνατον
473 778 720 854 ἐθεώρει,
754 783 848 853 ἀφ’
876 774 940 836 οὗ
966 779 1091 838 ἰδὼν
1118 782 1216 856 τὴν
1258 781 1434 855 Ἰησοῦ
1464 782 1679 855 ἡμέραν

81 877 464 948 ἠγαλλιάσατο
489 917 505 942 ,
562 874 660 928 καὶ
705 873 900 946 ἐχάρη.
948 869 1119 947 Οἶμαι
1154 874 1211 928 δὲ
1245 874 1341 929 καὶ
1383 873 1475 929 διὰ
1519 873 1681 928 τοῦτο

84 970 228 1041 πρὸς
265 968 369 1022 τό·
439 966 694 1036 Ἀϐραὰμ
751 965 1085 1035 ἀπέθανεν,
1135 966 1385 1041 εἰρῆσθαι
1448 965 1555 1022 ὑπὸ
1579 965 1677 1020 τοῦ

85 1063 348 1133 Σωτῆρος
390 1061 729 1124 διδάσκοντος
748 1100 765 1125 ,
813 1062 897 1114 ὅτι
930 1059 1180 1132 Ἀϐραὰμ
1214 1058 1309 1131 ἐζη
1328 1100 1343 1124 ,
1367 1060 1428 1114 τό
1447 1079 1459 1093 ε
1493 1060 1679 1128 Ἀϐρα-

84 1154 165 1222 ὰμ
186 1155 219 1206 ό
240 1150 445 1221 πατὴρ
468 1150 639 1221 ήμιῖιν
670 1150 807 1222 (47⁸)
837 1148 1267 1221 ἠγαλλιάσατο,
1297 1149 1398 1204 ἵνα
1437 1146 1534 1218 ἴδῃ
1566 1146 1678 1215 τὴν

83 1243 321 1315 ἡμέραν
345 1242 649 1314 τὴνέμὴν,
677 1243 777 1299 καὶ
813 1239 957 1307 εἶδε,
992 1242 1090 1297 καὶ
1108 1240 1322 1312 ἐχάρη.
1354 1240 1419 1295 Ei
1454 1240 1529 1313 μὴ
1554 1241 1677 1312 βού-

87 1338 239 1392 λεταί
271 1354 359 1400 τις
380 1335 554 1401 οὕτως
590 1336 738 1408 ἔχειν
764 1335 833 1391 τὰ
871 1335 1003 1406 περὶ
1033 1334 1126 1389 τοῦ
1171 1334 1443 1410 Ἀϐραὰμ,
1470 1333 1676 1403 λεγέτω

84 1430 218 1500 ἡμῖν
256 1427 700 1501 πρότερον’πότε
732 1428 762 1481 6
803 1425 929 1481 ἰδὼν
966 1426 1064 1498 τὴν
1093 1424 1186 1480 τοῦ
1233 1425 1487 1498 Σωτῆρος
1516 1424 1675 1497 ἡμῶν

89 1515 323 1587 ἡμέραν,
355 1515 450 1568 καὶ
471 1514 564 1569 ἐπὶ
600 1513 776 1585 τούτῳ
808 1512 1295 1587 ἀγαλλιασόμενος,
1335 1513 1432 1567 καὶ
1460 1515 1670 1586 χαρεὶς,

87 1607 164 1661 ἔτι
216 1606 422 1679 θεωρεῖ
462 1607 552 1662 τὸν
605 1606 855 1662 θάνατον·
887 1607 920 1679 ἢ
960 1608 988 1661 6
1032 1604 1156 1660 ἰδὼν
1187 1606 1286 1676 τὴν
1330 1606 1545 1679 ἡμέραν
1577 1607 1671 1660 τοῦ

89 1699 359 1772 Σωτῆρος,
394 1699 492 1753 καὶ
515 1698 1006 1770 ἀγαλλιασάμενος,
1041 1697 1137 1751 καὶ
1176 1697 1386 1769 χαρεὶς,
1420 1696 1673 1764 ἀξιωθεὶς

1786 506 1921 560 vixit
1951 507 2004 562 in
2037 516 2313 579 posterum
2342 522 2448 562 non
2481 507 2715 577 amplius
2745 507 2963 566 visurus
2992 519 3260 577 mortem;
3291 512 3360 567 ab

1783 610 1850 653 eo
1882 598 2029 653 enim
2082 607 2350 669 tempore,
2381 614 2490 669 quo
2533 600 2666 656 vidit
2694 598 2823 658 Iesu
2851 601 3020 669 diem,
3063 604 3362 660 exsultavit

1782 697 1836 745 et
1861 691 2083 762 gavisus
2111 699 2215 747 est.
2258 691 2438 762 Atque
2477 692 2641 748 etiam
2670 694 2740 749 ob
2788 692 2928 750 hanc
2962 708 3182 751 causam
3210 696 3361 751 arbi-

1784 789 1898 835 tror
1944 780 2293 836 Servatorem
2325 779 2614 838 docentem
2661 782 2941 839 Abraham
2984 784 3194 851 vivere,
3228 801 3354 842 cum

1780 872 2050 928 dixissem
2081 864 2103 928 τ’
2120 870 2392 929 Abraham
2421 883 2662 930 mortuus
2696 883 2775 930 est
2797 875 2844 941 ',
2872 890 3003 931 mox
3044 875 3301 934 intulisse
3334 897 3349 935 :

1777 960 1941 1033 365
1972 961 2240 1017 Abraham
2299 975 2455 1033 pater
2501 975 2671 1020 vester
2710 965 3014 1031 exsultavit,
3055 981 3115 1022 ut
3159 968 3356 1026 videret

1778 1051 1915 1106 diem
1944 1067 2119 1105 meum
2143 1066 2164 1117 ;
2193 1061 2240 1106 et
2268 1052 2421 1119 vidit,
2449 1062 2497 1107 et
2526 1053 2735 1124 gavisus
2769 1068 2845 1109 est
2866 1054 2929 1108 ⁸⁸.
2957 1054 3110 1122 Quod
3133 1057 3179 1114 si
3221 1059 3356 1123 nolit

1777 1138 1976 1211 aliquis
2002 1155 2091 1199 res
2116 1140 2352 1197 Abrahae
2370 1141 2451 1197 sic
2479 1157 2538 1198 se
2560 1142 2785 1211 habere,
2811 1143 2962 1201 dicat
2988 1146 3146 1203 nobis
3172 1156 3351 1205 utrum

1776 1231 1870 1301 qui
1910 1231 2044 1286 vidit
2066 1231 2364 1302 aliquando
2396 1231 2706 1292 Servatoris
2734 1236 2906 1293 nostri
2942 1236 3108 1304 diem,
3140 1248 3197 1295 et
3213 1239 3352 1295 hanc

1775 1323 1846 1378 ob
1894 1337 2114 1379 causam
2153 1323 2446 1380 exsultavit
2479 1336 2536 1380 et
2580 1328 2799 1397 gavisus
2846 1338 2948 1395 est,
2981 1328 3138 1406 [(51)
3185 1332 3350 1388 etiam

1776 1424 2003 1470 mortem
2027 1415 2203 1471 videat
2231 1437 2245 1471 :
2272 1431 2340 1470 an
2367 1416 2458 1488 qui
2491 1416 2805 1476 Servatoris
2827 1425 3000 1477 nostri
3024 1423 3166 1479 diem
3191 1423 3349 1491 vidit,

1772 1514 1829 1561 et
1856 1505 2169 1573 exsultavit,
2208 1517 2375 1580 atque
2408 1510 2631 1579 gavisus
2666 1510 2818 1584 est],
2847 1513 3101 1586 dignatus
3148 1514 3239 1571 tali
3270 1517 3352 1572 vi-

1772 1596 1949 1662 sione,
1979 1607 2236 1668 tanquam
2264 1598 2379 1668 ipsa
2411 1599 2629 1670 dignus,
2659 1614 2850 1673 postea
2877 1604 3122 1674 privatus
3149 1603 3248 1661 l'uit
3284 1620 3348 1661 ea

1775 1701 1832 1744 re
1856 1703 2017 1758 quam
2041 1689 2275 1744 viderat.
2296 1688 2432 1744 Nam
2458 1691 2502 1746 si
2527 1701 2818 1763 utrumque
2840 1693 3034 1750 borum
3055 1693 3348 1751 absurdum

86 1790 342 1859 τοιαύτης
368 1789 565 1860 ὅψεως,
596 1790 673 1854 ὡς
717 1788 877 1855 ἄξιος
896 1789 1089 1861 αὐτῆς,
1120 1788 1345 1859 ὕστερον
1382 1789 1655 1862 ἐπέρηται

1905 1796 2028 1838 cum
2055 1782 2332 1838 Abraham
2372 1783 2508 1838 vidit
2553 1783 2682 1841 Jesu
2711 1786 2877 1853 diem,
2906 1801 3028 1843 cum
3061 1787 3180 1858 ipso
3205 1789 3351 1860 pari-

89 1877 148 1937 οὗ
176 1879 508 1954 ἐθεώρησεν.
538 1881 602 1933 Εἰ
629 1879 740 1950 γὰρ
764 1879 1024 1952 ἑκάτερον
1053 1877 1255 1932 τούτων
1273 1877 1475 1933 ἄτοπόν
1502 1881 1668 1942 ἐστιν,

91 1974 211 2029 ἰδὼν
267 1973 371 2047 τὴν
427 1973 641 2045 ἡμέραν
703 1971 879 2044 Ἰησοῦ
939 1970 1212 2044 Ἀϐραὰμ,
1261 1971 1378 2042 ἅμα
1414 1970 1492 2042 τῷ
1544 1970 1673 2024 ἰδεῖν

89 2067 285 2139 ἡκουσε
309 2066 408 2120 καί
438 2062 532 2118 τὸν
553 2064 707 2134 λόγον
739 2063 926 2130 αὐτοῦ,
948 2063 1041 2117 καὶ
1064 2062 1320 2134 ἐτήρησε,
1342 2062 1437 2116 καὶ
1463 2061 1563 2116 οὐκ
1591 2061 1671 2116 ἔτι

92 2156 314 2213 θάνατον
348 2157 565 2230 θεωρεῖ·
607 2156 701 2210 καὶ
733 2156 832 2228 οὐχ
868 2155 1037 2224 ὑγιῶς
1067 2154 1270 2225 ἔλεγον,
1298 2155 1538 2227 ὠσπερεί
1587 2153 1672 2210 ἔτι

93 2246 147 2299 ἐν
174 2245 389 2317 θανάτῳ
420 2243 532 2317 (48)
582 2246 943 2317 τυγχάνοντος
973 2244 1159 2309 αὑτοῦ,
1199 2245 1249 2298 oi
1294 2244 1532 2299 Ἰουδαῖοι
1584 2245 1666 2300 τό·

103 2339 342 2409 Ἀϐραὰμ
379 2337 663 2392 ἀπέθανε.
701 2337 773 2391 Τὸ
804 2336 849 2390 δ’
871 2338 1055 2410 ὅμοιον
1089 2339 1234 2409 ἐρεῖς
1260 2337 1355 2391 καὶ
1390 2338 1519 2410 περί
1558 2337 1671 2394 τῶν

91 2430 401 2501 προφητῶν·
426 2431 475 2482 εἰ
497 2430 603 2500 γὰρ
627 2430 656 2483 6
676 2430 809 2494 Θεὸς
828 2430 927 2484 οὐκ
952 2428 1069 2483 ἔστι
1098 2428 1329 2500 νεκρῶν,
1363 2429 1502 2484 ἀλλὰ
1533 2428 1671 2495 ζών-

92 2539 212 2587 των,
247 2522 340 2576 καὶ
358 2522 528 2586 ἐστιν,
563 2521 753 2594 ὥσπερ
779 2520 875 2576 τοῦ
906 2520 1177 2595 Ἀϐραὰμ,
1213 2522 1307 2577 καὶ
1335 2523 1426 2576 τοῦ
1460 2522 1667 2591 Ἰσαὰκ,

96 2616 186 2669 καὶ
213 2615 305 2669 τοῦ
357 2615 577 2680 Ἰακὼϐ,
626 2614 799 2678 οὕτως
839 2615 934 2669 καὶ
972 2614 1080 2668 τῶν
1133 2613 1335 2669 λοιπῶν
1375 2615 1670 2689 προφητῶν

95 2707 239 2773 Θεὸς,
270 2707 409 2774 ζῶσι
438 2709 535 2763 καὶ
577 2710 628 2762 οἱ
663 2709 957 2780 προφῆται·
995 2708 1089 2763 καὶ
1120 2708 1227 2781 γὰρ
1254 2709 1528 2780 ἐτήρησαν
1575 2708 1668 2765 τὸν

98 2800 242 2870 λόγον
288 2801 380 2857 τοῦ
416 2801 545 2856 Υἰοῦ
580 2801 673 2856 τοῦ
714 2800 872 2868 Θεοῦ,
907 2802 997 2856 ὅτε
1025 2800 1182 2871 λόγος
1213 2800 1420 2871 Κυρίου
1453 2799 1669 2869 ἐγένετο

101 2893 224 2962 πρὸς
258 2892 439 2965 Ὠσηὲ,
462 2892 498 2964 ἢ
531 2892 687 2961 λόγος
718 2891 932 2960 ἐγένετο
962 2891 1101 2962 πρὸς
1130 2890 1420 2962 Ἱερεμίαν,
1451 2890 1485 2961 ἢ
1511 2890 1668 2959 λόγος

103 2981 301 3049 ἐγένετο
330 2982 472 3055 πρὸς
523 2980 773 3036 Ἦσαῖαν·
820 2980 882 3033 οὐ
913 2979 1022 3053 γὰρ
1071 2979 1228 3043 ἄλλος
1269 2979 1425 3049 λόγος
1452 2979 1697 3049 ἐγένετο

103 3077 227 3148 πρός
254 3094 372 3131 τινα
394 3075 624 3141 τούτων,
649 3074 764 3129 ἀλλ’
787 3074 816 3127 6
838 3076 899 3128 ἐν
935 3074 1079 3146 ἀρχῇ
1109 3071 1244 3145 πρὸς
1264 3071 1357 3126 τὸν
1375 3071 1509 3126 Θεὸν
1539 3071 1668 3137 Υἱὸς

102 3167 253 3221 αὑτοῦ
280 3166 409 3231 Θεὸς
437 3166 631 3237 Λόγος·
652 3167 746 3220 καὶ
763 3164 971 3230 τοῦτον,
999 3165 1049 3217 εἰ
1079 3165 1173 3219 καί
1191 3181 1275 3228 τις
1295 3163 1472 3230 ἄλλος,
1495 3165 1665 3241 κα).οοί

106 3260 360 3331 προφῆται
391 3260 755 3334 τετηρήκασι,
792 3258 885 3311 καί
917 3259 976 3325 ἐξ
997 3251 1058 3312 οὗ
1080 3255 1335 3329 εἰλήφασι
1368 3255 1459 3311 τὸν
1485 3257 1664 3327 λόγον,

106 3350 312 3407 θάνατον
340 3351 440 3406 οὐκ
491 3349 571 3404 ἐτι
610 3347 943 3420 ἐθεώρησαν.
992 3346 1223 3418 Ὁμοίως
1254 3347 1432 3401 τοίνυν
1471 3345 1666 3418 ψεῦδος

105 3441 194 3513 τῷ·
229 3443 353 3499 Νῦν
402 3441 771 3512 ἐγνώκαμεν,
830 3438 921 3493 ὅτι
977 3436 1288 3507 δαιμόνιον
1337 3437 1517 3508 ἔχεις,
1571 3438 1662 3492 τό·

119 3534 350 3605 Ἀϐραὰμ
366 3534 652 3597 ἀπέθανε,
674 3532 774 3587 καί
806 3534 861 3588 οὶ
896 3529 1217 3600 προφῆται,
1247 3530 1537 3609 εἰρημένον
1560 3530 1666 3586 ὑπὸ

107 3627 204 3681 τῶν
249 3626 532 3682 Ἰουδαίων·
565 3624 689 3680 οὔτε
714 3624 824 3697 γὰρ
853 3624 1090 3694 ἔγνωσαν
1109 3623 1381 3695 δαιμόνιον
1410 3623 1555 3695 ἔχειν
1573 3623 1666 3678 τὸν

111 3717 446 3772 ἐπιτάσσοντα
490 3716 806 3789 δαιμονίοις·
848 3715 1022 3780 οὐδεὶς
1054 3714 1163 3786 γὰρ
1192 3713 1451 3783 γινώσκει
1494 3716 1554 3769 τὸ
1589 3716 1664 3788 μὴ

111 3809 350 3882 ὑπάρχον·
384 3809 511 3865 οὔτε
555 3809 805 3882 Ἀϐραὰμ
831 3808 926 3862 καὶ
953 3808 1004 3862 oi
1046 3807 1322 3880 προφῆται
1350 3808 1409 3861 ἐν
1452 3806 1665 3880 θανάτῳ

113 3898 185 3954 ἔτι
204 3898 354 3974 ¹ἦσαν,
387 3903 479 3957 ὅτε
522 3901 704 3968 ἔλεγον
743 3900 794 3954 οἰ
838 3899 1079 3953 Ἰουδαῖοι
1121 3897 1201 3952 τό·
1243 3895 1489 3968 Ἀϐραὰμ
1522 3897 1666 3952 ἀπέ-

111 3993 257 4057 θανε,
301 3996 396 4049 καὶ
445 3996 501 4049 οἱ
544 3989 861 4063 προφῆται.
899 3988 1056 4045 Μετὰ
1099 3988 1275 4045 ταῦτα
1312 3987 1582 4061 ζητοῦμεν
1610 3986 1664 4042 τί

112 4080 310 4154 δήποτε,
337 4085 428 4140 τοῦ
459 4086 710 4157 Σωτῆρος
733 4082 1014 4156 εἰρηκότος
1043 4082 1171 4154 περί
1212 4080 1413 4145 παντὸς
1440 4078 1535 4135 τοῦ
1566 4097 1666 4152 τη-

118 4174 317 4245 ροῦντος
347 4178 511 4232 αὐτοῦ
543 4178 634 4233 τὸν
658 4177 838 4246 λόγον,
867 4175 950 4230 ὅτι
992 4173 1261 4230 Θάνατον
1279 4175 1352 4228 οὐ
1379 4172 1664 4242 θεωρήσει

115 4268 191 4334 εἰς
218 4268 318 4323 τὸν
345 4268 549 4334 αἰῶνα,
580 4270 629 4324 οἰ
669 4266 911 4322 Ἰουδαῖοι
957 4267 1094 4339 μετὰ
1124 4264 1195 4319 τὰ
1245 4264 1665 4338 προεξετασθέν-

116 4374 192 4423 τα,
232 4359 341 4416 δέον
380 4364 575 4421 αὐτοὺς
621 4359 968 4432 καταλλήλως
999 4357 1096 4430 τῷ·
1142 4355 1412 4412 Θάνατον
1465 4357 1538 4410 οὐ
1573 4355 1661 4427 μὴ

1775 1879 1857 1927 ter
1882 1871 2069 1929 videre
2101 1873 2307 1928 audivit
2336 1871 2500 1928 etiam
2524 1890 2831 1932 sermonem
2868 1878 3063 1949 ipsius,
3084 1889 3139 1935 et
3165 1893 3351 1935 serva-

1772 1963 1870 2029 vit,
1900 1979 2002 2019 nec
2025 1964 2258 2034 amplius
2293 1975 2522 2032 mortem
2549 1966 2734 2037 videt;
2768 1983 2868 2025 nec
2903 1978 3050 2026 recte
3074 1969 3243 2027 Judaei
3265 1973 3348 2026 di-

1771 2054 2306 2110 cebantzAbraham
2335 2068 2574 2113 mortuus
2618 2068 2716 2126 est,
2756 2060 2983 2129 perinde
3035 2063 3191 2132 quasi
3236 2063 3351 2134 ipse

1770 2147 1936 2204 etiam
1959 2156 2071 2204 tum
2101 2149 2157 2203 in
2179 2159 2355 2205 morte
2377 2159 2544 2206 esset.
2573 2149 2763 2205 Simile
2785 2150 2953 2206 etiam
2978 2152 3045 2208 de
3067 2153 3350 2223 prophetis

1772 2240 1921 2297 dices
1949 2258 1963 2294 :
1993 2255 2118 2295 nam
2145 2241 2192 2296 si
2222 2241 2367 2298 Deus
2397 2258 2504 2298 non
2532 2252 2617 2298 est
2648 2252 3012 2310 mortuorum,
3046 2244 3141 2299 sed
3164 2244 3352 2300 viveu—

1772 2332 1930 2400 tium,
1952 2344 2009 2389 et
2042 2341 2101 2389 ut
2122 2342 2208 2389 est
2227 2334 2528 2403 Abraham,
2555 2345 2611 2392 et
2634 2335 2808 2404 lsaac,
2832 2346 2887 2392 et
2912 2335 3083 2395 Jacob
3111 2337 3254 2394 Deus
3283 2338 3349 2404 “,

1769 2427 1851 2482 sic
1884 2426 2053 2483 etiam
2087 2435 2172 2483 est
2200 2436 2526 2483 caeterorum
2555 2431 2943 2499 prophetarum
2977 2430 3139 2497 Deus,
3164 2431 3353 2486 vivunt

1769 2518 1936 2573 etiam
1962 2518 2283 2590 prophetae:
2315 2528 2374 2574 ut
2403 2520 2496 2590 qui
2534 2531 2893 2577 servaverunt
2919 2522 3087 2577 etiam
3137 2537 3352 2578 sermo-

1770 2625 1893 2666 nem
1920 2608 2042 2666 Filii
2062 2610 2182 2678 Dei,
2207 2612 2425 2682 quando
2449 2626 2631 2667 sermo
2654 2612 2833 2669 factus
2862 2623 2944 2669 est
2968 2617 3034 2669 ad
3056 2612 3254 2669 Oscam
3281 2614 3347 2680 ⁸⁸,

1767 2703 1853 2759 vel
1878 2719 2059 2760 sermo
2097 2705 2275 2761 factus
2305 2712 2391 2761 est
2416 2704 2486 2761 ad
2511 2702 2808 2761 Jeremiam
2836 2706 2904 2773 ¹³,
2934 2707 3018 2762 vel
3059 2721 3238 2762 sermo
3266 2706 3351 2761 ia-

1769 2802 1889 2850 ctus
1917 2803 2002 2850 est
2022 2797 2091 2852 ad
2124 2795 2319 2852 Isaiam
2347 2794 2397 2830 “
2425 2813 2439 2851 :
2466 2810 2568 2851 nec
2590 2797 2737 2850 enim
2772 2796 2912 2852 alius
2943 2812 3124 2852 sermo
3148 2798 3215 2850 ad
3241 2797 3347 2852 ali-

1768 2901 1928 2957 quem
1972 2887 2166 2944 borum
2226 2887 2403 2945 iactus
2463 2897 2578 2955 est,
2622 2899 2984 2960 prasterquatn
3031 2888 3222 2945 Sermo
3258 2888 3349 2944 ille

1768 2979 1859 3049 qui
1888 2990 2007 3036 erat
2063 2980 2118 3036 in
2168 2980 2441 3053 principio
2469 2982 2611 3051 apud
2657 2980 2828 3036 Deum
2856 2982 2920 3046 ⁸⁸,
2959 2966 3133 3038 Filius
3178 2983 3349 3054 ipsius

1773 3070 1867 3126 Dei
1890 3070 2123 3129 Sermo:
2153 3073 2398 3144 quem,si
2432 3075 2559 3145 quis
2586 3072 2744 3138 alius,
2771 3073 3049 3144 prophetae
3077 3075 3130 3129 in
3153 3074 3348 3145 primis

1770 3174 2149 3232 servaverunt,
2191 3166 2284 3237 qui
2312 3165 2501 3233 etiam,
2537 3180 2603 3221 ex
2638 3180 2747 3235 quo
2777 3174 3105 3235 acceperunt
3137 3181 3349 3224 sermo—

1770 3274 1916 3324 nem,
1944 3267 2181 3314 mortem
2234 3260 2474 3330 amplius
2517 3274 2623 3314 non
2667 3259 2940 3314 viderunt.
2966 3258 3147 3330 IEque
3183 3261 3349 3333 igitur

1767 3349 1970 3407 falsum
2007 3360 2094 3408 est
2123 3367 2137 3403 :
2172 3350 2330 3407 Nunc
2359 3352 2693 3423 cognovimus
2738 3351 2878 3423 quod
2906 3351 3226 3407 (immanium
3254 3353 3350 3407 ha-

1771 3446 1864 3501 bes
1890 3444 1957 3511 ¹⁶,
1987 3457 2153 3516 atque
2185 3444 2289 3500 hoc
2315 3461 2332 3503 :
2359 3443 2628 3499 Abraham
2649 3452 2889 3498 mortuus
2917 3452 3019 3508 est,
3047 3454 3094 3498 et
3124 3445 3350 3514 prophe-

1768 3546 1839 3591 ta:
1862 3537 1929 3604 ¹⁷,
1955 3537 2098 3606 quod
2127 3535 2378 3592 dixerunt
2397 3534 2592 3592 Judaei.
2621 3535 2810 3604 Neque
2835 3535 2981 3590 enim
3010 3543 3348 3604 agnoverant

1767 3628 2091 3684 daemonium
2148 3627 2354 3684 habere
2392 3643 2520 3684 eum
2550 3628 2642 3696 qui
2681 3626 2987 3697 imperabat
3026 3626 3347 3699 daemoniis;

1767 3720 1949 3775 nullus
1991 3719 2139 3774 enim
2187 3719 2468 3788 cognoscit
2494 3719 2639 3787 quod
2672 3734 2777 3773 non
2810 3727 2930 3784 est;
2967 3732 3143 3787 neque
3167 3716 3344 3774 Abra-

1769 3809 1893 3865 ham
1922 3817 1977 3864 et
2007 3808 2286 3879 prophetae
2333 3808 2386 3863 in
2423 3817 2598 3863 morte
2640 3808 2875 3879 amplius
2913 3818 3091 3874 erant,
3124 3808 3343 3878 quando

1765 3900 2022 3956 dicebant
2042 3897 2213 3956 Judaei
2244 3918 2260 3956 :
2289 3898 2552 3955 Abraham
2587 3911 2825 3956 mortuus
2853 3912 2954 3970 est,
2979 3910 3027 3956 et
3049 3902 3340 3971 propheta.

1766 3993 1969 4049 Deinde
1994 3994 2288 4064 quaerimus
2315 4010 2412 4049 cur
2444 3995 2686 4064 tandem,
2726 4011 2849 4050 cum
2884 3994 3113 4051 dixisset
3142 3993 3341 4050 Serva-

1767 4095 1852 4141 tor
1867 4085 1935 4141 de
1963 4100 2287 4155 quocunque
2311 4087 2401 4156 qui
2437 4086 2932 4155 sermonemipsius
2959 4095 3173 4142 servat:
3195 4084 3343 4141 Mor-

1764 4189 1867 4234 tem
1903 4195 2007 4234 non
2049 4179 2240 4234 videbit
2266 4180 2321 4233 in
2346 4189 2621 4246 veternum,
2647 4181 2811 4251 idque
2835 4181 3100 4250 exigeret,
3135 4180 3215 4234 uti
3245 4177 3342 4235 Ju-

1764 4264 1864 4325 daei
1891 4283 2011 4340 pos1
2033 4270 2122 4325 illa
2147 4271 2308 4327 verba
2332 4287 2455 4341 qua:
2477 4283 2635 4327 antea
2661 4271 3119 4336 examinaviinus,
3147 4286 3343 4327 conse-

1763 4370 1996 4432 quenter
2021 4361 2106 4417 ltis
2124 4362 2310 4419 verbis
2343 4384 2355 4415 :
2381 4362 2607 4419 Mortem
2634 4380 2737 4419 non
2763 4364 2952 4418 videbit
2981 4364 3034 4418 in
3060 4376 3338 4432 veternum,

118 4452 372 4521 θεωρήσει
401 4457 488 4524 εὶς
514 4452 620 4509 τὸν
648 4453 852 4520 αἰῶνα,
880 4450 1178 4525 εἰρηκέναι·
1201 4451 1314 4504 Καὶ
1333 4449 1416 4504 σὺ
1440 4448 1655 4520 λέγεις·

1895 4460 2014 4509 rent
2045 4471 2059 4509 :
2091 4451 2161 4507 Et
2186 4465 2245 4508 tu
2271 4455 2403 4511 dicis
2429 4470 2450 4509 :
2476 4454 2534 4511 Si
2559 4456 2677 4526 quis
2702 4470 2995 4510 sermonem
3028 4471 3200 4510 meum
3231 4470 3344 4510 ser-

130 4542 248 4599 Ὲάν
274 4564 359 4614 τις
382 4547 488 4602 τὸν
512 4546 659 4617 ἐμὸν
695 4546 883 4615 λόγον
904 4541 1161 4614 τηρήσῃ,
1194 4540 1456 4597 θάνατον
1484 4543 1557 4595 οὐ
1572 4541 1659 4612 μὴ

121 4635 373 4703 θεωρήσει
392 4643 478 4707 εἰς
505 4638 613 4693 τὸν
642 4635 845 4692 αἰῶνα·
870 4637 921 4689 οἱ
942 4636 999 4690 δὲ
1027 4635 1087 4689 οὐ
1116 4634 1296 4698 τοῦτο,
1322 4633 1460 4688 ἀλλὰ
1486 4634 1549 4687 τὸ
1585 4635 1660 4708 μὴ

124 4727 376 4800 εἰρημένον
405 4732 515 4806 (49)
544 4731 651 4785 ὑπὸ
666 4729 757 4784 τοῦ
774 4728 1024 4801 Σωτῆρός
1049 4744 1233 4797 φασιν·
1263 4727 1324 4780 οὐ
1351 4727 1458 4798 γὰρ
1486 4722 1658 4782 εἶπεν·

134 4820 252 4875 Ἐάν
272 4842 355 4892 τις
374 4826 477 4880 τὸν
498 4825 645 4896 ἐμὸν
670 4824 860 4894 λόγον
892 4820 1151 4890 τηρήσῃ,
1185 4818 1447 4876 θανάτου
1482 4822 1554 4873 οὐ
1573 4818 1661 4890 μὴ

126 4913 378 4984 γεύσηται
398 4920 483 4986 εἰς
510 4917 616 4971 τὸν
636 4913 842 4981 αἰῶνα,
866 4914 1004 4986 ὅπερ
1027 4907 1170 4967 οὗτοι
1192 4910 1557 4982 προφέρονται
1586 4909 1662 4975 ὡς

126 4998 217 5055 ὑπὸ
241 5002 327 5058 τοῦ
368 5007 567 5079 Κυρίου
588 5003 748 5077 ἡμῶν
777 5002 1082 5076 εἰρημένον.
1119 5000 1229 5054 Καὶ
1257 4999 1358 5069 ὅρα
1383 4999 1432 5053 εἰ
1469 4999 1545 5073 μὴ
1582 4998 1662 5072 τῷ

129 5087 247 5146 εἶναι
271 5095 374 5169 (50)
403 5097 660 5171 διαφορὰν
690 5097 784 5152 τοῦ
816 5096 891 5168 μὴ
914 5095 1137 5165 θεωρεῖν
1164 5091 1412 5157 θάνατον,
1442 5092 1536 5145 καὶ
1565 5090 1660 5146 τοῦ

186 5186 364 5261 ξίοιιιι.
403 5210 518 5261 vut,
548 5196 643 5252 52.
739 5195 786 5226 ὀ
811 5193 939 5246 ibid.
1003 5189 1092 5261 56.

131 5250 173 5287 ¹⁸
191 5254 328 5316 Juau.
354 5278 391 5326 ι.
416 5265 472 5320 2.
506 5250 518 5261 ’
579 5250 810 5320 ⁸⁸⁷]οιιιι.
843 5276 938 5317 vm
960 5302 975 5330 ,
1000 5260 1090 5316 5‘2.
1165 5258 1206 5291 ¹⁴¹
1239 5259 1369 5313 ibid.

192 5376 312 5451 (θ’)
360 5380 505 5455 Legit
559 5386 830 5454 interpres
888 5381 1079 5455 ὑμῶν,
1134 5389 1190 5437 ει
1250 5394 1375 5455 mox
1426 5376 1657 5449 πότερόν

135 5455 324 5526 me...
357 5451 845 5526 ἀγαλλιασάμενρς·
875 5451 955 5526 sic
987 5453 1151 5507 etiam
1207 5451 1447 5506 scribere
1473 5457 1659 5504 amant

137 5519 429 5578 recentiores
459 5519 708 5581 editores.
748 5524 843 5577 Eo.
875 5522 1122 5578 ΡΑτιιοι..

199 5585 577 5666 (ὕῖἢῇΩσπερει
602 5597 691 5650 ἔτι
713 5596 784 5648 ἐν
805 5593 1054 5657 θανάτῳ,
1079 5602 1187 5648 etc.
1213 5590 1290 5666 ita
1328 5598 1476 5645 recte
1524 5587 1652 5666 legit

138 5646 401 5734 Pori-iunius,
425 5646 574 5734 ἐιῐῖιῖέ
606 5646 1158 5734 ihiéipiévtimitéiu'
1175 5646 1542 5734 atiuptatuuse
1574 5646 1651 5713 ’Ᾰι

140 5725 320 5782 "detur
344 5725 527 5802 legisse
567 5725 870 5800 Ferrarius,
907 5733 1149 5802 ὡσπερεὶ
1195 5725 1368 5787 αἰτίου
1412 5728 1647 5786 θανάτου

1199 5187 1241 5219 ⁸³
1273 5186 1463 5245 Matth.
1498 5202 1632 5256 uti,
1688 5188 1779 5245 ετ.

1765 4546 1985 4609 varerit,
2006 4554 2227 4601 mortem
2250 4563 2352 4602 non
2382 4547 2575 4603 videbit
2608 4547 2662 4601 in
2697 4556 2974 4613 aeternum,
3005 4543 3078 4600 illi
3102 4561 3209 4601 non
3238 4546 3343 4602 hoc

1765 4634 1998 4704 faciant,
2021 4636 2118 4692 sed
2145 4636 2508 4707 respondeant
2529 4636 2675 4706 quod
2699 4634 2962 4691 Servator
2986 4649 3092 4690 non
3120 4636 3341 4691 dixerit.

1765 4723 1953 4796 Neque
1994 4728 2138 4782 enim
2192 4726 2411 4783 dixerat
2445 4728 2744 4781 Servatur:
2776 4723 2838 4781 Si
2890 4724 3012 4794 quis
3047 4739 3343 4779 sermonem

1764 4835 1937 4873 meum
1965 4822 2279 4888 servaverit,
2308 4830 2528 4875 mortem
2569 4836 2674 4874 non
2721 4819 2951 4890 gustabit
2983 4819 3040 4872 in
3067 4828 3340 4886 aeternum,

1765 4911 1908 4979 quod
1950 4911 2035 4967 ἰειί
2070 4910 2358 4981 proferunt
2392 4921 2648 4981 tanquam
2680 4926 2710 4964 a
2744 4909 2974 4965 Domino
3022 4919 3212 4965 nostro
3256 4910 3340 4964 (Ιί-

1765 5008 1937 5058 ctum.
1970 5001 2035 5055 Et
2066 5003 2189 5056 vide
2230 5017 2297 5057 an
2342 5001 2472 5073 quia
2508 4999 2814 5057 differentia
2858 4998 2933 5058 sit
2976 4998 3122 5053 inter
3151 4998 3338 5052 videre

1764 5103 2019 5160 mortem,
2043 5102 2096 5148 et
2122 5103 2343 5165 gustare
2374 5104 2624 5160 mortem,
2653 5108 2687 5149 a
2715 5091 2930 5149 caeteris
2950 5090 3115 5163 366
3135 5089 3343 5161 pariter

1895 5188 2086 5247 "Ose.
2132 5189 2251 5257 ι,1.
2355 5188 2401 5222 ⁸³
2421 5187 2623 5245 Jerem.
2676 5203 2787 5255 xlv,
2836 5185 2891 5243 1.
2985 5185 3033 5218 ⁸⁸
3057 5183 3161 5242 ιω.
3192 5199 3253 5251 ιι,
3284 5183 3339 5240 1.

1761 5377 2121 5461 τυγχάνοντος
2152 5376 2338 5431 αὐτοῦ·
2367 5377 2696 5461 vertitenim
2721 5394 2736 5430 :
2749 5378 2991 5461 “Perinde
3017 5379 3171 5445 quasi
3198 5394 3341 5432 mors

1760 5448 1990 5502 Abt-alue
2012 5449 2068 5501 in
2107 5464 2268 5502 causa
2300 5460 2453 5514 esset,
2482 5460 2537 5503 ut
2562 5453 2718 5504 etiam
2741 5449 2984 5503 Christus
3023 5461 3338 5503 moreretur.

1824 5516 1948 5588 (49)
2001 5518 2100 5587 Μὴ
2148 5519 2481 5588 εἰρημένον.
2547 5519 2603 5573 lu
2655 5521 2896 5575 editione
2955 5519 3134 5575 lluetii
3187 5521 3340 5575 deest

1763 5587 2041 5660 umqum]
2071 5587 2285 5659 legitur
2306 5590 2358 5644 in
2390 5589 2580 5660 codice
2605 5589 2920 5660 Bodleiano.

1855 5655 1946 5727 50)
1978 5655 2161 5713 (ἰοάεί
2189 5660 2413 5727 Regius,
2434 5658 2496 5713 τὸ
2529 5655 2689 5722 εἶναι,
2716 5658 2877 5713 male.

1855 5662 1946 5727 50)
1978 5662 2161 5713 Codex
2189 5663 2266 5713 Ite
2308 5662 2413 5723 ius,
2434 5662 2496 5713 τὸ
2529 5662 2689 5722 εἰναι,
2716 5662 2875 5713 male.

1829 5662 1941 5801 i5l)
1977 5728 2104 5787 Haec
2135 5676 2511 5804 suppfcvimus
2541 5745 2573 5786 e
2604 5729 2875 5787 Pet-ionio.
