3688 6146
396 295 403 300 '
416 306 524 364 675

1877 295 2194 354 ORIGENIS

2119 295 2194 353 llS
3505 301 3575 358 €76

413 423 764 496 evangelistis
787 422 990 478 dictum
1010 421 1198 487 fuerit,
1221 433 1317 477 eos
1341 421 1433 491 qui
1459 435 1628 492 prope
1643 420 1770 477 Jesu
1796 435 1869 474 es:

2123 419 2162 490 ,ὴ
2192 416 2446 488 γεύεσθαι
2483 416 2736 482 θανάτου,
2773 415 2876 470 ὑπὸ
2902 415 3011 470 τῶν
3030 414 3233 472 λοιπῶν
3250 415 3364 486 ἅμα
3376 417 3579 487 evomit.

415 535 524 574 non
555 527 868 590 gustaturus
897 525 1149 582 mortem,
1175 516 1352 584 quoad
1383 531 1554 585 usque
1589 515 1850 569 vidissent
1887 513 1981 568 Fi-

417 607 548 663 lium
583 607 822 662 hominis
869 606 1178 660 venientem
1217 605 1270 658 in
1319 619 1483 674 regno
1526 619 1643 659 suo.
1693 603 1981 658 Matthaeus

417 700 638 770 quidem
684 699 764 753 sic
811 698 974 752 habet
1005 715 1021 751 :
1055 696 1222 750 Amen
1259 697 1377 750 dico
1400 697 1563 762 vobis,
1605 707 1726 750 sunt
1766 696 1980 766 quidam

416 791 500 843 hic
539 798 762 854 stantes,
787 788 878 858 qui
917 803 1021 841 non
1063 786 1348 852 gustabunt
1377 793 1620 849 mortem,
1655 787 1818 838 donec
1839 782 1983 837 vide-

415 883 520 936 rint
543 879 746 934 Filium
769 881 994 934 hominis
1014 881 1298 934 venientem
1320 880 1378 933 in
1399 895 1554 948 regno
1575 894 1669 932 suo
1689 877 1752 933 ⁸⁸.
1771 877 1982 932 Marcus

414 987 585 1028 vero:
616 973 778 1025 Amen
807 971 923 1024 dico
966 968 1132 1034 vobis,
1174 978 1296 1024 sunt
1343 969 1556 1040 quidam
1589 970 1721 1022 inter
1761 983 1846 1021 eos
1893 965 1982 1036 qui

415 1066 499 1119 hic
521 1074 682 1130 stant,
719 1063 807 1132 qui
846 1079 949 1116 non
993 1061 1276 1130 gustabunt
1305 1073 1547 1123 mortem,
1573 1060 1734 1113 donec
1761 1059 1983 1112 viderint

417 1173 633 1226 regnum
673 1155 766 1209 Dei
803 1157 1000 1208 venisse
1038 1169 1155 1206 cum
1195 1152 1515 1220 potentia".
1539 1152 1609 1206 At
1646 1151 1817 1206 Lucas
1858 1151 1977 1205 sic:

433 1247 558 1302 Vere
576 1256 695 1301 sunt
727 1246 938 1308 quidam
964 1245 1048 1298 hic
1077 1244 1406 1312 stautes,qui
1438 1259 1541 1297 non
1555 1243 1832 1313 gustabunt
1847 1257 1982 1294 mor-

418 1351 542 1402 tem,
571 1339 730 1392 donec
751 1337 959 1391 videant
985 1335 1182 1390 Filium
1212 1335 1438 1390 hominis
1477 1339 1760 1389 venientem
1793 1335 1849 1386 in
1873 1333 1982 1403 glo-

419 1433 500 1484 ria
523 1447 618 1484 sua
638 1430 774 1482 ¹⁶·²¹.
811 1429 880 1485 Ut
901 1427 1044 1484 enim
1073 1425 1127 1480 in
1151 1441 1380 1495 corpore
1402 1425 1600 1482 diversi
1627 1435 1750 1478 sunt
1769 1439 1979 1489 sensus,

420 1531 609 1591 gustus
639 1529 691 1575 et
723 1521 890 1581 visus,
923 1518 1002 1572 sic
1039 1515 1195 1586 juxta
1224 1531 1419 1572 sensus
1441 1517 1531 1585 qui
1562 1531 1594 1570 a
1625 1515 1980 1570 Salomone“

419 1613 586 1667 divini
620 1612 895 1674 dicuntur,
931 1608 1035 1663 alia
1069 1610 1176 1664 erit
1205 1609 1401 1662 animae
1435 1608 1675 1677 potentia
1713 1621 1834 1677 qua:
1870 1607 1978 1660 vim

418 1703 632 1758 videndi
677 1702 838 1758 habet
878 1711 933 1757 et
968 1699 1406 1770 contemplandi;
1444 1699 1549 1756 alia
1580 1714 1700 1769 qua:
1729 1697 1981 1768 gustandi

2087 510 2231 564 στῶν
2276 513 2487 579 εἴρηται
2534 509 2664 581 περὶ
2717 507 2813 562 τοῦ
2858 509 2935 579 μὴ
2962 508 3218 578 γεύεσθαι
3252 507 3460 563 θανάτου
3498 515 3582 578 τοὺς

2085 604 2252 672 ἔγγὺς
2279 603 2372 656 τοῦ
2394 602 2570 675 Ἰησοῦ
2603 603 2863 668 ἑστῶτας,
2897 603 3003 667 ἕως
3041 603 3104 657 ἂν
3129 604 3286 658 ἴδωσι
3304 605 3390 658 τδν
3413 607 3582 664 Tt.th

2085 694 2372 766 ἀνθρώπου
2407 696 2698 768 ἐρχόμενον
2720 697 2779 750 ἐν
2811 699 2876 768 τῇ
2906 696 3148 769 βασιλείᾳ
3183 696 3394 750 ἑαυτοῦ·
3424 698 3498 753 τοῦ
3523 704 3584 773 μὲν

2085 784 2384 839 Ματθαίουο
2421 784 2616 854 Ἀμὴν,
2641 785 2804 855 ἀμὴν
2832 785 2986 857 λέγω
3017 787 3180 857 ὑμῖν,
3215 788 3335 840 εἱσι
3364 805 3496 855 τινες
3511 791 3587 844 τῶν

2085 871 2201 932 ὦδε
2224 875 2515 941 ἑστώτων,
2553 878 2769 943 οἵτινες
2792 879 2863 931 οὐ
2899 877 2984 947 μὴ
3023 879 3353 947 γεύσωνται
3380 880 3587 949 θανάτου,

2085 964 2196 1030 ἕως
2225 963 2301 1018 ἂν
2333 965 2504 1018 ἴδωσι
2543 964 2652 1017 τὸν
2689 964 2824 1018 Υἱὸν
2859 964 2966 1020 τοῦ
2991 965 3310 1035 ἀνθρώπου
3339 967 3589 1037 ἐρχόμεηι·

2085 1056 2156 1110 ἐν
2205 1054 2283 1123 τῇ
2314 1057 2602 1122 βασιλείᾳ
2644 1055 2882 1110 ἑαυτοῦο
2937 1055 3029 1110 τοῦ
3069 1057 3126 1110 δὲ
3173 1056 3419 1128 Μάρκου·
3450 1058 3589 1128 Ἀμὴν,

2087 1147 2249 1216 ἀμὴν
2293 1147 2449 1219 λέγω
2486 1149 2648 1218 ὑμῖν,
2698 1148 2788 1203 ὅτι
2811 1149 2942 1218 ςεὶσι
2983 1166 3142 1217 τινες
3181 1149 3306 1204 τῶν
3326 1150 3593 1217 ἐστηνλςτωτ

2085 1235 2221 1306 ὦδε,
2275 1242 2494 1306 οἵτινες
2537 1242 2610 1294 οὐ
2648 1240 2735 1309 μὴ
2781 1241 3111 1313 γεῷσωνται
3134 1240 3413 1304 θανάτου,
3447 1241 3597 1307 ἓωςᾶν

2090 1331 2257 1385 ἴδωσι
2282 1331 2396 1399 τὴν
2413 1333 2741 1396 βασιλείαν
2770 1331 2878 1385 τοῦ
2903 1331 3049 1386 Θεοῦ
3063 1331 3428 1399 ἐληλυθυῖαν
3453 1333 3510 1385 ἐν
3531 1334 3597 1387 ειμ

2085 1421 2277 1493 νάμει·
2309 1423 2402 1477 τοῦ
2448 1423 2506 1476 δὲ
2535 1425 2736 1476 Λουκᾶο
2779 1423 3039 1490 Ἀληθῶς
3065 1423 3187 1476 εἰσί
3216 1440 3376 1488 τινες
3394 1423 3497 1477 τῶν
3521 1419 3599 1479 ὦδε

2087 1517 2379 1582 ἑστώτων,
2413 1518 2630 1583 οἵτινες
2663 1519 2734 1571 οὐ
2761 1519 3077 1586 γεύσονται
3114 1516 3395 1580 θανάτου,
3438 1519 3528 1585 ἓως
3550 1518 3601 1573 ἂν

2089 1607 2260 1662 ἴδωσι
2299 1607 2406 1661 τὸν
2455 1607 2594 1660 Υἱὸν
2631 1606 2737 1660 τοῦ
2781 1606 3094 1674 ἀνθρώπου
3121 1608 3443 1676 ἐρχόμενον
3472 1608 3527 1659 ἐν
3551 1607 3601 1676 τῇ

2087 1697 2238 1767 δόξῃ
2266 1697 2472 1752 αὑτοῦ.
2506 1697 2716 1767 Ὥσπερ
2743 1694 2851 1767 γὰρ
2882 1696 2974 1748 ἐπὶ
3001 1695 3096 1748 τοῦ
3140 1695 3392 1766 σώματος
3417 1697 3599 1766 διάφοροι

418 1805 475 1850 et
499 1795 823 1863 adipiscendi
849 1795 1162 1862 qualitatem
1187 1807 1374 1847 eorum
1401 1790 1647 1846 ciborum
1677 1789 1770 1860 qui
1801 1807 1866 1844 an

2151 1784 2373 1856 σθήσεις
2419 1785 2543 1849 εἰσὶ,
2590 1785 2777 1852 γεῦσις
2809 1785 2902 1837 καὶ
2939 1785 3144 1856 ὅρασις,
3193 1785 3366 1848 οὕτως
3401 1785 3519 1838 κατὰ
3538 1784 3601 1848 τὰς

414 1887 808 1958 percipiuntur.
839 1886 904 1940 Et
935 1887 1191 1955 quoniam
1228 1892 1495 1954 quatenus
1538 1881 1797 1938 Dominus
1827 1882 1982 1951 panis

421 1986 498 2032 est
530 1979 682 2032 vivus
710 1977 798 2044 qui
824 1990 854 2029 e
878 1976 1018 2030 crnlo
1046 1975 1330 2030 descendit
1350 1973 1422 2037 ⁸³,
1441 1972 1540 2027 sub
1572 1981 1786 2042 gustum
1813 1972 1982 2038 cadit,

417 2070 667 2124 nutriens
685 2068 924 2122 animam
949 2083 962 2132 ;
986 2067 1184 2121 cadens
1209 2066 1374 2121 etiam
1393 2064 1491 2119 sub
1509 2064 1702 2127 visum,
1719 2073 1984 2132 quatenus

419 2159 688 2224 sapientia
720 2167 824 2223 est,
843 2156 995 2225 cujus
1013 2156 1434 2225 pulchritudinis
1465 2164 1763 2209 amatorem
1784 2169 1842 2209 se
1865 2169 1986 2209 esse

419 2251 622 2305 fatetur
655 2251 764 2313 ille,
797 2251 885 2316 qui
923 2249 1058 2303 dicit
1083 2249 1130 2281 ⁸⁵
1159 2265 1173 2302 :
1223 2248 1444 2300 Amator
1489 2247 1660 2316 {actus
1699 2262 1814 2300 sum
1841 2245 1985 2299 illius

417 2339 866 2411 pulchritudinis;
902 2338 1058 2390 nobis
1089 2336 1250 2390 etiam
1297 2336 1423 2389 illud
1453 2335 1772 2403 praecipiens
1801 2351 1815 2385 :
1852 2335 1985 2387 Ama

419 2449 557 2495 eam,
581 2441 629 2486 et
677 2433 899 2485 servabit
948 2433 1093 2497 te";
1127 2431 1264 2485 hanc
1296 2427 1366 2482 ob
1394 2442 1609 2481 causam
1654 2426 1708 2479 in
1756 2424 1985 2480 Psalmis

419 2523 620 2576 dictum
643 2520 816 2575 est":
845 2518 1084 2586 Gustate,
1100 2530 1146 2573 et
1166 2520 1348 2585 videte,
1365 2519 1504 2588 quod
1527 2518 1701 2570 suavis
1717 2525 1792 2570 est
1812 2517 1986 2569 Domi-

419 2627 538 2664 nus.
569 2609 634 2663 Et
661 2621 720 2664 ιιι
746 2608 1005 2664 Dominus
1031 2611 1129 2664 sub
1151 2618 1384 2679 gustum,
1412 2616 1465 2661 et
1492 2607 1590 2660 sub
1609 2606 1782 2661 visum
1819 2607 1982 2672 cadit,

417 2700 497 2755 sic
521 2702 683 2754 etiam
714 2700 1025 2754 adversaria
1071 2698 1188 2768 ejus
1221 2713 1367 2752 mors
1405 2697 1511 2751 sub
1553 2708 1764 2768 gustum
1793 2705 1845 2750 et
1885 2697 1985 2751 sub

415 2792 591 2846 visum
622 2790 783 2846 cadit.
804 2789 1029 2844 Mortem
1061 2789 1162 2843 sub
1179 2797 1393 2860 gustum
1417 2788 1612 2841 cadere
1635 2787 1760 2840 illud
1787 2788 1942 2842 docet
1967 2804 1981 2840 :

419 2883 552 2938 Sunt
575 2883 790 2952 quidam
811 2883 894 2934 hic
915 2889 1133 2946 stantes,
1158 2881 1249 2951 qui
1268 2895 1372 2934 non
1387 2878 1666 2949 gustabunt
1683 2891 1900 2933 mortem
1913 2880 1982 2943 ’⁷,

419 2987 472 3030 et
498 2990 616 3045 qua:
642 2984 974 3043 sequuntur;
1005 2974 1148 3044 quod
1179 2987 1306 3027 vero
1347 2973 1447 3026 sub
1475 2972 1646 3025 visum
1695 2971 1858 3025 etiam
1889 2986 1985 3025 ca-

2089 1878 2384 1948 λεγομὲνας
2412 1877 2516 1930 ὑπὸ
2530 1876 2621 1929 τοῦ
2653 1875 2991 1942 Σολομῶντος
3021 1875 3169 1940 θείας
3196 1876 3482 1949 αἰσθήσεις,
3507 1877 3600 1948 ἄλλη

2095 1973 2192 2042 μέν
2217 1987 2301 2034 τις
2336 1971 2401 2023 ἂν
2428 1970 2510 2041 εἴη
2549 1969 2776 2041 ὀρατικὴ
2802 1965 2902 2038 τῆς
2922 1967 3100 2039 ψυχῆς
3131 1968 3365 2040 δύναμις
3398 1970 3481 2022 καὶ
3508 1969 3603 2023 θεω-

2095 2066 2306 2135 ρητική·
2339 2062 2469 2134 ἄλλη
2510 2061 2566 2114 δὲ
2613 2064 2645 2132 ἡ
2693 2063 2950 2132 γευστικὴ
3001 2063 3094 2114 καὶ
3154 2062 3497 2132 ἀντιληπτικὴ
3533 2063 3602 2132 τῆς

2091 2149 2374 2218 ποιότητος
2407 2149 2514 2202 τῶν
2543 2149 2746 2218 νοητῶν
2783 2149 3016 2219 τροφῶν.
3065 2149 3176 2202 Καὶ
3215 2151 3340 2203 ἐπεὶ
3377 2153 3403 2204 ὁ
3434 2151 3600 2222 Κύριος,

2091 2239 2210 2292 καθ’
2248 2239 2276 2291 ὅ
2304 2239 2402 2308 μὲν
2431 2239 2592 2310 ἄρτος
2633 2239 2748 2291 ἐστὶ
2771 2238 2878 2302 ζῶν
2911 2239 2975 2290 ἐκ
3004 2238 3098 2291 τοῦ
3132 2240 3366 2310 οὐρανοῦ
3398 2242 3600 2308 καταϐὰς,

2091 2329 2316 2398 γευστός
2349 2331 2484 2392 ἐστι,
2517 2328 2777 2400 τρόφιμος
2811 2327 2885 2382 ὢν
2907 2330 2972 2398 τῇ
3000 2328 3166 2400 ψυχῇ,
3202 2330 3327 2384 καθ’
3357 2331 3384 2383 ὃ
3419 2331 3469 2383 δὲ
3490 2335 3604 2400 cogis

2092 2422 2260 2484 ἐστὶν,
2289 2421 2479 2490 ὁρατός
2506 2423 2673 2484 ἐστιν,
2692 2416 2759 2492 ἦς
2777 2420 2870 2474 τοῦ
2899 2421 3127 2485 κάλλους
3155 2421 3393 2494 ἐραστὴς
3411 2423 3602 2493 ὁμολογεί

2091 2507 2230 2566 εἶναι
2283 2514 2310 2565 ὁ
2349 2511 2538 2580 λέγων’
2571 2511 2858 2581 Ἐραστὴς
2909 2513 3202 2584 ἐγενόμην
3246 2513 3356 2567 τοῦ
3399 2513 3604 2578 κάλλους

2090 2602 2298 2671 αὐτῆς·
2333 2604 2426 2656 καὶ
2454 2605 2780 2676 προστάσσει
2825 2608 2958 2676 ἡμῖν
2990 2605 3068 2658 τό·
3112 2603 3419 2674 Ἐράσθητι
3443 2603 3602 2671 αὐτῆς,

2091 2695 2191 2749 καὶ
2228 2695 2476 2763 τηρήσει
2507 2713 2599 2750 σε·
2641 2695 2730 2750 διὰ
2761 2697 2915 2750 τοῦτο
2947 2698 3004 2750 ἐν
3044 2697 3298 2768 Ψαλμοῖς
3334 2697 3521 2768 εἴρηται
3548 2697 3602 2748 τὸ·

2096 2788 2433 2850 Γεύσασθε,
2500 2787 2596 2841 καὶ
2658 2787 2831 2853 ἴδετε,
2888 2789 2977 2842 ὅτι
3031 2789 3305 2858 χρηστὸς
3350 2791 3383 2843 ὁ
3423 2789 3601 2856 Κύριος.

2096 2881 2304 2950 ’Ὠσπερ
2326 2879 2382 2932 δὲ
2406 2881 2433 2932 ὁ
2466 2878 2670 2951 Κύριος
2703 2881 2926 2948 γευστὸς
2960 2881 3055 2935 καὶ
3074 2880 3291 2952 ὁρατὸς,
3327 2880 3483 2942 οὕτως
3500 2880 3604 2931 καὶὸ

2093 2971 2282 3041 ἐχθρὸς
2322 2969 2485 3023 αὐτοῦ
2517 2969 2742 3032 θάνατος
2769 2971 2994 3038 γευστός
3021 2972 3134 3023 ἐστι
3169 2972 3267 3023 καὶ
3293 2970 3492 3042 ὁρατός.
3527 2967 3603 3022 Καὶ

417 3071 533 3131 dat,
557 3067 682 3120 illud
707 3085 720 3119 :
745 3065 805 3120 Si
827 3066 945 3136 quis
959 3081 1245 3118 sermonem
1268 3079 1438 3117 meum
1460 3063 1873 3126 servaverit,mor

2147 3087 2151 3112 ›
2181 3064 2275 3133 μὲν
2307 3062 2532 3129 γευστὸν
2557 3062 2719 3116 αὐτοῦ
2767 3063 3059 3133 παρίστησι
3087 3063 3166 3115 τόν
3195 3063 3335 3116 Εισί
3364 3078 3503 3126 τινες
3523 3058 3603 3112 τῶν

416 3175 522 3213 non
546 3158 738 3212 videbit
766 3158 822 3210 in
871 3156 1229 3212 internum”:
1261 3155 1486 3225 proinde
1529 3163 1710 3224 gustat
1735 3163 1872 3207 mort

2143 3154 2201 3207 δε
2233 3154 2522 3217 ἑστώτων,
2556 3154 2771 3219 οἵτινες
2807 3155 2878 3207 οὐ
2900 3152 2985 3222 μὴ
3012 3154 3344 3222 γεύσωνται
3379 3151 3599 3212 θανάτο,

417 3265 518 3304 nec
549 3249 722 3303 solum
753 3258 954 3319 gustat,
989 3262 1179 3300 verum
1215 3247 1380 3299 etiam
1415 3255 1610 3310 morte,
1646 3245 1807 3300 veluti
1839 3245 1982 3309 cibo,

417 3339 665 3408 expletur
706 3339 796 3408 qui
839 3338 1111 3392 contraria
1154 3337 1335 3391 verbis
1363 3337 1488 3389 vita:
1512 3347 1728 3390 interna:
1758 3336 1986 3404 profert.

415 3427 713 3484 Promissio
736 3430 898 3483 etiam
950 3439 1035 3483 est
1067 3426 1338 3482 neminem
1385 3434 1616 3480 stantem
1652 3424 1706 3478 in
1745 3426 1860 3481 loco
1894 3426 1986 3495 qui

414 3531 598 3578 mente
643 3523 907 3584 cernitur,
941 3534 1098 3588 quem
1148 3519 1486 3574 demonstrat
1524 3517 1711 3584 .iesus,
1739 3529 1987 3587 gustatu-

417 3628 539 3668 rum
590 3622 840 3668 mortem.
876 3611 1114 3667 Observa
1167 3613 1312 3666 enim
1359 3621 1468 3665 tres
1506 3611 1873 3678 evangelistas
1903 3611 1987 3664 di-

416 3707 564 3760 xisse
611 3703 816 3773 pariter
849 3723 860 3757 :
890 3702 1024 3756 Sunt
1071 3699 1287 3771 quidam
1315 3699 1399 3752 hic
1438 3697 1748 3765 stantes,vel
1784 3713 1799 3750 :
1849 3696 1984 3752 Sunt

414 3799 630 3869 quidam
652 3795 743 3866 qui
769 3795 852 3848 hic
879 3802 1134 3848 steterunt
1165 3805 1184 3844 :
1220 3791 1286 3846 de
1327 3791 1522 3860 quibus
1555 3792 1720 3844 etiam
1749 3791 1984 3858 scripse-

418 3897 542 3943 runt
568 3886 711 3956 quod
738 3883 1004 3956 gustaturi
1041 3898 1144 3938 non
1173 3892 1359 3937 essent
1387 3892 1639 3947 mortem,
1683 3882 1855 3936 donec
1899 3882 1983 3934 vi-

419 3981 626 4035 dissent
655 3979 848 4033 Filium
884 3977 1121 4031 hominis
1153 3976 1459 4030 venientem
1481 3975 1535 4028 in
1564 3989 1730 4043 regno
1756 3990 1873 4038 suo,
1899 3973 1980 4028 vel

419 4072 476 4126 in
512 4071 684 4140 gloria
710 4085 828 4132 sua,
853 4068 934 4122 vel
960 4069 1131 4123 donec
1158 4067 1422 4122 vidissent
1455 4081 1677 4135 regnum
1703 4066 1793 4121 Dei
1823 4070 1984 4122 adve-

419 4164 567 4217 nisse
607 4176 728 4215 cum
762 4159 1022 4229 potentia.
1052 4157 1120 4211 Et
1150 4158 1405 4227 quoniam
1449 4157 1604 4226 quasi
1643 4157 1760 4211 ﬁeri
1794 4157 1980 4225 possit,

417 4260 478 4307 ut
502 4251 594 4323 qui
641 4259 748 4305 stat
785 4250 964 4314 cadat,
993 4249 1194 4302 dictum
1227 4257 1312 4304 est
1343 4266 1358 4304 :
1389 4248 1493 4312 Qui
1521 4258 1664 4304 stare
1700 4265 1756 4302 se
1797 4249 1982 4306 existi-

414 4353 548 4404 mat,
571 4343 739 4395 videat
766 4355 828 4394 ne
855 4341 1011 4393 cadat
1027 4341 1094 4394 ".
1115 4337 1266 4395 Hanc
1287 4339 1357 4394 ob
1379 4355 1600 4395 causam
1625 4341 1853 4394 observa
1876 4354 1981 4394 non

414 4430 487 4487 de
509 4430 758 4487 omnibus
805 4431 1093 4497 stantibus,
1128 4429 1222 4484 sed
1267 4430 1334 4485 de
1363 4430 1688 4500 quibusdam
1717 4431 1977 4500 scriptum

415 4521 626 4580 fuisse:
655 4523 821 4577 Amen
852 4523 967 4576 dico
1014 4521 1194 4577 vobis:
1225 4520 1358 4576 Sunt
1387 4523 1602 4591 quidam
1635 4521 1721 4576 hic
1759 4533 1977 4576 stantes.

413 4618 593 4687 Atque
619 4625 773 4674 stans
801 4616 1020 4686 quidem
1052 4615 1251 4684 aliquis
1279 4629 1384 4668 non
1413 4623 1596 4683 gustat
1620 4624 1872 4680 mortem,
1903 4616 1987 4670 ni-

413 4710 612 4765 mirum
640 4724 865 4765 servans
896 4708 1025 4764 illud
1058 4718 1236 4774 stare;
1288 4707 1449 4778 367
1483 4706 1576 4776 qui
1613 4720 1742 4760 vero
1773 4719 1982 4761 sermo-

415 4817 538 4858 nem
556 4802 936 4872 perceperit,et
957 4810 1400 4864 servat,mortem
1424 4814 1527 4854 non
1550 4797 1988 4864 videbit.Quam-

414 4895 604 4949 obrem
644 4895 690 4948 si
732 4892 1036 4949 diﬂerentia
1074 4893 1320 4961 quaedam
1360 4900 1444 4945 est
1471 4890 1727 4960 gustandi
1752 4897 1980 4943 mortem

413 4995 468 5041 et
503 4985 716 5040 videndi
759 4993 1009 5051 mortem,
1059 4983 1228 5040 Judaei
1264 4984 1432 5039 veluti
1480 4984 1756 5038 auditores
1785 4998 1978 5052 parum

417 5074 801 5144 intelligenles,
835 5073 1330 5143 conlundcntesque
1377 5073 1589 5129 Domini
1643 5089 1978 5137 sermonem,

414 5187 514 5244 pro
533 5185 599 5226 eo
630 5168 773 5239 quod
795 5175 877 5223 est
903 5167 1057 5226 :Non
1075 5168 1260 5221 videbit
1281 5177 1516 5234 mortem,
1549 5166 1798 5221 dixerunt
1821 5184 1838 5225 :
1857 5165 1981 5220 Non

417 5263 649 5334 gustabit
682 5270 925 5323 mortem,
953 5259 1119 5314 verbo
1145 5259 1346 5328 delapsi
1385 5258 1438 5312 in
1475 5273 1696 5312 sensum
1743 5259 1984 5313 deterio-

417 5368 554 5409 rem.
586 5351 806 5419 Quaeres
827 5349 990 5405 etiam
1017 5349 1257 5418 nunquid
1279 5349 1732 5418 quemadmodum
1749 5349 1982 5426 dicimus

414 5446 600 5500 videre
631 5452 881 5507 mortem,
902 5449 957 5498 et
982 5449 1202 5513 gustare
1232 5451 1483 5505 mortem,
1518 5443 1591 5496 ita
1620 5441 1788 5496 etiam
1821 5443 1893 5498 sit
1924 5442 1976 5496 in

414 5536 627 5589 caeteris
671 5533 940 5602 sensibus,
972 5531 1056 5587 vei
1107 5532 1296 5586 audire
1343 5541 1592 5600 mortem,
1640 5531 1724 5584 vel
1749 5531 1978 5586 odorare

522 5661 565 5692 "
591 5659 784 5716 Matth.
813 5677 924 5724 xvr.
952 5661 1041 5717 ‘28.
1123 5661 1168 5693 ¹⁹
1193 5661 1360 5718 Marc.
1387 5679 1464 5726 ιχ,
1511 5665 1528 5717 l
1558 5680 1572 5729 ;

1630 5664 1701 5718 al.
1727 5680 1845 5729 vm,
1877 5666 1966 5722 '59.

418 5729 464 5760 ³⁸
485 5729 612 5797 Sap.
644 5745 763 5797 vm,
793 5731 847 5786 ‘2.
921 5734 962 5765 ³³
992 5732 1152 5790 Prov.
1182 5748 1256 5802 tv,
1309 5735 1362 5788 6.

2086 3246 2180 3300 καὶ
2212 3245 2279 3298 τὰ
2304 3245 2448 3315 ἑξῆς·
2483 3245 2543 3298 τὸ
2567 3245 2623 3298 δὲ
2649 3244 2860 3316 ὁρατὸν,
2881 3245 2959 3297 τόο
2978 3245 3114 3298 Ἐάν
3135 3262 3226 3312 τις
3259 3244 3366 3299 τὸν
3389 3243 3512 3312 ἐμὸν
3527 3243 3602 3295 λό-

2086 3357 2195 3410 γον
2236 3339 2494 3406 τηρήσῃ,
2553 3336 2810 3392 θάνατον
2868 3339 2939 3390 οὺ
2989 3338 3074 3406 μὴ
3118 3337 3391 3405 θεωρήσῃ
3426 3339 3500 3400 εἰς
3530 3332 3605 3386 τὸν

2085 3433 2288 3487 αἰῶνα.
2331 3431 2552 3485 Γεύεται
2584 3432 2640 3485 δὲ
2692 3431 2920 3486 θανάτου
2940 3470 2954 3493 ,
2987 3433 3080 3484 καὶ
3116 3432 3176 3485 οὐ
3208 3431 3426 3498 γεύεται
3469 3428 3602 3498 μόνον.

2085 3522 2222 3576 ἀλλὰ
2269 3523 2363 3576 καὶ
2404 3523 2724 3594 ἐμφορεῖται
2757 3521 2832 3585 ὡς
2862 3523 3065 3593 τροφῆς
3096 3521 3189 3574 τοῦ
3218 3521 3443 3575 Θανάτου
3467 3521 3602 3588 ὁπρο-

2086 3615 2380 3686 φερόμενος
2399 3615 2464 3668 τὰ
2490 3615 2706 3668 ἐναντία
2735 3617 2847 3677 τοῖς
2881 3615 3084 3685 ῥήμασι
3117 3614 3216 3682 τῆς
3242 3615 3455 3668 αἰωνίου
3478 3610 3600 3677 ζωῆς.

2085 3708 2193 3761 Καὶ
2218 3706 2515 3775 ἐπαγγελία
2539 3707 2655 3758 ἐστὶ
2683 3705 2757 3775 μὴ
2792 3705 3086 3774 γεύσασθαι
3117 3705 3346 3759 θανάτου
3392 3703 3497 3758 τινὰ
3527 3701 3600 3753 τῶν

2085 3797 2332 3852 ἑστώτων
2362 3798 2418 3850 ὲν
2440 3795 2518 3866 τῷ
2539 3795 2875 3866 δεικνυμένῳ
2914 3794 3018 3848 ὑπὸ
3049 3795 3141 3848 τοῦ
3171 3793 3349 3866 Ἰησοῦ
3376 3791 3525 3863 νοητῷ
3541 3789 3600 3841 τό-

2084 3906 2191 3962 πῳο
2228 3891 2530 3961 παρατήρει
2556 3889 2683 3960 γὰρ,
2705 3889 2785 3940 ὅτι
2822 3889 2870 3941 οἱ
2899 3889 3047 3958 τρεῖς
3075 3887 3154 3940 τό·
3185 3888 3325 3941 Εισι
3356 3902 3497 3950 τινες
3519 3879 3602 3936 τῶν

2083 3979 2199 4036 ὧδε
2243 3982 2533 4047 ἑστώτων,
2559 3981 2616 4052 ἢ,
2647 3980 2786 4034 Εἰσί
2807 3997 2966 4045 τινες
2993 3978 3108 4032 τῶν
3135 3979 3466 4046 ἑστηκότων
3500 3969 3598 4035 ὦδε,

2085 4075 2200 4147 ἅμα
2228 4076 2498 4146 εἰρήκασι·
2548 4073 2676 4146 περὶ
2713 4065 2787 4125 ὧν
2819 4073 2910 4125 καὶ
2941 4071 3270 4142 ἀνέγραψαν,
3310 4073 3389 4124 ὅτι
3433 4068 3484 4121 οὐ
3510 4063 3600 4133 γεύ-

2087 4183 2266 4221 σονται
2291 4166 2540 4231 θανάτου,
2574 4165 2679 4227 ἕως
2699 4163 2765 4218 ἂν
2801 4164 2948 4217 ἴδωσι
2977 4162 3065 4216 τὸν
3098 4163 3224 4215 Υίὸν
3247 4162 3343 4216 τοῦ
3369 4157 3596 4230 ἀνθρώπω

2083 4259 2371 4329 ἐρχόμενον
2413 4259 2472 4309 ὲν
2500 4258 2566 4327 τῇ
2615 4254 2859 4326 βασιλείᾳ
2883 4252 3068 4317 αὑτοῦ,
3105 4253 3160 4324 ἢ,
3195 4254 3253 4306 ὲν
3299 4257 3363 4325 τῇ
3395 4249 3501 4323 δόξῃ
3529 4247 3597 4299 αὖ·

2083 4348 2198 4414 τοῦ,
2243 4349 2299 4420 ἢ,
2335 4348 2438 4412 ἕως
2483 4346 2548 4400 ἂν
2591 4347 2737 4400 ίδωσι
2764 4345 2862 4417 τὴν
2886 4345 3161 4416 βασιλείαν
3192 4344 3285 4397 τοῦ
3306 4342 3432 4396 Θεοῦ
3456 4337 3597 4410 ἐληλυ-

2085 4441 2238 4494 Θυῖαν
2267 4443 2322 4493 ὲν
2349 4440 2591 4511 δυνάμει.
2625 4440 2736 4493 Καὶ
2765 4439 2905 4504 ἐπεὶ,
2939 4438 3012 4500 ὡς
3027 4436 3250 4491 δυνατοῦ
3270 4437 3414 4499 ὖντος
3438 4432 3514 4486 τοῦ
3535 4431 3596 4482 τὸν

2081 4533 2348 4604 ἑστηκότα
2392 4534 2596 4595 πεσεῖν,
2633 4531 2863 4602 εἴρηται·
2907 4530 2960 4582 Ὁ
2989 4527 3184 4583 δοκῶν
3207 4528 3460 4590 ἑστάναι,
3485 4527 3595 4589 ,Βλε-

2082 4625 2237 4678 πέτω
2257 4623 2342 4692 μὴ
2374 4624 2554 4691 πέσῃο
2587 4621 2676 4675 διὰ
2703 4621 2856 4675 τοῦτο
2883 4622 2942 4674 οὐ
2967 4620 3094 4693 περὶ
3122 4621 3338 4675 πάντων
3362 4621 3458 4673 τῶν
3479 4620 3594 4683 ἐστη-

2082 4717 2274 4778 κότων,
2305 4714 2439 4768 ἀλλὰ
2467 4713 2592 4785 περί
2610 4731 2769 4766 τινων
2795 4713 3204 4783 ἀναγέγραπται
3237 4713 3317 4766 τό·
3349 4710 3504 4781 Ἀμὴν
3523 4706 3594 4760 λέκ-

2084 4827 2164 4878 γω
2189 4806 2350 4876 ὑμῖν,
2381 4806 2500 4859 εἰσί
2525 4821 2683 4870 τινες
2710 4802 2827 4857 τῶν
2839 4798 2954 4856 ὦδε
2992 4803 3288 4858 ἑστώτων.
3323 4800 3502 4865 Ἑστὼς
3524 4797 3593 4868 μὲν

2085 4895 2176 4952 οὖν
2201 4915 2282 4961 τις
2301 4899 2362 4950 οὺ
2387 4896 2606 4966 γεύεται
2627 4895 2878 4960 θανάτου,
2910 4895 3089 4966 τηρῶν
3129 4896 3188 4949 τὸ
3227 4896 3505 4966 ἐστηκένιιιο
3530 4889 3591 4940 τὸν

2085 4989 2142 5042 δὲ
2163 4990 2316 5058 λόγον
2339 4986 2684 5059 παραλαϐὼν,
2701 4989 2794 5041 καὶ
2811 5005 2876 5058 τη
2885 4987 3010 5058 ρῶν,
3035 4987 3261 5040 θάνατον
3280 4989 3338 5041 οὐ
3363 4985 3589 5056 Θεωρήσει.

2086 5081 2258 5152 Εἴπερ
2303 5076 2396 5134 οὖν
2437 5079 2670 5150 διαφορά
2699 5085 2778 5143 τίς
2809 5081 2925 5132 ἐστι
2955 5078 3047 5132 τοῦ
3079 5079 3372 5146 γεύσασθαι
3395 5075 3589 5134 θανάτου,

2085 5173 2288 5227 καὶτοῦ
2308 5171 2528 5244 θεωρεῖν
2559 5171 2650 5224 τὸν
2676 5169 2922 5233 Θάνατον,
2948 5169 3023 5233 ὡς
3059 5171 3118 5223 οὐ
3147 5173 3358 5225 συνετοὶ
3385 5163 3590 5238 ἀκροαταὶ

2085 5266 2132 5316 οἱ
2160 5263 2403 5316 Ἰουδαῖοι
2450 5260 2764 5331 συγχέοντες
2803 5259 2897 5312 τὸν
2937 5259 3029 5312 τοῦ
3063 5260 3269 5332 Κυρίου
3317 5259 3472 5327 λόγον,
3503 5248 3588 5306 ἀντὶ

2079 5353 2193 5405 τοῦ·
2225 5350 2492 5405 Θάνατον
2518 5353 2590 5404 οὐ
2615 5349 2918 5418 θεωρήσει,
2953 5351 3254 5421 εἰρήκασιν·
3293 5351 3372 5402 Οὐ
3394 5345 3467 5415 μὴ
3495 5339 3582 5411 γεύ-

2080 5460 2259 5512 σηται
2291 5440 2567 5507 θανάτου,
2615 5443 2708 5494 ἐπὶ
2736 5441 2834 5514 τὴν
2864 5441 3252 5512 ὑποδεεστέραν
3285 5440 3502 5508 αἴσθησιν
3521 5447 3586 5486 u-

2081 5534 2408 5598 ταπεσόντες
2433 5532 2511 5604 τῷ
2536 5532 2696 5604 λόγῳ.
2724 5533 2983 5606 Ζητήσεις
2999 5533 3055 5586 δὲ
3087 5533 3156 5600 εί,
3179 5532 3473 5605 ὥσπερὲστι
3490 5526 3584 5579 θεω-

2114 5669 2230 5701 ¹⁰·¹¹
2260 5667 2392 5722 Luc.
2421 5683 2497 5730 Ix,
2550 5666 2643 5722 27.
2717 5669 2764 5699 “
2793 5667 2919 5736 Sap.
2953 5683 3050 5730 vn,
3078 5667 3129 5724 7.
3205 5667 3249 5698 ”
3277 5665 3420 5720 1030-
3442 5678 3499 5725 νιν

1437 5733 1484 5766 ²⁶
1505 5734 1646 5808 l’sal,
1673 5751 1861 5801 xxxnt,
1889 5738 1942 5794 9.
2020 5738 2063 5770 ²⁷
2087 5738 2278 5794 Matth.
2308 5752 2416 5807 xVI,
2443 5729 2532 5795 28.
2604 5737 2651 5770 "
2676 5737 2832 5795 Joan.
2867 5729 2982 5803 vni,
3035 5737 3124 5793 52.
3197 5737 3282 5791 "l
3310 5738 3425 5793 COr.
3454 5749 3499 5798 ι,
3524 5729 3581 5783 12-
