3688 6146
110 294 205 348 677

1145 292 1500 350 COMMENT.
1543 291 1609 346 IN
1641 289 1664 344 J

1871 291 2108 350 TOMUS
2145 294 2263 350 ΧΧ.
3231 302 3336 358 678

112 411 216 482 ρετν
244 406 486 471 θάνατον,
523 409 618 463 καὶ
644 408 896 479 γεύεσθαι
927 407 1177 474 Θανάτου,
1201 410 1374 473 οὕτως
1410 411 1502 462 καὶ
1533 411 1664 463 κατὰ

1846 419 2026 475 mem,
2061 409 2144 464 vel
2173 418 2395 480 tangere
2433 419 2660 466 mortem
2693 433 2704 466 :
2736 421 2791 466 et
2824 410 2870 465 si
2900 427 3090 466 manus
3115 423 3334 481 aposto-

107 503 172 556 τὰ
217 499 374 553 λοιπά
411 500 760 572 αἰσθητήρια,
810 501 926 570 ῆτοι
977 501 1192 554 ἀκούειν
1222 501 1473 566 Θανάτου,
1516 501 1669 571 ἢόσ-

111 590 416 662 φραίνεσΘαι
450 589 703 654 Θανάτου,
737 591 769 662 ἦ
801 591 1063 646 ἇπτεσΘαι
1095 591 1345 646 Θανάτου·
1394 594 1442 645 εἰ
1475 593 1583 664 γὰρ
1613 594 1669 645 αἱ

110 686 279 754 χεῖρες
322 681 428 736 τῶν
463 682 774 736 ἀποστόλων
803 682 1154 754 ἐψηλάφησαν
1204 685 1332 755 περὶ
1372 682 1465 736 τοῦ
1512 683 1668 752 λόγου

109 775 205 842 τῆς
229 774 390 844 ζωῆς,
443 775 573 844 μήτι
605 774 661 826 αἱ
691 777 875 845 χεῖρες
922 777 1028 829 τῶν
1073 775 1520 846 ψευδαποστόλων
1577 776 1670 829 καὶ

112 864 341 935 ἐργατῶν
370 864 577 929 δολίων,
611 866 1231 937 μετασχηματιζομένων
1279 869 1358 930 εἰς
1407 866 1670 934 ἀγγέλους

111 954 456 1026 δικαιοσύνης,
498 955 787 1026 ψηλαφῶσι
830 960 955 1030 περὶ
982 958 1074 1012 τοῦ
1104 959 1261 1026 λόγου
1291 957 1383 1011 τοῦ
1417 958 1664 1011 Θανάτου·

111 1048 196 1100 καὶ
219 1047 352 1100 είτά
377 1047 622 1118 πρόϐατα
654 1050 888 1118 Χριστοῦ
918 1049 1105 1102 ἀκούει
1135 1050 1236 1120 τῆς
1263 1050 1447 1119 φωνῆς
1481 1050 1666 1117 αὐτοῦ,

113 1141 306 1211 μήποτε
356 1139 427 1193 τὰ
461 1139 536 1212 μὴ
583 1140 746 1194 αὐτοῦ
781 1140 1027 1211 πρόϐατα
1081 1141 1215 1212 πρὸς
1263 1139 1356 1203 οὒς
1401 1139 1546 1208 λέγοι
1579 1141 1664 1193 ἄν·

121 1229 290 1298 Ὑμεῖς
311 1226 420 1283 οὔκ
436 1230 578 1284 ἐστε
595 1231 665 1284 ἐκ
686 1232 804 1285 τῶν
821 1232 1128 1301 προϐάτων
1145 1231 1262 1286 τῶν
1285 1232 1460 1301 ἐμῶν,
1480 1231 1666 1285 ἀκούει

110 1320 200 1389 τῆς
242 1321 419 1390 φωνῆς
460 1319 553 1373 τοῦ
599 1319 849 1375 Θανάτου.
888 1323 1028 1392 Ὅρα
1065 1323 1112 1374 εἰ
1146 1323 1219 1393 μὴ
1260 1321 1404 1392 ὀσμὴ
1436 1321 1666 1376 θανάτου

109 1414 244 1466 ἐστὶν
291 1413 346 1465 ὲν
379 1414 490 1476 τοῖς
538 1412 647 1466 ἀπὸ
691 1413 788 1484 τῆς
823 1413 1096 1484 ἁμαρτίας
1143 1413 1387 1485 μώλωψι,
1435 1416 1564 1488 περ).
1591 1407 1666 1468 ὧν

108 1501 326 1572 εἴρηται⁸
375 1499 788 1568 Προσώζεσαν,
811 1501 908 1554 καὶ
943 1500 1266 1569 ἐσάπησαν
1295 1505 1348 1556 οἱ
1379 1501 1666 1571 μώλωπές

104 1609 228 1660 μου·
259 1591 349 1645 καὶ¹
377 1593 522 1663 ὀσμὴ
552 1591 782 1646 Θανάτου
803 1594 860 1645 ὲν
891 1592 968 1662 τῷ
995 1592 1247 1666 Λαζάρῳ,
1275 1595 1403 1666 πρὶν
1424 1593 1662 1664 ἀναστῆ-

108 1704 186 1739 ναι
218 1687 279 1739 ὲκ
315 1685 545 1757 νεκρῶν·
589 1682 658 1758 ἧς
711 1684 786 1756 μὴ
833 1685 1140 1755 βουλόμενοι
1184 1684 1573 1756 ὀσφραίνεσθαι
1613 1686 1662 1737 οἱ

1779 500 1950 554 lorum
2002 509 2477 555 contrectaverunt
2526 501 2594 556 de
2643 501 2810 556 verbo
2855 502 3061 566 vitae“,
3091 505 3334 573 nunquid

1773 607 1965 646 manus
2005 593 2582 662 pseudoapostolorum
2629 601 2684 648 et
2715 595 3086 661 operariorum
3119 596 3334 653 doloso-

1773 696 1912 747 rum,
1936 682 2025 750 qui
2056 682 2509 752 transtigurantur
2533 683 2586 736 in
2614 683 2835 752 angelus
2859 684 3087 751 justitize
3108 686 3176 750 “,
3209 701 3335 741 con-

1773 772 2129 824 trectaverint
2159 771 2226 824 de
2256 771 2423 824 verbo
2445 771 2635 826 mortis
2662 789 2674 824 :
2703 780 2756 826 et
2784 773 2828 826 si
2859 789 2986 828 oves
3005 775 3207 830 Christi
3237 792 3334 829 au-

1770 859 1923 914 diunt
1955 875 2140 914 vocem
2187 860 2302 928 ejus
2329 861 2396 926 ³³,
2425 862 2666 931 nunquid
2712 864 2876 916 etiam
2913 879 3034 933 quae
3071 882 3178 921 non
3210 876 3335 922 sunt

1768 950 1886 1018 ejus
1907 965 2057 1015 oves,
2092 950 2158 1004 ad
2187 965 2326 1019 quos
2355 951 2557 1006 dicitur
2583 969 2596 1005 :
2637 949 2737 1006 Vos
2767 968 2874 1006 non
2898 957 3020 1008 estis
3061 972 3125 1009 ea:
3153 959 3334 1012 ovibus

1769 1041 1896 1094 meis
1917 1042 1983 1103 ³³,
2005 1042 2229 1095 audiant
2248 1058 2434 1097 vocem
2461 1043 2671 1097 mortis.
2695 1042 2928 1099 Proinde
2951 1046 3071 1100 vide
3097 1063 3163 1102 ne
3190 1046 3333 1103 forte

1765 1133 1929 1187 etiam
1945 1135 2016 1186 sit
2035 1135 2169 1188 odor
2186 1135 2375 1189 mortis
2399 1136 2450 1188 in
2476 1135 2560 1190 his
2586 1136 2999 1206 vibicibus,qu;e
3022 1154 3088 1192 ex
3113 1151 3336 1208 peccato

1766 1226 2108 1292 proveniunt,
2135 1226 2200 1279 de
2219 1227 2414 1294 quibus
2438 1227 2645 1282 dictum
2673 1237 2756 1283 est
2787 1243 2800 1280 :
2835 1227 3126 1283 Fetueruut
3148 1241 3196 1284 et
3219 1247 3335 1286 cor-

1766 1325 1932 1382 rupla'
1957 1327 2075 1368 sunt
2105 1317 2291 1370 vibices
2316 1333 2442 1370 mea:
2463 1317 2509 1349 ³⁸
2533 1334 2550 1384 ;
2577 1327 2630 1373 et
2652 1320 2787 1375 odor
2811 1323 2999 1374 mortis
3022 1321 3074 1375 in
3100 1321 3332 1382 Lazaro.

1765 1414 2056 1475 antequam
2116 1422 2148 1461 a
2203 1409 2430 1472 mortuis
2479 1421 2822 1479 resurgeret;
2879 1426 3037 1480 quem
3091 1413 3334 1468 nolentes

1765 1496 1998 1550 odorare
2024 1498 2254 1565 apostoli
2290 1497 2546 1554 dicebant
2579 1497 2856 1556 Servatori
2887 1519 2901 1556 :
2942 1501 3190 1568 Domine,
3215 1503 3333 1572 jam

1763 1585 1911 1655 fetet;
1928 1589 2314 1656 quatriduum“
2339 1591 2477 1644 enim
2500 1601 2575 1646 est
2599 1593 2662 1646 ³⁵.
2680 1593 2750 1647 At
2777 1610 2907 1650 vero
2925 1595 3069 1664 quod
3095 1596 3160 1650 ad
3183 1612 3333 1653 mor-

1765 1678 1832 1732 tis
1859 1679 2076 1733 odorem
2119 1680 2332 1745 attinet,
2365 1681 2458 1750 qui
2499 1692 2682 1738 mente
2723 1685 2986 1750 cernitur,
3022 1694 3081 1740 et
3106 1685 3174 1740 ad
3203 1687 3336 1742 odo-

106 1775 372 1829 ἀπόστολοι
409 1775 594 1842 ἔλεγον
643 1774 755 1846 (52)
800 1773 878 1844 τῷ
926 1774 1138 1846 Σωτῆρι
1180 1774 1262 1827 τό·
1309 1776 1505 1843 Κύριε,
1547 1773 1662 1842 ἤδη

1846 1783 1882 1821 ιι
1907 1767 2047 1833 vitae,
2063 1769 2417 1838 apostolicum
2445 1771 2573 1825 illud
2595 1772 2944 1829 observemus
2964 1790 3187 1831 necesse
3202 1786 3286 1832 est
3312 1794 3329 1832 :

111 1864 231 1925 ὄζει·
273 1865 616 1934 τεταρταῖος
663 1863 774 1933 γάρ
825 1863 1013 1917 ἐστιν.
1063 1865 1157 1927 Εἰς
1196 1865 1253 1918 δὲ
1295 1865 1354 1917 τὸ
1406 1865 1533 1936 περὶ
1571 1865 1668 1935 τῆς

105 1957 287 2027 νοητῆς
332 1958 511 2029 ὀσμῆς
555 1957 806 2023 Θανάτου,
841 1959 874 2031 ἢ
921 1958 1094 2028 ὀσμῆς
1141 1955 1287 2026 ζωῆς
1333 1960 1668 2028 παρατηρεῖν

107 2049 274 2119 δεήσει
305 2047 363 2101 τὺ
383 2049 742 2102 ἀποστολικδν
775 2049 947 2114 οὕτως
987 2049 1128 2119 ἕχον·
1165 2047 1424 2116 Χριστοῦ
1451 2048 1669 2102 εὐωδία

104 2138 277 2206 ἐσμὲν
299 2137 376 2203 τῷ
407 2136 530 2204 Θεῷ
563 2139 633 2192 ἐν
651 2139 830 2193 παντὶ
848 2142 1025 2206 τόπῳ,
1065 2139 1135 2192 ἐν
1150 2138 1272 2204 τοῖς
1287 2136 1664 2206 σωζομένοις,

106 2231 193 2284 καὶ
213 2230 279 2284 ἐν
303 2231 426 2298 τοῖς
440 2230 905 2301 ἀπολλυμένοις,
922 2227 1012 2298 οἷς
1020 2231 1136 2300 μὲν
1149 2231 1307 2299 ὀσμὴ
1325 2231 1393 2284 ἐκ
1406 2229 1665 2284 θανάτου

104 2322 182 2386 εἰς
201 2321 468 2388 θάνατον,
500 2317 590 2388 οἷς
617 2321 686 2375 δὲ
711 2321 868 2392 ὀσμὴ
893 2323 961 2375 ἐκ
987 2321 1135 2389 ζωῆς
1163 2324 1251 2388 εὶς
1278 2321 1447 2386 ζωήν·
1469 2321 1667 2375 εὐωδία

109 2411 196 2482 μὲν
211 2410 314 2482 γὰρ
350 2410 588 2482 Χριστοῦ
615 2413 740 2475 εἰσι,
773 2411 866 2464 καὶ
894 2410 1142 2480 οὐδαμῶς
1167 2410 1415 2475 δυσωδία,
1452 2412 1508 2464 ὲν
1535 2428 1668 2464 παν-

103 2502 152 2554 τὶ
175 2501 318 2573 τόπῳ
344 2503 392 2555 οἱ
423 2503 484 2554 ὲν
513 2501 731 2575 Χριστῷ
762 2502 1054 2572 ἄνθρωποι.
1099 2501 1234 2554 Ἀλλ’
1267 2502 1388 2554 ἐπεὶ
1418 2501 1607 2572 ὥσπερ
1629 2505 1662 2573 ἡ

107 2594 376 2665 σωματικὴ
418 2593 618 2646 εὐωδία
653 2591 774 2646 τινὰ
818 2591 926 2645 τῶν
955 2590 1106 2657 ζώων
1139 2591 1354 2660 λέγεται
1400 2592 1663 2663 ἀναιρεῖν,

107 2682 265 2747 οὕτως
291 2685 378 2738 διὰ
411 2685 513 2757 τὴν
548 2683 950 2756 προγενομένην
998 2683 1197 2737 κακίαν
1230 2684 1326 2738 καὶ
1355 2685 1387 2753 ἠ
1424 2683 1664 2755 Χριστοῦ

107 2776 287 2829 εὐωδία
330 2775 539 2844 γένοιτο
585 2773 650 2827 ἄν
679 2791 788 2826 τισι
819 2776 931 2836 τοῖς
967 2772 1031 2824 ὲκ
1058 2772 1286 2826 Θανάτου
1325 2775 1403 2836 είς
1438 2771 1664 2827 θάνατον

108 2866 288 2930 αὐτῶν,
314 2868 425 2928 τοῖς
460 2865 518 2918 δὲ
547 2864 612 2918 ὲκ
643 2862 786 2934 ζωῆς
801 2863 1080 2918 ἀποϐαίνει
1106 2865 1185 2926 εἰς
1213 2849 1358 2935 ζωήν
1375 2862 1506 2934 (53).
1524 2863 1667 2916 Ταῦ⁴

110 2974 169 3010 τα
195 2959 566 3028 παρακείμενα
609 2959 738 3029 ἡμῖν
781 2956 957 3020 ἔδοξεν
991 2951 1130 3008 εἶναι
1177 2957 1242 3025 τῇ
1295 2953 1536 3019 ἐξετάσει
1568 2953 1662 3008 τοῦ

109 3045 342 3112 γεύεσθαι
383 3045 640 3110 Θανάτου,
689 3046 783 3099 καὶ
825 3044 919 3098 τοῦ
954 3045 1199 3115 Θεωρεῖν,
1245 3044 1276 3116 ἢ
1315 3045 1388 3116 μὴ
1440 3043 1663 3117 Θεωρεῖν

107 3137 189 3189 τὸν
224 3137 469 3192 Θάνατον.
508 3137 664 3191 Μετὰ
691 3137 862 3190 ταῦτα
900 3136 975 3207 μὴ
1009 3135 1338 3208 Θεωροῦντες
1358 3138 1466 3208 ὅσῳ
1496 3137 1664 3211 ὐπερ-
1692 3109 1735 3168 C

111 3230 210 3298 ἔχει
250 3229 481 3300 Χριστὸς
532 3229 640 3283 τῶν
695 3226 1044 3300 πατριαρχῶν
1081 3229 1170 3280 καὶ
1203 3228 1308 3280 τῶν
1352 3228 1664 3300 προφητῶν,

109 3319 230 3372 ἀλλὰ
263 3321 390 3392 μηδὲ
440 3320 790 3383 πιστεύοντες
819 3320 1050 3390 Χριστὸν
1080 3316 1216 3372 εἶναι
1245 3321 1334 3372 τὸν
1367 3321 1666 3390 τηλικαῦτα

107 3410 426 3478 διδάσκοντα,
478 3411 814 3484 ἐπαποροῦσι
875 3411 1142 3480 λέγοντες·
1193 3414 1288 3480 Μὴ
1341 3413 1421 3466 σὺ
1457 3413 1668 3482 μείζων

111 3498 162 3555 εἷ
188 3503 286 3558 τοῦ
327 3505 553 3574 πατρὸς
591 3504 758 3574 ἡμῶν
813 3507 1080 3575 Ἀϐραὰμ,
1131 3507 1297 3573 ὅστις
1334 3507 1666 3572 ἀπέθανεν;

112 3595 212 3666 Οὐχ
241 3597 402 3669 ὁρῶσι
426 3598 506 3660 δὲ,
531 3598 591 3651 οὐ
621 3598 778 3668 μόνον
812 3597 907 3652 τοῦ
938 3599 1206 3670 Ἀϐραὰμ,
1237 3599 1370 3652 ἀλλὰ
1403 3601 1496 3666 καὶ
1527 3617 1666 3653 παν·

109 3686 190 3750 τὸς
215 3688 268 3741 ὲν
288 3691 564 3760 γεννητοῖς
602 3689 871 3758 γυναικῶν
904 3692 931 3743 ὁ
957 3692 1020 3743 ἐκ
1047 3692 1142 3762 τῆς
1172 3691 1446 3763 ΠαρΘένου
1476 3709 1664 3760 γεγεν-

108 3781 342 3850 νημένος,
369 3782 463 3834 καὶ
490 3781 598 3834 τῶν
623 3780 913 3853 προφητῶν
945 3780 1162 3834 πάντων
1193 3783 1220 3834 ὁ
1254 3782 1666 3852 προφητευόμε-

107 3887 188 3934 νος
234 3873 325 3927 ὑπ’
357 3873 559 3939 αὐτῶν,
589 3875 682 3927 καὶ
713 3873 821 3926 τῶν
861 3872 1236 3925 ἀποΘανόντων
1267 3873 1296 3923 ὁ
1324 3873 1661 3944 ζωοποιήσας

109 3965 310 4026 αὐτοὺς,
351 3967 450 4034 οὐχ
497 3964 688 4018 ἑαυτὸν
723 3965 952 4034 ποιήσας
986 3961 1240 4026 τοιοῦτον,
1282 3961 1394 4015 ἀλλ’
1429 3962 1536 4015 ἀπὸ
1567 3961 1659 4016 τοῦ

107 4053 303 4123 Ila-too;
326 4055 529 4111 λαϐὼν.
563 4056 788 4123 Ὥσπερ
815 4055 922 4124 γὰρ
949 4057 981 4108 ὀ
1020 4054 1224 4122 Πατὴρ
1256 4055 1379 4124 ἕχει
1419 4054 1570 4124 ζωὴν
1595 4057 1665 4110 ἐν

107 4144 302 4212 ἐαυτῷ,
326 4148 480 4202 οὕτω
519 4147 618 4202 καί
661 4147 740 4214 τῷ
794 4146 904 4213 Υἱῷ
947 4147 1100 4213 ζωὴν
1143 4147 1370 4201 ἔδωκεν
1405 4147 1568 4215 ἔχειν
1595 4148 1664 4202 ἐν

106 4234 302 4304 ἑαυτῷ,
337 4240 395 4293 οὐ
430 4240 709 4312 δυναμένῳ
753 4241 924 4293 ποιεῖν
956 4239 1046 4309 ἀφ’
1077 4237 1268 4292 ἑαυτοῦ
1311 4239 1431 4293 οὐδὲ
1462 4239 1539 4303 ἓν,
1570 4240 1663 4293 καὶ

108 4327 341 4396 ζητοῦντι
373 4331 434 4384 τὸ
485 4331 696 4402 Θέλημα
727 4333 785 4385 οὐ
813 4332 874 4384 τὸ
921 4331 1136 4393 ἑαυτοῦ,
1185 4331 1321 4386 ἀλλὰ
1353 4332 1413 4385 τὸ
1449 4331 1661 4403 Θέλημα

105 4416 191 4470 τοῦ
218 4420 523 4491 πέμψαντος
554 4423 732 4478 αὐτόν.
769 4423 880 4476 Καὶ
907 4423 985 4476 τό·
1013 4424 1148 4478 Τίνα
1164 4423 1424 4477 σεαυτὸν
1441 4423 1660 4490 ποιεῖς;

109 4509 177 4581 μὴ
194 4512 605 4585 τεθεωρηκότων
634 4509 701 4584 ἦν
727 4512 900 4584 φωνὴ,
933 4514 1015 4566 ὅτι
1046 4514 1145 4584 οὐχ
1180 4514 1367 4566 ἑαυτὸν
1387 4515 1415 4566 ὁ
1457 4513 1664 4584 Ἰησοῦς

108 4603 387 4672 πεποίηκεν
431 4605 568 4674 ὅπερ
601 4604 766 4657 ἐστίν·
795 4604 978 4677 διόπερ
1019 4605 1114 4657 καὶ
1148 4604 1282 4675 πρὸς
1328 4604 1484 4658 τοῦτο
1521 4605 1668 4658 δοκεῖ

109 4707 191 4761 μοι
220 4694 626 4766 ἀποκρίνεσθαι,
656 4695 917 4749 διδάσκων
948 4695 1031 4759 τίς
1053 4695 1211 4748 αὐτὸν
1247 4697 1499 4766 εποίησεν
1528 4697 1664 4769 ὅπερ

106 4779 166 4853 ἦν
181 4826 194 4849 ,
223 4786 296 4839 τό·
341 4788 476 4842 Ἐὰν
493 4785 608 4857 ἐγὼ
632 4787 869 4852 δοξάσω
899 4787 1177 4857 ἐμαυτὸν,
1197 4789 1234 4856 ἡ
1257 4787 1406 4852 δόξα
1420 4805 1539 4856 μου
1560 4789 1663 4842 οὐ·

106 4875 202 4930 δέν
228 4879 411 4933 ἐστιν·
438 4880 610 4935 ἐστιν
631 4883 663 4934 ό
685 4878 886 4948 Πατὴρ
918 4882 949 4933 ό
973 4879 1233 4944 δοξάζων
1257 4896 1353 4948 με.
1391 4879 1499 4932 Καὶ
1529 4878 1660 4932 ταῦ-

106 4985 166 5022 τα
196 4970 267 5035 δὲ,
302 4973 550 5044 αὐτάρκη
590 4973 932 5045 περιγραφὴν
975 4971 1258 5043 εἰληφότος
1287 4970 1380 5024 τοῦ
1415 4971 1659 5026 εἰκοστοῦ

106 5059 203 5114 τῶν
246 5063 322 5126 εἰς
365 5063 428 5116 τὸ
471 5064 611 5118 κατὰ
655 5063 907 5135 Ἰωάννην
955 5062 1282 5133 Εὐαγγὲλιον
1323 5061 1660 5133 ὲξηγητικῶν

107 5151 280 5219 τόμου,
303 5155 404 5225 τὴν
436 5156 782 5227 περιγραφὴν
809 5155 1040 5209 ἐνταῦθα
1067 5153 1354 5223 εἰληφέτω,
1385 5154 1492 5217 ἴνα,
1525 5154 1659 5210 Θεοῦ

108 5243 565 5313 ἀποκαλύπτοντος
608 5250 738 5320 ἡμῖν
783 5245 853 5300 τὰ
896 5247 1041 5319 ἑξῆς,
1091 5245 1454 5318 Θεωρήσωμεν
1492 5246 1551 5299 ὲν
1579 5247 1660 5318 τῷ

1769 1856 1968 1912 Christi
1998 1859 2164 1913 bonus
2193 1861 2324 1913 odor
2348 1877 2528 1915 sumus
2561 1861 2670 1916 Deo
2697 1864 2752 1916 in
2792 1867 2930 1919 omni
2969 1865 3082 1920 loco
3105 1881 3125 1920 :
3146 1868 3204 1922 in
3244 1868 3328 1923 Itis

1765 1951 1854 2019 qui
1883 1962 2180 2015 servantur,
2198 1963 2244 2005 et
2269 1953 2325 2006 in
2345 1954 2426 2007 his
2449 1956 2542 2024 qui
2561 1967 2774 2024 pereunt
2799 1971 2816 2008 :
2841 1957 2956 2011 istis
2972 1960 3178 2026 quidem
3202 1964 3335 2014 odor

1765 2043 1947 2096 mortis
1986 2044 2044 2096 in
2090 2056 2328 2110 mortem,
2373 2045 2482 2099 illis
2515 2062 2632 2100 vero
2669 2049 2798 2101 odor
2820 2049 2938 2103 vitm
2962 2051 3016 2103 in
3056 2053 3214 2105 vitam
3237 2053 3282 2084 "
3317 2068 3331 2107 :

1766 2131 1938 2186 bonus
1967 2133 2109 2186 enim
2136 2133 2271 2188 odor
2285 2135 2483 2189 Christi
2512 2144 2639 2190 sunt
2667 2137 2719 2190 in
2751 2138 2898 2192 omni
2931 2138 3132 2202 loco,et
3163 2141 3332 2194 haud-

1765 2238 2038 2293 quaquam
2092 2224 2268 2279 malus
2315 2227 2469 2292 odor,
2505 2227 2753 2283 homines
2784 2230 2837 2282 in
2867 2229 3105 2285 Christo.
3131 2231 3330 2288 Verum

1763 2313 2037 2369 enimvero
2063 2315 2314 2384 quoniam
2339 2327 2394 2369 ut
2412 2317 2714 2386 corporalis
2742 2319 2913 2373 bonus
2929 2323 3275 2376 Odm-animal
3300 2337 3332 2376 ιι

1766 2405 2034 2475 ηιιωόιιη-ιέ
2066 2407 2564 2476 perin‘zeredicitur,
2593 2409 2668 2463 sic
2686 2411 2870 2476 etiam,
2888 2423 3103 2482 propter
3134 2429 3335 2482 pum-e-

1765 2505 1895 2559 dens
1913 2505 2123 2570 vitium,
2151 2503 2323 2560 bonus
2342 2505 2539 2560 Christi
2553 2506 2684 2561 odor
2699 2506 2780 2560 his
2793 2509 2882 2577 qui
2903 2518 3111 2562 suntex
3135 2523 3238 2564 mou
3253 2517 3333 2577 te,

1766 2596 1826 2649 ﬁt
1849 2597 1901 2650 in
1938 2606 2164 2652 mortem
2196 2598 2456 2666 ipsorum,
2487 2613 2606 2651 cum
2645 2598 2860 2652 interim
2890 2599 2974 2654 his
2996 2601 3082 2668 qui
3109 2609 3324 2656 suntex

1763 2685 1895 2751 vita,
1920 2684 2013 2738 (lat
2031 2685 2082 2738 in
2100 2687 2286 2739 vitam.
2311 2685 2433 2740 Haec
2449 2686 2600 2740 nobis
2614 2684 2726 2738 visa
2739 2697 2860 2740 sum
2878 2699 3000 2740 esse
3015 2687 3323 2756 adjacentia

1765 2776 2116 2844 disputationi
2161 2777 2228 2832 de
2274 2779 2542 2846 gustando
2583 2786 2841 2842 mortem,
2872 2775 2958 2830 vel
2999 2777 3065 2830 de
3095 2777 3326 2830 videndo

1766 2879 1857 2922 aut
1881 2883 1986 2923 non
2033 2868 2262 2922 Videndo
2293 2877 2540 2922 mortem.
2573 2865 2700 2922 P051
2725 2866 2840 2922 haec
2865 2865 3079 2938 [Judaei]
3115 2881 3222 2920 non
3247 2868 3330 2920 vi-

1766 2962 1962 3017 dentes
1999 2970 2259 3030 quantum
2313 2968 2595 3030 praestaret
2627 2960 2878 3014 Christus
2919 2959 3244 3028 patriarebis
3272 2967 3329 3014 et

1767 3054 2072 3124 prophetis,
2105 3069 2169 3108 ar.
2215 3067 2284 3107 ne
2333 3050 2580 3105 Messiam
2614 3052 2832 3119 quidem
2879 3066 2999 3106 esse
3041 3052 3327 3106 credentes

1772 3147 1896 3202 talia
1921 3155 2178 3214 tantaque
2195 3147 2495 3210 docentem,
2522 3146 2833 3200 addubitant
2860 3146 3100 3200 dicentes
3131 3159 3147 3199 :
3175 3143 3321 3198 Num

1769 3248 1824 3293 tu
1845 3239 2018 3308 major
2039 3256 2090 3294 es
2110 3249 2260 3308 patre
2283 3248 2460 3292 nostra
2489 3237 2775 3298 Abraham,
2791 3238 2881 3307 qui
2903 3248 3140 3292 mortuus
3157 3249 3232 3292 est
3249 3237 3329 3291 ’τι

1767 3327 1884 3381 Νοιι
1905 3328 2089 3382 vident
2123 3336 2328 3392 autem,
2357 3327 2499 3394 quod
2523 3327 2615 3395 qui
2641 3325 2853 3394 genitus
2882 3336 2965 3380 est
2993 3339 3056 3378 ex
3082 3324 3332 3394 Virgine,

1767 3433 1873 3472 non
1907 3417 2080 3471 solum
2108 3415 2416 3472 Abrahamo
2448 3416 2584 3483 ipso,
2611 3431 2796 3470 verum
2820 3416 2982 3469 etiam
3009 3429 3331 3484 quocunque

1765 3525 1833 3564 ex
1885 3510 2204 3566 mulieribus
2262 3509 2443 3580 genito
2489 3509 2560 3563 sit
2615 3509 2817 3576 major;
2872 3509 3038 3580 368
3093 3509 3332 3577 itemque

1765 3600 2018 3655 omnibus
2071 3600 2375 3670 prophetis,
2431 3601 2784 3670 praphetatus
2833 3600 2900 3654 ab
2950 3599 3118 3668 ipsis;
3168 3609 3332 3667 atque

1766 3693 2020 3747 omnibus
2048 3693 2140 3761 qui
2187 3693 2384 3746 mortui
2420 3692 2616 3746 fuerint
2637 3731 2652 3754 ,
2683 3692 2806 3759 quia
2839 3691 2982 3759 ipsos
3019 3688 3330 3744 viviﬁcave-

1770 3783 1839 3836 rit
1867 3800 1881 3838 :
1919 3798 2018 3838 nec
2046 3788 2170 3850 hoc,
2198 3784 2323 3854 quia
2355 3783 2595 3852 seipsum
2627 3783 2783 3836 talem
2829 3780 3038 3845 fecerit,
3083 3781 3177 3834 sed
3203 3779 3326 3848 quia

1769 3875 1948 3928 isthuc
1973 3891 2002 3929 a
2045 3874 2207 3929 Patre
2238 3875 2529 3943 acceperit.
2558 3871 2624 3926 Ut
2645 3874 2782 3926 enim
2808 3869 2973 3925 Pater
3000 3872 3154 3924 vitam
3175 3869 3329 3923 habet

1767 3965 1822 4018 in
1845 3964 2145 4033 semetipso,
2177 3965 2252 4018 sic
2284 3965 2426 4017 dedit
2470 3965 2630 4017 etiam
2661 3961 2827 4029 Filio,
2853 3971 2907 4014 ut
2953 3962 3112 4015 vitam
3138 3960 3327 4014 habeat

1764 4057 1819 4110 in
1862 4056 2142 4125 semetipso
2165 4055 2233 4121 ³⁸,
2275 4054 2417 4110 Filio
2457 4070 2562 4109 non
2592 4053 2809 4108 valente
2855 4068 2886 4106 a
2936 4053 3114 4120 seipso
3142 4050 3328 4106 facere

1765 4149 2079 4217 quidquam,
2121 4163 2220 4202 nec
2269 4155 2542 4215 quaerente
2571 4144 2900 4200 voluntatem
2935 4157 3088 4198 suam
3123 4141 3324 4208 facere,

1763 4240 1857 4294 sed
1888 4241 2006 4304 ejus
2055 4237 2146 4308 qui
2197 4237 2346 4291 misit
2398 4235 2547 4290 illum
2573 4236 2642 4288 ³⁹.
2684 4234 2876 4288 Dicunt
2923 4233 3125 4288 etiam:
3160 4230 3328 4296 Quem

1763 4331 1984 4396 teipsum
2079 4330 2212 4398 facis
2277 4327 2389 4382 “‘3
2459 4327 2657 4397 quippe
2717 4325 2809 4394 qui
2896 4339 3002 4379 non
3085 4323 3331 4378 viderant

1692 4443 1734 4498 1)
1764 4434 2017 4504 quoniam
2069 4448 2175 4487 non
2229 4431 2463 4502 seipsum
2529 4429 2734 4483 fecerat
2773 4426 2930 4482 Jesus
2973 4425 3116 4496 quod
3164 4432 3252 4479 est
3306 4441 3324 4480 :

1766 4553 1928 4609 quam
1973 4536 2041 4592 ob
2081 4549 2298 4591 causam
2329 4534 2492 4588 etiam
2537 4533 2750 4586 videtur
2799 4527 2932 4582 milii
2981 4527 3048 4582 ad
3105 4529 3209 4581 hoc
3245 4537 3330 4580 ro-

1764 4637 2057 4706 spondere,
2087 4634 2287 4689 docens
2314 4633 2436 4702 quis
2467 4633 2639 4702 ipsum
2665 4631 2886 4684 fecisset
2923 4627 2974 4680 id
3001 4625 3143 4696 quod
3174 4634 3328 4680 erat:

1766 4736 1824 4794 Si
1849 4754 1942 4808 ego
1983 4736 2221 4808 glori/ica
2255 4734 2530 4803 meipsum,
2554 4731 2722 4802 gloria
2769 4745 2886 4783 mea
2929 4727 3079 4782 nulla
3118 4734 3332 4792 est;¢st

1766 4839 1954 4904 Pater,
1981 4842 2073 4910 qui
2095 4855 2174 4893 me
2193 4837 2457 4909 gloriﬁcat
2473 4833 2539 4888 ".
2571 4833 2676 4888 Sed
2719 4832 2835 4887 haec
2875 4833 2976 4888 hoc
3006 4831 3062 4885 in
3101 4831 3220 4887 loco
3263 4831 3329 4885 η-

1765 4958 1888 4998 nem
1924 4949 2160 5005 sumant,
2186 4954 2310 4995 cum
2340 4947 2517 4993 tomus
2550 4934 2844 4991 vicesimus
2881 4933 3327 5003 explanationum

1765 5048 1818 5100 in
1848 5043 2192 5112 Evangelium
2218 5057 2247 5096 a
2263 5039 2470 5096 Joanne
2496 5038 2753 5094 traditum
2770 5035 3328 5103 circumscriptionem

1761 5149 2115 5206 suliicientem
2148 5143 2442 5214 acceperit,
2465 5150 2544 5208 ut,
2571 5143 2680 5198 Deo
2713 5139 2874 5196 nobis
2895 5138 3190 5203 revelante,
3211 5151 3332 5208 qua:

1762 5255 1996 5310 restant.
2021 5243 2432 5300 consideremus
2459 5239 2514 5294 in
2537 5238 2786 5309 sequenti
2810 5247 2978 5302 tomo,
3003 5249 3331 5306 prosequen-

173 5428 215 5462 '°
247 5431 265 5485 1
297 5429 450 5487 Joan.
484 5447 525 5493 t,
561 5431 610 5486 l.
687 5433 728 5463 “
751 5431 790 5483 ll
821 5431 948 5486 Cor.
973 5429 1163 5496 31,15,
1191 5429 1277 5483 15.
1354 5429 1399 5462 ³²
1423 5427 1578 5484 Joan.
1613 5444 1664 5496 ι,

1868 5418 2319 5496 ³³ηἱιῆιιηξ6ζβ⁸⁵
2350 5418 2492 5496 ﬁsa].
2523 5415 2836 5496 xxxvn,6_:_
2882 5408 3117 5496 "gnati:
3134 5410 3330 5496 19.59.

111 5496 149 5528 "
174 5499 212 5552 Il
235 5482 450 5566 Coifi},
481 5482 686 5567 {5.16.
755 5482 800 5534 it
820 5482 1135 5567 idat—ifilli,
1153 5482 1272 5556 ’δεμ
1332 5500 1377 5531 ³⁸
1400 5482 1664 5564 iam;

1846 5496 1878 5528 ¹⁹
1909 5494 2037 5548 ibid.
2075 5491 2166 5558 l9,
2197 5489 2290 5546 30.
2364 5488 2411 5520 ⁸ο
2438 5487 2596 5544 Joan.
2633 5504 2745 5574 vui,
2770 5485 2859 5541 55.
2934 5485 2975 5515 ⁵³
3010 5485 3141 5538 ibid.
3167 5482 3257 5537 54.

174 5641 279 5707 (52)
300 5645 362 5697 Oi
390 5643 719 5698 ἀπόστολοι
747 5642 977 5711 ἔλεγον,
1006 5649 1111 5698 etc.
1165 5639 1432 5711 Apostolis
1473 5637 1664 5696 tribuit

111 5709 326 5768 Marthae
350 5714 554 5770 dictum
588 5712 739 5770 Joan.
767 5729 843 5782 xu,
861 5709 964 5768 ⁷59.

1846 5631 2157 5775 (ἷὸὲὲρᾶοι
2200 5629 2422 5704 Regius,
2459 5625 2617 5695 male,
2651 5627 2762 5690 τοῖς
2808 5623 2887 5687 εἰς
2932 5619 3077 5694 ζωῆς
3110 5617 3327 5674 (11:06:!-

2037 5740 2073 5775 γ.

1765 5723 1845 5761 νει
1879 5721 1913 5775 η
1939 5721 2073 5776 ςωη.
