3688 6146
96 226 199 283 ⁸81
1093 240 1444 298 COMMENT.
1486 243 1553 298 IN
1589 242 1778 300 JOAN.
1820 243 2054 301 TOMUS
2092 245 2332 303 XXVIII.
3244 250 3355 321 D83

93 343 396 410 Μωῦσέως
440 348 519 412 εἰς
546 348 647 422 τὴν
674 353 775 423 τῆς
821 352 1023 424 σκηνῆς
1048 356 1142 409 τοῦ
1191 359 1485 431 μαρτυρίου
1519 376 1549 412 κ

1895 361 2015 415 entia
2081 371 2138 418 et
2195 363 2478 432 disciplina
2538 363 2913 437 [Egyptiorum
2973 369 3245 426 eruditum
3283 370 3351 438 ⁸³.

95 436 332 507 σκευήνο
379 438 435 492 al
479 439 590 511 γὰρ
615 442 776 495 αὐλαὶ
800 445 855 497 αί
892 446 1062 499 εἰκοσι
1099 448 1193 500 καὶ
1223 447 1367 502 ὀκτὼ
1393 450 1551 520 πηχῶ

1897 465 2075 506 »οιιθτθ
2110 450 2323 507 facilius
2353 455 2775 510 exstructionem
2832 458 3162 515 tabernaculi
3193 461 3353 519 testi-

100 526 284 598 μῆκός
322 531 453 583 είσι·
484 532 579 585 καὶ
629 534 798 605 ἐχρῆν
832 552 895 605 γε
921 536 1019 608 τὴν
1068 540 1146 602 εἰς
1172 539 1328 606 δόξαν
1355 540 1488 594 Θεοῦ
1516 558 1556 594 κ‹

1892 540 1955 595 aii
1989 555 2001 589 :
2043 543 2345 597 cubitorum
2384 544 2533 599 enim
2587 556 2734 614 octo,
2787 559 2842 603 et
2886 550 3072 620 viginti
3111 553 3348 627 longitu-

94 617 520 693 σκευαζομένην
559 626 765 697 σκηνὴν
796 626 890 680 τοῦ
920 631 1216 701 μαρτυρίου
1246 632 1384 701 μετὰ
1413 632 1550 686 τῶνί

1891 647 1909 687 e
1942 641 2067 687 sunt
2098 633 2236 689 aula:
2255 633 2303 667 “
2333 650 2349 688 :
2379 638 2773 708 oportebatque
2818 617 2969 707 sane,
3003 655 3061 699 ut
3093 617 3347 703 tabe'rna-

96 711 273 783 ρέτων
297 713 552 786 ἀριθμῶν
580 716 722 787 ἔχειν
753 721 848 772 καὶ
870 721 960 773 τὸν
993 721 1164 776 εἴκοσι
1197 725 1290 777 καὶ
1312 724 1473 778 ὀκτώο
1498 729 1552 796 ἐς

1889 733 1959 771 un
2000 721 2316 787 testimonii,
2347 724 2490 793 quod
2526 724 2580 778 in
2611 725 2702 780 Dei
2729 728 2961 799 gloriam
2993 738 3345 794 construeba-

92 803 210 876 ίερὲ
240 804 449 875 ἀδελφὲ
509 807 818 880 ’Δμϐρόσιε,
854 810 1158 878 φθάσαντες
1182 813 1290 868 τῶν
1329 817 1410 878 εἰς
1447 816 1509 869 τὸ
1543 835 1548 869 :

1923 824 2047 864 cum
2082 813 2373 884 praecipuis
2416 817 2657 872 numeris
2701 818 2927 879 haberet
2953 826 3115 879 etiam
3152 828 3346 885 vicesi-

107 895 367 968 Ἰωάννην
396 898 736 971 ἐξηγητικῶν
801 898 972 973 (οὗτος
1015 902 1125 976 γὰρ
1146 904 1320 969 ἐσται,
1353 905 1487 960 Θεοῦ
1521 925 1563 978 χι

1884 917 1928 956 m
1982 914 2251 961 octavum.
2284 909 2367 964 Ad
2416 926 2600 980 quem,
2651 928 2805 968 sacer
2849 915 3019 973 frater
3069 920 3340 988 Ambrosi,

93 986 354 1058 ζομένου,
396 991 639 1054 εἰκοστὺς
676 992 859 1061 ὄγδοος
891 996 972 1058 είς
1005 995 1065 1048 τὸ
1106 996 1435 1066 Εὐαγγέλιον
1467 1000 1549 1072 τόι

1889 1008 1905 1046 ι
1940 997 2286 1063 pervenimus
2329 999 2456 1072 (erit
2480 1005 2623 1058 enim
2673 1005 2762 1061 hic
2805 1014 2981 1064 tomus
3013 1012 3345 1081 explanatio-

94 1079 557 1151 ἐπικαλεσάμενοι
598 1082 689 1135 τδν
719 1082 920 1138 τέλειον
953 1085 1048 1139 καὶ
1085 1086 1421 1158 τελειότητος
1444 1107 1550 1161 χορ

1888 1088 2007 1141 ι’ίιι
2051 1086 2403 1161 Evangelium
2447 1107 2477 1148 a
2521 1091 2727 1151 Joanne
2767 1100 3047 1168 traditum,
3090 1079 3204 1158 Deo
3235 1106 3344 1161 lar.

92 1169 223 1223 Θεὸν
249 1171 343 1225 διὰ
370 1171 468 1225 τοῦ
484 1173 688 1226 τελείου
704 1174 1002 1247 ἀρχιερέως
1029 1176 1186 1248 ἡμῶν
1221 1178 1395 1249 Ἰησοῦ
1416 1182 1548 1252 Χρισ

1886 1186 1976 1243 tte,
2013 1180 2305 1238 vicesimus
2338 1184 2604 1259 octavus),
2648 1189 2816 1245 Deum
2867 1192 2921 1246 in
2953 1194 3144 1264 primis
3192 1197 3342 1254 invo-

93 1262 158 1314 ἵν’
182 1262 342 1332 ἡμῶν
368 1263 463 1317 τὸν
498 1264 620 1318 νοῦν
648 1264 723 1336 δῷ
751 1268 932 1337 εὑρεῖν
967 1269 1065 1339 τὴν
1091 1271 1223 1341 περὶ
1254 1270 1361 1326 τῶν
1385 1273 1549 1340 ἐξεται

1886 1279 1961 1325 tes
1996 1271 2318 1344 perfectum,
2349 1292 2414 1332 ac
2445 1279 2832 1348 perfectionem
2875 1262 3342 1359 suppeditantem,

93 1354 336 1425 συμένων
365 1353 646 1427 ἀλήθειαν,
674 1359 768 1411 καὶ
795 1360 1139 1432 κατασκευὴν
1157 1361 1357 1429 αὐτῶν,
1390 1364 1485 1418 καὶ
1500 1365 1549 1419 οῖ

1885 1371 1995 1417 tore
2017 1379 2230 1422 summo
2273 1371 2555 1425 sacerdote
2589 1384 2771 1429 nostro
2814 1353 2959 1432 Iesu-
2984 1353 3233 1448 Christo,
3281 1394 3341 1442 ut

90 1446 399 1518 ὁδεύσωμεν
436 1450 531 1502 καὶ
554 1450 647 1502 ἐπὶ
670 1450 738 1504 τὰ
759 1450 905 1523 ἑξῆς.

1883 1452 1934 1522 0
1961 1455 2115 1511 nobis
2153 1456 2242 1512 det
2280 1458 2687 1531 intelligentiam
2718 1464 3025 1524 inveniendi
3057 1446 3339 1531 veritatem

1771 1558 1952 1599 rerum
2001 1550 2493 1618 exquirendarum,
2557 1553 3076 1633 dispositionemque
3121 1580 3333 1635 earum,
3370 1580 3379 1591 ‘

1768 1636 1847 1691 sic
1871 1651 2155 1709 pergemus
2186 1642 2250 1696 ad
2278 1656 2340 1696 ea
2371 1658 2489 1712 qua:
2521 1658 2837 1715 sequuntur.

154 1722 210 1779 2.
238 1742 258 1775 ι
293 1725 460 1793 Λέγει
490 1727 519 1780 ὁ
554 1726 781 1797 Ἰησοῦς·
808 1729 1008 1801 Ἀρατε
1041 1731 1130 1785 τὸν
1146 1731 1308 1787 λίθον.
1338 1753 1356 1787 ι
1406 1736 1610 1790 Ἐπείπε

1878 1766 1892 1780 .
1928 1746 1947 1779 ι
1977 1728 2121 1785 Dicit
2166 1729 2362 1787 Jesus:
2398 1713 2613 1791 Tollite
2643 1738 2874 1808 lapidem
2900 1742 2966 1798 “.
3005 1763 3024 1797 ι
3067 1745 3331 1814 Quoniam

92 1812 267 1868 ἐνθάδε
300 1814 402 1886 μὲν
430 1817 522 1871 τὸν
572 1818 914 1890 ἐπικείμενον
954 1820 1029 1892 τῷ
1082 1824 1330 1896 σπηλαίῳ
1360 1824 1528 1891 λίθον,

1904 1820 1955 1872 in
1987 1820 2102 1876 loco
2129 1825 2608 1895 superimpositum
2661 1832 2936 1900 speluncae
2966 1812 3197 1908 lapidem
3226 1859 3332 1902 non

90 1906 243 1969 αὐτὸς
272 1909 302 1958 ὁ
344 1907 555 1978 Ἰησοῦς
584 1912 748 1982 αἱρεῖ,
784 1911 920 1966 ἀλλὰ
947 1913 1113 1983 λέγει·
1155 1935 1174 1966 ι
1221 1918 1423 1993 Ἀρατε
1455 1921 1546 1974 τὸν

1873 1906 2058 1966 :Jesus
2084 1910 2239 1974 tollit,
2272 1914 2365 1967 sed
2391 1914 2523 1968 dicit
2559 1933 2571 1968 :
2611 1935 2630 1968 ι
2667 1918 2859 1975 Tollite
2912 1906 3145 1993 lapidem
3179 1946 3195 1983 :
3224 1948 3244 1981 ι
3276 1930 3329 1987 in

92 1995 196 2049 θον*
229 2016 247 2048 ι
280 1998 340 2051 ἐν
361 1997 419 2053 δὲ
456 2003 524 2072 τῇ
566 2002 804 2069 Γενέσει,
834 2005 996 2076 ἡνίκα
1020 2005 1166 2071 λίθος
1188 2004 1256 2080 ἦν
1284 1990 1458 2080 μέγας
1473 2014 1548 2066 ἐπ

1874 2000 1959 2054 ιθεί
1992 2014 2123 2055 vero
2150 2001 2218 2070 ⁸⁸,
2256 2003 2343 2058 ubi
2371 2003 2506 2073 lapis
2529 2015 2649 2060 erat
2691 2008 2879 2080 ingens
2913 1990 3078 2084 super
3105 2032 3203 2073 ore
3234 2035 3330 2089 pu-

92 2087 308 2160 πόματι
344 2089 439 2144 τοῦ
463 2092 713 2163 φρέατος,
754 2097 848 2149 καὶ
893 2098 1185 2169 συνήγοντο
1217 2101 1333 2154 ἐκεῖ
1364 2102 1540 2156 πάντα
1589 2104 1657 2158 τὰ
1768 2093 1863 2157 tei,
1900 2103 1953 2146 et
1982 2094 2070 2149 ubi
2101 2100 2568 2167 congregabantur
2592 2116 2782 2160 omnes
2809 2120 3019 2177 greges,
3053 2119 3110 2164 et
3161 2087 3330 2170 revol-

92 2179 329 2251 ποίμνια,
359 2183 457 2236 καὶ
495 2183 787 2240 ἀπεκύλιω
825 2186 969 2242 λίθον
1000 2190 1107 2244 ἀπὸ
1146 2191 1238 2245 τοῦ
1270 2193 1534 2264 στόματος

1873 2194 1960 2240 ant
1993 2186 2223 2257 lapidem
2253 2190 2321 2246 ab
2349 2205 2444 2249 ore
2466 2196 2637 2264 putei,
2660 2206 2716 2252 et
2746 2199 2953 2255 collecti
2983 2211 3167 2271 potum
3192 2220 3329 2275 pra:—

92 2270 332 2341 φρέατος,
369 2272 469 2327 καὶ
516 2275 830 2346 συνήγοντο,
868 2277 961 2332 καὶ
992 2278 1241 2344 ὲπότιζον
1276 2280 1345 2334 τὰ
1386 2282 1548 2354 πρόϐα

2012 2281 2238 2346 ovibus,
2297 2291 2353 2338 et
2412 2301 2625 2342 rursum
2656 2312 2660 2317 η
2692 2270 3055 2349 restitueliant
3099 2270 3332 2366 lapidem
3379 2300 3422 2358 ii.

92 2362 178 2417 καὶ
206 2364 691 2419 ἁποκαθίστωντὸν
723 2366 870 2421 λίθον
893 2370 984 2423 ἐπὶ
1009 2370 1071 2423 τὸ
1099 2371 1272 2442 στόμα
1300 2373 1394 2427 τοῦ
1423 2374 1548 2446 φρέο

1872 2385 1924 2424 er
1949 2386 2043 2427 ore
2090 2374 2233 2443 putei
2261 2375 2315 2430 in
2349 2377 2523 2433 locum
2556 2395 2741 2446 suum;
2800 2392 2857 2436 et
2898 2384 2988 2439 ubi
3025 2362 3172 2457 (quia
3200 2403 3328 2445 non-

92 2457 163 2519 είς
182 2456 268 2509 τὸν
314 2456 482 2511 τόπον
507 2458 688 2512 αὑτοῦ·
716 2461 816 2514 καὶ
832 2458 909 2531 τῷ
937 2460 1160 2531 μηδέπω
1176 2462 1330 2516 τοῦτο
1350 2465 1548 2534 γεγονέε

1868 2478 1886 2515 ι
1915 2463 2019 2520 hoc
2051 2464 2251 2521 factum
2305 2467 2517 2535 fuisset,
2568 2484 2851 2544 propterea
2904 2456 3045 2547 quod
3074 2456 3324 2538 nondum

90 2545 170 2599 διὰ
195 2547 255 2600 τὸ
287 2548 361 2619 μὴ
393 2548 661 2619 συνῆχθαι
678 2550 755 2603 τὰ
779 2551 973 2623 κτήνη,
1005 2553 1036 2605 ὁ
1074 2550 1267 2607 Ἰακὼϐ
1295 2554 1418 2607 ἰδὼν
1450 2555 1546 2610 Ῥα

1867 2564 2078 2626 gregata
2130 2558 2358 2615 fuissent
2412 2560 2680 2636 iumenta)
2713 2564 2887 2624 Jacob’
2920 2545 3167 2628 intuitus
3210 2572 3323 2630 Ra-

89 2638 178 2709 τὴν
206 2638 478 2711 θυγατέρα
505 2641 687 2695 Δάϐαν
712 2641 806 2696 τοῦ
839 2642 1069 2713 ἀδελφοῦ
1098 2644 1199 2715 τῆς
1228 2645 1431 2717 μητρὸς
1461 2650 1545 2702 αὑοι

1867 2646 1965 2702 lem
1997 2649 2160 2704 filiam
2190 2651 2375 2707 Laban
2406 2654 2593 2711 fratris
2622 2660 2812 2715 matris
2861 2676 2973 2718 sua:
2996 2663 3062 2731 “,
3108 2675 3163 2719 et
3193 2681 3323 2724 oves

91 2730 175 2782 καὶ
189 2728 252 2784 τὰ
276 2732 528 2803 πρόϐατα
546 2733 731 2788 Λάϐαν
749 2734 842 2788 τοῦ
869 2734 1097 2805 ἀδελφοῦ
1120 2737 1220 2808 τῆς
1241 2737 1446 2809 μητρὸς
1462 2740 1547 2794 aut

1863 2754 1939 2793 tan
1972 2739 2158 2797 fratris
2191 2745 2381 2801 matris
2403 2760 2538 2811 suae,
2585 2764 2709 2804 cum
2743 2755 3063 2810 secessisset
3090 2757 3207 2825 ipse
3230 2774 3319 2814 re—

93 2824 381 2894 προσελθὼν
412 2827 578 2890 αὐτὸς
605 2827 899 2881 ἀπεκύλισε
924 2829 1017 2883 τὸν
1031 2828 1175 2884 λίθον
1199 2831 1306 2885 ἀπὺ
1330 2832 1423 2886 τοῦ
1449 2833 1549 2902 στόέ

1860 2829 1923 2883 vit
1950 2829 2187 2900 lapidem
2214 2834 2282 2889 ab
2311 2850 2409 2890 ore
2430 2838 2598 2905 putei,
2628 2849 2684 2894 et
2711 2851 2893 2910 potum
2923 2824 3152 2914 praebuit
3196 2851 3316 2905 ovi-

92 2928 173 2978 τος
192 2915 279 2970 τοῦ
306 2918 564 2991 φρέατος,
596 2919 688 2972 καὶ
709 2922 927 2975 ἐπότισε
960 2919 1029 2975 τὰ
1058 2922 1303 3007 πρόϐατα
1331 2923 1513 2979 Λάϐαν

1898 2921 2082 2979 Laban
2124 2924 2312 2981 fratris
2363 2930 2556 2985 matris
2596 2946 2728 2997 suae,
2776 2934 3021 2993 volumus
3052 2948 3319 3009 utrosque

93 3005 303 3076 ἀδελφοῦ
352 3009 459 3081 τῆς
493 3010 697 3082 μητρὸς
742 3012 933 3066 αὑτοῦ·
978 3002 1549 3091 βουλόμεθαὰμφοτέρ

1906 3031 1960 3072 es
2010 3017 2153 3073 inter
2183 3032 2244 3074 se
2292 3019 2567 3087 conferre,
2621 3028 2852 3096 utquod
2892 3041 3317 3090 consentaneum
3358 3088 3362 3091 _

92 3097 202 3161 τοὺς
225 3097 393 3164 λίθους
419 3099 673 3172 ἀλλήλοις
698 3102 1064 3173 ωνεξετάσαι,
1098 3106 1266 3189 ἵναπὺ
1300 3107 1517 3178 εὔλογον
1546 3132 1548 3163 :

1892 3108 2088 3164 rationi
2143 3111 2554 3169 consideremus
2593 3134 2606 3169 :
2642 3133 2840 3186 nempe
2902 3135 3073 3190 quare
3107 3124 3212 3180 hoc
3260 3125 3315 3182 in

92 3193 415 3263 τανοήσωμεν
474 3194 567 3248 τοῦ
605 3196 794 3251 ἐνθάδε
843 3199 942 3269 μὲν
989 3199 1062 3271 μὴ
1102 3178 1263 3255 αὐτὸν
1303 3201 1394 3256 τὸν
1439 3204 1548 3275 Ἰησ

1856 3212 1869 3251 ι
1894 3212 2000 3253 non
2033 3199 2146 3269 ipse
2171 3198 2329 3258 Jesus
2353 3204 2639 3261 sustulerit
2685 3222 2715 3262 a
2750 3178 3012 3279 spelunca
3042 3213 3312 3284 lapidem,

92 3281 295 3350 ἡρκέναι
337 3284 429 3339 τὸν
486 3285 629 3341 λίθον
669 3288 777 3341 ἀπὸ
827 3290 1114 3361 σπηλαίου,
1173 3291 1289 3346 ἀλλ’
1340 3295 1548 3365 είρηκέι

1865 3284 2106 3343 dixerit:
2131 3306 2149 3340 ι
2168 3288 2364 3346 Tollite
2392 3292 2656 3363 lapidem;
2688 3314 2707 3349 ι
2732 3297 2785 3352 in
2802 3298 3014 3357 .Genesi
3041 3281 3174 3361 vero
3199 3281 3314 3377 ipse

98 3389 113 3421 ι
150 3372 333 3444 Ἄρατε
356 3376 450 3430 τὸν
473 3376 639 3432 λίθον
676 3399 693 3430 ι
724 3380 782 3434 ἐν
802 3380 859 3434 δὲ
880 3384 945 3453 τῇ
985 3382 1196 3436 Γενέσει
1224 3384 1385 3439 αὐτὸν
1423 3388 1513 3442 τὸν
1539 3390 1553 3409 ’

1855 3378 1909 3431 )ι)
1936 3376 2223 3433 revolverit
2254 3379 2483 3450 lapidem
2510 3383 2578 3439 ab
2604 3399 2700 3441 ore
2738 3390 2905 3457 putei.
2955 3390 3021 3446 Et
3069 3371 3311 3452 animum

94 3461 193 3514 κὼϐ
228 3465 676 3525 ἀποκεκυλικέναι
709 3473 799 3526 τὸν
827 3472 969 3528 λίθον
994 3474 1102 3528 ἀπὸ
1124 3476 1216 3529 τοῦ
1241 3478 1504 3549 στόματος
1544 3481 1639 3536 τοῦ
1744 3470 1942 3526 “bibe
1973 3485 2041 3526 ³η
2066 3472 2250 3528 dicere
2273 3476 2547 3543 Ροεεῖίηυε
2587 3493 2692 3535 ηοη
2723 3484 3028 3550 οροτῑυίεεθ
3069 3496 3127 3540 ιιι
3152 3486 3314 3547 ³68υσ

94 3557 317 3626 φρέατος.
341 3563 449 3616 Καὶ
479 3565 713 3635 πρόσχες
741 3566 1073 3640 είδυνάμεθα
1099 3569 1295 3641 λέγειν,
1328 3575 1407 3628 ὅτι
1432 3576 1522 3629 τοῦ
1544 3578 1639 3647 μὲν
1748 3570 1990 3632 ωηεετθι
2043 3564 2272 3635 lapidem
2324 3569 2596 3637 speluncae
2646 3574 3143 3647 δυΡθτίίηροείιυτην
3174 3596 3312 3651 εἶπα-⁸

93 3648 172 3700 ἐπὶ
187 3650 256 3720 τῷ
289 3655 534 3727 σπηλαίῳ
566 3656 731 3723 λίθου,
760 3660 963 3741 ἐπεὶ-τὸ
987 3661 1249 3733 σπήλαιον
1272 3669 1549 3737 μνημεῖον

1853 3672 1886 3709 n
1940 3658 2194 3727 spelunca
2238 3675 2649 3720 monumentum
2697 3677 2851 3734 erat;
2890 3669 2985 3725 sed
3017 3648 3309 3745 praecipere

91 3742 178 3796 οὐκ
198 3745 352 3818 ἐχρῆν
368 3750 530 3803 αὐτὸν
557 3750 796 3821 ἅψασθαι
813 3738 904 3807 τὸν
924 3754 1153 3826 Ἰησοῦν,
1172 3756 1308 3811 ἀλλὰ
1337 3760 1547 3830 προστά

1853 3760 1951 3803 ‘.um
1985 3749 2070 3806 his
2110 3752 2200 3820 qui
2228 3756 2436 3809 muneri
2467 3756 2716 3813 obeundo
2748 3738 3036 3829 praeerant,
3066 3773 3125 3821 ut
3142 3738 3309 3826 tolle-

95 3831 232 3900 μόνον
251 3840 356 3901 τοῖς
383 3840 710 3911 ἐπιτηδείοις
744 3843 880 3914 πρὸς
911 3843 973 3897 τὸ
998 3842 1158 3915 ἔργον
1183 3843 1314 3917 ἆραι
1351 3847 1441 3901 τὸν
1467 3831 1551 3902 λίθ

1852 3852 1863 3895 t
1891 3843 2121 3913 lapidem
2145 3863 2160 3898 :
2185 3845 2388 3915 justum
2414 3862 2541 3902 vero
2571 3864 2712 3913 esse,
2743 3861 2803 3907 ut
2833 3853 2950 3924 ipse
2974 3855 3144 3916 Jacob
3162 3863 3308 3918 hunc

92 3920 172 3972 τοῦ
192 3922 243 3976 δὲ
273 3927 612 4001 ἐπικειμένου
638 3931 715 4003 τῷ
751 3931 976 4004 στόματι
1014 3934 1106 3987 τοῦ
1145 3936 1395 4008 φρέατος,
1424 3938 1548 3991 καὶέ

1848 3936 2143 4005 erpositum
2164 3938 2244 3993 ori
2267 3940 2436 4008 putei,
2458 3949 2513 3994 et
2532 3940 2836 3998 obstantem
2853 3920 3147 4016 quominus
3172 3968 3304 4008 oves

93 4012 365 4082 ποδίζοντος
405 4021 485 4093 τῷ
534 4023 705 4076 πίνειν
745 4023 813 4076 τὰ
859 4024 1128 4096 πρόϐατα,
1174 4027 1267 4096 ἀφ’
1310 4021 1384 4082 ὧν
1414 4028 1549 4099 ἔμελῖ

1849 4026 1987 4080 arent
2031 4034 2082 4097 (a
2124 4029 2318 4095 quibus
2364 4031 2599 4087 futurqu
2636 4042 2779 4095 erat.
2811 4012 3305 4107 ut—adjuvarentur

93 4102 355 4175 ὀνήσασθαι
377 4110 487 4183 (57)
514 4112 583 4167 τὰ
608 4116 878 4186 ἐπίσημα,
910 4117 1001 4169 καὶ
1032 4118 1064 4187 ἡ
1100 4119 1255 4190 μερὶς
1298 4119 1389 4173 τοῦ
1415 4119 1549 4174 Ἰακὸ

1846 4116 1965 4184 ilia,
1991 4131 2046 4173 et
2084 4134 2211 4189 pars
2238 4121 2429 4192 Iacob)
2456 4127 2752 4195 acciperet;
2803 4102 3034 4200 cumque
3061 4135 3128 4188 ad
3160 4136 3302 4192 hunc

95 4195 235 4251 αὐτόν
271 4200 386 4255 ἐστι
411 4203 616 4258 δίκαιον
650 4204 905 4259 λαϐέσθαι
933 4207 1021 4260 τὸν
1050 4208 1264 4274 Ἰακὼϐ,
1287 4210 1380 4262 καὶ
1406 4228 1551 4281 προσλ

1841 4213 1970 4267 idem
2005 4215 2347 4279 accessisset,
2400 4218 2701 4275 revolveret
2739 4235 2859 4277 eum
2887 4222 2956 4277 ab
3002 4237 3100 4277 ore
3128 4227 3297 4294 putei,

94 4282 233 4340 θόντα
252 4292 323 4361 τῷ
349 4293 479 4367 λίθῳ
497 4296 819 4351 ἀποκυῆσαι
840 4299 1001 4351 αὐτὸν
1021 4300 1127 4353 ἀπὸ
1146 4300 1238 4354 τοῦ
1263 4303 1550 4373 στόματοςη

1844 4315 2003 4359 totum
2056 4306 2210 4362 daret
2243 4307 2434 4363 ovibus
2483 4308 2665 4368 Laban
2715 4316 2901 4372 fratris
2934 4282 3142 4371 matris'
3166 4330 3300 4375 sua;

96 4376 317 4445 φρέατος,
349 4385 435 4440 ἵνα
454 4387 678 4458 ποτισθῇ
707 4388 775 4441 τὰ
808 4390 1053 4461 πρόϐατα
1076 4391 1257 4445 Λάϐαν
1285 4393 1377 4447 τοῦ
1397 4384 1552 4467 Ἠιδελιε

1844 4392 2085 4460 profecto
2117 4410 2253 4464 opus
2279 4407 2417 4464 erat,
2455 4409 2512 4452 ut
2544 4403 2610 4456 ad
2635 4413 2852 4472 puteum
2878 4407 2994 4474 ipse
3017 4408 3300 4465 accederet

94 4466 177 4559 τῆς
203 4475 390 4547 μητρὸς
418 4478 603 4535 αὐτοῦ.
636 4481 747 4534 Καὶ
786 4483 894 4536 ἔδει
932 4498 996 4552 γε
1026 4484 1119 4537 ἐπὶ
1150 4485 1247 4554 μὲν
1267 4485 1360 4539 τοῦ
1394 4488 1550 4559 φρέαιι

1841 4483 1930 4547 ob;
1980 4484 2133 4538 extra
2188 4487 2501 4553 speluncam
2537 4506 2666 4548 vero
2714 4504 2885 4550 staret
2933 4494 3113 4553 Jesus.
3162 4498 3297 4556 Vide

96 4558 232 4616 αὐτὸν
259 4569 565 4638 προσελθεῖν
585 4572 676 4626 τὸν
692 4572 906 4639 Ἰακὼϐ,
927 4575 1030 4641 ἔξω
1052 4576 1108 4628 δὲ
1135 4578 1397 4646 σπηλαίου
1432 4558 1552 4650 στῆη

1839 4586 1860 4624 3
1904 4586 1971 4625 an
2012 4573 2283 4643 inspicere
2324 4577 2501 4646 possis
2539 4583 2890 4649 quamobrem
2920 4587 3295 4654 superpositus

96 4649 171 4704 τὸν
195 4652 401 4725 Ἰησοῦν.
437 4663 499 4717 El
540 4664 598 4718 δὲ
621 4664 847 4719 δύνασαι
886 4666 999 4737 (58)
1030 4668 1319 4739 ἐπιστῆσαι
1351 4671 1404 4724 τί
1425 4671 1552 4743 δήπς

1849 4678 2000 4719 σηοω
2028 4664 2162 4734 lapis
2210 4681 2313 4722 non
2344 4670 2671 4737 revolvatur,
2702 4675 2797 4729 sed
2852 4674 3103 4743 tollatur;
3139 4693 3169 4732 a
3195 4693 3297 4749 pu-

96 4742 173 4795 ἐπὶ
200 4748 286 4815 μὲν
316 4753 405 4807 τοῦ
450 4757 712 4828 σπηλαίου
762 4760 822 4812 οὐ
852 4760 1166 4815 κεκύλισται
1201 4764 1230 4816 ὁ
1278 4763 1552 4833 ἐπικείμεν

1846 4765 2024 4811 autem
2071 4773 2178 4814 non
2227 4762 2451 4818 omnino
2508 4763 2750 4831 tollatur,
2807 4769 2901 4823 sed
2962 4772 3290 4830 revolvatur.

95 4834 223 4907 αὑτῷ
262 4841 415 4909 λίθος,
465 4849 600 4905 ἀλλὰ
648 4852 881 4924 αἴρεται·
931 4854 1023 4907 ἐπὶ
1068 4854 1126 4907 δὲ
1166 4853 1257 4907 τοῦ
1292 4855 1525 4926 φρέατος

1833 4852 2023 4907 irtebat
2074 4854 2288 4922 quidem
2339 4855 2562 4912 omnino
2600 4872 2630 4912 a
2667 4871 3021 4917 monumento
3056 4863 3289 4932 lapidem

93 4929 337 5036 ταέντελῶς
360 4937 587 5008 αῑρεται,
626 4942 760 4996 ἀλλὰ
805 4944 962 5015 μόνον
1008 4945 1377 4999 ἀποκυλίεται.
1421 4948 1549 5019 Ἐχρ

1831 4945 1862 5007 i,
1893 4957 1992 4998 uec
2024 4958 2239 5036 rursum
2273 4945 2444 5013 volvi;
2503 4947 2729 5003 alterum
2763 4964 2893 5005 vero
2925 4952 3125 5008 revolvi
3164 4966 3287 5010 tan-

97 5012 246 5116 πέντη
279 5022 370 5091 μὲν
399 5027 625 5100 ἀρθῆναι
651 5031 743 5085 τὸν
776 5012 882 5087 ἀπὸ
909 5033 1003 5088 τοῦ
1039 5037 1303 5106 μνημείου
1331 5012 1553 5101 λίθονῑιι

1829 5052 1837 5088 ι
1868 5052 1897 5090 a
1926 5045 2087 5105 puteo
2121 5054 2134 5089 :
2172 5016 2428 5107 superius
2450 5039 2594 5093 enim
2625 5038 2825 5095 dictum
2854 5051 2935 5098 est
2960 5043 3117 5114 371
3145 5047 3285 5116 quod

102 5107 163 5199 μὴ
188 5114 330 5173 πάλιν
358 5122 686 5199 κυλισθῆναι·
725 5128 813 5181 τὸν
833 5128 890 5181 δὲ
921 5130 1011 5182 ἐπὶ
1040 5128 1132 5182 τοῦ
1157 5129 1386 5199 φρέατος
1409 5129 1615 5183 ἀποκυ-
1727 5164 1742 5180 .
1830 5165 1844 5179 .
1926 5164 1940 5178 .
2020 5167 2034 5182 .
2112 5165 2126 5181 .
2202 5166 2219 5182 .
2296 5167 2311 5187 .
2393 5166 2410 5184 .
2487 5170 2502 5185 .
2582 5169 2598 5184 .
2682 5169 2695 5185 .
2774 5172 2790 5188 .
2879 5173 2893 5188 .
2985 5172 3001 5188 .
3077 5174 3092 5190 .
3171 5172 3193 5193 ο
3262 5175 3282 5195 .

99 5194 313 5276 λισθῆναι
341 5198 508 5285 μόνον’
543 5194 651 5292 (59)
678 5221 997 5292 προείρηται
1016 5194 1237 5292 γὰρ,ϐτι
1274 5222 1400 5275 ἀπε.
1427 5262 1439 5274 .
1470 5259 1485 5274 .
1511 5263 1524 5274 .

1831 5220 1949 5274 iam
2019 5220 2133 5287 Dei,
2195 5219 2605 5278 considerantes
2676 5227 3099 5288 magnitudinem
3167 5229 3287 5304 ejus

157 5340 195 5372 δ’
225 5345 331 5403 Act.
354 5367 444 5419 vu,
464 5355 552 5412 22.
626 5357 672 5390 “
698 5357 869 5414 Exod.
908 5372 1063 5424 xxvr,
1082 5359 1140 5413 ἢ.
1212 5357 1259 5389 ⁸⁵
1288 5357 1440 5413 Joan.
1472 5374 1551 5421 χι,
1577 5357 1612 5412 '5

1219 5357 1259 5389 ιι
1288 5357 1440 5413 Joan.
1472 5356 1667 5421 Χ1,59.
1741 5356 1787 5387 ιο
1813 5353 1952 5411 Gen.
1978 5370 2129 5420 xm,
2155 5323 2287 5420 2,3.
2365 5357 2412 5390 ιο
2439 5358 2569 5413 ibid.
2609 5358 2675 5413 to

282 5462 445 5545 Codex
460 5471 801 5545 Bodleianus,
826 5482 991 5537 recte,
1013 5475 1347 5545 ὀνήσασθαιν
1382 5471 1605 5545 Regius,

1826 5470 1897 5540 $8)
1929 5473 1995 5527 El
2025 5470 2093 5524 δὲ
2131 5471 2409 5527 δύνασαι.
2449 5472 2736 5529 Ferrarius
2782 5472 2989 5544 legebat
3026 5473 3101 5529 ἰδὲ
3133 5472 3192 5529 δὲ
3226 5472 3282 5532 εἰ

273 5525 801 5626 νεήνασθαξιὲίιὲίδειὶί
822 5525 1107 5626 easeas
1133 5545 1250 5626 esu
1276 5525 1492 5626 ξςκοξεοξῖ
1515 5542 1563 5595 λε

1790 5558 1987 5626 '369“;
2096 5610 2107 5626 .
2355 5611 2366 5626 .
2480 5611 2503 5626 .,
2611 5615 2623 5626 .
2827 5612 2871 5626 ..
2994 5611 3008 5625 .

106 5588 735 5696 ξξιτθάιὶηὺέεῖιιοθιηοᾶυπηῖ
759 5588 960 5696 legitur
994 5617 1045 5696 in
1077 5615 1261 5696 codice
1290 5614 1562 5696 B‘otlleia‘ttt

1825 5588 2279 5696 iDi'er‘oelgntat
2304 5611 2436 5696 γᾴρ,
2460 5611 2560 5696 fet
2591 5615 2773 5668 ἀπε...
2813 5612 2967 5696 Ciliae
2993 5611 3048 5668 in
3076 5612 3281 5694 codici-

113 5665 247 5721 ηπίίθι
275 5665 453 5744 Regius
484 5665 759 5750 perperam
785 5665 949 5739 liabet
975 5665 1133 5749 αῦτός
1151 5665 1283 5737 ἐστι
1322 5665 1569 5736 λαϐέσθαι

1848 5665 1960 5737 tam
1977 5665 2182 5751 'tteg'to',
2220 5665 2331 5737 iuni
2360 5665 2913 5754 Βόαιοίαιίόίέὶςίῇίῐ
2936 5665 3275 5743 laetas};-

344 5769 601 5838 PATBOL.
624 5774 739 5836 Gn.
772 5776 942 5853 XIV,
2886 5777 2968 5839 22
