3688 6146
413 269 522 328 633

1877 285 1966 338 0R

2062 284 2196 338 ΞΝΙὸ
3503 291 3578 343 θθι

412 391 556 458 fidei,
588 405 707 460 qua:
733 401 818 446 est
850 394 914 447 ad
951 394 1240 463 justitiam,
1277 398 1578 457 credamus.
1605 399 1755 467 Quod
1792 403 1836 456 si
1873 403 1966 458 ali-

2069 402 2225 467 δόξαν
2252 403 2407 467 Θεοῦ,
2442 404 2728 475 νοήσαντες
2750 403 2806 456 τὸ
2831 401 3052 473 μέγεθος
3072 401 3170 472 τῆς
3202 405 3278 466 είς
3298 402 3581 474 δικαιοσύνην

411 483 532 550 quis
561 497 626 537 ex
685 497 870 536 eorum
939 501 1162 540 numero
1192 488 1282 555 qui
1339 501 1400 541 se
1458 490 1752 546 credidisse
1782 493 1970 547 existi-

411 585 579 636 mant,
619 576 852 628 nondum
885 571 1111 645 gloriam
1143 578 1233 632 Dei
1269 579 1422 647 vidit,
1456 581 1501 635 is
1527 582 1702 638 discat
1728 598 1788 638 se
1818 585 1968 655 argui

409 681 514 720 non
544 665 859 734 credidisse,
889 681 952 722 eo
977 669 1119 738 quod
1151 672 1387 725 nondum
1418 673 1554 728 vidit
1579 674 1805 744 gloriam
1832 678 1924 731 Dei
1954 694 1966 729 :

408 755 625 810 mentiri
657 756 856 810 etenim
902 757 994 812 ille
1027 773 1130 813 non
1165 761 1334 825 novit,
1375 763 1468 832 qui
1519 777 1624 817 non
1660 765 1832 818 solum
1877 766 1966 819 uni

409 844 650 911 Marthae,
683 861 868 901 verum
897 846 1063 903 etiam
1096 849 1400 922 cuicunque
1427 853 1560 909 dicit
1597 872 1611 908 :
1654 873 1673 907 ι
1709 855 1765 912 Si
1796 857 1967 913 credi-

407 935 569 1002 deris,
603 937 810 995 videbis
849 938 1079 1010 gloriam
1112 941 1209 996 Dei
1239 941 1306 998 ".
1345 961 1364 996 ι

475 1116 528 1171 '5.
562 1135 582 1169 ι
623 1115 970 1174 Sustulerunt
999 1133 1127 1188 ergo
1147 1119 1382 1189 lapidem
1411 1121 1475 1176 ⁸⁸.
1523 1140 1543 1175 ι
1576 1123 1645 1182 Ut
1677 1125 1812 1196 lapis
1840 1140 1966 1196 Spe-

405 1204 576 1262 lunca:
605 1207 890 1279 impositus
917 1209 1122 1265 tardius
1159 1211 1470 1278 tolleretur,
1521 1229 1677 1270 soror
1721 1216 1974 1273 defuncti”

403 1298 530 1354 fecit
558 1311 575 1352 :
601 1313 720 1367 qua:
747 1298 910 1354 veluti
934 1298 1038 1364 bis,
1065 1300 1262 1370 quibus
1287 1302 1528 1373 jusserat
1552 1305 1713 1361 Jesus
1741 1306 1962 1362 dicens:

407 1409 427 1443 ι
467 1389 660 1446 Tollite
694 1392 942 1461 lapidem,
979 1411 996 1443 ι
1036 1394 1269 1458 obstitit,
1303 1409 1428 1449 eum
1465 1395 1693 1452 dixisset
1732 1417 1746 1451 :
1781 1416 1799 1449 ι
1847 1396 1964 1452 Jam

402 1480 568 1546 fetet;
603 1482 994 1551 quatriduanus
1021 1484 1163 1538 enim
1191 1492 1274 1538 est
1301 1486 1377 1552 ";
1421 1505 1439 1536 ι
1482 1497 1536 1540 et
1560 1502 1690 1542 sane
1725 1488 1773 1541 ni
1808 1503 1964 1543 coer-

360 1573 508 1628 ‘cita
546 1573 734 1629 fuisset
780 1574 1007 1630 Martha:
1054 1575 1372 1641 infidelitas,
1423 1578 1638 1634 dicente
1679 1580 1753 1634 illi
1783 1579 1911 1635 Jesu
1947 1600 1962 1636 :

405 1688 423 1720 ι
461 1669 649 1724 Nonne
675 1669 784 1724 dixi
818 1671 934 1736 tibi,
968 1671 1108 1739 quod
1157 1672 1200 1725 si
1245 1673 1562 1739 credideris,
1600 1673 1806 1729 videbis
1843 1675 1960 1744 glo-

2072 492 2423 563 λογιζομένης
2451 492 2560 562 (60)
2602 493 2836 556 πίστεως
2871 493 3261 562 πιστεύσωμεν.
3298 492 3426 545 Εξδέ
3447 498 3583 556 τιςοῷ

2071 585 2217 638 δέπω
2255 578 2361 638 εἶδε
2409 583 2520 655 (61)
2553 583 2651 655 τὴν
2694 583 2850 649 δόξαν
2879 583 3012 636 Θεοῦ
3041 583 3146 635 τῶν
3180 583 3432 653 οἰομένων
3461 601 3581 638 mm-

2073 677 2371 738 στευκέναι,
2405 675 2717 748 μανθανέτω
2752 677 2882 746 (62),
2915 679 2993 731 ὅτι
3029 679 3330 750 ἐλέγχεται,
3356 675 3417 728 δι’
3438 667 3499 727 ὧν
3520 678 3582 728 οὐ·

2070 765 2215 820 δέπω
2257 763 2363 820 εἶδε
2417 767 2517 838 τὴν
2557 765 2724 832 δόξαν
2768 766 2861 819 τοῦ
2908 767 3061 833 Θεοῦ,
3115 768 3189 840 μὴ
3237 765 3581 828 πεπιστευκώς·

2069 858 2302 929 ἀψευδὴς
2344 857 2452 929 γὰρ
2496 859 2525 910 6
2553 855 2628 927 μὴ
2657 855 2858 928 Μάρθα
2893 856 3049 930 μόνῃ,
3080 857 3213 911 ἀλλά
3241 856 3334 910 καὶ
3371 855 3509 908 παντί
3531 871 3584 921 τῳ

2069 944 2240 1013 λέγων
2284 945 2361 998 τό·
2411 964 2428 998 t
2488 946 2613 1000 Ἐὰν
2663 945 2978 1019 πιστεύσῃς,
3034 947 3137 1018 ὀψε
3195 945 3294 1016 τὴν
3330 943 3472 1009 δόξαν
3518 945 3584 996 τοῦ

2069 1035 2224 1089 Θεοῦ.
2266 1056 2284 1088 ι
3149 1071 3152 1074 ι

2137 1129 2189 1182 5.
2228 1147 2246 1179 ι
2268 1123 2450 1200 ’Ἦραν
2481 1123 2574 1181 οὖν
2600 1128 2690 1181 τὸν
2714 1127 2877 1182 λίθον.
2907 1147 2926 1179 ι
2966 1127 3027 1180 Ἥ
3058 1125 3325 1198 βραδύτης
3352 1122 3439 1177 τοῦ
3463 1123 3586 1194 ἀρθῆ-

2068 1235 2156 1272 ναι
2187 1218 2276 1272 τὸν
2307 1219 2648 1289 ἐπικείμενον
2673 1218 2751 1289 τῷ
2783 1218 3030 1290 σπηλαίῳ
3043 1217 3188 1270 λίθον
3225 1216 3334 1270 ἀπὸ
3358 1215 3450 1284 τῆς
3471 1215 3586 1268 ἀδελ-

2067 1309 2175 1380 φῆς
2201 1308 2294 1362 τοῦ
2321 1309 2761 1381 τετελευτηκότος
2792 1309 3098 1380 γεγένηται·
3133 1307 3298 1362 οἱονεὶ
3319 1307 3420 1378 γὰρ
3449 1306 3589 1361 ἐνεπό-

2065 1400 2210 1454 δισεν
2241 1398 2322 1465 οἷς
2347 1401 2676 1472 προσέταξεν
2708 1403 2736 1453 6
2774 1401 2996 1472 Ἰησοῦς,
3025 1399 3211 1454 εἰπών’
3253 1417 3274 1450 ι
3319 1400 3502 1467 ’Ἄρατε
3523 1399 3588 1451 τὸν

2066 1493 2232 1556 λίθον,
2263 1513 2280 1545 ι
2307 1495 2543 1564 φήσασα·
2584 1512 2603 1543 ι
2636 1493 2771 1564 Ἤδη
2808 1493 2940 1558 ὄζειο
2973 1495 3285 1563 τεταρταῖος
3312 1490 3417 1562 γάρ
3438 1493 3584 1544 ἐστι’.

2067 1584 2160 1638 καὶ
2191 1585 2238 1636 εί
2277 1585 2349 1655 μὴ
2375 1583 2675 1637 ὲκεκώλυτό
2741 1600 2804 1652 γε
2836 1583 2870 1654 ἡ
2896 1583 2993 1654 τῆς
3020 1581 3250 1653 Μάρθας
3275 1581 3504 1642 ἀπιῖτία,
3532 1581 3588 1632 εί-

2067 1677 2258 1738 πόντος
2303 1675 2439 1746 αὐτῇ
2483 1674 2576 1728 τοῦ
2616 1674 2808 1744 Ἰησοῦο
2846 1693 2864 1726 ι
2919 1676 3033 1728 Οὐκ
3073 1669 3228 1726 εἶπόν
3267 1690 3369 1737 σοι,
3406 1673 3496 1735 ὅτι,
3521 1671 3588 1724 ἐὰν

401 1761 532 1816 riam
564 1761 654 1816 Dei
683 1761 838 1815 “'5'?
861 1781 879 1814 ι
912 1763 1326 1832 haudquaquam
1354 1765 1444 1832 qui
1473 1767 1774 1833 audierant,
1799 1787 1817 1819 ι
1842 1767 1966 1822 Tol-

2070 1764 2627 1838 πιστεύσῃς,δψειτὴν
2645 1762 2799 1829 δόξαν
2818 1763 2908 1817 τοῦ
2930 1763 3063 1817 Θεοῦ
3085 1780 3099 1828 ;
3135 1781 3153 1814 ι
3187 1753 3290 1816 οὐκ
3315 1762 3379 1815 ἂν
3405 1763 3450 1814 οἱ
3473 1760 3575 1814 ἀκού

400 1853 491 1908 lite
519 1852 772 1922 lapidem,
811 1872 828 1906 ι
862 1858 1210 1910 sustulissent
1248 1856 1500 1926 lapidem.
1531 1859 1642 1926 Age
1673 1860 1818 1914 enim
1864 1877 1960 1930 po-

399 1953 574 2006 natur,
617 1961 738 2000 cum
783 1947 986 2002 diceret
1012 1946 1186 2014 Jesus,
1227 1966 1245 1999 ι
1284 1947 1478 2004 Tollite
1534 1952 1784 2020 lapidem,
1824 1973 1843 2006 ι
1874 1955 1963 2009 de-

398 2035 566 2090 functi
597 2051 838 2091 sororem
867 2053 966 2092 nec
996 2039 1358 2108 respondisse,
1393 2056 1491 2095 nec
1515 2042 1725 2097 dixisse
1753 2063 1765 2098 :
1795 2063 1812 2096 ι
1843 2045 1959 2099 Jam

398 2124 550 2191 fetet,
579 2128 970 2195 quatriduanus
1006 2129 1150 2184 enim
1175 2138 1287 2196 est;
1329 2149 1348 2182 ι
1374 2131 1499 2199 quid
1517 2141 1828 2188 secuturum
1847 2132 1962 2190 fue-

399 2224 502 2282 rat,
531 2218 660 2286 quia
701 2218 964 2286 scriptum
1014 2218 1247 2275 fuisset:
1287 2239 1305 2272 ι
1343 2219 1484 2275 Dicit
1515 2220 1672 2277 Jesus
1717 2239 1732 2276 :
1769 2223 1962 2280 Tollite

397 2308 650 2378 lapidem,
712 2329 731 2361 ι
783 2311 909 2378 nisi,
955 2329 972 2362 ι
1020 2312 1354 2368 sustulerunt
1388 2313 1555 2384 igitur
1590 2315 1820 2387 lapidem
1862 2319 1885 2371 ?
1937 2338 1955 2372 ι

396 2399 548 2457 Nunc
573 2411 751 2457 autem
780 2417 898 2471 qua:
923 2403 1181 2458 dicuntur
1215 2420 1243 2457 a
1271 2421 1458 2462 sorore
1501 2408 1761 2475 defuncti,
1821 2410 1962 2465 inter

394 2492 500 2550 hoc
542 2495 781 2563 dictum,
836 2515 856 2548 ι
893 2497 1090 2552 Tollite
1140 2497 1395 2567 lapidem,
1434 2519 1454 2552 ι
1487 2507 1541 2554 et
1597 2492 1737 2556 inter
1791 2503 1958 2568 illud,

400 2603 420 2637 ι
452 2587 788 2642 sustulerunt
831 2587 995 2658 igitur
1042 2588 1300 2657 lapidem,
1333 2607 1351 2640 ι
1385 2590 1770 2658 impedimento
1809 2593 1959 2650 fuere

395 2676 682 2746 quominus
715 2677 998 2734 tolleretur
1025 2678 1180 2748 lapis.
1205 2677 1282 2734 Ac
1313 2693 1377 2734 ne
1403 2679 1512 2734 ullo
1539 2683 1755 2750 quidem
1775 2685 1955 2752 modo,

394 2767 556 2822 etiam
601 2769 644 2823 si
694 2784 846 2839 sero,
895 2768 1139 2824 sublatus
1181 2767 1405 2835 fuisset,
1455 2771 1557 2826 nisi
1619 2775 1957 2843 respondens

392 2856 552 2915 Iesus
589 2859 657 2915 ad
702 2860 843 2915 illius
897 2859 1332 2916 incredulitatem
1382 2862 1609 2918 dixisset
1654 2883 1667 2918 :
1705 2884 1724 2917 ι
1760 2866 1955 2922 Nonne

393 2950 501 3010 dixi
523 2950 638 3016 tibi,
659 2950 801 3019 quod
827 2951 872 3005 si
921 2949 1240 3015 credideris,
1270 2951 1477 3006 videbis
1511 2952 1736 3023 gloriam
1775 2955 1906 3011 Dei?
1929 2976 1948 3010 ι

393 3041 750 3108 Quamobrem
782 3042 980 3097 bonum
1005 3049 1109 3108 est,
1135 3043 1180 3098 si
1207 3058 1328 3099 cum
1349 3043 1480 3114 quid
1512 3047 1708 3116 cuique
1727 3049 1952 3116 jusserit

392 3133 672 3199 Dominus,
723 3133 769 3189 is
814 3133 946 3188 nihil
992 3135 1382 3205 interposuerit
1421 3137 1563 3191 inter
1606 3137 1722 3206 eius
1744 3141 1952 3211 jussio-

390 3239 514 3280 nem
560 3233 616 3282 et
663 3226 848 3294 operis
891 3226 1292 3298 impletionem;
1345 3230 1651 3299 opinorque
1701 3247 1835 3287 sane
1879 3233 1952 3296 ei,

388 3316 480 3384 qui
515 3317 776 3387 ejusmodi
813 3330 914 3384 est,
939 3321 1229 3374 convenire
1259 3327 1318 3373 ut
1342 3335 1400 3374 se
1439 3319 1767 3376 imitatorem
1797 3323 1956 3378 Chri-

391 3406 460 3461 sti
499 3405 698 3463 factum
731 3421 854 3462 esse
880 3407 1045 3464 dicat.
1083 3407 1149 3464 Ut
1169 3409 1312 3464 enim
1339 3409 1560 3466 Christo
1588 3428 1606 3462 ι
1632 3411 1768 3466 dixit
1791 3412 1952 3480 Deus,

387 3506 445 3552 et
490 3497 628 3553 facta
671 3509 830 3565 sunt;
889 3499 1182 3564 mandavit,
1229 3508 1285 3554 et
1331 3510 1513 3556 creata
1565 3511 1690 3556 sunt
1714 3503 1794 3569 ";
1826 3519 1846 3554 ι
1875 3503 1955 3559 sic

389 3587 529 3644 fideli
563 3604 684 3644 cum
713 3589 848 3644 dixit
868 3588 1139 3657 Christus,
1165 3590 1338 3645 fidelis
1367 3589 1526 3658 fecit;
1553 3607 1677 3646 cum
1701 3591 1953 3648 Christus

390 3681 622 3744 mandat,
657 3681 748 3735 ille
778 3683 1086 3737 mandatum
1118 3680 1384 3750 implevit,
1410 3681 1543 3735 nihil
1575 3696 1740 3736 morae
1782 3683 1951 3736 inter-

387 3787 622 3843 ponens;
655 3773 738 3828 vel
764 3773 866 3828 sibi
898 3773 1219 3828 damniﬁcus
1245 3775 1351 3827 erit
1399 3773 1789 3839 inobedientia,
1825 3774 1950 3841 quia

387 3863 688 3921 intercedat
711 3875 922 3933 tempus
949 3865 1091 3920 inter
1121 3865 1405 3935 imperium
1438 3874 1492 3919 et
1524 3865 1736 3934 imperii
1761 3865 1947 3934 exple-

389 3958 612 4014 tionem.
679 3958 1002 4012 Existimare
1045 3958 1189 4012 enim
1232 3957 1500 4013 debemus
1543 3965 1750 4025 tempus
1795 3957 1946 4022 illud,

387 4052 528 4120 quod
557 4053 902 4118 interponunt
927 4049 1113 4118 aliqui,
1162 4060 1349 4118 postea
1383 4049 1634 4103 mandata
1661 4047 1944 4112 facientes,

389 4149 598 4205 tempus
628 4153 746 4192 esse
770 4137 1146 4192 inobedientiae
1178 4139 1449 4206 praacepti.
1512 4137 1659 4192 Hanc
1685 4139 1846 4191 etiam
1878 4136 1948 4204 ob

387 4244 604 4286 causam
632 4229 722 4298 qui
744 4228 964 4299 jubetur
999 4244 1029 4282 a
1063 4241 1212 4298 patre
1241 4230 1292 4283 in
1319 4229 1593 4299 Evangelii
1625 4230 1878 4299 parabola
1901 4229 1946 4262 ³³

385 4323 650 4394 proﬁcisci
679 4324 732 4376 in
760 4336 970 4392 agrum,
1003 4331 1057 4377 et
1085 4323 1324 4391 operari,
1359 4324 1483 4392 quia
1518 4339 1622 4379 non
1655 4322 1944 4378 confestim

2069 1874 2277 1917 σαντες·
2319 1876 2338 1908 ι
2381 1857 2579 1930 ’Λρατε
2611 1857 2701 1911 τὸν
2731 1857 2893 1920 λίθον,
2941 1877 2958 1908 ι
2992 1852 3132 1928 ἦραν
3174 1856 3266 1908 τὸν
3298 1855 3454 1908 λίθον.
3489 1855 3586 1925 Φέρε

2063 1948 2170 2019 γὰρ
2200 1948 2319 2002 καθ’
2342 1948 2613 2012 ὑπόθεσιν,
2645 1948 2885 2012 εἰπόντος
2907 1947 2998 2001 τοῦ
3032 1946 3227 2019 Ἰησοῦ”
3254 1966 3272 1997 ι
3315 1948 3502 2017 Ἀρατε
3523 1947 3588 1998 τὸν

2062 2038 2225 2102 λίθον,
2265 2057 2282 2088 ι
2319 2038 2392 2109 μὴ
2424 2038 2816 2109 ἁποκεκρῖσθαι
2847 2038 2943 2110 τὴν
2979 2037 3213 2108 ἀδελφὴν
3260 2036 3354 2088 τοῦ
3393 2034 3581 2087 τετελευ-

2059 2131 2303 2202 τηκότος,
2333 2130 2464 2200 μηδὲ
2495 2130 2786 2201 είρηκέναισ
2825 2149 2842 2181 ι
2875 2129 3008 2200 Ἤδη
3038 2128 3169 2192 ὄζει·
3190 2130 3492 2197 τεταρταῖος
3509 2128 3586 2198 γάρ

2062 2224 2199 2286 ἐστι,
2233 2243 2250 2273 ι
2282 2223 2333 2275 τί
2377 2218 2468 2276 οὖν
2517 2222 2876 2294 ἠκολούθησεν
2914 2221 2977 2275 ἂν
3014 2220 3172 2274 τοῦτο
3219 2220 3526 2289 γεγράφθαι,
3562 2221 3586 2289 ἢ

2060 2315 2216 2367 τοῦτο
2261 2314 2288 2366 ὃ
2337 2314 2481 2380 λέγει
2513 2317 2542 2367 6
2584 2314 2806 2386 Ἰησοῦς·
2844 2335 2861 2366 ι
2901 2317 3100 2385 Ἀρατε
3151 2313 3243 2366 τὸν
3289 2313 3447 2377 λίθον,
3481 2309 3586 2384 ἦραν

2059 2403 2150 2461 οῦν
2184 2408 2272 2461 τὸν
2301 2407 2445 2462 λίθον
2465 2409 2554 2478 (62
2580 2409 2626 2480 );
2657 2429 2674 2458 ι
2697 2409 2832 2461 Νυνὶ
2846 2407 2900 2460 δὲ
2919 2407 3118 2477 μεταξὺ
3134 2407 3246 2460 τοῦο
3290 2426 3308 2458 ι
3324 2409 3506 2479 Ἀρατε
3521 2406 3586 2460 τὶν

2050 2496 2224 2561 λίθον,
2269 2517 2286 2547 ι
2325 2499 2417 2550 καὶ
2447 2497 2563 2551 τοῦθ
2597 2517 2615 2549 ι
2649 2494 2830 2570 τΗραν
2867 2493 2957 2550 οῦν
2989 2497 3076 2550 τὸν
3115 2499 3282 2564 λίθον,
3326 2519 3343 2550 ι
3380 2499 3444 2551 τά
3473 2501 3585 2569 εἰρη-

2063 2588 2197 2658 μένα
2232 2589 2337 2641 ὑπὸ
2369 2591 2465 2660 τῆς
2499 2589 2729 2660 ἀδελφῆς
2755 2588 2844 2642 τοῦ
2873 2589 3322 2660 τετελευτηκότος
3355 2591 3585 2643 ὲνεπίόισε

2058 2679 2135 2749 τῷ
2161 2680 2389 2750 ἀρθῆναι
2423 2680 2512 2732 τὸν
2557 2679 2721 2734 λίθον.
2760 2679 2868 2732 Καὶ
2903 2679 3003 2732 οὐκ
3040 2678 3104 2732 ἂν
3127 2679 3246 2732 οὐδὲ
3297 2679 3394 2750 τὴν
3430 2680 3585 2750 ἀρχὴν,

2060 2769 2162 2823 κᾶν
2198 2769 2431 2842 βράδιον,
2461 2769 2623 2842 ἤρθη,
2656 2772 2703 2824 εἰ
2740 2771 2814 2842 μὴ
2841 2768 3157 2838 ἀποκριθεὶς
3187 2771 3215 2823 6
3257 2769 3458 2840 Ἰησοῦς

2056 2861 2154 2933 τὴν
2180 2861 2390 2933 ἐκείνης
2405 2863 2662 2916 ἀπιστίαν
2689 2862 2898 2934 εἰρήκει
2929 2862 3008 2914 τόο
3044 2879 3062 2912 ι
3091 2862 3202 2914 Οὐκ
3223 2855 3379 2915 εἶπόν
3401 2878 3490 2924 σοι,
3508 2862 3584 2925 ὅτι,

2056 2951 2151 3006 ὲάν
2183 2953 2495 3025 πιστεύσῃς,
2532 2953 2652 3024 ὄψει
2690 2953 2788 3025 τὴν
2814 2951 2969 3018 δόξαν
3005 2952 3098 3006 τοῦ
3147 2952 3327 3020 Θεοῦ;
3384 2971 3400 3003 ι
3445 2949 3586 3004 Καλὸν

2056 3039 2148 3096 οῦν
2179 3044 2238 3097 τὸ
2267 3044 2428 3115 μηδὲν
2453 3044 2703 3113 γενέσθαι
2727 3044 2925 3114 μεταξὺ
2952 3045 3049 3115 τῆς
3080 3043 3256 3115 Ἰησοῦ
3281 3045 3584 3116 προστάξεως

2055 3136 2146 3189 καὶ
2175 3135 2270 3188 τοῦ
2304 3136 2410 3188 ἀπὸ
2447 3135 2553 3188 τῶν
2595 3135 3080 3207 προστασσομένων
3125 3136 3255 3207 περὶ
3299 3129 3374 3190 ὧν
3417 3135 3583 3206 Ἰησοῦς

2053 3227 2351 3292 ἐκέλευσεν,
2393 3226 2552 3297 έργου
2601 3228 2730 3299 (65).
2788 3228 2898 3280 Καὶ
2947 3223 3099 3298 οἶμαι
3141 3245 3205 3296 γε
3257 3226 3585 3300 ἁρμόσειντῷ

2052 3317 2273 3389 τοιούτῳ
2300 3319 2492 3382 εἰπεῖν,
2512 3320 2592 3372 ὅτι
2620 3317 2858 3390 μιμητὴς
2885 3319 3073 3387 γέγονε
3120 3319 3380 3390 Χριστοῦ·
3405 3320 3475 3382 ὡς
3500 3317 3582 3387 γὰρ

2051 3410 2223 3479 τούτῳ
2254 3430 2272 3462 ι
2313 3408 2462 3463 εἶπεν
2506 3412 2534 3463 6
2569 3410 2718 3474 Θεὸς,
2768 3409 2862 3464 καὶ
2905 3409 3258 3480 ἐγενήθησαν·
3302 3411 3580 3470 ἐνετείλατο,

2052 3503 2144 3555 καὶ
2179 3502 2522 3573 ἐκτίσθησανο
2565 3521 2582 3552 ι
2617 3501 2786 3564 οὕτως
2822 3500 2897 3571 τῷ
2935 3500 3109 3571 πιστῷ
3146 3496 3268 3553 εἷπε
3301 3501 3396 3571 μὲν
3426 3503 3452 3553 6
3478 3501 3580 3571 Χρι-

2053 3595 2195 3659 στὸς,
2231 3595 2495 3664 πεποίηκε
2545 3595 2599 3646 δὲ
2641 3586 2816 3656 οὗτος⁹
2856 3594 2949 3646 καὶ
2995 3593 3300 3647 ἐνετείλατο
3345 3586 3486 3654 οὗτος
3510 3590 3579 3644 τοῦ

2049 3686 2182 3740 Θεοῦ
2215 3687 2345 3758 (64),
2389 3681 2546 3750 οὗτος
2590 3686 2645 3739 δὲ
2675 3686 2771 3756 τὴν
2800 3686 3016 3757 ἐντολὴν
3063 3686 3412 3758 πεπλήρωκε,
3449 3682 3580 3754 μηδὲν

2051 3778 2434 3850 ὑπερθέμενος,
2488 3777 2619 3849 μηδὲ
2665 3776 2946 3847 ζημιώσας
2994 3777 3185 3830 ἑαυτὸν
3229 3778 3471 3848 παρακοῇ
3507 3772 3578 3826 τοῦ

2053 3868 2251 3940 μεταξὺ
2279 3871 2376 3940 τῆς
2400 3868 2744 3940 προστάξεως
2771 3869 2863 3922 καὶ
2894 3867 2986 3922 τοῦ
3025 3869 3185 3939 ἔργου
3217 3870 3430 3942 χρόνου·
3459 3884 3576 3936 νομι-

2051 3963 2201 4016 στέον
2235 3961 2341 4033 γάρ
2376 3961 2452 4032 τῷ
2492 3961 2712 4033 ὕστερον
2763 3961 3001 4015 ποιοῦντι
3037 3963 3098 4016 τὸ
3139 3960 3576 4032 προστεταγμένον

2050 4052 2334 4123 παρακοῆς
2383 4051 2570 4123 χρόνον
2623 4047 2759 4104 εἶναι
2801 4052 2928 4121 περὶ
2960 4052 3057 4122 τῆς
3105 4051 3342 4121 ἐντολῆς,
3386 4050 3467 4103 τὸν
3501 4048 3575 4116 τῆς

2049 4144 2328 4214 ἀναϐολῆς.
2361 4143 2457 4196 Διά
2496 4143 2651 4195 τοῦτο
2693 4143 2749 4194 δὲ
2793 4143 2944 4196 καὶὸ
2991 4144 3048 4196 ὲν
3079 4145 3143 4214 τῇ
3187 4142 3461 4214 παραϐολῇ
3503 4136 3573 4190 τοῦ

2048 4233 2374 4302 Εύαγγελίου
2405 4232 2759 4304 προσταχθεὶς
2787 4233 2889 4286 ὑπὸ
2930 4231 3022 4285 τοῦ
3055 4231 3256 4303 πατρὸς
3284 4227 3574 4302 πορευθῆναι

2048 4327 2128 4387 εἰς
2154 4325 2243 4377 τὸν
2263 4323 2450 4395 ἀγρὸν,
2478 4325 2570 4377 καὶ
2598 4323 2950 4394 ἐργάσασθαι,
2979 4322 3051 4393 μὴ
3093 4323 3427 4394 παραχρῆμα
3450 4318 3572 4386 ποιή-

385 4414 534 4480 fecit,
586 4415 678 4469 sed
731 4413 948 4482 quando
1007 4413 1324 4481 poenitentia
1379 4423 1556 4470 motus
1603 4415 1754 4481 abiit,
1782 4415 1942 4485 3'72

2062 4435 2166 4481 ςας,
2205 4417 2315 4471 ἀλλ’
2363 4418 2452 4470 ὅτε
2498 4416 2720 4486 ὕστερον
2767 4415 3157 4487 μεταμεληθεὶς
3192 4413 3445 4485 ἀπῆλθεν,
3493 4410 3571 4462 οὐκ

384 4522 489 4562 non
530 4508 656 4562 fecit
696 4507 1030 4563 voluntatem
1082 4507 1254 4576 patris
1298 4520 1393 4575 per
1425 4509 1476 4561 id
1524 4518 1752 4576 tempus,
1799 4509 1941 4576 quod

2062 4509 2266 4580 εποίησε
2293 4509 2354 4560 τὸ
2382 4507 2588 4579 θέλημα
2613 4507 2704 4560 τοῦ
2745 4507 2946 4579 πατρὸς
2978 4508 3034 4559 ὲν
3066 4505 3141 4576 τῷ
3174 4505 3279 4576 πρὸ
3307 4505 3404 4574 τῆς
3435 4517 3568 4572 μετα-

385 4600 708 4662 intercessit,
737 4609 1029 4670 antequam
1073 4600 1388 4668 paenitentia
1425 4608 1758 4653 moveretur.
1798 4599 1942 4665 Quo-

2062 4597 2262 4660 ιελείας
2284 4598 2476 4668 χρόνῳ.
2506 4597 2702 4668 Διόπερ
2725 4597 3117 4668 μνημονευτέον
3147 4594 3262 4648 τοῦ⁹
3306 4613 3324 4645 ι
3353 4595 3438 4664 Μὴ
3463 4589 3567 4644 ἀνά-

384 4692 525 4746 circa
548 4706 812 4746 memores
837 4691 1004 4746 simus
1031 4704 1251 4744 necesse
1271 4700 1357 4744 est
1392 4689 1534 4744 illius
1557 4689 1689 4744 dicti
1729 4707 1744 4742 ;
1795 4707 1814 4740 ι
1865 4689 1942 4744 Ne

2062 4707 2174 4743 LEVE.
2208 4690 2316 4760 (65)
2336 4689 2654 4760 ἐπιπρέψαι
2688 4688 2820 4758 πρὸς
2851 4689 3069 4761 Κύριον,
3107 4687 3243 4758 μηδὲ
3268 4683 3564 4757 ὑπερϐάλλω

383 4783 748 4850 percuncteris
794 4783 994 4837 reverti
1035 4783 1102 4836 ad
1150 4783 1458 4844 Dominum,
1507 4795 1681 4849 neque
1723 4780 1940 4836 differas

2062 4781 2253 4851 )μέραν
2275 4779 2334 4844 ἐξ
2361 4781 2590 4852 ἡμέρας,
2626 4799 2643 4829 ι
2679 4779 2771 4833 καὶ
2795 4779 2907 4832 τοῦ·
2949 4798 2967 4831 ι
3005 4780 3094 4850 Μὴ
3121 4771 3563 4849 εῖπῃς·,Ἐπανελ-

383 4874 448 4926 de
479 4873 566 4928 die
593 4873 644 4926 in
671 4874 811 4928 diem
830 4874 906 4939 ι⁵⁸;
931 4893 950 4926 ι
974 4884 1028 4929 et
1055 4873 1195 4928 illius
1227 4890 1241 4927 :
1277 4891 1294 4923 ι
1327 4873 1401 4927 Ne
1425 4874 1628 4926 dixeris
1658 4890 1670 4924 :
1701 4873 1938 4928 Rediens

2062 4875 2148 4929 ’ὼν
2177 4875 2434 4946 ἐπάνηκε,
2463 4874 2556 4928 καὶ
2577 4872 2763 4944 αὔριον
2785 4871 2958 4934 δώσω,
2991 4871 3213 4925 δυνατοῦ
3241 4887 3333 4924 σου
3358 4867 3490 4930 ὄντος
3515 4857 3561 4916 εὖ

382 4965 519 5028 redi,
549 4975 604 5019 et
637 4979 762 5019 cras
783 4964 921 5018 dabo
954 4965 1072 5028 tibi,
1099 4981 1218 5020 cum
1251 4966 1424 5034 possis
1451 4965 1767 5019 beneﬁcium
1801 4979 1934 5019 con-

2062 4972 2233 5024 ποιεῖν.
2273 4990 2291 5019 ι
2333 4969 2452 5040 Χρὴ
2484 4967 2658 5021 τοίνυν
2692 4965 3022 5036 κατηγορίαν
3051 4962 3290 5035 νομίζειν
3328 4958 3455 5016 εἶναι
3485 4955 3562 5025 τῆς

479 5055 522 5086 ⁸⁷
547 5055 699 5109 Joau.
730 5055 888 5119 “,40
1013 5056 1204 5110 l"'lhid.
1226 5057 1314 5112 Ill.
1408 5056 1452 5088 ⁸³
1476 5056 1712 5112 lbid.39.
1805 5059 1966 5113 “'“l

377 5125 426 5158 “
440 5125 603 5181 Eccli.
629 5141 678 5181 ν.
703 5125 758 5179 8.

2062 5102 2073 5114 .
2114 5063 2206 5117 40.
2317 5060 2521 5116 "Psal.
2550 5059 2796 5122 xxxtt,9.
2910 5059 2956 5089 ⁵⁸
2977 5057 3167 5111 Matth.
3219 5072 3331 5118 χιι,
3372 5053 3455 5119 28,
3485 5049 3561 5105 29.

380 5232 509 5282 gens
538 5218 762 5285 paginas
787 5215 902 5271 fere
923 5218 1056 5289 duas
1079 5220 1380 5288 complexa,
1432 5233 1591 5289 quam
1625 5217 1692 5289 in
1740 5219 1928 5274 codice
2033 5221 2196 5277 male.

381 5277 562 5338 itidem
598 5277 697 5341 suo
730 5290 929 5360 reperit
957 5277 1281 5360 Ferrarius;
1315 5277 1466 5344 utide'
1487 5285 1592 5360 tres
1622 5287 1738 5341 illos
1777 5290 1927 5342 codi-
2107 5277 2472 5360 (62')'Locus_.
2500 5297 2557 5341 ut
2586 5285 2809 5360 videtur,
2837 5283 3328 5360 mendosus,_quem
3359 5280 3435 5336 vel
3477 5277 3555 5333 all-

381 5371 559 5426 cesex
589 5372 694 5426 uno
726 5353 872 5410 fonte
901 5357 1169 5425 profectos
1199 5353 1364 5413 fuisse
1395 5359 1734 5426 perspicuum
1774 5367 1876 5412 est.
2039 5373 2121 5413 ιρι·
2190 5353 2318 5420 legit
2389 5357 2472 5411 vel
2536 5353 2968 5422 conjecturaliter
3021 5353 3253 5409 reddidit
3299 5355 3534 5417 interpres

454 5425 563 5502 ςδθ)
588 5425 767 5480 Codex
802 5426 1020 5496 Regius,
1055 5427 1210 5493 male,
1236 5430 1330 5498 τῆς
1366 5425 1462 5498 σῆς
1489 5425 1827 5498 δικαιοσύνης
1847 5428 1931 5480 λο-

2062 5433 2188 5502 Em'r.
2232 5429 2513 5502 ParttOL._
2573 5496 2604 5502 __
2644 5496 2656 5502 _
2848 5495 2870 5502 _
3058 5493 3093 5502 _
3173 5493 3185 5502 .

376 5490 711 5567 γιςομέντλςο-
841 5490 906 5567 ,⁷
941 5565 969 5567 ,_
1013 5564 1022 5567 _
1199 5490 1206 5493 ’
1419 5490 1452 5498 Γ
1535 5560 1574 5567 -_
1707 5563 1736 5567 _
1784 5490 1831 5567 ’κ

2108 5501 2220 5567 (o3)
2261 5500 2436 5567 Codex
2475 5495 2824 5567 Bodleianus,
2847 5495 3028 5565 ἔργου,
3058 5490 3480 5567 Β-εᾳὶιιεκέργων.
3595 5513 3600 5528 ι

450 5560 560 5636 (tit)
603 5560 784 5636 Codex
841 5563 1190 5628 Bodleianus,
1230 5563 1452 5633 optime,
1508 5560 1647 5617 εἶδε·
1707 5563 1927 5631 Regius,

2109 5560 2222 5636 (64)
2257 5564 2442 5632 Οὗτος
2476 5565 2580 5618 τοῦ
2610 5563 2772 5618 Θεοῦ.
2807 5560 2946 5632 Lege
2975 5581 2988 5618 :
3015 5567 3044 5624 6
3072 5564 3202 5636 [[69
3215 5561 3304 5616 τοῦ
3316 5560 3467 5636 Θεοῦ,

382 5627 683 5708 πιθέίεὶέὲτνι
776 5703 809 5708 _
1177 5627 1282 5633 θ’
1448 5702 1464 5708 -
1554 5702 1564 5708 .
1709 5627 1922 5708 -’.’

2239 5627 2781 5702 Οοιιείϐοαιεὶιιουε,
2804 5627 3054 5706 ἀνάμενε·
3077 5633 3290 5705 Regius,
3305 5627 3552 5685 ἀναμένω-

447 5699 560 5770 (62)
571 5701 753 5757 Codex
776 5702 1116 5771 Bodleianus,
1138 5711 1308 5770 recte,
1333 5702 1671 5772 μανθανέτω*
1709 5702 1926 5770 Regius,

2117 5699 2128 5710 \
2202 5699 2213 5708 ι
2768 5699 2774 5702 -
2911 5699 2923 5706 ν
3160 5699 3183 5705 ν

3447 5751 3466 5770 ’.

2254 5217 2598 5291 μανθάνεται.
