3688 6146
127 289 227 343 685

1091 287 1445 344 COMMENT.
1489 288 1552 341 IN
1592 288 1784 343 JOAN.
1828 289 2066 345 'I'OMUS
2100 289 2330 345 XXVIII.

3244 295 3349 350 686

123 408 345 480 Μάρθας
396 407 721 480 βραδύτερον
752 409 1131 481 γεγραμμένον
1182 410 1262 462 τό·
1305 428 1324 462 ι
1371 405 1552 480 ’Ἦραν
1585 407 1663 464 οὖι

1841 426 1928 466 rre
1960 411 2028 465 ⁸³.
2064 431 2084 464 ι
2131 413 2316 483 ltaqne
2357 414 2668 469 necessario
2718 414 2874 470 nobis
2924 414 3348 474 existimandum

125 496 209 550 τὸν
233 495 398 561 λίθον,
419 501 436 548 ι
457 497 576 551 δέον
596 499 726 570 ἐξῆς
750 499 882 553 αὐτὸ
907 499 1154 572 είρῆσθαι
1180 499 1276 572 τῷ·
1304 520 1323 552 ι
1347 501 1556 570 Λέγειὸ
1580 501 1686 573 Ἰη-

122 587 276 653 σοῦς·
297 590 499 662 ’Δρατε
510 590 602 646 τὸν
628 591 794 646 λίθον.
818 612 840 645 ι

1788 513 1894 565 est,
1930 506 2331 560 accusationem
2360 516 2480 560 esse
2509 505 2752 570 Marthae,
2811 508 2953 577 quod
2977 509 3181 564 tardius
3213 509 3350 564 scri-

1787 602 1940 662 ptum
1973 593 2135 650 fuerit
2165 614 2181 652 :
2219 613 2237 647 t
2268 594 2612 650 Sustulerunt
2637 597 2799 666 igitur
2843 596 3077 668 lapidem
3113 615 3128 652 :
3167 619 3188 652 ι
3220 614 3346 654 cum

122 684 353 756 alioquin
387 701 479 743 res
517 689 833 760 postularet,
865 699 925 746 ut
955 705 1078 745 cum
1105 689 1332 746 dixisset
1373 689 1552 756 Iesus,
1583 705 1603 740 ι
1636 686 1834 744 Tollite
1860 689 2118 762 lapidem,
2159 709 2182 743 ι
2223 691 2477 762 deinceps
2503 699 2842 763 sequeretur,
2875 712 2898 744 c
2935 691 3197 749 Tulerunt
3218 708 3350 767 ergo

121 782 364 836 lapidem.
412 800 433 835 ι
1670 816 1674 820 -

206 798 217 834 l
348 820 364 836 .
1670 816 1674 820 -

169 782 400 928 ptfitm'o
412 800 481 928 ἰδὲ
506 873 712 945 Ἰησοῦς
740 866 842 943 ἦρε
868 874 996 936 τοὺς
1023 873 1333 947 ὀφθαλμοὺς
1381 875 1493 930 ἄνω
1510 916 1524 940 ,
1582 875 1676 932 καὶ

114 957 876 1036 εἷπεηὰγεγραμμέναᾘερὶ
907 967 1013 1020 τῶν
1043 967 1334 1040 ὀφθαλμῶν
1371 967 1545 1042 Ἰησοῦ
1580 970 1693 1024 καὶ·

116 1054 206 1126 τῆς
235 1053 470 1125 σχέσεως
499 1055 676 1109 αὐτῶν
709 1056 846 1129 πρός
894 1075 1043 1124 τινας
1073 1060 1348 1132 ἐπιμελῶς
1388 1062 1670 1136 τηρητέον,

109 1145 202 1198 καὶ
233 1144 545 1209 ἐξεταστέον
603 1142 714 1200 οἷον
758 1147 819 1200 ἐν
871 1148 971 1218 μὲν
1018 1149 1098 1221 τῷ
1129 1150 1271 1205 κατὰ
1313 1152 1548 1216 Λουκᾶν,
1580 1153 1670 1206 ὅτε

113 1235 294 1308 ἔμελλε
321 1235 497 1305 λέγειν
518 1238 646 1301 τοὺς
672 1242 1069 1312 μακαρισμοὺς,
1091 1242 1184 1295 καὶ
1209 1242 1309 1314 τὴν
1338 1243 1465 1315 ἐξῆς
1490 1244 1671 1308 αὐτοῖς

111 1325 466 1392 διδασκαλίαν,
496 1347 515 1381 ι
537 1330 746 1400 ἐπάρας
766 1331 892 1395 τοὺς
913 1331 1223 1404 ὀφθαλμοὺς
1254 1334 1418 1388 αὐτοῦ
1447 1336 1528 1400 είς
1545 1337 1670 1400 τοὺς

113 1419 349 1489 μαθητὰς
379 1419 544 1474 αὐτοῦ
572 1420 744 1492 ἔλεγεο
777 1441 796 1475 ι
831 1424 949 1478 νυνὶ
973 1424 1028 1478 δέ
1056 1445 1073 1476 ι
1097 1421 1198 1498 ἦρε
1223 1429 1346 1492 τοὺς
1360 1427 1668 1501 ὀφθαλμοὺς

109 1511 262 1564 αὐτοῦ
295 1513 428 1578 ἀνω,
455 1513 549 1567 καὶ
571 1509 712 1568 εἷπε·
750 1534 769 1567 ι
792 1515 1154 1588 διδασκόμεθα
1187 1519 1294 1591 γὰρ
1319 1521 1426 1574 ἀπὸ
1452 1522 1549 1592 μὲν
1572 1522 1666 1576 τοῦ

1851 869 1908 928 4.
1942 889 1962 923 ι
2001 871 2071 925 At
2111 871 2269 928 Jesus
2299 873 2518 930 sustulit
2560 874 2743 930 oculos
2794 889 3034 939 sursum,
3063 885 3116 931 et
3148 875 3282 931 dixit
3317 894 3342 932 ι

1780 976 1899 1033 quae
1919 962 2122 1034 scripta
2151 973 2278 1018 sunt
2303 964 2372 1019 ³⁵.
2417 966 2494 1022 De
2534 967 2707 1022 oculis
2742 965 2889 1033 Jes‘u,
2930 967 3104 1038 deque
3154 983 3364 1024 eorum-

1779 1055 1963 1110 habitu
1986 1069 2113 1125 erga
2145 1056 2432 1126 quosdam,
2484 1057 2710 1130 diligens
2761 1059 3072 1115 observatio
3117 1060 3346 1132 inquisi—

1779 1144 1964 1215 tioque
1993 1154 2077 1202 est
2121 1145 2449 1202 adhibenda.
2499 1145 2664 1204 Verbi
2713 1149 2912 1219 gratia,
2948 1149 3001 1204 in
3049 1149 3342 1221 Evangelia

1777 1235 1938 1291 Luca:
1991 1237 2232 1292 dicturus
2287 1238 2685 1308 beatitudines,
2746 1239 2940 1309 hisque
2995 1240 3356 1312 coniunctam-

1775 1327 2100 1394 doctrinam,
2131 1348 2150 1381 ι
2184 1329 2410 1386 elevatis
2455 1329 2627 1386 oculis
2672 1329 2728 1386 in
2769 1331 3062 1402 discipulos
3100 1347 3226 1389 suos
3254 1333 3345 1388 di-

1773 1420 1931 1476 cebat
1956 1420 2035 1486 ";
2074 1439 2094 1474 ι
2133 1436 2275 1479 nunc
2314 1431 2496 1478 autem
2539 1441 2561 1476 ι
2593 1423 3024 1481 sustulitoculos
3063 1439 3192 1481 suos
3217 1440 3342 1482 sur-

1774 1527 1916 1579 sum,
1961 1523 2018 1569 et
2044 1515 2181 1571 dixit
2209 1533 2223 1572 :
2255 1535 2275 1569 ι
2307 1532 2336 1570 a
2362 1518 2540 1583 primo
2565 1532 2826 1588 namque
2865 1517 3008 1573 dicto
3054 1532 3341 1574 monemur

109 1603 385 1674 προτέρου,
411 1605 494 1658 ὅτι
527 1605 602 1678 μὴ
632 1605 783 1660 κάτω
823 1608 960 1662 είσὶν
985 1608 1035 1661 οί
1064 1609 1158 1662 τοῦ
1189 1609 1365 1680 Ἰησοῦ
1409 1611 1663 1683 μαθηταί·

1841 1604 2066 1674 scipulos
2097 1621 2223 1661 suos
2264 1605 2472 1662 inferne
2501 1623 2604 1662 non
2629 1623 2780 1675 esse,
2830 1623 2992 1678 quam
3021 1610 3090 1664 ob
3114 1623 3355 1664 causam

107 1693 282 1767 διόπερ
309 1695 625 1769 ἐπαίρονται
649 1697 699 1751 οί
729 1698 996 1771 ὀφθαλμοὶ
1017 1699 1110 1754 τοῦ
1131 1703 1457 1758 Διδασκὰλου
1474 1706 1552 1768 είς
1576 1705 1672 1758 αύ-

106 1787 241 1853 τούς,
265 1784 345 1852 οἷς
365 1788 514 1853 ἄξιον
545 1784 612 1861 ἦν
643 1790 848 1863 ἐπᾶραι
891 1793 1058 1848 αὐτὸν
1091 1795 1217 1859 τοὺς
1253 1795 1446 1850 ἑαυτοῦ
1473 1796 1672 1865 ὀφθαλ-

113 1879 254 1950 μούς.
304 1879 406 1934 Διὰ
437 1880 498 1933 δέ
539 1881 632 1936 τοῦ
666 1882 760 1937 νῦν
802 1883 1208 1957 ἐξεταζομένου,
1244 1888 1324 1941 ὅτι
1377 1889 1671 1960 μετέθηκεν

105 1970 285 2025 ἑαυτοῦ
304 1973 364 2025 τὸ
393 1973 730 2044 διανοητικὸν
747 1975 854 2029 ἀπὸ
885 1977 986 2047 τῆς
1021 1978 1156 2049 πρὸς
1198 1981 1324 2044 τοὺς
1356 1980 1506 2034 κάτω
1540 1983 1668 2052 ὀμι-

104 2064 232 2129 λίας,
264 2066 354 2118 καὶ
379 2066 643 2138 ἀνήγαγε,
661 2069 755 2122 καὶ
778 2068 958 2139 ῦψωσε
981 2073 1269 2143 προσάγων
1284 2073 1415 2127 αὐτὸ
1439 2077 1505 2146 τῇ
1533 2074 1672 2147 πρὸς

103 2156 185 2210 τὸν
217 2157 472 2230 ὑπεράνω
504 2159 720 2213 πάντων
764 2160 986 2232 Πατέρα
1018 2162 1170 2234 εὐχῇ.
1206 2163 1367 2217 Ἀλλὰ
1386 2166 1480 2219 καὶ
1511 2167 1668 2237 εἴπερ

108 2249 338 2322 μιμητὴς
373 2251 610 2323 Χριστοῦ
653 2253 768 2306 ἐστι
817 2253 1046 2320 Παῦλος,
1087 2255 1182 2310 καὶ
1209 2258 1258 2310 οί
1298 2260 1682 2332 παραπλήσιοι

103 2341 257 2412 αὐτῷ,
285 2342 499 2415 ἀνάγκη
531 2343 622 2397 τὸν
654 2344 796 2398 κατὰ
826 2343 986 2418 ζῆλον
1014 2347 1108 2402 κα)⁵
1133 2347 1362 2420 μίμησιν
1410 2351 1509 2422 τῆς
1535 2353 1670 2423 Χρι-

105 2429 219 2483 στοῦ
252 2431 415 2503 εὐχῆς
456 2432 761 2505 εὐξόμενον,
799 2435 1013 2508 ἄραντα
1057 2439 1184 2502 τοὺς
1219 2439 1530 2512 ὀφθαλμοὺς
1567 2444 1668 2514 τῆς

101 2519 269 2593 ψυχῆς
289 2522 420 2588 ἄνω,
466 2526 559 2579 καὶ
605 2527 1237 2596 ἀναϐιϐάσανταάύτοὺς
1274 2533 1381 2586 ἀπὸ
1409 2534 1517 2587 τῶν
1539 2535 1666 2606 τῇδε

104 2614 456 2685 πραγμάτων,
485 2617 578 2671 καὶ
609 2619 845 2690 μνήμης,
871 2621 965 2674 κα)⁵
991 2621 1229 2686 ἐννοιῶν,
1249 2623 1344 2677 καὶ
1369 2623 1662 2696 λογισμῶν,

99 2703 259 2769 οὕτως
305 2709 481 2762 είπεῖν
530 2709 609 2780 τῷ
646 2709 764 2782 Θεῷ
796 2712 923 2776 τοὺς
965 2713 1155 2782 λόγους
1194 2715 1296 2784 τῆς
1337 2717 1502 2787 εὐχῆς
1538 2719 1665 2784 τοὺς

103 2798 219 2868 περὶ
246 2800 496 2868 μεγάλων
524 2802 618 2856 καὶ
640 2803 996 2874 ἐπουρανίων,
1020 2806 1286 2876 μεγάλους
1311 2809 1405 2862 καὶ
1430 2811 1666 2882 ἐπουρα-

101 2888 250 2954 νίους.
275 2891 336 2944 Εί
360 2893 417 2946 δέ
434 2910 522 2958 τις
545 2893 681 2966 πρὸς
708 2894 879 2948 ταῦτα
909 2897 1227 2952 ἀνθυποίσει
1257 2899 1347 2953 τὸν
1376 2902 1510 2971 μηδὲ
1537 2904 1663 2966 τοὺς

100 2981 390 3054 ὀφθαλμοὺς
426 2987 631 3057 ἐπᾶραι
671 2985 970 3060 θελήσαντα
1003 2991 1260 3062 τελώνην,
1293 2993 1385 3045 καὶ
1416 2992 1660 3063 τύψαντα

100 3072 276 3127 ἑαυτοῦ
305 3076 365 3130 τὸ
388 3077 609 3149 στῆθος,
633 3080 728 3133 καὶ
770 3081 1012 3135 είπόντα’
1046 3100 1065 3133 ι
1124 3083 1182 3136 '0
1213 3082 1365 3147 Θεὸς,
1413 3083 1662 3156 ἱλάσθητί

105 3182 184 3236 μοι
203 3167 274 3238 τῷ
299 3170 634 3243 ἁμαρτωλῷ,
681 3191 700 3224 ι
724 3174 942 3228 λεκτέον
969 3175 1106 3247 πρὸς
1131 3175 1310 3242 αὐτὸν,
1343 3178 1444 3244 ὅτι,
1472 3176 1660 3250 ῶσπερ

99 3259 153 3312 ού
203 3263 380 3329 πᾶσιν,
428 3265 554 3318 ούδέ
601 3266 688 3319 ἀεὶ
735 3267 1120 3339 παραληπτέον
1179 3270 1279 3341 τὴν
1333 3270 1474 3324 κατὰ
1529 3270 1662 3327 Θεὸν

100 3351 278 3425 Αύπην,
340 3356 630 3426 μετάνοιαν
687 3361 768 3422 είς
811 3360 1082 3431 σωτηρίαν
1124 3361 1393 3434 ἀμέλητον
1435 3362 1544 3434 (66)
1573 3365 1661 3435 ἐρ-

100 3443 408 3518 γαζομένην,
433 3448 554 3503 ἀλλ’
584 3450 616 3520 ἢ
669 3449 834 3522 μόνῳ,
881 3452 976 3505 καὶ
1017 3453 1180 3506 παντὶ
1206 3453 1284 3523 τῷ
1322 3451 1446 3520 ἄξια
1476 3453 1660 3508 τοιαύ-

100 3553 190 3606 της
220 3537 389 3611 λύπης
417 3541 728 3612 ποιήσαντι,
769 3543 863 3595 καὶ
908 3542 1050 3613 μέγα
1095 3541 1414 3611 γινώσκοντι
1451 3545 1537 3597 ἐπ’
1561 3546 1659 3599 αὑ-

99 3631 217 3692 τοῖς·
265 3633 356 3686 κα)⁸
396 3633 788 3704 παραληπτέον
834 3651 897 3703 γε
955 3634 1124 3706 αὐτὴν
1176 3635 1398 3706 ἀμέτρῳ
1451 3638 1546 3690 καὶ
1585 3637 1659 3708 μὴ

102 3723 319 3794 περίσση
355 3724 490 3796 (67),
528 3726 614 3779 ἴνα
661 3725 734 3797 μὴ
775 3729 841 3799 τῇ
887 3726 1248 3798 περισσοτέρᾳ
1292 3726 1434 3800 λύπῃ
1491 3745 1658 3781 κατα-

99 3813 223 3886 ποθῇ
281 3817 384 3870 ὑπὺ
445 3818 542 3872 τοῦ
604 3819 847 3873 Σατανᾶ·
907 3819 1078 3883 οὕτως
1121 3819 1330 3890 μήποτε
1389 3821 1449 3873 οὐ
1499 3821 1658 3873 παντὶ

96 3905 311 3978 καθήκει
346 3910 482 3982 μηδέ
513 3911 638 3974 τοὺς
664 3910 972 3982 ὀφθαλμοὺς
995 3911 1198 3982 ἐπᾶραι
1229 3910 1420 3975 θέλειν,
1438 3911 1512 3974 ὡς
1539 3911 1660 3965 ούδέ

99 3997 302 4054 ἑστάναι
358 4001 652 4074 μακρόθεν.
695 4003 964 4065 Ἕκαστος
1010 4002 1068 4056 δὲ
1123 4002 1315 4055 ἐαυτὸν
1369 4005 1496 4074 περὶ
1549 4001 1656 4056 τῶν

97 4092 333 4147 τοιούτων
366 4095 618 4167 κρινέτω,
642 4097 736 4150 καὶ
764 4093 1100 4166 δοκιμαζέτω
1131 4093 1414 4167 ἄνθρωπος
1441 4095 1654 4159 ἑαυτὸν,

99 4186 182 4238 κα)¹
214 4187 380 4252 οὕτως
420 4189 483 4242 οὐ
524 4189 680 4259 μόνον
726 4189 791 4242 ἐκ
829 4187 924 4242 τοῦ
972 4188 1135 4260 ἄρτου
1179 4187 1424 4253 ἐσθιέτω,
1459 4187 1550 4241 καὶ
1593 4189 1658 4241 ἐκ

97 4276 182 4330 τοῦ
228 4281 487 4352 ποτηρίου
547 4281 766 4344 πινέτω,
829 4278 965 4333 ἀλλὰ
1013 4279 1108 4333 καὶ
1170 4280 1296 4344 τοὺς
1344 4279 1654 4350 ὀφθαλμοὺς
1683 4321 1728 4377 D

98 4365 358 4437 ἐπαράτω,
399 4371 496 4423 καὶ
541 4371 740 4442 αίρέτω
782 4370 977 4434 αὐτοὺς
1011 4369 1122 4423 ἄνω
1153 4371 1294 4425 κατὰ
1331 4370 1430 4441 τῆς
1463 4370 1650 4441 εὐχῆς,

100 4456 401 4515 ὑποτάσσων
429 4463 623 4516 ἐαυτὸν
647 4461 783 4534 Θεῷ,
813 4463 908 4516 καὶ
936 4461 1207 4516 ταπεινῶν
1238 4462 1428 4516 ἐαυτὸν
1460 4461 1651 4534 ἐκείνῳ

99 4548 286 4618 λεγέτω
325 4554 458 4625 (68).
511 4556 574 4608 El
617 4554 922 4626 νομίζωμεν
954 4553 1031 4626 τῷ
1063 4554 1409 4608 ὁπωσποτοῦν
1451 4554 1651 4625 βιοῦντι

101 4641 344 4714 καθήκειν
385 4646 587 4718 ὁμοίως
630 4646 708 4717 τῷ
749 4646 954 4720 τελώνῃ
993 4646 1126 4718 μηδέ
1172 4647 1298 4710 τοὺς
1342 4645 1652 4717 ὀφθαλμοὺς

101 4731 288 4805 ἐπᾶραι
332 4735 527 4800 θέλειν,
567 4735 685 4807 ὥρα
735 4735 910 4804 λέγειν
957 4737 1156 4806 ὁμοίως
1205 4735 1284 4806 τῷ
1332 4734 1405 4806 μὴ
1450 4737 1651 4808 ἐπᾶραι

103 4822 262 4881 θέλειν
302 4832 426 4894 coiit;
453 4830 782 4902 ὀφθαλμοὺς,
812 4831 907 4885 καὶ
939 4831 1045 4884 ἀπὸ
1087 4829 1354 4901 μακρόθεν
1380 4828 1473 4881 τοῦ
1505 4828 1651 4900 ἱεροῦ

102 4915 308 4972 ἑστάναι
354 4921 484 4974 δεῖν.
538 4923 702 4993 Ἱερὸν
749 4922 806 4976 δέ
849 4923 998 4975 ποῖον
1044 4920 1108 4974 ἂν
1152 4921 1235 4992 εἴη
1284 4920 1316 4990 ἢ
1361 4919 1653 4990 Ἐκκλησία

104 5007 188 5062 τοῦ
232 5010 427 5077 ζῶντος
470 5012 640 5081 Θεοῦ;
685 5014 805 5085 ἥτις
853 5014 948 5067 καὶ
995 5007 1140 5076 οἶκος
1188 5011 1322 5064 Θεοῦ
1371 5011 1521 5082 παρὰ
1574 5009 1650 5081 τῷ

105 5099 287 5172 Παύλῳ
324 5102 642 5174 ὀνομάζεται
675 5103 913 5172 λέγοντι·
957 5122 974 5154 ι
1008 5101 1132 5155 Ἐὰν
1178 5101 1236 5154 δέ
1285 5100 1548 5172 βραδύνω,
1588 5099 1654 5151 ἵν’

104 5191 241 5262 εἰδῇς
283 5193 398 5258 πῶς
442 5195 522 5249 δεῖ
565 5197 622 5249 ἐν
672 5195 806 5266 οἴκῳ
853 5195 988 5248 Θεοῦ
1033 5191 1492 5264 ἀναστρέφεσθαι,
1537 5191 1658 5261 ἥτις

110 5278 241 5334 ἐστὶν
272 5284 562 5355 Ἐκκλησία
605 5283 739 5339 Θεοῦ
773 5284 992 5350 ζῶντος,
1020 5282 1226 5347 στῦλος,
1256 5281 1350 5335 καὶ
1380 5281 1657 5351 ἑδραίωμα

1770 1697 2048 1752 elevantur
2085 1698 2328 1769 Magistri
2391 1699 2536 1757 oculi
2568 1701 2618 1754 in
2649 1716 2792 1766 eos,.
2825 1701 2878 1756 in
2926 1716 3062 1772 quos
3113 1701 3336 1772 dignum

1769 1797 1888 1844 erat
1912 1798 1971 1845 ut
2000 1804 2125 1846 suos
2147 1789 2263 1860 ipse
2285 1791 2474 1847 oculos
2503 1792 2792 1848 attolleret.
2817 1791 2932 1849 Hoc
2954 1803 3159 1860 autem,
3193 1791 3338 1863 quod

1769 1895 1912 1935 nunc
1957 1890 2278 1948 tractamus,
2323 1882 2617 1939 edocemur
2669 1884 2854 1940 Jesum
2916 1885 3336 1957 intelligentiam

1770 1974 2059 2030 humanam
2100 1975 2445 2031 transtulisse
2473 1989 2504 2030 a
2533 1979 2927 2034 consuetudine
2979 1990 3143 2049 quam
3177 1979 3358 2035 habe-'

1768 2066 1862 2121 bat
1888 2082 2010 2121 cum
2039 2067 2124 2122 his
2147 2068 2241 2139 qui
2275 2067 2484 2124 inferne
2531 2070 2817 2140 degebant,
2875 2085 3105 2141 eamque
3143 2071 3196 2126 in
3245 2087 3337 2128 su-

1768 2159 1932 2216 blime
1956 2160 2202 2217 elevasse
2224 2170 2280 2216 et
2303 2162 2596 2228 exaltasse,
2639 2162 2875 2218 evehens
2919 2177 3040 2218 eam
3083 2179 3182 2234 per
3209 2179 3336 2234 pre-

1768 2252 2035 2307 cationem
2061 2254 2128 2308 ad
2153 2252 2370 2308 Patrem
2395 2268 2562 2324 super
2590 2255 2770 2309 omnia
2801 2254 3172 2310 exsistentem.
3191 2254 3346 2323 Quin

1767 2344 1930 2399 etiam
1961 2343 2158 2401 Paulus
2178 2361 2302 2401 cum
2330 2346 2414 2401 sui
2446 2346 2733 2410 similibus.
2756 2348 3187 2416 quandoquidem
3213 2348 3336 2403 imi-

1771 2445 1912 2490 tator
1939 2435 2142 2492 Christi
2199 2447 2280 2492 est
2307 2437 2379 2504 ⁸⁸,
2404 2438 2658 2507 exemplo
2693 2445 2748 2493 et
2797 2438 3098 2494 imitatione
3137 2451 3336 2508 preca-

1768 2525 1930 2582 tionis
1957 2526 2160 2583 Christi
2207 2537 2548 2598 precaturus.
2594 2529 2902 2585 necessario
2954 2529 3199 2586 attollere
3237 2530 3336 2586 de-

1764 2616 1856 2671 bet
1878 2616 2063 2672 oculos
2089 2619 2283 2672 animae
2308 2632 2548 2683 sursum,
2578 2632 2780 2689 eosque
2812 2619 3084 2675 abducere
3107 2634 3137 2674 a
3170 2621 3332 2676 rebus

1765 2709 2141 2778 praesentibus,
2182 2723 2376 2778 nempe
2411 2724 2441 2762 a
2473 2711 2754 2778 memoria,
2805 2725 2836 2764 a
2878 2713 3333 2767 considerationi—

1765 2799 1885 2866 hus,
1917 2808 2079 2872 atque
2117 2799 2558 2870 cogitationibus,
2604 2801 2794 2871 sicque
2830 2802 2939 2857 Deo
2987 2804 3168 2860 dicere
3207 2820 3331 2874 pre-

1767 2890 1998 2946 cationis
2045 2890 2211 2946 verba
2259 2907 2490 2962 magna,
2543 2907 2715 2962 eaque
2747 2893 3009 2961 coelestia,
3057 2897 3124 2952 de
3167 2898 3331 2952 rebus

1688 2973 1728 3029 C
1765 2981 1997 3051 magnis,
2027 2981 2201 3050 deque
2235 2983 2734 3052 superctelestibus.
2770 2983 2969 3041 Verum
3003 2987 3047 3043 si
3077 2989 3201 3057 quis
3227 3004 3329 3060 op-

1763 3071 2008 3141 posuerit
2037 3071 2410 3141 publicanum,
2442 3077 2534 3145 qui
2569 3089 2636 3130 ne
2664 3076 2851 3132 oculos
2891 3078 3108 3147 quidem
3168 3079 3332 3135 attol-

1763 3163 1874 3219 lere
1905 3164 2160 3231 voluerit,
2205 3168 2407 3236 quique
2438 3169 2767 3237 percusserit
2822 3181 3014 3240 pectus
3063 3187 3216 3226 suum
3249 3171 3332 3225 di-

1760 3273 1939 3315 cens:
1979 3275 2000 3310 ι
2040 3258 2204 3325 Deus,
2256 3259 2523 3330 prapitius
2549 3269 2667 3315 esto
2716 3262 2853 3316 mihi
2894 3265 3162 3333 peccatori
3195 3265 3266 3331 ³⁸,
3303 3284 3322 3318 ι

1761 3353 1888 3409 huic
1938 3361 2022 3409 est
2090 3353 2524 3422 respondendum
2568 3372 2581 3407 :
2635 3354 3083 3423 quemadmodum
3153 3372 3330 3428 neque

1760 3444 2030 3512 omnibus,
2066 3458 2242 3514 neque
2280 3457 2495 3514 semper
2523 3445 2883 3502 assumendus
2909 3459 2994 3502 est
3021 3447 3195 3513 dolor,
3233 3447 3328 3519 qui

1760 3546 1842 3592 est
1893 3533 2189 3592 secundum
2241 3534 2432 3601 Deum,
2486 3534 2689 3604 quique
2741 3545 2999 3606 cperatur
3053 3539 3326 3608 paeniten-

1763 3627 1892 3682 tiam
1924 3627 1991 3682 ad
2029 3625 2259 3682 salutem
2290 3624 2336 3656 ⁸⁸
2363 3625 2505 3680 haud
2537 3627 2932 3696 paenitentiam,
2966 3631 3060 3685 sed
3104 3631 3153 3685 ei
3200 3630 3326 3699 soli,

1759 3728 1814 3774 et
1851 3717 1996 3774 omni
2027 3717 2118 3786 qui
2164 3716 2385 3786 dignum
2438 3715 2641 3789 aliquid
2674 3719 2768 3774 tali
2811 3721 2996 3776 dolore
3038 3722 3324 3778 commise-

1762 3811 1852 3875 rit,
1905 3809 1974 3865 ob
2031 3823 2267 3879 eumque
2323 3807 2562 3864 dolorem
2615 3811 2909 3880 resipuerit
2974 3811 3149 3884 (isque
3196 3828 3328 3869 sane

1759 3899 2114 3957 assumendus
2170 3908 2255 3953 est
2317 3913 2438 3953 cum
2502 3913 2779 3966 mensura,
2861 3910 2915 3957 et
2966 3917 3074 3957 non
3117 3905 3325 3960 exube-

1757 4005 1886 4045 rans
1920 4029 1934 4053 ,
2005 4001 2078 4042 ne
2137 3985 2540 4042 exuberantiori
2618 3987 2801 4043 dolore
2870 3990 3228 4045 absorbeatur
3277 3991 3369 4024 ⁸⁸-

1757 4081 1918 4152 373
1947 4097 1976 4135 a
2006 4075 2333 4148 Satana),ita
2366 4077 2621 4153 fortassis
2659 4094 2764 4132 non
2793 4082 3114 4146 convenire,
3147 4091 3207 4137 ut
3235 4097 3326 4139 ve-

1760 4175 1856 4229 lint
1889 4187 2078 4228 omnes
2126 4185 2341 4242 semper
2385 4171 2635 4225 attollere
2663 4172 2882 4238 oculos,
2908 4181 2968 4228 ut
3012 4175 3174 4229 etiam
3214 4189 3325 4230 non

1757 4269 2007 4324 convenit
2034 4281 2248 4339 semper
2279 4275 2428 4322 stare
2465 4265 2675 4334 procul.
2715 4264 2981 4320 Caeterum
3031 4269 3326 4337 unusquis-

1757 4374 1861 4431 que
1888 4360 2122 4423 seipsum
2154 4360 2222 4415 de
2251 4361 2418 4415 rebus
2445 4357 2820 4429 hujuscemodi
2864 4358 3066 4428 iudicet
3107 4361 3327 4428 probet-

1758 4472 1862 4525 que
1889 4455 2050 4510 ltomo
2075 4454 2141 4520 θ’,
2173 4461 2228 4508 et
2260 4454 2338 4509 sic
2370 4465 2476 4506 non
2527 4450 2703 4505 solum
2730 4464 2797 4504 ex
2844 4450 2934 4504 illo
2971 4466 3111 4520 pane
3139 4467 3324 4508 come-

1759 4552 1889 4618 dat,
1914 4560 1968 4604 et
1993 4565 2061 4605 ex
2093 4549 2263 4605 calice
2290 4547 2465 4612 bibat,
2495 4561 2683 4602 verum
2719 4547 2884 4602 etiam
2912 4547 3096 4602 oculos
3126 4548 3322 4614 elevet,

1756 4653 1993 4710 superne
2021 4654 2117 4694 eos
2147 4639 2420 4705 attollens,
2450 4651 2777 4709 precemque
2813 4635 3003 4692 fundat
3026 4639 3326 4706 subiiciens

1757 4734 1993 4805 seipsum
2025 4735 2167 4798 Deo,
2195 4733 2600 4802 humiliansque
2642 4731 2740 4785 illi.
2779 4731 2934 4798 Quod
2963 4730 3008 4786 si
3039 4732 3322 4787 existima-

1759 4838 1881 4878 mus
1931 4823 2420 4892 quomodocunque
2467 4818 2670 4873 viventi
2715 4818 2912 4884 licere,
2979 4818 3206 4887 perinde
3258 4833 3322 4874 ac

1758 4915 2064 4988 publicano,
2093 4913 2232 4968 nolle
2257 4913 2444 4968 oculos
2471 4912 2537 4967 ad
2559 4910 2759 4966 ccelum
2788 4909 2970 4964 levare
2990 4948 3006 4975 ,
3043 4910 3321 4964 commode

1758 5009 2000 5066 dicenlus
2029 5007 2228 5062 volenti
2259 5005 2440 5060 levare
2466 5003 2652 5059 oculos
2681 5016 2829 5066 suos,
2855 5001 3039 5055 itidem
3079 5001 3130 5056 ei
3172 5009 3318 5056 stan-

1759 5099 1882 5156 dum
1921 5111 2042 5152 esse
2076 5095 2315 5166 procula
2351 5096 2554 5164 templo
2581 5133 2596 5158 ,
2633 5093 2779 5164 quod
2823 5090 2981 5160 quale
3021 5090 3168 5146 aliud
3194 5091 3315 5154 erit,

1759 5189 1863 5244 nisi
1899 5187 2140 5244 Ecclesia
2166 5187 2262 5242 Dei
2289 5185 2557 5243 viventis?
2585 5199 2706 5254 quae
2731 5183 2897 5238 etiam
2925 5198 2954 5237 a
2988 5181 3153 5236 Paulo
3184 5181 3313 5235 dici-

1759 5289 1847 5335 tur
1891 5280 2084 5336 domus
2127 5279 2256 5346 Dei,
2301 5280 2426 5334 dum
2463 5279 2593 5334 dicit
2622 5278 2667 5309 “
2704 5294 2716 5328 :
2765 5294 2785 5327 ι
2822 5275 2972 5342 Quod
3020 5273 3066 5330 si
3112 5273 3313 5326 tardius

172 5415 215 5448 "
245 5415 402 5474 Prov.
429 5436 509 5485 ιιι,
536 5421 627 5478 28.
702 5423 749 5455 ³⁸
775 5421 929 5476 Joan.
953 5435 1031 5481 ιι,
1057 5419 1146 5474 41.
1223 5417 1264 5451 ⁵⁷
1293 5418 1420 5472 Luc.
1458 5431 1535 5478 vt,
1563 5415 1659 5470 20.

1849 5417 1974 5473 Cor.
1999 5432 2075 5484 tv,
2100 5415 2196 5481 16;
2232 5430 2311 5480 ιιι,
2335 5413 2390 5468 2.
2466 5413 2510 5446 '9
2534 5411 2669 5467 Luc.
2693 5425 2847 5474 xvm,
2872 5407 2960 5462 15.
3035 5407 3080 5438 ⁶⁶
3113 5405 3154 5460 ll
3186 5403 3311 5463 Cor.

114 5498 200 5548 ru,
227 5488 312 5542 ιο.
385 5490 428 5520 ⁶¹
457 5491 497 5544 II
521 5491 644 5549 Cor.
681 5509 744 5559 ιι,
769 5493 824 5547 7.

114 5602 285 5742 M933}
323 5606 663 5678 Ἀμέλητον·
711 5608 857 5680 Lego
902 5623 1026 5664 cum
1076 5605 1325 5663 Ferrario
1376 5604 1653 5706 ἀμεταμέ-

179 5743 283 5815 (67)
324 5746 575 5816 ’Δμὲτρῳ
605 5753 701 5803 καὶ
741 5747 826 5818 μὴ
878 5748 1156 5818 περίσση.
1191 5744 1333 5814 Lego
1363 5758 1484 5799 cum
1519 5742 1650 5800 Fer-

897 5491 941 5523 “
966 5492 985 5544 I
1012 5490 1135 5545 Cor.
1165 5505 1241 5555 xt,
1271 5488 1359 5542 28.
1439 5487 1483 5518 ⁸³
1509 5486 1530 5538 I
1560 5487 1699 5540 Tim.
1731 5503 1814 5557 ιιι,
1840 5487 1930 5544 15.

1760 5603 1906 5658 rario
1928 5601 2029 5654 σὺν
2068 5601 2248 5672 μέτρῳ
2279 5601 2371 5672 καὶ
2404 5600 2476 5672 μὴ
2517 5600 2805 5672 περισσὴν.

1831 5671 1942 5741 (68)
1971 5660 2081 5725 Καὶ
2107 5660 2640 5741 τάπὰνῶῆἐὰυτόν
2662 5660 3131 5741 ἐκέίνῳῌᾷεγέτω.
3179 5660 3301 5716 Pen-

1759 5737 1883 5800 dula
1913 5737 2104 5812 oratio,
2136 5757 2254 5812 qua:
2285 5739 2522 5796 hiulcum
2557 5741 2734 5796 locum
2763 5737 2957 5809 prodit.

2803 5947 2805 5949 ‘
2821 5945 2864 5957 ν-
