3688 6146
357 299 466 357 687

1843 291 2172 349 ORIGENIS
3488 296 3566 352 688

356 430 582 482 venero,
606 422 667 471 ut
709 414 857 471 noris
884 413 1156 483 quomodo
1184 423 1437 486 oporteat
1480 423 1533 470 te
1563 414 1617 470 iu
1644 413 1807 469 domo

2113 430 2131 475 ;
2215 413 2473 484 ἀληθείας
2556 433 2573 465 ι
2630 413 2839 483 Ὥσπερ
2899 411 2959 464 ού
3033 410 3192 465 παντὶ
3250 409 3470 481 καθήκει
3515 414 3569 484 μὴ

355 507 589 573 versari,
613 521 735 575 qua:
759 516 846 561 est
876 504 1119 561 Ecclesia
1152 504 1246 562 Dei
1283 506 1515 562 viventis
1536 548 1551 572 ,
1577 507 1850 569 columna,
1883 514 1939 558 et

357 601 508 659 basis
529 598 800 653 veritatis.
834 616 854 650 ι
896 597 962 654 Ut
985 597 1154 666 igitur
1188 613 1296 654 non
1317 598 1472 654 decet
1489 614 1704 654 omnem
1729 612 1837 653 non
1861 597 1937 652 uti

358 694 455 750 illo
478 706 639 764 pane,
662 704 716 746 et
732 706 840 745 non
864 689 1049 746 bibere
1062 703 1129 749 ex
1146 690 1241 745 illo
1256 689 1448 753 calice.
1463 700 1519 746 et
1543 702 1666 747 esse
1690 689 1878 761 procul
1905 705 1937 745 a

310 782 519 860 _ldomo
554 785 684 850 Dei,
726 793 782 839 et
808 785 877 839 ab
906 782 1193 849 Ecclesia;
1237 783 1316 839 sic
1356 798 1465 840 non
1520 785 1677 841 decet
1720 797 1935 840 omnem

356 872 502 930 nolle
528 874 740 930 elevare
775 873 982 928 oculos.
1027 870 1226 929 Peccat
1249 883 1429 930 autem
1461 874 1682 945 aliquis,
1710 874 1779 942 si,
1812 890 1935 930 cum

354 966 548 1022 deceat
576 980 699 1021 eum
722 966 900 1021 levare
929 965 1115 1023 oculos
1139 1008 1155 1033 ,
1182 981 1293 1023 non
1336 967 1480 1022 levat
1508 981 1644 1033 eos;
1687 982 1933 1023 rursum-

355 1074 465 1134 que
491 1060 674 1116 itidem
707 1070 916 1131 peccat,
944 1060 996 1116 si
1021 1074 1144 1116 cum
1167 1072 1292 1116 eum
1309 1061 1570 1117 dedeceat
1596 1060 1780 1116 levare
1806 1074 1938 1116 ocu-

356 1156 462 1225 los,
489 1172 583 1214 eos
614 1157 784 1213 levat.
817 1159 994 1228 Atque
1022 1156 1352 1229 publicanus
1399 1158 1619 1229 quidem
1667 1156 1722 1213 in
1757 1156 1936 1214 Evan-

357 1250 499 1321 gello
524 1248 571 1282 “
590 1264 692 1307 nec
720 1250 907 1306 oculos
935 1250 1117 1306 levare
1142 1250 1378 1319 volebat,
1413 1250 1673 1306 decenter
1698 1250 1932 1320 faciens,

358 1357 496 1414 quos
534 1341 661 1414 jure
702 1343 913 1400 levaret
967 1344 1268 1415 discipulus
1316 1343 1444 1402 Iesu
1490 1346 1790 1411 assistens,
1844 1345 1934 1401 cui

356 1436 521 1492 etiam
549 1436 867 1492 mandatum
914 1437 1073 1494 datur
1103 1439 1292 1495 dicens
1329 1457 1344 1495 :
1398 1457 1417 1491 ι
1456 1438 1701 1495 Attollite
1745 1438 1934 1495 oculos

354 1537 587 1595 vestros,
627 1537 683 1584 et
712 1530 1159 1600 contemplamini
1194 1532 1444 1603 regiones
1464 1570 1480 1598 ,
1511 1534 1770 1604 quoniam
1800 1533 1935 1589 alba:

348 1615 465 1688 jam
493 1625 619 1673 sunt
652 1618 720 1673 ad
761 1634 990 1675 messem
1023 1621 1089 1675 ⁸⁵.
1134 1640 1155 1676 ι
1208 1621 1350 1690 Quin
1398 1625 1665 1694 propheta
1718 1639 1935 1697 quoque

355 1709 571 1779 inquit:
612 1727 631 1761 ι
661 1709 865 1767 Levate
896 1712 948 1766 in
975 1714 1144 1768 altum
1165 1715 1352 1771 oculos
1382 1725 1595 1772 vestros
1624 1716 1707 1772 “:
1745 1736 1764 1769 ›
1792 1727 1846 1771 et
1876 1717 1928 1771 in

2043 503 2279 575 Χρῆσθαι
2297 502 2374 574 τῷ
2389 505 2558 574 ἄρτῳ,
2577 502 2672 556 καὶ
2694 503 2773 573 »μὴ
2805 502 2975 557 πίνειν
3007 503 3072 554 ἐκ
3094 499 3186 553 τοῦ
3213 500 3479 572 ποτηρίου,
3501 505 3571 557 καὶ

2044 596 2120 667 μὴ
2152 595 2341 667 πόρῤω
2373 590 2514 649 εἶναι
2548 594 2625 666 τῷ
2650 595 2784 666 οἴκῳ
2802 594 2935 665 (68⁹)
2958 592 3115 658 Θεοῦ,
3145 593 3236 646 καὶ
3265 592 3363 660 τῆς
3386 593 3571 665 Ἐκκλη-

2040 689 2193 754 σίαςο
2222 688 2396 753 οὕτως
2423 684 2519 743 οὖν
2551 687 2713 760 παντὶ
2745 687 2973 759 καθήκει
2999 686 3060 741 τὸ
3094 686 3169 758 μὴ
3204 686 3379 740 θέλειν
3408 688 3571 760 ἐπᾶραι

2036 782 2164 844 τοὺς
2200 780 2532 853 ὀφθαλμούς.
2570 781 2902 853 Ἀμαρτάνει
2945 779 3002 834 δέ
3043 781 3098 834 εί
3125 797 3242 845 τις,
3278 778 3571 851 καθήκοντος

2036 871 2187 944 αὐτῷ
2229 874 2477 945 ἐπαίρειν
2516 873 2641 936 τοὺς
2671 872 2999 943 ὀφθαλμοὺς,
3036 871 3110 944 μὴ
3141 871 3393 943 ἐπαίρει·
3431 870 3513 925 καὶ
3538 873 3574 941 εί

2037 980 2141 1030 τις,
2183 964 2517 1036 καθήκοντος
2554 964 2629 1037 μὴ
2669 965 2937 1036 ἐπαίρειν,
2976 964 3213 1037 ἐπαίρει.
3252 962 3313 1018 '0
3364 964 3455 1034 μὲν
3480 960 3572 1029 οὖν,

2037 1056 2177 1111 κατὰ
2207 1058 2270 1111 τὸ
2308 1057 2660 1127 Εύαγγέλιον,
2693 1055 2929 1128 τελώνης
2970 1058 3070 1110 οὐκ
3108 1056 3300 1128 ήθελεν
3328 1056 3444 1109 οὐδὲ
3478 1061 3576 1120 τοὺς

2036 1150 2347 1222 ὀφθαλμοὺς
2389 1152 2622 1222 ἐπᾶραι,
2674 1149 3023 1223 καθηκόντως
3068 1148 3233 1203 ποιῶν
3256 1166 3272 1179 ·
3323 1150 3510 1221 ἐπᾶραι
3542 1150 3576 1202 δ’

2036 1244 2104 1299 ἂν
2145 1246 2345 1310 αὐτοὺς
2392 1243 2630 1313 εὐλόγως
2660 1244 2690 1297 ό
2742 1241 2931 1315 παρὼν
2981 1241 3058 1313 τῷ
3103 1240 3279 1313 Ἰησοῦ
3336 1239 3576 1312 μαθητὴς,

2036 1336 2174 1409 πρὸς
2214 1336 2274 1390 δν
2302 1337 2398 1391 καὶ
2443 1336 2630 1409 ἐντολὴ
2663 1334 2861 1389 δίδοται
2900 1336 2935 1406 ἡ
2977 1333 3209 1402 λέγουσα
3227 1349 3241 1363 ·
3283 1350 3304 1383 ι
3344 1333 3575 1403 Ἐπὰρατε

2033 1431 2161 1493 τοὺς
2187 1428 2498 1500 ὀφθαλμοὺς
2541 1427 2717 1499 ὑμῶν,
2762 1427 2856 1480 καὶ
2884 1423 3145 1479 θεάσασθε
3176 1423 3277 1487 τὰς
3304 1423 3495 1495 χώρας,
3515 1423 3579 1476 ὅτι

2035 1519 2226 1575 λευκαί
2273 1521 2379 1573 εἰσι
2424 1520 2561 1591 πρὸς
2607 1518 2863 1592 θερισμὸν
2904 1517 3068 1588 ἤδη.»
3108 1515 3219 1569 Καὶ¹
3248 1516 3278 1568 ὁ
3329 1514 3579 1585 προφήτης

2033 1613 2092 1667 δέ
2139 1629 2335 1683 φησιν·
2388 1632 2406 1663 ι
2450 1612 2720 1682 Ἐπάρατε
2781 1612 2861 1674 εἰς
2928 1609 3062 1679 ὕψος
3111 1608 3240 1671 τοὺς
3299 1604 3578 1676 ὀφθαλμοὺς

2035 1702 2219 1775 ὑμῶν·
2273 1723 2292 1754 )
2343 1702 2478 1757 ἀλλὰ
2539 1702 2634 1756 καὶ
2682 1703 2739 1754 ἐν
2785 1699 3058 1771 ἑκατοστῷ
3100 1697 3335 1769 εἰκοστῷ
3376 1698 3579 1769 δευτέρῳ

353 1801 565 1871 psalmo
612 1815 798 1868 cxxu,
840 1805 932 1873 qui
988 1804 1271 1861 Graduum
1315 1815 1398 1861 est
1442 1818 1632 1861 cantus
1678 1821 1809 1877 quar

2121 1795 2248 1868 ιμῷ,
2274 1796 2388 1851 ὄντι
2413 1795 2522 1868 ᾠδῇ
2555 1795 2659 1848 τῶν
2687 1794 2888 1849 άναϐαθ
2898 1792 3013 1863 μῶν
3043 1791 3302 1863 τετάρτῃ,
3334 1791 3409 1853 ὼς
3436 1789 3577 1855 καθη-

356 1905 610 1965 tanquam
635 1896 729 1966 qui
752 1897 1009 1953 decenter
1034 1897 1299 1953 levaverit
1319 1899 1506 1954 oculos
1525 1912 1654 1955 suos
1673 1897 1740 1954 ad
1765 1899 1932 1954 Deum

353 1987 530 2058 inquit
565 1986 874 2057 Propheta:
905 2007 925 2041 ι
955 1989 1037 2044 Ad
1063 1998 1117 2045 te
1158 1989 1330 2045 levavi
1376 1988 1564 2045 oculos
1613 2004 1794 2057 meos,
1842 1991 1934 2061 qu‘i

352 2078 567 2135 habitas
608 2078 663 2135 ln
696 2080 857 2135 coelo.
892 2080 1030 2136 Ecce
1061 2081 1203 2136 sicut
1230 2082 1371 2136 oculi
1405 2096 1685 2137 servorum
1714 2082 1780 2137 ad
1812 2098 1932 2137 ma-

350 2181 457 2222 nus
478 2167 821 2223 dominorum
852 2182 1110 2236 suorum;
1143 2181 1200 2226 et
1240 2170 1383 2225 sicut
1417 2169 1562 2226 oculi
1610 2169 1825 2226 ancillae
1864 2172 1933 2226 ad

351 2274 549 2315 manus
581 2258 812 2315 domina:
835 2273 985 2326 suae,
1034 2262 1109 2317 ita
1154 2264 1293 2318 oculi
1324 2264 1493 2320 nostri
1533 2263 1600 2319 ad
1647 2263 1934 2320 Dominum

352 2351 525 2408 Deum
549 2362 828 2419 nostrum,
882 2353 1054 2410 donec
1091 2355 1420 2412 misereatur
1471 2357 1670 2412 nostrl.
1714 2375 1734 2409 ι
1780 2355 1934 2425 Quod

353 2447 402 2503 si
425 2448 665 2517 apertius
687 2448 851 2502 etiam
882 2449 1081 2503 docere
1112 2463 1250 2518 opus
1272 2458 1358 2505 est
1385 2463 1549 2520 quem
1581 2449 1801 2521 quidem
1840 2450 1933 2505 de-

339 2551 477 2597 aceat
498 2541 698 2597 imitari
724 2541 905 2597 Iesum
933 2556 1168 2611 superne
1193 2541 1381 2597 oculos
1404 2543 1765 2608 attollentem,
1803 2543 1930 2598 dum

340 2638 519 2689 retiam
572 2633 687 2703 ipse
738 2633 940 2688 attollit
989 2633 1181 2688 oculos
1225 2648 1396 2701 suos;
1434 2643 1487 2689 et
1523 2635 1776 2704 quisnam
1832 2634 1935 2691 hoc

343 2725 537 2781 facere
569 2740 676 2781 non
716 2725 946 2792 debeat,
993 2728 1086 2782 sed
1130 2726 1405 2797 publicani
1452 2728 1787 2794 imitatione,
1826 2744 1931 2783 nou

346 2816 529 2873 solum
577 2818 839 2888 procula
892 2818 1095 2888 templo
1147 2830 1330 2884 stare,
1384 2834 1576 2874 verum
1628 2820 1791 2875 etiam
1824 2836 1931 2875 non

353 2912 493 2967 velle
523 2912 710 2968 oculos
742 2913 1010 2978 attollere,
1044 2915 1096 2967 in
1127 2912 1361 2967 medium
1386 2910 1715 2969 adducemus
1735 2929 1803 2969 ex
1833 2915 1932 2970 Da-

354 3004 496 3059 niele
517 3019 637 3073 quae
660 3005 861 3075 scripta
887 3013 1014 3060 sunt
1039 3003 1106 3060 de
1127 3004 1328 3075 iniquis
1351 3006 1573 3062 senibus
1596 3008 1932 3063 amatoribus

358 3094 654 3164 Susannae,
700 3097 844 3153 hunc
897 3098 951 3152 in
987 3096 1206 3152 modum
1240 3095 1406 3171 374
1453 3114 1512 3154 se
1559 3100 1813 3155 habentia
1839 3100 1883 3135 °"
1914 3116 1928 3151 :
1960 3136 2004 3195 ο

361 3211 382 3244 ι
419 3191 485 3247 Ει
519 3201 834 3246 averterunt
876 3200 1111 3247 mentem
1142 3206 1318 3256 suam,
1349 3202 1406 3248 et
1434 3193 1772 3249 declinarunt
1804 3209 1934 3249 ocu-

358 3282 443 3340 los
471 3298 620 3348 suos,
655 3299 723 3339 ne
748 3285 801 3339 in
830 3284 1026 3339 caelum
1061 3286 1426 3356 suspicerent,
1462 3300 1639 3356 neque
1664 3302 1935 3341 memores

356 3388 545 3432 essent
567 3364 1226 3447 judiciorunt'justorum.
1259 3395 1279 3430 ι
1306 3368 1653 3433 Adducemus
1678 3378 1842 3433 etiam
1880 3377 1934 3432 in

358 3468 600 3525 medium
644 3483 766 3539 quae
818 3470 885 3521 de
933 3467 1183 3525 Susanna
1250 3470 1566 3525 scribuntur
1615 3471 1721 3525 hoc
1774 3472 1934 3526 modo

360 3560 506 3615 dicta
535 3558 581 3591 °'
611 3575 625 3613 :
659 3577 679 3610 ι
710 3558 903 3620 Αιαίιιο
927 3557 1062 3614 ﬂens
1086 3561 1330 3630 suspexit
1350 3560 1404 3614 in
1435 3560 1652 3625 caelum,
1676 3560 1934 3631 quoniam

355 3667 454 3708 cor
471 3652 586 3724 ejus
605 3650 807 3706 ﬁdebat
827 3652 1073 3706 Domino.
1090 3670 1108 3704 ι
1130 3651 1367 3708 Observa
1389 3654 1530 3707 enim
1556 3655 1608 3708 in
1626 3654 1771 3719 istis,
1790 3656 1935 3726 quod

362 3746 455 3815 qui
489 3757 805 3800 averterant
856 3754 1095 3800 mentem
1137 3760 1288 3799 suam
1311 3785 1327 3810 ,
1370 3744 1718 3800 declinarunt
1750 3746 1936 3803 oculos

358 3852 487 3894 suos
511 3878 526 3904 ,
552 3852 621 3893 ne
659 3836 715 3892 in
762 3837 961 3892 ctelum
1011 3837 1376 3906 suspicerent;
1403 3851 1468 3891 ea
1507 3850 1635 3895 vero
1681 3853 1801 3907 qua:
1832 3839 1937 3894 Do-

362 3927 512 3982 mino
556 3925 792 3992 ﬁdebat,
830 3935 1224 3996 consequenter
1260 3926 1468 3981 ﬁduciae
1509 3942 1671 3998 quam
1702 3928 1937 3985 habebat

358 4018 414 4073 in
435 4019 662 4075 Domino
680 4059 697 4085 ,
725 4020 1032 4088 suspexerit
1064 4019 1117 4072 in
1144 4020 1363 4073 coelum.
1393 4019 1624 4075 Decebat
1647 4018 1935 4090 enim'pre-

362 4118 646 4176 saturam,
698 4109 767 4164 ob
820 4108 1072 4163 ﬁduciam
1127 4109 1476 4167 continentiae
1534 4111 1813 4182 suspicere
1878 4112 1934 4169 in

359 4202 559 4255 caelum
581 4241 597 4265 ,
624 4215 968 4271 superneque
991 4201 1181 4257 oculos
1208 4202 1489 4272 attollere;
1515 4204 1763 4261 seniores
1802 4219 1934 4261 vero

358 4293 590 4350 decebat
618 4293 761 4348 nolle
807 4294 999 4349 oculos
1040 4294 1251 4364 levare,
1307 4305 1473 4367 atque
1514 4297 1682 4353 etiam
1726 4296 1931 4368 procul,

358 4384 585 4455 perinde
618 4399 684 4441 ac
709 4385 1066 4455 publicanus,
1102 4396 1250 4443 stare
1292 4389 1691 4459 verberareque
1716 4398 1934 4459 pectora

2037 1888 2244 1951 κόντως
2304 1888 2515 1959 ἐπάρας
2583 1889 2710 1949 τοὺς
2788 1884 3096 1955 ὀφθαλμοὺς
3144 1883 3286 1956 πρὸς
3338 1882 3427 1935 τὸν
3476 1880 3579 1933 Θεάν

2034 1995 2197 2051 φησιν
2230 1981 2260 2032 ὁ
2288 1979 2603 2049 προφήτηςο
2647 1996 2666 2027 ι
2697 1976 2838 2048 Πρὸς
2883 1977 2941 2029 σὲ
2988 1971 3100 2047 ἦρα
3130 1975 3258 2038 τοὺς
3306 1972 3580 2043 ὀφθαλμούς

2037 2060 2168 2142 μου¹
2186 2070 2278 2125 τὸν
2304 2069 2664 2124 κατοικοῦντα
2687 2070 2745 2123 ἐν
2774 2068 2851 2139 τῷ
2883 2066 3114 2139 οὐρανῷ.
3156 2065 3291 2120 ’ῐδοὺ
3317 2065 3394 2129 ὡς
3416 2064 3580 2132 ὀφθαλ-

2036 2164 2127 2235 μοὶ
2152 2162 2353 2217 δούλων
2380 2165 2460 2227 είς
2494 2164 2684 2234 χεῖρας
2710 2160 2818 2214 τῶν
2846 2161 3049 2231 κυρίων
3079 2158 3284 2223 αὐτῶν,
3314 2157 3391 2221 ὡς
3416 2156 3578 2226 ὀφθαλ-

2037 2254 2127 2326 μοὶ
2159 2253 2449 2326 παιδίσκης
2481 2255 2560 2316 εἰς
2608 2254 2795 2323 χεῖρας
2835 2250 2934 2320 τῆς
2966 2249 3161 2321 κυρίας
3207 2249 3405 2319 αὐτῆς,
3442 2246 3579 2306 οὕτως

2032 2349 2081 2400 οἱ
2112 2345 2383 2417 ὀφθαλμοὶ
2413 2345 2571 2417 ήμῶν
2608 2346 2743 2417 πρὸς
2768 2344 2972 2416 Κύριον
2999 2342 3091 2395 τὸν
3126 2340 3262 2394 Θεὸν
3292 2338 3467 2410 ήμῶν,
3495 2339 3578 2400 ἐως

2033 2434 2095 2494 οὗ
2122 2439 2442 2512 οἰκτειρήσῃ
2469 2439 2636 2508 ἡμᾶς.
2674 2456 2692 2489 ι
2714 2438 2776 2490 Εἰ
2804 2436 2861 2489 δὲ
2888 2434 2981 2489 καὶ
3010 2433 3343 2502 σαφέστερον
3374 2429 3473 2500 χρὴ
3498 2446 3581 2481 πα-

2038 2532 2304 2605 ραστῆσαι
2352 2530 2457 2585 τίνι
2507 2530 2606 2602 μὲν
2650 2531 2751 2602 ήδη
2796 2528 3027 2599 καθήκει
3067 2525 3356 2598 μιμεῖσθαι
3385 2522 3471 2575 τὸν
3500 2523 3580 2591 ’1ης
3625 2518 3631 2525 ’

2036 2624 2163 2678 σοῦν
2201 2624 2393 2696 ᾶραντι
2424 2624 2551 2689 τοὺς
2584 2622 2894 2692 ὀφθαλμοὺς
2924 2621 3055 2685 ἀνω,
3096 2620 3156 2671 ἐν
3194 2616 3276 2687 τῷ
3316 2614 3410 2670 καὶ
3450 2614 3579 2668 αὐτὸν

2034 2716 2284 2787 ἐπαίρειν
2322 2712 2510 2768 ἑαυτοῦ
2547 2713 2673 2777 τοὺς
2702 2711 3029 2783 ὀφθαλμοὺς,
3059 2709 3151 2763 καὶ
3179 2709 3289 2761 τίνι
3319 2707 3472 2760 τοῦτο
3506 2704 3581 2776 μὲν

2033 2808 2094 2860 ού
2121 2806 2374 2877 καθήκει,
2399 2804 2601 2876 ὁμοίως
2627 2802 2683 2855 δὲ
2715 2802 2794 2873 τῷ
2819 2800 3022 2872 τελώνῃ
3052 2801 3116 2853 ού
3154 2800 3316 2871 μόνον
3343 2795 3579 2870 μακρόθεν

2035 2898 2258 2952 ἑστάναι
2325 2897 2418 2951 τοῦ
2464 2894 2633 2968 ἱεροῦ,
2695 2893 2831 2947 ἀλλὰ
2872 2892 2945 2965 μὴ
3004 2892 3179 2945 θέλειν
3229 2892 3432 2963 ἐπᾶραι
3481 2888 3581 2953 τοὺς

2035 2991 2368 3063 ὀφθαλμοὺς,
2394 2987 2824 3061 παραθησόμεθα
2843 2989 2907 3040 ἐκ
2932 2984 3025 3038 τοῦ
3044 2983 3240 3056 Δανιὴλ
3260 2983 3334 3037 τὰ
3365 2984 3482 3055 περὶ
3496 2981 3578 3034 τῶν

2037 3084 2375 3158 ἐρασθέντων
2423 3084 2523 3153 τῆς
2560 3081 2866 3151 Σουσάννης
2932 3078 3148 3149 ἀνόμων
3201 3075 3576 3146 πρεσϐυτέρων,

2036 3179 2206 3243 οὕτως
2245 3177 2463 3249 ἔχοντα·
2506 3195 2525 3227 ι
2556 3175 2666 3228 Καὶ
2711 3172 3030 3244 διέπρεῴαν
3071 3169 3162 3223 τὸν
3210 3168 3419 3223 ἑαυτῶν
3460 3166 3577 3227 νοῦν,

2037 3271 2132 3323 καὶ
2176 3267 2456 3335 ἐξέκλιναν
2504 3266 2629 3329 τοὺς
2656 3264 2967 3334 ὀφθαλμοὺς
3006 3260 3208 3325 αὐτῶν,
3238 3260 3337 3314 τοῦ
3385 3259 3455 3330 μὴ
3486 3256 3580 3327 βλέ·

2035 3380 2158 3416 πειν
2203 3364 2283 3425 εἰς
2313 3361 2403 3415 τὸν
2448 3358 2693 3431 ούρανὸν,
2740 3357 2877 3429 μηδὲ
2928 3353 3291 3426 μνημονεύειν
3334 3350 3579 3423 χριμάτων

2034 3454 2286 3510 δικαίων*
2312 3472 2331 3505 r
2366 3453 2458 3507 καὶ
2492 3451 2562 3505 τὰ
2598 3450 2727 3523 περὶ
2758 3451 2858 3520 τῆς
2900 3448 3206 3518 Σουσάννης
3236 3445 3426 3499 τοῦτον
3460 3447 3580 3513 εἰρη-

2039 3548 2177 3621 μένα
2217 3547 2310 3601 τὸν
2358 3545 2590 3618 τρόπον·
2631 3562 2651 3595 ι
2694 3543 2758 3596 Ἦ
2790 3542 2845 3596 δὲ
2891 3541 3151 3595 κλαίουσα
3194 3538 3481 3603 ἀνέϐλεψεν
3519 3537 3579 3597 si;

2036 3642 2127 3695 τὸν
2169 3640 2418 3712 οὐρανὸν,
2457 3638 2536 3691 ὅτι
2567 3634 2635 3709 ἦν
2667 3638 2701 3708 ή
2740 3634 2934 3707 καρδία
2967 3632 3142 3702 αὐτῆς
3190 3630 3475 3684 πεποιθυῖα
3509 3626 3579 3679 ἐπὶ

2036 3735 2257 3806 Κυρίῳ·
2290 3751 2309 3785 ι
2370 3731 2678 3805 παρατήρει
2743 3728 2851 3800 γὰρ
2901 3729 2959 3781 ἑν
3011 3727 3250 3789 τούτοις,
3299 3726 3382 3777 ὅτι
3420 3723 3463 3775 οί
3504 3718 3579 3790 μὲν

2036 3826 2456 3899 διαστρέψαντες
2528 3825 2619 3878 τὸν
2682 3819 2889 3875 ἑαυτῶν
2953 3817 3076 3872 νοῦν
3140 3816 3421 3884 ἐξέκλιναν
3481 3811 3578 3871 τοὺς

2035 3919 2347 3992 ὀφθαλμοὺς
2392 3915 2570 3972 αὐτῶν
2602 3913 2694 3968 τοῦ
2745 3913 2819 3984 μὴ
2856 3911 3069 3982 βλέπειν
3102 3910 3182 3971 εἰς
3225 3907 3322 3960 τὸν
3355 3902 3554 3976 οὐρανόν

2037 4017 2070 4086 ή
2094 4014 2173 4080 δέ,
2209 4009 2499 4065 πεποιθυῖα
2539 4008 2632 4061 ἐπὶ
2658 4004 2737 4077 τῷ
2762 4003 2954 4077 Κυρίῳ
2990 3998 3303 4062 ἀκολούθως
3326 3998 3403 4069 τῷ
3429 4008 3581 4086 πει-οι-

2037 4085 2187 4161 θέναι
2228 4105 2321 4158 ἐπὶ
2364 4102 2442 4174 τῷ
2488 4100 2713 4171 Κυρίῳ,
2761 4095 3055 4166 ἀνέϐλεψεν
3094 4095 3175 4158 είς
3224 4091 3319 4144 τὸν
3364 4085 3573 4162 οὐρανόν.

2041 4200 2284 4271 Ἕπρεπε
2312 4195 2488 4250 τοίνυν
2519 4197 2587 4265 τῇ
2626 4192 2724 4264 μὲν
2749 4190 2843 4243 ἐπὶ
2868 4192 2932 4260 τῇ
2969 4186 3095 4259 περὶ
3122 4186 3223 4256 τῆς
3258 4178 3577 4271 σωφροσύνης

2037 4269 2320 4363 παρρησίᾳ
2359 4285 2626 4359 μελλούσῃ
2663 4280 2916 4353 εὔχεσθαι
2949 4277 3273 4333 ἀναϐλέπειν
3303 4277 3382 4338 είς
3408 4269 3577 4363 τὸν

2038 4358 2222 4459 ρανδν,
2275 4358 2371 4436 καί
2424 4380 2598 4452 αἴρειν
2656 4377 2784 4439 τοὺς
2842 4373 3153 4445 ὀφθαλμοὺς
3207 4369 3323 4424 ἄνω
3341 4386 3354 4400 ·
3401 4358 3575 4459 rcis-5i

357 4454 458 4535 sua
485 4488 542 4534 et
577 4454 760 4535 dicere
791 4494 804 4530 :
840 4495 859 4530 ι
894 4454 1071 4546 Deus,
1115 4480 1383 4551 propitius
1411 4490 1532 4537 esto
1567 4454 1699 4534 mihi
1716 4454 1813 4550 pet

2117 4475 2443 4547 εσ6υτέροις,
2494 4473 2543 4525 εἰ
2574 4470 2696 4524 καθ’
2736 4466 2990 4521 ὑπόθεσιν
3026 4464 3162 4535 μετὰ
3195 4461 3256 4516 τὸ
3291 4454 3573 4551 διαστρέψαι

360 4573 466 4629 tori
486 4573 562 4640 ‘9;
599 4590 620 4626 ι
663 4572 710 4628 si
727 4581 1086 4644 supponatur,
1118 4580 1406 4643 postquam
1434 4580 1747 4628 averterant
1781 4586 1936 4627 men-

360 4675 468 4721 tem
498 4679 674 4733 suam,
711 4665 1232 4736 declinaverantque
1260 4663 1450 4721 oculos
1477 4676 1629 4730 suos,
1666 4678 1735 4719 ne
1760 4663 1935 4732 suspi-

359 4767 547 4813 cerent
581 4757 637 4812 in
685 4757 920 4825 caelum,
971 4771 1148 4828 neque
1199 4755 1621 4813 recordarentur
1659 4756 1931 4827 iustorum

356 4847 712 4919 iudiciorum,
747 4864 843 4904 eos
875 4849 1192 4921 resipuisse,
1223 4856 1387 4918 atque
1415 4855 1538 4919 post
1557 4845 1737 4903 dolum
1760 4846 1934 4902 inten-

355 4950 535 4995 tatum
564 4940 808 5007 mulieri,
835 4942 1071 5012 impotes
1104 4941 1231 4999 facti
1268 4942 1445 4998 factos
1487 4942 1726 5013 precari.
1758 4941 1934 5015 Capte-

358 5047 483 5088 rum
507 5032 768 5103 erigentis
795 5034 983 5090 oculos
1017 5049 1274 5102 sursum,
1306 5048 1508 5104 eosque
1536 5033 1795 5090 decenter
1822 5033 1936 5088 eri-

358 5125 536 5196 gentis
595 5124 651 5178 in
701 5124 903 5180 celum
934 5124 1179 5182 ofﬁcium
1223 5142 1440 5200 quoque
1487 5127 1594 5183 erit
1646 5125 1938 5184 sustollere

360 5230 554 5271 manus
585 5223 845 5281 sanctas,
890 5220 1195 5287 praesertim
1238 5219 1458 5291 quando
1492 5219 1699 5290 absque
1744 5219 1827 5274 ira
1881 5228 1937 5274 et

345 5302 847 5395 ldisceptalionibus
869 5305 916 5338 "°
944 5308 1145 5364 emittit
1167 5324 1406 5380 precem.
1439 5308 1535 5366 Sic
1556 5309 1704 5366 enim
1722 5309 1936 5365 nostris

360 5396 523 5451 etiam
548 5397 722 5454 oculis
742 5412 963 5455 sursum
1012 5415 1112 5471 per
1157 5403 1543 5474 cositationem
1584 5410 1643 5459 et
1688 5411 1939 5460 contem-

360 5486 654 5556 plationem
672 5491 891 5557 erectis,
917 5498 1083 5564 atque
1104 5499 1269 5551 etlam
1302 5496 1554 5553 manibus
1586 5496 1718 5565 ipsis
1739 5495 1939 5551 erectis

432 5606 832 5719 r'llgx‘c."xv‘t!rt,
862 5611 950 5667 15.
1040 5613 1085 5646 ⁸⁵
1108 5611 1264 5669 Joan.
1297 5628 1374 5681 tv,
1397 5613 1479 5669 55.
1588 5613 1633 5719 τ
1659 5611 1782 5668 lsai.
1817 5628 1905 5679 XL.
1933 5611 2023 5666 26·

366 5673 413 5707 "
437 5676 452 5727 l
480 5675 616 5730 Tim.
645 5693 708 5742 ιι,
736 5678 791 5732 8.

2042 4547 2131 4624 τον
2164 4565 2368 4621 ἑαυτῶν
2401 4562 2546 4627 νοῦν,
2576 4561 2670 4615 καὶ
2713 4558 2956 4613 ἐκκλῖναι
2991 4556 3118 4618 τοὺς
3147 4550 3452 4622 ὀφθαλμοὺς
3484 4547 3577 4598 ἐαυ-

2040 4662 2169 4727 τῶν,
2200 4658 2293 4714 τοῦ
2331 4657 2405 4729 μή
2452 4656 2667 4727 βλέπειν
2704 4654 2783 4717 είς
2824 4651 2914 4705 τὸν
2942 4646 3192 4720 οὐρανὸν,
3236 4643 3370 4716 μηδὲ
3400 4653 3573 4712 μνημο-

2040 4754 2215 4810 νεύειν
2275 4750 2555 4823 κριμὰτων
2610 4745 2855 4807 δικαίων,
2911 4738 3215 4813 μετενόουν,
3270 4738 3455 4829 πεῖραν
3484 4729 3573 4829 ’μὲν

2041 4844 2479 4921 προσαγαγόντες
2508 4843 2576 4912 τῇ
2608 4836 2848 4908 γυναικὶ,
2883 4834 2956 4906 μὴ
2988 4830 3240 4903 τυχόντες
3272 4823 3452 4921 δὲ’
3472 4823 3573 4921 ἐπι-

2042 4913 2382 5012 θύμουμένου
2424 4935 2520 4989 καὶ
2567 4929 2703 5003 μετὰ
2728 4927 2887 4982 τοῦτο
2913 4924 3164 4997 ηὔχοντο,
3198 4921 3293 4976 καὶ
3330 4913 3572 5012 “posse

2039 5010 2166 5095 τοῦς
2205 5026 2514 5101 ὀφθαλμοὺς
2541 5024 2762 5093 ἐπᾶραι,
2799 5020 2837 5093 ἢ
2871 5018 2964 5073 καὶ
2993 5014 3276 5088 πόρρωθεν
3304 5010 3572 5101 ὁμοίως-τῷ

2039 5097 2259 5196 τελώνῃ*
2287 5097 2595 5190 ἑστηκέναι,
2630 5115 2724 5168 καὶ
2768 5112 2991 5166 τύπτειν
3039 5105 3249 5199 ἑαυτῶν
3283 5104 3352 5158 τὰ

2041 5218 2137 5272 καὶ
2166 5191 2343 5284 λέγειν
2364 5229 2377 5243 ⁸
2409 5229 2427 5262 t
2462 5211 2521 5263 'O
2548 5208 2710 5272 Θεὸς,
2743 5204 2988 5276 ἱλάσθητί
3032 5220 3120 5274 μοι
3145 5198 3223 5271 τῷ
3248 5191 3567 5284 ἁμαρτωλῷῖ»

2042 5303 2148 5360 Τοῦ
2198 5272 2256 5356 δέ
2312 5300 2558 5373 αἴροντος
2603 5299 2730 5360 τοὺς
2770 5272 3081 5365 ὀφθαλμούς
3131 5291 3264 5355 ἄνω,
3307 5287 3399 5341 καὶ
3442 5272 3569 5334 ἐπαί-

2047 5415 2228 5472 ροντος
2271 5372 2466 5456 αὐτοὺς
2511 5389 2861 5461 καθηκόντως
2892 5388 2973 5450 εἰς
3006 5384 3234 5458 οὐρανὸν
3263 5382 3345 5452 εἰη
3373 5372 3570 5472 milia"

2045 5459 2139 5548 καὶ
2168 5459 2231 5544 ab
2275 5485 2520 5558 ἐπαίρειν
2551 5459 2729 5546 ὁσίους
2774 5482 2990 5552 χεῖρας,
3038 5476 3274 5550 μάλιστα
3310 5474 3393 5527 ὅτε

2100 5609 2177 5641 ιον
2206 5608 2340 5662 Dan.
2378 5616 2497 5669 xm,
2523 5600 2576 5656 9.
2675 5598 2719 5631 ει
2749 5598 2883 5656 ibid.
2907 5597 2997 5653 δε.
3105 5576 3566 5651 σοιρυο.ιυιιι.ι³ο

440 5762 572 5833 (68‘)
603 5764 763 5824 Forte
793 5768 897 5838 leg.
948 5765 1039 5820 τοῦ
1073 5764 1245 5833 οἴκου,
1280 5775 1332 5822 et
1385 5780 1507 5822 mox
1551 5765 1611 5818 ού
1642 5764 1757 5822 loco
1804 5761 1895 5819 οὖν

948 5765 1039 5820 τοῦ
1073 5764 1245 5833 οἴκου,
1280 5775 1332 5822 et
1385 5780 1507 5822 mox
1551 5765 1611 5818 ού
1642 5764 1757 5822 loco
1804 5761 1916 5819 οὖν.
1954 5763 2112 5820 Enn.
2143 5763 2387 5817 Ρλτιιοι..
