3688 6146
130 413 233 470 689

1109 410 1460 466 COMMENT.
1505 411 1569 466 IN
1608 411 1798 466 JOAN.
1836 411 2074 468 TOMUS
2111 411 2340 468 XXVIII.

3245 411 3348 464 690

130 525 294 598 ὀργῆς
335 523 424 578 καὶ
461 523 824 595 διαλογισμῶν
865 525 971 597 (69)
1013 525 1326 597 ἀναπέμπει
1375 527 1474 598 τὴν
1505 527 1668 598 εὐχήν

1844 544 1891 584 ar
1916 529 2156 584 actiones
2187 528 2532 584 sustollentes
2562 535 2724 598 atque
2755 528 3057 584 exaltantcs
3089 530 3345 598 animam,

131 617 280 672 Οὕτω
320 617 424 688 γὰρ
458 615 552 669 καὶ
591 616 700 669 τῶν
750 617 1040 688 ὀφθαλμῶν
1089 619 1390 689 αἰρομένων
1426 620 1557 684 ἄνω,
1607 619 1694 671 διὰ

129 709 224 779 τῆς
255 709 480 773 ἐννοίας,
511 709 606 762 καὶ
639 708 737 779 τῆς
765 709 1014 780 θεωρίας,
1053 711 1147 764 καὶ
1188 710 1296 764 τῶν
1325 710 1520 782 χειρῶν
1545 713 1696 764 ἐπαι-

132 800 366 874 ρομένων
395 803 450 853 ὲν
479 799 739 870 πράξεσιν
767 802 1137 873 ὲπαιρούσαις,
1166 803 1259 856 καὶ
1287 802 1546 872 ὑῲούσαις
1585 804 1687 874 τὴν

127 892 317 963 ψυχὴν,
353 891 427 953 ὡς
478 891 648 963 ἐπῆρε
681 893 920 964 Μωΰσῆς
960 893 1057 956 τὰς
1102 897 1309 964 χεῖρας,
1346 877 1473 947 ὥστ’
1512 893 1578 946 ἂν
1620 897 1688 948 εί-

129 989 276 1037 πεῖνο
313 1004 332 1034 ι
365 985 632 1056 Ἔπαρσις
661 985 767 1039 τῶν
794 987 990 1058 χειρῶν
1024 1005 1122 1059 μου
1158 989 1317 1042 θυσία
1361 991 1640 1062 ὲσπερινὴ,
1665 1009 1683 1041 ι

139 1078 489 1148 Ἀμαληκῖται
537 1079 637 1149 μὲν
667 1079 761 1132 καὶ
807 1081 1004 1146 πάντες
1033 1086 1081 1134 οἱ
1126 1084 1343 1154 ἀόρατοι
1380 1083 1564 1154 ἐχθροὶ
1593 1085 1690 1155 ἡτ-

125 1169 472 1240 τηθήσονται,
506 1171 555 1222 οἱ
587 1169 646 1222 ἐν
682 1172 816 1240 ἡμῖν
846 1172 903 1224 δὲ
942 1173 1289 1245 Ἰσραηλῖται,
1331 1174 1578 1244 λογισμοὶ
1613 1190 1692 1227 νι-

1793 620 2001 676 Moseos
2051 635 2200 674 more
2228 621 2272 652 '”
2303 621 2375 673 ita
2427 618 2758 673 sustollentis
2806 633 3034 685 manus,
3082 630 3142 674 ut
3185 621 3348 676 etiam

1795 714 2033 767 diceret:
2085 731 2103 763 ι
2136 712 2382 766 Elevatio
2429 725 2684 765 manuum
2729 725 2970 765 mearum
3023 713 3350 768 sacriﬁcium

1792 805 2156 872 vespertinum
2185 804 2265 869 7’;
2301 822 2320 856 ι
2360 802 2702 869 Αιηιιιοοίιω,
2749 811 2804 857 et
2829 818 3020 858 omnes
3054 803 3351 862 invisibiles

1795 896 2000 951 inimici
2026 899 2304 950 vincentur
2329 914 2343 962 ;
2382 896 2637 950 lsraelitte
2663 910 2814 960 vero,
2843 910 3036 964 nempe
3065 896 3350 967 cogitatio-

1789 1001 1885 1041 nes
1920 995 2116 1040 nostra:
2137 986 2370 1043 vincent.
2400 985 2671 1042 Hactenus
2702 987 2768 1040 de
2793 1001 2857 1040 eo
2879 987 3021 1056 quod
3045 998 3148 1052 est,
3176 1005 3196 1039 ι
3227 1001 3351 1043 sus-

1791 1079 1914 1132 tulit
1969 1078 2158 1133 oculos
2185 1077 2340 1134 Jesus
2381 1093 2591 1133 sursum
2619 1117 2636 1144 ,
2663 1087 2720 1134 et
2745 1078 2905 1142 dixit,
2941 1097 2960 1130 ι
2989 1079 3040 1132 ἱη
3065 1093 3224 1147 quem
3264 1077 3345 1135 lo-

1789 1185 1914 1223 cum
1941 1169 2176 1224 diximus
2200 1184 2318 1238 quae
2349 1171 2502 1226 nobis
2542 1179 2669 1226 sunt
2698 1169 2812 1224 visa
2842 1171 3162 1224 conducere.

127 1263 363 1332 κήσουσι.
392 1260 637 1314 Τοσαῦτα
664 1263 760 1315 καὶ
788 1264 867 1326 είς
903 1264 993 1317 τό·
1031 1282 1050 1316 t
1073 1265 1132 1318 Ὀ
1168 1267 1367 1338 Ἰησοῦς
1402 1264 1503 1339 ἦρε
1527 1266 1650 1328 τοὺς
1687 1261 1995 1332 ὀφθαλμοὺς
2018 1262 2148 1327 ἄνω,
2190 1262 2283 1314 καὶ
2318 1257 2456 1327 εἷπε,
2505 1281 2524 1314 ›
2571 1259 2714 1315 κατὰ
2749 1259 2904 1314 τοῦτο
2954 1259 3186 1330 φανέντα
3216 1262 3349 1332 ἡμῖν

128 1352 407 1408 ἀκόλουθα.

190 1442 240 1496 5.
286 1464 303 1494 ι
329 1443 532 1515 Πάτερ,
561 1445 862 1517 εὐχαριστῶ
888 1464 989 1514 σοι,
1012 1449 1094 1501 ὅτι
1122 1450 1358 1521 ἧκουσάς
1390 1469 1507 1521 μου.
1546 1449 1686 1518 Ἐγὼ

126 1535 178 1588 δὲ
219 1534 385 1605 ᾔδειν,
427 1537 509 1589 ὅτι
555 1537 784 1591 πάντοτέ
834 1555 936 1608 μου
993 1539 1243 1604 ἀκούεις’
1293 1541 1426 1594 ἀλλά
1477 1541 1564 1595 διὰ
1595 1543 1688 1595 τὸν

1851 1446 1905 1500 5.
1939 1463 1958 1494 ι
1997 1442 2182 1508 Pater,
2209 1442 2412 1512 gratias
2439 1455 2541 1512 ago
2575 1441 2696 1507 tibi,
2727 1441 2979 1509 quoniam
3010 1441 3204 1498 audisti
3237 1453 3341 1497 me.

1782 1539 1892 1607 Ego
1920 1546 2100 1590 autem
2151 1535 2391 1590 sciebam
2444 1534 2587 1604 quod
2638 1549 2852 1604 semper
2882 1551 2967 1591 me
3010 1536 3197 1604 audis;
3250 1537 3346 1592 sed

127 1626 270 1695 ὄχλον
318 1627 409 1679 τὸν
444 1629 780 1700 περιεστῶτα
830 1624 1002 1694 εἷπον,
1052 1631 1142 1685 ἵνα
1174 1633 1556 1698 πιστεύσωσιν,
1602 1634 1672 1686 ὅτι

1844 1639 2008 1700 'Opter
2033 1628 2244 1684 turbam
2271 1643 2389 1698 quae
2435 1627 2790 1692 circumstat,
2824 1628 2969 1694 dixi,
3016 1638 3076 1683 ut
3120 1631 3346 1686 credant

131 1715 187 1767 σύ
222 1734 286 1787 με
311 1717 656 1782 ἀπέστειλας.
681 1739 699 1772 ι
734 1721 904 1792 Εἴπερ
933 1725 1046 1786 τοῖς
1081 1722 1250 1790 ἀξίοις
1277 1724 1382 1778 τῶν
1423 1727 1480 1777 ἐν
1525 1726 1672 1797 σαρκπ

1844 1723 1924 1777 ιοι]
1955 1732 2008 1776 ιιι
2040 1737 2128 1776 me
2157 1721 2372 1775 miseris
2409 1719 2480 1777 ⁷³.
2522 1739 2542 1772 ι
2579 1719 2636 1774 Si
2667 1719 2950 1774 orantibus
2996 1721 3127 1775 viris
3161 1721 3346 1790 probis

130 1806 350 1869 ζώντων,
394 1810 490 1861 καὶ
535 1810 609 1882 μὴ
644 1811 783 1865 κατὰ
828 1812 1006 1884 σάρκα
1043 1818 1481 1886 στρατευομένων
1523 1817 1683 1887 εύχο-
1714 1847 1756 1904 Β

131 1897 329 1966 μένοις,
366 1901 590 1972 τοιαύτη
626 1920 708 1966 τις
750 1903 964 1972 λέγεται
995 1906 1098 1960 ὑπὸ
1133 1908 1267 1961 Θεοῦ
1301 1909 1427 1980 περὶ
1463 1909 1561 1980 τῆς
1598 1910 1685 1962 εὑ-

126 1988 218 2057 χῆς
267 1991 442 2045 αὐτῶν
504 1995 837 2063 ἐπαγγελία·
889 2015 909 2047 t
939 1999 1047 2051 Καὶ
1091 1999 1169 2052 ἔτι
1239 2000 1520 2064 λαλοῦντός
1592 2018 1682 2054 σου

125 2079 255 2150 ἐρῶ·
302 2082 430 2136 Ἰδοὺ
467 2085 714 2156 πάρειμι,
743 2106 760 2137 ι
798 2089 848 2139 τί
890 2089 993 2160 χρὴ
1028 2090 1268 2160 νομίζειν
1313 2093 1404 2146 ἐπὶ
1445 2092 1539 2146 τοῦ
1574 2093 1686 2145 Σω-

123 2168 274 2239 τῆρος
296 2171 386 2223 καὶ
410 2173 649 2242 Κυρίου;
679 2176 732 2246 ἦ,
775 2195 792 2226 t
823 2177 958 2247 Πρὶν
992 2177 1217 2249 λαλῆσαί
1256 2197 1336 2241 σε,
1379 2181 1512 2253 ἐρῶ·
1553 2181 1682 2234 Ἰδοὺ

125 2258 375 2331 πάρειμι;
409 2282 426 2312 ι
458 2264 609 2334 ’Ἅμα
639 2266 747 2338 γὰρ
773 2288 790 2318 t
813 2264 913 2339 ἦρε
939 2270 1065 2333 τοὺς
1088 2270 1394 2341 ὀφθαλμοὺς
1425 2271 1557 2336 ἄνω,
1591 2275 1684 2327 καὶ

125 2344 254 2403 εἶπε.
279 2370 296 2400 ›
335 2352 397 2404 Τί
429 2353 488 2405 δὲ
514 2350 699 2420 εἷπεν;
735 2357 796 2410 El
821 2352 931 2411 οἷόν
956 2359 1014 2410 τέ
1059 2361 1204 2412 ἐστιν
1233 2359 1307 2422 ὡς
1345 2361 1403 2412 ἐν
1425 2359 1683 2422 τοιούτοις

127 2444 469 2514 στοχάζεσθαι
503 2448 634 2518 (70),
660 2450 965 2514 ἀκολούθως
993 2452 1098 2522 τῷο
1130 2471 1148 2503 ‹
1179 2453 1314 2524 Πρὶν
1346 2453 1576 2524 λαλῆσαί
1601 2473 1679 2520 σε,

125 2535 250 2606 ἐρῶ·
291 2538 417 2592 Ἰδοὺ
462 2541 713 2611 πάρειμι,
746 2561 765 2594 ι
798 2543 884 2596 ἵνα
915 2544 1095 2596 πλεῖον
1191 2544 1250 2597 τὸ
1283 2546 1417 2616 πρὸς
1455 2547 1546 2598 τὸν
1573 2548 1684 2599 Σω-

124 2627 184 2697 τῆ
193 2645 255 2698 ρα
284 2630 394 2699 (Ἠ)
429 2631 717 2702 λεγόμενον
753 2635 904 2705 παρὰ
922 2636 981 2688 τὸ
994 2638 1049 2688 ὲν
1065 2638 1130 2707 τῇ
1150 2636 1283 2706 πρὸς
1305 2639 1428 2700 τοὺς
1448 2637 1683 2702 δικαίους

125 2721 410 2793 ἐπαγγελίᾳ
445 2726 826 2796 γεγραμμένον
846 2745 858 2756 ·
897 2746 916 2778 t
945 2729 1062 2781 Ἔτι
1091 2728 1376 2792 λαλοῦντός
1411 2746 1502 2782 σου
1533 2730 1678 2798 ὲρείο

137 2809 257 2864 Ἰδοὺ
302 2813 557 2884 πάρειμι.
591 2833 608 2865 ι
646 2817 710 2867 Τί
733 2813 824 2869 οὖν
858 2813 1010 2882 sine;
1059 2818 1326 2892 Προέθετο
1367 2819 1462 2889 μὲν
1511 2821 1682 2872 εἰπεῖν

125 2902 305 2973 εὐχήνο
339 2905 706 2972 προλαϐόντος
728 2909 784 2960 δὲ
811 2908 910 2978 τὴν
935 2909 1098 2981 εὐχὴν
1121 2909 1287 2962 αὐτοῦ
1319 2909 1413 2962 τοῦ
1441 2910 1684 2973 εἰπόντος

125 2993 186 3048 ἂν
215 2997 389 3067 αὐτῷ·
427 3016 448 3048 t
473 2999 607 3069 Πρὶν
639 2999 862 3071 λαλῆσαί
906 3017 985 3066 σε,
1027 3001 1166 3072 ἐρῶ·
1209 3001 1338 3056 Ἰδοὺ
1373 3002 1628 3074 πάρειμι,
1658 3020 1676 3053 ι

127 3088 233 3140 ἀντὶ
269 3089 366 3160 τῆς
394 3090 539 3143 κατά
579 3091 838 3163 πρόθεσιν
881 3091 947 3145 ἂν
987 3093 1269 3164 λεχθείσης
1308 3093 1476 3163 εὐχῆς
1535 3093 1681 3162 λέγει

1786 1816 1839 1868 in
1872 1829 2036 1869 carne
2067 1813 2395 1876 viventibus,
2429 1827 2527 1865 nec
2555 1813 2849 1867 secundum
2875 1828 3090 1866 carnem
3117 1813 3346 1867 militan-

1785 1905 1928 1961 tibus
1958 1905 2025 1970 ",
2079 1905 2185 1958 tale
2229 1905 2480 1970 quiddam
2537 1903 2787 1971 promisit
2835 1902 2979 1958 Deus
3028 1919 3124 1973 pro
3154 1920 3340 1958 eorum

1781 2012 1973 2065 prece:
2013 2015 2033 2048 ι
2074 1996 2246 2050 Etiam
2273 1997 2450 2050 adhuc
2499 1995 2754 2064 loquente
2799 2006 2884 2066 te,
2939 1997 3149 2050 dicam:
3202 1997 3344 2053 Ecce

1781 2089 1971 2142 adsum
1993 2088 2059 2150 ",
2093 2107 2112 2140 ι
2143 2086 2273 2157 quid
2301 2089 2627 2142 censendum
2653 2087 2816 2141 estde
2843 2073 3130 2142 Servatore
3161 2098 3214 2142 et
3240 2088 3343 2148 Do-

1782 2179 1970 2233 mino?
1997 2193 2174 2233 nonne
2195 2179 2324 2232 hoc:
2363 2197 2380 2230 t
2411 2178 2713 2246 Antequam
2742 2177 2984 2246 loquaris
3013 2189 3091 2243 tu,
3124 2179 3298 2232 dicam
3321 2194 3340 2232 :

1782 2271 1920 2325 Ecce
1937 2270 2164 2324 adsum?
2192 2289 2211 2321 ι
2245 2269 2415 2324 Simul
2441 2271 2584 2324 enim
2618 2288 2636 2320 ι
2659 2269 2876 2324 sustulit
2895 2269 3079 2324 oculos
3103 2284 3342 2339 sursum,

1782 2373 1838 2416 et
1865 2363 2018 2415 dixit.
2050 2381 2070 2414 ι
2106 2361 2244 2427 Quid
2272 2362 2440 2416 dixit?
2462 2361 2518 2416 Si
2549 2362 2663 2415 ﬁeri
2692 2371 2871 2431 potest
2898 2372 2956 2416 ut
2980 2362 3343 2431 conjectemus

1783 2456 1838 2509 in
1877 2455 2090 2520 talibus,
2121 2453 2281 2524 375
2312 2463 2706 2522 consequenter
2737 2454 2864 2508 huic
2894 2454 3074 2508 dicto:
3121 2471 3140 2505 ‹
3171 2453 3342 2510 Ante-

1780 2562 1942 2616 quam
1976 2546 2213 2615 loquaris
2248 2557 2324 2610 tu,
2366 2547 2541 2600 dicam
2571 2562 2585 2598 :
2619 2545 2755 2600 Ecce
2786 2546 2994 2611 adsum,
3028 2566 3046 2598 ›
3084 2555 3140 2599 ιιι
3169 2547 3341 2615 majus

1782 2639 1850 2692 sit
1880 2639 2025 2707 quod
2059 2637 2258 2691 dicitur
2302 2637 2367 2691 ad
2402 2636 2781 2702 Servatorem,
2831 2652 2989 2705 quam
3036 2639 3177 2706 quod
3205 2639 3344 2694 scri-

1783 2739 1930 2797 ptum
1959 2728 2122 2782 fuerit
2153 2728 2202 2781 in
2255 2728 2653 2796 promissione,
2704 2744 2824 2796 quae
2868 2737 2951 2782 est
2993 2729 3058 2783 ad
3101 2739 3340 2795 sanctos,

1782 2834 1972 2888 nempe
1995 2835 2008 2872 :
2041 2837 2062 2871 ο
2091 2821 2282 2874 Adhuc
2305 2829 2353 2872 te
2381 2819 2652 2887 loquente,
2675 2819 2850 2873 dicam
2879 2836 2892 2872 :
2917 2817 3058 2874 Ecce
3079 2821 3288 2874 adsum.
3314 2835 3338 2872 υ

1782 2911 1938 2977 Quid,
1977 2910 2213 2977 inquam,
2243 2907 2415 2962 dixit?
2439 2909 2794 2976 Proposuerat
2827 2908 3084 2964 Servator
3109 2910 3339 2978 precari,

1782 3003 1878 3058 sed
1933 3008 2340 3068 prmoccupante
2383 2999 2526 3053 illius
2573 3000 2944 3067 precationem
3007 3000 3096 3054 illo
3149 3001 3242 3070 qui
3289 3001 3342 3060 ei

1781 3091 1999 3147 dixerat
2026 3106 2040 3141 :
2074 3107 2093 3138 ι
2134 3089 2439 3157 Antequam
2463 3087 2704 3156 loquaris
2729 3098 2808 3152 tu,
2837 3089 3015 3144 dicam
3041 3106 3054 3143 :
3085 3089 3223 3145 Ecce
3245 3091 3343 3144 ad-

125 3180 318 3247 τὴνέπὶ
354 3179 431 3250 τῷ
477 3181 797 3251 προλαϐόντι
841 3182 938 3253 τὴν
983 3183 1145 3255 εὐχὴν
1176 3184 1549 3256 εὐχαριστίανο
1588 3187 1672 3238 καὶ

1851 3195 1938 3243 m,
1977 3198 1996 3230 ι
2058 3193 2155 3246 pro
2199 3180 2549 3246 precatione,
2587 3193 2750 3247 quam
2799 3178 2982 3233 animo
3027 3188 3342 3248 conceptam

125 3268 190 3332 ὼς
216 3270 567 3335 ὲπακουσθεὶς
594 3273 678 3342 ἐφ’
698 3268 777 3336 οἷς
813 3273 1060 3344 ἐνενόησε
1095 3273 1272 3344 μόνον,
1297 3274 1356 3326 οὐ
1381 3275 1682 3346 προήνεγκε

125 3359 173 3412 δὲ
198 3361 270 3431 τῷ
305 3360 580 3434 εὔχεσθαι,
620 3363 786 3435 φησί·
839 3381 857 3415 t
882 3363 1084 3435 Πάτερ,
1126 3364 1432 3436 εὐχαριστῶ
1461 3383 1574 3430 σοι,
1603 3365 1681 3418 ὃτι

127 3451 344 3520 ἤκουσάς
393 3471 520 3524 μου.
549 3475 568 3506 ι
606 3455 868 3527 Ἐμελλεν
925 3452 1018 3510 οὖν
1068 3438 1322 3526 εῦχεσθαι
1391 3457 1520 3527 περὶ
1581 3456 1682 3525 τῆς

126 3540 356 3613 Λαζάρου
402 3543 772 3608 ἀναστάσεως,
808 3545 903 3598 καὶ
944 3546 1230 3615 προλαϐὼν
1271 3545 1435 3599 αὐτοῦ
1465 3546 1564 3617 τὴν
1593 3547 1682 3598 εύ-

126 3630 216 3700 χὴν
251 3632 278 3684 ό
320 3634 480 3703 μόνος
521 3635 724 3703 ἀγαθὸς
763 3634 894 3699 Θεὸς
939 3639 1034 3690 καὶ
1080 3638 1290 3711 Πατὴρ,
1327 3639 1527 3709 ἤκουσε
1573 3635 1681 3690 τῶν

127 3723 409 3791 μελλόντων
453 3728 709 3796 λέγεσθαι
732 3732 790 3784 ὲν
819 3733 885 3803 τῇ
929 3733 1081 3802 εὐχῇ,
1123 3733 1206 3800 ἐφ’
1237 3726 1316 3795 οἷς
1362 3734 1420 3784 ὲν
1462 3730 1681 3803 ἐπηκόῳ

123 3817 206 3869 τοῦ
250 3822 669 3894 περιεστηκότος
700 3823 860 3876 αὐτὸν
895 3823 1052 3894 όχλου
1084 3822 1396 3894 ἀναπέμπει
1437 3822 1556 3876 ἀντὶ
1597 3821 1680 3874 εὐ-

125 3907 216 3977 χῆς
254 3911 604 3983 εὐχαριστίαν
641 3916 669 3968 ό
711 3915 924 3986 Σωτὴρ,
951 3914 1044 3968 δύο
1092 3914 1207 3984 ἅμα
1233 3913 1420 3978 ποιῶν,
1455 3913 1548 3965 καὶ
1591 3913 1678 3965 εύ-

124 4005 381 4071 χαριστῶν
420 4007 505 4074 ἐφ’
533 4001 615 4070 οἷς
657 4008 812 4077 ἔτυχε
862 4006 1113 4078 περὶτοῦ
1148 4006 1419 4078 Λαζάρου,
1457 4009 1548 4062 καὶ
1588 4025 1678 4060 πι-

127 4097 372 4148 στοποιῶν
416 4097 507 4150 τὸν
555 4099 947 4169 περιεστηκότα
982 4099 1141 4152 αὐτὸν
1182 4099 1336 4170 ὄχλον
1359 4117 1372 4130 ο
1427 4100 1677 4155 ἐϐούλετο

125 4183 222 4254 γὰρ
249 4188 437 4251 αὐτοὺς
463 4189 867 4260 παραδέξασθαι
897 4190 972 4254 ὡς
998 4191 1105 4262 ἄρα
1127 4192 1233 4244 ἀπὸ
1259 4191 1392 4244 Θεοῦ
1417 4193 1678 4248 ἀπεσταλ-

127 4278 272 4345 μένος
308 4282 385 4354 τῴ
420 4283 519 4354 βίῳ
545 4284 955 4354 ὲπιδεδήμηκεν.
997 4285 1178 4353 Ἔγνω
1205 4285 1261 4338 δὲ
1297 4286 1673 4351 ἐπακουσθεὶς,

127 4367 339 4440 ἐπείπερ
372 4372 641 4441 πνεύματι
670 4369 827 4436 εἶδεν,
871 4374 954 4426 ὅτι
997 4374 1338 4445 ἀποκατέστη
1369 4376 1400 4445 ἡ
1432 4375 1526 4428 τοῦ
1569 4376 1677 4428 Λα-

1782 3273 2023 3325 dicturus
2053 3279 2172 3324 erat
2197 3269 2370 3334 Patri,
2406 3269 2497 3338 qui
2525 3277 2932 3338 praeoccuparat
2971 3284 3179 3338 preces,
3211 3284 3337 3340 gra-

1782 3368 1880 3420 tias
1912 3365 2055 3435 agit:
2088 3375 2142 3420 et
2165 3365 2321 3434 quasi
2348 3367 2632 3420 exauditus
2665 3366 2854 3420 luisset
2883 3374 3103 3434 propter
3124 3380 3187 3420 ea
3219 3379 3342 3438 qua

1777 3458 1960 3512 animo
1991 3466 2196 3510 tantum
2242 3467 2595 3527 conceperat,
2640 3473 2749 3514 non
2823 3466 2998 3511 tamen
3043 3457 3342 3526 protulerat

1779 3548 2075 3616 precando,
2110 3548 2283 3616 inquit
2313 3567 2326 3603 :
2375 3568 2395 3600 ι
2429 3548 2619 3616 Pater,
2650 3548 2855 3620 gratias
2880 3564 2981 3620 ago
3022 3549 3156 3617 tibi,
3195 3551 3340 3620 quod

1779 3639 1975 3693 audisti
2013 3655 2118 3694 me.
2155 3659 2174 3692 ›
2206 3638 2529 3696 Precaturus
2555 3655 2684 3709 ergo
2733 3649 2853 3694 erat
2888 3655 2987 3710 pro
3017 3639 3205 3695 Lazari
3254 3655 3342 3696 re-

1761 3729 2146 3794 surrectione,
2171 3740 2224 3784 et
2253 3745 2640 3800 praeoccupans
2671 3729 2812 3783 illius
2857 3730 3220 3798 precationem
3252 3745 3340 3786 so-

1778 3819 1860 3874 lus
1891 3819 1982 3875 ille
2013 3820 2186 3875 bonus
2216 3821 2354 3876 Deus
2382 3821 2430 3852 ⁷⁶
2449 3832 2500 3875 et
2529 3823 2712 3888 Pater,
2739 3821 2948 3875 audivit
2967 3836 3085 3889 qua:
3111 3821 3339 3877 dicenda
3403 3825 3406 3828 ’

1779 3919 1938 3964 erant
1965 3909 2016 3963 in
2052 3911 2401 3981 precatione,
2428 3926 2526 3980 pro
2557 3912 2754 3981 quibus
2787 3911 2842 3965 in
2888 3911 3155 3981 frequenti
3187 3912 3331 3966 audi-

1779 4004 1924 4057 torio
1957 4005 2365 4058 circumstantis
2395 4005 2566 4074 ipsum
2602 4004 2800 4071 turbae,
2846 4019 3063 4074 precum
3099 4006 3218 4059 vice
3249 4020 3337 4059 re-

1777 4097 1947 4151 mittit
1989 4097 2288 4165 gratiarum
2325 4098 2593 4150 actionem
2643 4098 2948 4152 Servator:
2985 4095 3091 4150 duo
3137 4097 3340 4164 pariter

1775 4188 2010 4259 faciens,
2041 4200 2096 4243 et
2117 4189 2320 4258 gratias
2343 4203 2508 4257 agens
2537 4203 2635 4258 pro
2660 4189 2745 4243 his
2763 4202 2882 4258 quae
2922 4187 2989 4242 de
3019 4185 3224 4242 Lazaro
3253 4201 3340 4242 δερ

1774 4289 1992 4336 secutus
2023 4279 2226 4342 fuerat,
2264 4290 2319 4334 et
2357 4280 2802 4334 circumstantem
2830 4279 2933 4333 sibi
2970 4279 3186 4333 turbam
3207 4293 3345 4332 eon-

1777 4369 2019 4427 ﬁrmans.
2053 4367 2280 4424 Volebat
2303 4369 2446 4424 enim
2477 4367 2665 4433 Jesus,
2702 4379 2762 4422 ut
2809 4371 2862 4423 hi
2907 4369 3255 4424 admitterent
3278 4380 3344 4422 se

126 4457 274 4528 ζάρου
311 4461 455 4531 ψυχὴ
491 4463 583 4515 ἐπὶ
610 4462 670 4516 τὸ
699 4464 858 4532 σῶμα
893 4465 1078 4530 αὐτοῦ,
1120 4465 1534 4536 ἀναπεμφθεῖσα
1569 4470 1672 4522 ἀπὸ

1844 4460 1947 4515 Deo
1971 4462 2194 4514 missum
2220 4502 2236 4526 ,
2283 4462 2350 4514 ad
2378 4461 2514 4515 hanc
2560 4461 2726 4514 vitam
2754 4460 3057 4514 advenisse.
3102 4458 3339 4528 Agnovit

123 4549 206 4601 τοῦ
251 4555 443 4622 χωρίου
494 4555 602 4609 τῶν
632 4557 834 4628 ψυχῶν.
885 4559 958 4612 Οὐ
1003 4557 1114 4629 γὰρ
1163 4559 1464 4629 νομιστέον,
1513 4561 1595 4613 ὅτι
1638 4563 1671 4633 ὴ

1850 4560 1956 4605 tem
1985 4566 2044 4606 se
2070 4553 2380 4606 exauditum
2405 4592 2420 4614 ,
2446 4552 2703 4622 quoniam
2735 4552 2926 4620 spiritu
2957 4561 3110 4606 norat
3141 4550 3336 4608 Lazari

122 4639 251 4712 ψυχὴ
278 4644 368 4697 τοῦ
401 4646 650 4718 Λαζάρου
696 4651 879 4720 παρῆν
906 4649 986 4720 τῷ
1019 4649 1228 4721 σώματι
1271 4651 1407 4721 μετά
1436 4651 1532 4722 τὴν
1560 4652 1672 4719 ἕξο-

1851 4644 2012 4696 imam
2050 4644 2329 4697 remissam
2365 4643 2432 4696 ab
2457 4642 2759 4696 animarum
2794 4643 2936 4707 loco,
2963 4643 3176 4710 corpori
3218 4639 3336 4710 ejus

122 4727 220 4791 δον,
245 4735 335 4785 καὶ
362 4734 437 4799 ὡς
480 4737 728 4810 παροῦσα
757 4739 966 4809 ταχέως
997 4740 1197 4810 ἢκουσε
1231 4739 1529 4810 κράξαντος
1578 4744 1672 4812 Ἰη-

124 4819 229 4887 σοῦ,
264 4827 357 4879 καὶ
389 4828 662 4892 εἰπόντος’
702 4848 721 4880 ‹
747 4829 984 4902 Λάζαρε,
1012 4822 1171 4902 δεῦρο
1207 4830 1330 4895 ἔξω.
1358 4851 1377 4883 ι
1405 4834 1474 4885 Ἦ
1511 4833 1669 4905 εἴπερ

123 4926 198 4975 τις
229 4916 379 4969 τοῦτο
402 4920 530 4989 περὶ
555 4919 654 4990 τῆς
683 4921 930 4991 Λαζάρου
955 4920 1128 4992 ψυχῆς
1154 4921 1544 4993 ὑπολαμϐάνει,
1574 4926 1666 4978 καὶ

124 5005 383 5073 προσίεται
406 5008 466 5061 τὸ
495 5011 621 5081 περὶ
659 5011 758 5080 τῆς
784 5011 1188 5085 ἀπαλλαγείσης
1225 5013 1399 5085 ψυχῆς
1427 5014 1522 5068 τοῦ
1561 5016 1664 5069 σώ-

127 5110 276 5161 ματος
320 5097 536 5164 ἄτοπον,
563 5101 638 5165 ὡς
676 5103 1190 5175 παρακαθεζομένης
1230 5104 1304 5175 τῷ
1335 5106 1531 5177 νεκρῷ,
1577 5109 1664 5161 λε-

125 5187 250 5252 γέτω
289 5189 401 5256 πῶς
445 5193 682 5266 ἠκούσθη
723 5197 751 5249 ὁ
792 5196 996 5268 Ἰησοῦς
1037 5197 1145 5250 ἀπὸ
1189 5194 1282 5250 τοῦ
1317 5199 1546 5268 Πατρός,
1577 5201 1666 5268 μέ-

123 5296 284 5345 voveo;
328 5286 406 5337 ἔτι
455 5287 646 5358 νεκροῦ
691 5287 783 5341 τοῦ
825 5289 1075 5360 Λαζάρου
1117 5287 1395 5358 σώματος,
1439 5291 1532 5343 καὶ
1566 5291 1699 5361 τῆς,,

123 5370 283 5440 ψυχῆς
325 5367 732 5452 κεχωρισμένης
773 5381 892 5452 μὲν,
933 5381 1009 5444 ὡς
1056 5380 1264 5452 οἰηθείη
1308 5381 1373 5434 ἀν
1421 5400 1504 5446 τις
1551 5384 1663 5454 (72)

182 5465 222 5495 ⁷¹
251 5467 409 5524 Exod.
436 5487 565 5534 xvn,
603 5474 685 5526 ll.

125 5545 227 5592 xu.
255 5537 338 5589 17.
411 5541 456 5570 ⁷⁷
483 5541 628 5595 Joan.
663 5559 738 5607 xi,
767 5543 855 5599 45.

324 5629 500 5704 (inde:
527 5632 749 5704 Begius,
779 5635 935 5697 male,
959 5633 1046 5687 διὰ
1076 5633 1352 5704 λογισμοῦ.

188 5651 290 5688 tua;
324 5651 500 5684 umex
531 5651 602 5684 ne
643 5651 749 5696 ms,
779 5651 935 5697 male,
959 5651 1046 5687 οια
1078 5651 1282 5704 Λογισμι

323 5699 500 5777 Qodex
527 5651 870 5777 B_o§leianus,
902 5703 1282 5777 στοχάσασθαι.

190 5764 285 5847 (ἼἨ)
310 5764 888 5847 .CuilegBodleianus,
919 5764 1143 5847 optime,
1181 5774 1270 5847 ἵνα
1313 5771 1555 5847 πλεῖονῇ
1600 5773 1658 5847 τὸ

125 5833 247 5900 πρὸς
277 5836 365 5889 τὸν
393 5837 645 5910 Σωτῆρα·
679 5833 896 5911 Βοεὶυε,
925 5833 1080 5910 male,
1114 5833 1400 5898 άναπλείου
1445 5844 1478 5915 ἢ
1522 5833 1655 5916 tege;

797 5475 839 5544 ’ξ’
869 5473 1010 5528 Psal.
1045 5489 1165 5539 σει..
1187 5474 1242 5529 2.
1317 5475 1362 5506 ⁷³
1382 5474 1536 5530 Joan.
1565 5494 1638 5543 x1,
1662 5479 1752 5544 41,
1779 5478 1869 5532 42.

1779 4736 2106 4790 restitutam.
2149 4735 2260 4792 Nec
2295 4736 2438 4790 enim
2478 4737 2808 4789 censendum
2850 4744 2936 4789 est
2967 4736 3109 4804 quod
3142 4733 3340 4792 Lazari

1773 4827 1952 4880 anima
2002 4828 2218 4882 adesset
2265 4827 2477 4896 corpori
2529 4834 2651 4894 post
2703 4841 2858 4880 suum
2909 4840 3232 4894 excessum,
3277 4835 3336 4883 et

1771 4919 1912 4986 quod
1954 4919 2109 4988 quasi
2151 4920 2399 4974 celeriter
2441 4935 2714 4990 praesens,
2752 4935 2874 4974 cum
2921 4921 3210 4975 clamasset
3241 4916 3334 4974 Je-

1768 5027 1894 5075 sus,
1943 5009 2279 5080 dixissetque
2312 5031 2326 5067 :
2365 5032 2384 5065 (
2412 5013 2618 5068 Lazare
2645 5057 2660 5079 ,
2696 5013 2849 5084 prodi
2897 5012 3040 5066 foras
3068 5012 3136 5078 ⁷⁷,
3177 5030 3196 5064 ι
3231 5027 3332 5067 au-

1769 5106 1949 5170 dierit,
1981 5107 2371 5178 conjunctaque
2397 5112 2606 5179 corpori
2633 5110 2814 5165 fuerit.
2844 5106 3097 5176 Alioquin
3126 5105 3172 5159 si
3205 5104 3330 5172 quis

1772 5198 1875 5252 hoc
1898 5199 1964 5252 de
1993 5197 2182 5251 Lazari
2219 5199 2397 5252 anima
2430 5201 2738 5268 suspicatur
2759 5238 2775 5263 ,
2829 5196 3329 5262 absurditatemque

1770 5289 2023 5343 admittat
2067 5291 2134 5343 de
2186 5289 2361 5343 anima
2417 5305 2445 5343 a
2498 5305 2725 5360 corpore
2792 5288 3052 5350 liberata,
3099 5283 3326 5354 perinde

1771 5385 1923 5450 quasi
1958 5389 2168 5435 mortuo
2193 5383 2461 5446 assideat,
2495 5383 2641 5440 dicat
2666 5381 2934 5450 quomodo
2968 5377 3178 5430 auditus
3211 5375 3349 5473 [υθ-Ι

1971 5476 2018 5508 ⁷⁵
2041 5475 2084 5530 ll
2109 5476 2232 5531 Cor.
2263 5492 2319 5535 ι,
2342 5476 2394 5530 5.
2478 5476 2522 5508 ⁷⁵
2545 5475 2669 5530 lsai.
2705 5489 2856 5537 LVIII,
2893 5475 2946 5530 9.
3054 5470 3100 5501 ⁷⁸
3129 5466 3347 5524 Matth.‘

1763 5629 1854 5682 τὸν
1881 5627 2124 5696 Σωτῆρα.

1837 5652 2356 5770 ξτξῗτἨζόἰηρείη
2402 5692 2479 5770 ᾅν
2501 5710 2628 5770 jac,
2669 5652 3236 5770 etcﬂflieophyilactus
3265 5702 3320 5757 in

1767 5762 2022 5841 eumdem
2060 5768 2212 5841 bunt:~
2237 5762 2458 5841 Joannis
2501 5763 2675 5841 locum
2707 5779 2718 5814 :
2756 5765 2914 5841 Μέγα
2944 5767 3001 5821 δὲ
3027 5762 3264 5841 ’ἔκραξεν
3290 5775 3319 5826 ὁ

1769 5839 1965 5910 Κύριος
2002 5837 2086 5890 διὰ
2123 5833 2278 5890 τοῦτο
2300 5871 2316 5897 ,
2353 5831 2441 5887 ἵνα
2484 5833 2552 5885 τά
2598 5831 2705 5884 τῶν
2768 5833 3031 5906 Ἐλλήνων
3068 5831 3319 5914 ἐμφράξῃ
