3688 6146
81 344 196 399 693

1102 349 1457 406 COMMENT.
1497 350 1561 405 IN
1601 349 1793 406 JOAN.
1835 351 2070 413 TOMUS
2107 356 2340 412 XXVIII.

3246 358 3350 414 694

78 466 185 528 τὴν
218 460 373 532 πρὶς
408 461 568 516 αὐτὸν
603 462 782 532 φιλίαν
820 465 1201 538 ἡμαρτηκότα,
1232 471 1325 524 καὶ
1361 471 1534 542 νεκρὸη

1897 476 2186 532 trrectione
2219 477 2482 531 hactenus
2523 475 2768 546 quidem.
2849 475 3118 532 Caeterum
3161 491 3351 532 sensus

83 556 323 623 νόμενον
376 553 452 624 τῷ
500 554 640 624 Θεῷ,
686 555 913 627 δυνάμει
946 558 1063 631 θεία
1105 561 1536 632 παλινδρομῆσαι

1890 581 1943 620 us
1965 566 2067 622 loci
2095 568 2442 638 anagogicus,
2474 582 2540 623 ex
2566 569 2650 623 his
2670 584 2788 638 qua:
2811 569 3183 640 explicuimus,
3207 570 3346 624 haud

79 645 177 718 τὴν
216 645 396 718 ζωὴν,
439 647 531 700 καὶ
578 647 759 719 ἔτυχε,
804 650 900 702 καὶ
929 644 1068 704 εἶδεν
1108 655 1167 707 ὲν
1204 653 1282 723 τῷ
1315 653 1539 724 τοιούτῳ
1574 651 1680 718 ξω-

79 737 212 791 ma
259 738 565 808 κινήματα,
605 741 690 809 ἐφ’
725 735 809 805 οἷς
839 743 1154 814 εὐχαριστεῖ
1179 743 1256 816 τῷ
1284 745 1477 817 Πατρί.
1519 747 1679 818 Περι-

79 828 285 900 έστηκε
326 829 386 882 δὲ
408 829 564 901 ὄχλος
595 831 686 886 τὸν
714 833 952 887 τοιοῦτον
981 837 1176 908 νεκρὸν
1211 837 1436 908 μηδέπω
1462 857 1680 893 πιστευ-

80 921 250 974 όντων
290 922 381 975 ὅτι
448 923 654 995 Ἰησοῦν
692 925 1010 982 ἀπέστειλεν
1035 931 1064 983 6
1107 930 1259 994 Θεὸς,
1287 932 1383 984 καὶ
1415 931 1498 985 ὅτι
1525 935 1554 985 6
1582 933 1678 986 Λό-

79 1033 174 1084 γος
200 1011 363 1080 οὗτος
395 1017 580 1073 θεόθεν
613 1019 924 1092 ἀνθρώποις
965 1022 1349 1095 ἐπιδεδήμηκε.
1381 1025 1492 1078 Καὶ
1521 1043 1675 1096 περι-

81 1109 255 1173 εστὼς
293 1126 365 1180 γε
411 1105 563 1176 οὗτος
603 1115 631 1167 6
663 1113 818 1184 ὖχλος
871 1114 1162 1186 θαυμάσοι,
1199 1117 1281 1170 ὅτι
1317 1117 1460 1171 οὕτω
1503 1117 1675 1172 δυσώ-

80 1201 175 1270 δης
203 1201 320 1272 (74)
364 1203 472 1256 ἀπὸ
511 1204 618 1257 τῶν
667 1206 802 1277 πρὸς
850 1206 1078 1262 θάνατον
1123 1210 1539 1281 ἁμαρτημάτων
1587 1229 1672 1275 τις

85 1295 486 1364 γεγενημένος,
524 1297 619 1350 καὶ
668 1298 957 1352 ἀποθανὼν
1004 1303 1069 1371 τῇ
1114 1302 1316 1372 ἀρετῇ,
1355 1303 1670 1374 ἐπαλινδρὸ-

87 1404 260 1458 μησεν
303 1389 398 1441 ἐπ’
425 1389 624 1461 αὐτήνο
657 1393 750 1444 καὶ
799 1392 1086 1464 θαυμάσας
1125 1394 1409 1449 πιστεύσαι
1443 1396 1507 1450 ἄν
1537 1413 1668 1448 ποτε

83 1479 156 1548 τῷ
197 1478 597 1551 ζωοποιήσαντι
628 1483 788 1538 αὐτὸν
815 1485 991 1567 Λόγῳ,
1020 1485 1095 1550 ὡς
1138 1485 1318 1540 θεόθεν
1363 1486 1668 1558 ἀνθρώποις

83 1569 235 1640 ὲπιδη
246 1571 321 1641 μή
331 1587 508 1625 σαντι.
1515 1593 1521 1601 ·

1781 666 1867 712 εει
1905 658 2160 714 difficilis.
2203 659 2366 714 Petiit
2417 659 2562 714 enim
2607 657 2764 715 Jesus
2802 670 2862 715 ut
2907 662 2998 732 qui
3032 669 3348 731 peccaverat

1780 760 1902 818 post
1951 750 2249 805 amicitiam
2299 766 2461 820 quam
2489 765 2616 822 erga
2661 768 2720 808 se
2756 752 3059 822 habuerat,
3107 762 3351 808 mortuus

1779 838 1956 896 factus
1989 840 2126 906 Deo,
2154 842 2337 896 divina
2366 843 2562 898 virtute
2589 845 2796 900 rediret
2826 847 3004 900 denuo
3050 845 3116 899 ad
3147 845 3343 909 vitam;

1779 932 1999 1001 votique
2025 948 2254 1004 compos
2289 933 2466 991 factus
2489 945 2605 1004 est,
2655 936 2898 1006 viditque
2946 938 3000 992 in
3033 936 3342 1002 lmjusmodi

1779 1022 1998 1077 homine
2027 1024 2224 1081 vitales
2257 1036 2433 1082 motus
2468 1044 2484 1084 :
2523 1042 2621 1097 pro
2646 1029 2842 1097 quibus
2865 1029 3071 1097 gratias
3109 1029 3218 1098 agit
3240 1025 3344 1081 Pa-

1779 1113 1869 1167 tri.
1917 1113 2075 1170 Circa
2126 1117 2500 1187 hujuscemodi
2571 1130 2752 1174 autem
2815 1111 3086 1174 mortuum
3163 1120 3345 1174 stabat

1774 1211 1927 1260 turba
1946 1209 2180 1263 nondum
2198 1211 2530 1266 credentium
2544 1211 2726 1267 Jesum
2742 1228 2767 1266 a
2787 1212 2896 1267 Deo
2909 1212 3131 1269 missum
3151 1211 3338 1276 fuisse,

1773 1313 1870 1350 nec
1889 1297 2207 1354 Sermonem
2235 1302 2379 1358 hunc
2405 1304 2662 1358 divinitus
2684 1304 2746 1357 ad
2765 1304 3010 1359 homines
3027 1304 3338 1360 accessisse.

1768 1393 1944 1462 Atque
1966 1393 2173 1448 utinam
2203 1397 2316 1449 hazc
2349 1397 2502 1450 turba
2530 1396 2892 1450 circumstans
2927 1398 3172 1463 miretur,
3198 1399 3340 1467 quod

1769 1483 1965 1555 aliquis
2007 1489 2143 1543 adeo
2184 1487 2382 1546 fetidus
2413 1489 2590 1546 factus
2625 1492 2694 1545 ob
2734 1501 2949 1558 peccata
2988 1493 3053 1547 ad
3087 1502 3336 1558 mortem,

1767 1583 2118 1645 mortuusque
2153 1579 2364 1643 virtuti,
2390 1579 2566 1634 denuo
2600 1580 2666 1633 ad
2701 1581 2867 1636 vitam
2909 1582 3163 1650 redierit;
3186 1600 3338 1638 cum-

1765 1679 1869 1730 que
1893 1668 2087 1721 mirata
2133 1667 2318 1734 fuerit,
2347 1673 2802 1730 credatSermOui
2847 1677 3018 1745 ipsam
3049 1678 3335 1748 aliquando

1765 1757 2135 1824 vivificaturo,
2181 1763 2322 1829 quod
2361 1763 2618 1820 divinitus
2641 1767 2708 1822 ad
2747 1767 2991 1825 homines
3031 1772 3333 1828 advenerit.

149 1845 198 1897 6.
237 1864 255 1895 ι
291 1845 406 1898 Καὶ
449 1846 619 1900 ταῦτα
660 1849 864 1914 εἰπὼν,
897 1852 1044 1921 φωνῇ
1083 1851 1291 1925 μεγάλῃ
1318 1853 1605 1925 ἐκραύγασι

1879 1850 1998 1920 ι77
2027 1849 2078 1904 6.
2110 1869 2128 1904 ι
2161 1824 2228 1906 Εἰ
2257 1854 2373 1910 haec
2405 1870 2527 1910 cum
2559 1858 2802 1927 dixisset,
2841 1824 2972 1916 voce
3004 1824 3335 1933 magna

85 1935 324 2006 Λάζαρε,
349 1937 514 2010 δεῦρο
529 1937 654 2002 ἔξω·
682 1941 777 1994 καὶ
807 1939 1031 2011 ἐξῆλθεν
1049 1945 1076 1995 6
1091 1942 1364 2014 τεθνηκὼς
1378 1944 1660 2016 δεδεμένος

82 2028 200 2091 τοὺς
225 2029 393 2093 πόδας
420 2030 514 2082 καὶ
546 2031 644 2094 τὰς
675 2034 864 2103 χεῖρας
921 2034 1179 2104 κειρίαις·
1213 2035 1303 2088 καὶ
1344 2038 1377 2107 ή
1414 2035 1535 2106 ὄψις
1564 2040 1662 2092 αὺ-

77 2116 166 2168 τοῦ
210 2118 482 2190 σουδαρίῳ
538 2120 858 2175 συνεδέδετο.
905 2125 1069 2192 Λέγει
1117 2127 1146 2178 6
1191 2126 1395 2197 Ἰησοῦς
1441 2129 1654 2192 αὐτοῖς’

82 2207 287 2261 Λύσατε
335 2211 522 2273 αὐτὸν,
555 2213 647 2264 καὶ
678 2211 842 2282 ἄφετε
896 2215 1056 2268 αὐτὸν
1103 2217 1351 2285 ὑπάγειν.
1390 2238 1408 2270 ι
1455 2219 1659 2290 Ἰησοῦς

79 2294 173 2370 ἦρε
200 2301 326 2365 τοὺς
351 2301 662 2374 ὀφθαλμοὺς
695 2306 807 2359 ἄνω
830 2346 845 2371 ,
883 2308 978 2360 καὶ
1029 2309 1108 2363 ἔτι
1153 2310 1359 2381 μέλλων
1405 2312 1656 2382 εὔχεσθαι

81 2391 409 2462 ὲπηκούσθη,
441 2394 534 2446 καὶ
572 2395 691 2448 ἀντὶ
732 2398 899 2469 εὐχῆς
931 2400 1288 2472 εὐχαρίστησέ
1316 2405 1656 2475 κατανοήσας

80 2482 169 2554 τὴν
216 2484 470 2556 Λαζάρου
518 2485 694 2559 ψυχὴν
734 2490 1083 2546 εἰσελθοῦσαν
1127 2495 1208 2557 είς
1238 2495 1298 2547 τὸ
1345 2495 1532 2565 σῶμα,
1562 2498 1655 2550 καὶ

80 2576 325 2648 δεομένην
351 2580 454 2650 τῆς
475 2579 581 2632 ἀπὸ
605 2581 953 2654 προστάξεως
979 2585 1152 2654 Ἰησοῦ
1175 2587 1540 2658 γενησομένης
1555 2588 1653 2641 ati-

83 2668 151 2739 τῷ
177 2670 418 2734 εὐτονίας
461 2673 595 2743 πρὸς
626 2674 688 2726 τὸ
730 2673 962 2739 ἐξελθεῖν
991 2677 1098 2729 ἀπὸ
1122 2677 1217 2730 τοῦ
1251 2679 1535 2749 μνημείου.
1563 2680 1653 2732 Διὸ

86 2761 212 2831 μετὰ
234 2761 329 2832 τὴν
356 2765 496 2835 πρὸς
520 2765 608 2817 τὸν
639 2766 859 2837 Πατέρα
881 2769 1229 2839 εὐχαριστίαν
1255 2771 1461 2842 μεγάλῃ
1486 2773 1650 2844 ἐχρή-

85 2866 204 2906 σατο
233 2858 403 2927 φωνῇ,
449 2857 676 2928 δύναμιν
704 2859 972 2930 ὲντιθείση
995 2860 1074 2929 τῷ
1103 2861 1360 2932 Λαζάρῳ,
1401 2863 1646 2934 μεγάλης

85 2944 316 3016 χρῄζοντι
352 2989 367 3012 ,
402 2951 480 3012 ὡς
505 2949 715 3004 οὐδέπω
747 2953 1023 3024 γενομένῳ
1048 2952 1292 3025 ὀξυηκόῳ
1320 2956 1419 3026 τῆς
1443 2974 1648 3027 προκα-

83 3037 332 3110 λουμένης
347 3042 512 3095 αὺτὺν
533 3043 635 3110 ἔξω
659 3043 753 3096 τοῦ
783 3061 886 3114 μνη
897 3045 1048 3114 μείου
1077 3048 1340 3117 κραυγῆς.
1362 3048 1470 3101 Καὶ
1490 3048 1647 3101 τοῦτο

1764 1941 1934 1996 mavit
1971 1961 1984 1997 :
2029 1941 2258 2011 Lazare,
2283 1947 2404 2000 veni
2428 1946 2612 2006 foras:
2641 1959 2696 2006 et
2721 1954 2922 2022 prodiit
2963 1955 3056 2025 qui
3087 1968 3337 2015 mortuus

1763 2029 1959 2099 fuerat,
1990 2049 2180 2090 manus
2210 2046 2259 2090 et
2289 2039 2456 2106 pedes
2489 2039 2698 2097 habens
2736 2045 3009 2102 revinctos
3033 2046 3219 2105 fasciis
3244 2049 3333 2105 fu-

1761 2123 1979 2190 nereis;
2013 2134 2066 2180 et
2093 2124 2268 2182 facies
2299 2128 2442 2185 illius
2472 2131 2695 2188 sudario
2727 2145 2848 2191 erat
2877 2138 3152 2195 obvincta.
3189 2143 3331 2199 Dicit

1759 2215 1839 2270 eis
1860 2214 2016 2272 Iesus
2049 2235 2064 2272 :
2103 2219 2307 2278 Solvite
2331 2238 2477 2290 eum,
2509 2233 2566 2282 et
2601 2227 2764 2284 sinite
2794 2230 2946 2286 abire
2968 2232 3036 2286 ⁸ο.
3072 2253 3090 2286 ι
3126 2232 3330 2291 Preca-

1761 2316 1914 2363 turus
1946 2305 2106 2365 Jesus
2139 2325 2262 2366 cum
2290 2316 2605 2372 sustulisset
2630 2319 2840 2389 oculos,
2882 2327 3169 2382 exauditus
3202 2328 3325 2396 fuit,

1756 2408 1811 2454 et
1849 2415 2071 2470 precum
2118 2402 2238 2459 loco
2281 2407 2487 2476 gratias
2533 2410 2664 2479 egit,
2705 2413 2830 2481 quia
2876 2414 3163 2487 diligenter
3202 2435 3327 2490 per-

1757 2493 2028 2562 spexisset
2056 2493 2253 2551 Lazari
2281 2499 2521 2555 animam
2551 2517 2752 2572 corpus
2780 2505 3081 2576 ingressam
3119 2510 3321 2578 fuisse;

1754 2594 2002 2655 egentem
2029 2599 2430 2656 superventura
2464 2591 2564 2648 sibi
2591 2593 2661 2650 ob
2679 2596 2977 2662 jussionent
3013 2600 3140 2658 Jesu
3178 2613 3323 2661 stre-

1753 2679 1960 2733 nuitate
1993 2687 2046 2734 et
2074 2681 2258 2751 vigore
2297 2683 2363 2738 ad
2396 2688 2703 2742 exeundum
2731 2705 2763 2744 e
2793 2695 3323 2764 monumento.Quo-

1752 2769 1897 2824 circa
1931 2782 2217 2842 postquam
2262 2775 2410 2831 Patri
2449 2780 2661 2847 gratias
2695 2782 2918 2852 egisset,
2959 2801 3093 2842 voce
3125 2803 3318 2859 magna

1751 2860 2030 2930 clamavit,
2062 2865 2228 2920 robur
2270 2867 2590 2938 impositura
2620 2873 2672 2927 in
2713 2873 2938 2940 Lazaro,
2967 2893 3165 2946 magna
3193 2895 3324 2936 voce

1749 2968 1886 3022 opus
1916 2955 2170 3024 habente,
2207 2959 2334 3028 quia
2371 2963 2608 3017 nondum
2635 2965 2886 3020 acumine
2905 2970 3164 3036 prwditus
3179 2983 3323 3027 esset

1751 3046 2004 3100 audiendi
2033 3047 2332 3105 clamorem
2372 3052 2691 3110 invitantem
2725 3071 2785 3112 se
2816 3068 2974 3113 extra
3001 3077 3319 3117 monumen-

160 3132 435 3198 νομιστέον
459 3130 606 3196 ἄξιον
632 3127 772 3185 εἶναι
795 3133 889 3187 τοῦ
932 3133 1102 3203 Ἰησοῦ
1138 3134 1318 3208 ἔργον,
1345 3135 1406 3188 τὸ
1439 3136 1512 3208 μὴ

1869 3171 1884 3187 .
1910 3135 2086 3206 Atque
2117 3139 2222 3194 hoc
2255 3155 2386 3197 sane
2415 3159 2552 3213 opus
2584 3147 2801 3218 dignum
2826 3147 2955 3205 Jesu
2981 3167 3102 3207 esse
3131 3153 3319 3209 dicen-

83 3232 160 3269 νον
189 3220 442 3286 εὔξασθαι
479 3224 562 3276 ἵνα
590 3221 732 3296 ζήσῃ
761 3228 789 3279 6
820 3225 1040 3295 νεκρὸς,
1072 3226 1208 3279 ἀλλὰ
1253 3231 1347 3280 καὶ
1375 3228 1642 3301 ἐμϐοῆσαι

83 3307 234 3380 αὐτῷ,
262 3314 352 3366 καὶ
385 3315 618 3371 καλέσαι
663 3317 752 3370 τὸν
794 3316 941 3370 ἔνδον
973 3317 1066 3370 τοῦ
1109 3317 1392 3389 σπηλαίου,
1425 3320 1520 3374 καὶ
1547 3322 1641 3375 τοῦ

88 3402 330 3470 μνημείου
364 3407 460 3458 ἐπὶ
484 3406 551 3460 τά
576 3408 680 3474 ἔξω
705 3408 890 3461 αὑτοῦ.
923 3409 1044 3480 Χρὴ
1076 3409 1132 3461 δὲ
1165 3410 1393 3475 εἰδέναι,
1428 3414 1510 3466 ὅτι
1535 3414 1642 3483 εοίσί

84 3504 210 3553 τινες
238 3495 329 3546 καὶ
358 3494 456 3548 νῦν
485 3498 724 3570 Λάζαροι
767 3499 880 3570 (75)
929 3500 1064 3572 μετὰ
1105 3500 1201 3572 τὴν
1251 3501 1428 3570 φιλίαν
1467 3504 1639 3574 Ἰησοῦ

85 3580 481 3654 ἀσθενήσαντες,
512 3591 604 3642 καὶ
635 3591 1017 3657 ἀποθανόντες,
1053 3594 1146 3646 καὶ
1187 3595 1244 3647 ἐν
1274 3597 1522 3666 μνημείῳ
1547 3598 1641 3651 καὶ

85 3673 272 3743 νεκρῶν
313 3679 469 3751 χώρᾳ
509 3682 786 3752 μείναντες
837 3683 975 3753 μετὰ
1029 3685 1236 3756 νεκρῶν
1283 3687 1497 3758 νεκροί⁸
1547 3691 1642 3743 καὶ

87 3765 210 3831 μετὰ
245 3769 396 3824 τοῦτο
425 3775 490 3844 τῇ
526 3775 656 3844 εὐχῇ
700 3774 794 3827 τοῦ
840 3774 1016 3844 Ἰησοῦ
1061 3775 1515 3848 ζωοπιηθέντες,
1549 3781 1642 3834 καὶ

85 3855 178 3909 ἀπὸ
206 3859 293 3912 τοῦ
326 3865 589 3935 μνημείου
625 3866 716 3918 ἐπὶ
749 3867 818 3918 τὰ
857 3866 961 3930 ἔξω
1008 3867 1171 3921 αὐτοῦ
1221 3869 1329 3923 ὑπὸ
1375 3871 1549 3940 Ἰησοῦ
1573 3875 1639 3944 τῇ

89 3949 278 4023 μεγάλῃ
326 3954 489 4007 αὐτοῦ
533 3959 681 4028 φωνῇ
726 3956 1047 4028 καλούμενοι
1067 3975 1080 3988 ·
1224 3962 1253 4012 6
1299 3961 1638 4034 πειθόμενος,

85 4037 339 4112 ἐξέρχεται
358 4047 485 4110 τοὺς
502 4047 684 4112 ἀξίους
711 4049 811 4120 τῆς
829 4051 1158 4124 νεκρότητος
1181 4054 1412 4126 δεσμοὺς
1439 4058 1504 4109 ὲκ
1529 4057 1636 4112 τῶν

87 4135 342 4205 προτέρων
369 4140 778 4211 ἁμαρτημάτων
817 4143 1226 4215 περικείμενος,
1262 4148 1356 4199 καὶ
1387 4146 1485 4219 τὴν
1515 4148 1635 4219 ὄψιν

89 4224 468 4299 περιδεδεμένος
502 4231 608 4296 ἔτι,
637 4234 730 4287 καὶ
763 4236 899 4306 μήτε
935 4235 1168 4305 βλέπων,
1211 4239 1348 4310 μήτε
1385 4239 1496 4312 (76)
1539 4259 1636 4295 πο-

91 4313 321 4386 ρευθῆναι
346 4321 668 4394 δυνάμενος,
701 4327 839 4398 μήτε
863 4345 916 4381 τι
951 4328 1242 4402 ἐνεργῆσαι
1272 4329 1360 4383 διὰ
1381 4333 1506 4396 τοὺς
1533 4333 1635 4404 τῆς

148 4407 190 4438 ⁸⁸
213 4409 359 4466 Joan.
393 4432 466 4479 XI,
495 4416 583 4472 £3.

1749 3225 1875 3279 dum
1906 3239 2012 3295 est,
2049 3240 2108 3283 ut
2143 3246 2246 3285 non
2272 3232 2444 3288 solum
2475 3251 2574 3304 pro
2607 3241 2803 3294 mortui
2827 3241 2934 3296 vita
2960 3255 3100 3311 oret,
3132 3261 3317 3303 verum

1747 3316 1912 3370 etiam
1951 3319 2004 3372 in
2035 3320 2129 3374 illo
2157 3321 2390 3390 insonet,
2421 3337 2685 3398 vocetque
2713 3328 2863 3384 illum
2887 3331 2941 3386 in
2965 3348 3319 3393 monumento

1746 3411 2096 3464 exsistentem
2131 3420 2186 3466 et
2219 3413 2271 3466 in
2306 3415 2583 3484 spelunca,
2612 3420 2700 3496 ad.
2725 3424 3096 3491 prodeundum
3145 3429 3315 3490 foras.

1749 3499 1854 3556 Sed
1887 3512 2135 3560 notemus
2164 3522 2387 3565 necesse
2409 3519 2494 3564 est
2527 3511 2734 3580 aliquos
2756 3517 3049 3573 etiamnum
3079 3519 3317 3580 Lazaros

1744 3610 1887 3661 esse,
1918 3598 2008 3666 qui
2049 3607 2169 3666 post
2205 3609 2546 3657 contractam
2586 3620 2709 3663 cum
2741 3605 2868 3662 Jesu
2904 3611 3195 3667 amicitiam
3227 3615 3311 3669 in-

1745 3686 1942 3740 firmati
1976 3698 2104 3742 sunt
2136 3699 2192 3744 et
2229 3693 2482 3760 periere:
2520 3695 2611 3763 qui
2660 3697 2823 3751 etiam
2877 3701 2928 3753 in
2965 3715 3314 3761 monumento

1739 3790 1794 3834 et
1822 3780 1873 3833 iu
1907 3794 2245 3838 mortuorum
2280 3785 2400 3842 Ioco
2424 3800 2745 3845 manserunt
2765 3807 2888 3847 cum
2914 3796 3142 3851 mortuis
3166 3813 3312 3854 mor-

1738 3874 1840 3938 tui,
1870 3883 1925 3928 et
1963 3885 2147 3943 postea
2177 3880 2431 3936 oratione
2457 3879 2616 3950 Jesu;
2634 3887 2725 3954 qui
2759 3887 2881 3942 illos
2907 3903 2938 3942 e
2963 3901 3312 3948 monumento

1736 3964 1804 4018 ad
1835 3967 2207 4033 prodeundum
2235 3969 2383 4027 foras
2411 3989 2544 4029 voce
2573 3991 2669 4031 sua
2717 3994 2908 4049 magna
2942 3983 3175 4049 vocavit,
3226 3985 3309 4038 vi-

1741 4054 1941 4112 vificati
1967 4075 1982 4124 ;
2014 4061 2099 4114 cui
2145 4063 2236 4130 qui
2285 4073 2461 4134 paret,
2490 4069 2789 4138 egreditur,
2820 4072 3051 4130 vinculis
3079 4077 3309 4131 mortiﬁ-

1740 4149 1961 4204 catione
2011 4151 2194 4222 dignis
2228 4155 2299 4211 ob
2347 4158 2529 4226 priora
2559 4171 2781 4230 peccata
2811 4164 3215 4235 circumdatus;
3253 4177 3311 4224 et

1741 4239 1933 4296 faciem
1955 4247 2248 4302 etiamnum
2282 4251 2594 4311 obvinctam
2625 4253 2857 4322 habens,
2879 4272 3056 4326 neque
3094 4261 3306 4330 videns,

1740 4350 1915 4406 neque
1947 4340 2230 4398 ambulare
2259 4342 2666 4416 valens,neque
2685 4347 2888 4416 aliquid
2927 4353 3142 4421 operari
3180 4368 3308 4424 pro-

152 4499 432 4590 Idem
486 4510 656 4564 codex
704 4510 927 4583 Regius,
951 4513 1126 4579 οὕτως
1179 4516 1336 4588 ὄχλος
1365 4518 1608 4590 θαυμάσο

1843 4527 1995 4574 :ntem
2033 4533 2064 4573 e
2107 4529 2458 4574 monumento
2499 4521 2826 4578 auctoritate
2864 4533 3203 4590 evocaverat,
3243 4535 3299 4582 et

91 4565 442 4644 οὖτωξδυσὼδη
450 4595 496 4640 ς.

153 4639 254 4708 (75)
277 4645 394 4714 Χρὴ
515 4649 754 4714 εἰδέναι,
787 4651 874 4705 ὅτι
899 4653 1020 4707 εἰσί
1044 4671 1201 4721 τινες
1235 4657 1334 4710 καὶ
1366 4656 1482 4710 νῦν
1512 4658 1630 4712 Λά-

93 4703 1129 4798 ‘(apoq'et'ci‘lﬂustathitts'Atitiochenus
1161 4703 1238 4778 be
1287 4730 1633 4798 engastrimy-

95 4781 169 4866 φρ
190 4795 206 4866 ς
227 4781 352 4866 [legi
375 4786 429 4840 δὲ
459 4789 551 4866 τοῦ
575 4791 822 4863 Λαζάρου
848 4792 1076 4866 γράφων
1098 4795 1316 4866 (nempe
1346 4781 1625 4866 Origenes,

93 4850 314 4937 sicetti’ut'
337 4853 646 4937 legendum1
667 4850 798 4937 non,
855 4850 914 4937 (.3
946 4850 1200 4937 A'llati:us,
1253 4850 1627 4937 ἣράφώῇίάνέί

93 4919 172 5004 τοῦ
201 4919 407 4988 δοξάσαι
429 4928 526 5036 τηεν
553 4919 649 4982 τοῦ
682 4919 918 5012 Χριστοῦ
961 4919 1389 5055 ὅεγαλουργίὶιν,⁵
1414 4919 1630 4993 statstat

93 5005 268 5046 τουτων
296 4997 564 5055 ἀποδεῑ,αι
596 5016 802 5055 σαφως.
835 5001 915 5055 ὅτι
1007 5004 1093 5055 εός
1143 5005 1291 5055 ἐστιν
1317 5009 1345 5055 ὁ
1378 5008 1468 5055 τὸν
1500 5009 1630 5055 ὀδω-

93 4997 268 5070 ’ξοῡτων
296 4997 564 5070 ἀποδεῖξαι
590 4997 802 5070 σαφῶς,
835 5001 915 5055 ὅτι
961 4997 1093 5067 Θεός
1143 4997 1291 5058 ἐστίν
1317 5009 1345 5060 6
1369 4997 1468 5061 ’τὸν
1500 5009 1632 5062 ὀδω-

94 5057 203 5149 ξέτα
229 5057 504 5149 maca;
543 5057 982 5149 sanwa
1015 5057 1254 5149 ἐξευρίςι
1273 5057 1631 5149 ardeata-

99 5131 455 5218 ξενοςκκαιτῇ
484 5139 579 5218 τοῦ
597 5131 854 5218 Δῥήματος
875 5131 1072 5212 ἀφέσεῖ
1098 5146 1164 5218 τὰ
1195 5131 1499 5218 διῴδηκόταΙ
1523 5131 1628 5203 σω-

101 5203 810 5285 ματαέᾧυχάσᾶςηοὺδὲῖμὲν
833 5203 995 5285 ἕνεκα
1019 5214 1208 5268 τούτου
1252 5203 1419 5285 λέγέι.
1454 5220 1628 5285 Λάζα-

217 5272 268 5325 δὲ
300 5272 408 5355 ξιξ)νρ
443 5272 537 5355 τοῦ
595 5272 798 5355 Κυρίου
847 5284 1019 5355 φίλον,
1065 5285 1124 5355 6v
1165 5287 1265 5340 οὐκ
1319 5272 1625 5355 ὰπέικάτῐλξ

1737 4591 1890 4646 verbi
1916 4591 2212 4644 emissione
2234 4605 2460 4660 corpora
2501 4592 2789 4648 tumefacta
2820 4593 3176 4655 animaverat.
3212 4597 3300 4653 his

1737 4661 1990 4718 omnibus
2017 4660 2232 4714 silentio
2277 4661 2555 4727 involutis,
2616 4661 2880 4717 Lazarum
2925 4666 3155 4720 amicum
3192 4666 3300 4722 Do-

1738 4733 1891 4794 mini,
1920 4744 2218 4806 quem_u_on
2249 4732 2346 4784 abs
2378 4745 2436 4785 re
2467 4741 2687 4801 propter
2716 4735 2971 4788 virtutem
3013 4736 3293 4806 diligebat,

1737 4803 1788 4855 in
1819 4801 2054 4874 peccatis
2085 4800 2422 4874 laborantem
2450 4813 2505 4856 et
2529 4800 2798 4857 mortuum
2833 4800 3140 4860 transtulit:
3167 4800 3297 4874 Quae

1737 4869 1987 4945 nemode
2014 4869 2275 4945 iustoaut
2313 4871 2472 4934 dixit,
2516 4882 2609 4926 aut
2638 4874 2779 4945 dicta
2823 4877 3040 4945 scriptis
3073 4869 3298 4934 mat—fda-

1735 4945 1836 4996 vit.
1872 4940 2066 5008 Neque‘
2098 4942 2242 4995 enim
2273 4957 2396 4994 eum
2441 4952 2546 4995 tam
2584 4942 2762 4997 valido
2793 4940 2982 5001 amore
3036 4948 3298 5007 Dominus

1737 5024 2056 5080 prosecutus
2082 5010 2295 5086 fuisset,
2329 5012 2432 5086 nisi
2482 5014 2604 5066 vitae
2631 5013 2769 5068 ratio
2796 5031 2956 5085 quam
3002 5021 3297 5086 proﬁteba-

1737 5079 1842 5149 tur,
1872 5083 2064 5158 divina
2088 5081 2298 5158 fuisset.
2337 5099 2356 5133 ›
2391 5079 2448 5134 In
2477 5099 2596 5158 quo
2613 5099 2769 5158 sane,
2792 5079 2852 5158 ut
2878 5079 3020 5156 saepe
3059 5089 3112 5142 in
3145 5090 3290 5158 aliis,

1733 5153 2019 5239 (lrigenem
2051 5151 2326 5239 immerito
2355 5155 2529 5221 carpit
2561 5154 2904 5239 Eustathius;
2941 5151 3063 5238 nam
3103 5151 3294 5239 quam;

1732 5225 1815 5277 vis
1837 5221 2048 5276 Lazaro
2079 5222 2350 5296 hominem
2378 5225 2616 5292 peccatis
2633 5225 2969 5281 laborantem
2993 5221 3290 5296 signiﬁcari

1733 5295 1998 5355 docuerit,
2031 5307 2136 5346 non
2173 5291 2294 5346 ideo
2323 5291 2590 5348 Lazarum
2628 5300 2864 5364 peccatis
2887 5291 3162 5353 laborasse
3196 5317 3291 5356 voo

97 5346 275 5434 ‘inlmL
296 5346 357 5399 δι’
388 5351 602 5434 ἀρετὴν,
638 5346 723 5434 εἰς
750 5353 840 5407 τὸν
859 5346 1198 5434 ’ἁῆσθενοῦντα
1243 5359 1335 5434 καλἶ
1357 5360 1553 5434 τεθνῌεῶ

1856 5346 2357 5434 :vquentadntodum
2394 5346 2488 5432 qui
2510 5346 2818 5434 serprcutem
2842 5383 3046 5420 aeneum
3076 5370 3128 5421 in
3164 5372 3291 5425 soli-

245 5410 850 5494 dpapzfatg'avﬂyaysv.
887 5424 1074 5489 Οὐδεὶς
1107 5425 1165 5479 δὲ
1208 5410 1624 5484 -ήδιῖ

98 5477 231 5532 καίου
255 5477 414 5542 ταῦτα
440 5477 608 5556 εἶπεν,
635 5477 757 5547 ὁθτ”
791 5494 1026 5566 ἔγραψεν
1049 5477 1072 5527 Ῑ
1107 5477 1169 5551 οὗ

99 5543 304 5618 ᾴῖίρίτως
328 5557 570 5618 ἔστεργεν
607 5567 636 5617 ὁ
669 5563 872 5618 Κύριος
917 5567 1098 5618 αὐτὸν.
1128 5569 1177 5618 εἰ
1213 5570 1284 5618 wh
1326 5569 1615 5618 θεσπεσίας

100 5564 304 5628 ακριτως
328 5564 570 5634 ἔστεργεν
607 5567 636 5617 6
669 5564 872 5635 Κύριος
917 5567 1098 5632 αὐτὸν,
1128 5569 1177 5620 εἰ
1326 5564 1611 5636 θεσπεσίας

100 5612 570 5739 insertasse;
603 5633 756 5739 .123.
764 5635 981 5739 lea?
994 5640 1611 5739 :2'.‘:.‘EE:.§E:E.':”:?::€EE':

101 5684 347 5778 (libuisset
375 5684 570 5757 ChriSti
603 5684 1378 5778 ἰιιέειιε-οὖῦἷιιιεέιιίΐεῖεειοὶ,
1413 5684 1611 5778 ἰιίοιιιιε

105 5757 256 5817 Palam
287 5765 639 5829 demonstrare
661 5757 1450 5848 idemieséeftitii'ibhuh."
1493 5757 1608 5852 jam

1731 5435 1916 5488 tudine
1945 5451 1973 5488 a
2005 5432 2186 5502 Moyse
2213 5433 2469 5490 Israelitis
2499 5432 3290 5504 propositum,dixeritChristi

1726 5506 2146 5593 1)·βιιιιιίιιίεεθτ,
2175 5519 2280 5586 non
2315 5507 2512 5593 idcirco
2551 5517 2858 5593 serpentem
2884 5511 3288 5593 aeneumflltri-

445 5579 570 5634 ργεν
607 5567 636 5617 ὁ
669 5563 872 5635 Κύριος
917 5563 1098 5632 αὐτὸν,
1128 5569 1177 5620 εἰ
1326 5563 1615 5636 θεσπεσίας
1721 5563 1862 5628 stum
1897 5582 1901 5628 l

445 5633 570 5714 είαςς
603 5651 631 5714 ,ι
671 5633 743 5689 De
773 5635 981 5691 Lazaro
1003 5640 1611 5714 aut.ent_scribcns_,cmtt
1719 5647 1892 5714 pcndu

1834 5592 1862 5627 ιι
1897 5577 2058 5630 fuisse
2096 5563 2312 5630 dixerit.
2365 5579 2540 5647 Atque
2572 5563 2687 5632 uaéc
2725 5578 2778 5632 iu
2815 5563 3154 5648 Origem'am's
3175 5563 3290 5641 ἐἰς

1834 5647 2042 5699 duntur.
2070 5643 2328 5714 Ηυετιυε.

1790 5715 1902 5787 (76)
1938 5717 2114 5772 Codex
2148 5713 2368 5788 Regius,
2398 5720 2558 5787 male,
2601 5721 2828 5793 μήποτε.
