3688 6146
409 364 522 426 695

1882 357 2196 415 ORIGENIS
3482 354 3550 413 tm

409 489 535 553 pter
559 474 996 534 mortiﬁcationis
1009 474 1240 538 vincula,
1260 474 1431 529 donec
1447 473 1601 530 Jesns
1616 473 1840 545 jusserit
1862 474 1957 528 sol-

2077 472 2400 543 νεκρότητος
2422 470 2675 540 δεσμοὺς,
2701 468 2808 532 ἕως
2848 466 3052 540 Ἰησοῦς
3078 466 3296 538 κελεύσῃ
3330 470 3423 532 τοῖς
3438 470 3552 525 λύσας

409 572 658 629 ventibus
692 583 839 635 eum,
868 582 1029 637 penes
1052 583 1186 638 quos
1214 567 1378 623 etiam
1405 567 1631 623 facultas
1655 576 1737 622 est
1761 568 1970 623 sinendi

409 679 531 719 eum
568 662 741 716 abire.
773 660 839 714 Et
859 675 991 715 sane
1024 660 1270 730 quisquis
1298 659 1480 716 dicere
1507 662 1689 716 valet:
1726 678 1745 712 ι
1774 659 1853 713 Au
1876 674 1973 712 ex-

407 755 770 826 perimentum
805 751 1046 820 quaeritis
1099 753 1151 805 in
1187 768 1271 807 me
1309 748 1919 821 loquentisChristi“?
1947 770 1963 801 ι

406 847 454 902 is
489 853 660 900 tentet
686 842 809 897 talis
849 842 987 907 fieri,
1041 853 1101 897 ut
1144 844 1246 899 sibi
1288 843 1538 898 Christus
1588 858 1722 898 voce
1773 857 1968 909 magna

404 937 655 992 clamans
695 936 880 989 dicat:
928 954 946 986 ι
986 933 1217 999 Lazare,
1260 935 1414 1005 prodi
1465 934 1648 998 foras;
1678 953 1696 986 ι
1729 934 1853 998 sibi,
1890 935 1970 987 in-

404 1042 590 1098 quam,
619 1027 709 1091 qui
741 1038 1022 1096 postquam
1069 1037 1314 1081 mortuus
1364 1025 1483 1089 fuit,
1526 1027 1797 1080 invocavit
1846 1028 1967 1093 qui-

408 1121 551 1184 dem,
584 1120 678 1175 sed
708 1135 811 1173 non
844 1129 1025 1182 acute,
1057 1130 1107 1174 et
1142 1119 1344 1172 idcirco
1370 1119 1530 1173 etiam
1565 1134 1701 1186 opus
1736 1120 1968 1172 habebat

404 1209 530 1266 Jesu
554 1211 804 1267 clamore.
833 1210 997 1282 378
1010 1210 1244 1264 Proinde
1267 1211 1439 1279 cogita
1456 1224 1577 1263 eum
1598 1210 1686 1276 qui
1705 1224 1735 1262 a
1753 1210 1967 1262 Christo

406 1305 655 1370 recessit,
689 1305 754 1357 ad
787 1304 1038 1374 gentilem
1066 1303 1307 1372 relapsus
1332 1302 1521 1367 vitam,
1550 1311 1666 1369 post
1688 1312 1964 1368 acceptam

402 1396 651 1452 veritatis
679 1393 1061 1465 cognitionem,
1087 1403 1140 1448 et
1175 1402 1458 1463 postquam
1493 1393 1827 1447 illuminatus
1854 1390 1968 1444 fue-

403 1486 504 1550 rit,
545 1485 953 1555 gustaveritque
986 1484 1183 1539 donum
1230 1482 1640 1553 supercmleste,
1695 1481 1967 1549 particeps

404 1576 582 1631 factus
616 1574 848 1645 Spiritus
877 1578 1075 1640 sancti,
1109 1583 1275 1646 atque
1305 1573 1607 1644 gustaverit
1636 1573 1837 1627 bonum
1873 1572 1963 1626 Dei

403 1668 649 1732 verbum,
697 1667 1034 1735 virtutesque
1074 1665 1237 1719 futuri
1287 1665 1470 1720 saeculi
1509 1664 1590 1730 8’;
1633 1663 1832 1732 cogita,
1885 1662 1966 1715 in-

402 1773 589 1826 quam,
608 1758 766 1813 talem
793 1760 843 1811 in
871 1758 1082 1812 inferno
1107 1773 1225 1812 esse
1251 1771 1373 1811 cum
1396 1755 1604 1811 umbris
1627 1764 1684 1808 et
1708 1752 1959 1817 mortuis,

2079 579 2161 615 σιν
2207 562 2368 615 αὑτὸν
2392 601 2407 625 ,
2446 560 2762 630 δυναμένοις
2804 558 2901 611 καὶ
2947 555 3165 626 ἀφιέναι
3195 556 3344 611 αὐτὸν
3380 557 3552 615 ἀπεῖναι,

2076 655 2185 708 Kal
2208 653 2485 728 πειράσθω
2511 670 2575 721 γε
2605 653 2710 715 πᾶς
2736 654 2765 704 ό
2806 649 3100 720 δυνάμενος
3125 647 3294 717 λέγειν
3313 664 3326 677 ³
3355 648 3439 701 «Ἦ
3458 648 3555 703 δοκι·

2078 745 2184 817 μὴν
2215 744 2424 817 ζητεῖτε
2452 744 2544 798 τοῦ
2572 746 2630 797 ἐν
2658 744 2780 813 ἐμοὶ
2801 740 3084 803 λαλοῦντος
3112 737 3365 810 Χριστοῦ;
3396 758 3412 790 ι
3438 740 3539 792 tota]

2073 854 2165 900 τος
2201 834 2482 906 γενέσθαι,
2511 837 2595 889 ἵνα
2642 835 2740 905 μὲν
2768 832 2918 903 αὐτῷ
2966 830 3196 902 Χριστὸς
3230 832 3367 900 φωνῇ
3406 831 3555 902 μεγάλη

2075 932 2203 1004 εἴπῃ
2253 929 2567 1003 κραυγάσας
2610 928 2687 999 τῷ
2729 924 2865 996 μετά
2908 924 2968 976 τὸ
3028 923 3311 977 ἀποθανεῖν
3346 922 3559 992 κιρήσαντι

2078 1024 2175 1092 μὲν
2202 1021 2290 1094 (77
2297 1038 2312 1087 )
2333 1062 2347 1085 ,
2377 1022 2476 1073 οὐκ
2502 1019 2668 1085 ὀξέως
2710 1017 2767 1069 δὲ
2793 1056 2807 1077 ,
2854 1015 2948 1067 καὶ
2991 1013 3078 1067 διὰ
3098 1012 3253 1066 τοῦτο
3276 1011 3476 1082 δεομένῳ
3495 1014 3559 1081 τῆς

2088 1113 2259 1183 Ἰησοῦ
2288 1110 2550 1183 κραυγῆς,
2580 1111 2640 1163 τό
2663 1126 2675 1139 ο
2714 1127 2733 1159 ι
2761 1104 2999 1177 Λάζαρε,
3018 1104 3178 1172 δεῦρο
3206 1102 3325 1168 ἔξω.
3354 1122 3370 1153 ι
3396 1104 3485 1158 Kal
3504 1103 3562 1156 v6-

2077 1222 2233 1275 μισον
2252 1201 2388 1258 εἶναι
2410 1205 2469 1256 ἐν
2488 1203 2613 1273 ᾅδου
2648 1199 2784 1272 μετά
2814 1199 2920 1253 τῶν
2950 1195 3133 1261 σκιῶν,
3157 1196 3249 1249 καὶ
3273 1195 3371 1248 τῶν
3391 1195 3561 1266 νεκῴν,

2074 1296 2167 1350 καὶ
2198 1298 2254 1347 ἐν
2279 1294 2431 1367 χώρᾳ
2458 1292 2665 1363 νεκρῶν
2686 1333 2700 1354 ,
2733 1292 2767 1365 ἢ
2798 1289 3080 1363 μνημείοις
3097 1329 3111 1352 ,
3157 1288 3246 1341 τὸν
3292 1287 3412 1357 μετά
3433 1287 3565 1340 1b).:-

2072 1389 2186 1441 δεῖν
2214 1389 2503 1456 ἐπίγνωσιν
2530 1384 2783 1456 ἀληθείας
2801 1425 2815 1447 ,
2852 1383 2945 1437 καὶ
2967 1379 3295 1451 φωτισθέντα
3318 1420 3332 1447 ,
3359 1379 3565 1449 γευσάμε-

2073 1481 2160 1533 νόν
2190 1496 2249 1532 τε
2280 1480 2377 1549 τῆς
2414 1478 2619 1550 δωρεᾶς
2649 1477 2748 1548 τῆς
2778 1474 3098 1547 ἐπουρανίου
3118 1513 3132 1537 ,
3177 1473 3268 1525 καὶ
3298 1470 3489 1541 μέτοχον
3511 1488 3568 1540 γι-

2073 1574 2291 1644 νόμενον
2324 1571 2460 1625 Πνεύ
2469 1588 2635 1641 ματος
2661 1569 2834 1637 ἁγίου,
2852 1569 2946 1621 καὶ
2971 1566 3130 1619 καλὸν
3150 1565 3456 1635 γευσάμενον
3471 1562 3565 1616 Θεοῦ

2073 1664 2243 1735 ῥῆμα,
2263 1662 2518 1734 δυνάμεις
2541 1679 2599 1714 τε
2634 1660 2912 1731 μέλλοντος
2940 1658 3154 1723 αἰῶνος,
3191 1656 3567 1726 ἀποστατήσαντα

2070 1756 2162 1808 τοῦ
2188 1753 2421 1825 Χριστοῦ
2447 1795 2461 1818 ,
2495 1755 2588 1807 καὶ
2632 1754 2722 1805 ἐπὶ
2758 1752 2848 1806 τὸν
2885 1751 3093 1804 ἐθνικὸν
3125 1748 3238 1819 (78)
3279 1747 3569 1818 παλινδρομήο

400 1852 456 1905 in
489 1848 606 1903 loco
632 1863 695 1903 ac
731 1848 948 1918 regione
993 1856 1335 1903 mortuorum
1369 1854 1424 1902 et
1454 1845 1835 1899 monumentis.
1875 1843 1957 1899 Si-

2070 1862 2235 1899 σαντα
2262 1844 2393 1913 βίον.
2429 1840 2594 1896 Ἐπάν
2615 1837 2706 1895 οὖν
2731 1841 2857 1913 περὶ
2881 1840 2975 1893 τοῦ
3009 1838 3249 1893 τοιούτου
3274 1835 3427 1890 ἐλθὼν
3451 1834 3567 1890 αὑτοῦ

403 1939 516 1992 Inui
548 1948 709 2008 atque
735 1939 898 2007 igitur
934 1937 1244 2005 pervenerit
1286 1935 1442 1991 Jesus
1484 1935 1550 1987 ad
1600 1932 1957 2002 hujuscemodi

2068 1939 2149 2000 εἰς
2191 1937 2253 1989 τὸ
2287 1938 2548 2007 μνημεῖον
2567 1974 2582 1999 ,
2614 1934 2707 1987 καὶ
2739 1932 2843 1997 ἔξω
2884 1931 3046 1985 αὐτοῦ
3084 1931 3216 1995 στὰς
3242 1934 3269 1984 ό
3311 1930 3486 2001 Ἰησοῦς
3508 1929 3569 1981 εὖ-

402 2030 638 2084 bominis
667 2039 1099 2091 monumentum,
1128 2038 1181 2081 et
1213 2037 1367 2081 extra
1396 2025 1525 2079 illud
1570 2034 1722 2079 stans
1748 2040 1845 2094 pro
1877 2025 1957 2077 tali

2068 2028 2243 2100 ξηται,
2270 2027 2363 2081 καὶ
2389 2025 2699 2096 ἐπακοὺσθη
2725 2024 2858 2095 (79),
2886 2025 3115 2095 αἰτήσας
3136 2022 3437 2101 ἐγγένεσθαι
3459 2022 3571 2075 δύνας

404 2123 666 2188 oraverit,
723 2130 776 2176 et
832 2120 1114 2175 exauditus
1148 2119 1330 2182 fuerit,
1371 2118 1645 2188 postulans
1683 2132 1792 2171 suae
1850 2117 1957 2171 voci

2070 2137 2162 2191 μιν
2187 2123 2253 2191 τῇ
2299 2121 2446 2189 φωνῇ
2514 2118 2607 2171 καὶ
2637 2120 2747 2181 τοῖς
2789 2117 2966 2185 λόγοις
3011 2115 3176 2170 αὑτοῦ
3197 2158 3212 2180 ,
3246 2119 3386 2186 φωνῇ
3418 2114 3572 2185 μεγάλῃ

402 2211 622 2278 suisque
638 2210 978 2264 sermonibus
995 2211 1198 2265 innasci
1221 2211 1540 2271 robum'oce
1557 2223 1748 2280 magna
1768 2207 1957 2263 clamat

2067 2208 2363 2282 κραυγάζει
2390 2210 2482 2261 ἐπὶ
2505 2209 2571 2262 τὰ
2604 2206 2707 2272 ἐξω
2733 2206 2827 2260 τοῦ
2858 2206 2967 2260 τῶν
3000 2206 3230 2260 ἐθνικῶν
3265 2205 3392 2276 βίου,
3414 2205 3491 2259 καὶ
3507 2203 3572 2257 το]

401 2302 550 2357 illum
578 2318 736 2372 quem
768 2304 845 2358 sic
875 2303 1183 2368 adamabat,
1212 2304 1277 2356 ad
1308 2318 1371 2358 ea
1394 2316 1515 2373 quae
1547 2302 1735 2373 procul
1763 2304 1957 2357 absunt

2069 2321 2171 2374 μνη
2181 2303 2330 2373 μείου
2363 2301 2561 2365 αὐτῶν,
2587 2303 2678 2354 καὶ
2702 2299 2793 2354 τοῦ
2828 2299 3114 2371 σπηλαίου,
3141 2299 3321 2353 καλῶν
3345 2297 3572 2369 γενόμενον

401 2409 430 2447 a
471 2393 746 2462 gentilium
777 2395 907 2458 vita,
947 2405 1002 2449 et
1032 2409 1062 2446 a
1099 2403 1467 2459 monumento,
1504 2405 1667 2464 atque
1709 2393 1957 2464 spelunca

2065 2393 2204 2446 οὕτω
2235 2394 2383 2462 φίλον
2402 2411 2416 2422 ’
2437 2395 2525 2446 ὅτε
2556 2393 2701 2446 ἔστιν
2734 2393 2859 2445 ἰδεῖν
2884 2392 2974 2445 τὸν
3008 2391 3397 2445 ἀκολουθοῦντα
3417 2390 3481 2461 τῷ
3503 2391 3575 2459 ’1η-

400 2497 587 2540 eorum
624 2498 863 2539 vocans:
899 2483 1112 2553 quando
1148 2482 1275 2540 Jesu
1319 2485 1572 2540 sectatori
1618 2485 1749 2540 licet
1796 2500 1964 2556 agno-

398 2590 573 2638 scere,
606 2590 838 2644 quonam
880 2584 1040 2645 pacto
1070 2575 1191 2631 talis
1218 2585 1442 2646 propter
1467 2574 1593 2631 Jesu
1621 2577 1838 2647 quidem
1866 2593 1962 2633 vo—

399 2680 515 2721 cem
545 2668 784 2735 prodeat,
816 2667 909 2721 sed
942 2666 1119 2721 adhuc
1146 2681 1369 2721 suorum
1412 2675 1756 2737 peccatorum
1792 2669 1959 2738 spiris

396 2756 595 2826 ligatus
629 2765 683 2811 et
706 2758 949 2819 strictus,
987 2766 1151 2827 atque
1185 2759 1255 2813 ob
1288 2760 1669 2829 paenitentiam
1717 2761 1957 2831 quidem,

396 2857 560 2917 atque
596 2849 721 2917 quia
757 2850 989 2903 audierit
1027 2850 1184 2903 Jesus
1225 2865 1436 2914 vocem,
1474 2852 1698 2915 vivens;
1729 2856 1821 2907 sed
1861 2868 1961 2909 nec

394 2941 645 3011 pedibus,
676 2942 799 3008 quia
824 2941 1060 2996 nondum
1084 2941 1342 2997 liberatus
1365 2944 1436 2998 sit
1465 2946 1675 3011 peccati
1704 2945 1956 3012 vinculis,

395 3032 580 3088 liberis
609 3033 838 3102 ingredi,
870 3050 971 3089 nec
1014 3050 1101 3090 res
1134 3037 1365 3091 eximias
1406 3037 1574 3092 libere
1602 3039 1819 3108 operari
1866 3055 1960 3093 va-

394 3123 536 3192 lens,
582 3141 774 3181 manus
822 3134 879 3181 et
929 3127 1094 3196 pedes
1142 3129 1416 3183 revinctus
1477 3130 1685 3186 habens
1727 3129 1997 3196 vinculis:

400 3227 734 3271 mortuorum
765 3217 1181 3283 sepulcralibus.
1211 3220 1290 3276 Ac
1318 3220 1442 3274 talis
1471 3221 1712 3290 profecto
1738 3238 1959 3293 propter

395 3308 452 3360 2n
481 3321 541 3362 se
575 3309 926 3363 exsistentem
962 3308 1456 3375 mortificationem,
1500 3322 1700 3383 praeter
1743 3315 1958 3369 vincula

395 3398 560 3453 etiam
612 3414 867 3453 manuum
908 3408 963 3455 et
1009 3400 1225 3470 pedum,
1278 3402 1471 3458 faciem
1531 3420 1745 3475 quoque
1797 3406 1955 3475 igno-

397 3488 574 3543 rantia
600 3499 918 3558 coopertam
954 3500 1005 3545 et
1036 3491 1350 3547 obvinctatn
1382 3494 1561 3550 habet.
1597 3495 1800 3552 Deinde
1820 3514 1960 3567 quo-

396 3581 540 3634 niam
589 3595 694 3634 non
743 3590 947 3635 tantum
1002 3581 1175 3637 voluit
1225 3581 1383 3639 Jesus
1430 3585 1574 3639 hunc
1605 3566 1812 3651 vivere,
1840 3566 1958 3643 inec

394 3674 625 3743 amplius
670 3675 723 3729 in
757 3686 1108 3731 monumento
1140 3691 1385 3743 manere,
1435 3688 1592 3734 extra
1637 3696 1959 3736 monumen-

399 3778 508 3820 tum
533 3782 656 3821 cum
685 3768 921 3823 venisset
940 3768 1182 3823 Lazarus
1204 3769 1447 3840 ligatam,
1481 3783 1541 3825 ut
1587 3773 1833 3842 superius
1882 3774 1960 3828 di-

393 3868 541 3912 ctum
569 3858 879 3922 est,faciem
910 3861 1137 3926 habens,
1156 3871 1324 3932 atque
1353 3863 1665 3933 impeditus,
1687 3875 1957 3934 quatenus

397 3952 590 4021 ligatus
636 3962 781 4016 erat,
814 3969 845 4007 e
893 3961 1241 4008 monumento
1275 3955 1508 4022 prodire,
1542 3955 1677 4010 dicit
1717 3955 1823 4011 illis
1865 3957 1957 4027 qui

394 4040 523 4095 huic
553 4042 758 4096 muneri
790 4043 1037 4098 obeundo
1073 4045 1250 4099 idonei
1280 4052 1437 4098 erant
1461 4043 1617 4100 Jesus
1643 4062 1659 4098 :
1697 4064 1715 4097 ι
1751 4044 1957 4102 Solvite

391 4144 518 4184 eum
551 4139 606 4185 et
625 4131 785 4185 sinite
817 4133 1001 4197 abire;
1030 4152 1049 4184 ι
1078 4134 1331 4189 existimo
1354 4135 1495 4203 quod
1518 4150 1623 4189 non
1652 4135 1958 4206 approbans

394 4222 660 4276 rationem
690 4224 1090 4289 conversionis,
1119 4235 1402 4295 postquam
1441 4236 1803 4295 peccaverat;
1857 4242 1958 4282 nec

394 4314 570 4368 adhuc
589 4314 773 4367 valens
799 4314 956 4381 juxta
988 4315 1131 4369 illam
1162 4317 1367 4382 vivere,
1402 4318 1545 4387 quod
1579 4319 1956 4374 detinereutur

394 4403 592 4459 anima:
637 4405 781 4459 illius
819 4410 1095 4474 potentiae,
1147 4423 1340 4478 nempe
1390 4411 1575 4477 eundi,
1607 4412 1865 4482 operandi
1901 4421 1956 4466 et

2066 2484 2179 2551 σοῦ,
2228 2485 2349 2538 τίνα
2398 2484 2594 2555 τρόπον
2639 2484 2668 2535 ό
2712 2481 2952 2546 τοιοῦτος
2981 2470 3262 2553 ἐξέρχεται
3293 2482 3387 2552 μὲν
3413 2480 3488 2533 διὰ

2076 2574 2247 2645 Ἰησοῦ
2290 2575 2470 2645 φωνὴν
2490 2614 2504 2638 ,
2536 2573 2614 2626 ἐτι
2646 2573 2701 2625 δέ
2739 2576 2945 2644 σειραῖς
2988 2574 3096 2628 τῶν
3127 2574 3275 2627 ἰδίων
3306 2570 3576 2646 ἁμαρτημά-

2059 2683 2167 2719 των
2207 2665 2483 2736 δεδεμένος
2528 2665 2623 2718 καὶ
2665 2666 3032 2736 ὲσφιγμένος,
3065 2665 3153 2718 διὰ
3199 2666 3297 2737 μὲν
3341 2666 3431 2736 τὴν
3458 2666 3578 2734 μετά-

2061 2775 2227 2822 νοιαν,
2261 2760 2353 2812 καὶ
2383 2759 2445 2812 τὸ
2471 2759 2764 2829 ἀκηκοέναι
2785 2758 2883 2829 τῆς
2925 2758 3098 2829 Ἰησοῦ
3145 2759 3328 2830 φωνῆς
3357 2757 3452 2822 ζῶν
3470 2800 3484 2823 ,
3516 2754 3580 2810 διὰ

2058 2852 2115 2905 δὲ
2146 2853 2205 2904 τὸ
2230 2851 2453 2922 μηδέπω
2474 2851 2834 2928 ἀπολελῦσθαι
2864 2852 2968 2905 τῶν
2989 2852 3088 2922 τῆς
3111 2853 3378 2925 ἁμαρτίας
3395 2850 3578 2922 δεσμῶν,

2063 2942 2197 3013 μηδὲ
2224 2943 2323 3014 ήδη
2355 2941 2614 2996 δύνασθαι
2656 2941 2958 3016 ἐλευθέροις
2989 2943 3295 2998 ἐπιϐαίνειν
3317 2946 3421 3007 τοῖς
3444 2942 3579 3003 ποσὶν,

2058 3033 2192 3088 ἀλλὰ
2226 3034 2360 3106 μηδὲ
2382 3036 2620 3107 ἐνεργεῖν
2649 3035 3064 3106 ὰπολελυμένως
3089 3036 3159 3089 τὰ
3187 3036 3503 3108 διαφέροντα,
3519 3033 3581 3086 δε-

2057 3124 2276 3196 δεμένος
2321 3126 2443 3189 τοὺς
2479 3125 2644 3188 πόδας
2687 3126 2781 3179 καὶ
2811 3126 2909 3190 τὰς
2954 3128 3142 3197 χεῖρας
3180 3126 3395 3197 δεσμοῖς
3420 3122 3581 3195 veitva

2060 3218 2308 3288 κειρίαις,
2340 3220 2447 3273 Kal
2469 3220 2496 3270 ὁ
2526 3219 2765 3284 τοιοῦτός
2797 3238 2861 3288 γε
2889 3220 2978 3273 διὰ
3020 3220 3118 3291 τὴν
3146 3219 3487 3290 ἐγγενομένην
3517 3216 3584 3268 αὖ-

2057 3308 2136 3379 τῷ
2157 3309 2451 3380 νεκρότητα
2470 3350 2485 3374 ,
2514 3310 2648 3381 πρὸς
2670 3314 2781 3375 τοῖς
2806 3311 2884 3364 ἐτι
2909 3311 3017 3365 τῶν
3049 3312 3252 3383 χειρῶν
3287 3312 3376 3365 καὶ
3401 3309 3493 3363 τῶν
3514 3324 3585 3360 πο-

2057 3397 2163 3452 δῶν
2187 3399 2420 3470 δεσμοῖς,
2449 3400 2541 3454 κα).
2569 3400 2666 3472 τὴν
2697 3402 2817 3471 ὄψιν
2849 3405 2914 3473 τῇ
2939 3402 3131 3474 ἀγνοίᾳ
3156 3401 3492 3459 κεκάλυπται,
3516 3398 3585 3453 καὶ

2060 3490 2414 3563 περιδέδεται.
2446 3490 2555 3546 Εἶτ’
2589 3495 2708 3548 ἐπεὶ
2751 3494 2824 3566 μὴ
2860 3495 3020 3565 μόνον
3063 3494 3222 3564 ζῆσαι
3256 3494 3409 3548 αὐτὸν
3438 3488 3583 3563 βεϐού-

2059 3583 2217 3654 ληται
2242 3586 2271 3637 ό
2308 3584 2532 3655 Ἰησοῦς,
2566 3587 2659 3639 κα).
2686 3587 2742 3639 ἐν
2770 3585 2849 3657 τῷ
2884 3587 3133 3658 μνημείῳ
3175 3588 3253 3659 μὴ
3299 3587 3464 3659 μένειν
3484 3582 3584 3654 (80).

2060 3675 2152 3728 ἐπὶ
2169 3673 2238 3727 τὰ
2267 3674 2370 3742 ἔξω
2390 3675 2484 3728 τοῦ
2513 3677 2776 3747 μνημείου
2809 3672 2965 3741 οὗτος
2996 3677 3167 3731 ἐλθὼν
3194 3678 3418 3739 δέδεται,
3446 3673 3583 3735 καθὼς

2060 3768 2399 3840 προείρηται,
2426 3768 2527 3839 τῆς
2557 3769 2701 3841 ζωῆς
2729 3769 2863 3843 (81),
2886 3771 2980 3824 καὶ
3004 3771 3097 3824 τοῦ
3125 3771 3484 3844 ἐξεληλυθέναι
3508 3765 3587 3820 ἀπὺ

2058 3860 2151 3915 τοῦ
2188 3862 2452 3933 μνημείου
2490 3861 2563 3933 μὴ
2598 3862 2890 3927 δύνασθαι,
2917 3865 3039 3917 ὅσον
3081 3848 3326 3927 δέδεταί,
3353 3861 3585 3931 λέγειπῖς

2058 3951 2372 4021 δυναμένοις
2429 3952 2875 4022 ὑπηρετήσασθαι
2926 3952 3075 4022 αὑτῷ
3126 3956 3155 4006 ὁ
3198 3952 3428 4025 Ἰησοῦς·
3458 3972 3473 4000 ι
3508 3949 3585 4002 Δύο

2063 4059 2189 4095 σατε
2215 4040 2395 4105 αὐτὸν,
2431 4042 2522 4095 καὶ
2548 4042 2713 4111 ἄφετε
2753 4041 2913 4094 αὐτὸν
2944 4042 3203 4109 ὑπάγειν”
3243 4061 3263 4093 ι
3298 4040 3501 4111 νομίζω,
3527 4038 3585 4089 ὃτι

2062 4132 2137 4205 μὴ
2159 4132 2627 4204 συγκαταθέμενος
2656 4135 2752 4203 μὲν
2769 4133 2847 4204 τῷ
2865 4133 2994 4204 περὶ
3014 4133 3112 4203 τῆς
3142 4133 3467 4204 ἐπιστροφῆς
3484 4126 3587 4199 μετα

2058 4225 2118 4278 τὸ
2172 4225 2548 4297 ἡμαρτηκέναι
2597 4225 2741 4296 λόγῳ
2764 4244 2776 4256 ·
2820 4226 2901 4278 ἔτι
2938 4224 2995 4277 δὲ
3045 4224 3251 4278 ἀτονῶν
3302 4225 3419 4279 κατ’
3462 4220 3585 4277 αὑτὸν

2059 4316 2228 4387 βιοῦν,
2261 4316 2340 4387 τῷ
2368 4317 2692 4388 κατέχεσθαι
2722 4317 2886 4372 αὐτοῦ
2910 4318 3009 4380 τὰς
3039 4317 3140 4388 τῆς
3178 4319 3361 4389 ψυχῆς
3385 4332 3588 4389 πορευτι-

2058 4409 2179 4472 κὰς,
2208 4410 2301 4462 καὶ
2327 4408 2639 4482 δραστικὰς,
2672 4411 2766 4463 καὶ
2788 4409 3126 4482 θεωρητικὰς
3158 4409 3430 4478 δυνάμεις,
3460 4409 3485 4461 ὁ
3505 4422 3588 4459 τοι·

392 4496 819 4564 contemplandi,
873 4497 996 4552 talis
1032 4499 1235 4567 prodiit
1278 4515 1311 4553 e
1358 4512 1734 4564 monumento,
1778 4503 1954 4557 adhuc

2065 4502 2213 4566 οῦτος
2246 4502 2464 4573 ἐξῆλθεν
2501 4503 2610 4556 ἀπὸ
2636 4501 2731 4556 τοῦ
2765 4504 3026 4574 μνημείου
3048 4543 3063 4568 ,
3101 4504 3194 4556 καὶ
3241 4503 3324 4557 ἔτι
3348 4499 3587 4555 Earl-867%-

396 4598 587 4640 tnattus
616 4598 670 4639 et
701 4589 860 4654 pedes
894 4589 1164 4643 revinctos
1195 4590 1401 4645 habens
1439 4591 1623 4646 fasciis
1668 4591 1947 4661 sepulcra-

395 4675 554 4741 libus,
576 4677 877 4748 faciemque
904 4696 1057 4735 suam
1079 4681 1301 4735 sudario
1318 4682 1655 4737 obvinctam.
1680 4682 1783 4739 Sed
1802 4696 1951 4754 post-

391 4779 555 4837 quam
581 4769 792 4823 dicente
812 4769 936 4825 Jesu
962 4770 1182 4828 Christo
1204 4784 1458 4843 tanquam
1489 4774 1748 4829 Domino:
1779 4795 1799 4827 ι
1819 4776 1948 4831 ‘Sol-

395 4858 505 4913 vite
539 4874 660 4914 eum
680 4871 736 4915 et
761 4862 925 4916 sinite
953 4864 1125 4929 abire,
1153 4884 1172 4916 ι
1207 4867 1291 4920 his
1324 4867 1413 4934 qui
1446 4865 1660 4920 solvere
1682 4867 1830 4921 illum
1856 4883 1951 4936 po-

391 4959 591 5016 terant,
631 4953 700 5006 ob
744 4951 1045 5020 iussionem
1080 4955 1211 5011 Jesu
1246 4957 1455 5013 solutus
1487 4955 1592 5011 fuit
1636 4958 1868 5028 pedibus
1896 4968 1952 5015 et

460 5042 507 5077 “
539 5042 583 5097 ll
607 5043 734 5099 Cor.
760 5061 880 5113 xm,
913 5046 969 5105 ὅ.
1049 5048 1095 5080 ⁸²
1114 5048 1279 5105 Hebr.
1305 5065 1379 5116 vt,
1402 5050 1460 5116 4,
1498 5048 1554 5106 5.

459 5157 929 5235 (7_7)_Ktp1i0'arn
1150 5165 1241 5220 Sic
1296 5166 1464 5221 habet
1512 5166 1680 5221 codex
1736 5165 1960 5235 Regius,

390 5227 715 5284 Bodleianus
739 5241 916 5303 autem
939 5227 1256 5303 κηρύξαντι.
1272 5235 1553 5290 Periuuius
1567 5236 1758 5290 vertit:
1787 5227 1957 5289 {Cum

392 5309 512 5373 post
535 5300 1301 5373 mortemfasciisVSepultura:
1340 5308 1554 5361 vinctus
1574 5316 1675 5359 est.
1716 5327 1734 5356 ι
1774 5305 1962 5359 Finxit

390 5370 490 5445 sibi
520 5370 1109 5445 verbum‘Perionius'a
1133 5376 1358 5445 κειρίαι,
1387 5378 1529 5444 quod
1557 5389 1820 5444 nusquam
1837 5374 1959 5429 iuit.

389 5434 676 5516 Ferrarius
707 5442 932 5516 _vide_tur
947 5444 1155 5516 legisse
1169 5434 1477 5516 καλέσαντι
1510 5445 1629 5516 μέν.

459 5506 571 5646 (78)
607 5509 788 5564 Codex
823 5506 1042 5582 Regius:
1080 5514 1240 5578 male,
1271 5515 1369 5585 τὴν
1403 5506 1642 5585 ἐθνίκήν.

484 5575 574 5646 Ἰθ)
604 5577 750 5633 Idem
783 5582 953 5636 codex
989 5583 1207 5646 Regius,
1243 5587 1400 5646 male,
1431 5584 1635 5638 ἐπακού

604 5577 750 5656 idem
783 5575 955 5656 codex
989 5575 1207 5653 Regius,
1228 5575 1400 5648 male,
1431 5575 1729 5656 ἐπακούσῃ.

466 5644 575 5723 (8D)
606 5648 784 5703 Codex
828 5644 1155 5707 Bodleianvus
1183 5644 1329 5706 recte
1356 5644 1518 5709 habet
1550 5655 1623 5724 μὴ
1651 5644 1855 5724 μένειν,
1903 5656 1959 5712 in

395 5708 568 5793 affligit):
589 5730 867 5793 pfi_rpe_rattt
894 5725 1166 5777 Otttitlitttt‘
1194 5725 1293 5793 μή.

467 5782 575 5851 (Si)
609 5782 808 5854 Καθὼς
838 5782 1206 5862 προείρηται,
1227 5782 1335 5862 τῆς
1362 5790 1526 5862 ζωῆς,
1561 5802 1663 5849 etc.
1687 5793 1762 5846 lla
1786 5793 1953 5851 COdCX

2064 4594 2220 4665 μένος
2246 4595 2372 4657 τοὺς
2399 4593 2566 4657 πόδας
2591 4595 2683 4647 καὶ
2713 4593 2810 4656 τὰς
2840 4596 3025 4664 χεῖρας
3051 4595 3304 4665 κειρίαις,
3328 4595 3416 4647 καὶ
3443 4589 3585 4663 ήὸψις

2061 4682 2225 4737 αὐτοῦ
2272 4684 2536 4755 σουδαρίῳ
2583 4685 2936 4757 περιδέδεται.
2990 4685 3127 4737 Ἀλλ’
3174 4684 3347 4750 ἐπὰν,
3387 4682 3586 4741 εἰπόντος

2072 4776 2245 4847 Ἰησοῦ
2273 4779 2385 4840 τοῖς
2412 4776 2570 4831 λῦσαι
2595 4777 2755 4830 αὐτὸν
2786 4776 3118 4848 δυναμένοις,
3152 4776 3240 4830 διὰ
3271 4776 3369 4848 τὴν
3401 4773 3585 4848 πρόστα-

2059 4866 2139 4933 ξιν
2172 4866 2247 4931 ὡς
2282 4868 2550 4922 Δεσπότω
2604 4867 2699 4923 τοῦ
2723 4868 2991 4942 Χριστοῦ,
3023 4869 3112 4922 τόο
3153 4887 3172 4920 ι
3207 4868 3418 4924 Λύσατε
3440 4864 3582 4924 αὑτὸν,

2058 4960 2153 5013 καὶ
2209 4959 2374 5030 ἄφετε
2437 4962 2598 5018 αὑτὸν
2656 4963 2922 5032 ὑπάγειν,
2995 4980 3015 5013 ι
3077 4960 3213 5032 λυθῇ
3267 4963 3393 5025 τοὺς
3452 4956 3581 5018 πόδας

2063 5166 2454 5242 Regiusquem
2487 5177 2707 5242 secutus
2732 5180 2817 5242 est
2842 5171 3141 5239 Perionius,
3169 5166 3262 5242 qui
3290 5173 3371 5227 sic
3402 5170 3581 5242 habet:

2069 5256 2087 5288 ι
2124 5238 2321 5293 Deinde
2343 5241 2600 5308 quoniam
2637 5255 2758 5294 eum
2787 5239 2945 5297 Jesus
2983 5238 3164 5299 vivere
3186 5238 3381 5305 voluit,
3413 5253 3499 5294 nec
3541 5238 3580 5288 in

2063 5308 2314 5376 sepulcro
2337 5324 2577 5382 manere,
2610 5325 2733 5365 cum
2774 5311 2842 5365 ad
2870 5327 2933 5367 ea
2970 5328 3090 5382 quae
3119 5324 3268 5368 extra
3316 5309 3581 5382 sepulcrm!

2063 5389 2189 5431 sunt
2230 5379 2451 5447 prodiit,
2483 5379 2700 5435 vinctus
2725 5391 2829 5446 est,
2864 5391 2921 5434 ttt
2962 5377 3087 5437 ante
3132 5377 3391 5445 diximus,
3429 5377 3580 5436 avita.

2064 5463 2164 5502 nec
2197 5449 2423 5522 prodire
2440 5459 2623 5517 potest
2649 5451 2983 5522 egepulcro,
3008 5455 3243 5522 quandiu
3277 5464 3363 5507 est
3384 5453 3579 5522 ligatus:

2063 5529 2187 5595 ""“_
2209 5519 2472 5587 ΡΓτΒείΡίι,
2505 5538 2525 5571 ι
2552 5529 2658 5595 etc_.
2694 5518 3041 5595 Haécpartini
3072 5539 3105 5578 e
3143 5524 3335 5595 vitiosa
3389 5518 3581 5595 lectione

2061 5588 2301 5656 profecta
2333 5603 2468 5659 esse,
2504 5591 2707 5659 partim
2731 5588 2872 5646 male
2908 5607 3171 5648 conversa
3204 5593 3332 5646 mihi
3375 5588 3583 5659 certissi-

2062 5652 2213 5731 inum
2242 5670 2341 5712 est.
2379 5652 2665 5731 Ferrarius
2693 5661 2905 5715 videtur
2950 5662 3141 5731 legisse
3177 5662 3398 5726 δέδεται,
3432 5652 3582 5716 καθὼς

2061 5728 2398 5800 προείρηται,
2436 5730 2532 5802 τὴν
2570 5730 2710 5802 ὄψιν,
2739 5741 2840 5788 etc.
2870 5728 3129 5789 Husﬁus.
