3688 6146
104 348 210 408 697

1097 349 1458 406 COMMENT.
1502 349 1568 404 ιΝ
1607 349 1805 409 JOAN.
1843 349 2081 408 TOMUS
2121 353 2354 411 XXVIII.

3258 352 3361 408 698

104 475 195 530 καὶ
236 471 336 536 τὰς
373 474 598 545 χεῖρας,
653 473 747 526 καὶ
782 470 1048 542 ἀποθῆται
1092 470 1154 524 τὸ
1198 471 1544 541 ἐπικείμενον
1595 471 1662 524 αὑ

1825 474 2071 538 nauibus,
2105 489 2169 527 ac
2206 472 2455 543 deposuit
2490 454 2631 540 quod
2664 471 2974 538 impositum
3014 467 3180 540 379
3204 468 3359 521 faciei

102 565 194 621 τοῦ
230 567 298 636 τῇ
329 565 450 635 ὄψει
478 565 743 636 κάλυμμα
773 563 1085 637 ἀφαιρεθὲν,
1113 564 1403 636 πορεύεται
1433 563 1685 636 τοιαύτην

101 658 347 730 πορείαν,
373 657 513 711 ὥστε
540 657 743 728 φθάσαι
765 657 924 711 αὐτὸν
952 656 1046 711 ἐπὶ
1071 657 1135 710 τὸ
1161 656 1258 710 ἕνα
1280 657 1376 711 κα)⁸
1403 655 1563 710 αὑτὸν
1594 673 1685 726 γε-

99 749 281 807 νέσθαι
307 750 422 804 τῶν
447 750 917 821 συνανακειμένων
946 749 1023 820 τῷ
1064 738 1259 821 Ἰησοῦ.

168 842 219 896 7.
251 842 411 896 Μετὰ
431 842 588 896 τοῦτο
612 842 700 896 διὰ
729 842 789 896 τό
811 859 826 872 ·
867 860 886 893 ι
929 840 1186 912 Ἐξῆλθεν
1210 844 1239 895 ό
1262 842 1558 915 τεθνηκὼς,
1592 844 1680 897 δε-

100 934 323 1005 δεμένος
355 937 486 999 τοὺς
527 936 694 999 πόδας
739 934 963 998 καὶτὰς
1005 938 1194 1007 χεῖρας
1234 936 1495 1008 κειρίαις,
1539 955 1558 987 ι
1589 936 1681 990 λε·-

102 1027 274 1092 κτέον,
306 1029 389 1082 ὅτι
414 1028 645 1099 διαφορά
680 1029 796 1081 ἐστι
827 1029 920 1081 καὶ
954 1027 1061 1080 τῶν
1104 1028 1401 1100 δεδεμένων
1433 1031 1558 1094 τοὺς
1587 1031 1683 1084 πό-

99 1120 191 1185 δας
220 1122 315 1174 κιιί⁹
345 1121 448 1183 τάς
475 1122 692 1193 χεῖρας·
731 1121 826 1174 καὶ
854 1121 915 1174 ού
938 1121 1131 1174 ταύτόν
1163 1122 1279 1175 ἐστι
1313 1121 1423 1192 (82)
1448 1123 1547 1192 τὴν
1581 1125 1680 1194 ἁρ-

99 1211 194 1284 χὴν
214 1210 308 1266 τοῦ
333 1211 582 1267 δεδέσθαι
610 1213 675 1265 ἐκ
700 1210 793 1265 τοῦ
826 1212 1191 1271 νενεκρῶσθαι
1222 1211 1519 1282 εἰληφέναι,
1541 1210 1681 1265 ὥστε

102 1305 341 1368 καὶτοὺς
360 1304 597 1375 δεσμοὺς
620 1304 976 1376 ἐπιφέρεσθαι
1004 1304 1065 1357 τὸ
1096 1305 1264 1375 ὄνομα
1295 1305 1395 1375 τῆς
1423 1304 1681 1377 νεκρότηο

100 1417 185 1465 τος
216 1398 334 1465 (νῦν
368 1398 480 1472 γάρ
511 1400 567 1453 αἱ
613 1398 815 1471 κειρίαι
841 1399 1049 1471 νεκρῶν
1075 1401 1179 1453 εἰσι
1208 1398 1446 1469 δεσμοί),
1488 1398 1567 1469 τῷ
1596 1398 1681 1452 δε-

97 1491 278 1546 δέσθαι
302 1489 418 1561 (85)
446 1490 628 1562 κρίσει
658 1490 865 1561 Κυρίου
906 1489 1180 1559 γενέσθαι,
1209 1490 1305 1544 τοῦ
1341 1490 1680 1554 εἰσελθόντος

100 1584 396 1640 θεάσασθαι
416 1585 544 1647 τοὺς
560 1584 969 1655 ἀνακειμένους,
987 1584 1080 1637 καὶ
1109 1582 1308 1648 εἰδότος
1341 1584 1429 1638 τὸν
1448 1582 1520 1655 μὴ
1536 1582 1678 1636 ἐνδε-

96 1678 315 1749 δυμένον
342 1675 549 1749 ἔνδυμα
573 1676 774 1747 γάμου,
794 1674 1034 1747 καὶπερὶ
1053 1674 1216 1728 αὐτοῦ
1242 1675 1501 1738 εἰπόντος’
1528 1693 1545 1725 ι
1575 1674 1677 1749 Διή-

1788 582 1899 621 sua:
1928 567 2319 636 operimentum
2342 566 2538 629 fuerat,
2559 565 2794 620 instituit
2822 567 2923 618 iter
2954 563 3079 627 tale,
3108 572 3167 616 ut
3194 564 3356 615 etiam

1787 658 1903 728 ipse
1919 672 1984 714 eo
2001 658 2309 729 perveniat.
2340 668 2399 713 ut
2415 658 2486 714 sit
2506 673 2648 733 unus
2670 672 2736 713 ex
2760 655 3209 713 accumbentibus
3235 670 3357 709 cum

1783 748 1929 806 Jesu.
3173 741 3181 750 '

1856 842 1906 895 7.
1937 841 2056 898 Jam
2094 853 2314 914 propter
2340 842 2512 898 illud:
2550 860 2568 893 ι
2595 839 2806 897 Prodiit
2837 842 2927 912 qui
2961 851 3206 897 mortuus
3238 840 3355 893 fue-

1782 945 1892 1000 rat,
1904 936 2113 991 vinctos
2126 937 2330 991 habens
2348 937 2510 1006 pedes
2524 946 2578 989 et
2595 950 2785 990 manus
2801 935 2985 991 fasciis
3004 933 3314 995 funereis”,
3328 952 3348 986 ι

1782 1028 2069 1082 dicendum
2117 1038 2200 1083 est
2238 1027 2604 1083 diﬂ‘ereutiam
2648 1043 2769 1085 esse
2801 1028 2944 1083 inter
2973 1044 3067 1083 eos
3100 1029 3191 1099 qui
3234 1030 3355 1083 vin-

1782 1130 1898 1176 ctos
1919 1121 2299 1192 habentpedes
2329 1132 2384 1176 et
2419 1136 2644 1188 manus;
2686 1135 2784 1175 nec
2810 1121 2951 1176 idem
2977 1136 3098 1177 esse
3122 1122 3355 1188 coepisse

1782 1210 1940 1282 ligari
1996 1212 2065 1267 ob
2113 1212 2587 1267 mortificationem
2640 1212 2805 1285 (nunc
2865 1226 3101 1281 namque
3148 1213 3353 1284 κειρίαι

1781 1302 1989 1356 vincula
2031 1315 2358 1357 mortuorum
2392 1303 2745 1374 signiﬁcant),
2800 1315 2856 1361 et
2911 1305 3132 1374 ligatum
3181 1304 3352 1359 fuisse

1776 1395 1982 1463 judicio
2020 1397 2255 1463 Domini,
2299 1397 2391 1466 qui
2445 1398 2726 1468 ingressus
2772 1408 2834 1453 ut
2875 1398 3083 1454 videret
3136 1414 3353 1453 accum-

1779 1490 1998 1555 bentes,
2028 1505 2152 1546 cum
2190 1491 2415 1546 vidisset
2446 1505 2551 1547 non
2586 1492 2875 1548 habentem
2909 1502 3114 1546 vestem
3141 1492 3353 1560 nuptia-

1779 1580 1908 1647 lem,
1938 1587 2005 1636 de
2036 1598 2104 1637 eo
2131 1582 2305 1639 dixit:
2348 1602 2367 1637 ι
2404 1583 2616 1655 Ligatis
2652 1585 2798 1639 illius
2824 1584 3047 1652 pedibus
3080 1593 3136 1638 et
3177 1584 3353 1637 maui-

1778 1675 1899 1739 bus,
1931 1675 2112 1744 ejicite
2131 1691 2253 1729 eum
2278 1679 2331 1730 in
2359 1679 2613 1733 tenebras
2646 1678 2946 1731 exteriores
2971 1676 3071 1732 ⁸⁸.»
3127 1675 3351 1747 Insuper

100 1788 281 1835 σαντες
309 1769 478 1824 αὐτοῦ
514 1769 678 1834 πόδας
709 1769 803 1823 καὶ
829 1773 1015 1841 χεῖρας
1048 1768 1306 1822 ἐκϐάλετε
1326 1767 1489 1821 αὐτὸν
1517 1770 1597 1831 εἰς
1616 1767 1663 1821 τί

1825 1780 1881 1818 oc
1912 1765 1963 1817 iu
2000 1766 2122 1821 loco
2154 1776 2237 1822 est
2273 1769 2520 1823 nonnihil
2568 1768 2711 1838 quod
2755 1778 2913 1838 egeat
2951 1768 3345 1836 inquisitione;

100 1834 281 1925 σκότος
311 1861 372 1914 τὸ
406 1860 693 1932 ἐξείη-ερον.
735 1880 753 1912 ι
797 1834 951 1915 ’ἐστι
990 1857 1047 1913 δέ
1089 1878 1141 1913 τι
1190 1862 1246 1913 ἐν
1277 1859 1356 1930 τῷ
1388 1859 1536 1931 τόπῳ
1558 1859 1663 1913 δεό-

1825 1872 1971 1927 empe
1989 1859 2113 1911 dum
2127 1859 2327 1913 dicitur
2342 1859 2534 1915 Lazari
2558 1878 2576 1911 ι
2600 1860 2794 1915 faciem
2810 1860 3027 1914 sudario
3039 1859 3346 1914 obviuctam

102 1969 254 2022 μενον
285 1952 709 2024 διακρίσεως,ἐν
724 1951 802 2023 τῷ
822 1970 835 1982 ·
879 1971 897 2003 ι
934 1953 1044 2005 Καὶ
1073 1953 1106 2024 ἡ
1132 1951 1253 2021 ὄψις
1284 1950 1450 2004 αὐτοῦ
1487 1949 1674 2004 σουδα-

99 2045 190 2115 ρίῳ
219 2044 576 2116 περιεδέδετο,
602 2064 620 2096 ι
649 2044 741 2098 καὶ
773 2045 831 2099 ἐν
863 2043 941 2115 τῷ
970 2044 1230 2115 κάλυμμα
1262 2043 1568 2097 ἐπικεῖσθαι
1597 2043 1676 2113 τῷ

97 2135 362 2208 προσώπῳ
390 2136 660 2201 Μωσέως,
716 2135 878 2207 ἡνίκα
907 2134 1085 2189 ἐλάλει
1107 2134 1186 2204 τῷ
1210 2132 1347 2205 λαῷ’
1368 2134 1429 2187 τὸ
1456 2133 1675 2207 μὲν-γὰρ

95 2226 432 2299 ἐπικείμενον
467 2231 532 2299 τῇ
571 2227 691 2297 ὄψει
738 2226 834 2280 τοῦ
869 2225 1123 2296 Λαζάρου
1159 2222 1440 2295 σουδάριον
1481 2221 1676 2275 ἐκάλυ-

98 2335 218 2371 πτεν
268 2318 435 2372 αὑτοῦ
482 2318 896 2390 νενεκρωμένας
939 2316 1041 2382 τὰς
1071 2317 1287 2389 ὁράσεις
1309 2328 1334 2346 ’λ
1358 2315 1418 2368 τὸ
1455 2315 1512 2369 δέ
1542 2317 1672 2369 Μω-

97 2411 225 2474 σέως
252 2410 519 2482 κάλυμμα
552 2411 670 2463 κατ’
703 2410 1014 2481 οἰκονομίαν
1051 2405 1120 2482 ἦν
1152 2408 1230 2481 τῷ
1267 2407 1544 2480 προσώπῳ
1578 2408 1674 2462 αύ-

96 2503 182 2556 τοῡ
222 2502 606 2576 περικείμενον
645 2502 733 2556 διὰ
778 2505 905 2567 τοὺς
959 2504 1034 2574 μὴ
1078 2502 1387 2573 χωροῦντας
1431 2500 1539 2555 ἀπὸ
1577 2500 1670 2554 τοῦ

96 2594 214 2647 λαοῦ
240 2597 431 2667 ἐνορᾷν
465 2599 530 2667 τῇ
555 2595 682 2670 δόξῃ
715 2594 902 2648 αὑτοῦ.
937 2596 1203 2666 Ζητήσεις
1230 2594 1287 2647 δέ
1317 2593 1444 2667 περὶ
1476 2593 1569 2647 τοῦ
1596 2593 1673 2666 μὴ

96 2686 430 2757 ἐνδεδυμένοι)
470 2687 581 2756 (84)
633 2687 834 2758 ἔνδυμα
875 2688 1087 2758 γάμου,
1132 2688 1261 2757 περὶ
1312 2680 1372 2741 οὗ
1420 2685 1666 2758 εῖρηταν

102 2799 118 2831 t
154 2781 414 2850 Δήσαντες
444 2780 605 2832 αὑτὸν
641 2779 815 2833 ποδῶν
845 2780 938 2832 καὶ
959 2778 1180 2851 χειρῶν,
1214 2779 1473 2832 ἐκϐάλετε
1511 2780 1671 2834 αὐτὸν

98 2873 169 2933 εἰς
212 2871 270 2923 τὸ
317 2872 512 2935 σκότος
560 2871 622 2925 τὸ
658 2870 955 2937 ἐξώτερον,
1000 2890 1018 2923 ι
1074 2872 1301 2944 πότερον
1346 2873 1520 2926 εἰσαεὶ
1575 2871 1671 2943 μέ-

98 2980 169 3016 νει
202 2964 305 3035 (85)
350 2963 636 3034 δεδεμένος
659 3002 673 3027 ,
713 2964 808 3016 καὶ
847 2966 905 3018 ἐν
956 2963 1032 3035 τῷ
1065 2963 1313 3037 ἐξωτέρῳ
1371 2964 1547 3035 σκότῳ
1587 2964 1669 3033 (οὺ

99 3055 199 3127 γάρ
232 3056 552 3129 πρόσκειται
580 3056 639 3110 τὸ
660 3098 674 3121 ,
709 3076 727 3108 ι
762 3059 841 3121 εἰς
862 3056 950 3110 τὸν
976 3056 1148 3115 αἰῶνα
1173 3097 1187 3121 ,
1230 3075 1249 3109 ι
1282 3056 1347 3126 ἢ,
1389 3075 1409 3105 σ
1439 3059 1519 3121 είς
1544 3058 1671 3121 τοὺς

1774 1947 1942 2002 fuisse
1962 1949 2052 2014 δι’,
2083 1969 2101 2001 ι
2130 1959 2184 2004 et
2215 1951 2458 2005 velamen
2478 1952 2786 2020 imposimm
2815 1951 2970 2006 faciei
2987 1951 3345 2024 Moysis,cum

1775 2040 2031 2109 populum
2056 2041 2508 2110 alloqueretur”.
2542 2042 2855 2113 Impositum
2879 2059 3114 2114 namque
3149 2042 3345 2098 Lazari

1774 2133 1931 2187 faciei
1965 2134 2244 2189 sudarium
2267 2136 2481 2207 tegebat
2511 2136 2657 2192 illius
2692 2138 3044 2192 mortificatas
3067 2137 3342 2202 visiones;

1774 2237 1829 2280 at
1864 2242 1991 2281 vero
2024 2226 2223 2299 Moysis
2242 2228 2484 2283 velamen
2508 2245 2605 2299 per
2633 2230 2989 2283 teconomiam
3012 2228 3169 2283 faciei
3200 2228 3347 2282 illius

1775 2320 2084 2388 impositum
2111 2330 2251 2385 erat,
2279 2322 2348 2375 ob
2383 2322 2502 2375 illos
2536 2336 2597 2374 ex
2629 2321 2824 2390 popqu
2858 2321 2947 2390 qui
2976 2320 3199 2392 gloriam
3230 2320 3346 2373 vul-

1775 2421 1859 2467 tus
1896 2412 2017 2483 ejus
2054 2412 2252 2467 intueri
2286 2428 2395 2467 non
2449 2422 2720 2483 poterant.
2782 2411 2887 2467 Sed
2931 2427 3144 2482 quaeres
3181 2411 3246 2466 de
3278 2414 3364 2465 eo’

1772 2503 1865 2573 qui
1891 2518 1996 2557 non
2032 2502 2254 2556 indutus
2289 2512 2408 2556 erat
2434 2513 2583 2557 veste
2612 2503 2860 2573 nuptiali,
2894 2502 2961 2557 de
3000 2519 3106 2572 quo
3138 2502 3343 2556 dictum

1772 2604 1852 2648 est
1889 2611 1904 2647 :
1945 2615 1964 2646 ι
1998 2591 2203 2661 Ligatis
2231 2592 2375 2646 illius
2397 2594 2643 2648 manibus
2670 2602 2721 2647 et
2750 2594 2993 2662 pedibus,
3016 2593 3194 2662 ejicite
3219 2607 3342 2646 eum

1774 2685 1826 2737 iu
1870 2683 2121 2738 tenebras
2162 2684 2460 2739 exteriores
2485 2682 2552 2749 ⁸⁸,
2584 2702 2602 2734 ι
2637 2692 2815 2737 utrum
2843 2695 3099 2753 perpetuo
3128 2691 3344 2737 maneat

1772 2776 2011 2842 vinetus,
2042 2786 2097 2831 et
2134 2776 2186 2830 in
2221 2776 2461 2832 tenebris
2495 2776 2861 2831 exterioribus
2893 2780 3026 2847 (non
3072 2773 3217 2829 enim
3247 2775 3345 2827 ad-

1773 2868 1920 2923 ditur
1950 2867 2272 2923 vocabulum
2305 2867 2432 2921 illud
2461 2907 2476 2928 ,
2514 2886 2534 2920 ι
2579 2869 2630 2920 in
2683 2867 2961 2930 saeculum,
2989 2885 3007 2917 ι
3063 2865 3190 2929 vel,
3234 2883 3253 2916 ι
3286 2864 3341 2919 iu

1772 2964 1969 3029 sarcula
1997 2964 2064 3036 ι),
2105 2981 2173 3020 an
2209 2964 2509 3035 aliquando,
2554 2961 2847 3016 solvendus
2892 2959 3005 3023 sit;
3057 2973 3163 3013 non
3195 2955 3344 3011 enim

1773 3066 1998 3127 apparet
2035 3072 2100 3112 ex
2151 3056 2236 3111 his
2289 3072 2411 3126 qua:
2454 3054 2522 3110 de
2576 3055 2694 3123 ipso
2746 3053 3024 3114 dicuntur,
3076 3049 3341 3117 scripturn

99 3146 347 3217 αἰῶνας),
384 3167 404 3198 ι
447 3147 480 3220 ἢ
511 3147 802 3218 λυθήσεται
831 3165 961 3201 ποτε
982 3164 995 3178 ·
1023 3148 1083 3201 οὐ
1111 3148 1219 3219 γὰρ
1251 3148 1569 3220 ἐμφαίνεται
1605 3151 1663 3201 ἐκ

1825 3145 1943 3202 lisse
1972 3144 2040 3199 de
2076 3144 2257 3199 futura
2288 3147 2404 3214 ejus
2436 3143 2801 3210 liberatione;
2858 3157 2957 3196 nec
3001 3140 3132 3195 mihi
3165 3147 3341 3192 tutum

96 3235 187 3306 τῆς
214 3239 337 3311 περ).
369 3238 541 3291 αὐτοῦ
570 3238 768 3304 λέξεως
804 3238 869 3292 τά
903 3239 1032 3309 περὶ
1057 3238 1375 3304 ἀπολύσεως
1402 3239 1667 3313 ἐσομένης

99 3331 452 3402 γεγραμμένα
480 3331 609 3402 περὶ
633 3329 828 3386 αὑτοῦ·
859 3332 920 3384 οὐ
949 3331 1095 3385 δοκεῖ
1116 3331 1173 3385 δέ
1202 3350 1291 3403 μοι
1322 3332 1560 3401 ἀσφαλὲς
1593 3328 1669 3386 εί-

97 3437 177 3474 ναι
210 3422 282 3493 μὴ
316 3422 692 3477 καταλαϐόντα
723 3422 1027 3487 ότιποτοῦν,
1074 3423 1309 3494 μάλιστα
1334 3423 1412 3495 τῷ
1462 3425 1537 3496 μὴ
1576 3442 1669 3495 γε-

98 3513 324 3583 γράφθαι
350 3514 482 3586 περὶ
520 3514 686 3568 αὐτοῦ
712 3556 727 3580 ,
758 3516 1158 3588 ἀποφήνασθαι.
1196 3519 1460 3589 Ζητήσεις
1487 3518 1544 3572 δὲ
1580 3517 1668 3572 διὰ

98 3606 182 3658 τό·
216 3626 232 3658 ι
270 3608 433 3677 Λέγει
478 3607 687 3678 Ἰησοῦς
710 3609 918 3672 αὐτοῖς·
981 3609 1193 3663 Λύσατε
1219 3610 1380 3665 αὑτὸν
1401 3653 1416 3678 ,
1459 3631 1478 3663 ι
1504 3612 1664 3676 τίσιν,

98 3699 308 3766 αὐτοῖς;
345 3700 470 3755 οὔτε
514 3700 624 3773 γὰρ
663 3702 746 3755 ὅτι
784 3700 1050 3772 μαθηταῖς
1078 3701 1511 3774 ἀναγέγραπται,
1553 3702 1665 3756 οὔθ’

96 3794 180 3872 δη
200 3793 272 3866 τῷ
304 3793 631 3866 περιεστῶτι
655 3793 817 3865 ὄχλῳ,
844 3793 957 3846 ἀλλ’
990 3795 1110 3848 οὐδὲ
1139 3794 1219 3847 ὅτι
1244 3797 1356 3859 τοῖς
1386 3794 1525 3866 μετὰ
1549 3796 1669 3849 Μα-

100 3885 210 3959 ρίας
249 3883 365 3940 οὖσι
407 3885 720 3951 Ἰουδαίοις,
766 3886 861 3938 καὶ
902 3884 1416 3958 παραμυθουμένοις
1454 3886 1625 3957 αὐτήν
1648 3900 1663 3915 ·

98 3977 377 4050 ὕπονοήσαι
419 3978 468 4032 δ’
517 3978 582 4033 ἄν
614 3994 698 4042 τις
745 3977 833 4031 διὰ
861 3977 955 4031 τό·
994 3995 1013 4029 ι
1053 3976 1306 4045 Ἄγγελοι
1340 3976 1664 4050 προσῆλθον,

99 4070 184 4121 καὶ
201 4069 475 4141 διηκόνουν
496 4068 665 4140 αὐτῷ,
688 4070 782 4122 καὶ
813 4068 899 4123 διὰ
926 4068 1026 4141 τὴν
1056 4068 1197 4122 κατὰ
1225 4067 1318 4120 τὸν
1345 4068 1509 4121 τόπον
1537 4068 1668 4121 ἀνα-

100 4160 291 4231 γωγὴν,
328 4161 411 4214 ὅτι
454 4161 663 4233 μήποτε
702 4159 976 4223 κάκείνοις
1021 4159 1243 4213 δύναται
1302 4158 1550 4229 εἰρῆσθαι
1582 4158 1662 4212 τόο

105 4267 124 4301 ι
152 4250 357 4306 Λύσατε
396 4251 582 4316 αὑτὸν,
624 4251 718 4305 καὶ
755 4250 922 4319 ἄφετε
958 4249 1121 4304 αὑτὸν
1162 4250 1411 4317 ὑπάγειν.
1456 4266 1475 4300 ι

164 4341 214 4396 8.
247 4343 364 4396 Ἔτι
397 4341 548 4414 ζητῶ
579 4344 628 4395 εἰ
658 4341 1013 4414 πεπλήρωκεν
1042 4343 1070 4395 ὁ
1098 4340 1300 4412 Ἰησοῦς
1329 4338 1390 4393 τὸ
1414 4339 1668 4411 ἐπιφερό-

104 4448 251 4506 μενον
278 4434 388 4507 τῷο
424 4455 444 4487 ι
474 4434 721 4507 Λάζαρος
742 4436 771 4488 ό
796 4435 946 4504 φίλος
971 4432 1125 4504 ἡμῶν
1151 4432 1494 4505 κεκοίμηται,
1524 4451 1543 4483 ι
1572 4431 1662 4484 τό·

1772 3251 1897 3292 esse
1924 3237 2140 3291 videtur
2165 3236 2233 3292 de
2256 3236 2438 3307 aliquo
2464 3236 2822 3306 pronuntiare
2862 3233 3005 3305 quod
3059 3240 3344 3286 assecutus

1770 3347 1878 3388 non
1917 3332 2107 3398 fueris,
2146 3333 2449 3404 praesertim
2485 3348 2608 3387 cum
2657 3330 2857 3385 litteris
2905 3345 3008 3382 non
3045 3330 3118 3382 sit
3156 3326 3206 3381 id
3238 3342 3339 3381 ex-

1770 3438 2036 3494 pressum.
2066 3423 2286 3490 Quaeres
2316 3433 2604 3494 praeterea,
2627 3437 2694 3477 eo
2733 3421 2876 3491 quod
2907 3419 3054 3475 dicat
3078 3418 3237 3473 Jesus
3261 3417 3343 3487 ip-

1768 3517 1869 3583 sis,
1903 3536 1922 3569 ι
1961 3516 2170 3572 Solvite
2195 3533 2342 3583 eum,
2368 3536 2387 3569 ι
2426 3517 2649 3586 quinam
2676 3515 2787 3571 sint
2817 3514 2871 3568 hi
2903 3514 2999 3581 ipsi
3033 3512 3234 3583 quibus
3256 3512 3341 3567 di-

1768 3611 1849 3664 xit
1866 3628 1879 3663 :
1897 3623 2074 3679 neque
2090 3609 2234 3664 enim
2253 3607 2554 3679 discipulis,
2570 3622 2743 3676 neque
2760 3605 3132 3659 circumstanti
3152 3602 3340 3669 turba,

1768 3716 1832 3757 ac
1857 3716 1925 3755 ne
1953 3700 2151 3756 Judaeis
2181 3701 2401 3770 quidem
2431 3701 2522 3766 qui
2554 3714 2674 3753 eum
2707 3697 2875 3752 Maria
2919 3706 3096 3760 erant,
3142 3697 3343 3765 quique

1746 3788 1887 3850 'eam
1916 3795 2365 3858 consolabantur,
2392 3794 2659 3864 scriptum
2704 3801 2788 3847 est
2816 3808 2938 3846 eum
2982 3792 3212 3854 dixisse;
3247 3789 3343 3845 sed

1768 3886 2000 3943 fortasse
2027 3888 2226 3957 aliquis
2265 3897 2488 3957 propter
2528 3896 2838 3940 contextum
2870 3885 3049 3938 illum:
3093 3903 3110 3934 ι
3147 3884 3343 3936 Acces-

1767 3990 1958 4034 serunt
1988 3979 2193 4050 angeli,
2241 3988 2299 4032 et
2347 3976 2735 4030 ministrabant
2785 3976 2831 4029 ei
2861 3976 2969 4034 ⁸⁷.»
3026 3987 3081 4029 et
3125 3981 3343 4042 propter

1768 4085 1988 4127 sensum
2039 4070 2397 4140 anagogicum
2452 4069 2612 4138 hujus
2661 4068 2762 4123 loci
2822 4067 3187 4138 suspicabitur
3235 4065 3343 4120 illis

1766 4163 1931 4219 etiam
1953 4161 2157 4217 dictum
2190 4161 2359 4217 videri
2387 4176 2580 4233 posse:
2617 4179 2635 4211 ι
2667 4159 2874 4215 Solvite
2915 4174 3065 4225 eum,
3092 4167 3147 4213 et
3177 4156 3344 4212 sinite

1768 4252 1936 4308 abire.
1952 4270 1974 4306 ν

1837 4342 2004 4414 380
2022 4342 2076 4399 8.
2114 4341 2302 4397 Adhuc
2337 4357 2523 4413 quer
2570 4357 2636 4395 au
2692 4341 3001 4411 impleverit
3046 4340 3204 4397 Jesus
3236 4341 3343 4397 hoc

1767 4435 1971 4490 dictum
2005 4453 2019 4489 :
2062 4452 2082 4485 ι
2110 4435 2213 4489 Sed
2242 4435 2400 4498 vado,
2430 4445 2488 4489 ut
2515 4451 2544 4487 a
2583 4449 2777 4489 somno
2814 4434 3048 4489 excitem
3078 4449 3202 4489 eum
3224 4434 3294 4499 ⁸³,
3315 4450 3336 4485 ι

107 4544 125 4579 ι
156 4527 306 4581 Ἀλλά
337 4528 658 4599 πορεύομαι,
687 4527 776 4581 ἴνα
808 4526 1078 4592 ἐξυπνίσω
1107 4525 1265 4579 αὐτόν
1286 4543 1347 4601 χ»
1399 4524 1662 4595 ἐφίστημι

1825 4526 1907 4580 rod
1946 4526 2020 4580 illi
2050 4526 2424 4597 suhjungitur:
2459 4544 2480 4579 σ
2506 4526 2748 4580 Lazarus
2778 4525 2985 4579 amicus
3008 4532 3192 4579 noster
3212 4524 3339 4579 dor-

101 4614 187 4673 οὗν
227 4623 430 4692 μήποτε
486 4623 543 4674 ἐν
591 4620 669 4692 τῷ
721 4619 998 4692 εἰρηκέναι
1037 4619 1201 4672 αὑτὸν
1248 4619 1397 4689 φωνῇ
1450 4616 1659 4689 μεγάλῃ

104 4713 476 4782 κραυγάσαντα
495 4731 508 4743 ο
546 4732 565 4763 ι
594 4711 833 4783 Λάζαρε,
850 4710 1010 4782 δεῦρο
1033 4709 1138 4777 ἔξω
1157 4727 1174 4744 ο
1210 4730 1227 4762 ι
1261 4712 1294 4781 ἡ
1319 4708 1427 4780 γάρ
1452 4708 1658 4780 μεγάλη

106 4797 244 4869 φωνὴ
272 4798 364 4852 καὶ
388 4802 421 4871 ἡ
449 4798 662 4870 κραυγὴ
692 4799 791 4851 οὐκ
817 4798 881 4853 ἂν
909 4798 1126 4863 ἀτόπως
1141 4797 1350 4867 λέγοιτο
1380 4797 1663 4864 ἐξυπνικέ-

108 4900 188 4938 ναι
219 4888 396 4942 αὐτόν’
471 4889 563 4942 καὶ
586 4891 634 4942 εἰ
662 4889 740 4942 δεῖ
761 4888 1016 4943 δύνασθαι
1041 4887 1420 4960 ἀποφήνασθαι
1452 4889 1510 4940 ἐν
1540 4887 1661 4941 τού-

105 4991 176 5046 τῳ
217 4978 413 5047 μᾶλλον
443 4980 828 5053 πεπληρῶσθαι
867 4980 961 5034 τό·
997 5004 1014 5032 ι
1050 4980 1394 5051 Πορεύομαι,
1429 4978 1516 5032 ἵνα
1547 4979 1661 5045 ἐξυ-

108 5067 267 5120 πνίσω
293 5071 503 5137 abacti,»
537 5071 680 5143 ἥπερ
713 5073 771 5125 ἐν
798 5071 878 5142 τῷ
904 5072 1004 5141 τῆς
1023 5071 1189 5143 εὐχῆς
1215 5069 1310 5124 τοῦ
1341 5067 1471 5123 Υἰοῦ
1490 5068 1657 5122 ἀκού-

174 5256 215 5287 ⁸³
258 5257 406 5311 Jnau.
453 5276 526 5316 XI.
563 5258 653 5313 44.

107 5323 147 5355 ⁸⁷
167 5326 345 5382 Matth.
370 5345 441 5393 tv,
464 5330 547 5383 Η.
622 5329 668 5362 ⁸⁸
694 5327 849 5384 Joau.
877 5345 954 5397 ιι,
985 5330 1069 5384 Η.

178 5485 288 5558 (82)
317 5487 496 5544 Codex
527 5488 873 5554 Bodleianus,
889 5499 1059 5554 recte,
1090 5489 1184 5542 καὶ
1209 5488 1273 5542 οὐ
1301 5487 1497 5542 ταύτόν
1519 5488 1655 5542 ἐστι’

115 5553 324 5625 Regius,
356 5559 546 5614 ταύτόν
572 5562 709 5625 ἐστι,
742 5559 897 5614 male.

177 5626 286 5699 (ᾧ)
309 5628 600 5699 δεδέσθαι.
633 5629 916 5685 Ferrarius
949 5628 1160 5699 legebat
1188 5628 1483 5699 δεδεμένον.

183 5693 290 5775 ςδό)
318 5697 490 5775 Codex
510 5700 863 5775 _l}odleiantt_s,
889 5693 1058 5765 recte,
1102 5699 1177 5772 μὴ
1198 5693 1563 5771 ἐνδεδυμένου.
1599 5698 1655 5754 In

119 5765 544 5841 edi‘tjoneglluetii
567 5772 716 5825 deest
748 5771 842 5841 μή.

192 5834 303 5907 (85)
333 5838 581 5909 Πότερον
605 5834 789 5895 εἰσοιὲί
808 5834 1015 5913 ξιιένει.
1053 5841 1142 5898 Sic
1173 5841 1334 5897 habet
1364 5842 1535 5898 codex
1550 5839 1657 5897 Bo-

1769 4620 1921 4674 mit.)
1961 4618 2142 4688 Itaque
2174 4618 2404 4689 inspicio
2438 4634 2505 4671 an
2543 4617 2687 4671 forte
2715 4616 2991 4685 expletum
3023 4613 3189 4669 fuerit
3234 4613 3341 4671 hoc

1767 4710 2010 4765 dictum:
2054 4730 2072 4762 ι
2107 4711 2284 4775 Vado,
2316 4720 2372 4765 ut
2403 4728 2432 4765 a
2472 4724 2663 4766 somno
2700 4710 2932 4763 excitem
2980 4722 3158 4771 eum,»
3212 4721 3338 4760 cum

1766 4800 1925 4856 Jesus
1957 4816 2091 4856 voce
2130 4817 2323 4872 magna
2358 4802 2605 4856 clamans
2638 4799 2815 4853 dixit:
2859 4817 2878 4850 ι
2916 4797 3144 4865 Lazare,
3183 4796 3341 4866 prodi

1767 4891 1949 4957 foras;
1988 4911 2006 4943 ι
2049 4908 2175 4947 nam
2202 4908 2304 4947 vos
2343 4907 2557 4963 magna,
2589 4900 2645 4945 et
2684 4890 2911 4953 clamor,
2949 4905 3060 4944 non
3104 4887 3341 4944 absurde

1767 4983 1979 5038 dicetur
2024 4986 2295 5039 excitasse
2339 4999 2488 5039 eum.
2542 4982 2779 5051 luspicio
2824 4985 2989 5037 etiam
3043 4996 3110 5035 an
3163 4982 3340 5051 possis

1765 5076 2050 5133 enuntiare
2067 5077 2119 5131 in
2146 5078 2245 5133 hoc
2268 5078 2439 5148 magis
2455 5075 2731 5146 impletum
2758 5075 2923 5131 fuisse
2944 5075 3105 5131 illud:
3126 5093 3146 5127 ι
3169 5074 3339 5142 Vade,

759 5260 805 5291 ³⁸
843 5258 1035 5331 Matth.
1064 5274 1196 5325 χιιι,
1235 5259 1324 5314 l3.
1423 5258 1491 5292 ⁸⁸·
1521 5257 1656 5314 Joau

1828 5260 1919 5316 44.
2014 5261 2061 5294 ⁸⁸
2104 5261 2275 5316 Exod.
2314 5277 2503 5331 sutv,
2548 5263 2638 5320 $3.
2728 5229 2799 5296 ’⁸⁸
2822 5261 3011 5316 Matth.
3077 5272 3216 5326 χιιι,
3249 5255 3336 5312 IS.

1773 5483 2041 5540 dleiauus.
2058 5482 2115 5537 In
2146 5481 2575 5539 editioueHuetii
2593 5483 2745 5536 deest
2766 5479 3013 5550 πότερον,
3039 5476 3336 5550 eIAlegitur,

1771 5557 1821 5608 εἰ
1862 5554 1951 5607 ἀεὶ
1993 5553 2167 5625 μένει.
2192 5552 2262 5608 Ut
2296 5563 2497 5625 utiest,
2532 5550 2874 5625 videtur_hoc
2901 5546 3042 5603 'loco
3078 5546 3338 5625 Origenes

1771 5619 2174 5693 aliquantisper
2215 5624 2477 5678 recedere
2506 5639 2536 5676 a
2573 5619 2886 5693 pervulgata
2919 5635 3015 5674 sua
3041 5619 3337 5693 etabsona

1769 5689 2217 5762 sententia-quite
2240 5689 2619 5762 damnatorum
2654 5689 2829 5762 patriis
2860 5689 3018 5762 linem
3047 5689 3337 5762 aliquando

1768 5756 2086 5834 impositum
2117 5756 2204 5818 "iri
2253 5765 2519 5822 decernit.
2543 5756 2602 5816 ιιι
2642 5756 2708 5819 ex
2743 5761 2996 5818 instituto
3035 5756 3335 5832 disputatur

1767 5836 1821 5892 iu
1855 5834 2212 5908 Origenianis.
