3688 6146
353 334 460 390 699

1811 332 2136 389 ORIGENIS
3473 332 3549 389 7θῦ

293 437 304 444 ’
358 469 418 512 ut
451 475 482 512 a
515 471 707 513 somno
734 455 964 510 excitem
993 469 1140 520 eum,
1162 473 1180 506 ι
1208 469 1371 524 quam
1401 468 1526 510 cum
1560 455 1722 510 Pater
1752 457 1935 512 audita

2061 473 2208 508 ῖαντα
2235 456 2325 508 τὸν
2362 455 2585 527 Πατέρα
2616 451 2975 523 πεποιηκέναι
3007 451 3104 522 τὴν
3145 451 3390 522 Λαζάρου
3419 451 3554 525 ψυχὴν

356 548 486 605 Jesu
529 547 887 618 precatione,
935 545 1131 600 Lazari
1166 547 1405 600 animam
1450 545 1579 602 fecit
1624 548 1690 602 ad
1735 563 1936 618 corpus

355 643 476 712 ejus
527 639 726 706 redire,
775 639 920 708 quod
968 637 1022 692 in
1066 647 1417 694 monumento
1448 640 1747 710 repositum
1794 651 1932 697 erat.

362 735 623 788 Dicturus
647 740 733 788 est
758 731 904 788 enim
938 729 1138 800 aliquis
1156 730 1375 786 Patrem
1394 747 1513 786 cum
1532 732 1937 790 audissetoran-

357 833 470 879 tem
507 822 728 886 Filium,
762 821 954 876 Lazari
987 821 1224 875 animam
1257 837 1324 877 ex
1368 823 1598 878 mortuis
1641 824 1936 891 excitasse,

349 910 544 970 Iesum
581 929 713 969 vero
761 927 898 968 voce
933 928 1128 991 magna
1161 927 1286 968 cum
1321 913 1632 980 clamasset,
1671 929 1736 970 ac
1763 915 1936 972 dixis-

359 1013 465 1068 set,
509 1023 527 1056 ι
551 1003 780 1070 Lazare,
813 1004 968 1074 prodi
1011 1004 1182 1069 foras,
1209 1023 1227 1055 ι
1268 1004 1320 1059 id
1346 1007 1486 1074 quod
1518 1017 1677 1061 antea
1727 1010 1936 1078 promi-

361 1105 511 1152 serat
553 1096 827 1164 implesse,
883 1113 904 1147 ι
939 1096 1047 1151 Sed
1092 1097 1253 1164 vado,
1307 1107 1363 1150 nt
1402 1113 1432 1152 a
1474 1113 1664 1154 somno
1705 1102 1936 1157 excitem

360 1203 539 1244 eum.»
566 1189 744 1258 Atque
761 1189 867 1244 hoc
890 1188 1106 1258 quidem
1136 1189 1228 1259 qui
1263 1191 1481 1255 astruit,
1508 1191 1724 1248 difl‘erre
1751 1195 1940 1252 dicens

364 1281 468 1336 lioc
496 1282 698 1337 dictum
731 1301 745 1336 :
793 1301 812 1334 ι
847 1281 1086 1335 Lazarus
1118 1283 1328 1338 amicus
1360 1295 1548 1340 noster
1573 1287 1793 1355 dormit,
1821 1307 1840 1340 ι
1873 1290 1941 1346 ab

365 1372 490 1436 hoc,
525 1391 543 1423 ι
570 1371 814 1426 Lazarus
840 1383 1088 1428 mortuus
1117 1383 1221 1439 est,
1251 1393 1272 1426 ι
1311 1375 1454 1432 dicet
1495 1379 1561 1431 ad
1595 1380 1939 1447 vocabulum,

368 1481 389 1517 ι
411 1463 631 1527 dormit,
645 1482 662 1514 ι
683 1462 863 1519 Iesum
880 1464 1214 1534 promisisse,
1231 1465 1526 1521 dicentem:
1547 1467 1682 1541 [(86)
1702 1470 1838 1526 «Sed
1856 1487 1944 1525 va-

364 1556 460 1624 do,
478 1567 537 1610 ut
565 1572 595 1610 a
635 1572 827 1613 somno
855 1557 1089 1612 excitem
1119 1573 1279 1626 eum;
1308 1578 1326 1612 ι
1355 1569 1410 1614 et
1445 1562 1511 1615 ad
1553 1563 1772 1617 verbum
1815 1564 1940 1631 hoc,

369 1666 392 1702 ι
421 1659 666 1704 mortuus
693 1659 796 1714 est,
819 1668 838 1702 ι
879 1666 986 1705 non
1020 1651 1370 1720 respondisse
1398 1651 1601 1725 illud:]
1636 1673 1654 1705 ‹
1691 1654 1860 1720 Vado,
1886 1666 1944 1711 ut

365 1739 622 1794 suscitem
655 1754 778 1794 eum
808 1754 877 1795 ex
913 1741 1162 1795 mortuis.
1195 1759 1213 1791 ι
1245 1741 1316 1795 At
1358 1756 1488 1796 vero
1523 1742 1614 1812 qui
1644 1743 1941 1800 solvitdis-

2037 548 2352 603 ἐπανελθεῖν
2388 549 2480 600 ἐπὶ
2506 548 2567 601 τὸ
2590 548 2646 600 ἐν
2675 545 2751 617 τῷ
2781 546 3032 618 μνημείῳ
3057 543 3404 614 ἀποκείμενον
3430 547 3556 601 αὑτοῦ

2039 643 2198 712 σῶμα
2219 658 2232 672 ⁸
2271 620 2550 710 εῐποίγάρ
2578 638 2644 692 ἄν
2676 655 2779 702 τις,
2812 639 2896 691 ὅτι
2926 640 2955 691 6
2991 637 3090 708 μὲν
3119 635 3357 699 ἀκούσας
3386 636 3559 708 εὖξαμὲ·

2037 753 2128 790 νου
2158 733 2252 786 τοῦ
2281 732 2412 786 Υίοῦ
2440 732 2632 802 Πατὴρ
2660 732 2725 784 ἐκ
2754 729 2962 802 νεκρῶν
2992 730 3082 782 τὸν
3110 728 3358 799 Λάζαρον
3386 729 3562 800 ἀνέστη-

2040 845 2131 880 σεν
2151 845 2162 858 ·
2189 829 2218 879 6
2242 826 2297 879 δὲ
2328 825 2497 878 εἰπὼν
2521 827 2674 896 φωνῇ
2700 823 2928 894 μεγάλῃ,
2956 823 3049 875 καὶ
3081 821 3420 892 κραυγάσαςο
3448 839 3462 870 ι
3485 823 3564 874 Λά-

2039 920 2204 992 ζαρε,
2251 918 2410 990 δεῦρο
2448 917 2592 983 ἔξω,
2632 937 2651 970 ι
2692 916 3008 988 ἐπλήρωσεν
3039 915 3069 968 6
3113 914 3564 987 προετπιγγείλατο·

2045 1029 2065 1062 ι
2115 1011 2274 1064 ’Λλλά
2314 1009 2650 1082 πορεύομαι,
2693 1007 2780 1062 ἵνα
2821 1005 3096 1072 ἐξυπνίσω
3135 1004 3320 1060 αὐτόν.
3372 1021 3388 1054 ι
3429 1003 3569 1056 Καὶὸ

2037 1101 2195 1154 τοῦτό
2223 1119 2286 1170 γε
2317 1099 2744 1165 κατασκευάζων
2787 1097 3049 1169 διαφοράν
3079 1097 3257 1159 διδοὺς
3296 1095 3416 1148 τοῦ*
3447 1114 3461 1145 ι
3498 1097 3575 1147 Λά-

2039 1190 2206 1264 ζαρος
2237 1195 2265 1244 6
2294 1191 2444 1260 φίλος
2470 1191 2626 1262 ἡμῶν
2658 1189 3004 1260 κεκοίμηται,
3045 1206 3063 1238 ι
3097 1186 3191 1238 καὶ
3212 1183 3307 1237 τοῦ
3327 1201 3340 1214 °
3377 1203 3394 1234 ι
3432 1184 3571 1247 Λάζα-

2045 1301 2134 1355 ρος
2159 1283 2428 1337 ἀπέθανεν
2449 1323 2463 1347 ,
2501 1303 2520 1335 ι
2554 1285 2704 1354 ἐρεῖ,
2731 1283 2812 1335 ὅτι
2851 1281 2989 1351 πρὸς
3039 1280 3138 1351 μὲν
3179 1278 3275 1342 τὺ,
3308 1296 3327 1328 ι
3362 1279 3573 1347 atem-IM-

2042 1393 2151 1439 ται,
2185 1395 2203 1426 ι
2246 1375 2610 1446 ἐπηγγείλατο
2651 1373 2852 1429 είπώνο
2894 1392 2912 1424 ι
2959 1373 3118 1425 Ἀλλά
3167 1369 3480 1441 πορεύομαι,
3513 1371 3576 1422 ἵνα

2045 1468 2319 1532 ἐξυπνίσω
2361 1469 2554 1522 αὐτόν’
2599 1489 2617 1520 ι
2651 1469 2788 1540 πρὸς
2828 1469 2885 1522 δὲ
2930 1468 2989 1521 τὸ
3016 1507 3032 1532 ,
3067 1486 3085 1518 ι
3125 1464 3426 1526 ἀπέθανεν,
3460 1483 3476 1516 ι
3503 1464 3576 1516 οὐκ

2043 1559 2349 1612 ἀποδέδωκε
2378 1559 2438 1612 τό
2458 1576 2470 1586 ·
2513 1577 2531 1608 ι
2567 1558 2904 1629 Πορεύομαι,
2937 1558 3021 1610 ἵνα
3049 1556 3343 1624 ἀναστήσω
3365 1554 3506 1606 αὑτὸν
3532 1556 3578 1605 ἐκ

2045 1651 2274 1722 νεκρῶν.
2317 1671 2334 1703 ι
2356 1651 2514 1704 Ἀλλά
2537 1652 2566 1703 6
2593 1651 2732 1704 λύων
2758 1651 2854 1722 τὴν
2876 1651 2935 1703 ἐν
2957 1649 3168 1712 τούτοις
3200 1645 3451 1700 δοκοῦσαν
3474 1643 3578 1699 εἶναι

2045 1743 2337 1813 διαφοράν,
2379 1743 2474 1796 καὶ
2513 1743 2687 1804 διδοὺς
2734 1741 2832 1814 τὴν
2878 1740 2972 1793 τοῦ
3009 1741 3262 1811 Λαζάρου
3306 1741 3369 1792 ἐκ
3415 1738 3579 1809 νεκρῶν

363 1830 698 1902 crepantiam
730 1845 851 1902 quae
881 1831 935 1886 in
987 1832 1074 1886 his
1105 1847 1228 1888 esse
1270 1833 1506 1901 videtur,
1542 1845 1599 1890 et
1626 1836 1720 1890 dat
1748 1837 1941 1892 Lazari

2061 1835 2342 1888 ὶνάστασιν
2373 1836 2550 1888 κοινὸν
2579 1834 2738 1905 ἔργον
2770 1833 3055 1902 γεγονέναι
3094 1831 3228 1885 Υίοῦ
3271 1830 3366 1884 τοῦ
3390 1830 3580 1900 εὐξαμέ-

363 1936 434 1976 ex
485 1921 719 1977 mortuis
766 1923 1225 1978 resurrectionem
1278 1938 1569 1980 commune
1597 1940 1736 1994 opus
1777 1927 1944 1984 fuisse

367 2023 480 2066 tum
506 2012 631 2067 Filii
662 2014 965 2082 precantis,
999 2023 1110 2068 tum
1142 2014 1321 2069 Patris
1345 2015 1712 2084 exaudientis,
1763 2027 1945 2073 utetur

366 2105 680 2161 testimonio
703 2105 914 2161 Domini
950 2107 1018 2159 ad
1047 2104 1311 2160 Martham
1340 2107 1568 2163 dicentis
1595 2123 1611 2162 :
1641 2127 1659 2160 ι
1689 2109 1799 2178 Ego
1824 2126 1942 2165 sum

367 2197 698 2252 resurrectio
731 2205 788 2252 et
819 2197 934 2252 vita
963 2197 1045 2252 3':
1079 2217 1100 2249 ι
1132 2197 1402 2268 addetque
1429 2198 1558 2252 illud
1592 2201 1756 2256 etiam
1789 2218 1804 2255 :
1832 2221 1850 2253 ι
1871 2201 1946 2258 Ut

365 2289 509 2342 enim
545 2286 705 2343 Pater
742 2289 970 2344 suscitat
997 2300 1242 2344 mortuos
1273 2297 1328 2344 et
1361 2289 1621 2357 vivificat,
1660 2292 1741 2348 sic
1777 2293 1944 2347 etiam

365 2377 556 2445 Filius,
581 2394 716 2448 quos
731 2380 844 2434 vult
865 2380 1100 2434 vivificat
1122 2379 1189 2434 ’°.
1213 2398 1232 2431 ι

437 2470 492 2526 9.
527 2489 546 2522 ι
577 2469 728 2526 Multi
767 2473 933 2542 igitur
957 2486 1024 2526 ex
1056 2471 1260 2527 Judaeis
1286 2472 1377 2540 qui
1421 2481 1686 2528 venerant
1721 2474 1789 2529 ad
1829 2473 1947 2529 Ma-

366 2567 526 2629 riam,
555 2581 676 2620 cum
702 2564 964 2620 vidissent
991 2579 1113 2635 quae
1153 2565 1374 2620 fecisset
1392 2563 1574 2632 Jesus,
1602 2566 1949 2623 crediderunt

370 2659 426 2713 in
459 2673 584 2714 eum
604 2659 674 2711 ".
695 2675 714 2710 ι
754 2657 819 2712 Et
848 2672 981 2712 sane
1007 2672 1303 2726 quemnam
1339 2673 1531 2715 eorum
1565 2660 1659 2729 qui
1711 2659 1949 2720 demersi

369 2748 664 2805 admodum
721 2747 873 2804 fuere
920 2749 1072 2812 vitio.
1129 2758 1384 2819 tanquam
1436 2749 1856 2808 mortiﬁcatione
1893 2763 1950 2810 et

367 2839 564 2904 fetore,
593 2837 793 2908 quique
823 2853 1033 2904 summa
1060 2839 1356 2894 mutatione
1376 2837 1516 2895 facta
1547 2841 1944 2912 deposuerunt,

371 2929 604 2999 imperio
635 2938 690 2984 et
717 2929 1100 2999 cooperatione
1129 2928 1252 2983 Filii
1288 2928 1404 2998 Dei,
1437 2947 1542 2986 non
1589 2932 1760 2988 solum
1805 2933 1949 2987 mul-

371 3030 485 3078 tum
540 3021 766 3076 fetorem
797 3036 865 3076 ex
908 3029 1132 3086 peccato
1161 3031 1520 3090 contractum,
1555 3039 1742 3079 verum
1782 3027 1946 3080 etiam

370 3111 586 3166 vincula
613 3112 758 3167 vires
786 3111 983 3165 animaa
1003 3110 1331 3179 detinentia,
1359 3128 1558 3184 nempe
1605 3114 1752 3170 vires
1784 3117 1946 3171 eundi

367 3212 427 3260 et
452 3203 735 3272 operandi,
759 3211 924 3268 atque
951 3202 1114 3257 etiam
1145 3211 1408 3272 praeterea
1438 3207 1546 3260 vim
1572 3209 1946 3279 contemplan-
1975 3187 2017 3244 ο

371 3296 460 3361 di;
495 3310 808 3366 quemnam,
844 3295 1089 3364 inquam,
1123 3310 1247 3350 nom
1261 3307 1552 3352 moverunt
1577 3299 1695 3355 haec
1726 3300 1794 3354 ad
1822 3315 1946 3356 cre-

373 3389 629 3454 dendum,
661 3399 827 3459 atque
849 3392 1014 3445 etiam
1043 3391 1111 3445 ad
1142 3405 1273 3447 vere
1303 3393 1635 3448 credendum
1686 3395 1951 3465 praedica-

372 3481 508 3536 tioni
538 3479 703 3536 .lesu?
736 3479 976 3537 Perculsi
1024 3484 1167 3537 enim
1217 3485 1308 3553 qui
1367 3483 1819 3554 glorificabantur
1868 3501 1948 3551 se,

375 3573 544 3628 multa
598 3574 881 3645 diligentia
930 3574 1200 3641 adhibita,
1250 3577 1496 3632 exerceri
1532 3577 1588 3630 in
1625 3579 1800 3633 verbo
1832 3577 1951 3646 Dei,

375 3665 771 3736 plenitudinem
807 3680 941 3722 vero
970 3667 1089 3738 ejus
1131 3682 1237 3722 non
1288 3676 1672 3736 perceperant,
1706 3669 1954 3724 credide-

376 3771 502 3815 runt
533 3759 781 3815 videntes
812 3757 998 3815 Jesum
1037 3759 1089 3814 in
1132 3760 1336 3820 talibus
1389 3767 1600 3814 tantum
1660 3759 1948 3829 potuisse:

373 3851 536 3924 381
601 3850 1012 3922 praesertimque
1069 3849 1330 3904 credituri
1378 3859 1535 3904 erant
1587 3849 1679 3920 qui
1737 3859 1956 3919 propter

377 3955 652 3999 mortuum
687 3951 744 4000 et
790 3943 1014 3998 omnino
1045 3942 1410 4012 desperatum,
1448 3955 1610 4011 quem
1640 3949 1696 3996 et
1735 3940 1836 4010 ipsi
1863 3941 1959 3994 de-

378 4036 645 4105 ploratum
681 4037 977 4101 habebant,
1000 4036 1066 4090 ad
1095 4035 1316 4090 Mariam
1348 4043 1617 4090 venerant
1642 4034 1804 4090 officii
1833 4049 1957 4104 gra-

381 4129 474 4194 tia,
523 4130 828 4200 plorantem
881 4130 952 4184 ob
1007 4129 1193 4184 fratris
1241 4144 1468 4195 casum;
1521 4143 1756 4199 quorum
1791 4129 1956 4182 etiam

379 4239 547 4281 causa
589 4222 770 4294 potius
820 4236 981 4292 quam
1034 4220 1151 4290 ejus
1183 4223 1274 4292 qui
1315 4232 1559 4278 mortuus
1597 4221 1804 4288 fuerat,
1834 4237 1958 4277 cum

382 4315 620 4371 venisset
663 4315 731 4370 ad
781 4314 1020 4369 defuncti
1062 4314 1403 4384 speluncam,
1444 4333 1465 4367 ι
1506 4314 1730 4370 sustulit
1770 4313 1959 4371 oculos

380 4425 616 4474 sursum,
652 4419 708 4465 et
739 4407 877 4464 dixit
915 4427 929 4463 :
960 4407 1141 4474 Pater,
1179 4408 1381 4478 gratias
1410 4423 1511 4478 ago
1537 4408 1656 4472 tibi,
1685 4407 1830 4478 quod
1858 4420 1959 4462 au-

2045 1945 2138 1982 νου
2197 1927 2292 1981 καὶ
2320 1927 2533 1998 Πατρός
2564 1925 2657 1978 τοῦ
2687 1925 3109 1988 ἐπακούσαντος,
3138 1925 3399 1996 χρήσεται
3423 1923 3582 1993 καὶτῷ

2045 2019 2319 2092 εἰρημένῳ
2367 2019 2472 2071 ὑπὸ
2503 2017 2598 2070 τοῦ
2646 2019 2850 2088 Κυρίου
2881 2018 3017 2088 πρὸς
3062 2017 3160 2088 τὴν
3190 2015 3417 2086 Μάρθαν
3441 2015 3582 2082 λέγον-

2045 2128 2135 2174 τος
2158 2128 2170 2140 ·
2209 2130 2228 2160 ‹
2267 2109 2405 2178 Ἐγώ
2438 2111 2553 2181 είμι
2599 2111 2632 2180 ή
2675 2108 2970 2172 ἀνάστασις
3007 2109 3101 2160 καὶ
3135 2110 3169 2178 ἡ
3201 2106 3318 2178 ζωή
3341 2124 3354 2136 °
3387 2125 3405 2158 ι
3447 2123 3582 2177 παρα-

2047 2201 2270 2273 θήσεται
2302 2202 2394 2256 καὶ
2441 2203 2533 2254 τό·
2567 2222 2585 2253 (
2613 2202 2822 2270 Ὠσπερ
2854 2201 2961 2272 γάρ
2991 2202 3020 2253 6
3050 2201 3246 2272 Πατὴρ
3279 2199 3469 2270 ἐγείρει
3490 2201 3582 2262 τοὺς

2047 2295 2274 2366 νεκροὺς
2315 2295 2411 2349 καὶ
2455 2292 2740 2358 ζωοποιεῖ,
2783 2291 2954 2356 οὕτως
2993 2293 3085 2346 καὶ
3132 2294 3162 2346 6
3195 2292 3328 2355 Υἱὸς
3359 2291 3446 2354 οὓς
3478 2289 3583 2344 θέλει

2047 2385 2317 2450 ζωοποιεῖ.
2368 2405 2386 2437 ι

2118 2479 2171 2534 9.
2214 2498 2233 2531 ι
2270 2478 2462 2532 Πολλοὶ
2487 2474 2580 2532 οὖν
2606 2479 2671 2532 ἐκ
2697 2475 2805 2530 τῶν
2846 2474 3114 2530 Ἰουδαίων
3136 2476 3186 2528 οἱ
3217 2474 3456 2537 ἐλθόντες
3483 2471 3586 2543 πρὸς

2047 2571 2146 2643 τὴν
2166 2571 2409 2645 Μαρίαν,
2431 2572 2526 2624 καὶ
2547 2570 2868 2641 θεασάμενοι
2890 2569 2925 2623 ἀ
2946 2569 3199 2639 ἐποίησεν
3220 2571 3250 2621 6
3277 2565 3586 2637 Ἰησοῦς(87),

2049 2661 2375 2715 ἐπίστευσαν
2408 2663 2487 2724 εἰς
2519 2661 2702 2714 αὐτόν.
2740 2680 2758 2712 ι
2796 2660 2904 2714 Kal.
2936 2659 3056 2712 τίνα
3081 2675 3143 2726 γε
3173 2659 3275 2710 οὐκ
3319 2656 3383 2710 ἂν
3412 2659 3589 2725 κινήσει

2051 2754 2188 2824 πρὸς
2232 2753 2294 2807 τὸ
2344 2753 2631 2806 πιστεῦσαι
2680 2752 2756 2823 τῷ
2799 2751 2894 2806 τοῦ
2933 2750 3104 2821 Ἰησοῦ
3152 2749 3589 2823 κηρύγματι,καὶ

2049 2847 2265 2919 ἀληθῶς
2288 2887 2303 2912 ,
2345 2847 2587 2920 ὡσπερεὶ
2632 2849 2697 2900 ἐκ
2729 2845 3053 2916 νεκρότητος
3086 2847 3182 2898 καὶ
3203 2843 3485 2905 δυσωδίας,
3509 2841 3589 2894 τῶν

2051 2940 2192 2994 πάνυ
2227 2939 2332 2992 ὑπὸ
2359 2939 2460 3010 τῆς
2489 2938 2688 3001 κακίας
2712 2935 3327 3006 καταδεὸαπτισμένων,
3358 2932 3592 3006 ἀκροτάτη

2053 3031 2323 3104 μεταϐολῇ
2348 3029 2795 3100 ἀποσεισαμένων
2814 3031 2880 3100 τῇ
2907 3029 3204 3100 προστάξει
3230 3029 3325 3081 καὶ
3350 3024 3592 3096 συνεργείᾳ

2049 3123 2142 3178 τοῦ
2161 3123 2333 3192 Λόγου
2354 3124 2414 3176 οὐ
2439 3123 2599 3194 μόνον
2619 3122 2715 3193 τὴν
2732 3123 2838 3176 ἀπὸ
2852 3121 2950 3192 τῆς
2964 3121 3237 3193 ἁμαρτίας
3259 3118 3452 3190 πολλὴν
3463 3118 3592 3171 δυσιψ

2049 3216 2188 3281 δίαν,
2205 3215 2339 3269 ἀλλὰ
2362 3215 2456 3268 καὶ
2483 3216 2607 3278 τοὺς
2637 3214 2964 3286 κατέχοντας
2994 3214 3228 3284 δεσμοὺς
3253 3211 3352 3282 τὴν
3385 3226 3593 3284 πορευτι-

2053 3306 2156 3378 κὴν
2176 3307 2268 3359 καὶ
2283 3305 2382 3376 τὴν
2401 3305 2694 3377 δραστικὴν
2716 3305 2817 3376 τῆς
2830 3303 3006 3375 ψυχῆς
3025 3302 3278 3374 δύναμιν,
3295 3302 3374 3355 ἐτι
3391 3301 3443 3354 δὲ
3461 3301 3593 3371 χωρὶς

2051 3398 2256 3452 τούτων
2283 3399 2378 3452 καὶ
2411 3398 2508 3470 τὴν
2543 3398 2912 3469 θεωρητικήν;
2945 3397 3409 3464 Καταπλαγέντες
3445 3395 3538 3464 γὰρ
3557 3396 3592 3445 οξ

2057 3488 2254 3554 ἰδόντες
2271 3490 2360 3543 τὸν
2388 3489 2592 3560 Ἰησοῦν
2605 3492 2662 3542 ἐν
2674 3493 2785 3554 τοῖς
2799 3489 3057 3552 τοιούτοις
3072 3489 3328 3543 τοσοῦτον
3348 3487 3594 3557 δεδυνημέ-

2054 3599 2164 3644 νον,
2199 3584 2246 3635 οἱ
2277 3581 2569 3653 αὐχοῦντες
2609 3583 2705 3654 μὲν
2743 3583 2870 3654 περὶ
2912 3583 3068 3650 λόγον
3099 3581 3442 3652 ἀσχολεῖσθαι
3467 3575 3592 3640 Θεοῦ,

2053 3674 2116 3727 τὸ
2157 3675 2426 3748 πλήρωμα
2465 3675 2522 3728 δὲ
2566 3675 2660 3729 τοῦ
2704 3675 2860 3746 λόγου
2911 3675 3134 3748 μηδέπω
3171 3673 3592 3746 παραδεξάμενοι,

2056 3768 2149 3820 καί
2178 3766 2526 3822 πιστεύσαιεν
2569 3768 2636 3823 ἂν
2671 3768 2904 3840 μάλιστα
2935 3771 3048 3822 ὅσοι
3081 3766 3402 3837 ἐληλύθασιν
3428 3763 3496 3826 ὡς
3521 3761 3593 3814 ἐπὶ

2055 3858 2253 3930 νεκρῷ,
2284 3860 2380 3913 καὶ
2403 3862 2579 3931 πάντη
2613 3861 3041 3932 ἀπεγνωσμένῳ,
3073 3859 3167 3911 καὶ
3189 3858 3348 3912 αὐτοὶ
3372 3853 3593 3924 ἀπογνόν-

2055 3967 2148 4014 τες
2171 3950 2263 4003 τὸν
2285 3950 2544 4016 τοιοῦτον,
2567 3949 3057 4023 παραμυθήσεσθαι
3089 3950 3188 4020 τὴν
3207 3949 3304 4002 ἐπὶ
3329 3951 3394 4019 τῇ
3422 3943 3593 3999 ἐκπτώ-

2059 4059 2142 4095 σει
2173 4041 2266 4096 τοῦ
2311 4043 2541 4112 ἀδελφοῦ
2590 4043 2964 4114 όδυνωμένην·
2999 4042 3067 4095 δι’
3100 4040 3195 4105 οὒς
3239 4041 3381 4111 τάχα
3411 4034 3592 4103 πλέονῆ

2057 4133 2146 4186 διά
2187 4133 2279 4186 τὸν
2309 4131 2480 4186 ταῦτα
2509 4133 2769 4195 παθόντα,
2814 4132 2983 4186 ἐλθὼν
3032 4131 3124 4184 ἐπὶ
3154 4131 3215 4183 τὸ
3248 4130 3498 4200 σπήλαιον
3521 4122 3591 4176 τοῦ

2057 4226 2274 4298 νεκροῦ,
2310 4245 2329 4278 ι
2351 4223 2455 4298 ἦρε
2486 4227 2612 4291 τοὺς
2641 4225 2950 4296 ὀφθαλμοὺς
2975 4226 3108 4288 ἄνω,
3129 4223 3223 4276 καὶ
3249 4219 3374 4276 εἷπε
3391 4239 3404 4252 '
3427 4219 3590 4287 Πάτερ,

2059 4316 2366 4388 εὐχαριστῶ
2400 4335 2502 4382 σοι,
2546 4318 2630 4370 ὅτι
2677 4317 2915 4388 ἧκουσάς
2947 4333 3048 4385 μου
3069 4332 3082 4344 ·
3119 4313 3229 4382 ἐγὼ
3258 4315 3318 4367 δὲ
3350 4313 3500 4385 ᾔδειν,
3530 4310 3591 4362 ὅτι

2060 4408 2290 4462 πάντοτέ
2325 4426 2425 4480 μου
2455 4407 2694 4472 ἀκούεις.
2723 4427 2742 4460 ι
2783 4409 2906 4462 Ὅτι
2931 4407 3038 4478 γὰρ
3068 4406 3155 4460 διὰ
3181 4406 3404 4471 τούτους
3433 4401 3591 4475 μᾶλλον

380 4501 508 4556 disti
545 4515 669 4567 me;
697 4515 798 4572 ego
825 4509 1005 4555 autem
1037 4513 1296 4554 noveram
1331 4499 1472 4569 quod
1503 4513 1717 4569 semper
1748 4514 1834 4555 me
1859 4515 1957 4554 au-

2063 4501 2097 4574 ἢ
2122 4500 2212 4556 τὸν
2238 4499 2484 4574 Λάζαρον
2515 4500 2717 4574 ταύτην
2749 4499 3110 4570 ἀνεφθέγξατο
3137 4499 3273 4570 πρὸς
3301 4500 3390 4552 τὸν
3416 4494 3591 4564 Πατέρα

382 4595 580 4651 dis".i
601 4594 755 4662 Quod
782 4595 927 4650 enim
953 4595 1147 4648 horum
1169 4593 1345 4664 gratia
1369 4593 1540 4663 magis
1555 4607 1717 4661 quam
1743 4591 1960 4659 Lazari,

384 4687 758 4758 hujuscemodi
813 4687 1108 4756 gratiarum
1159 4686 1430 4740 actionem
1480 4684 1793 4747 reddiderit,
1840 4699 1964 4753 per-

381 4777 628 4845 spicuum
657 4785 742 4830 est
770 4789 838 4830 ex
863 4775 948 4830 bis
973 4775 1155 4830 verbis
1188 4792 1202 4828 :
1234 4771 1254 4845 [
1281 4772 1394 4844 (88)
1423 4790 1442 4824 ι
1482 4771 1590 4828 Sed
1618 4781 1839 4843 propter
1865 4789 1963 4843 po-

383 4869 590 4939 pulum,
615 4868 706 4937 qui
737 4868 1075 4933 circumstat,
1109 4866 1245 4932 dixi,
1279 4877 1340 4920 ut
1387 4867 1610 4921 credant
1637 4866 1764 4936 quia
1789 4875 1843 4922 tu
1875 4881 1963 4924 me

385 4959 583 5015 misisti
609 4961 676 5013 ³³.
706 4980 727 5012 ι
764 4958 1002 5014 Lazarus
1030 4972 1160 5028 ergo
1187 4958 1237 5012 ei
1269 4971 1413 5012 curae
1436 4955 1586 5028 fuit,]
1620 4972 1814 5026 nempe
1835 4971 1962 5026 pro-

384 5061 508 5123 pter
551 5053 1002 5109 circumstantcm
1042 5052 1289 5115 turbam;
1319 5060 1378 5104 ut
1422 5049 1576 5104 multi
1624 5049 1958 5118 Judaaorum,

384 5146 478 5214 qui
535 5147 603 5202 ad
633 5145 860 5200 Mariam
897 5153 1183 5208 venerant,
1215 5145 1421 5215 quique
1458 5143 1710 5200 viderunt
1735 5159 1856 5215 quae
1882 5143 1962 5199 fe-

387 5239 554 5294 cisset
581 5236 764 5306 Jesus,
807 5237 861 5292 in
895 5236 1069 5306 ipsum
1098 5236 1406 5292 crederent.

458 5330 546 5386 l0.
589 5329 695 5387 Sed
748 5329 873 5384 audi
913 5328 1076 5383 etiam
1121 5327 1190 5384 de
1238 5327 1347 5392 his,
1372 5341 1561 5382 verum
1611 5341 1718 5382 non
1747 5335 1956 5382 tantum

386 5425 763 5495 corporaliter.
803 5443 824 5477 ι
884 5422 1114 5490 Quidam
1167 5428 1350 5476 autem
1384 5436 1453 5475 ex
1489 5421 1570 5476 eis
1603 5421 1858 5476 abierunt
1889 5419 1958 5474 ad

389 5516 714 5588 Pliariszeos,
746 5526 802 5573 et
831 5517 1083 5572 dixerunt
1113 5515 1220 5571 illis
1257 5527 1379 5584 qua:
1408 5512 1629 5568 fecisset
1670 5512 1828 5567 Jesus
1854 5510 1954 5566 “.i

2064 4593 2162 4665 τὴν
2195 4594 2450 4665 εύχαριστ
2460 4593 2563 4660 ίαν,
2597 4593 2754 4664 δῆλον
2777 4594 2841 4647 ἐκ
2860 4593 2952 4647 τοῦ
2972 4610 2986 4624 ο
3023 4611 3041 4643 ι
3078 4591 3238 4644 Ἀλλά
3259 4591 3347 4645 διὰ
3368 4591 3450 4643 τὸν
3469 4585 3590 4656 ὄχλον

2061 4686 2154 4739 τὸν
2189 4685 2528 4757 περιεστῶτα
2554 4681 2742 4751 εἷπον,
2789 4685 2874 4737 ἵνα
2907 4682 3288 4746 πιστεύσωσιν,
3331 4683 3410 4735 ὅτι
3453 4679 3507 4732 σύ
3537 4691 3588 4746 με

2062 4777 2405 4840 ἀπέστειλας.
2431 4795 2450 4829 ι
2505 4774 3023 4848 Ἐπραγματεύσατο
3049 4771 3141 4829 οὖν
3175 4776 3302 4845 περὶ
3329 4773 3418 4827 τοῦ
3445 4767 3586 4835 Λαζά-

2065 4887 2160 4942 ρου
2209 4869 2297 4924 διά
2342 4870 2434 4923 τὸν
2488 4868 2829 4942 περιεστῶτα
2876 4868 3052 4940 ὄχλον,
3092 4868 3157 4920 ἶν’
3205 4869 3255 4921 οί
3301 4866 3470 4920 πολλοὶ
3504 4859 3585 4914 τῶν

2075 4963 2361 5027 Ἰουδαίων,
2388 4963 2633 5027 ἐλθόντες
2657 4963 2794 5034 πρὸς
2818 4963 2916 5034 τὴν
2949 4961 3184 5034 Μαρίαν,
3220 4961 3314 5014 καὶ
3359 4956 3583 5026 θεασάμε-

2065 5071 2145 5111 νοι
2171 5055 2208 5110 ἃ.
2235 5057 2478 5127 ἐποίησε,
2510 5055 2874 5110 πιστεύσωσιν
2900 5056 2978 5118 είς
3004 5053 3184 5110 αὐτόν.

2134 5332 2223 5388 10.
2267 5331 2424 5386 Ἀλλά
2453 5332 2616 5387 ἄκουε
2639 5333 2734 5385 καὶ
2763 5329 2890 5400 περὶ
2916 5329 3139 5394 τούτων,
3161 5327 3235 5398 μὴ
3267 5327 3416 5398 μόνον
3438 5334 3578 5390 σωμα-

2063 5427 2371 5497 τικώτερον.
2423 5446 2441 5478 ι
2461 5425 2618 5488 Τινὲς
2647 5424 2705 5477 δὲ
2747 5421 2806 5488 ἐξ
2841 5421 3017 5476 αὐτῶν
3054 5420 3292 5492 ἀπῆλθον
3330 5417 3454 5489 πρὸς
3484 5411 3579 5466 τοὺς

2065 5519 2408 5591 Φαρισαίους,
2443 5519 2536 5574 καὶ
2567 5513 2718 5571 εἷπον
2747 5516 2927 5579 αὐτοῖς
2952 5515 2989 5568 ἀ
3017 5514 3271 5586 ἐποίησεν
3293 5513 3322 5567 6
3362 5503 3577 5580 Ἰησοῦς.»

460 5625 508 5657 ⁸⁸
536 5625 694 5682 Joan.
721 5643 797 5693 xi,
823 5600 913 5684 εεὲ.
992 5630 1040 5661 ⁹⁰
1068 5628 1226 5684 Joan.
1257 5643 1310 5694 ν,
1340 5627 1429 5680 2i.
1506 5626 1547 5658 "
1581 5623 1741 5713 Joan.
1771 5638 1850 5691 xz,
1881 5623 1957 5680 451

2061 5635 2086 5665 "
2120 5632 2276 5689 Joan.
2309 5653 2385 5700 xt,
2422 5635 2512 5698 41,
2551 5633 2642 5687 42.
2716 5632 2764 5666 ’³
2791 5630 2921 5687 ibid.
2959 5629 3048 5684 42.

470 5716 581 5787 (86)
614 5717 737 5771 llaec
766 5720 1136 5787 supplevimus
1166 5735 1197 5773 e
1227 5719 1507 5774 Pet-ionio.

471 5784 582 5855 (37)
625 5787 679 5838 '0
722 5784 964 5856 Ἰησοῦς.
1004 5791 1159 5850 Deest
1192 5791 1246 5846 in
1270 5785 1727 5855 editionclluetii,
1765 5785 1859 5843 sed
1892 5785 1969 5842 le-

2073 5732 2219 5802 gitur
2242 5730 2501 5802 ingcodice
2528 5726 2847 5802 Bodleiano.

2147 5802 2258 5874 (88)
2295 5800 2418 5858 Haec
2449 5797 2814 5870 supplevimus
2845 5810 2873 5852 e
2900 5791 3168 5849 Perionio.
