3688 6146
51 330 157 386 701

1067 332 1418 389 COMMENT.
1459 333 1525 388 IN
1562 331 1752 390 JOAN.
1800 332 2034 390 TOMUS
2074 330 2307 390 XXVIII.

3216 325 3318 380 702

60 454 228 524 Ἔχει
266 449 368 523 μέν
393 469 448 504 τι
474 453 508 523 ἠ
535 449 679 516 λέξις
705 450 998 522 ἀμφίϐολον
1016 469 1030 483 ο
1063 454 1290 526 πότερον
1319 456 1368 508 οἱ
1393 454 1652 508 ἀπελθόνο

1798 455 2008 512 ὀηηὶἰιίι
2034 453 2272 526 ambigui
2308 451 2467 508 habet
2507 450 2598 506 hic
2646 425 2961 516 contextus;
3004 455 3181 502 utrum
3223 446 3316 518 qui

53 563 158 611 τες
211 545 358 618 πρὸς
401 546 531 607 τοὺς
575 545 916 618 Φαρισαίους,
967 546 1060 599 καὶ
1105 547 1348 610 είπόντες
1392 547 1572 612 αὐτοῖς
1616 546 1652 601 ἃ

54 637 334 709 ἐπτοίησεν
365 639 394 691 ὁ
439 637 665 708 Ἰησοῦς,
699 637 807 690 άπὸ
835 636 942 690 τῶν
974 637 1183 694 πολλῶν
1222 639 1489 692 Ἰουδαίων
1511 636 1652 712 ἦσαν

53 730 178 785 τῶν
219 729 577 800 θεασαμένων
617 728 654 783 ἃ
701 729 944 800 ἐποίησε,
994 731 1087 783 καὶ
1135 731 1539 786 πιστευσάντων
1572 734 1652 796 εἰς

57 821 260 888 αὐτὸν,
282 821 592 894 βουλόμενοι
621 821 711 874 καὶ
741 822 866 886 τοὺς
894 821 1101 894 ἐχθρῶς
1122 823 1494 893 διακειμένους
1517 824 1652 896 πρὸς

60 915 238 970 αὑτὸν
277 915 590 985 δυσωπῆσαι
617 911 704 966 διὰ
728 913 822 984 τῆς
853 915 981 984 περὶ
1013 913 1106 966 τοῦ
1138 913 1389 985 Λαζάρου
1415 917 1651 984 ἐπαγγε-

60 1011 224 1073 iis,“
259 1009 292 1080 ἢ
326 1009 377 1060 οί
398 1007 573 1060 λοιποὶ
605 1006 755 1078 παρὰ
777 1007 901 1069 τοὺς
935 1005 1179 1071 πολλοὺς,
1207 1007 1301 1059 καὶ
1327 1007 1650 1063 πιστεύσαν-

58 1121 162 1166 τες
192 1102 332 1172 (89),
368 1101 443 1162 ὡς
475 1099 549 1170 μὴ
581 1097 890 1169 κινηθέντες
915 1100 980 1151 ὲκ
1005 1097 1097 1151 τοῦ
1129 1099 1418 1169 γενομένου
1445 1102 1525 1161 είς
1553 1099 1651 1172 τὴν

62 1195 206 1266 περὶ
246 1191 422 1264 Ἰησοῦ
453 1191 652 1254 πίστιν,
687 1191 767 1244 ὅτι
808 1191 868 1244 τὸ
908 1192 1029 1247 ὅσον
1068 1193 1152 1260 ἐφ’
1181 1193 1392 1256 ἑαυτοῖς
1419 1191 1529 1263 (90)
1558 1191 1650 1245 καὶ

64 1289 195 1342 κατ’
244 1286 412 1341 αὑτοῦ
445 1286 570 1349 τοὺς
602 1285 924 1357 Φαρισαίους
966 1284 1057 1340 τὸν
1099 1286 1156 1338 ὲν
1201 1285 1383 1350 αὐτοῖς
1420 1285 1651 1355 πονηρὸν

63 1379 242 1449 ζῆλον
276 1378 578 1448 ἐγείροντες
599 1377 686 1430 διὰ
713 1377 812 1447 τῆς
845 1377 970 1449 περὶ
1009 1375 1100 1430 τοῦ
1135 1373 1384 1447 Λαζάρου
1415 1377 1650 1444 ἐπαγγε-

63 1471 220 1536 λίας.
259 1473 370 1524 Καὶ
400 1470 547 1523 δοκεῖ
587 1486 675 1540 μοι
714 1468 870 1520 τοῦτο
910 1467 1105 1539 μᾶλλον
1137 1466 1422 1538 βούλεσθαι
1451 1465 1650 1536 σημαί-

65 1581 188 1616 νειν
221 1565 252 1616 ὁ
275 1561 705 1630 Εὐαγγελιστής’
737 1559 817 1612 διὸ
849 1559 941 1612 καὶ
968 1558 1284 1630 ἐπιφέρεται
1315 1559 1404 1612 τό·
1441 1578 1459 1610 ι
1481 1559 1647 1630 Συνή-

65 1669 249 1722 γαγον
279 1649 372 1704 οὖν
415 1652 464 1703 οἱ
509 1651 782 1722 ἀρχιερεῖς
819 1650 914 1703 καὶ
963 1651 1010 1703 οἱ
1055 1651 1396 1721 Φαρισαῖοι,›
1445 1651 1539 1705 καὶ
1579 1650 1648 1704 τὰ

67 1743 226 1813 ἑῆς.
281 1741 516 1804 Πολλοὺς
547 1740 645 1812 μὲν
683 1737 776 1796 οὖν
809 1735 952 1805 εἷπε,
983 1740 1110 1804 τοὺς
1139 1740 1225 1796 διὰ
1263 1741 1324 1794 τὸ
1355 1741 1646 1796 θεάσασθαι

65 1810 305 1906 ⁸τρὶ-περ).
329 1833 419 1886 τὸν
455 1810 700 1904 Λάζαρον
726 1832 1121 1896 πιστεύσαντας
1139 1849 1151 1862 ·
1185 1832 1426 1904 ὡσπερεὶ
1452 1833 1508 1886 δὲ
1545 1833 1653 1887 ὀλι-
1681 1810 1722 1864 Β

65 1925 363 1997 γωτέρους
398 1924 596 1996 ἔφησεν
627 1923 765 1980 εἶναι
811 1925 936 1988 τοὺς
970 1924 1044 1996 μὴ
1090 1924 1396 1988 τοιούτους,
1442 1923 1610 1978 εἰπών
1633 1943 1646 1955 ·

74 2035 100 2069 ε
136 2015 296 2080 Τινὲς
323 2016 378 2069 δὲ
411 2015 470 2081 ἐξ
496 2015 674 2071 αὐτῶν
697 2016 954 2088 ἀπῆλθον,
982 2035 1000 2067 ι
1034 2016 1130 2070 καὶ
1150 2016 1218 2070 τὰ
1237 2015 1385 2081 ἑξῆς.
1409 2017 1652 2088 Πρόσχες

67 2107 134 2160 δὲ
160 2106 260 2160 καὶ
301 2108 413 2171 τοῖς
445 2105 860 2177 λεχθησομένοις
889 2108 938 2160 εί
969 2106 1191 2161 δύναται
1242 2108 1388 2178 ἡμᾶς
1431 2107 1651 2177 κινῆσαι

70 2199 222 2272 πρὸς
247 2198 661 2268 συγκατάθεσιν,
691 2200 813 2255 ἐπεὶ
833 2200 906 2272 μὴ
939 2200 1152 2272 εἴρηται
1189 2201 1308 2270 μέν·
1338 2199 1531 2254 Πολλοὶ
1558 2196 1652 2256 οὖν

70 2292 146 2344 ὲκ
173 2290 283 2344 τῶν
325 2292 591 2346 Ἰουδαίων
631 2291 738 2346 τῶν
787 2291 1047 2348 ἐλθόντων
1091 2293 1228 2364 πρὸς
1275 2291 1372 2364 τὴν
1409 2293 1649 2364 Μαρίαν,

72 2387 178 2441 καὶ
212 2387 558 2458 θεασαμένων
591 2387 628 2443 ἃ
673 2388 947 2459 ἐποίησεν,
987 2389 1310 2444 ἐπίστευσαν
1355 2392 1434 2454 είς
1466 2391 1648 2457 αὐτὸν,

72 2476 395 2548 γέγραπται
443 2476 528 2530 δέ’
590 2496 608 2529 ι
633 2477 824 2533 Πολλοὶ
873 2473 965 2532 οὖν
1012 2480 1076 2532 ὲκ
1120 2478 1230 2532 τῶν
1291 2479 1552 2534 Ἰουδαίων
1603 2483 1652 2534 0i.

76 2567 333 2632 ἐλθόντες
363 2569 500 2640 πρὸς
528 2569 625 2641 τὴν
654 2571 894 2642 Μαρίαν,
931 2573 1024 2626 καὶ
1058 2571 1380 2642 θεασάμενοι
1407 2573 1442 2627 ἃ
1469 2573 1654 2645 ἐποίη-

80 2677 199 2726 σεν,
235 2654 572 2717 ’ἐπίστευσαν
623 2665 702 2727 εἰς
745 2663 938 2718 αὐτόν’
967 2683 985 2716 ι
1033 2665 1127 2718 καὶ
1155 2666 1388 2737 μάλιστα
1435 2665 1522 2719 διὰ
1554 2665 1653 2736 τὴν

78 2753 374 2824 ἀναγωγὴν
407 2753 682 2829 κινοῦμαι,
738 2757 945 2826 μήποτε
977 2755 1178 2820 πάντες
1223 2758 1272 2812 οἱ
1309 2756 1651 2828 θεασάμενοι,

79 2843 327 2898 τουτέστι
353 2844 726 2916 θεωρήσαντες
757 2846 852 2902 καὶ
884 2848 1153 2912 συνιέντες
1177 2848 1286 2919 (91)
1319 2848 1356 2903 ἃ.
1401 2848 1654 2920 ἐποίησεν

82 2937 116 2992 ὁ
152 2935 377 3008 Ἰησοῦς,
406 2937 731 2992 ἐπίστευσαν
768 2940 848 3004 εἰς
893 2939 1086 2994 αὐτόν·
1115 2941 1165 2994 0i
1199 2941 1443 3011 μέντοιγε
1485 2941 1653 2994 ἀπελ-

86 3028 273 3092 θόντες
301 3028 438 3100 πρὸς
465 3031 589 3093 τοὺς
619 3031 962 3102 Φαρισαίους,
992 3032 1087 3085 καὶ
1123 3032 1369 3096 εἰπόντες
1400 3033 1585 3097 αὐτοῖς
1616 3032 1653 3088 ἆ

87 3119 342 3190 δποίησεν
390 3121 420 3174 ό
485 3121 708 3193 Ἰησοῦς,
747 3122 870 3176 ἐπεὶ
920 3122 994 3194 μὴ
1049 3122 1513 3196 μεμαρτύρηνται,
1572 3125 1653 3179 ὅτι
1679 3143 1722 3203 C

88 3213 402 3276 ἐθεάσαντο,
437 3216 642 3286 μήποτε
669 3215 730 3268 τὸ
757 3216 814 3269 ὲν
842 3215 1048 3287 ἐπαίνῳ
1075 3216 1363 3287 λεγόμενον
1390 3217 1519 3289 περὶ
1547 3216 1657 3272 τῶν

86 3306 488 3361 πιστευσάντων
533 3307 630 3360 οὐκ
674 3306 851 3378 ἔσχον,
893 3308 985 3362 τό·
1041 3308 1388 3365 Ἐθεάσαντω
1437 3311 1660 3366 ἐδύνατο

83 3399 218 3469 γάρ,
254 3399 408 3470 εἴπερ
434 3399 528 3452 καὶ
553 3392 699 3453 οὗτοι
725 3399 1035 3465 ἐθεάσαντο,
1065 3402 1392 3473 γεγράφθαι,
1415 3403 1497 3457 ὅτι
1517 3405 1658 3469 τινὲς

85 3489 151 3555 ἐξ
184 3489 361 3543 αὐτῶν
391 3490 631 3561 ἀπῆλθον
664 3491 799 3564 πρὸς
825 3492 950 3556 τοὺς
981 3493 1324 3565 Φαρισαίους,
1375 3495 1466 3549 καὶ
1506 3491 1660 3550 εἷπον

81 3583 274 3646 αὐτοῖς
310 3581 346 3636 ἃ
389 3583 680 3638 ἐθεάσαντο
705 3584 1061 3656 ⁴πεποιηκότα
1101 3585 1192 3639 τὸν
1255 3586 1488 3656 Ἰησοῦν·
1521 3587 1577 3659 ἢ,
1623 3587 1660 3642 ἃ

84 3672 378 3727 ἐθεάσαντο
402 3674 494 3727 καὶ
516 3673 766 3745 ἐποίησεν
791 3676 820 3728 ὁ
860 3673 1093 3747 Ἰησοῦς⁹
1124 3676 1242 3731 νυνὶ
1268 3676 1324 3730 δὲ
1355 3678 1436 3731 τό’
1478 3678 1661 3732 Ἐθεά-

87 3781 276 3830 σαντο,
311 3766 401 3819 ἐπὶ
430 3764 634 3819 τούτων
670 3767 766 3838 μὲν
790 3765 1041 3837 οὐδαμῶς
1071 3766 1316 3839 εἴρηται·
1351 3769 1443 3821 ἐπὶ
1469 3768 1526 3822 δὲ
1551 3769 1660 3824 τῶν

84 3858 516 3925 πιστευσάντων,
560 3858 752 3922 οἵτινες
791 3859 886 3913 καὶ
931 3857 1174 3922 ἐλθόντες
1211 3855 1350 3930 ἦσαν
1383 3860 1519 3931 πρὸς
1563 3859 1662 3931 τὴν

84 3949 330 4022 Μαρίαν,
379 3951 472 4004 καὶ
517 3949 904 4021 θεασάμενοιᾶ
935 3949 1188 4021 ἐποίησεν
1232 3951 1261 4003 ὁ
1307 3951 1542 4022 Ἰησοῦςο
1591 3951 1660 4005 δι’

85 4041 207 4106 οὓς,
241 4035 413 4111 οἶμαι,
454 4041 548 4094 καὶ
579 4037 699 4095 εἷπε
723 4041 787 4095 τό
811 4040 920 4113 (92)
940 4058 954 4072 ·
990 4060 1010 4093 ι
1048 4041 1206 4095 Ἀλλά
1237 4041 1327 4096 διὰ
1363 4043 1455 4097 τὸν
1504 4043 1661 4114 ὄχλον

85 4134 185 4188 τὸν
225 4129 559 4204 περιεστῶτα
602 4128 775 4202 εἶπον,
818 4135 904 4188 ἵνα
943 4133 1323 4199 πιστεύσωσιν,
1369 4135 1452 4189 δτι
1496 4136 1560 4188 σύ
1594 4153 1663 4208 με

92 4223 435 4288 ἀπέστειλας.
458 4243 478 4276 ι
517 4213 668 4296 ’Ἅμα
705 4225 761 4278 δὲ
806 4225 901 4279 καὶ
944 4226 1072 4298 περὶ
1114 4225 1305 4279 τούτου
1349 4227 1584 4298 πρόσχες
1613 4228 1663 4281 ει

88 4313 316 4370 δύνασαι
338 4315 464 4378 τοὺς
488 4315 738 4380 ἐλθόντας
763 4317 898 4387 πρὸς
925 4316 1023 4386 τὴν
1062 4317 1300 4388 Μαρίαν,
1329 4317 1426 4370 καὶ
1455 4316 1656 4372 θεασα-

96 4406 291 4477 μένους
322 4405 358 4460 ἃ
402 4407 654 4478 ἐποίησεν
684 4409 714 4460 ό
749 4405 974 4478 Ἰησοῦς,
1011 4406 1108 4459 καὶ
1149 4406 1546 4470 πιστεύσαντας
1581 4408 1663 4470 είς

95 4500 278 4565 αὐτὸν,
323 4499 514 4570 μόνους
556 4499 751 4568 λέγειν,
797 4500 893 4554 άτε
937 4499 1033 4553 καὶ
1082 4499 1308 4563 πολλοὺς
1356 4499 1534 4564 ὖντας,
1582 4500 1664 4554 ὅτι

94 4587 242 4646 οὗτοι
269 4587 404 4663 ἦσαν
431 4593 460 4645 ὁ
487 4589 789 4664 περιεστὼς
815 4591 907 4646 τὸν
944 4591 1152 4662 Ἰησοῦν
1176 4591 1350 4663 ὄχλος,
1368 4592 1437 4646 δι’
1459 4592 1518 4646 ὃν
1542 4588 1662 4646 εἷπε

97 4684 188 4737 τό·
228 4702 247 4734 ι
269 4685 466 4756 Πάτερ,
514 4683 818 4756 εὐχαριστῶ
850 4700 953 4750 σοι,
995 4685 1076 4737 ὄτι
1109 4684 1349 4755 ἤκουσάς
1378 4701 1479 4755 μου
1500 4701 1513 4714 ο
1550 4683 1662 4754 ἐγὼ

97 4777 158 4830 δὲ
200 4775 361 4846 ᾔδειν,
403 4777 485 4830 ὅτι
514 4775 745 4829 πάντοτέ
789 4793 888 4847 μου
931 4774 1167 4840 ἀκούεις.
1193 4794 1211 4828 ›
1248 4777 1312 4829 Ei
1344 4776 1452 4849 γὰρ
1488 4776 1664 4831 ταῦτα

98 4867 190 4921 διὰ
220 4867 304 4920 τὸν
332 4867 486 4938 ὄχλον
526 4867 618 4922 τὸν
663 4866 1001 4939 περιεστῶτα
1035 4862 1208 4931 εἶπεν,
1240 4867 1328 4921 ἵνα
1361 4865 1662 4920 πιστεύσω-

105 4976 211 5027 σιν,
253 4961 331 5014 ὃτι
373 4960 402 5013 ὁ
435 4959 625 5031 Πατὴρ
671 4959 834 5014 αὐτὸν
883 4959 1189 5022 ἀπέστειλε,
1231 4959 1327 5013 καὶ
1365 4959 1540 5028 λέγων
1571 4957 1660 5012 διὰ

102 5050 256 5105 τοῦτο
291 5045 462 5114 εἶπεν,
495 5051 582 5104 ἵνα
629 5050 658 5103 ὁ
705 5050 1008 5123 περιεστὼς
1043 5049 1195 5120 ὄχλος
1229 5049 1492 5120 πιστεύσῃ
1513 5066 1528 5080 ο
1561 5050 1662 5103 οὐκ

105 5142 172 5198 ἂν
199 5142 274 5209 δὲ,
320 5143 394 5216 μὴ
443 5143 823 5208 πιστεύσοντός
851 5160 995 5208 τινος
1035 5143 1093 5209 ἐξ
1123 5142 1322 5208 αὐτῶν,
1372 5141 1450 5205 τῷ
1488 5142 1663 5216 Πατρὶ

174 5305 221 5339 ⁹⁴
244 5303 396 5360 Joan.
425 5318 500 5369 xi,
523 5301 614 5358 46.
689 5301 737 5336 ³⁵
767 5300 897 5358 ibid.
925 5300 1016 5356 47.
1088 5299 1136 5333 ⁰⁶
1163 5299 1293 5356 ibid.
1319 5297 1411 5353 42.

182 5417 292 5502 (89),
316 5418 425 5471 Καὶ
455 5416 906 5483 πιστεύσαντες.
953 5415 1308 5471 Scribendum
1341 5414 1560 5471 videtur
1587 5412 1664 5488 μὴ

113 5504 511 5552 ⁴πιστεύσαντες.

179 5557 428 5628 ί90)Ὅτι
467 5557 535 5612 τὸ
594 5559 744 5613 ὅσον
789 5557 879 5628 ἐφ’
925 5556 1178 5624 ἑαυτοῖς,
1224 5565 1341 5628 etc,
1373 5553 1666 5628 Pet-suadet

113 5624 338 5685 Ferra'rii
389 5629 762 5694 interpretatio
820 5624 878 5681 ut
921 5629 998 5682 sic
1021 5624 1505 5696 lugatnus,-6creo
1541 5625 1665 5677 ὅσον

114 5701 193 5768 ἐφ’
221 5699 431 5761 ἑαυτοῖς
464 5700 584 5750 κατ’
621 5699 782 5752 αὑτοῦ
820 5700 944 5761 τοὺς
973 5695 1296 5768 Φαρισαίους
1338 5695 1432 5749 καὶ
1462 5695 1553 5748 τὸν
1603 5697 1662 5768 έν

115 5765 288 5834 αὺτοῖς
321 5769 554 5839 πονηρὸν
591 5767 750 5844 ζῆλον
794 5765 1114 5841 ἐγείροντες.
1165 5767 1342 5824 Malim
1374 5777 1570 5832 tamen,
1601 5765 1659 5820 ἐν

1753 555 1880 610 inde
1911 555 1980 610 ad
2016 553 2320 609 Pharisaeos
2363 558 2767 615 concesserant,
2799 549 3157 618 dixerantque
3187 548 3320 618 ipsis

1751 667 1871 722 quae
1899 650 2116 707 fecisset
2146 649 2326 718 Jesus,
2358 659 2540 704 essent
2566 663 2634 703 ex
2673 663 2734 703 ea
2783 647 3094 702 Iudaeorum
3134 647 3319 703 multi-

1751 747 1938 804 tudine
1972 751 2063 816 qui
2086 745 2434 802 crediderant
2459 745 2514 799 in
2553 760 2703 811 eum,
2746 746 3050 814 conspectis
3079 744 3163 799 his
3197 758 3319 814 que

1750 846 1988 912 fecisset,
2038 847 2142 901 hoc
2197 853 2433 914 agentes,
2472 853 2531 898 ut
2579 845 2744 898 etiam
2772 857 2866 898 eos
2910 841 3192 897 ﬂecterent
3225 842 3317 910 qui

1753 940 1932 995 hostili
1964 940 2144 994 animo
2173 954 2302 1007 erga
2335 937 2522 992 Jesum
2573 945 2730 990 erant
2769 933 2944 990 allecti
2967 976 2982 1001 ,
3009 935 3320 991 nuntiantes

1751 1048 1872 1103 quae
1895 1033 2100 1087 Lazaro
2125 1031 2471 1097 evenissent;
2505 1044 2574 1083 an
2605 1028 2717 1092 alii,
2737 1037 2937 1098 praeter
2972 1027 3092 1082 illos
3122 1027 3322 1084 multos

1750 1135 1842 1206 qui
1872 1135 2252 1197 crediderant,
2284 1147 2385 1187 ceu
2431 1130 2578 1187 edito
2618 1129 2879 1184 miraculo
2912 1143 3018 1182 non
3067 1127 3197 1182 moti
3251 1126 3318 1182 ad

1750 1233 2076 1289 credendum
2119 1231 2170 1285 in
2205 1229 2388 1284 Jesum
2417 1245 2432 1295 ;
2463 1227 2572 1281 imo
2619 1226 2821 1296 potius,
2865 1231 3122 1292 quantum
3155 1223 3206 1276 in
3235 1237 3322 1276 se-

1751 1322 1884 1394 ipsis
1901 1330 2037 1388 erat,
2054 1322 2360 1377 Pharisaeos
2391 1329 2556 1387 atque
2595 1317 2771 1370 zelum
2813 1314 3013 1368 malum
3041 1313 3094 1366 in
3124 1311 3321 1381 seipsis

1750 1415 2097 1471 exsistentem
2146 1412 2448 1467 excitantes
2481 1417 2669 1463 contra
2713 1406 2914 1468 Jesum,
2957 1418 3054 1474 per
3093 1417 3157 1456 ea
3201 1417 3323 1471 qua:

1750 1515 1816 1570 de
1841 1514 2050 1568 Lazaro
2077 1510 2431 1576 nuntiabant;
2476 1508 2530 1564 id
2568 1509 2710 1578 quod
2743 1505 2957 1560 videtur
2989 1503 3159 1573 magis
3188 1501 3318 1556 mihi

1749 1613 2056 1682 significare
2083 1611 2319 1666 voluisse
2354 1607 2714 1678 evangelista.
2745 1604 3008 1672 Quocirca
3053 1601 3324 1672 subjungi-

1751 1718 1839 1762 tur
1860 1707 1905 1739 θ’
1936 1725 1950 1761 :
1988 1724 2008 1758 ι
2037 1705 2383 1775 Collegerunt
2415 1703 2578 1773 igitur
2601 1699 2882 1771 pontiﬁces
2902 1708 2957 1753 et
2979 1697 3263 1763 Pharisaei,
3293 1715 3316 1749 ι

1752 1811 1808 1857 et
1852 1815 1974 1870 qua:
2006 1810 2328 1868 sequuntur;
2368 1793 2561 1849 Multos
2613 1793 2778 1864 igitur
2819 1792 3022 1858 dicens,
3055 1790 3321 1846 intellexit

1751 1904 1845 1945 eos
1871 1888 1987 1958 qui,
2016 1889 2323 1957 conspectis
2365 1887 2450 1940 his
2478 1899 2600 1956 quae
2627 1883 2770 1937 circa
2821 1882 3087 1937 Lazarum
3113 1889 3319 1951 egerat,

1750 1983 2130 2046 crediderant,
2191 1977 2641 2050 quemadmodum
2700 1977 2984 2046 pauciores
3015 1975 3150 2029 dixit
3201 1987 3324 2029 esse

1751 2074 1841 2144 qui
1877 2071 2184 2142 huiusmodi
2215 2087 2319 2125 non
2339 2078 2545 2135 essent,
2579 2069 2798 2124 dicens:
2835 2087 2853 2119 ι
2882 2067 3107 2135 Quidam
3142 2080 3320 2121 autem

1750 2182 1815 2220 et
1846 2165 1977 2236 ipsis
2007 2164 2279 2229 abierunt,
2307 2182 2326 2216 ι
2369 2171 2424 2217 et
2444 2177 2566 2232 quae
2608 2172 2926 2231 sequuntur.
2955 2159 3166 2214 Adhibe
3192 2173 3324 2212 vero

1752 2257 1991 2311 animum
2026 2256 2112 2310 his
2161 2256 2324 2309 etiam
2374 2269 2496 2323 qua:
2533 2253 2776 2308 dicturus
2821 2267 2973 2315 sum;
3023 2264 3215 2320 nempe
3253 2265 3320 2303 an

1753 2349 1817 2403 ad
1869 2349 2027 2416 hujus
2064 2346 2505 2418 approbationem
2555 2359 2772 2425 movere
2812 2359 2912 2399 nos
2954 2344 3149 2413 possit,
3179 2343 3322 2413 quod

1753 2443 1957 2498 dictum
2005 2455 2112 2495 non
2149 2439 2360 2494 fuerit:
2388 2436 2538 2492 Multi
2571 2437 2735 2508 igitur
2763 2451 2830 2490 ex
2863 2435 3086 2502 Judaais,
3130 2449 3325 2504 nempe

1755 2534 1811 2588 bi
1849 2533 1940 2605 qui
1968 2541 2232 2588 venerant
2270 2531 2337 2585 ad
2366 2530 2613 2596 Mariam,
2645 2539 2699 2584 et
2732 2529 2979 2583 viderant
3005 2541 3125 2596 quae
3159 2525 3324 2581 fecis-

1753 2635 1835 2682 set
1881 2625 2060 2692 Jesus,
2099 2625 2447 2680 crediderunt
2473 2622 2526 2676 in
2563 2621 2724 2686 eum;
2755 2620 2848 2674 sed
2891 2619 3152 2688 scriptum
3194 2618 3268 2672 sit
3305 2633 3321 2669 :

1759 2737 1778 2770 ι
1816 2717 1966 2772 Multi
1995 2717 2160 2786 igitur
2198 2730 2267 2770 ex
2311 2714 2417 2770 illis
2448 2712 2648 2768 Judaais
2691 2712 2783 2782 qui
2823 2719 3088 2765 venerant
3117 2709 3184 2762 ad
3210 2707 3325 2762 Ma-

1755 2811 1918 2876 riam,
1955 2817 2010 2865 et
2040 2809 2294 2863 viderant
2341 2822 2462 2876 quae
2514 2806 2736 2862 fecisset
2763 2803 2941 2868 Jesus,
2981 2802 3326 2858 crediderunt

1754 2903 1808 2958 in
1837 2915 2012 2957 eum.)
2040 2900 2259 2955 Moveor
2283 2899 2578 2968 praesertim
2597 2898 2668 2953 ob
2686 2896 2851 2967 382
2881 2909 3177 2965 anagogen,
3198 2907 3326 2946 num

1754 2995 1894 3051 forte
1918 3009 2106 3050 omnes
2154 2991 2225 3066 [οἱ
2269 2992 2616 3062 θεασάμενοι,
2659 2988 2901 3044 τουτέστι
2931 2988 3328 3060 θεωρήσαντες,

1756 3087 1851 3142 καὶ
1878 3085 2147 3149 συνιέντες
2169 3126 2185 3153 ,
2217 3086 2317 3140 hoc
2349 3083 2457 3156 est]
2487 3084 2578 3152 qui
2606 3083 2852 3138 viderant
2881 3091 2938 3136 ct
2981 3075 3329 3147 contemplati

1761 3183 2000 3245 fuerant,
2022 3188 2076 3233 et
2107 3176 2492 3232 intellexerant
2513 3191 2633 3246 qua:
2651 3171 3059 3236 fecissetlesns,
3079 3169 3330 3225 credide-

1759 3275 1869 3330 rint
1896 3274 1948 3327 in
1975 3287 2119 3335 eum,
2141 3285 2265 3325 cum
2287 3277 2476 3324 contra
2505 3267 2573 3322 de
2595 3267 2680 3322 liis
2698 3266 2788 3336 qui
2816 3265 3068 3320 abierunt
3095 3262 3162 3318 ad
3187 3260 3331 3316 Pha-

1759 3366 2032 3430 risaeos,et
2061 3363 2315 3418 dixerunt
2340 3361 2446 3415 illis
2478 3375 2600 3430 quae
2618 3356 3021 3422 fecissetlesus,
3045 3372 3152 3412 non
3178 3356 3331 3410 dica-

1761 3467 1848 3513 tu-r
1869 3457 2011 3527 quod
2049 3453 2289 3510 viderint
2314 3460 2370 3506 et
2394 3449 2740 3520 contemplati
2767 3448 2987 3504 fuerint.
3008 3447 3073 3502 Et
3097 3447 3332 3501 fortasse

1758 3549 1884 3620 quia
1925 3547 2072 3602 laudi
2118 3547 2278 3601 datur
2324 3544 2411 3599 his
2443 3543 2536 3614 qui
2586 3540 2958 3605 crediderunt,
3006 3538 3329 3594 vocabulum

1757 3639 1975 3696 videndi
2007 3652 2103 3694 seu
2138 3634 2563 3706 contemplandi,
2593 3632 2647 3687 hi
2686 3632 2778 3701 qui
2823 3628 3159 3685 abieruntad
3191 3627 3332 3681 Plia-

1761 3735 1967 3799 risaaos,
2007 3747 2112 3787 non
2137 3731 2338 3785 habent
2369 3726 2688 3782 vocabulum
2720 3723 2935 3779 videndi
2964 3736 3058 3777 seu
3090 3729 3334 3776 contem-

1757 3824 1962 3898 plandi.
2000 3820 2443 3891 Quandoquidem
2474 3819 2519 3874 si
2558 3819 2722 3873 etiam
2761 3815 2818 3871 hi
2847 3814 2939 3885 qui
2979 3814 3032 3868 in
3063 3827 3185 3867 eum
3213 3825 3334 3865 cre-

1760 3914 2032 3980 diderunt,
2054 3909 2403 3980 contemplati
2436 3909 2688 3972 fuissent,
2704 3906 2968 3975 scriptum
3001 3913 3147 3960 esset
3169 3916 3334 3972 quos-

1760 4008 1882 4064 dam
1912 4021 1977 4062 ex
2013 4006 2097 4061 his
2146 4004 2214 4059 ad
2267 4001 2568 4057 Pliarisaaos
2612 3997 2951 4055 concessisse
2973 4036 2990 4062 ,
3024 3994 3335 4062 dixisseque

1760 4099 1891 4171 ipsis
1917 4114 2036 4169 quae
2067 4095 2414 4166 contemplati
2446 4094 2670 4149 fuissent
2710 4090 2906 4146 fecisse
2925 4087 3131 4156 Jesum,
3159 4087 3246 4141 vel
3274 4099 3336 4141 se

1761 4189 2157 4259 contemplatos
2207 4187 2377 4243 fuisse
2415 4187 2560 4256 quod
2601 4183 3036 4240 fecissetJesus:
3071 4193 3214 4234 nunc
3237 4191 3338 4232 au-

1764 4290 1871 4342 tem
1899 4279 2217 4335 vocabulum
2244 4276 2646 4344 contemplandi
2681 4275 3102 4342 haudquaquam
3129 4271 3334 4325 dictum

1761 4383 1844 4430 est
1867 4375 1934 4428 de
1957 4373 2129 4438 hisce,
2153 4371 2246 4427 sed
2279 4372 2345 4426 de
2381 4371 2464 4424 bis
2489 4369 2581 4442 qui
2605 4369 2968 4431 crediderant,
2991 4373 3043 4418 ct
3072 4369 3340 4419 venerant

1694 4504 1741 4560 Β
1768 4466 1928 4522 etiam
1955 4465 2022 4518 ad
2050 4463 2298 4524 Mariam,
2334 4471 2390 4517 et
2429 4461 2679 4516 viderant
2708 4474 2828 4529 quae
2865 4457 3082 4513 fecisset
3119 4453 3276 4509 Jesus
3313 4467 3333 4518 ;

1769 4567 1990 4626 propter
2008 4569 2147 4626 quos
2168 4553 2332 4608 etiam
2362 4551 2556 4622 opinor
2585 4565 2711 4604 eum
2741 4549 2944 4603 dixisse
2974 4564 2988 4598 :
3016 4564 3034 4598 ι
3070 4545 3176 4599 Sed
3209 4557 3337 4612 pro-

1767 4661 1888 4723 pter
1917 4651 2358 4706 circumstantem
2407 4647 2621 4700 turbam
2655 4643 2788 4710 dixi,
2825 4651 2883 4696 ut
2921 4642 3145 4696 credant
3190 4638 3337 4711 quod

1772 4753 1830 4798 tu
1863 4757 1948 4798 me
1975 4743 2193 4798 miseris
2216 4741 2284 4798 ".
2329 4760 2348 4794 ι
2391 4739 2602 4794 Pariter
2629 4738 2797 4792 etiam
2835 4736 2939 4790 huc
2967 4743 3203 4789 mentem
3239 4730 3338 4785 ad-

1768 4835 1918 4898 bibe,
1949 4851 2078 4890 num
2108 4834 2284 4906 possis
2308 4850 2402 4889 eos
2424 4832 2574 4888 solos
2597 4832 2688 4901 qui
2723 4830 2789 4884 ad
2811 4827 3033 4882 Mariam
3064 4822 3336 4886 venerint,

1768 4927 1969 4998 quique
1996 4926 2347 4998 contemplati
2379 4925 2585 4980 fuerint
2611 4939 2730 4994 quae
2756 4922 2971 4978 fecisset
3000 4918 3176 4985 Jesus,
3211 4915 3335 4985 qui-

1766 5051 1874 5106 que
1905 5037 1960 5091 in
1987 5036 2159 5106 ipsum
2191 5033 2746 5098 crediderint,dicere
2777 5028 2924 5101 (quia
2955 5024 3108 5080 multi
3130 5019 3337 5086 essent)

1769 5141 1938 5197 fuisse
1971 5139 2183 5195 turbam
2216 5137 2420 5194 circum
2460 5135 2644 5200 Jesum
2684 5143 2956 5196 stantem;
2991 5128 3143 5197 cujus
3169 5139 3334 5181 causa

1774 5412 1978 5472 αὐτοῖς.
2001 5407 2262 5463 HUETIUS.
2907 5465 2920 5475 ,
3108 5461 3149 5475 ,κ
3227 5463 3239 5475 .

1771 5461 1960 5553 -"(9i3
1991 5461 2172 5553 codex
2192 5461 2546 5539 Bodleianus,
2570 5482 2737 5538 recte,
2777 5465 3079 5528 συνιέντες
3108 5461 3331 5532 Regius,

1772 5548 1950 5614 male,
1962 5548 2239 5612 συνέντας.
2845 5603 2872 5614 ,
3015 5607 3028 5614 ,
3111 5605 3145 5614 ..
3229 5605 3238 5613 .

1849 5603 1964 5691 (92')
1997 5620 2176 5675 Codex
2200 5603 2577 5691 'Bodleianus,
2607 5622 2774 5680 recte,
2819 5603 2940 5662 εἷπε
2970 5607 3032 5661 τό
3054 5623 3067 5637 ·
3108 5605 3334 5672 Regius,

1772 5688 2044 5762 corrupte,
2083 5692 2129 5743 εί
2156 5691 2282 5762 περὶ
2301 5688 2380 5742 τό.
