3688 6146
422 353 524 411 703

1891 341 2215 399 ORIGENIS
3241 334 3245 338 ’
3521 357 3591 415 7n

416 469 554 525 dixit
588 467 719 523 illud
761 483 776 521 :
816 484 835 519 ι
872 463 1053 530 Pater,
1085 465 1292 536 gratias
1323 479 1425 535 ago
1452 464 1576 530 tibi,
1605 464 1861 534 quoniam
1889 480 1966 519 aut

2091 465 2297 533 ἔλεγεν,
2328 464 2404 527 ὡς
2435 462 2492 518 εῐ
2514 482 2598 529 τις
2625 465 2732 519 τῶν
2766 465 2828 520 τὸ
2859 467 3053 539 μέλλον
3093 467 3419 539 ἀγνοούντων
3441 470 3593 546 ἀνθρὼ-

416 562 547 617 d'isti
588 574 674 615 me
702 572 720 625 ',
745 572 845 629 ego
874 567 1061 613 autem
1092 555 1332 613 sciebam
1362 556 1506 636 quod
1527 571 1741 626 semper
1774 571 1861 611 me
1884 572 1983 611 au-

416 655 521 710 dis.
557 673 576 707 :
611 652 745 708 Nam
777 652 824 707 si
856 651 972 708 haec
999 650 1136 705 dixit
1169 651 1338 706 turbae
1374 650 1778 706 circumstantis
1803 663 1989 714 causa,

414 757 478 803 ut
502 746 789 802 crederent
815 743 961 813 quod
1007 742 1169 797 Pater
1205 741 1352 797 illum
1399 740 1654 807 misisset,
1689 749 1742 794 et
1767 747 1989 810 prepter

417 841 524 897 hoc
547 841 774 910 loquens
795 838 931 892 dixit
952 845 1013 890 ut
1029 836 1186 891 turba
1207 834 1572 889 circumstans
1590 832 1984 895 credat,haud-

417 944 692 1001 quaquam
722 929 788 983 ad
811 926 1027 983 Patrem
1053 925 1329 980 locuturus
1359 922 1556 987 fuerat,
1575 922 1798 993 perinde
1826 931 1990 991 atque

413 1024 612 1093 aliquis
644 1022 804 1075 homo
836 1019 1138 1075 futurorum
1171 1018 1410 1087 ignarus,
1433 1017 1476 1070 si
1523 1015 1766 1069 futurum
1797 1021 1913 1068 erat
1934 1020 1995 1067 ut

2091 572 2210 609 πων
2231 555 2366 626 (95)·
2392 574 2411 606 r
2437 555 2595 609 Ἀλλὰ
2611 556 2698 611 διὰ
2716 558 2808 612 τὸν
2834 557 2987 630 ὄχλον
3008 561 3097 615 τὸν
3123 561 3450 633 περιεστῶτα
3476 560 3595 633 εἶτον,

2091 646 2179 703 τνα
2211 646 2596 713 πιστεύσωσιν,
2629 649 2710 702 ὅτι
2745 650 2809 703 σύ
2846 668 2915 722 με
2943 652 3300 716 ἀπέστειλαςο
3325 673 3343 705 ι
3379 656 3545 727 μήποτε
3565 664 3598 715 ot

2091 741 2337 806 ἐλθόντες
2364 743 2500 814 πρὸς
2520 742 2616 815 τὴν
2632 743 2871 814 Μαρίαν,
2894 745 2987 798 καὶ
3014 745 3392 817 θεασάμενοιᾶ
3418 750 3598 822 ἐποίησε,

2091 833 2187 886 καὶ
2215 832 2603 898 πιστεύσαντες
2633 835 2712 898 εἰς
2737 833 2920 901 αὑτὸν,
2956 836 3106 907 μόνοι
3136 832 3280 908 ἦσαν
3312 839 3341 891 6
3370 840 3600 907 πἐριεστιές

2091 923 2182 978 τὸν
2236 924 2446 996 Ἰησοῦν
2487 924 2673 996 ὄχλοςσ
2704 927 2755 980 oi
2790 926 2848 981 δὲ
2896 926 3073 981 λοιποὶ
3124 928 3252 982 οὔτε
3298 928 3601 988 ἐθεάσαντοᾶ

2092 1012 2369 1085 ἐποίησεν,
2395 1013 2519 1068 οὔτε
2546 1018 3019 1090 περιειστήκεισαν
3046 1019 3235 1076 αὐτόν.
3576 1016 3585 1027 ’

415 1113 610 1183 aliquis
634 1128 700 1168 ex
727 1112 856 1180 ipsis
889 1126 994 1166 non
1022 1110 1271 1165 crederet
1296 1126 1310 1164 :
1338 1128 1357 1161 ι
1393 1106 1498 1163 Sed
1532 1117 1752 1178 propter
1787 1105 1995 1160 turbam
2020 1103 2465 1162 circumstantem
2496 1107 2632 1172 dixi,
2662 1116 2724 1163 ut
2755 1109 2979 1164 credant
3001 1111 3145 1181 quod
3177 1118 3237 1164 tu
3272 1125 3359 1167 me
3389 1112 3600 1169 misisti.»

414 1207 650 1262 Proinde
690 1207 813 1260 vide
862 1220 930 1261 ne
976 1203 1118 1259 forte
1164 1203 1259 1274 qui
1313 1210 1581 1257 venerant
1626 1201 1692 1254 ad
1742 1197 2008 1262 Mariam,
2061 1206 2117 1252 et
2159 1199 2510 1269 contemplati
2553 1199 2770 1256 fuerant
2807 1216 2928 1272 qua:
2964 1203 3199 1269 fecerat,
3235 1212 3292 1259 et
3332 1205 3603 1263 crediderant

415 1299 468 1353 in
502 1313 659 1363 eum,
700 1297 798 1352 soli
833 1298 942 1353 sint
986 1295 1140 1350 turba
1182 1296 1545 1350 circumstans
1576 1292 1793 1360 Jesum;
1826 1299 2052 1346 cancros
2077 1305 2209 1347 vero
2234 1306 2423 1363 neque
2449 1293 2844 1365 contemplatos
2882 1294 3052 1352 fuisse
3091 1311 3217 1368 qua
3261 1296 3457 1354 fecerat
3477 1296 3601 1365 Iesus,

413 1408 589 1460 neque
624 1393 770 1447 circa
806 1407 928 1446 eum
962 1392 1202 1447 stetisse.

489 1486 572 1539 ll.
611 1503 629 1536 ι
664 1486 1005 1554 Collegerunt
1035 1500 1164 1555 ergo
1198 1486 1481 1555 pontifices
1503 1472 1837 1542 et-Pharisai
1858 1501 1988 1542 con-

412 1574 618 1639 cilium,
652 1591 715 1631 ac
741 1577 994 1631 dicebant
1024 1594 1039 1630 :
1068 1577 1207 1645 Quid
1244 1578 1472 1633 facimus
1492 1618 1508 1644 ,
1536 1580 1663 1649 quia
1694 1579 1784 1636 hic
1821 1580 1984 1635 homo

414 1667 578 1720 multa
605 1668 756 1738 signa
788 1669 943 1722 edit?
975 1668 1032 1724 Si
1072 1671 1481 1740 pcrmiserimus
1510 1686 1634 1727 eum
1666 1672 1768 1738 sic,
1789 1687 1982 1729 omnes

2167 1482 2254 1536 11.
2291 1501 2311 1534 ι
2338 1482 2650 1554 Συνήγαγον
2678 1476 2773 1538 οὗν
2801 1485 2851 1538 οἱ
2880 1485 3157 1557 ἀρχιερεῖς
3189 1482 3287 1539 καὶ¹
3315 1486 3362 1538 οἱ
3386 1486 3603 1557 Φαρισαῖοι

2093 1572 2384 1644 συνέδριον,
2427 1572 2520 1626 καὶ
2547 1573 2763 1643 ἔλεγον·
2798 1575 2863 1627 Τί
2896 1575 3175 1646 ποιούμεν,
3213 1575 3297 1628 ὅτι
3329 1568 3467 1639 οὗτος
3492 1579 3515 1630 6
3542 1578 3603 1630 ἂν-

2089 1664 2306 1737 θρωπος
2358 1666 2530 1722 πολλὰ
2579 1672 2724 1722 ποιεί
2775 1671 3010 1741 σημεῖα;
3069 1670 3196 1723 Ἐὰν
3238 1667 3457 1741 ἀφῶμεν
3490 1671 3603 1727 αὑτὸν

409 1760 634 1814 credent
667 1761 718 1814 in
745 1776 906 1829 eum;
941 1763 1267 1832 venientqne
1299 1763 1552 1839 Romani,
1571 1775 1624 1819 et
1652 1765 1841 1820 tollent
1875 1776 1966 1821 tun

2087 1759 2252 1823 οὕτω,
2285 1758 2487 1824 πάντες
2512 1760 2892 1815 πιστεύσουσιν
2918 1763 2998 1826 είς
3021 1763 3182 1815 αὐτόν
3199 1780 3213 1793 ·
3241 1763 3338 1816 καὶ
3359 1763 3602 1817 ἐλεύσονται

411 1851 584 1907 locum
621 1863 890 1921 nostrum,
923 1868 1033 1911 tum
1082 1870 1294 1929 gentem
1318 1861 1385 1915 ’⁷.
1427 1879 1446 1912 ι
1489 1859 1641 1926 Quod
1688 1859 1885 1915 attinet
1914 1861 1982 1914 ad

409 1956 745 2014 contextum,
790 1949 1048 2003 Pharisaei
1081 1959 1135 2004 et
1186 1952 1466 2021 pontifices
1498 1953 1753 2007 videbant
1786 1952 1984 2007 facilli-

298 2068 301 2071 -
409 2049 557 2088 mum
596 2035 740 2091 factu
776 2053 915 2103 esse,
953 2049 1009 2091 ut
1037 2041 1105 2093 oh
1148 2043 1573 2110 magnitudinem
1607 2044 1979 2113 prodigiorum

407 2140 473 2180 ac
520 2128 780 2182 virtutum
813 2145 951 2198 quas
1002 2131 1218 2186 fecisset
1260 2133 1440 2201 Jesns,
1477 2145 1623 2190 totus
1668 2135 1981 2191 Iudaeorum

408 2219 639 2287 populus
668 2219 829 2290 383
864 2224 1239 2278 traduceretur
1279 2226 1346 2279 ad
1381 2227 1710 2282 credendqu
1738 2228 1792 2283 in
1830 2244 1979 2297 eum,

407 2316 458 2360 et
492 2311 772 2365 traductus
801 2312 1104 2381 despiceret
1151 2314 1353 2369 cultum
1407 2307 1551 2371 illius
1588 2317 1692 2374 loci
1725 2334 1981 2388 corpora-

407 2398 537 2462 lem,
568 2410 677 2454 tum
728 2400 1053 2470 Leviticum,
1086 2416 1198 2459 tum
1244 2408 1642 2465 sacerdotalem
1677 2427 1694 2477 ;
1732 2413 1870 2466 adeo
1923 2419 1983 2467 ut

407 2502 494 2542 res
544 2489 913 2557 hujuscemodi
967 2504 1263 2564 prretextus
1304 2496 1479 2563 fieret,
1521 2501 1649 2568 quia
1692 2516 1798 2555 non
1833 2501 1982 2557 fove-

409 2587 525 2632 rent
553 2579 722 2637 Judzei
753 2584 952 2650 locum,
988 2597 1045 2640 ut
1078 2587 1307 2643 Romani
1345 2589 1628 2659 baberent,
1661 2608 1823 2648 causa
1852 2594 1978 2649 Ser-

403 2675 631 2740 vatoris,
688 2686 798 2731 tum
858 2677 1033 2733 locum
1070 2681 1297 2747 dictum,
1334 2685 1478 2752 quod
1518 2687 1585 2739 ab
1619 2685 1728 2742 illis
1755 2687 1974 2757 plurimi

405 2761 588 2830 fiebat,
641 2775 749 2820 tum
804 2781 1018 2836 gentem
1066 2771 1374 2828 Judazorum
1429 2784 1638 2843 totam,
1676 2780 1975 2834 nolentiqu

399 2856 622 2911 omnino
653 2872 873 2914 servare
917 2861 1341 2933 confessionem,
1377 2870 1521 2937 quod
1568 2880 1751 2924 essent
1800 2869 1973 2927 Judaei

400 2945 523 3012 ipsi.
577 2947 778 3002 Deinde
829 2953 1087 3018 quoniam
1127 2954 1333 3009 cultum
1374 2957 1721 3024 divinum,et
1768 2960 1968 3028 locum,

400 3048 455 3091 et
512 3041 686 3109 gentis
732 3042 1130 3100 multitudinem
1171 3048 1423 3104 omnibus
1450 3049 1828 3119 praeferebant,
1855 3069 1973 3123 qua:

399 3144 508 3197 pra:
539 3130 621 3185 his
651 3131 869 3200 majoris
913 3151 1033 3190 esse
1076 3142 1333 3194 momenti
1387 3142 1791 3211 censebantur;
1829 3146 1970 3201 hanc
1996 3125 2043 3188 ο

398 3220 471 3275 ob
504 3237 721 3276 causam
750 3226 1035 3282 consilium
1067 3232 1274 3298 agitant
1317 3243 1505 3289 contra
1539 3233 1745 3302 Jesum,
1785 3253 1852 3293 ne
1892 3220 1968 3295 si-

400 3318 533 3364 nant
584 3326 704 3365 eum
743 3315 957 3373 ,vivere.
1016 3317 1374 3391 Arbitrorque
1427 3339 1521 3379 eos
1583 3328 1744 3381 simili
1806 3329 1968 3385 modo

400 3401 636 3467 dixisse,
672 3423 690 3455 ι
718 3405 806 3461 hic
854 3407 1058 3478 homo,
1104 3430 1124 3464 ι
1158 3422 1415 3483 tanquam
1463 3418 1530 3472 ad
1584 3422 1967 3477 destruendam

398 3491 620 3583 gloriam
644 3493 793 3564 ejus;
828 3512 927 3553 nec
955 3501 1098 3555 enim
1123 3507 1423 3562 credebant
1455 3507 1540 3563 his
1570 3526 1690 3579 quae
1721 3515 1968 3583 superius

397 3581 624 3649 dixerat,
656 3603 850 3659 nempe
877 3593 1018 3659 quod
1046 3605 1188 3650 esset
1229 3597 1346 3667 ipse
1373 3598 1536 3665 Deus,
1568 3617 1692 3657 cum
1725 3581 1967 3675 lapidare

395 3687 518 3728 eum
547 3676 851 3743 voluerunt,
883 3691 1138 3753 tanquam
1190 3701 1287 3754 pro
1316 3689 1652 3759 blasphemia
1678 3711 1692 3760 ;
1725 3695 1966 3752 dicentes

396 3763 471 3820 illi
505 3783 520 3820 :
563 3786 582 3820 ι
616 3767 694 3823 Tu
733 3772 893 3827 homo
919 3791 1038 3829 eum
1073 3778 1167 3841 sis,
1202 3780 1339 3835 facis
1389 3782 1619 3853 teipsum
1647 3784 1812 3841 Deum
1839 3788 1917 3854 ";
1939 3809 1959 3843 ι

394 3860 610 3924 quando
656 3864 818 3917 etiam
877 3883 972 3920 sua
1028 3870 1362 3940 benignitate
1418 3878 1964 3943 respondit,docens

388 3961 605 4003 omnem
641 3953 706 4006 ad
735 3968 894 4022 quem
927 3972 1105 4013 sermo
1142 3963 1232 4015 Dei
1273 3962 1447 4021 factus
1479 3977 1583 4031 est,
1602 3968 1705 4024 dici
1740 3970 1904 4027 Deum
1930 3988 1960 4028 a

391 4036 692 4103 Deo;cnm
742 4058 847 4100 non
885 4048 1063 4102 valeat
1104 4052 1237 4108 solvi
1284 4058 1367 4111 vel
1410 4056 1629 4114 dissolvi
1680 4059 1962 4132 Scriptura

389 4131 705 4200 prophetica
738 4150 858 4203 qua:
892 4139 1019 4194 hoc‘
1046 4147 1313 4201 enuntiat.
1355 4147 1506 4205 Licet
1556 4153 1721 4207 etiam
1772 4131 1839 4210 ex
1874 4157 1962 4213 bis

389 4235 506 4286 qua:
553 4221 809 4280 Pharisaei
859 4238 915 4282 et
963 4233 1246 4300 pontifices
1282 4236 1574 4307 dixerunt,
1607 4245 1961 4303 considerare

386 4310 597 4366 illorum
629 4328 870 4385 apertam
905 4325 1191 4394 malitiam,
1232 4340 1286 4383 et
1308 4346 1539 4399 caecam;
1571 4346 1813 4405 apertam
1834 4339 1958 4408 qui-

2081 1853 2131 1904 οί
2176 1853 2458 1923 Ῥωμαῖοι,
2486 1852 2581 1906 καὶ
2607 1853 2834 1924 ἀροῦσιν
2863 1854 3017 1925 ήμῶν
3046 1854 3141 1907 καὶ
3164 1855 3259 1909 τὸν
3280 1855 3456 1919 τόπον,
3478 1857 3550 1909 καὶ
3565 1858 3602 1909 τὸ

2080 1942 2250 2007 ἔθνος.
2279 1961 2298 1994 ι
2347 1944 2436 2008 Ὠς
2470 1943 2606 2014 1:96;
2626 1944 2687 1997 τὸ
2714 1944 2877 2016 ῥητὸν
2897 1947 2944 1998 oi
2969 1946 3255 2017 Φαρισαῖοι
3288 1946 3383 1999 καὶ
3403 1949 3448 1999 οἰ
3473 1948 3604 2018 ἀρχιε-

2083 2035 2196 2104 ρεῖς
2226 2033 2432 2104 ἐώρων,
2478 2035 2560 2086 ὅτι
2606 2033 2695 2087 διὰ
2736 2034 2798 2088 τὺ
2846 2034 3075 2106 μέγεθος
3104 2029 3178 2090 ὧν
3216 2039 3514 2110 ἐπεποιήκει
3542 2056 3602 2091 τε·

2082 2124 2318 2195 ραστίων
2366 2125 2460 2177 καὶ
2501 2124 2786 2196 δυνάμεων
2827 2124 2938 2197 (94)
2989 2128 3018 2179 6
3080 2127 3312 2197 Ἰησοῦς,
3345 2129 3538 2182 δυνατὸν
3558 2123 3603 2199 ἦν

2080 2218 2175 2270 καὶ
2204 2217 2380 2271 πάντα
2419 2216 2511 2270 τὸν
2541 2217 2670 2271 λαὸν
2713 2218 2805 2271 τὸν
2853 2219 3104 2272 Ἰουδαῖον
3145 2220 3451 2291 ὑπαχθῆναι
3472 2223 3526 2291 τῇ
3550 2224 3602 2286 εἱς

2079 2308 2247 2373 αὐτὸν,
2278 2308 2478 2372 πίστει,
2515 2307 2825 2379 ὑπαχθέντα
2847 2308 2903 2363 δὲ
2927 2309 3341 2381 καταφρονῆσαι
3378 2312 3467 2381 τῆς
3485 2313 3530 2364 ἐν
3551 2310 3603 2382 τῷ

2077 2400 2228 2470 τόπῳ
2259 2399 2580 2472 σωματικῆς
2607 2401 2917 2472 Λευῖτικῆς,
2944 2403 3039 2455 καὶ
3066 2403 3355 2475 ἱερατικῆς
3382 2403 3599 2475 λατρείας

2076 2490 2206 2547 ὥστ’
2242 2490 2309 2545 ἂν
2340 2493 2611 2564 πρόφασιν
2644 2493 2706 2546 τὸ
2738 2494 2978 2549 τοιοῦτον
3006 2494 3263 2564 γενέσθαι
3307 2496 3417 2563 τοῦ,
3452 2497 3531 2551 ἆτε
3553 2498 3601 2569 μὴ

2078 2583 2450 2656 περιεπόντων
2488 2585 2756 2639 Ἰουδαίων
2781 2587 2873 2641 τὸν
2898 2586 3081 2651 τόπον,
3120 2587 3415 2659 Ῥωμαίοις
3439 2589 3526 2643 ὑπὸ
3540 2588 3602 2643 τοῦ

2076 2675 2328 2747 Σωτῆρος
2350 2674 2627 2746 γενέσθαι,
2652 2679 2746 2731 καὶ
2775 2678 2864 2734 τὸν
2895 2678 3250 2751 νομιζόμενον
3277 2683 3405 2752 παρ’
3430 2681 3604 2746 ἐκείνοις

2074 2766 2362 2838 εἰρημένον
2400 2767 2585 2832 τόπον,
2642 2769 2739 2823 καὶ
2770 2771 2879 2824 πᾶν
2920 2770 2981 2823 τὸ
3024 2770 3176 2835 ἔθνος
3237 2771 3511 2836 Ἰουδαίων,
3535 2772 3604 2824 οὐκ

2075 2860 2167 2913 ἐπὶ
2190 2861 2354 2914 παντὶ
2373 2861 2560 2934 τρόπῳ
2580 2865 2768 2934 τηρεῖν
2802 2863 3089 2918 ἐθελόντων
3113 2866 3212 2937 τὴν
3239 2866 3370 2935 περὶ
3390 2864 3476 2918 τοῦ
3512 2865 3605 2916 1w-

2071 2954 2258 3018 δαίους
2288 2957 2514 3019 ἑαυτοὺς
2546 2951 2688 3009 εἶναι
2718 2956 3028 3028 ὁμολογίαν.
3070 2952 3181 3009 Εἶτ’
3216 2958 3343 3010 ἐπεὶ
3385 2956 3486 3028 (9'5)
3510 2954 3604 3009 παν-

2072 3063 2181 3101 των
2210 3044 2536 3120 προέκρινον
2561 3048 2657 3120 τὴν
2684 3048 2962 3119 λατρείαν,
2996 3049 3089 3101 καί¹
3110 3048 3202 3101 τὸν
3225 3048 3411 3116 τόπον,
3436 3048 3518 3101 καὶ

2071 3138 2166 3193 τοῦ
2191 3138 2374 3202 ἔθνους
2396 3141 2675 3206 σύστασιν,
2690 3140 2798 3193 τῶν
2827 3139 3187 3211 νομισθέντων
3213 3140 3285 3194 ἂν
3308 3137 3438 3195 εἶναι
3461 3156 3602 3214 κρειτ-

2073 3230 2246 3284 τόνων
2288 3230 2441 3303 παρὰ
2487 3230 2687 3284 ταῦτα·
2736 3229 2826 3284 διὰ
2861 3230 3019 3284 τοῦτο
3065 3230 3332 3285 σκοποῦσι
3376 3230 3505 3284 κατὰ
3535 3228 3601 3283 τοῦ

2084 3323 2280 3392 Ἰησοῦ,
2303 3324 2391 3376 ἴνα
2419 3323 2581 3376 αὑτὸν
2608 3322 2680 3394 μὴ
2711 3323 2913 3376 ἐάσωσι
2935 3320 3055 3394 ζῇν.
3090 3323 3183 3385 Ὣς
3206 3322 3254 3376 δ’
3281 3324 3468 3386 αὐτοὺς
3489 3317 3601 3392 οἶμαι

2071 3418 2164 3472 καὶ
2213 3418 2306 3470 ἐπὶ
2352 3416 2669 3488 καθαιρέσει
2701 3416 2798 3487 τῆς
2841 3414 2997 3485 δόξης
3041 3415 3206 3468 αὐτοῦ
3258 3417 3518 3487 εἰρηκέναι
3537 3415 3598 3466 τό·

2074 3526 2095 3560 ι
2119 3502 2286 3572 Οὗτος
2315 3511 2343 3561 6
2392 3508 2703 3580 ἄνθρωπος·
2724 3526 2743 3559 ι
2797 3507 3057 3577 ἠπίστουν
3090 3507 3197 3580 γὰρ
3230 3512 3347 3573 τοῖς
3383 3508 3471 3562 καὶ
3497 3508 3599 3560 ἀνω-

2067 3599 2210 3671 τέρω
2232 3600 2540 3671 εἰρημένοις
2557 3599 2685 3671 περὶ
2704 3598 2799 3652 τοῦ
2818 3598 2929 3670 (96)
2961 3599 3092 3653 Θεὸν
3119 3600 3284 3655 αὐτὸν
3305 3598 3460 3665 εἷναι,
3480 3599 3601 3670 ἡνίκα

2067 3691 2306 3757 λιθάζειν
2337 3693 2499 3746 αὐτὸν
2533 3692 2831 3756 ἐϐούλοντο,
2868 3692 2945 3756 ὡς
2984 3693 3113 3765 περὶ
3158 3693 3510 3765 βλασφημίας,
3536 3689 3599 3743 ii-

2066 3801 2253 3853 γοντες
2269 3784 2435 3855 αὐτῷ·
2467 3805 2485 3836 ι
2505 3786 2598 3848 Σὺ,
2618 3783 2714 3838 ἄνθ
2724 3800 2902 3855 ρωπος
2921 3784 3017 3857 ἂψ,
3041 3788 3212 3849 ποιεῖς
3241 3787 3427 3840 ἑαυτὸν
3444 3784 3595 3837 Θεόν·ι

2065 3878 2154 3933 ὅτε
2214 3876 2359 3931 κατὰ
2412 3877 2510 3948 τὴν
2563 3876 2757 3930 ἐαυτοῦ
2815 3876 3225 3948 φιλανθρωπίαν
3290 3876 3595 3950 ἀπεκρίνατο,

2064 3969 2349 4032 διδάσκων,
2379 3969 2461 4023 ὅτι
2490 3969 2598 4032 πᾶς
2631 3968 2766 4039 πρὸς
2794 3967 2853 4022 ὃν
2883 3969 2912 4021 6
2940 3967 3094 4038 λόγος
3125 3969 3217 4024 τοῦ
3242 3970 3377 4024 Θεοῦ
3405 3968 3595 4038 ἐγένετο,

2063 4062 2195 4126 Θεὸς
2229 4061 2443 4130 λέγεται
2474 4060 2578 4114 ὑπὸ
2612 4060 2708 4114 τοῦ
2751 4060 2906 4115 Θεοῦσ
2943 4061 3018 4133 μὴ
3067 4061 3377 4133 δυναμένης
3417 4058 3596 4129 λυθῆναι

2063 4154 2158 4208 καὶ
2218 4151 2586 4222 καταλυθῆναι
2639 4152 2741 4222 τῆς
2802 4152 3233 4224 ἀποφηναμένης
3298 4150 3593 4225 προφητικῆς

2063 4246 2303 4318 Γραφῆς.
2340 4247 2495 4298 Ἔστι
2523 4245 2580 4299 δὲ
2624 4246 2689 4299 ἐκ
2724 4246 2832 4298 τῶν
2864 4245 3174 4316 λεγομένων
3204 4245 3317 4299 ἀπὸ
3346 4245 3445 4299 τῶν
3468 4244 3594 4312 Φαρι-

2063 4340 2232 4393 σαίων
2272 4338 2367 4392 καὶ
2410 4337 2519 4392 τῶν
2556 4338 2858 4411 ἀρχιερέων
2891 4338 3224 4408 κατανοῆσαι
3257 4337 3430 4393 αὐτῶν
3453 4329 3592 4391 καὶῆ

384 4403 527 4505 dem,
557 4411 807 4477 quoniam
849 4418 1247 4476 attestabantur
1295 4421 1370 4476 illi
1405 4439 1527 4480 eum
1561 4403 1727 4483 multa
1763 4403 1956 4487 fecisse

2083 4431 2158 4502 βῆς
2200 4430 2400 4494 κακίας
2441 4403 2936 4501 ἀνομολογούμενον
2981 4430 3076 4483 καὶ
3107 4403 3339 4498 τυφλόν*
3375 4428 3590 4501 ἀνομολο-

274 4518 275 4521 η
381 4494 552 4592 signa,
584 4514 849 4573 posseque
889 4509 1035 4574 huic,
1060 4515 1150 4581 qui
1196 4524 1272 4569 tot
1305 4515 1462 4586 signa
1494 4529 1699 4587 egerat,
1733 4520 1955 4578 insidias

2083 4494 2344 4592 νόύμενον,
2392 4522 2475 4575 ὅτι
2508 4494 2852 4592 ἐμαρτύρουν
2885 4519 3032 4592 αὐτῷ
3071 4494 3375 4575 καὶπολλὰ
3402 4494 3588 4588 πεποιη-

385 4586 556 4685 strui;
593 4592 816 4657 perinde
844 4600 998 4666 quasi
1044 4602 1127 4658 sui
1165 4618 1328 4660 causa
1364 4608 1501 4662 nihil
1535 4586 1719 4679 posset
1761 4623 1952 4668 contra

2083 4614 2210 4669 ιέναι
2241 4615 2463 4685 σημεῖα,
2514 4612 2607 4666 καὶ
2637 4610 2898 4665 δύνασθαι
2931 4610 3008 4683 τῷ
3039 4611 3276 4666 τοσαῦτα
3305 4613 3489 4683 σημεῖα
3514 4625 3587 4662 πε-

383 4675 552 4732 laetas
578 4681 679 4736 sibi
712 4685 965 4759 insidias;
1001 4693 1050 4746 id
1093 4700 1239 4764 quod
1282 4699 1457 4768 ipsum
1489 4675 1651 4756 etiam
1684 4703 1956 4760 nihilomi-

2083 4675 2737 4778 qudrdémﬁulsﬁaat,
2766 4704 2841 4769 ὡς
2872 4675 3039 4775 μηδέν
3071 4704 3214 4776 ὑπὲρ
3248 4675 3435 4757 ἑαυτοῦ
3460 4704 3509 4756 ἐν
3530 4700 3585 4770 τῷ

379 4780 485 4869 nus
513 4772 771 4838 caecitatis
815 4791 955 4846 erat,
987 4799 1111 4839 cum
1157 4788 1399 4858 ejusdem
1441 4801 1608 4861 esset,
1646 4795 1737 4860 qui
1782 4796 1952 4851 multa

2083 4772 2505 4853 ,utéouledeoeat
2533 4796 2815 4869 δυναμένῳ
2831 4814 2846 4828 ’
2874 4772 3072 4867 τυιρλὸν
3093 4797 3150 4850 δὲ
3174 4772 3328 4851 οὐδὲν
3343 4796 3446 4869 (97)
3460 4790 3584 4866 ἦττον

379 4857 600 4918 fecisset
627 4868 904 4941 miracula,
923 4876 1148 4935 insidias
1174 4883 1338 4938 etiam
1362 4898 1620 4954 superare
1647 4886 1946 4944 nolentium

2083 4892 2149 4947 καὶ
2190 4891 2321 4946 αὐτὸ
2368 4889 2527 4944 τοῦτο
2571 4857 2681 4962 ἦν’.
2699 4857 2842 4944 κατὰ
2874 4857 2982 4961 γὰρ
3023 4892 3113 4943 τὸν
3161 4888 3329 4942 πολλὰ
3347 4857 3582 4941 ’ποιούντα

378 4965 503 5057 enm
529 4957 610 5010 sic
638 4959 932 5023 dimittere.
964 4968 1073 5025 Nisi
1106 4970 1247 5028 forte
1277 4976 1576 5032 credebant
1599 4992 1722 5033 eum
1765 4979 1950 5037 facere

2083 4987 2256 5057 τημεῖα
2295 4980 2365 5056 ἦν
2399 4985 2492 5038 καὶ
2522 4957 2854 5056 ἰδ-κρεῖττον
2885 4957 3024 5037 εἶναι
3072 4982 3170 5053 τῆς
3202 4980 3478 5051 ἐπιϐουλῆς
3500 4974 3583 5030 τῶν

376 5048 661 5148 miracula,
694 5064 748 5109 et
780 5057 909 5112 item
932 5065 1349 5132 suspicabantur
1373 5083 1435 5123 ea
1457 5085 1565 5124 non
1601 5071 1716 5127 fieri
1746 5074 1950 5130 virtttte

2083 5048 2272 5146 ιιριέναι
2302 5048 2463 5130 αὐτὸν
2500 5077 2575 5148 μὴ
2614 5048 2873 5130 θελόντων
2893 5092 2906 5105 ·
2942 5076 2992 5129 εἰ
3019 5073 3093 5146 μὴ
3121 5048 3228 5145 ἆρα
3260 5074 3353 5128 καὶ
3376 5048 3581 5124 επιστ-ευρ

375 5139 584 5208 divina,
611 5143 684 5200 ita
718 5158 775 5202 ut
807 5150 948 5207 hanc
971 5154 1043 5209 ob
1081 5170 1303 5212 causam
1332 5159 1514 5214 omnia
1545 5161 1660 5230 ipse
1687 5177 1794 5219 non
1818 5178 1945 5233 pos-

2086 5139 2134 5232 4,
2160 5169 2241 5222 ὅτι
2265 5170 2410 5223 ποιεῖ
2442 5139 2663 5237 σημεῖα,
2686 5166 2780 5221 καὶ
2807 5139 3064 5221 ὑπενόουν
3079 5139 3223 5218 αὐτὸ.
3247 5166 3321 5237 μὴ
3348 5162 3446 5217 ἀπὸ
3463 5159 3577 5218 θείας

374 5243 476 5296 set,
509 5252 684 5306 neque
718 5253 778 5294 se
806 5243 1017 5314 eripere
1046 5262 1115 5303 ex
1146 5248 1359 5305 illorum
1397 5252 1629 5309 insidiis.
1662 5256 1839 5326 Atque
1869 5255 1947 5311 illi

2083 5261 2295 5316 λίνεσθαι
2321 5260 2603 5332 δυνάμεως
2626 5301 2642 5325 ,
2669 5260 2811 5315 ὥστε
2840 5259 2929 5314 διὰ
2964 5258 3122 5312 τοῦτο
3147 5258 3223 5329 μὴ
3256 5257 3424 5311 πάντα
3448 5251 3574 5308 αὐτὸν

438 5373 482 5405 ³⁷
507 5370 658 5429 Joan.
686 5391 761 5441 Xt,
798 5377 889 5445 47,
921 5379 1011 5436 48.
1088 5382 1135 5416 ’⁸
1163 5384 1290 5442 ibid.
1318 5386 1408 5443 47.
1482 5388 1529 5421 ⁸⁸
1553 5386 1710 5445 Joan.
1743 5406 1800 5458 κ,
1830 5389 1920 5458 53,
1944 5391 2033 5449 55.

433 5490 548 5557 (95)
582 5492 1132 5575 deex_Bodleianus,
1164 5509 1330 5569 recte,
1352 5503 1460 5557 τῶν
1484 5503 1545 5557 τὸ
1568 5505 1760 5575 μέλλον
1781 5508 1944 5575 ἀγνο-

372 5558 575 5649 ξιύντων
614 5564 914 5649 ἀνθρώπων
934 5587 968 5649 ο-
988 5558 1206 5649 Regius,
1244 5558 1521 5643 corrupte,
1559 5558 1668 5628 τῶν
1694 5558 1944 5649 laniet-

378 5631 554 5710 lovm'co
581 5631 852 5710 totius-my
876 5631 1198 5710 ἀνθρώπων,

591 5702 770 5786 io
796 5698 1012 5786 'I‘luetii,
1043 5711 1341 5786 τεραστίων
1370 5712 1672 5786 δυνάμεων.

446 5769 557 5837 (νδ)
590 5769 765 5828 Edttio
796 5769 1176 5849 ttueui,'male,
1211 5782 1322 5836 ἐπί.

2125 5505 2237 5580 (96)
2263 5505 2460 5580 Cede;
2493 5506 2838 5580 Bodleianus,
2877 5517 3045 5580 recte2
3093 5505 3216 5580 τοῦ,
3245 5505 3449 5576 Regius.

2051 5563 2368 5637 maleﬁcum
2404 5572 2654 5631 Christus
2683 5563 2981 5632 secundum
3013 5563 3299 5647 Origenem
3321 5563 3445 5628 "non
3465 5563 3567 5647 si”

2047 5647 2199 5709 Θεός.
2226 5676 2295 5719 -το
2326 5647 2663 5719 Sex_abhin_c
2699 5648 2876 5711 lineis,
2918 5640 3290 5719 supple'troirro
3319 5654 3435 5699 ante
3454 5640 3568 5697 ἁπο-

2087 5717 2389 5787 ηναμένης.
2431 5716 2588 5787 Ent'r.
2624 5717 2866 5773 ΡΑτιιοι.

2119 5785 2229 5859 (97)
2259 5785 2439 5843 Codex
2479 5786 2702 5859 Regius,
2728 5788 2886 5855 male,
2925 5787 3109 5861 τυφλῷ
3135 5789 3191 5843 δὲ
3227 5785 3390 5842 οὐδέν.
