3688 6146
48 263 150 319 705

1055 261 1406 318 COMMENT.
1447 260 1513 315 IN
1553 257 1745 315 JOAN.
1791 255 2028 312 TOMUS
2063 256 2277 310 XXVIII

3223 262 3322 316 706

48 384 366 454 δυνηθῆναι,
427 383 564 456 μηδέ
606 381 768 438 αὑτὸν
819 381 1086 455 ῥύσασθαι
1121 383 1229 436 ἀπὸ
1277 383 1377 454 τῆς
1419 382 1634 436 ἐκείνων

1820 376 1958 430 idem
1991 376 2308 445 cogitabant
2354 388 2459 428 non
2498 373 2774 428 dimittere
2809 387 2971 441 eum,
3003 373 3318 429 existiman-

48 476 342 546 ἐπιϐουλῆς
373 475 513 546 (98).
559 477 786 529 Ἐκεῖνοι
815 475 913 546 μὲν
947 470 1038 529 οὖν
1067 476 1333 529 ἐσκόπουν
1367 475 1442 546 μὴ
1476 476 1636 544 ἀφιέ-

49 587 134 623 ναι
155 567 342 630 αὐτὸν,
361 567 602 639 οἰόμενοι
621 569 709 622 διὰ
729 568 885 621 τοῦτο
905 568 1215 639 ἐμποδίσειν
1234 572 1346 633 τοῖς
1362 569 1639 623 πιστεύου-

54 677 133 717 σιν
162 662 241 725 είς
267 660 439 715 αὑτὸν
473 660 568 715 καὶ
604 661 896 730 Ῥωμαίοις
927 661 1208 732 μέλλουσιν
1251 661 1425 734 αἴρειν
1459 661 1637 715 αὐτῶν

52 753 139 807 τὸν
163 753 351 816 τόπον,
386 754 488 804 καὶ
519 752 579 806 τὸ
612 751 781 816 ἔθνος.
813 753 950 805 Ἀλλ’
981 752 1104 806 ἐπεὶ
1138 772 1155 803 ι
1186 752 1390 825 Κύριος
1417 753 1637 806 διασκε-

52 843 195 908 δάζει
234 843 435 913 βουλὰς
492 843 688 905 ἐθνῶν,
734 843 828 896 καὶ
873 843 1054 896 ἀθετεῖ
1078 843 1371 916 λογισμοὺς
1421 843 1585 910 λαῶν,
1614 863 1632 895 ι

55 936 198 988 οὐδὲν
224 931 392 1007 ἦττον
423 935 520 987 καὶ
547 934 647 988 οὐκ
673 935 893 1005 ἀφῆκαν
927 936 1108 1000 αὐτὸν,
1137 937 1232 990 καὶ
1263 938 1291 990 ὁ
1318 935 1450 1000 Θεὸς
1479 937 1640 991 αὑτὸν

57 1026 337 1096 ἀνέστησε,
375 1026 475 1079 καὶ
507 1026 707 1096 ἀφῆκε,
730 1027 825 1080 καὶ
859 1027 1038 1081 πάντα
1069 1027 1134 1081 τὰ
1167 1027 1292 1099 ἔθνη
1320 1026 1639 1082 ἐδούλευσαν

59 1119 220 1189 αὐτῷ,
265 1121 362 1172 καὶ
407 1119 657 1184 ἐλθόντες
709 1122 758 1173 οἱ
821 1121 1080 1192 Ῥωμαῖοι
1136 1118 1278 1194 ἦραν
1325 1124 1504 1177 αὐτῶν
1547 1123 1640 1176 τὸν

59 1213 244 1265 τόπον·
283 1211 428 1279 (ποῦ
477 1212 586 1283 γάρ
630 1213 659 1266 ὃ
701 1229 864 1281 φασιν
900 1216 1096 1267 ἐκεῖνοι
1143 1215 1461 1286 ἀγίασμας)
1498 1211 1640 1287 ἦραν

61 1302 112 1354 δὲ
144 1303 232 1355 καὶ
262 1302 323 1354 τὸ
369 1301 544 1367 ἔθνος,
579 1302 930 1368 ἐκϐάλλοντες
961 1305 1156 1369 αὐτοὺς
1187 1305 1298 1359 ἀπὸ
1326 1306 1420 1359 τοῦ
1451 1307 1636 1372 τόπου,

65 1393 147 1447 καὶ
197 1392 354 1462 μόγις
391 1393 789 1466 ἐπιτρέψαντες
837 1397 1018 1459 αὐτοῖς
1065 1392 1201 1450 εἶναι
1241 1397 1375 1450 ὅπου
1427 1397 1642 1467 βούλον-

65 1502 145 1536 ται
163 1485 268 1553 (99)
296 1486 394 1538 καὶ
425 1487 486 1538 ἐν
519 1489 584 1557 τῇ
623 1485 910 1558 διασπορᾷ.
947 1489 1010 1540 Εἰ
1034 1489 1091 1542 δέ
1129 1488 1233 1560 χρὴ
1255 1489 1522 1560 τολμῆσαι
1545 1493 1640 1546 καὶ

66 1579 138 1641 εἰς
158 1578 450 1648 ἀναγωγὴν
481 1577 590 1632 τῶν
620 1579 762 1633 κατὰ
793 1579 863 1633 τὰ
889 1582 1109 1652 ῥήματα
1145 1581 1340 1645 ταῦτα.
1377 1586 1638 1656 φήσομεν,

67 1671 141 1722 ὅτι
171 1671 258 1723 τὸν
297 1672 467 1724 τόπον
522 1671 632 1725 τῶν
680 1675 745 1726 ἐκ
790 1674 1096 1745 περιτομῆς
1136 1675 1326 1731 ἔλαϐον
1368 1677 1436 1730 τά
1477 1678 1633 1749 ἔθνη·

1747 477 1829 523 tes
1865 469 2106 523 futurum
2137 477 2198 522 ιιι
2224 466 2364 521 hanc
2385 467 2456 520 ob
2481 479 2700 519 causam
2727 465 3113 535 impedimento
3138 479 3318 521 essent

1737 560 2090 615 credentibus
2130 560 2181 613 in
2212 571 2358 622 eum,
2397 565 2452 610 et
2480 555 2760 622 Romanis,
2785 558 2876 625 qui
2907 558 3140 612 ablaturi
3167 568 3322 612 erant

1736 653 1806 707 ab
1835 653 1914 707 eis
1949 660 2060 705 tum
2106 651 2304 716 locum,
2353 657 2464 702 tum
2495 659 2734 720 gentem.
2770 651 2963 706 Verum
3001 652 3128 721 quia
3161 669 3179 702 ι
3216 651 3323 705 Do-

1735 744 1916 798 minus
1950 742 2181 810 dissipat
2209 739 2437 796 consilia
2482 739 2746 806 gentium,
2781 750 2835 795 et
2872 742 3132 810 reprobat
3167 741 3322 810 cogi-

1741 833 1970 888 tationes
1993 831 2313 903 populorum
2346 833 2389 895 ί,
2429 851 2446 884 ι
2481 831 2838 886 nihilmninus
2862 832 3074 886 etiamsi
3101 846 3206 885 non
3239 832 3320 886 di-

1738 927 2004 981 miserunt
2032 939 2179 990 eum,
2215 931 2271 979 et
2313 923 2458 978 Deus
2487 939 2613 979 eum
2641 923 2906 976 excitavit
2936 931 2991 977 et
3025 921 3323 988 dimisit,et

1737 1027 1928 1068 omnes
1959 1022 2147 1083 gentes
2199 1012 2513 1066 servierunt
2543 1014 2615 1077 ei,
2667 1021 2722 1066 et
2759 1011 2988 1066 Romani
3038 1013 3322 1067 venientes

1739 1104 1982 1159 tulerunt
2011 1101 2228 1158 illorum
2260 1103 2432 1160 locum
2469 1106 2580 1176 (ubi
2613 1105 2757 1159 enim
2810 1105 2954 1173 quod
3003 1104 3078 1158 illi
3129 1115 3317 1158 vocant

1739 1196 2115 1248 sanctuarium
2141 1193 2202 1266 'i)
2233 1207 2396 1264 atque
2427 1196 2590 1248 etiam
2629 1195 2799 1249 tulere
2840 1205 3053 1263 gentem
3080 1237 3094 1260 ,
3125 1195 3321 1250 ablatis

1741 1286 1900 1340 illise
1939 1285 2254 1358 38410εο
2285 1303 2303 1353 ;
2346 1288 2436 1340 vix
2495 1287 2856 1342 concedentes
2907 1288 3014 1343 illis
3051 1298 3194 1343 stare
3231 1291 3319 1342 ubi

1739 1377 1962 1443 vellent,
1998 1378 2163 1432 etiam
2200 1379 2252 1431 in
2313 1378 2674 1448 dispersione.
2703 1377 2857 1442 Quod
2887 1380 2930 1432 si
2981 1379 3179 1434 audere
3223 1394 3321 1434 ne-

1740 1485 1892 1526 cesse
1914 1480 1999 1525 est
2032 1471 2084 1525 in
2117 1485 2334 1526 sensmn
2387 1473 2740 1542 anagogienm
2783 1473 2974 1526 borum
3005 1475 3317 1538 verborum,

1741 1563 1982 1618 dicemus
2009 1563 2224 1626 horum,
2254 1564 2343 1632 qui
2377 1577 2443 1617 ex
2487 1563 2912 1617 circumcisione
2957 1573 3102 1630 sunt,
3143 1564 3320 1620 locmn

1743 1665 1931 1725 gentes
1959 1655 2254 1724 accepisse,
2292 1657 2418 1724 quia
2453 1674 2470 1707 ι
2514 1655 2726 1710 illorum
2761 1655 2910 1724 lapsu
2939 1656 3086 1711 salus
3117 1657 3325 1710 venerit

75 1763 179 1832 (τῷ
220 1764 328 1834 γὰρ
393 1763 625 1818 ἐκείνων
668 1766 1075 1838 παραπτώματι
1144 1770 1384 1842 σωτηρία
1449 1745 1634 1840 γέγονε

1814 1745 2042 1813 ntibus,
2098 1762 2207 1816 quo
2264 1748 2398 1816 ipsis
2455 1746 2623 1802 ,ιιιάωὶ
2682 1747 3063 1801 mandarentur
3092 1749 3137 1813 ',
3187 1768 3205 1799 ι
3268 1758 3324 1800 et

68 1857 168 1917 τοῖς
194 1854 422 1919 ἔθνεσιν,
459 1857 542 1917 εἰς
571 1857 631 1910 τὸ
661 1859 1052 1930 παραζηλῶσαι
1077 1861 1273 1926 αὐτούς
1297 1880 1310 1893 ο
1339 1883 1355 1914 ι
1395 1864 1475 1927 είς
1495 1864 1643 1919 δὲτὰ

67 1945 181 2017 ἔθνη
229 1947 493 2017 Ῥωμαῖοι
545 1949 992 2021 παρελήφθησαν,
1039 1952 1145 2005 ἀπὸ
1190 1953 1299 2006 τῶν
1338 1954 1644 2024 βασιλευόν-

68 2056 166 2092 των
201 2040 250 2092 οί
293 2039 706 2112 βασιλευόμενοι
732 2028 1154 2114 ὀνομασθέντες·
1187 2047 1282 2100 καὶ
1311 2047 1371 2100 τὸ
1409 2049 1558 2113 ἔθνος
1584 2049 1641 2102 δὲ

71 2127 165 2182 ὑπὸ
183 2130 288 2184 τῶν
313 2132 371 2199 ἐξ
411 2133 583 2186 ἐθνῶν
613 2133 754 2205 ἤρθη
774 2151 787 2164 ε
822 2136 1013 2204 γέγονε
1040 2137 1149 2210 γὰρ
1176 2141 1204 2192 ό
1235 2138 1360 2203 λαὸς
1398 2141 1457 2193 οὐ
1483 2139 1637 2205 λαόςν

73 2221 158 2274 καὶ
190 2225 238 2276 οί
265 2222 322 2289 ἐξ
365 2225 583 2296 Ἰσραὴλ
602 2226 784 2280 οὐκέτι
806 2227 942 2280 εἰσὶν
987 2229 1234 2300 Ἰσραήλ·
1263 2231 1356 2284 καὶ
1387 2231 1448 2284 τὸ
1479 2232 1644 2304 σπέρ-

77 2329 143 2382 μα
170 2313 265 2367 οὐκ
301 2315 543 2384 ἔφθασεν
581 2319 673 2371 ἐπί
708 2319 768 2370 τὸ
801 2319 1052 2388 γενέσθαι
1081 2321 1266 2376 τέκνα.
1299 2324 1408 2376 Καὶ
1437 2323 1642 2379 τούτων

75 2405 231 2456 αἴτιον
271 2405 338 2459 τά
377 2407 552 2462 πολλά
583 2409 676 2461 τοῦ
720 2410 894 2480 Ἰησοῦ
932 2415 1154 2483 σημεῖα,
1191 2415 1283 2468 καὶ
1317 2415 1398 2467 ὅτι
1430 2416 1642 2485 ἀφῆκεν

74 2496 269 2549 αὐτὺνό
300 2499 492 2570 Πατὴρ
525 2501 811 2571 κρείττονα
854 2503 1146 2574 γενόμενον
1191 2507 1289 2578 τῆς
1317 2507 1424 2560 τῶν
1459 2509 1643 2581 ἀρχιε-

81 2588 205 2658 ρέων
261 2590 352 2642 καὶ
411 2592 726 2662 Φαρισαίων
797 2595 1263 2665 συνεδρευσάντων
1317 2600 1436 2652 κατ’
1475 2601 1640 2660 αὐτοῦ

79 2678 369 2750 ἐπιϐουλῆς.
432 2681 738 2752 Ἀρχιερεῖς
780 2683 836 2735 δὲ
875 2685 967 2736 καὶ
1009 2687 1155 2738 πᾶσα
1197 2689 1229 2756 ἡ
1267 2690 1552 2760 σωματικὴ
1583 2691 1642 2742 ἐν

91 2770 340 2835 Ἰουδαίοις
370 2771 615 2845 λατρεία,
645 2776 925 2846 Φαρισαῖοί
962 2794 1020 2830 τε
1047 2779 1140 2830 καὶ
1173 2781 1321 2832 πᾶσα
1351 2781 1557 2851 ἡκατά
1580 2781 1642 2834 τὺ

82 2863 294 2934 γράμμα
325 2864 416 2917 τοῦ
465 2867 652 2936 Νόμου
684 2867 1002 2922 διδασκαλία
1042 2870 1382 2926 ἐπιϐουλεύει
1441 2871 1638 2944 Ἰησοῦ,

85 2957 143 3025 τῇ
186 2955 420 3029 ἀληθεία,
475 2960 572 3012 καὶ
627 2959 870 3030 βούλεται
920 2965 947 3016 ὁ
995 2962 1164 3026 τύπος
1217 2964 1302 3017 ἵνα
1359 2965 1639 3040 ὑφεστήκῃ

83 3045 362 3113 ἐμποδίζων
385 3050 459 3120 (1)
492 3054 556 3122 τῇ
582 3053 882 3124 φανερώσει
900 3054 1000 3124 τῆς
1026 3055 1308 3127 ἀληθείας’
1334 3060 1426 3111 καὶ
1451 3057 1638 3130 ῶσπερ

86 3136 262 3208 ὴσὰρξ
292 3141 380 3193 καὶ
415 3145 558 3196 κατά
601 3143 760 3197 τοῦτο
805 3145 1062 3217 ἐπιθυμεῖ
1092 3149 1232 3201 κατὰ
1263 3149 1356 3203 τοῦ
1389 3151 1636 3222 πνεύμα-

86 3243 180 3290 τος.
229 3231 360 3284 Ἀλλ’
407 3234 756 3305 ἰσχυρότερον
796 3236 854 3289 ὃν
893 3238 951 3289 τὸ
1005 3237 1305 3309 ἐπιθυμοῦν
1352 3243 1494 3294 κατά
1539 3243 1638 3312 τῆς

90 3325 266 3394 σαρκὸς
299 3326 532 3398 πνεῦμα,
594 3329 688 3381 καὶ
723 3331 755 3400 ἡ
787 3329 991 3400 ἀληθὴς
1041 3331 1134 3383 τοῦ
1178 3332 1430 3404 Σωτῆρος
1480 3335 1637 3404 ἡμῶν

88 3413 458 3490 ἀρχιερωσύνη,
492 3419 586 3472 καὶ
619 3422 652 3490 ἡ
697 3422 1038 3494 πνευματικὴ
1084 3423 1248 3476 αὑτοῦ
1302 3425 1635 3491 διδασκαλία,

88 3505 268 3560 διαλύει
286 3511 342 3562 τὸ
355 3513 460 3564 τῶν
489 3514 608 3566 κατ’
625 3511 789 3565 αὐτοῦ
822 3513 1218 3584 βουλευομένων
1244 3514 1319 3584 (2)
1339 3517 1638 3588 ἀρχιερέων

89 3599 170 3650 καὶ
192 3600 490 3670 Φαρισαίων
531 3603 824 3673 συνέδριον.
869 3603 1051 3656 Ταῦτα
1081 3605 1137 3657 δὲ
1165 3605 1500 3677 ὑποληπτέον
1546 3609 1638 3660 καὶ⁵

89 3687 172 3741 νῦν
199 3691 446 3758 γίνεσθαι,
480 3695 670 3767 ὥσπερ
705 3695 854 3749 ἐστιν
889 3696 1015 3750 ἰδεῖν
1046 3700 1104 3750 ἐν
1132 3702 1244 3762 τοῖς
1275 3698 1367 3751 τοῦ
1400 3716 1639 3770 σωματι-

89 3779 176 3832 κοῦ
198 3783 280 3836 τοῦ
333 3786 669 3858 Ἰουδαῖσμοῦ
714 3789 1024 3854 συστάσεως
1068 3791 1159 3844 καὶ
1190 3792 1476 3846 καταλύειν
1523 3794 1640 3846 ἐθέ-

88 3867 218 3924 λουσι
250 3875 344 3946 τὴν
382 3879 756 3950 πνευματικὴν
787 3881 1022 3952 Χριστοῦ
1055 3882 1424 3936 διδασκαλίαν.

152 3963 228 4017 12.
263 3986 278 4016 ι
310 3963 399 4033 Εἷς
429 3970 488 4023 δέ.
518 3989 601 4035 τις
631 3972 688 4038 ἐξ
721 3973 898 4025 αὐτῶν
928 3973 1202 4042 Καϊάφας,
1235 3976 1525 4048 ἀρχιερεὺς
1562 3977 1638 4030 ὣν

91 4053 170 4106 τοῦ
220 4059 453 4115 ἐνιαυτοῦ
534 4064 764 4127 ἐκείνου,
818 4062 969 4117 εἶπεν
1022 4067 1228 4130 αὐτοῖς·
1293 4068 1483 4139 Ὑμεῖς
1538 4070 1639 4122 οὐκ

91 4147 245 4201 οἴδατε
276 4154 438 4219 οὐδὲν,
469 4157 587 4208 οὺδέ
620 4156 919 4225 λογίζεσθε,
958 4159 1038 4211 ὅτι
1077 4159 1346 4231 συμφέρει
1380 4163 1513 4232 ἡμῖν
1551 4162 1638 4214 ἵνα

94 4231 160 4299 εἷς
187 4241 450 4314 ἄνθρωπος
485 4247 728 4320 ἀποθάνῃ
761 4249 901 4322 ὑπὲρ
941 4251 1034 4302 τοῦ
1080 4251 1228 4317 λαοῦ,
1281 4253 1375 4306 καὶ
1404 4231 1485 4324 μὴ
1519 4255 1638 4308 ὅλον

94 4327 144 4378 τὸ
174 4330 308 4398 ἔθνος
335 4338 618 4410 ἀπόληται.
669 4340 839 4393 Τοῦτο
871 4342 925 4394 δὲ
971 4344 1061 4411 ἀφ’
1091 4343 1286 4396 ἐαυτοῦ
1320 4345 1418 4398 οὐκ
1452 4342 1633 4400 εἶπενο

1741 1853 1842 1908 pro
1887 1841 2140 1909 gentibus
2177 1840 2452 1895 Romanos
2487 1840 2656 1895 fuisse
2699 1840 2905 1896 dictos:
2948 1843 3050 1897 hoc
3095 1851 3198 1908 ρει,
3226 1856 3323 1908 pro

1741 1932 1999 1996 subditis,
2023 1945 2118 1986 eos
2149 1931 2243 2002 qui
2279 1948 2460 1986 rerum
2502 1935 2887 2002 potiebantur;
2929 1933 3159 2003 proinde
3191 1948 3324 2002 gens

1742 2037 1771 2075 a
1802 2022 2057 2087 gentibus
2087 2025 2265 2079 ablata
2297 2026 2399 2079 fuit
2435 2042 2450 2092 ;
2493 2027 2584 2094 qui
2617 2027 2758 2080 enim
2811 2025 3040 2096 populus
3067 2034 3207 2088 erat,
3243 2023 3325 2077 fa-«

1742 2122 1863 2168 ctus
1889 2124 1971 2168 est
2001 2130 2107 2168 non
2142 2116 2373 2185 populus
2402 2117 2421 2147 ³
2451 2133 2465 2183 ;
2502 2125 2557 2171 et
2587 2118 2676 2186 qui
2708 2133 2772 2171 ex
2808 2116 2973 2172 Israel
3009 2125 3186 2177 erant,
3219 2131 3325 2168 nor.

1742 2205 1978 2272 amplius
2008 2214 2135 2259 sunt
2185 2205 2434 2271 lsraelis;
2466 2206 2670 2276 quique
2701 2221 2884 2260 semen
2915 2215 3087 2269 erant,
3120 2219 3184 2260 eo
3217 2219 3323 2257 non

1742 2308 2109 2366 pervenerunt
2157 2306 2216 2350 ut
2267 2297 2356 2350 ﬁlii
2401 2297 2615 2353 ﬁerent.
2658 2297 2900 2364 Quarum
2932 2311 3112 2351 rerum
3161 2309 3322 2348 causa

1742 2388 1912 2441 multa
1945 2387 2096 2442 fuere
2126 2387 2254 2442 Jesu
2302 2388 2565 2442 miracula
2595 2406 2610 2454 ;
2648 2399 2703 2443 et
2737 2389 2867 2457 quia
2921 2387 3126 2440 dimisit
3174 2385 3323 2439 illum

1744 2477 1905 2531 Pater
1929 2479 2266 2545 superiorem
2308 2477 2508 2532 factum
2553 2478 2868 2547 pontificum
2912 2489 2968 2534 et
3023 2476 3326 2532 Pharisaeo-

1745 2585 1885 2633 rum,
1920 2570 2011 2638 qui
2042 2571 2332 2624 concilium
2374 2570 2634 2624 adversus
2663 2586 2786 2623 eum
2829 2569 3181 2638 collegerant,
3207 2584 3330 2625 con-

1742 2664 1892 2718 cilio.
1933 2665 2004 2716 At
2033 2678 2159 2718 vero
2189 2662 2496 2731 pontiﬁces,
2530 2672 2584 2716 et
2605 2669 2766 2716 totus
2798 2660 3106 2717 Judarorum
3139 2677 3328 2730 corpo-

1744 2752 1872 2807 ralis
1904 2752 2101 2819 cultus,
2152 2752 2544 2822 Pbarisaeiqne,
2588 2761 2645 2807 et
2697 2761 2809 2809 tota
2844 2752 3003 2824 Legis
3056 2753 3326 2819 doctrina,

1737 2844 1888 2914 juxta
1925 2845 2160 2900 litteram
2203 2843 2430 2900 insidias
2478 2843 2702 2899 molitur
2737 2845 2953 2898 veritati
2990 2842 3161 2915 (Jesu)
3190 2844 3330 2899 vult-

1743 2953 1847 3007 que
1877 2937 2103 3006 ﬁguram
2163 2937 2466 2991 subsistere
2494 2979 2508 3002 ,
2542 2936 2793 2991 veritatis
2832 2936 3324 2992 manifestationem

1745 3030 2078 3098 impediens;
2115 3037 2169 3082 et
2224 3044 2327 3082 non
2357 3042 2514 3082 secus
2555 3042 2620 3081 ac
2661 3041 2824 3092 caro,
2862 3027 3025 3080 etiam
3068 3027 3209 3082 hanc
3255 3029 3325 3082 ob

1666 3102 1712 3165 C
1743 3138 1963 3178 causam
1992 3120 2332 3189 concupiscit
2355 3121 2614 3174 adversus
2640 3120 2890 3188 spiritum
2919 3119 2960 3175 ⁸.
2987 3121 3092 3175 Sed
3132 3120 3326 3176 fortior

1742 3232 1865 3270 cum
1906 3216 1976 3269 sit
2027 3215 2253 3283 spiritus
2302 3213 2699 3280 concupiscens
2749 3213 3014 3266 adversus
3051 3226 3270 3266 carnem
3298 3251 3314 3276 ,

1741 3320 1797 3362 et
1830 3322 1989 3362 verus
2030 3307 2338 3361 Servatoris
2398 3305 2568 3360 nostri
2631 3305 2968 3374 principatus
3025 3307 3318 3360 sacerdotii

1741 3401 2146 3470 spiritualisque
2177 3399 2320 3453 illius
2345 3398 2616 3460 doctrina,
2659 3397 2978 3466 pontiﬁcum
3023 3396 3324 3451 Pharist-

1741 3509 1969 3562 rumque
1999 3493 2294 3548 concilium
2357 3491 2622 3546 adversus
2659 3506 2780 3546 eum
2824 3491 3049 3545 insidias
3107 3501 3321 3546 struen-

1744 3589 1876 3641 tium
1907 3589 2178 3642 dissolvit.
2219 3585 2341 3640 Haec
2383 3595 2562 3639 autem
2594 3585 2893 3640 etiamnum
2942 3585 3057 3638 ﬁeri
3089 3600 3322 3639 censen-

1741 3683 1864 3733 tlum
1897 3689 2013 3742 est,
2066 3689 2124 3732 ut
2172 3688 2257 3732 est
2312 3691 2534 3732 cernere
2593 3676 2646 3730 in
2699 3675 2786 3730 his
2841 3675 2931 3744 qui
2985 3675 3321 3742 Spiritualetn

1739 3771 1939 3827 Christi
1974 3772 2280 3826 doctrinam
2340 3784 2437 3838 per
2484 3767 2824 3837 corporalem
2875 3765 3139 3821 Judaismi
3191 3782 3322 3823 con-

1742 3867 2093 3937 spirationem
2121 3863 2418 3918 dissolvere
2443 3861 2651 3915 volunt.

1812 3978 1900 4032 12.
1946 3997 1964 4028 ι
1999 3977 2150 4031 Unus
2177 3986 2352 4029 autem
2384 3973 2649 4042 quispiam
2682 3987 2746 4025 ex
2773 3972 2878 4037 liis,
2913 3973 3130 4027 nomine
3162 3971 3322 4030 Caia-

1739 4071 1893 4141 phas,
1935 4085 2057 4124 cum
2095 4077 2239 4122 esset
2272 4066 2514 4135 pontifex
2541 4066 2666 4118 anui
2699 4065 2861 4132 illius,
2900 4068 3028 4119 dixit
3061 4067 3178 4122 eis:
3213 4066 3320 4123 Vos

1740 4163 1966 4217 nescitis
2000 4160 2318 4230 quidquam,
2355 4172 2457 4212 nec
2481 4159 2822 4226 perpenditis
2858 4160 3114 4228 expedire
3163 4161 3320 4218 nobis

1740 4265 1798 4310 ut
1825 4268 1964 4308 unus
2009 4253 2174 4307 homo
2227 4253 2494 4305 moriatur
2543 4265 2640 4319 pro
2686 4251 2909 4320 populo,
2956 4266 3020 4304 ac
3071 4268 3175 4305 non
3209 4261 3317 4307 tota

1739 4361 1872 4417 gens
1900 4352 2103 4414 pereat.
2142 4343 2254 4396 Hoc
2277 4352 2458 4396 autem
2487 4358 2516 4395 a
2539 4343 2833 4410 semetipso
2862 4358 2965 4396 non
2997 4343 3134 4396 dixit
3158 4360 3174 4407 ;
3199 4349 3316 4408 sed,

97 4418 193 4471 ἀλλ’
223 4425 496 4501 ἀρχιερεὺς
522 4430 598 4484 ὣν
625 4431 719 4484 τοῦ
752 4433 999 4486 ἐνιαυτοῦ
1028 4435 1258 4500 ἐκείνου,
1295 4439 1634 4510 προεφήτευ-

1812 4454 1860 4490 ιιι
1896 4446 2040 4490 esset
2068 4435 2306 4506 pontifex
2333 4435 2455 4487 anni
2484 4433 2649 4500 illius,
2675 4434 2998 4488 vaticinatus
3021 4445 3104 4488 est
3131 4434 3314 4490 Jesnm

99 4527 194 4576 σεν,
217 4517 288 4570 ὅτι
314 4520 528 4592 ἔμελλεν
553 4525 756 4594 Ἰησοῦς
781 4526 1140 4598 ἀποθνήσκειν
1155 4529 1293 4599 ὑπὲρ
1311 4529 1404 4582 τοῦ
1429 4529 1634 4594 ἔθνους·

99 4604 178 4657 καὶ
209 4611 296 4681 οὐχ
325 4615 458 4688 ὑπὲρ
477 4617 570 4670 τοῦ
595 4617 778 4682 ἔθνους
804 4619 982 4689 μόνον,
1003 4619 1113 4672 ἀλλ’
1139 4620 1224 4674 ἴνα
1258 4622 1349 4674 καὶ
1375 4623 1443 4675 τά
1471 4623 1636 4676 τέκνα

99 4698 178 4750 τοῦ
207 4702 328 4757 Θεοῦ
351 4709 414 4762 τὰ
439 4709 894 4782 διεσκορπισμένα
929 4714 1208 4786 συναγάγῃ
1244 4717 1322 4778 είς
1347 4716 1424 4768 ἔν.
1453 4735 1470 4766 ι
1501 4716 1635 4786 Οὐχὶ

103 4788 146 4838 εἴ
171 4807 243 4856 τις
274 4802 613 4869 προφητεύει,
651 4806 934 4875 προφήτης
967 4806 1116 4860 ἐστὶν
1149 4808 1374 4869 ἐκεῖνος.
1417 4809 1475 4862 '0
1504 4808 1633 4877 γοῦν

101 4877 342 4972 Καϊάφας,
377 4911 393 4943 ι
416 4895 702 4966 ἀρχιερεὺς
727 4895 802 4949 ῶν
830 4897 921 4950 τοῦ
950 4897 1194 4952 ἐνιαυτοῦ
1223 4898 1450 4962 ἐκείνου,
1476 4918 1636 4972 προε-

104 4970 305 5068 (PT-3303
342 4982 450 5050 μὲν.
485 4986 564 5038 ὅτι
599 4985 819 5056 ἔμελλεν
866 4989 1069 5057 Ἰησοῦς
1101 4987 1463 5059 ἀποθνήσκειν
1493 4970 1634 5064 ὑπὲρ

104 5063 180 5161 ’Ξοῦ
211 5063 406 5134 ἔθνουςο
440 5077 532 5128 καὶ
564 5077 661 5148 οὐχ
693 5078 832 5149 ὑπὲρ
889 5079 981 5132 τοῦ
1044 5079 1228 5144 ἔθνους
1285 5082 1462 5151 μόνον,
1521 5063 1646 5135 ἀλλ’

108 5163 178 5202 ινα
229 5161 312 5213 καὶ
371 5166 438 5220 τὰ
497 5169 660 5223 τέκνα
720 5171 816 5224 τοῦ
879 5170 1012 5225 Θεοῦ
1079 5173 1148 5225 τὰ
1212 5173 1633 5246 διεσκορπισμέ-

108 5253 161 5344 tu
212 5257 468 5344 Ῥναγάγῃ
517 5262 596 5325 εἰς
653 5261 732 5324 ἓν,
807 5284 827 5315 ι
883 5265 943 5317 οὐ
1010 5265 1116 5336 μὴν
1180 5266 1274 5318 καὶ
1347 5267 1632 5338 προφήτης

108 5337 180 5398 ὴν.
223 5337 277 5393 Εἰ
318 5345 370 5400 δὲ
403 5353 492 5404 καὶ
546 5353 774 5425 Βαλαὰμ
831 5358 1202 5426 προεφήτευσε
1267 5354 1336 5408 τὰ
1393 5358 1451 5408 ἐν
1520 5359 1632 5420 τοῖς

169 5523 186 5555 ¹
209 5525 519 5607 Psal.xxxn,
545 5541 630 5595 lO.
707 5543 726 5573 ²
757 5541 912 5595 Rom.
947 5557 1021 5607 χι,
1055 5541 1136 5594 ll.
1215 5540 1236 5572 ³
1260 5541 1275 5594 l
1303 5541 1446 5597 Petr.
1471 5557 1531 5602 ιι,
1563 5541 1650 5596 ll).

296 5668 460 5748 Cede:
486 5676 706 5746 Regius,
735 5678 842 5730 ἀπὸ
861 5678 957 5747 τῆς
983 5678 1040 5743 ἐξ
1066 5677 1286 5731 ἐκείνων
1313 5675 1622 5748 ἐπιϐουλῆς.

176 5736 275 5806 (99)
302 5741 463 5799 Codex
497 5736 718 5818 Regius,
745 5736 1011 5818 βούλεται.

1744 4531 2064 4586 moriturum
2091 4542 2210 4582 esse
2238 4543 2334 4596 pro
2356 4536 2542 4597 gente;
2563 4536 2616 4580 et
2639 4542 2743 4579 non
2769 4537 2975 4579 tantum
3013 4544 3110 4596 pro
3133 4540 3291 4596 gente

1742 4623 1838 4677 sed
1865 4633 1922 4675 ut
1956 4621 2119 4675 etiam
2157 4620 2298 4672 ﬁlios
2335 4617 2449 4680 Dei,
2479 4619 2570 4686 qni
2606 4627 2764 4670 erant
2803 4617 3056 4686 dispersi,
3093 4636 3318 4690 congre-

1742 4725 1894 4785 garet
1925 4716 1975 4768 in
2008 4729 2169 4766 unum
2185 4713 2226 4766 ⁸.
2251 4732 2270 4763 ι
2307 4712 2444 4773 Non,
2471 4712 2515 4764 si
2540 4711 2660 4780 quis
2681 4713 2992 4779 prophetat,
3035 4704 3313 4784 ideo’pro.

1741 4809 1903 4878 pheta
1926 4805 2308 4874 est.Caiaphas
2336 4804 2496 4871 igitur
2517 4821 2536 4854 ι
2573 4803 2811 4874 pontifex
2845 4821 2969 4859 cum
3014 4817 3156 4862 esset
3183 4811 3313 4865 anni

1743 4897 1907 4961 illius,
1937 4896 2276 4969 prophetavit
2310 4914 2328 4947 ι
2356 4895 2574 4964 quidem
2611 4913 2630 4946 ι
2653 4894 2838 4951 Jesnm
2871 4899 3192 4954 moriturum
3217 4916 3315 4971 pro

1743 4998 2003 5058 gentezet
2025 5005 2133 5043 non
2159 5004 2257 5058 pro
2281 4998 2439 5058 gente
2462 4997 2691 5053 tantum,
2713 4990 2806 5043 sed
2831 4999 2888 5042 ut
2919 4990 3056 5044 ﬁlios
3082 4991 3196 5058 Dei,
3220 4993 3312 5062 qui

1743 5092 1897 5136 erant
1925 5081 2176 5152 dispersi,
2216 5083 2645 5152 congregaretin
2673 5097 2878 5147 unum;
2911 5101 2928 5135 ι
2953 5085 3094 5138 haud
3133 5094 3312 5141 tamen

1743 5174 2005 5241 propheta
2041 5182 2179 5228 erat.
2224 5175 2379 5240 Quod
2424 5174 2471 5228 si
2516 5173 2680 5228 etiam
2719 5174 2932 5228 Balaam
2970 5177 3314 5244 prophetavit

1738 5280 1859 5335 qua:
1878 5267 1930 5319 in
1952 5266 2314 5321 Numerorum
2340 5267 2477 5322 libro
2497 5281 2622 5322 sunt
2644 5269 2870 5337 scripta,
2899 5269 3113 5322 dicens:
3136 5286 3154 5320 ι
3180 5269 3314 5326 Ver-

1737 5360 1863 5413 bum
1895 5357 2060 5430 385
2102 5361 2244 5429 quod
2286 5361 2571 5418 immiserit
2616 5361 2758 5419 Deus
2793 5361 2842 5415 in
2859 5375 2921 5418 os
2967 5375 3172 5428 meum,
3208 5362 3312 5420 hoc

1725 5539 1746 5571 ⁸
1774 5539 1947 5596 Galat.
1978 5556 2030 5605 ν.
2057 5541 2143 5595 l7.
2211 5542 2231 5574 ⁵
2253 5542 2410 5600 Joan.
2438 5560 2514 5608 χι,
2537 5544 2606 5601 49
2631 5561 2746 5614 seq.

1811 5676 1883 5750 (ί)
1917 5676 2056 5750 hiem
2084 5679 2254 5750 codex
2278 5677 2475 5746 Regius
2521 5679 2846 5750 ἐμποδίζειν.

1813 5748 1887 5818 (‘2)
1921 5749 2100 5803 Codex
2132 5748 2349 5818 lit-gius,
2386 5748 2737 5820 βουλομένων.
