3688 6146
77 251 122 300 71
129 253 180 304 ο9

1075 253 1429 311 COMMENT.
1464 253 1526 307 IN
1567 252 1758 309 JOAN.
1797 249 2039 306 TOMUS
2082 250 2316 307 XXVIII.

3233 259 3337 314 7I0

79 386 99 420 ι
131 367 197 421 οι
227 368 290 424 δὲ
321 369 608 442 ἀρχιερεῖς
640 373 733 425 καὶ
770 372 830 425 τὸ
874 373 1147 445 συνέδριον
1178 375 1255 447 (8)
1286 376 1632 448 ἐζήτουνψευ

1812 372 2099 427 rehensum
2123 371 2309 426 Jesum
2351 373 2695 432 abduxerunt
2719 377 2785 432 ad
2800 377 3096 449 Caiapham
3128 381 3335 452 princi-

70 461 456 535 δομαρτυρίαν
505 466 644 519 κατά
677 467 768 519 τοῦ
817 467 990 538 Ἰησοῦ
1015 511 1030 536 ,
1081 471 1229 535 ὅπως
1269 471 1662 528 θανατώσουσιν

73 553 236 608 αὐτόν
262 571 277 585 °
312 555 412 608 καὶ
445 557 542 628 οὐχ
568 550 747 630 εὗρον,
779 561 990 614 πολλῶν
1023 563 1426 634 προσελθόντων
1469 565 1662 635 ψευδο·-

78 646 400 719 μαρτύρων·
449 648 676 720 ὕστερον
718 651 775 704 δὲ
824 653 1208 725 προσελθόντες
1239 656 1333 711 δύο
1360 658 1664 730 ψευδομάρ-

73 755 234 810 τυρες
292 735 456 793 εἷπον
477 757 491 772 ο
537 736 706 805 Οὗτος
748 743 888 816 ἔφη’
933 747 1174 819 Δύναμαι
1225 750 1522 804 καταλῦσαι
1571 753 1663 806 τὸν

73 833 196 886 ναὸν
239 834 337 887 τοῦ
379 834 543 902 Θεοῦ,
579 837 674 890 καὶ⁵
704 837 790 891 διὰ
827 839 993 910 τριῶν
1031 842 1254 914 ἡμερῶν
1285 845 1658 917 οἰκοδομῆσαι.

77 929 180 981 Καὶ
214 927 468 992 ἀναστὰς
502 931 530 983 6
562 930 851 1004 ἀρχιερεὺς
899 927 1052 986 εἶπεν
1098 935 1273 1007 αὐτῷ·
1309 936 1476 990 Οὐδὲν
1526 938 1662 991 ἀπο-

74 1020 262 1090 κρίνῃς
301 1020 368 1072 Τί
401 1013 553 1075 οὗτοί
587 1040 677 1076 σου
711 1027 1253 1098 καταμαρτυροῦσιν;
1289 1029 1346 1082 Ὀ
1367 1029 1423 1083 δὲ
1451 1029 1661 1102 Ἰησοῦς

77 1111 304 1164 ἐσιώπα.
337 1114 450 1166 Καὶ
481 1116 510 1166 6
539 1115 828 1186 ἀρχιερεὺς
869 1111 1023 1171 εἶπεν
1061 1119 1234 1190 αὐτῷ·
1276 1121 1568 1194 Ἐξορκίζω
1599 1139 1658 1176 σε

76 1203 212 1256 κατά
242 1204 336 1257 τοῦ
367 1205 508 1260 Θεοῦ
544 1206 744 1272 ζῶντος
764 1249 778 1272 ,
807 1209 895 1262 ἵνα
914 1212 1047 1281 ἡμῖν
1075 1211 1237 1284 εἴπῃς
1261 1215 1310 1267 εἰ
1331 1214 1394 1266 σὺ
1413 1212 1504 1270 εῐό
1525 1218 1659 1288 Χρι-

79 1296 196 1359 στος
240 1297 270 1348 ὀ
315 1297 452 1362 Υἱὸς
493 1300 588 1352 τοῦ
636 1300 792 1355 Θεοῦ.
834 1302 998 1371 Λέγει
1045 1303 1192 1376 αύτῷ
1227 1307 1256 1359 6
1293 1307 1530 1378 Ἰησοῦς·
1582 1311 1655 1364 Σὺ

79 1383 250 1451 εἴπας.
300 1389 453 1461 Πλὴν
477 1390 620 1460 λέγω
642 1392 790 1464 ὑμῖν,
827 1393 1030 1465 ἀπάρτι
1054 1397 1248 1465 ὄψεσθε
1284 1399 1372 1453 τὸν
1402 1400 1530 1454 Υίὸν
1558 1401 1654 1456 τοῦ

77 1479 355 1553 ἀνθρώπου
392 1482 704 1554 καθήμενον
734 1487 800 1539 ὲκ
836 1484 1024 1552 δεξιῶν
1067 1489 1168 1559 τῆς
1216 1490 1515 1562 δυνάμεως,
1561 1497 1656 1548 καὶ

76 1572 361 1644 ἐρχόμενον
387 1575 484 1627 ἐπὶ
523 1576 630 1631 τῶν
662 1578 901 1648 νεφελῶν
933 1580 1026 1634 τοῦ
1063 1583 1314 1654 οὐρανοῦ.
1340 1586 1475 1640 Τότε
1505 1587 1532 1639 6
1557 1589 1656 1660 ἀρ-

78 1670 282 1740 χιερεὺς
321 1671 581 1743 διέρρηξε
615 1673 684 1728 τὰ
730 1674 921 1745 ίμάτια
968 1677 1156 1742 αὐτοῦ,
1209 1678 1416 1748 λέγων·
1461 1683 1650 1740 Ἐϐλα-

1765 477 1886 532 pem
1919 463 2285 526 sacerdotum,
2328 465 2418 518 ubi
2454 465 2662 522 Scriba:
2688 478 2742 523 et
2767 469 3014 526 seniores
3065 487 3336 529 convene-

1767 564 1891 608 rant
1919 571 1933 621 ;
1967 573 1986 606 ι
2025 566 2146 625 post
2180 571 2350 626 pauca
2372 559 2537 614 etiam
2574 559 2740 616 infert
2764 561 2807 594 ³⁸
2835 579 2848 615 :
2887 581 2905 614 ι
2941 561 3221 633 Principes
3243 581 3338 620 au-

1766 655 1872 700 tem
1905 647 2247 702 sacerdotum
2271 659 2327 704 et
2356 652 2648 707 concilium
2683 655 3001 722 quaerebant
3030 655 3224 712 falsum
3255 668 3337 712 te-

1763 737 2078 792 stimonium
2113 749 2303 794 contra
2334 739 2539 810 Jesum,
2571 754 2632 797 ut
2667 746 2828 799 morti
2857 761 2978 800 eum
3011 747 3332 815 traderent,

1761 840 1816 883 et
1841 844 1948 884 non
1981 831 2351 900 inveniebant,
2375 835 2538 890 etiam
2565 852 2685 892 cum
2712 839 2864 892 multi
2893 838 3010 894 falsi
3048 849 3211 897 testes
3238 856 3331 896 ac-

1762 921 2059 977 cessissent
2089 941 2104 978 :
2161 933 2438 994 postremo
2467 938 2648 983 autem
2695 929 3034 986 advenerunt
3071 933 3180 988 duo
3207 933 3332 990 falsi

1762 1020 1949 1078 testes,
1989 1025 2046 1070 et
2074 1017 2345 1072 dixerunt
2375 1036 2388 1072 :
2423 1017 2521 1073 Hic
2564 1021 2736 1075 dixit:
2775 1021 3000 1078 Possum
3048 1025 3333 1082 destruere

1763 1104 2020 1173 templum
2052 1105 2167 1172 Dei,
2199 1118 2255 1162 et
2281 1109 2334 1162 in
2362 1109 2548 1164 triduo
2583 1112 2857 1167 aedificare
2894 1113 3046 1168 illud.
3095 1114 3163 1169 Et
3213 1131 3336 1172 sur-

1760 1212 1893 1268 gens
1913 1197 2165 1269 princeps
2187 1203 2530 1256 sacerdonum
2563 1203 2642 1257 ait
2673 1203 2748 1257 illi
2777 1222 2792 1257 :
2823 1203 2971 1259 Nihil
2997 1208 3335 1276 respondes?

1759 1288 1870 1344 Cur
1890 1290 1974 1346 isti
2000 1293 2285 1347 adversum
2323 1302 2374 1348 te
2399 1294 2804 1349 testiﬁcantur?
2832 1296 2991 1352 Jcsus
3041 1308 3219 1354 autem
3252 1309 3332 1354 ta-

1758 1382 1935 1439 cebat.
1967 1383 2033 1437 Et
2068 1383 2321 1456 princeps
2349 1387 2691 1442 sacerdotum
2733 1386 2868 1442 dixit
2897 1389 2968 1442 illi
3000 1407 3013 1443 :
3053 1390 3256 1460 Adjuro
3281 1401 3333 1447 te

1757 1486 1854 1541 per
1883 1474 2049 1528 Deum
2072 1475 2276 1542 vivum,
2313 1484 2372 1529 ut
2407 1477 2554 1531 dicas
2593 1477 2747 1532 nobis
2777 1494 2845 1533 an
2878 1488 2932 1534 tu
2979 1481 3056 1536 sis
3080 1481 3332 1538 Christus

1757 1564 1931 1621 Filius
1952 1567 2068 1622 Dei.
2101 1568 2243 1623 Dicit
2268 1568 2556 1625 illiJesus:
2589 1569 2668 1623 Tu
2706 1571 2915 1627 dixisti.
2942 1572 3329 1631 Verumtamen

1756 1660 1877 1716 dico
1913 1662 2108 1717 vobis:
2141 1661 2257 1732 jam
2292 1663 2419 1718 hinc
2455 1663 2709 1720 videbitis
2735 1665 2930 1720 Filium
2973 1667 3212 1723 hominis
3235 1683 3326 1724 se-

77 1733 343 1832 σφὴμησε’
380 1733 550 1818 {te};
577 1733 764 1836 χρείαν
797 1767 994 1838 ἔχομεν
1023 1733 1369 1842 μαρτύρωνι
1393 1733 1632 1829 Ἰδοῦνῦι

1807 1762 1972 1809 antem
1996 1769 2026 1808 a
2051 1755 2258 1810 dextris
2287 1756 2566 1825 potentiae,
2596 1767 2649 1812 et
2672 1759 2978 1814 venientem
3009 1760 3061 1814 in
3095 1761 3334 1817 nubibus

79 1853 341 1921 ἠκούσατε
384 1857 489 1923 τὴν
543 1857 890 1930 βλασφημίαν
943 1861 1146 1915 αὐτοῦ·
1201 1865 1255 1918 τί
1303 1865 1431 1937 ὑμῖν
1466 1869 1647 1936 δοκεῖς

76 1946 131 1998 Οί
163 1945 218 1999 δὲ
247 1947 650 2020 ἀποκριθέντες
680 1947 854 2005 εἷπον·
894 1954 1117 2026 Ἔνοχος
1143 1956 1372 2012 θανάτου
1413 1960 1580 2016 ἐστίν.
1625 1982 1643 2015 ι

78 2032 198 2088 Εἶτα
227 2038 386 2092 πάλιν
418 2039 542 2110 μεθ’
573 2041 766 2113 ἕτεραι
801 2062 820 2094 ι
861 2044 974 2097 Καὶ
1001 2047 1058 2098 ὲν
1100 2046 1178 2118 τῷ
1228 2053 1648 2124 κατηγορεῖσθαι

76 2128 228 2180 αὐτὸν
266 2130 371 2183 ὑπὸ
403 2131 519 2185 τῶν
563 2134 862 2206 ἀρχιερέων
914 2137 1008 2191 ναὶ
1059 2139 1445 2214 πρεσϐυτέρων
1495 2145 1648 2198 οὐδὲν

80 2220 410 2292 ἀπεκρίνετο.
453 2243 472 2274 ι
526 2226 635 2278 Καὶ
665 2226 828 2281 πάλιν
861 2229 977 2299 μετ’
1007 2229 1180 2301 ὀλίγα·
1218 2251 1238 2284 ι
1270 2235 1331 2286 OE
1360 2234 1416 2287 δὲ
1457 2236 1647 2308 ἀρχιε-

82 2314 183 2382 ρεῖς
220 2315 313 2367 καὶ
344 2317 392 2368 oi
421 2317 782 2390 πρεσϐύτεροι
822 2320 1044 2376 ἔπεισαν
1070 2325 1194 2389 τοὺς
1225 2325 1414 2396 ὄχλους
1449 2328 1533 2382 ἵνα
1565 2331 1648 2383 αί-

80 2407 331 2476 τήσωνται
359 2409 450 2460 τὸν
497 2410 786 2480 Βαραϐϐᾶν
815 2455 828 2477 ,
865 2414 957 2468 τὸν
1003 2417 1060 2470 δὲ
1108 2417 1313 2489 Ἰησοῦν
1361 2420 1644 2475 ἀπολέσω-

81 2513 176 2550 σιν.
215 2519 230 2548 »
279 2496 414 2554 Εἶτα
463 2502 604 2572 μετά
647 2504 745 2576 τὴν
802 2507 1094 2562 ἀνάστασιν
1138 2509 1230 2563 τοῦ
1267 2511 1518 2582 Σωτῆρος
1551 2531 1647 2566 πο-

86 2592 372 2660 ρευομένων
401 2595 625 2665 Μαρίας
671 2598 768 2668 τῆς
801 2600 1185 2673 Μαγδαληνῆς,
1219 2603 1312 2656 καὶ
1345 2604 1444 2674 τῆς
1478 2604 1645 2676 ἄλλης

83 2685 300 2755 Μαρίας,
331 2707 347 2738 ι
385 2689 500 2742 ίδού
520 2707 662 2754 τινες
681 2691 782 2761 τῆς
812 2693 1140 2758 κουστωδίας
1169 2694 1411 2760 ἐλθόντες
1440 2698 1518 2760 εἰς
1549 2697 1644 2768 τὴν

86 2774 223 2827 πόλιν
246 2776 589 2848 ἀπήγγειλαν
625 2781 738 2843 τοῖς
769 2780 1085 2852 ἀρχιερεῦσι
1139 2783 1316 2838 πάντα
1366 2785 1436 2837 τὰ
1487 2786 1642 2854 γενό-

87 2879 240 2923 μενα’
292 2866 385 2918 καὶ
438 2868 800 2938 συναχθέντες
862 2872 1000 2942 μετὰ
1045 2873 1152 2926 τῶν
1211 2874 1600 2948 πρεσϐυτέρων
1625 2917 1640 2939 ,

87 2955 383 3024 συμϐούλιόν
412 2977 476 3012 τε
515 2959 769 3026 λαϐόντες
787 3001 803 3027 ,
835 2962 1074 3036 ἀργύρια
1104 2964 1268 3020 ἱκανὰ
1296 2965 1500 3021 ἔδωκαν
1532 2971 1643 3032 τοῖς

87 3048 436 3154 στρατιιὲταις,
476 3051 758 3122 λέγοντες·
808 3055 1046 3122 Εἴπατε,
1075 3059 1159 3112 ὅτι
1197 3060 1247 3112 οἱ
1280 3060 1515 3132 μαθηταὶ
1547 3063 1644 3115 αὐ·
1671 3093 1716 3154 c

87 3133 187 3200 τοῦ,
212 3136 446 3204 ἐλθόντες
484 3142 706 3206 νυκτὸς,
758 3143 989 3215 ἔκλεψαν
1037 3146 1220 3212 αὐτὸν,
1255 3149 1411 3220 ἡμῶν
1439 3167 1646 3223 κοιμω-

90 3223 279 3292 μένων·
312 3230 415 3284 κᾶν
440 3232 686 3304 ἀκουσθῇ
714 3234 874 3287 τοῦτο
907 3236 1000 3288 ἐπὶ
1026 3235 1121 3289 τοῦ
1153 3238 1441 3310 ἡγεμόνος,
1480 3244 1646 3312 ἡμεῖς

90 3318 326 3389 πείσομεν
365 3323 531 3376 αὑτὸν
579 3323 654 3396 (9)
681 3365 696 3387 ,
733 3327 826 3380 καὶ¹
859 3327 1006 3398 ὑμᾶς
1042 3329 1382 3402 ἀμερίμνους
1423 3335 1645 3407 ποιήσο-

92 3419 226 3472 μεν.)
257 3409 466 3476 Λουκᾶς
488 3412 544 3466 δὲ
573 3413 915 3486 ἀνέγραψεν,
946 3417 1049 3481 ὅτι,
1087 3436 1106 3468 ι
1138 3418 1367 3490 Είσῆλθε
1396 3422 1645 3488 Σατανᾶς

91 3497 159 3558 είς
197 3498 380 3555 Ἰούδαν
412 3505 842 3578 ἐπικαλούμενον
885 3508 1255 3581 Ἰσκαριώτην,
1283 3511 1409 3566 ὄντα
1443 3515 1506 3567 ἐκ
1548 3515 1642 3568 τοῦ

91 3588 298 3662 ἀριθμοῦ
340 3596 446 3650 τῶν
479 3597 707 3663 δώδεκα,
747 3601 841 3654 καὶ
875 3602 1125 3656 ἀπελθὼν
1172 3605 1499 3678 συνελάλησε
1531 3611 1644 3672 τοῖς

92 3679 376 3755 ἀρχιερεῦσι
420 3691 520 3742 καὶ
574 3695 900 3762 στρατηγοῖς
933 3733 950 3757 ,
1005 3694 1156 3759 ὅπως
1200 3696 1361 3752 αὑτὸν
1415 3700 1644 3772 παραδῷ

92 3777 272 3842 αὐτοῖς.
300 3799 317 3830 ι
352 3780 485 3835 Εἶτα
509 3785 626 3855 μετ’
655 3783 828 3853 ὀλίγα·
860 3805 878 3837 ι
904 3783 1068 3852 Εἷπε,
1125 3789 1310 3861 φησὶν,
1347 3792 1376 3844 ὀ
1437 3790 1643 3861 Ἰησοῦς

95 3867 212 3934 πρὸς
238 3871 355 3936 τοὺς
394 3876 874 3947 παραγενομένους
918 3879 1005 3931 ἐπ’
1035 3879 1194 3934 αὐτὸν
1227 3881 1500 3954 ἀρχιερεῖς
1547 3884 1643 3955 καὶ

96 3964 404 4030 στρατηγοὺς
456 3963 553 4018 τοῦ
608 3965 752 4038 ἱεροῦ
776 4005 791 4030 ,
832 3968 926 4020 καὶ
957 3969 1378 4042 πρεσϐυτέρους·
1426 3973 1513 4037 Ὠς
1546 3973 1641 4028 ἐπὶ

94 4044 272 4121 λῃστὴν
302 4054 551 4127 ἐξήλθετε
585 4058 722 4128 μετὰ
779 4059 1059 4132 μαχαιρῶν
1112 4063 1206 4116 καὶ
1263 4061 1452 4128 ξύλων·
1489 4085 1508 4117 ›
1548 4068 1642 4120 καὶ

97 4142 198 4207 μετ’
225 4144 369 4215 ὀλίγα
392 4166 405 4179 ο
443 4169 464 4201 ι
497 4151 862 4215 Συλλαϐόντες
908 4154 1072 4207 αὑτὸν
1108 4151 1244 4225 ἦγον
1267 4197 1281 4220 ,
1336 4160 1432 4210 καὶ
1490 4159 1642 4230 εἰσή-

95 4247 243 4322 γαγον
265 4241 339 4303 είς
362 4243 464 4315 τὴν
497 4243 675 4298 οίκίαν
715 4244 810 4297 τοῦ
850 4245 1173 4318 ἀρχιερέως
1203 4267 1221 4298 ι
1252 4249 1346 4302 καὶ
1395 4249 1475 4303 ἔτι
1521 4250 1637 4322 μετ’

95 4321 246 4388 ὀλίγα·
271 4349 288 4382 ι
321 4332 678 4407 Εἱστὴκεισαν
707 4339 756 4390 oi
779 4337 1058 4409 ἀρχιερεῖς
1089 4339 1180 4392 καὶ
1213 4341 1260 4393 οἱ
1289 4345 1636 4412 γραμματεῖς

1756 1844 1900 1901 caeli.
1924 1845 2076 1900 Tunc
2097 1846 2352 1916 princeps
2384 1849 2727 1902 sacerdotum
2750 1847 2983 1919 disrupit
3005 1851 3329 1906 vestimenta

1756 1953 1852 1993 sua
1883 1939 2110 1995 dicens:
2138 1938 2461 1994 Proloculus
2495 1949 2580 1994 est
2625 1940 3052 2011 blasphemiam;
3102 1944 3232 2014 quid
3257 1945 3332 1999 in-

1755 2043 1919 2098 super
1939 2044 2158 2099 egemus
2191 2028 2464 2084 testibus?
2493 2029 2634 2084 Ecce
2665 2048 2806 2086 nunc
2829 2033 3058 2088 audistis
3082 2033 3332 2103 blasphe-

1756 2122 1922 2176 miam
1947 2122 2068 2191 ejus
2096 2140 2111 2189 ;
2148 2123 2280 2192 quid
2308 2121 2464 2177 vobis
2493 2121 2752 2178 videtur?
2780 2125 2849 2178 At
2889 2124 2962 2178 illi
2996 2127 3330 2196 responden-

1755 2221 1835 2270 tes
1860 2215 2155 2270 dixerunt:
2197 2215 2341 2270 Reus
2369 2223 2454 2270 est
2504 2217 2720 2272 mortis.
2775 2235 2796 2268 ι
2851 2217 3060 2273 Deinde
3109 2234 3326 2274 rursum

1753 2318 1876 2377 post
1896 2308 2002 2363 alia
2035 2310 2124 2364 ‘5:
2167 2327 2186 2360 ι
2229 2309 2296 2363 Ει
2348 2326 2470 2366 cum
2523 2321 2879 2366 accusaretur
2905 2325 2936 2365 a
2985 2311 3330 2382 principibus

1755 2401 2098 2456 sacerdotum
2128 2411 2182 2455 et
2209 2403 2540 2466 senioribus,
2595 2402 2734 2457 nihil
2785 2403 3087 2472 respondit.
3124 2421 3144 2456 ι
3184 2402 3328 2458 Rur-

1753 2508 1980 2562 sumque
2027 2505 2150 2564 post
2204 2510 2377 2564 pauca
2408 2496 2498 2549 ":
2536 2513 2555 2546 ι
2597 2495 2878 2565 Principes
2914 2505 3095 2550 autem
3143 2511 3321 2552 sacer-

1751 2589 1936 2642 dotum
1976 2598 2032 2642 et
2057 2587 2302 2644 seniores
2337 2587 3124 2656 persuaseruntmultitudini,
3152 2598 3211 2643 ut
3233 2605 3328 2659 pe-

1754 2689 1929 2736 terent
1966 2679 2286 2748 Barabbam,
2321 2679 2507 2735 Jesum
2555 2695 2685 2734 vero
2713 2681 3022 2749 perderent.
3055 2699 3076 2734 ι
3131 2679 3324 2737 Postea

1749 2780 1874 2841 post
1895 2771 2350 2826 resurrectionem
2393 2772 2735 2838 Servatoris,
2776 2773 3104 2828 abeuntibus
3155 2770 3326 2828 Maria

1749 2863 2064 2935 Magdalena
2091 2876 2146 2919 et
2183 2864 2352 2920 altera
2385 2863 2575 2932 Maria,
2606 2884 2624 2918 ι
2671 2879 2804 2920 ecce
2836 2865 3056 2935 quidam
3105 2880 3175 2920 ex
3229 2879 3328 2920 cu-

1750 2957 1921 3011 stodia
1958 2967 2221 3012 venerunt
2249 2957 2301 3012 in
2333 2957 2634 3024 civitatem,
2667 2972 2731 3013 ac
2769 2958 3088 3012 nuntiarunt
3117 2956 3322 3028 princi-

1751 3047 1908 3117 pibus
1955 3051 2296 3104 sacerdotum
2346 3049 2529 3104 omnia
2563 3063 2684 3119 quae
2734 3049 3046 3104 acciderant
3075 3066 3088 3103 :
3117 3055 3172 3102 et
3195 3063 3326 3102 con-

1747 3140 1952 3210 gregali
2003 3155 2127 3195 cum
2178 3142 2518 3206 senioribus,
2553 3141 2784 3198 consilio
2821 3149 3000 3210 capto,
3036 3139 3320 3210 pecuniam

1745 3247 2091 3286 numerosam
2126 3231 2391 3288 dederunt
2438 3232 2712 3289 militibus
2764 3233 3007 3287 dicentes
3039 3247 3053 3285 ι
3097 3231 3318 3287 Dicite:

1746 3324 2000 3394 Discipuli
2039 3325 2156 3395 ejus
2183 3337 2342 3381 nocte
2364 3334 2655 3392 venerunt,
2698 3334 2754 3381 et
2788 3326 2953 3379 furati
2987 3333 3116 3379 sunt
3149 3339 3274 3379 eum
3301 3365 3320 3389 ,

1744 3417 1900 3471 nobis
1936 3417 2375 3484 dormientibus;
2413 3427 2470 3475 et
2519 3419 2564 3474 si
2599 3421 2704 3474 hoc
2730 3417 2978 3474 auditum
3002 3417 3165 3472 fuerit
3216 3417 3320 3475 sub

1743 3505 1991 3576 praeside,
2018 3521 2116 3561 nos
2144 3510 2591 3577 persuadebimus
2627 3509 2703 3573 ei,
2738 3518 2793 3563 et
2829 3523 3054 3564 securos
3095 3524 3191 3563 vos
3240 3507 3323 3563 fa-

1743 3597 1951 3652 ciemus
1978 3599 2042 3652 ".
2083 3618 2103 3651 ι
2147 3601 2212 3653 Αι
2243 3599 2418 3656 Lucas
2446 3602 2490 3633 ¹⁸
2522 3601 2738 3672 scripsit
2762 3601 2902 3670 quod
2934 3619 2952 3652 ι
2983 3600 3260 3671 ingressus
3293 3620 3313 3653 ι

1742 3687 1909 3744 fuerit
1943 3707 1962 3741 ι
2004 3689 2236 3746 Satanas
2269 3693 2320 3746 in
2347 3691 2562 3754 Iudam,
2591 3693 2674 3747 cui
2703 3705 3000 3764 cognomen
3029 3700 3149 3746 erat
3178 3689 3320 3748 Isca-

1743 3781 1932 3849 riotes,
1956 3783 2048 3852 qui
2074 3795 2194 3838 erat
2233 3801 2297 3840 ex
2341 3800 2568 3841 numero
2587 3785 2894 3850 duodecim,
2926 3783 3169 3854 abiitque
3190 3823 3205 3848 ,
3263 3793 3320 3839 et

1739 3872 1954 3930 locutus
1969 3884 2053 3930 est
2073 3890 2194 3931 cmn
2221 3875 2557 3947 principibus
2579 3877 2944 3942 sacerdotum,
2961 3890 3024 3930 ac
3041 3875 3320 3948 magistra-

1743 3967 1912 4032 tibus,
1938 3969 2210 4036 quomodo
2244 3983 2369 4024 eum
2419 3969 2659 4025 traderet
2710 3967 2835 4024 illis.
2879 3987 2897 4020 ι
2938 3967 3144 4024 Deinde
3191 3979 3320 4038 post

1738 4074 1908 4128 pauca
1941 4061 2029 4114 ηε
2064 4078 2084 4112 ι
2132 4060 2302 4128 Dixit,
2357 4062 2552 4132 inquit,
2576 4059 2736 4116 Jesus
2787 4060 2853 4114 iis
2907 4059 3002 4130 qui
3049 4069 3319 4114 venerant

1738 4151 1904 4224 387
1935 4155 2002 4209 ad
2035 4168 2115 4220 se,
2137 4154 2474 4226 principibus
2498 4154 2861 4217 sacerdotum,
2893 4167 2958 4207 ac
2992 4152 3321 4222 magistrati-

1739 4245 1842 4300 bus
1870 4245 2072 4314 templi,
2097 4254 2150 4300 et
2170 4246 2478 4300 senioribus
2499 4262 2514 4297 :
2539 4244 2705 4310 Quasi
2735 4245 2800 4298 ad
2829 4243 3096 4298 latronem
3125 4241 3320 4299 existis

1740 4349 1861 4389 cum
1889 4333 2084 4404 gladiis
2133 4345 2189 4389 et
2228 4335 2477 4390 fustibus.
2509 4354 2529 4388 ι
2558 4336 2618 4388 Et
2643 4343 2761 4404 post
2784 4351 2955 4405 pauca
2973 4334 3018 4366 "
3053 4353 3066 4389 :
3097 4353 3117 4386 ι
3153 4333 3320 4389 Com-

98 4417 298 4486 εὑτόνως
329 4427 756 4501 κατηγοροῦντες
789 4430 973 4484 αὐτοῦ·
1014 4451 1032 4483 ι
1067 4433 1160 4487 καὶ
1193 4433 1353 4487 πάλιν
1388 4434 1504 4505 μετ’
1524 4434 1632 4488 ὀλί-

1807 4427 2068 4482 ehensum
2095 4436 2279 4482 autem
2311 4443 2433 4482 eum
2468 4427 2765 4491 duxerunt,
2793 4437 2850 4482 et
2881 4427 3214 4482 induxerunt
3262 4427 3317 4482 in

100 4521 176 4598 Ὑφ’
214 4529 231 4563 ι
267 4513 346 4580 Ὠς
376 4520 558 4590 ἡμέρά
585 4521 694 4592 (10)
723 4523 938 4591 ἐγένετο
963 4563 978 4586 ,
1012 4524 1251 4596 συνήχθη
1297 4525 1358 4578 τὸ
1401 4527 1640 4598 πρεσϐυ-

101 4597 255 4669 τέριον
301 4609 388 4662 τοῦ
435 4609 589 4675 λαοῦ,
626 4611 901 4685 ἀρχιερεῖς
929 4631 988 4667 τε
1015 4615 1110 4668 καὶ
1139 4597 1506 4686 γραμματεῖς,
1543 4617 1638 4670 καὶ

102 4689 353 4766 ἀπήγαγον
391 4705 552 4759 αὑτὸν
599 4708 679 4769 εἰς
731 4707 792 4759 τὸ
845 4707 1120 4776 συνέδριον
1168 4708 1368 4764 αὐτῶν.
1405 4727 1424 4760 ι
1471 4709 1529 4763 '0
1579 4710 1636 4762 δὲ

103 4783 295 4858 Μάρκος
325 4797 481 4866 φησὶν
509 4838 524 4860 ,
579 4798 661 4851 ὅτι
717 4817 736 4849 ι
774 4797 974 4862 Ἰούδας
1010 4798 1382 4870 Ἰσκαριώτης,
1413 4793 1494 4866 εἷς
1527 4799 1635 4854 τῶν

104 4873 300 4948 δώδεκα,
334 4889 598 4960 προσῆλθε
632 4889 767 4962 πρὸς
789 4890 916 4954 τοὺς
953 4891 1229 4963 ἀρχιερεῖς
1247 4931 1262 4955 ν
1291 4893 1378 4946 ἵνα
1409 4889 1636 4963 παραδῷ

105 4966 260 5024 αὐτόν·
284 4979 330 5030 οἱ
359 4978 413 5032 δὲ
451 4981 782 5045 ἀκούσαντες
808 4981 1105 5054 ἐχάρησαν.
1141 4983 1238 5038 καὶ⁹
1269 4983 1636 5054 ἐπηγγείλαν-

106 5070 157 5109 το
175 5061 424 5141 (Intrii-:1]:
439 5071 698 5144 ἀργύριον
718 5071 920 5127 δοῦναι*
951 5093 969 5124 ι
999 5073 1092 5127 καὶ
1117 5073 1234 5144 μετ’
1261 5073 1439 5143 ὀλίγα⁹
1477 5076 1633 5129 «Ἔτι

109 5148 186 5202 τοῦ
213 5153 369 5226 Ἰησοῦ
389 5161 692 5228 λαλοῦντος,
721 5165 1079 5238 παραγίνεται
1118 5163 1319 5228 Ἰούδας
1349 5165 1632 5238 Ἰσκαριώ-

169 5240 403 5327 illiilli.
428 5272 574 5318 nrt,
601 5257 670 5312 59
715 5272 833 5327 seq.
911 5258 954 5289 "
979 5256 1177 5312 Matth.
1212 5273 1383 5322 xxvn,
1408 5257 1494 5311 12.

1745 4520 1964 4575 domum
2023 4519 2283 4590 principis
2335 4522 2678 4576 sacerdomm
2721 4536 2735 4586 ;
2795 4538 2814 4570 ι
2869 4529 2925 4575 et
2975 4519 3152 4576 adhuc
3197 4529 3319 4590 post

1743 4625 1912 4682 pauca
1934 4611 1978 4642 ’ί
2012 4628 2027 4666 :
2066 4631 2087 4664 ι
2127 4610 2358 4667 Stabant
2391 4623 2572 4668 autem
2599 4611 2875 4682 principes
2892 4612 3237 4668 sacerdotum
3261 4621 3319 4666 et

1743 4703 1938 4759 scriba:
1968 4705 2170 4760 acriter
2217 4715 2536 4760 accusantes
2565 4719 2730 4771 eum;
2775 4723 2796 4756 ι
2841 4718 3170 4773 rursumque
3195 4713 3320 4774 post

1742 4809 1913 4869 pauca
1945 4800 1990 4837 ⁸¹
2022 4817 2038 4856 :
2073 4817 2092 4851 ι
2131 4799 2202 4856 Ut
2257 4798 2458 4864 illuxit,
2494 4805 2864 4854 convenerunt
2920 4796 3170 4853 seniores
3215 4809 3314 4865 po-

1743 4890 1874 4961 puli,
1910 4890 2294 4962 principesque
2331 4890 2698 4956 sacerdotnm.
2749 4899 2806 4945 et
2852 4889 3045 4946 scriba:
3077 4928 3094 4954 ,
3145 4889 3316 4942 duxe-

1743 4991 1976 5052 runtque
2007 4979 2154 5036 illum
2193 4983 2247 5036 in
2288 4981 2582 5036 concilium
2615 4997 2800 5037 suum.
2831 4999 2850 5033 ι
2885 4979 3056 5036 Porro
3092 4978 3311 5034 Marcus

1741 5073 1919 5143 inquit
1948 5073 1995 5106 ”
2029 5092 2044 5129 :
2079 5091 2100 5125 ι
2132 5071 2296 5130 ludas
2322 5074 2629 5140 Iscarioles,
2661 5088 2801 5130 unus
2827 5089 2894 5131 ex
2922 5087 3150 5129 numero
3176 5073 3314 5126 dno-

1739 5164 1942 5231 decim,
1975 5165 2204 5220 accessit
2233 5166 2298 5220 ad
2324 5181 2564 5222 summos
2589 5168 2920 5227 sacerdotes.
2950 5173 3012 5220 ut
3059 5163 3314 5234 proderet

1593 5257 1636 5289 ¹⁶
1660 5256 1792 5311 ibid.
1822 5255 1918 5330 20.
1988 5256 2246 5330 "Matth.
2276 5273 2468 5321 xxvm.
2500 5258 2559 5330 II
2586 5275 2702 5330 seq.
2780 5260 2823 5293 “
2854 5257 2984 5314 Luc.
3008 5271 3145 5323 xm,
3168 5257 3226 5322 5,
3251 5256 3310 5315 ὁ.

115 5306 149 5338 ιο
172 5311 286 5372 ibid.
313 5306 399 5376 52.
432 5306 664 5381 ἿοῖῐιίῙί
695 5306 833 5382 είς·
861 5327 905 5359 ’ί
943 5306 1386 5389 ιιῖῐὲ.”ὲίὶιῦῖιῦἶ
1414 5306 1508 5359 "'5
1539 5328 1632 5383 Lm

1811 5306 1945 5392 1:66.
2020 5306 2544 5394 “whié'iéfﬁvrtd.

171 5403 239 5490 (β)
427 5419 718 5490 ἀρχιερεῖς
743 5421 842 5476 καὶ
865 5422 930 5476 τὸ
965 5423 1307 5490 συνέδριον.
1339 5421 1431 5477 Sic
1471 5423 1633 5477 habet

115 5477 617 5606 gigvgalleiélﬁis';
662 5477 862 5561 It'egius
895 5509 1040 5560 vero,
1070 5495 1098 5546 6
1127 5477 1183 5547 έὲ
1227 5493 1515 5566 ἀρχιερεὺς
1539 5494 1632 5546 καὶ

328 5572 452 5626 ριον.

121 5615 458 5706 ζηιῇὗτόν.
502 5630 662 5690 Deest
707 5634 758 5690 in
795 5632 982 5690 codice
1037 5631 1228 5705 Regio,
1277 5635 1370 5691 sed
1436 5633 1632 5706 legitur

119 5683 163 5735 III
191 5683 472 5756 lludleiano.

1807 5422 1920 5492 (IO)
1945 5421 2068 5493 Kal
2095 5422 2280 5477 πάλιν
2295 5423 2424 5492 μετ’
2453 5422 2658 5492 ὀλιγαο
2705 5421 2799 5489 Ὦς
2825 5423 3037 5493 ἡμέρα,
3066 5431 3172 5478 etc.
3195 5419 3305 5479 Imc

1737 5493 1890 5548 locus
1923 5492 2441 5562 illeiprtcccdentem
2465 5494 2624 5547 debet
2662 5492 2998 5562 praecedere,
3037 5495 3129 5547 hic
3158 5495 3304 5548 enim

1737 5565 1966 5618 Itnltclttr
2015 5561 2148 5618 Luc.
2204 5579 2338 5629 χιιι,
2381 5561 2472 5629 66,
2518 5564 2608 5618 ille
2641 5563 2777 5619 Luc.
2825 5561 2989 5634 ut“,
3025 5563 3113 5621 10.
3156 5563 3307 5624 Hun-

1741 5649 1919 5776 ἿΙῚῗῗί)
1951 5705 2129 5762 Codex
2175 5704 2394 5777 Regius.
2421 5706 2580 5773 male.
2615 5704 2982 5776 ἐπηγγείλατο
