3688 6146
419 249 522 304 7H

2088 249 2228 306 ams
3319 325 3325 329 ί
3538 273 3604 328 τι,

419 385 544 424 cum
573 369 676 424 illis
710 388 724 422 :
757 369 860 423 hoc
913 377 1093 424 autem
1148 369 1224 424 illi
1261 371 1443 424 audito
1481 370 1648 440 gavisi
1707 381 1879 437 sunt,

2097 393 2215 456 της,
2236 368 2315 438 εἷς
2338 375 2444 428 τῶν
2473 374 2700 442 δώδεκα,
2725 380 2819 434 καὶ
2845 382 2963 450 μετ’
2995 381 3154 434 αὐτοῦ
3183 381 3341 452 ὄχλος
3363 386 3503 450 πολὶς
3518 398 3606 458 μετά

421 462 644 534 polliciti
687 473 814 516 sunt
850 462 898 515 ei
947 464 1230 530 pecuniam
1259 477 1319 517 se
1349 463 1568 516 daturos
1596 462 1681 527 “;
1719 483 1737 515 ι
1775 475 1831 518 et
1877 477 2000 534 post

319 592 324 596 -
419 568 589 625 pauca
622 570 635 605 :
683 573 702 604 ‹
734 553 927 607 Adhuc
953 553 1207 622 loquente
1241 552 1388 617 .lesu,
1427 555 1639 608 accedit
1661 553 1828 608 ludas
1854 555 2000 610 [sca-

419 647 607 711 riotes,
640 647 730 716 qui
764 657 882 700 erat
906 661 1045 700 unus
1075 661 1106 700 e
1138 646 1447 710 duodecim,
1479 656 1678 700 etcum
1708 647 1802 702 illo
1839 649 1995 704 turba

419 741 590 794 multa
629 755 751 794 cum
785 739 1001 808 gladiis,
1031 748 1088 794 et
1120 738 1392 802 fustibus,
1418 732 1467 793 a'
1483 741 1710 796 summis
1738 741 1994 796 sacerdo-

418 833 582 898 tibus,
617 841 672 887 et
709 833 927 896 scribis,
965 841 1020 886 et
1054 832 1401 897 senioribus;
1433 851 1452 883 ι
1489 843 1543 886 et
1573 842 1692 903 post
1716 848 1886 903 pauca
1911 835 1992 889 "z

421 943 440 976 ι
465 923 820 979 Abduxernnt
851 922 1032 978 Jesum
1063 925 1130 978 ad
1159 938 1429 978 summum
1467 925 1806 981 sacerdotem
1834 926 1996 982 Caia-

411 1015 599 1083 pham,
635 1024 690 1068 et
729 1023 1103 1070 convenerunt
1134 1015 1203 1069 ad
1257 1015 1406 1069 illum
1439 1016 1860 1072 omnes-summi
1907 1029 1995 1069 sa-

411 1108 686 1173 cerdotes,
719 1118 772 1161 et
818 1108 1031 1174 scribas,
1067 1117 1120 1162 et
1153 1109 1434 1173 seniores;
1472 1129 1491 1160 ι
1530 1109 1722 1164 deinde
1778 1123 1991 1162 rursum

412 1211 535 1270 post
561 1216 730 1270 pauca
762 1201 807 1232 ’⁸
841 1221 854 1256 :
895 1219 913 1252 ι
954 1199 1022 1254 Ει
1073 1215 1301 1267 surgens
1333 1215 1580 1256 summus
1627 1201 1887 1255 sacerdos
1917 1200 1995 1254 in-

412 1302 621 1362 termga
633 1294 703 1346 vit
725 1292 931 1358 Iesum,
955 1293 1177 1347 dicens:
1204 1291 1320 1346 Non
1345 1291 1640 1360 respondes
1661 1290 1993 1362 quidquam?

409 1386 538 1456 quid
567 1387 653 1440 isti
684 1387 972 1442 adversum
1005 1397 1055 1440 te
1091 1385 1491 1440 testiﬁcantur?
1535 1383 1606 1438 At
1637 1385 1724 1439 ille
1755 1384 1990 1451 tacebat,

407 1495 582 1547 neque
607 1479 899 1548 quidquam
937 1480 1318 1550 respondebat.
1367 1478 1603 1534 Rursum
1633 1493 1876 1534 summus
1904 1495 1992 1533 sa-

407 1572 598 1626 cerdos
634 1573 1002 1641 interrogabat
1049 1587 1173 1625 eum
1200 1573 1436 1627 secundo
1462 1572 1646 1626 dicens
1684 1571 1792 1628 :Es
1819 1580 1874 1626 tu
1903 1569 1992 1626 ille

403 1663 654 1720 Christus
681 1663 848 1718 Filius
879 1663 1022 1718 illius
1047 1663 1358 1719 Benedicti?
1386 1665 1451 1719 At
1470 1664 1630 1720 Jesus
1659 1665 1991 1734 respondens

2105 468 2387 539 μαχαιρῶν
2422 471 2514 524 καὶ
2545 471 2738 537 ξύλων,
2760 473 2908 544 παρά
2927 473 3036 527 τῶν
3062 475 3364 546 ἀρχιερέων
3381 478 3605 552 741191;.-

2103 561 2320 630 ματέων
2348 562 2440 614 καὶ
2473 563 2581 617 τῶν
2609 565 2939 635 Φαρισαίων,
2975 568 3066 619 καὶ
3098 567 3487 638 πρεσϐυτέρων·
3513 593 3525 620 ι
3548 578 3607 627 καὶ

2104 655 2222 722 μετ’
2249 653 2434 723 ὀλίγα·
2479 673 2497 706 ι
2543 657 2859 728 Ἀπήγαγον
2897 659 2986 711 τὸν
3031 660 3238 730 Ἰησοῦν
3263 660 3394 730 πρὸς
3422 664 3607 734 Καῖἁςιν

2097 740 2189 792 τὸν
2223 741 2510 812 ἀρχιερέα,
2547 746 2642 798 καὶ
2679 747 3030 817 συνέρχονται
3060 749 3266 813 πάντες
3307 753 3355 802 οἱ
3404 752 3607 824 ἀρχιεῳῐς

2099 831 2192 884 καὶ¹
2227 837 2578 904 γραμματεῖς
2632 837 2727 890 καὶ
2760 838 3139 912 πρεσϐύτεροι·
3165 860 3183 892 ι
3227 838 3348 894 εἶτα
3375 843 3511 896 πάλιν
3535 852 3607 916 μετ’

2096 924 2250 993 ὀλίγα
2272 941 2284 954 ·
2324 944 2344 978 ι
2391 927 2655 994 Ἀναστὰς
2684 932 2712 983 ὁ
2738 931 3029 1003 ἀρχιερεὺς
3081 933 3406 1005 ἐπηρώτησε.
3437 937 3511 989 τὸν
3543 940 3609 1008 ’1η-

2098 1015 2244 1079 σοῦν,
2275 1017 2469 1086 λέγων·
2498 1021 2612 1074 Ούκ
2641 1023 2912 1096 ἀποκρίνῃ
2931 1025 3081 1078 οὐδέν
3102 1043 3117 1091 ;
3142 1028 3196 1078 τί
3227 1021 3374 1080 οὗτοί
3395 1045 3475 1080 σου
3495 1047 3608 1083 κατι-

2097 1110 2464 1180 μαρτυροῦσιν
2489 1131 2504 1178 ;
2554 1114 2612 1166 ’0
2639 1114 2698 1167 δὲ
2731 1115 2960 1181 ἐσιώπα,
2986 1119 3080 1171 καὶ
3107 1119 3267 1172 οὐδὲν
3320 1121 3604 1190 ἀπεκρίνατο,

2093 1200 2265 1255 Πάλιν
2305 1200 2334 1256 ὃ
2367 1205 2661 1276 ἀρχιερεὺς
2698 1207 3054 1281 ἐπηρώτησεν
3087 1209 3254 1263 αὐτὸν
3289 1210 3354 1262 ἐκ
3386 1208 3608 1281 δευτέρω,

2092 1291 2300 1362 λέγων’
2349 1299 2421 1351 Σὺ
2465 1297 2517 1352 εῖ
2550 1303 2588 1367 ὁ,
2623 1299 2858 1369 Χριστὸς
2881 1302 2908 1352 ὁ
2941 1301 3069 1364 Υίὺς
3093 1300 3189 1354 τοῦ
3225 1300 3541 1371 Εὐλογητοῦ;
3574 1301 3611 1356 '0

2107 1385 2315 1458 Ἰησοῦς
2354 1389 2677 1461 ἀποκριθεὶς
2711 1392 2860 1460 λέγει
2897 1393 3065 1463 αὐτῷ⁸
3115 1395 3187 1447 Σὺ
3224 1389 3416 1455 εἶπας,
3445 1394 3513 1445 ὅτι
3542 1393 3612 1460 ἐγὼ

2091 1483 2206 1552 ειμι
2233 1499 2246 1512 ·
2291 1483 2384 1535 καὶ
2423 1484 2618 1553 ὄψεσθε
2637 1487 2729 1540 τὸν
2763 1487 2889 1539 Υίὸν
2916 1487 3010 1540 τοῦ
3049 1485 3344 1558 ἀνθρώπου
3375 1485 3610 1555 metae...

2093 1574 2158 1626 ὲκ
2191 1571 2381 1637 δεξιῶν
2434 1574 2532 1645 τῆς
2583 1574 2887 1645 δυνάμεως,
2929 1577 3023 1629 καὶ
3077 1577 3372 1646 ἐρχόμενον
3405 1577 3522 1645 μετὰ
3544 1576 3610 1627 :C-n

2091 1665 2328 1734 νεφελῶν
2373 1667 2466 1720 τοῦ
2519 1667 2778 1738 ούρανοῦ.
2821 1669 2878 1721 Ὀ
2929 1669 2986 1722 δὲ
3040 1669 3339 1739 ἀρχιερεὺς
3384 1667 3610 1738 δωρρήξις

403 1756 536 1811 dicit
569 1757 640 1810 illi
671 1772 688 1810 :
721 1757 800 1810 Tn
831 1757 1052 1823 dixisti;
1100 1772 1199 1826 ego
1225 1774 1378 1812 sum:
1411 1769 1466 1813 et
1490 1758 1748 1813 videbitis
1771 1757 1901 1812 Filit

2088 1756 2290 1820 εὐθέως
2333 1757 2460 1821 τοὺς
2488 1757 2721 1827 χιτῶνας
2747 1757 2914 1812 αὐτοῦ
2948 1759 3125 1828 (12)...
3159 1778 3178 1810 ι
3210 1755 3332 1810 εἶτα
3363 1761 3468 1829 μετ’
3489 1759 3607 1822 ὀλίγι-

403 1848 639 1902 hominis
665 1850 948 1904 sedentem
1000 1866 1029 1904 a
1077 1851 1268 1904 dextra
1299 1852 1575 1920 potentiae,
1600 1860 1654 1905 et
1679 1851 1982 1906 venientem

403 1955 521 1994 cum
556 1941 788 1996 nubibus
831 1942 974 1996 cmli.
1014 1943 1082 1995 At
1115 1958 1361 1997 summus
1391 1943 1647 1997 sacerdos
1675 1941 1986 1997 dilaceratis

401 2034 585 2087 statim
615 2034 857 2088 vestibus
881 2038 995 2089 suis
1025 2032 1180 2104 [dicit
1212 2051 1225 2086 :
1267 2032 1410 2099 Quid
1441 2041 1702 2101 praeterea
1730 2047 1866 2102 opus
1883 2033 1982 2085 ba-

401 2126 593 2181 bemns
650 2127 916 2180 testibus?
967 2126 1211 2180 Audistis
1241 2123 1681 2194 blasphemiam]
1721 2141 1738 2174 ι
1784 2122 1986 2177 Deinde

401 2225 523 2286 post
556 2232 726 2285 pauca
753 2217 796 2248 ’⁷
829 2235 842 2270 :
883 2236 902 2270 ι
951 2216 1018 2268 Et
1051 2214 1287 2270 diluculo
1328 2214 1553 2269 consilio
1602 2214 1738 2269 inito
1786 2215 1985 2268 summi

399 2311 710 2364 Sacerdotes
741 2325 862 2364 cum
892 2309 1202 2365 senioribus
1227 2347 1241 2371 ,
1269 2317 1324 2360 et
1355 2308 1574 2372 scribis,
1607 2323 1672 2361 ac
1706 2315 1817 2362 toto
1851 2321 1985 2360 con-

399 2417 580 2466 sessu,
606 2401 845 2456 vinctum
869 2401 1056 2456 Jesum
1087 2403 1435 2476 abduxerunt
1465 2402 1516 2454 in
1547 2400 1752 2465 aulam,
1813 2399 1983 2454 tradi-

401 2494 709 2561 deruntque
738 2495 930 2548 Pilato.
973 2513 990 2545 ι
1030 2495 1235 2548 Deinde
1259 2503 1379 2563 post
1411 2507 1581 2561 pauca
1611 2491 1656 2522 ³⁸
1683 2511 1694 2546 :
1740 2511 1759 2543 ι
1796 2493 1977 2546 Accu-

398 2583 593 2636 sabant
617 2599 741 2637 eum
767 2585 965 2639 summi
1006 2583 1320 2639 sacerdotes
1349 2583 1414 2636 de
1445 2581 1656 2647 multis,
1709 2582 1828 2650 ipse
1847 2594 1976 2634 vero

398 2673 535 2728 nihil
566 2674 865 2743 respondit.
901 2694 918 2724 ι
951 2675 1191 2730 Joannes
1225 2691 1354 2730 vero
1399 2675 1576 2744 inquit
1599 2675 1642 2705 ³³
1675 2691 1688 2725 :
1730 2691 1747 2722 ι
1790 2671 1976 2726 Addu-

397 2777 527 2821 cunt
555 2764 740 2820 Jesum
773 2784 802 2820 a
829 2769 1069 2836 Caiapha
1107 2770 1158 2822 in
1193 2769 1535 2837 prastorium.
1569 2786 1586 2816 ι
1619 2766 1742 2820 llaec
1789 2777 1970 2819 autem

397 2859 603 2914 diutius
629 2861 1005 2929 exposuimus,
1035 2871 1093 2916 ut
1123 2862 1309 2916 multis
1340 2862 1581 2915 onmium
1615 2857 1965 2928 evangelista-

397 2965 517 3004 rum
553 2953 878 3006 testimoniis
900 2953 1320 3006 ostenderemus
1354 2951 1672 3006 elIusionem
1704 2948 1976 3004 vitiosita-

2096 1867 2114 1899 ι
2140 1845 2292 1918 Πρωῖ
2335 1847 2656 1918 συμϐούλιον
2700 1847 2959 1917 ἐποίησαν
2989 1848 3039 1900 οί
3071 1848 3354 1917 ἀρχιερεῖς
3405 1845 3522 1915 μετὰ
3544 1844 3611 1896 τῶν

2091 1939 2478 2012 πρεσϐυτέρων
2524 1940 2616 1994 καὶ
2668 1939 2777 1993 τῶν
2833 1940 3205 2010 γραμματέων
3230 1980 3245 2003 ,
3309 1941 3402 1992 καὶ
3449 1939 3545 1990 ὅλον
3575 1934 3613 1990 τὺ

2093 2033 2393 2105 συνέδριον,
2429 2034 2524 2087 καὶ
2551 2033 2812 2104 δήσαντες
2844 2032 2952 2105 (15)
2999 2033 3090 2086 τὸν
3135 2031 3349 2102 Ἰησοῦν
3390 2031 3612 2100 ἀπήγαγον

2089 2129 2169 2188 εἰς
2201 2125 2298 2196 τὴν
2331 2125 2519 2198 αὐλὴν,
2556 2126 2648 2179 καὶ
2695 2125 3023 2196 παρέδωκαν
3062 2125 3336 2195 Πιλάτῳ.»
3375 2120 3495 2175 Εἶτα
3535 2124 3610 2191 μετ’

2086 2217 2270 2286 ὀλίγαο
2309 2237 2328 2268 ι
2365 2201 2723 2290 Κατηγόρουν
2758 2218 2921 2271 αὑτοῦ
2951 2219 2999 2270 οί
3025 2220 3305 2290 ἀρχιερεῖς
3339 2215 3527 2279 πολλὰ,
3548 2217 3608 2266 1-3-

2084 2307 2174 2371 τὸς
2226 2307 2284 2361 δὲ
2337 2309 2488 2362 οὐδὲν
2529 2308 2883 2380 ἀπεκρίνατο.
2923 2329 2940 2359 ι
2989 2309 3045 2361 Ὀ
3080 2309 3134 2360 δὲ
3178 2305 3436 2376 Ἰωάννης
3480 2307 3607 2374 φησὶν.

2090 2403 2172 2456 ὅτι
2213 2421 2231 2453 ι
2260 2403 2486 2472 Ἀγουσι
2534 2402 2626 2456 τὸν
2681 2403 2890 2473 Ἰησοῦν
2933 2404 3042 2456 ἀπὸ
3090 2401 3183 2454 τοῦ
3235 2400 3460 2467 Καῖὰφα
3489 2400 3608 2461 sig-.5

2084 2495 2436 2568 πραιτώριον.
2477 2516 2496 2548 ι
2536 2495 2723 2550 Ταῦτα
2773 2496 2829 2549 δὲ
2871 2497 2961 2550 ἐπὶ
3007 2497 3186 2548 πλεῖον
3236 2494 3349 2566 (Η)
3381 2490 3610 2561 εξεοέμείη

2082 2588 2224 2659 ὑπὲρ
2271 2589 2364 2641 τοῦ
2418 2588 2507 2642 διὰ
2556 2588 2766 2641 πολλῶν
2816 2587 3071 2642 ἁπάντων
3105 2587 3215 2640 τῶν
3265 2581 3610 2654 εὑαγγελιστιὶν

2081 2681 2424 2752 παραστῆναι
2448 2682 2547 2752 τὴν
2593 2681 2747 2753 χύσιν
2779 2681 2890 2754 (15)
2914 2681 3013 2752 τῆς
3042 2681 3136 2734 τοῦ
3182 2679 3414 2747 Καῖάφα.
3448 2676 3609 2734 κακίας.

2083 2776 2178 2828 καὶ
2209 2775 2292 2828 ὅτι
2348 2775 2495 2828 κα.τά
2537 2776 2632 2829 τοῦ
2674 2774 2852 2845 Ἰησοῦ
2901 2775 3304 2844 ἀγωνιζόμενος
3333 2771 3475 2825 οὐδὲν
3499 2763 3608 2840 ἦττον

2083 2867 2516 2936 προεφήτευσεν⁹
2563 2866 2644 2919 ὅτι
2701 2866 2800 2936 μὲν
2843 2862 2936 2920 οὖν
2998 2868 3403 2938 προεφήτευσε,
3478 2855 3610 2927 om};

2083 2955 2318 3022 ἐδίδαξεν
2353 2960 2500 3028 ἡμᾶς
2525 2960 2552 3010 ὁ
2585 2958 2862 3035 Ἰωάννης.

398 3043 469 3099 tis
489 3044 740 3113 Caiapha:
768 3063 783 3110 ;
814 3054 869 3099 et
912 3047 1054 3114 quod
1086 3045 1374 3100 adversum
1403 3042 1585 3099 Jesum
1627 3045 1959 3098 contendens
1990 3044 2340 3105 nihilominus
2365 3052 2929 3138 propltetarit.‘Atque
2965 3051 3109 3122 quod
3157 3050 3506 3120 pr0phetarit,
3527 3064 3607 3102 ma-

395 3137 591 3192 nifeste
625 3136 806 3190 docuit
830 3152 926 3191 nos
962 3134 1204 3190 Joannes
1230 3134 1297 3188 ³ο.

465 3230 633 3302 388
659 3233 743 3285 15.
771 3229 876 3285 Sed
904 3246 1114 3300 qumres
1135 3246 1202 3285 an
1228 3230 1320 3302 qui
1343 3230 1657 3301 prophetat,
1675 3230 1722 3284 is
1749 3230 1978 3285 Omnino
2005 3238 2050 3300 ο

395 3337 426 3376 e
456 3322 662 3391 Spiritu
701 3329 890 3376 sancto
936 3321 1260 3391 prophetet,
1297 3321 1513 3376 etiamsi
1567 3319 1837 3389 aliquibus
1866 3335 1971 3375 non

392 3413 641 3468 videatur
668 3413 772 3468 hoc
815 3415 1019 3468 dictum
1051 3416 1406 3484 quaestionem
1437 3413 1737 3485 postulare.
1772 3413 1972 3469 Verum

393 3507 669 3574 quomodo
702 3523 810 3563 non
857 3516 941 3561 est
985 3508 1089 3564 hoc
1139 3509 1367 3579 quaesitu
1407 3507 1626 3578 dignum
1657 3549 1672 3574 ,
1725 3507 1770 3562 si
1805 3507 1974 3562 David

392 3613 515 3672 post
555 3615 834 3672 peccatum
868 3604 922 3656 in
952 3601 1138 3656 Uriam
1172 3602 1554 3663 commissum,
1593 3601 1788 3654 timens
1818 3614 1884 3654 ne
1909 3599 1975 3653 ab

393 3710 454 3750 se
486 3693 795 3749 auferretur
839 3694 1078 3763 Spiritus
1113 3702 1358 3756 sanctus,
1393 3691 1611 3760 inquit:
1651 3708 1669 3740 ι
1708 3688 1972 3758 Spiritum

392 3798 642 3844 sanctum
686 3796 838 3840 tuum
880 3801 947 3840 ne
976 3785 1198 3840 auferas
1249 3801 1278 3838 a
1308 3799 1395 3838 me
1421 3784 1505 3838 ³ιῖ
1543 3804 1560 3835 ι
1591 3783 1746 3850 Quod
1770 3783 1816 3838 si
1850 3785 1974 3852 quis

391 3880 556 3934 etiam
584 3879 836 3933 admittat
861 3877 988 3930 illud
1023 3896 1035 3930 :
1086 3895 1104 3928 ι
1137 3877 1379 3946 Spiritus
1409 3886 1632 3930 sanctus
1669 3874 1974 3943 disciplinae

395 3970 620 4038 eil‘ugiet
654 3970 924 4034 dolosum,
953 3978 1008 4024 et
1037 3971 1256 4024 recedet
1280 3985 1308 4021 a
1335 3967 1518 4037 pravis
1544 3966 1788 4021 consiliis
1814 3967 1860 3998 ³²
1893 4007 1907 4030 ,
1947 3986 1966 4019 ι

392 4071 580 4132 aperte
613 4062 887 4115 videbitur
907 4063 1194 4114 ostendere
1237 4056 1502 4127 Spiritqu
1551 4066 1802 4112 sanctum
1849 4057 1968 4111 ani~

391 4171 534 4211 mam
557 4155 801 4210 dolosam
835 4155 1056 4225 fugere,
1083 4155 1298 4208 etiamsi
1327 4157 1379 4207 in
1415 4170 1476 4208 ea
1510 4163 1636 4206 ante
1678 4153 1862 4207 dolum
1918 4161 1974 4206 et

389 4261 672 4321 peccatum
703 4248 1055 4307 habitaverit.
1114 4247 1203 4300 Sic
1260 4258 1440 4301 autem
1472 4246 1704 4316 quaesitu
1753 4245 1969 4314 dignum

390 4351 474 4396 est
507 4341 634 4394 illud
665 4341 730 4394 de
759 4339 965 4407 Spiritu
991 4348 1200 4401 sancto,
1238 4355 1304 4391 an
1343 4339 1396 4390 in
1420 4338 1726 4407 peccatrice
1752 4352 1974 4406 quoque

389 4432 568 4486 anima
596 4445 718 4486 esse
751 4431 940 4500 possit,
988 4440 1048 4484 ut
1083 4430 1278 4498 aliquis
1333 4430 1579 4485 dicturus
1632 4431 1702 4485 sit
1753 4433 1805 4484 in
1842 4431 1973 4500 ipsis

389 4538 603 4592 quoque
628 4523 1007 4592 peccatoribus
1033 4536 1155 4577 esse
1185 4520 1450 4590 Spiritum
1495 4532 1768 4586 sanctum,
1801 4539 1969 4591 quan-

2155 3236 2242 3290 15.
2278 3235 2544 3305 Ζητήσεις
2578 3233 2634 3286 δὲ
2664 3233 2712 3285 εἰ
2747 3233 2984 3295 πάντως,
3017 3232 3071 3283 εί
3096 3249 3178 3294 τις
3215 3229 3544 3302 προφητεύει,
3570 3229 3610 3276 ἐι

2077 3328 2394 3398 Πνεύματος
2419 3327 2574 3394 ἁγίου
2613 3324 2966 3397 προφητεύει,
2999 3325 3099 3378 κάν
3130 3341 3240 3376 τισι
3272 3324 3512 3394 φαίνηται
3533 3319 3608 3386 (ll)

2078 3419 2350 3492 μηδεμιᾶς
2386 3419 2666 3490 ζητήσεως
2711 3416 2929 3486 ἔχεσθαι
2976 3414 3039 3468 τὸ
3090 3415 3406 3485 λεγόμενον.
3450 3410 3607 3472 Πὼςῖξ

2074 3511 2135 3564 ού
2188 3509 2648 3582 ζητήσεωςιᾶξιόν
2690 3508 2800 3578 (l7)
2830 3509 2996 3571 ἐστιν,
3030 3506 3084 3559 εἴ
3105 3523 3168 3575 γε
3207 3505 3374 3559 Δαυῖδ
3405 3504 3523 3576 μετὰ
3545 3503 3606 3568 τὴν

2076 3604 2170 3656 ἐπὶ
2197 3602 2289 3656 τοῦ
2320 3603 2518 3673 Οὐρίου
2541 3600 2836 3672 ἁμαρτίαν,
2871 3598 3268 3669 εὐλαϐούμενος
3302 3596 3606 3667 ἀφαιρεθῆναι

2075 3695 2171 3747 ἀπ’
2203 3693 2369 3747 αὑτοῦ
2421 3693 2480 3746 τὸ
2511 3693 2664 3761 ἆγιον
2691 3692 2940 3761 Πνεῦμα,
2979 3690 3146 3760 φησί·
3187 3709 3203 3740 ι
3233 3691 3309 3742 Τὸ
3341 3687 3539 3757 Πνεῦμα
3571 3685 3607 3734 τὸ

2076 3785 2232 3855 ἆγιόν
2263 3803 2355 3839 σου
2392 3786 2466 3856 μὴ
2497 3785 2788 3857 ἀντανέλῃς
2813 3784 2906 3836 ἀπ’
2939 3781 3111 3854 ὲμοῦ;
3149 3801 3165 3832 ι
3199 3783 3260 3834 Εἰ
3291 3781 3352 3834 δέ
3378 3798 3456 3843 τις
3481 3793 3587 3848 πμς

2077 3879 2212 3932 ίεται
2268 3879 2362 3931 καὶ
2411 3877 2502 3929 τόο
2557 3896 2574 3928 ι
2613 3877 2801 3944 ’Ἄγιον
2837 3875 3061 3946 Πνεῦμα
3125 3874 3374 3937 παιδείας
3409 3871 3606 3942 φεύξετςι

2075 3973 2167 4026 καὶ
2196 3971 2366 4033 δόλον,
2401 3972 2494 4024 καὶ
2525 3971 2970 4040 ἀπαναστήσεται
3013 3968 3120 4022 ἀπὸ
3164 3969 3438 4038 λογισμῶν
3463 3964 3606 4018 ἀπιέ-

2074 4081 2235 4127 των,ι
2267 4063 2453 4132 σαφῶς
2479 4061 2620 4127 δόξει
2650 4062 3037 4133 παρίστασθαι,
3075 4063 3156 4114 ὅτι
3188 4060 3378 4130 φεύγει
3422 4059 3514 4112 ἀπὸ
3538 4055 3606 4122 τῆς

2073 4157 2480 4227 δεδολιευμένης
2531 4156 2643 4227 (18)
2674 4141 2875 4226 ψυχῆς,
2917 4153 3018 4224 κᾷν
3064 4154 3332 4224 πρότερον
3367 4153 3493 4224 τύχῃ
3532 4148 3606 4216 πρδ

2073 4249 2222 4302 δόλου
2254 4249 2347 4302 καὶ
2379 4249 2656 4318 ἁμαρτίας
2696 4248 2985 4318 γενόμενον
3021 4249 3135 4299 ἐκεῖ
3153 4247 3213 4299 τὸ
3238 4247 3392 4314 ἅγιον
3411 4243 3603 4312 Πνεῦμα.

2074 4341 2231 4393 υῦτω
2279 4341 2335 4393 δὲ
2381 4339 2664 4411 ζητήσεως
2716 4338 2863 4404 ἄξιόν
2918 4341 3035 4393 ἐστι
3098 4341 3158 4393 τὸ
3201 4342 3328 4412 περὶ
3371 4341 3456 4393 τοῦ
3488 4338 3603 4404 ἁγίου

2075 4435 2390 4504 Πνεύματος
2412 4473 2426 4494 ,
2455 4434 2502 4484 εί
2533 4432 2751 4485 δύναται
2777 4428 2914 4485 εἶναι
2942 4434 3035 4486 καὶ
3062 4433 3117 4484 ὲν
3141 4431 3446 4504 ἁμαρτωλῷ
3475 4431 3601 4500 ψυχῇ.

2074 4524 2202 4578 ὥστ’
2228 4526 2293 4579 ἄν
2325 4542 2447 4577 τινα
2475 4526 2649 4577 εἰπεῖν
2691 4526 2773 4578 ὅτι
2793 4564 2807 4587 ,
2840 4525 2999 4595 εἴπερ
3047 4543 3065 4576 ι
3098 4524 3275 4588 οὐδεὶς
3321 4525 3524 4577 δύναται
3551 4522 3601 4570 εἰ·

388 4615 675 4683 doqnidem
705 4633 724 4665 ι
755 4614 971 4668 nemine
999 4613 1213 4668 valente
1237 4613 1424 4667 dicere
1448 4612 1732 4667 Dominmn
1755 4611 1900 4668 Jesui

2088 4621 2191 4671 τεῖν
2216 4659 2229 4682 ,
2265 4617 2469 4688 Κύριος
2495 4616 2705 4687 Ἰησοῦς
2726 4659 2739 4680 ,
2787 4619 2836 4670 εί
2893 4618 2967 4689 μὴ
3002 4619 3058 4670 ὲν
3108 4617 3385 4688 Πνεύματι
3412 4616 3558 4686 ἁγίῳ,
3584 4630 3596 4661 ι

390 4707 493 4760 nisi
533 4707 583 4760 in
620 4706 823 4775 Spiritu
871 4715 1063 4761 sancto
1089 4706 1158 4770 ³³,
1195 4725 1214 4758 ι
1250 4705 1406 4758 multi
1441 4716 1618 4760 tamen
1652 4715 1971 4776 peceatores

389 4795 566 4850 allecti
597 4797 939 4852 inveniantur
973 4812 1103 4866 erga
1141 4795 1349 4859 .lesum,
1406 4806 1667 4864 tanquam
1701 4813 1829 4868 erga
1864 4797 1970 4851 Do-

388 4891 614 4945 minum.
642 4890 720 4943 Ac
752 4888 918 4955 forte,
945 4889 1204 4959 quoniam
1238 4890 1332 4958 qui
1373 4897 1639 4958 peccant,
1677 4899 1968 4958 postquam

460 5029 506 5061 ’⁵
537 5029 704 5083 Marc.
758 5045 874 5094 XIV,
907 5028 998 5082 43.
1110 5030 1154 5062 ³⁸
1179 5028 1313 5083 ibid.
1353 5029 1442 5082 53.

389 5101 435 5136 ³⁸
467 5099 622 5156 Joun.
657 5115 732 5166 XI,
757 5100 845 5154 51.
919 5100 964 5130 ³⁸
989 5099 1132 5154 Psal.
1165 5100 1324 5164 L,l5.
1402 5101 1446 5130 ³⁸
1477 5100 1605 5168 Sap.
1650 5115 1690 5163 ι,
1721 5100 1776 5152 5.

459 5215 569 5287 (lg)
606 5214 866 5281 Χιτῶνας
889 5216 1095 5287 αὐτοῦ.
1142 5216 1272 5270 Post
1300 5219 1413 5270 Inec
1440 5220 1603 5270 verba
1634 5218 1850 5272 videtur
1887 5218 1964 5269 le-

389 5286 532 5356 gis'se
563 5287 870 5359 Ferrarius,
897 5286 1078 5359 λέγει·
1197 5287 1276 5340 ἔτι
1303 5288 1720 5359 χρείανέχομεν
1757 5287 1966 5359 μαρτύ-

394 5377 502 5431 ρων
525 5376 551 5431 ς
577 5357 963 5431 atPerionius,
993 5357 1307 5431 ΔἨκούσατε
1328 5357 1432 5431 τῆς
1467 5357 1839 5429 βλασφημίας.

464 5426 1164 5500 (15)(ὶοι1-θιγΒωιΙΙεξίαηιιε,
1210 5426 1708 5500 ποριε,“δῆσαντες”·
1765 5429 1967 5500 Regius

394 5513 675 5568 perperam
712 5497 876 5568 habet
903 5497 1256 5568 λαλήσαντες.

465 5568 779 5640 (14)(ξοιίοχ
815 5566 1162 5640 Rodleianus,
1193 5567 1463 5640 πλεῖστον.

465 5636 577 5707 (15)
603 5636 785 5707 Codex
817 5637 1163 5704 Bodleinuus,
1208 5638 1388 5707 χύσιν,
1429 5649 1483 5692 et
1527 5641 1596 5692 ita
1648 5636 1960 5705 legendum,

401 5706 506 5765 non
541 5719 595 5760 ut
619 5706 904 5763 Ferrarius
929 5709 1020 5762 ηιιί
1053 5706 1256 5764 codicis
1293 5709 1447 5780 Regii
1493 5710 1777 5764 lectionem
1807 5707 1964 5762 λύσιν

1541 5029 1585 5060 ⁸⁸
1615 5029 1746 5082 ibid.
1771 5028 1839 5082 60
1871 5043 1986 5095 seq.
2081 5028 2125 5058 ³⁷
2153 5028 2296 5079 Marc

1541 5115 1605 5155 ιι).
1650 5115 1690 5155 ι.
1721 5100 1776 5152 5.
1856 5101 1902 5131 ³³
1941 5099 2109 5155 lCor.
2139 5114 2238 5155 xu.
2267 5099 2300 5152 5

2095 5136 2109 5150 ο
2139 5136 2238 5161 All,
2267 5136 2319 5152 υ.

2077 4711 2260 4764 πολλοὶ
2291 4710 2347 4764 δὲ
2394 4711 2488 4765 καὶ
2533 4710 2642 4763 τῶν
2674 4710 3007 4781 ἁμαρτωλῶν
3041 4710 3335 4765 διάκεινται
3378 4711 3500 4781 πρὸς
3535 4706 3598 4757 τὸν

2077 4802 2306 4874 Ἰησοῦν,
2338 4803 2414 4865 ὡς
2445 4803 2582 4874 πρὸς
2611 4802 2813 4874 Κύριον
2842 4843 2857 4867 ,
2897 4805 2990 4855 καὶ
3026 4805 3084 4855 ἐν
3115 4804 3298 4866 αὐτοῖς
3346 4803 3408 4856 ἂν
3449 4802 3521 4869 εἴη
3557 4796 3598 4846 τὸ

2078 4895 2232 4966 ἅγιον
2272 4894 2518 4966 Πνεῦμα.
2549 4895 2660 4948 Καὶ
2683 4896 2824 4966 τάχα
2864 4897 2986 4948 ἐπεὶ
3020 4897 3068 4948 οἱ
3106 4896 3242 4966 μετά
3269 4895 3328 4948 τὺ
3352 4890 3580 4964 τυχεῖναύ

2081 5027 2125 5058 ’⁷
2153 5025 2317 5079 Marc.
2368 5043 2458 5093 xv,
2488 5027 2540 5082 1.
2647 5027 2692 5058 ’⁸
2719 5028 2848 5082 ibid.
2883 5029 2936 5093 5,
2964 5027 3016 5084 5.
3123 5029 3168 5058 ²⁹
3188 5025 3345 5082 Joan.
3367 5043 3505 5086 xvrn.
3528 5023 3593 5076 28.

2073 5229 2295 5272 secutus
2324 5225 2425 5277 est,
2455 5231 2615 5284 quam
2653 5215 2828 5270 reddit
2875 5232 2973 5284 per
3005 5217 3415 5270 dissolutionem.
3462 5212 3592 5273 Χύσις

2073 5298 2156 5341 est
2183 5289 2446 5346 cumulus.
2484 5287 2564 5340 vel
2589 5289 2752 5341 etiam
2786 5291 2977 5354 exponi
3009 5299 3186 5356 potest
3208 5289 3309 5340 hnc
3341 5288 3466 5342 loco.
3491 5285 3590 5349 σπυ-

2074 5360 2178 5417 sio.
2211 5373 2279 5411 ex
2314 5375 2474 5412 sensu
2505 5372 2614 5426 quo
2637 5359 2872 5425 aliquem
2901 5358 2952 5409 in
2982 5373 3141 5426 omne
3169 5360 3354 5410 vitium
3409 5356 3587 5426 ρπωιίηι

2073 5429 2327 5482 dicimus.
2365 5428 2476 5481 Vox
2509 5423 2988 5497 Origeni‘aliisque
3025 5425 3230 5483 Graecis
3283 5429 3506 5482 Patribus
3530 5423 3589 5474 la-

2074 5500 2332 5553 tniliaris.

2144 5569 2256 5638 (16)
2291 5568 2469 5623 Codex
2502 5567 2724 5638 Regius.
2754 5567 3023 5636 φαίνεται.

2142 5637 2252 5707 (l7)
2290 5639 2432 5691 Idem
2461 5637 2632 5693 codex
2675 5639 2891 5707 Regius,
2924 5637 3084 5695 male.
3117 5637 3286 5702 ἄξιος.

2139 5708 2251 5780 (18)
2288 5708 2433 5764 Idem
2465 5710 2634 5766 codex
2663 5708 2882 5778 Regius,
2907 5707 3305 5778 δεδολισμένης.
