3688 6146
396 290 505 346 ’115

394 408 595 466 adhibe
638 415 876 463 mentem
906 421 977 462 an
1006 405 1077 463 de
1101 405 1196 463 illo
1225 421 1444 480 quoque
1471 406 1578 463 dici
1607 405 1803 477 possit,
1825 406 1858 462 d

2074 426 2096 459 ι
2119 408 2148 462 ὀ
2169 409 2400 479 ἄγγελος
2445 414 2541 468 τοῦ
2572 416 2708 472 Θεοῦ
2736 419 2796 474 ἐν
2825 423 2891 494 τῇ
2920 421 3027 494 ὀδῷ
3054 422 3392 483 ἐνδιαϐάλλειν
3425 434 3539 491 αὐτὸν

392 506 543 559 nitus
587 516 712 558 eum
774 515 884 556 non
943 498 1110 557 fuisse
1161 500 1422 569 locutum,
1457 503 1552 557 sed
1604 502 1673 557 ab
1729 518 1864 572 auge

2066 502 2163 556 καὶ
2186 504 2348 569 αὐτὸς
2380 507 2696 582 ἐπιϐεϐήκει
2719 514 2812 567 ἐπὶ
2846 482 2947 586 τὴς
2967 482 3089 569 δνου
3118 519 3297 586 αὐτοῦ,
3321 482 3404 577 καὶ

403 613 425 648 ι
461 594 627 649 Stetit
661 593 829 659 enim,
870 594 1049 661 inquit
1068 593 1139 660 δ’,
1175 594 1400 666 angelus
1442 593 1541 650 Dei
1589 595 1643 649 in
1694 595 1803 659 via,
1834 596 1864 647 d

2063 595 2252 659 παῖδες
2279 596 2446 651 αὐτοῦ
2477 601 2596 670 μετ’
2629 603 2817 658 αὐτοῦ.
2857 606 2968 659 Kal.
3006 607 3187 661 ίδοῦσα
3221 609 3468 681 ήόνοςτδν
3487 622 3553 688 ἅγ-

393 687 655 743 transiret
704 686 841 755 ipse,
890 687 1242 756 ascenditque
1280 686 1500 741 Balaam
1552 702 1720 757 super
1748 687 1864 743 asin

2061 688 2217 757 γελον
2242 691 2336 744 τοῦ
2358 692 2494 746 Θεοῦ
2531 694 2903 767 ἀνθεστηκότα
2929 699 2988 751 ἐν
3013 702 3079 771 τῇ
3108 700 3231 771 ὀδῷ,
3265 703 3350 755 καὶ
3366 705 3448 778 τήν
3468 686 3555 781 ῥοῇ.

387 796 569 847 suam,
612 788 669 836 et
701 782 810 835 duo
855 780 938 836 sui
982 780 1135 849 pueri
1185 793 1391 835 secum.
1436 780 1746 850 Vidensque
1803 781 1957 835 asina
2060 782 2225 850 φαίαν
2253 783 2419 838 αὐτοῦ
2455 787 2805 850 ἐσπασμένην
2831 791 2890 843 ἐν
2921 794 2987 850 τῆ
3017 793 3160 850 vetat
3187 793 3361 850 αὐτοῦ.
3398 801 3471 850 καὶ
3501 804 3511 850 ἐ

388 876 640 947 angelum
672 874 764 930 Dei
794 884 1029 931 stantem
1068 890 1101 932 e
1134 876 1356 948 regione
1385 877 1439 932 in
1472 878 1577 943 via,
1607 878 1958 950 gladiumque

386 968 701 1026 districtum
751 970 806 1024 in
852 985 1014 1024 manu
1052 968 1189 1038 ejus,
1219 970 1514 1028 declinavit
1555 973 1709 1028 asina
1747 973 1815 1027 de
1838 973 1953 1039 via,

381 1074 441 1118 et
470 1063 571 1118 ivit
601 1062 655 1118 in
695 1077 970 1133 campum.
1012 1062 1083 1116 At
1126 1060 1345 1117 Balaam
1390 1058 1698 1119 verberavit
1742 1064 1951 1119 asinam

378 1156 559 1226 virga,
584 1164 652 1210 ut
688 1155 890 1211 rediret
924 1153 977 1209 in
1005 1154 1147 1208 viam
1180 1172 1195 1208 :
1224 1153 1374 1209 stetit
1396 1164 1575 1211 autem
1606 1155 1834 1227 angelus
1857 1154 1952 1211 Dei

369 1249 438 1304 'in
478 1256 708 1320 angusta
746 1246 943 1303 semita
988 1245 1295 1313 vinearum,
1330 1256 1557 1317 eratque
1594 1263 1662 1303 ex
1706 1259 1945 1321 utraque

368 1351 538 1412 parte
591 1339 849 1395 maceria.
873 1358 893 1393 ι
946 1338 1151 1395 Deinde
1202 1349 1327 1409 post
1376 1356 1547 1410 pauca
1570 1340 1617 1373 “
1647 1360 1661 1396 :
1697 1359 1719 1393 ι
1748 1342 1864 1397 Vidi

2055 1336 2141 1391 τὸν
2164 1339 2393 1407 ἄγγελον
2410 1340 2504 1394 τοῦ
2526 1341 2661 1395 Θεοῦ
2684 1344 3033 1400 συνεκάθισεν
3064 1349 3318 1404 ὑποκάτω
3335 1352 3554 1426 Βαλαάμ.»

373 1434 534 1490 asina
562 1431 813 1505 angelum
854 1430 976 1496 Dei,
1006 1432 1297 1488 succubuit
1323 1432 1424 1488 sub
1453 1431 1695 1490 Balaam.
1721 1451 1745 1488 ι
1780 1435 1864 1489 Dei

2055 1429 2158 1483 Kal.
2206 1431 2367 1485 πάλιν
2399 1434 2517 1503 μετ’
2542 1435 2696 1504 ὀλίγα
2714 1453 2729 1467 ·
2786 1456 2806 1488 ι
2828 1435 2994 1493 Εἶπεν
3026 1440 3177 1513 αὐτῷ
3202 1443 3231 1494 ὁ
3271 1444 3469 1514 ἄγγελος
3496 1449 3559 1503 τοῦ

372 1540 484 1595 que
530 1533 653 1597 post
703 1523 981 1595 pauca“:
1016 1542 1038 1577 ι
1070 1525 1217 1581 Dixit
1255 1525 1479 1597 angelus
1532 1526 1627 1581 Dei
1681 1526 1758 1582 illi
1789 1546 1803 1582 :
1839 1527 1864 1583 ί

2055 1521 2177 1575 Θεοῦ
2198 1540 2211 1554 ·
2244 1524 2344 1579 Διά
2369 1526 2424 1579 τί
2448 1527 2721 1593 ἐπάταξας
2758 1530 2857 1600 τὴν
2902 1531 3021 1585 δνον
3074 1551 3171 1587 σου
3212 1536 3362 1590 τοῦτο
3401 1540 3557 1611 spiam;

368 1619 482 1685 jam
537 1626 621 1672 ter
661 1616 963 1673 verberasti
1007 1618 1219 1672 asinam
1251 1617 1434 1673 tuam?
1454 1617 1532 1672 En
1563 1632 1665 1690 ego
1692 1634 1864 1690 egres:

2057 1612 2188 1668 Ἰδοὺ
2217 1614 2328 1683 ἐγὼ
2354 1615 2576 1687 ἐξῆλθον
2598 1620 2678 1682 εἰς
2710 1619 2965 1692 διαϐολήν
2992 1640 3111 1689 σου,
3142 1625 3226 1679 ὅτι
3254 1627 3349 1680 οὐκ
3372 1628 3555 1702 εὐθεῖαή

372 1722 493 1763 sum
532 1716 595 1763 ut
621 1715 673 1764 te
706 1707 1065 1776 impedirem;
1094 1706 1317 1764 aberrat
1342 1708 1489 1764 enim
1518 1710 1606 1765 via
1639 1721 1726 1765 tua
1756 1728 1864 1766 cor:

2055 1705 2160 1768 556.;
2186 1723 2280 1759 σου
2309 1709 2549 1763 ἐναντίον
2580 1727 2703 1781 μου.
2748 1712 2860 1766 Καὶ
2908 1713 3090 1769 ἰδοῦσά
3117 1734 3185 1786 με
3213 1718 3247 1787 ἡ
3271 1717 3383 1782 ὄνος
3406 1719 3557 1784 ἐξέκλι-

372 1813 460 1856 me
485 1819 501 1857 :
528 1808 586 1857 et
613 1799 805 1858 videns
830 1815 920 1858 me
950 1801 1103 1856 asina
1128 1800 1424 1857 declinavit
1442 1802 1556 1871 jam
1594 1812 1710 1870 ter;
1743 1819 1864 1873 qua:

2055 1813 2135 1850 νεν
2157 1796 2252 1849 ἀπ’
2282 1797 2418 1869 ἐμοῦ
2463 1798 2622 1854 τοῦτο
2650 1802 2832 1873 τρίτον
2855 1820 2869 1833 ·
2901 1804 2998 1858 καί
3044 1806 3093 1858 εἰ
3128 1806 3206 1877 μὴ
3237 1806 3476 1873 ἐξέκλινεν
3492 1811 3557 1866 ἀπ’

371 1904 478 1946 non
538 1891 864 1949 declinasset
925 1906 1112 1948 coram
1169 1907 1280 1958 me,
1338 1908 1484 1949 nunc
1547 1904 1602 1950 te
1652 1894 1864 1951 interfec

2055 1889 2177 1959 ἐμοῦ
2209 1889 2344 1961 (26),
2388 1890 2483 1946 νῦν
2532 1911 2593 1946 σε
2633 1895 2732 1965 μὲν
2772 1895 2839 1950 ἂν
2883 1897 3205 1963 ἀπέκτεινα,
3241 1901 3490 1973 ἐκείνηνε
3513 1904 3557 1958 ἂν

369 1984 541 2056 ipsam
585 1984 917 2041 incolumem
960 1998 1289 2040 servassem.
1320 1985 1389 2041 Et
1427 1986 1567 2043 dixit
1596 1987 1816 2043 Balaam
1846 2006 1864 2044 ε

2055 1984 2535 2055 περιεποιησάμην.
2565 1988 2676 2040 Και
2702 1986 2825 2042 εἷπε
2862 1989 3093 2063 Βαλαάμ
3117 1992 3200 2064 τῷ
3232 1994 3433 2069 ἀγγέλῳ
3456 1994 3554 2065 (27)·

366 2075 529 2146 gelo:
556 2074 807 2142 Domine,
836 2076 1080 2145 peccavi,
1110 2077 1365 2146 quoniam
1416 2093 1525 2134 non
1552 2081 1679 2135 novi
1710 2082 1852 2149 quod

2055 2072 2235 2143 Κύριε,
2259 2076 2591 2148 ἡμάρτηκα·
2642 2079 2701 2132 οὐ
2745 2080 2855 2153 γὰρ
2880 2082 3224 2155 ἠπιστάμην,
3258 2084 3339 2138 ὅτι
3367 2085 3424 2137 σὺ
3447 2086 3557 2139 ἀνθέ-
3630 2142 3631 2147 η

365 2164 655 2220 adversum
694 2179 781 2221 me
826 2165 883 2220 in
934 2165 1020 2221 via
1054 2176 1266 2234 stares;
1298 2177 1355 2223 et
1386 2184 1532 2224 nunc
1558 2169 1603 2224 si
1636 2170 1733 2225 tibi
1755 2172 1864 2240 disp

2055 2181 2247 2237 ττηκας
2273 2169 2352 2231 εὶς
2376 2170 2700 2242 συνάντησιν
2724 2190 2815 2243 μοι
2842 2174 2901 2227 ἐν
2929 2177 2995 2246 τῇ
3027 2176 3132 2248 ὀδῷ
3153 2194 3167 2207 ο
3198 2176 3294 2231 καὶ
3317 2177 3406 2231 νῦν
3444 2180 3482 2231 εἰ
3504 2181 3555 2251 μή
3630 2174 3631 2225 Ὺ

363 2264 473 2323 cet,
502 2265 769 2313 revertar.
793 2256 991 2326 Aitque
1020 2257 1244 2328 angelus
1277 2258 1371 2314 Dei
1404 2260 1472 2314 ad
1502 2259 1753 2317 Balaam:
1774 2262 1864 2334 3s

2055 2273 2121 2310 rat
2150 2258 2396 2330 ἀρέσκει,
2429 2260 2941 2336 ἀποστραφήσομαι.
2987 2269 3097 2322 Καὶ
3137 2266 3295 2325 εἶπεν
3329 2274 3356 2326 ὀ
3385 2269 3555 2340 ἄγγελος

362 2346 521 2404 Vade
567 2362 689 2404 cum
741 2347 874 2403 viris
920 2347 1059 2413 illis;
1110 2350 1203 2406 sed
1270 2354 1648 2408 tantummodo
1707 2356 1864 2409 verbi

2055 2348 2128 2403 τοῦ
2154 2349 2290 2404 Θεοῦ
2317 2352 2453 2424 πρὸς
2484 2354 2715 2427 Βαλαάμ
2736 2373 2752 2388 ο
2788 2359 3206 2434 Συμπορεύθητι
3235 2371 3370 2437 μετά
3390 2368 3479 2421 τῶν
3497 2369 3555 2421 ἀν-
3630 2378 3631 2429 1

360 2441 722 2509 quodcunque
766 2438 984 2495 locutus
1022 2437 1176 2497 fuero
1222 2442 1289 2496 ad
1345 2452 1416 2508 te,
1467 2444 1571 2501 boc
1617 2447 1864 2502 observa!

2055 2441 2305 2512 lpdmwv'
2364 2444 2505 2517 πλὴν
2550 2446 2612 2500 τὺ
2652 2447 2806 2520 ῥῆμα
2838 2450 2866 2504 ὀ
2891 2450 2956 2505 ἂν
2993 2452 3132 2507 εἴπω
3178 2459 3318 2528 πρὸς
3342 2459 3415 2523 σέ,
3441 2459 3555 2513 τοῦτο

360 2533 533 2604 loqui.
562 2552 582 2587 ι
612 2533 856 2590 Observa
891 2533 1037 2588 enim
1066 2536 1211 2605 quod
1237 2537 1461 2607 angelus
1488 2539 1584 2607 sit,
1624 2541 1716 2610 qui
1752 2541 1859 2597 dici

2055 2532 2244 2609 ρυλάξῃ
2271 2535 2519 2607 λαλῆσαι.
2545 2557 2564 2591 ι
2597 2540 2912 2615 Παρατήρει
2938 2545 3069 2616 γὰρ,
3092 2547 3177 2600 ὅτι
3208 2549 3427 2619 ἄγγελός
3446 2554 3554 2605 ἐστιν
3630 2532 3631 2581 i

364 2642 386 2677 ι
417 2623 645 2681 Verbum
673 2624 1039 2697 quodcunque
1072 2626 1285 2683 locutus
1317 2627 1474 2684 fuero
1511 2629 1576 2683 ad
1602 2639 1674 2696 te,
1703 2630 1807 2686 hoc
1835 2647 1864 2686 o

2055 2647 2061 2673 ι
2091 2624 2263 2694 λέγων
2283 2643 2299 2658 ·
2331 2645 2351 2679 ι
2374 2627 2448 2681 Τὸ
2478 2629 2628 2701 ῥῆμα
2654 2630 2683 2684 ὅ
2706 2632 2802 2686 ἐὰν
2834 2636 2973 2688 εἴπω
2999 2637 3135 2709 πρὸς
3158 2639 3246 2702 σὲ,
3270 2640 3419 2695 τοῦτο
3434 2642 3558 2711 grala-

360 2717 604 2775 servabis
642 2718 860 2790 loqui.)
907 2717 1106 2774 Verum
1177 2721 1326 2776 dices
1374 2721 1536 2791 paulo
1582 2733 1706 2792 post
1760 2723 1864 2778 Deu

2055 2717 2097 2787 ῐῃ
2129 2714 2379 2785 λαλῆσαι.
2407 2737 2427 2770 ι
2477 2718 2638 2774 Ἀλλὰ
2680 2723 2894 2794 φήσεις,
2935 2725 3017 2778 ὅτι
3048 2727 3167 2797 μετ’
3198 2729 3354 2797 ὀλίγα
3384 2731 3557 2802 ἐφάνηό

359 2812 462 2882 ipsi
492 2811 711 2868 Balaam
758 2812 1100 2885 apparuisse,
1133 2810 1446 2883 dixisseque
1483 2813 1557 2869 illi
1600 2812 1864 2870 Balaam"

2055 2803 2162 2868 Deo;
2226 2805 2307 2877 τῷ
2349 2807 2596 2882 Βαλαὰμ,
2646 2812 2739 2866 καὶ
2788 2808 2911 2868 εἷπε
2961 2816 3098 2887 πρὸς
3143 2819 3315 2873 αὑτὸν
3356 2821 3554 2891 Βαλαάμ·

358 2923 381 2957 ι
420 2904 636 2975 Septem
671 2919 798 2961 aras
837 2903 1050 2975 paravi,
1101 2911 1159 2959 et
1213 2905 1451 2976 imposui
1502 2906 1556 2961 in
1603 2920 1864 2978 unaquaql

2071 2896 2210 2961 Τοὺς
2234 2897 2377 2954 ἐπτά
2404 2899 2620 2973 βωμοὺς
2648 2904 2941 2977 ήτοὶμασα,
2968 2908 3062 2961 καὶ
3084 2910 3384 2966 ἀνεϐίϐασα
3405 2913 3558 2984 μόσχον

354 2998 586 3053 vitulum
615 3007 673 3054 et
704 2997 955 3054 arietem.
984 2997 1054 3053 Et
1090 2997 1233 3054 Deus
1262 3013 1570 3055 sermonem
1609 3000 1806 3055 indidit
1833 3015 1864 3056 ο

2055 2989 2122 3044 εαὶ
2154 2988 2316 3062 κριὸν
2336 2993 2430 3046 ἐπὶ
2456 2994 2550 3050 τὸν
2580 2994 2785 3067 βωμόν.
2815 2999 2924 3051 Καὶ
2948 3000 3205 3056 ἐνέϐαλεν
3232 3006 3262 3057 ὀ
3292 3004 3420 3067 Θεὸς
3445 3007 3558 3077 ῥῆμα

352 3088 597 3154 Balaam,
626 3100 683 3147 et
709 3090 853 3147 dixit
882 3110 895 3146 :
924 3090 1195 3147 Reversus
1225 3091 1293 3147 ad
1322 3090 1486 3148 Balac
1508 3092 1591 3147 sic
1621 3091 1863 3163 loqueris

2058 3080 2107 3145 ες
2136 3080 2197 3135 τδ
2225 3083 2400 3156 στόμα
2428 3085 2677 3159 Βαλαὰμ,
2707 3089 2799 3142 καὶ
2821 3086 2971 3145 εἷπεν
2988 3108 3002 3122 ·
3046 3092 3431 3167 Ἐπιστραφεὶς
3455 3098 3557 3169 πρὸς
3630 3080 3631 3147 Ῑ

352 3188 425 3241 At
457 3200 588 3242 vero
629 3194 684 3241 tu
711 3188 933 3242 attende
964 3186 1237 3256 quomodo
1267 3194 1497 3255 utraque
1525 3200 1653 3241 vera
1683 3194 1831 3251 sunt,

2055 3175 2206 3230 ὴλάκ
2226 3177 2359 3251 (28),
2386 3178 2528 3234 οῦτω
2553 3181 2829 3253 λαλήσεις.
2850 3202 2868 3232 ι
2902 3185 3013 3239 Καὶ
3042 3186 3107 3239 σὺ
3131 3187 3192 3240 δὲ
3224 3191 3452 3262 πρόσχες
3471 3191 3557 3254 m3;

349 3279 495 3348 quod
544 3278 616 3335 ab
666 3278 859 3350 angelo
927 3278 1161 3344 dicitur,
1221 3292 1458 3347 nempe:
1499 3277 1864 3349 «Quodcuan

2060 3267 2305 3342 μφότερα
2339 3270 2512 3341 ἀληθῆ
2538 3274 2674 3336 ἐστι,
2705 3274 2800 3327 καὶ
2827 3275 2890 3329 τὸ
2916 3276 3022 3330 ὑπὸ
3046 3277 3140 3331 τοῦ
3178 3280 3408 3349 ἀγγέλου
3437 3282 3554 3349 λεγὸ-

346 3371 562 3429 locutus
606 3369 763 3426 fuero
789 3371 855 3424 ad
901 3379 974 3435 te,
1003 3370 1109 3425 hoc
1149 3367 1470 3424 observabis
1516 3368 1665 3438 loqui
1682 3369 1771 3436 ‘0;
1807 3387 1827 3422 ι
1863 3404 1864 3408 η

2055 3377 2180 3414 μενον
2213 3363 2272 3414 ἐν
2291 3361 2404 3434 τῷ,
2440 3383 2458 3415 ι
2487 3366 2554 3418 Ὃ
2586 3365 2680 3419 ἐὰν
2712 3366 2852 3420 εἴπω
2902 3368 3039 3441 πρὸς
3068 3369 3149 3434 σὲ,
3204 3371 3363 3425 τοῦτο
3390 3372 3555 3444 φυλάξῃ

2055 289 2195 350 EIle
3484 323 3551 379 7η

2060 782 2225 852 φαίαν
2253 783 2419 838 αὐτοῦ
2455 787 2805 859 ἐσπασμένην
2831 791 2890 843 ἐν
2921 794 2987 862 τῇ
3017 793 3160 862 χειρὶ
3187 793 3361 861 αὐτοῦ,
3398 801 3471 851 καὶ
3501 803 3554 868 ὲξι

2057 874 2312 948 έκλινενὴ
2335 877 2454 941 ὄνος
2476 880 2540 933 ἐκ
2557 880 2658 950 τῆς
2680 881 2822 946 ὀδοῦ,
2850 883 3142 954 ἐπορεύετο
3160 886 3217 938 δὲ
3241 889 3316 951 εἰς
3334 888 3388 943 τὸ
3413 893 3554 954 maias,

2056 968 2169 1023 Καὶ
2208 970 2447 1038 ἐπάταξε
2492 972 2721 1046 Βαλαὰμ
2757 976 2859 1046 τὴν
2878 977 2999 1031 δνον
3029 978 3088 1031 ὲν
3214 980 3381 1053 ῥάϐδῳ
3399 984 3471 1037 τοῦ
3498 988 3555 1041 εὖ.

2054 1058 2209 1113 θῦναι
2230 1062 2397 1134 αὐτὴν
2425 1064 2484 1117 ἐν
2520 1068 2587 1137 τῇ
2619 1065 2729 1137 ὀδῷ
2747 1083 2761 1096 ·
2792 1069 2887 1122 καὶ
2912 1068 3041 1140 ἔστη
3068 1070 3098 1123 ὁ
3122 1071 3342 1142 ἄγγελος
3363 1076 3442 1131 τοῦ
3465 1080 3557 1136 Θεοῦ

2053 1151 2114 1204 ἐν
2148 1156 2270 1216 ταῖς
2290 1153 2484 1220 αῦλαξι
2506 1156 2616 1210 τῶν
2640 1159 2921 1228 ἀμτέλων,
2955 1164 3208 1235 φραγμὺς
3240 1168 3472 1235 ἐντεῦθεν,
3495 1176 3558 1229 καὶ

2050 1244 2303 1315 φραγμὸς
2322 1247 2589 1304 ἐντεῦθεν.
2618 1269 2637 1301 ι
2667 1247 2800 1304 Εἶτα
2824 1255 2942 1323 μετ’
2964 1254 3120 1322 ὀλίγα
3144 1272 3158 1282 ·
3190 1276 3209 1308 ι
3234 1258 3417 1313 Ἰδοῦσα
3434 1263 3460 1333 ή
3478 1264 3557 1330 im;

345 3464 490 3532 quod
539 3462 823 3532 Scriptura
851 3461 1174 3532 pronuntiat
1205 3479 1219 3515 :
1251 3479 1271 3514 ι
1305 3459 1505 3515 lndidit
1540 3461 1681 3516 Deus
1706 3474 1917 3517 sermo-

348 3570 471 3610 nem
502 3554 585 3610 ori
614 3553 858 3619 Balaam,
882 3562 938 3610 et
967 3551 1194 3609 dixit".
1221 3570 1242 3604 ι
1274 3551 1541 3607 Caeterum
1568 3566 1699 3606 veru
1735 3560 1916 3607 trans-

345 3648 568 3706 ﬁximus
614 3649 731 3704 haec
776 3647 983 3704 verba:
1028 3665 1047 3700 ι
1076 3646 1277 3703 Factus
1325 3654 1412 3702 est
1455 3646 1679 3716 spiritus
1721 3647 1814 3703 Dei
1858 3647 1914 3702 in

342 3741 487 3813 ipso,
520 3761 541 3796 ι
581 3743 726 3813 quod
772 3756 949 3811 neque
991 3740 1077 3797 bis
1109 3740 1291 3796 simile
1339 3738 1634 3810 quidquam
1665 3740 1720 3795 in
1748 3751 1914 3796 caete-

343 3849 527 3891 rorum
575 3833 902 3889 editionibus
944 3833 1336 3888 invenerimus.
1386 3832 1731 3902 Rursumque
1773 3847 1804 3888 e
1830 3832 1915 3886 di-

219 3988 224 3994 .
342 3935 502 3977 verso
516 3930 649 3991 .post
673 3936 840 3991 pauca
875 3938 892 3975 :
922 3939 946 3973 ι
967 3920 1237 3981 Occurrit.
1267 3920 1463 3990 inquit,
1498 3921 1643 3977 Deus
1668 3920 1910 3990 Balaam,

336 4023 397 4071 et
435 4014 629 4070 indidit
679 4027 993 4070 sermonem
1023 4013 1075 4068 in
1106 4028 1204 4068 ore
1229 4011 1370 4080 ejus,
1401 4023 1457 4068 et
1489 4013 1666 4068 dixit:
1703 4012 1911 4069 Rever-

341 4119 457 4163 tere
476 4096 556 4163 ad
581 4105 767 4171 Balac,
807 4114 866 4161 et
901 4106 1018 4162 haec
1050 4105 1292 4175 loqueris
1314 4104 1380 4161 ι’.
1417 4125 1436 4158 ι
1474 4105 1530 4160 In
1565 4106 1681 4160 haec
1727 4113 1908 4161 autem

334 4199 517 4255 omnia
546 4199 755 4254 audens
788 4196 1007 4266 aliquis,
1033 4196 1177 4252 dicet
1207 4198 1272 4253 de
1310 4195 1477 4252 Saule
1508 4196 1672 4252 etiam
1701 4196 1905 4252 dictum

329 4293 503 4349 fuisse
532 4309 546 4345 :
576 4310 595 4343 ι
626 4290 866 4362 Spiritus
915 4289 1008 4347 Dei
1063 4290 1237 4346 malus
1288 4287 1590 4345 suil‘ocabat
1640 4290 1847 4344 eum".
1879 4309 1899 4344 ι

331 4383 672 4451 Quinetiam
699 4398 824 4438 cum
847 4382 1049 4440 exisset
1078 4381 1305 4452 spiritus
1349 4379 1585 4437 mendax
1611 4381 1790 4438 factus
1819 4391 1906 4438 est

2017 3453 2267 3527 λαλῆσαι,
2306 3475 2326 3508 ι
2356 3457 2451 3510 καὶ
2488 3457 2549 3511 τὸ
2586 3458 2692 3512 ὑπὸ
2721 3459 2822 3528 τῆς
2847 3459 3067 3533 Γραφῆς
3098 3462 3553 3534 ἀπαγγελλόμενον,

2015 3545 2119 3599 ὅτι·
2171 3565 2192 3599 ι
2230 3547 2511 3602 Ἐνέϐαλεν
2537 3549 2566 3600 ὀ
2586 3549 2716 3614 Θεὸς
2742 3550 2893 3622 ῥῆμα
2925 3553 3005 3615 είς
3048 3552 3108 3606 τὸ
3138 3556 3319 3626 στόμα
3347 3555 3552 3626 Βαλαὰμ,

2016 3639 2111 3693 καὶ
2140 3635 2286 3693 εἷπε·
2317 3660 2335 3692 ι
2367 3640 2429 3694 τὸ
2468 3642 2549 3707 δέ,
2586 3660 2606 3693 ι
2630 3643 2892 3715 Ἑγενήθη
2942 3643 3156 3715 πνεῦμα
3207 3648 3344 3701 Θεοῦ
3389 3649 3466 3700 ἐπ’
3485 3647 3553 3699 αὖ·

2014 3731 2154 3804 rip,»
2191 3733 2532 3806 ὠϐελίσαμεν
2561 3735 2693 3805 (29),
2752 3732 2887 3807 μήτε
2929 3737 3081 3803 αὐτὸ,
3120 3740 3263 3811 μήτε
3312 3740 3553 3813 παραπλή-

2016 3825 2131 3880 σιόν
2153 3844 2207 3879 τι
2232 3825 2380 3898 αὐτῷ
2422 3826 2673 3897 εὑρόντες
2717 3829 2777 3881 ἐν
2802 3830 2923 3891 ταῖς
2950 3827 3164 3895 leuati;
3193 3832 3449 3886 ἐκδόσεσι.
3475 3832 3553 3884 Πά-

2012 3919 2095 3973 λιν
2134 3936 2194 3972 τε
2226 3914 2293 3974 αὖ
2329 3921 2446 3991 μετ’
2471 3919 2645 3988 ὀλίγα,
2683 3934 2701 3967 ι
2726 3920 3030 3992 Συνὴντησε
3049 3956 3064 3983 ,
3133 3923 3341 3994 φησὶν,
3402 3925 3430 3977 ὀ
3454 3923 3554 3985 Θεὸς

2010 4012 2090 4085 τῷ
2136 4010 2384 4082 Βαλαὰμ,
2420 4012 2515 4065 καὶ
2543 4010 2762 4066 ἐνέϐαλε
2793 4011 2943 4083 ῥῆμα
2973 4013 3053 4077 εἰς
3085 4012 3146 4067 τὸ
3178 4014 3358 4086 στόμα
3399 4013 3549 4077 αὐτοῦ,

2011 4106 2105 4161 καὶ
2130 4102 2281 4159 εἷπε·
2345 4104 2748 4178 Ἀποστρὰφηθι
2777 4105 2915 4177 πρὸς
2959 4106 3144 4161 Βαλὰκ
3181 4109 3321 4181 (50),
3345 4111 3434 4165 καὶ
3453 4110 3549 4164 τάδε
3630 4128 3631 4137 η

2008 4201 2277 4272 λαλήσεις.
2306 4218 2325 4250 ι
2368 4200 2464 4263 El;
2489 4198 2661 4253 ταῦτα
2702 4198 2759 4252 δὲ
2787 4199 2965 4254 πάντα
2990 4202 3021 4253 ό
3048 4201 3375 4275 ἀποτολμῶν
3398 4204 3546 4275 φήσει,
3630 4210 3631 4223 ‘

2006 4293 2088 4346 ὅτι
2113 4293 2208 4345 καὶ
2241 4290 2332 4344 ἐπὶ
2359 4289 2453 4344 τοῦ
2478 4290 2651 4344 Σαοὺλ
2679 4290 2894 4362 εἴρηται
2911 4309 2925 4322 ·
2967 4310 2985 4344 ι
3008 4292 3239 4365 Πνεῦμα
3257 4295 3392 4349 Θεοῦ
3415 4313 3549 4363 πονη-

2010 4383 2101 4455 ρὸν
2132 4383 2349 4451 ἔπνιγεν
2380 4382 2562 4435 αὐτόν.
2589 4400 2609 4434 ι
2654 4380 2814 4435 Ἀλλά
2844 4382 2939 4437 καὶ
2966 4384 3185 4455 πνεῦμα
3220 4386 3413 4457 ψευδὲς
3434 4386 3548 4451 ἐξελ-

329 4480 387 4533 in
413 4492 511 4533 ore
536 4476 777 4532 omnium
803 4477 1198 4547 prophetarum
1221 4473 1430 4539 Achab,
1465 4473 1683 4529 dicente
1712 4474 1864 4529 Domi

2055 4493 2094 4528 ιν
2137 4475 2359 4544 γέγονεν
2389 4475 2448 4528 ἐν
2494 4475 2719 4546 στόματι
2746 4475 2963 4530 πάντων
3003 4476 3113 4530 τῶν
3162 4481 3453 4551 προφητῶν
3475 4477 3547 4533 τοῦ

326 4583 403 4623 no
432 4584 448 4621 :
479 4568 659 4637 «Quis
711 4567 946 4639 decipiet
989 4564 1266 4621 Achab?»
1311 4575 1367 4619 et
1416 4573 1649 4618 exeunte
1700 4564 1894 4633 spiritu

325 4659 604 4724 mendaci,
635 4666 691 4713 et
713 4658 924 4714 dicente
958 4675 975 4711 :
1010 4673 1030 4707 ι
1052 4653 1166 4724 Ego
1192 4654 1458 4724 decipiam
1494 4665 1616 4706 eum
1635 4651 1705 4705 '°.
1737 4670 1757 4704 ι
1789 4652 1889 4705 At-

2016 4567 2217 4640 Ἀχαάϐ
2251 4568 2384 4639 (51),
2432 4567 2675 4631 εἰπόντος
2701 4568 2908 4639 Κυρίου
2928 4584 2943 4598 ·
2996 4587 3016 4621 ι
3045 4569 3140 4634 Τίς
3186 4573 3452 4645 ἀπατήσει
3476 4573 3546 4624 τὸν

2011 4659 2243 4730 Ἀχαάϐ;
2273 4680 2291 4710 ι
2346 4659 2442 4712 καὶ
2470 4657 2776 4723 ἐξελθόντος
2827 4658 3136 4731 πνεύματος
3179 4663 3429 4733 ψευδοῦς,
3472 4663 3546 4717 καὶ

329 4765 435 4819 quc
482 4751 594 4805 bazc
633 4750 849 4819 quidem
879 4750 966 4805 his
999 4748 1052 4802 in
1083 4746 1217 4801 locis
1254 4745 1563 4801 examinata
1598 4753 1746 4806 sunt,
1773 4761 1864 4797 cun

2055 4748 2242 4813 πόντος
2260 4764 2274 4778 ο
2313 4767 2331 4799 ι
2356 4747 2495 4816 Ἐγὼ
2528 4748 2811 4819 ἀπατήσω.
2841 4768 2859 4800 ι
2897 4749 3082 4804 Ταῦτα
3107 4753 3208 4822 μὲν
3233 4750 3331 4807 οὖν
3352 4755 3425 4817 εἰς
3445 4754 3544 4815 eos;

328 4841 566 4912 alioquin
607 4841 795 4896 .valeat
842 4836 1223 4911 unusquisque
1277 4855 1308 4893 a
1362 4838 1897 4907 semetipso.conse-

326 4944 559 5004 quenter
598 4934 685 4988 bis
732 4934 1053 4989 testimoniis
1094 4947 1215 5001 qua:
1256 4934 1310 4986 in
1366 4929 1603 4984 medium
1669 4931 1895 5000 protuli-

325 5043 469 5093 nms,
495 5027 843 5082 considerare
873 5024 1150 5096 quomodo
1165 5024 1571 5095 prophetaverit
1590 5022 1889 5093 Caiaphas.

396 5166 443 5199 ι·
476 5166 634 5249 Νεεω-
664 5166 1021 5249 15521-22224-
1076 5166 1305 5249 :‘Jbid-
1331 5165 1424 5220 27-
1499 5164 1816 5249 ‘fﬁhidﬁ?
1839 5183 1957 5249 ssn-

676 5238 721 5269 δθ
746 5237 876 5292 ibid.
913 5235 1000 5292 16.
1074 5235 1120 5270 ⁴⁹
1147 5235 1168 5289 l
1212 5236 1346 5307 Reg.
1370 5252 1482 5302 xvr,
1514 5236 1604 5291 14.
1678 5237 1726 5268 ⁸⁰
1753 5235 1820 5291 lll
1848 5239 1864 5293 l

2055 5252 2148 5300 xu,
2177 5232 2364 5288 20-22.

1991 5364 2091 5430 τῷ,
2117 5385 2144 5437 ξ»
2174 5367 2545 5437 ὠϐεπίσαμεν

324 5255 482 5302 xxrtt,
518 5240 574 5294 5.

395 5357 510 5435 (26)
548 5356 608 5435 In
647 5357 833 5435 chice
869 5357 1040 5435 Regio
1057 5359 1441 5435 desideratur,
1478 5359 1637 5435 τοῦτο
1671 5364 1887 5435 τρίτον,

1995 4842 2191 4904 τόπους
2240 4840 2541 4912 ἐζητήσθω,
2588 4840 2888 4910 δυναμένου
2935 4842 3078 4905 τινὸς
3124 4846 3220 4913 ἀφ’
3275 4846 3458 4900 ἐαυτοῦ
3492 4848 3542 4898 τὰ

1995 4932 2263 4987 ἀκόλουθα
2288 4934 2401 4996 τοῖς
2441 4931 2706 4985 ἐκτεθεῖσι
2757 4933 2942 5004 ῥητοῖς
2996 4936 3270 5007 σκοπῆσαι
3305 4936 3539 5009 περὶτοῦ.

1996 5025 2112 5090 πῶς
2143 5026 2544 5096 προεφήτευσεν
2575 5027 2604 5078 ὁ
2633 5025 2907 5095 Καϊάφας.
2937 5026 3165 5098 Μήποτε
3192 5029 3254 5083 δὲ
3283 5031 3376 5084 καὶ
3400 5029 3537 5083 ταῦτα

2059 5166 2104 5198 ⁸⁵
2133 5163 2290 5218 Num.
2318 5176 2473 5233 xxnt,
2501 5162 2559 5228 4,
2581 5159 2636 5218 5.
2741 5160 2788 5193 ’⁵⁸
2815 5159 2975 5216 Num.
2995 5177 3137 5231 xm,
3163 5163 3256 5233 '55.
3333 5167 3376 5199 ⁸⁷
3404 5165 3535 5233 Nam.

2549 5411 2561 5423 .
2592 5369 2768 5443 Yerba
2808 5371 2924 5427 haec
2958 5372 3310 5443 reperiuntur
3347 5373 3398 5427 in
3430 5371 3532 5423 Aie-

324 5428 505 5501 δαί-εί
547 5429 622 5501 μὴ
659 5428 928 5494 ἐξέκλινεν
960 5428 1071 5483 ’ἀπ’
1117 5429 1286 5501 ἐμοῦ,
1334 5431 1429 5486 sed
1475 5428 1777 5488 restituitur
1822 5450 1864 5490 ei

2055 5435 2254 5490 .ndrino
2292 5428 2475 5493 codice
2511 5449 2566 5494 et
2611 5438 2815 5495 Sixtina
2838 5428 3089 5498 .editione
3131 5461 3144 5496 :
3180 5444 3529 5499 desiderantur

324 5496 633 5553 Bodleiano.
1151 5496 1163 5501 ⁷

400 5568 511 5644 (2⁵1)
549 5569 728 5644 ςοάρξι
763 5569 995 5644 “sagina,
1023 5585 1330 5644 psmeram.
1366 5571 1444 5642 τῷ
1480 5572 1815 5644 Εὐαγγελίιρ·

329 5637 511 5770 ὶαῗμθ)
549 5638 773 5694 Βαλὰκ.
808 5637 872 5695 lii
899 5637 1221 5714 codee‘gio
1252 5637 1529 5713 perperam
1557 5637 1750 5714 legitur
1768 5637 1893 5699 ’Βα-

403 5772 515 5843 (29)
560 5775 631 5832 Τὸ
665 5776 750 5832 δέ.
795 5799 815 5832 ι
873 5781 1159 5853 Ἐγενήθη
1197 5781 1431 5852 πνεῦμα
1468 5782 1617 5839 Θεοῦ
1664 5782 1756 5838 ἐπ’
1788 5785 1891 5839 αὐ-

1994 5505 2049 5558 in
2079 5504 2462 5590 C(_)u_tplutens_i3
2494 5510 2636 5590 ut__in
2676 5510 2940 5590 llebraico
2967 5515 3288 5590 archetypo,
3315 5509 3529 5583 reliquis-

1992 5590 2098 5647 que
2129 5580 2660 5647 interpretationibus
2686 5581 2839 5647 plane
2864 5584 3135 5639 omnibus.

2219 5643 2440 5702 Βαιᾶκ.
2479 5649 2539 5703 In
2575 5643 2760 5706 codice
2810 5652 2982 5726 Regio
3019 5655 3157 5711 male
3204 5654 3401 5728 legitur
3438 5650 3528 5703 Βα-

2065 5785 2177 5856 ιῦί)
2214 5783 2391 5843 Codex
2429 5786 2644 5861 Regius,
2685 5790 2916 5863 Ἀχαάμ.
