3688 6146
41 373 135 429 717

1014 373 1374 432 COMMENT.
1412 376 1479 432 IN
1517 371 1706 432 JOAN.
1744 373 1982 431 TOMUS
2020 372 2257 430 XXVIII.

3164 373 3264 432 718

41 497 112 560 εις
131 493 231 566 τὴν
258 493 592 566 προφητείαν
620 493 784 549 αὑτοῦ
810 493 1047 562 λεκτέον,
1077 497 1181 564 ὅτι,
1207 497 1329 551 ἐπεὶ
1361 498 1434 569 μὴ
1457 499 1609 568 ἅγιος

1804 498 1845 553 le
1869 512 2000 552 vero
2029 512 2097 552 an
2135 496 2278 552 forte
2321 497 2434 551 haec
2463 495 2624 552 etiam
2656 494 2881 552 dicenda
2909 497 3017 553 sint
3044 496 3110 554 de
3137 513 3265 568 pro-

41 582 121 656 ἧν,
157 587 208 638 εί
241 585 333 638 καὶ
373 585 800 656 προεφήτευσεν,
831 586 943 640 ἀλλ’
983 588 1082 641 οὐκ
1114 587 1222 642 ἀπὸ
1254 589 1604 661 ἐμπνεύσεως

42 677 343 750 Πνεύματος
385 678 542 747 ἁγίου
574 681 979 751 προεφήτευσεν
1007 680 1140 753 (52).
1187 682 1394 753 Ὥσπερ
1421 682 1478 736 δὲ
1512 681 1606 753 ζη-

42 774 241 842 τήσεως
273 767 420 835 ἄξιόν
451 773 590 836 ἐστι,
621 771 738 836 πῶς
765 774 1137 844 προεφήτευσε
1160 774 1434 844 Καϊάφας,
1463 774 1606 828 οὕτω

42 865 126 918 καὶ
151 865 208 916 έν
246 864 312 933 τῇ
354 861 548 934 πρώτῃ
577 861 685 915 τῶν
715 863 1010 916 Βασιλειῶν
1044 864 1319 937 ζητήσεις,
1347 864 1464 928 πῶς
1493 863 1604 936 (55)

43 955 442 1027 προεφήτευσαν
486 954 537 1006 οί
577 947 800 1023 ἀγγελά
837 955 930 1008 τοῦ
977 956 1149 1011 Σαοὺλ
1195 956 1474 1020 σταλέντες
1514 955 1607 1010 ἐπὶ

42 1047 124 1100 τὸν
151 1045 333 1110 Δαϐὶδ,
361 1045 456 1099 καὶ
490 1047 605 1116 μετ’
631 1045 826 1112 αὐτοὺς
857 1048 886 1100 ὁ
908 1046 1096 1103 Σαούλ.
1128 1047 1441 1121 Γέγραπται
1468 1048 1603 1120 γάρ’

47 1155 63 1187 ι
82 1135 184 1189 Καὶ
208 1135 491 1206 ἀπηγγέλη
519 1135 594 1206 τῷ
618 1135 810 1201 Σαοὺλ,
835 1136 1083 1207 λέγοντες
1103 1154 1117 1166 ·
1153 1138 1284 1192 Ἰδοὺ
1305 1137 1468 1192 Δαυῖδ
1494 1137 1606 1210 (54)

43 1227 112 1288 εἰς
141 1224 294 1278 Αύὼθ
341 1229 398 1280 ἐν
444 1227 640 1298 Ῥαμᾷ.
677 1228 787 1282 Καὶ
818 1227 1105 1298 ἀπέστειλε
1145 1228 1318 1283 Σαοὺλ
1345 1229 1610 1298 ἀγγέλους

43 1313 215 1367 λαϐεῖν
239 1313 330 1368 τὸν
351 1314 534 1374 Δαυτδ.
556 1317 652 1370 καὶ
673 1316 885 1372 εἴδοσαν
907 1318 1005 1390 τὴν
1031 1318 1321 1390 ἐκκλησίαν
1345 1319 1453 1374 τῶν
1483 1335 1611 1389 προ-

45 1405 238 1476 φητῶν,
261 1406 356 1459 καὶ
381 1407 632 1479 Σαμουὴλ
652 1409 890 1481 εἱστήκει
917 1409 1269 1482 καθεστηκὼς
1292 1411 1378 1464 ἐπ’
1401 1410 1606 1464 αὐτῶν

46 1500 133 1553 καὶ
159 1498 386 1571 ἐγενήθη
434 1500 530 1554 ἐπὶ
566 1501 690 1566 τοὺς
735 1501 1000 1571 ἀγγέλους
1036 1502 1208 1556 Σαοὺλ
1256 1502 1473 1574 πνεῦμα
1499 1505 1611 1558 Κυ-

48 1591 177 1662 ρίου,
207 1588 303 1643 καὶ
335 1590 743 1662 προεφήτευσαν
769 1590 864 1644 καὶ
891 1591 1063 1644 αὐτοί.
1093 1591 1204 1646 Καὶ
1232 1591 1515 1663 ἀπηγγέλη
1534 1591 1611 1664 τῷ

49 1678 224 1742 Σαοὺλ,
253 1680 346 1735 καὶ
379 1681 699 1734 ἀπέστειλεν
745 1679 1010 1750 ἀγγέλους
1059 1683 1299 1754 ἐτέρους,
1343 1685 1436 1738 καὶ
1474 1702 1610 1756 προ-

47 1771 339 1841 εφήτευσαν
365 1773 459 1826 καὶ
488 1773 662 1830 αὐτοί.
690 1773 802 1826 Καὶ
832 1773 1086 1846 ἐθυμώθη
1114 1775 1250 1848 ὀργῇ
1278 1776 1472 1843 Σαοὺλ,
1515 1779 1611 1832 καὶ

1703 589 1886 658 pltetia
1911 589 2050 659 ejus,
2081 588 2339 658 quoniam
2365 604 2470 644 non
2499 599 2719 645 sanctus
2741 599 2877 654 erat,
2903 591 3111 647 etiamsi
3142 607 3268 662 pro-

1705 680 1966 748 pltctarit,
1999 695 2104 735 non
2145 691 2322 734 tamen
2356 694 2421 736 ex
2449 680 2627 735 amatu
2668 680 2900 752 Spiritus
2936 686 3106 738 sancti
3139 701 3270 756 pro-

1705 768 1958 839 phetasse
1992 770 2312 840 Caiapham.
2336 769 2408 825 Ut
2440 781 2616 826 autem
2647 773 2876 840 quzesitu
2904 773 3124 844 dignum
3161 788 3268 844 est,

1708 860 1982 928 quomodo
2019 862 2429 930 proplietaverit
2455 860 2744 932 Caiaphas,
2775 865 2853 918 sic
2884 865 3046 919 etiam
3078 866 3130 920 in
3158 868 3269 938 pri-

1708 967 1797 1006 mo
1843 951 2050 1023 Regum
2103 967 2334 1022 quaeres,
2380 955 2650 1023 quomodo
2688 957 3064 1024 prophetarint
3096 959 3269 1013 nuntii

1710 1043 1891 1099 Saulis
1919 1044 2070 1100 missi
2103 1047 2170 1099 ad
2200 1044 2480 1112 Davidem,
2506 1056 2561 1102 et
2590 1057 2712 1118 post
2752 1053 2900 1120 ipsos
2933 1049 3086 1105 Saul.
3119 1052 3272 1106 Scri-

1707 1148 1858 1208 ptum
1904 1145 1989 1193 est
2023 1137 2165 1192 enim
2193 1137 2237 1170 ⁸¹
2269 1156 2283 1193 :
2318 1155 2337 1190 ι
2361 1139 2426 1193 Et
2461 1141 2765 1195 nuntiatum
2815 1151 2898 1198 est
2927 1142 3076 1198 Sauli
3119 1143 3272 1199 hisce

1710 1228 1892 1284 verbis
1921 1244 1935 1283 :
1967 1227 2110 1283 Ecce
2140 1229 2309 1284 David
2339 1239 2422 1285 est
2453 1231 2507 1284 in
2532 1230 2730 1298 Avoth,
2765 1231 2818 1286 in
2849 1232 3042 1287 Ranta.
3071 1231 3137 1288 Et
3167 1234 3271 1287 mi-

1709 1319 1780 1373 sit
1812 1318 1942 1374 Saul
1980 1321 2197 1376 nuntios
2226 1321 2318 1390 qui
2352 1322 2682 1377 adducerent
2731 1323 3008 1388 Davidetn,
3041 1333 3095 1378 et
3123 1323 3272 1377 vide-

1711 1421 1836 1466 runt
1878 1427 2105 1467 cuneum
2146 1413 2552 1483 prophetarum,
2591 1423 2648 1468 et
2697 1415 3000 1469 Samuelem
3040 1423 3272 1472 stantem

1712 1503 2015 1558 antistitem
2049 1519 2214 1574 super
2243 1518 2340 1560 eos
2367 1521 2383 1570 ;
2416 1503 2701 1573 factusque
2733 1515 2814 1560 est
2843 1506 3066 1575 spiritus
3092 1507 3277 1563 Domi-

1714 1596 1767 1651 ni
1820 1611 1984 1668 super
2027 1597 2249 1652 nuntios
2288 1596 2483 1660 Saulis,
2533 1605 2593 1649 ut
2634 1609 2689 1652 et
2731 1598 2830 1669 ipsi
2871 1601 3272 1670 prepltetarent.

1713 1673 2140 1756 Nuntiatumque
2173 1697 2257 1743 est
2299 1687 2468 1752 Sauli,
2503 1686 2660 1758 391
2706 1699 2760 1742 et
2791 1690 2939 1744 misit
2973 1692 3108 1747 alios
3139 1709 3277 1747 nunc

1715 1778 1840 1842 tios,
1873 1777 1964 1847 qui
1995 1778 2156 1832 etiam
2198 1777 2296 1845 ipsi
2328 1778 2742 1847 prophetarum.
2775 1777 2840 1832 Et
2869 1780 3162 1834 excanduit
3195 1781 3274 1835 ira

46 1860 298 1932 ἐπορεύθη
329 1863 408 1926 είς
442 1861 774 1933 Ἀρμαθαῗμ,
809 1861 904 1914 καὶ
933 1842 1158 1933 ἔρχεται.
1316 1862 1410 1916 τοῦ
1441 1842 1611 1937 φρέα-

1804 1869 1864 1934 II,
1901 1868 2288 1938 concessitque
2334 1869 2496 1923 etiam
2540 1882 2656 1937 Ipse
2701 1869 2756 1924 in
2809 1870 3193 1938 Armathream,
3223 1881 3278 1927 et

47 1967 127 2015 τος
153 1952 242 2006 τοῦ
266 1954 524 2024 μεγάλου,
547 1954 638 2008 καὶ
660 1955 717 2007 ἐν
737 1957 803 2026 τῇ
829 1955 934 2028 ὀδῷ
976 1957 1055 2019 είς
1092 1956 1332 2026 Σωφεὶμο
1369 1957 1465 2010 καὶ
1515 1957 1612 2010 ἐπα

46 2045 303 2118 ηρώτησε,
331 2047 426 2100 καὶ
458 2043 597 2100 εἷπε·
624 2047 734 2102 Ποῦ
767 2049 1037 2120 Σαμουὴλ,
1064 2049 1158 2102 καὶ
1180 2049 1373 2116 Δαϐίδ;
1403 2049 1513 2102 Καὶ
1537 2043 1613 2102 εῐ-

47 2155 138 2191 πον
165 2138 310 2209 (55)⁶
377 2140 507 2193 Ἰδοὺ
550 2141 629 2205 είς
673 2139 828 2195 Αύὼθ
863 2144 920 2196 ὲν
969 2142 1165 2215 Ῥαμᾷ.
1207 2143 1316 2197 Καὶ
1345 2142 1612 2215 ἐπορεύθη

50 2230 242 2284 ἐκεῖθεν
268 2232 352 2294 είς
371 2231 528 2286 Αὐὼθ
555 2235 614 2286 ἐν
643 2233 821 2306 Ῥαμᾷ
842 2233 984 2306 (56)·
1021 2235 1116 2288 καὶ⁹
1147 2235 1376 2306 ἐγενήθη
1403 2237 1489 2289 ἐπ’
1516 2234 1614 2289 αὐ-

48 2324 132 2378 τὸν
173 2324 390 2396 πνεῦμα
417 2324 572 2392 Θεοῦ,
619 2326 713 2380 καὶ
752 2326 1042 2398 ἐπορεύετο
1089 2326 1468 2398 πορευόμενος,
1519 2328 1615 2382 καὶ

52 2416 420 2488 προφητεύων,
449 2417 554 2482 ἓως
575 2418 746 2472 ἐλθὼν
767 2421 849 2483 είς
870 2420 1027 2474 Αύὼθ
1053 2421 1112 2476 ὲν
1148 2423 1359 2494 Ῥαμᾷ’
1395 2423 1489 2476 καὶ
1529 2419 1616 2488 ἐξ·

53 2504 264 2560 εδύσατο
296 2506 368 2560 τά
399 2507 589 2579 ἱμάτια
615 2508 803 2579 αὑτοῦ,
835 2511 929 2564 καὶ
955 2514 1359 2584 προεφήτευσεν
1386 2513 1616 2569 ἐνώπιον

52 2597 325 2671 Σαμουήλ·
362 2600 455 2654 καὶ
486 2600 649 2655 ἔπεσε
699 2602 905 2675 γυμνὸς
947 2603 1075 2676 ὅλην
1110 2606 1210 2678 τὴν
1235 2605 1446 2678 ἡμέραν
1475 2605 1618 2660 ὲκεί-

53 2705 164 2759 νην,
188 2691 282 2743 καὶ
327 2690 457 2763 ὃλην
492 2693 592 2765 τὴν
635 2693 824 2750 νύκτα.
866 2695 966 2748 Διὰ
997 2697 1156 2751 τοῦτο
1187 2697 1368 2767 ἔλεγον
1389 2715 1404 2729 ο
1433 2699 1494 2751 El
1524 2699 1618 2751 καὶ

57 2780 214 2834 Σαοὺλ
244 2781 303 2836 ἐν
336 2785 679 2856 προφήταις;
709 2804 729 2838 ι
793 2787 1126 2858 Ἀναγκαίως
1177 2788 1235 2842 δὲ
1279 2788 1484 2860 νομίζω
1523 2789 1619 2843 καὶ

56 2869 217 2926 ταῦτα
248 2876 675 2946 παρατεθεῖσθαι
708 2877 845 2950 ὑπὲρ
877 2879 968 2932 τοῦ
1000 2881 1233 2950 φανῆναι
1281 2879 1400 2943 πῶς
1442 2881 1621 2952 ἁμαρ-

54 2962 203 3018 τωλοὶ
223 2966 648 3038 προφητεύουσι,
669 2970 762 3022 καὶ
780 2969 908 3022 πότε
917 2987 1006 3043 ρον
1028 2973 1088 3034 ἐξ
1107 2971 1262 3039 ἁγίου
1284 2971 1423 3033 Πνεύ
1431 2989 1618 3043 ματος,

57 3053 88 3124 ἢ
121 3055 215 3110 ἀπὸ
240 3057 409 3129 ἄλλης
434 3059 733 3130 δυνάμεως,
761 3061 885 3115 ὅσον
907 3075 970 3131 γε
1001 3062 1094 3114 ἐπὶ
1120 3061 1197 3133 τῷ
1231 3067 1524 3136 μαρτυρεῖν
1551 3066 1619 3136 τῇ

1711 1964 1861 2016 venit
1895 1976 2070 2030 usque
2119 1959 2187 2015 ad
2227 1968 2445 2030 puteum
2493 1975 2770 2031 magnum,
2795 1970 2850 2016 et
2893 1962 2957 2015 ad
2986 1963 3127 2016 viam
3156 1977 3278 2033 qua:

1713 2062 1800 2110 est
1854 2053 1908 2110 in
1960 2052 2230 2120 Sophem;
2282 2058 2338 2107 et
2379 2052 2720 2122 interrogans
2765 2053 2838 2108 ait
2875 2071 2888 2108 :
2921 2052 3022 2110 Ubi
3059 2065 3142 2110 est
3176 2055 3278 2109 Sa-

1715 2146 1884 2214 muel,
1935 2154 1992 2202 et
2031 2145 2235 2200 David?
2275 2143 2344 2199 Et
2392 2144 2690 2200 dixerunt:
2722 2145 2860 2200 Ecce
2903 2146 2956 2200 in
3004 2146 3179 2201 Avotlt
3223 2147 3277 2202 in

1715 2239 1906 2294 Ratna.
1939 2238 2005 2293 Et
2027 2237 2276 2294 concedit
2297 2236 2446 2292 illinc
2473 2237 2524 2292 in
2543 2235 2718 2292 Avoth
2749 2236 2802 2291 in
2835 2237 3003 2291 Rama
3033 2253 3045 2289 :
3071 2237 3278 2293 factus-

1715 2344 1822 2402 que
1860 2339 1944 2386 est
1975 2329 2200 2399 spiritus
2239 2327 2448 2385 Domini
2483 2341 2646 2396 super
2675 2341 2819 2392 eum,
2850 2338 2906 2383 et
2937 2329 3116 2384 eundo
3146 2330 3278 2395 ibat,

1715 2433 1880 2492 atque
1925 2421 2308 2492 propltetabat,
2347 2421 2521 2476 donec
2567 2434 2690 2474 cum
2739 2421 2979 2475 venisset
3022 2421 3076 2475 in
3103 2421 3280 2478 Avoth

1718 2517 1771 2568 in
1805 2515 1994 2580 Rama,
2023 2514 2204 2570 exutis
2221 2512 2563 2578 vestimentis
2595 2511 2706 2566 suis
2731 2511 3068 2582 prophetavit
3097 2528 3279 2567 coram

1719 2607 2006 2674 Samuele;
2053 2616 2109 2661 et
2163 2605 2396 2676 procidit
2433 2603 2612 2659 nudus
2648 2611 2759 2658 tota
2804 2603 2893 2657 illa
2928 2603 3039 2669 die,
3079 2615 3134 2658 et
3171 2614 3281 2659 tota

1719 2709 1899 2756 nocte.
1950 2698 2088 2754 Hinc
2122 2697 2321 2753 dicitur
2352 2715 2368 2751 :
2398 2695 2536 2750 Num
2585 2705 2640 2750 et
2687 2695 2819 2750 Saul
2865 2695 3004 2750 inter
3052 2697 3285 2766 prophe-

1720 2793 1849 2848 tas?
1875 2811 1894 2845 ι
1925 2793 2050 2847 Haec
2079 2805 2210 2846 vero
2235 2789 2547 2845 necessario
2580 2789 2822 2859 apposita
2857 2787 3026 2844 fuisse
3057 2803 3199 2849 reor.
3225 2796 3283 2840 ut

1721 2885 1954 2940 clareret
2000 2890 2319 2952 peccatores
2351 2892 2568 2950 quoque
2611 2878 2971 2950 proliltetare;
3014 2887 3067 2932 et
3102 2887 3280 2931 utrum

1723 2985 1788 3025 ex
1841 2968 2049 3038 Spiritu
2094 2976 2302 3032 sancto,
2348 2982 2417 3021 an
2464 2982 2529 3022 ex
2578 2967 2684 3021 alia
2725 2967 2962 3036 potentia
2997 2981 3100 3020 non
3134 2980 3285 3019 men-

1724 3061 1913 3127 tiente,
1944 3067 2206 3130 quantum
2259 3059 2326 3113 ad
2365 3058 2762 3113 testiﬁcandum
2803 3058 3015 3112 veritati
3065 3057 3284 3122 attinet,

56 3145 287 3220 ἀληθείᾳ,
344 3151 418 3222 μή
450 3151 804 3224 ψευδομένης.
862 3154 1030 3208 Πάλιν
1058 3173 1117 3209 τε
1146 3151 1212 3209 αὖ
1247 3158 1304 3208 ἐν
1333 3158 1400 3227 τῇ
1433 3154 1622 3227 πρώτῃ

1809 3152 2153 3221 pmpbetent.
2178 3150 2519 3217 Rursumque
2545 3148 2597 3201 in
2629 3146 2804 3216 primo
2830 3145 3031 3215 Regum
3051 3144 3098 3176 ⁸⁸
3132 3146 3285 3198 iuve-

57 3236 156 3289 τῶν
194 3239 490 3295 Βασιλειῶν
548 3245 890 3315 εὑρίσκονται
929 3249 978 3300 οἱ
1028 3246 1137 3301 τῶν
1181 3247 1414 3301 εἰδώλων
1481 3247 1620 3320 μάν-

59 3345 161 3394 τεις
207 3333 620 3400 ὑποδεικνύντες
661 3339 731 3391 τὰ
767 3339 896 3411 περὶ
941 3339 1040 3410 τῆς
1089 3339 1343 3405 κιϐωτοῦ,
1379 3339 1473 3394 καὶ
1517 3340 1620 3405 ὅτι.

60 3421 187 3477 ἐπὰν
218 3425 342 3496 βόες
372 3429 812 3498 πρωτοτοκοῦσαι
857 3429 992 3502 (57),
1018 3431 1120 3502 τὴν
1169 3431 1286 3485 ὁδὸν
1326 3431 1501 3503 Ἰησοῦ
1526 3429 1622 3484 τοῦ

64 3512 463 3587 Βεθσαμυσαίου
493 3519 820 3591 πορευθῶσι,
855 3520 1210 3592 σημαίνουσιν
1238 3523 1345 3576 ἀπὸ
1369 3523 1504 3577 Θεοῦ
1533 3541 1624 3593 γε-

62 3608 261 3673 γονέναι
292 3610 394 3682 τὴν
438 3610 660 3684 πληγὴν,
688 3614 802 3676 τοῖς
831 3613 1205 3678 Φυλιστιαίοις.
1241 3614 1376 3668 Οὐδὲ
1401 3615 1470 3669 τὰ
1498 3615 1626 3688 περὶ

62 3699 150 3772 τήν
181 3702 615 3774 ἐγγαστρίμυθόν
658 3703 754 3758 καὶ
792 3703 883 3758 τὸν
928 3705 1178 3777 Σαμουὴλ
1222 3707 1279 3762 ἐν
1306 3709 1417 3770 τοῖς
1441 3708 1626 3772 τόποις

61 3792 256 3858 τούτοις
284 3796 759 3868 παρασιωπητέον,
796 3796 889 3866 ἀφ’
928 3790 1002 3852 ὧν
1034 3797 1235 3869 ἔμαθεν
1263 3799 1292 3851 ὁ
1326 3798 1518 3864 Σαοὺλ,
1544 3800 1626 3852 ὅτι

63 3887 121 3956 τῇ
158 3886 281 3958 ἐξῆς
309 3887 533 3958 ἔμελλεν
559 3888 674 3959 ἅμα
703 3891 818 3954 τοῖς
839 3889 974 3954 υἱοῖς
1011 3889 1462 3962 ἀναιρεθήσεσθαι
1492 3891 1628 3962 ήμέ-

67 3995 149 4049 ρᾳ.
193 3981 264 4032 Τὸ
292 3981 350 4034 δὲ
371 3982 596 4054 ἀκριϐὲς
625 3985 682 4036 ἐν
710 3986 823 4047 τοῖς
850 3983 1034 4047 τόποις
1065 3983 1256 4053 ὄψεται
1279 3983 1307 4036 ὁ
1333 3983 1627 4054 δυνάμενος

65 4065 324 4124 διαλαϐεῖν
378 4071 508 4144 περὶ
552 4072 822 4144 διαφόρων
875 4071 1175 4143 δυνάμεων,
1227 4073 1483 4144 χειρόνων
1534 4073 1629 4126 καὶ

68 4161 399 4228 κρειττόνων,
423 4164 472 4216 εἰ
502 4163 560 4215 δὲ
581 4163 675 4217 καὶ
696 4159 805 4216 εῐέν
829 4181 972 4228 τινες
995 4163 1220 4234 μεταξὺ,
1249 4164 1343 4216 καὶ
1361 4163 1490 4235 περ).
1507 4163 1629 4216 τού-

70 4265 185 4305 των.
219 4253 389 4308 Πάλιν
433 4271 490 4306 τε
521 4251 588 4308 αὖ
617 4256 646 4307 ὁ
676 4253 996 4326 βουλόμενος
1023 4255 1132 4308 ἀπὸ
1179 4255 1419 4327 χείρονος
1465 4255 1628 4309 δυνά-

72 4357 206 4409 μεως
242 4346 750 4417 προπεφητευκέναι
776 4346 868 4400 τὸν
901 4346 1175 4417 Καϊάφαν,
1213 4347 1375 4419 φησιν
1401 4347 1502 4412 ὅτι,
1537 4347 1629 4400 ού-

64 4430 144 4484 δὲν
164 4435 459 4506 παράδοξόν
483 4437 597 4490 ἐστι
619 4437 858 4509 πονηρὰν
879 4436 1106 4508 δύναμιν
1131 4437 1302 4491 ταῦτα
1327 4437 1626 4510 εἰρηκέναι,

1724 3245 1949 3296 niuntur
2003 3240 2269 3297 idolorum
2317 3248 2490 3303 vates,
2539 3238 2889 3294 ostendentes
2918 3236 2986 3291 de
3013 3251 3159 3302 arca,
3193 3235 3287 3290 de-

1723 3332 2142 3402 nuntiantesque
2165 3329 2514 3394 Philistliaeis,
2549 3328 2690 3398 quod
2721 3328 2767 3383 si
2796 3327 3002 3382 buculte
3031 3327 3289 3382 lactentes

1724 3420 1778 3474 in
1808 3421 1951 3474 viam
1986 3419 2390 3474 ambulaverint
2411 3417 2535 3474 Jesu
2563 3418 2952 3483 Bethsamusar,
2987 3417 3161 3472 sciant
3185 3416 3290 3472 sibi

1724 3527 1757 3566 a
1799 3512 1910 3567 Deo
1962 3510 2160 3566 factam
2206 3508 2374 3564 fuisse
2406 3509 2639 3580 plagam.
2670 3508 2750 3562 Ac
2793 3522 2860 3562 ne
2910 3509 3036 3562 illud
3071 3509 3288 3579 quidem

1725 3605 1793 3661 de
1825 3603 2052 3660 muliere
2094 3604 2328 3658 habente
2365 3601 2613 3671 spiritum
2661 3599 2945 3672 Pythonis,
2969 3601 3142 3670 deque
3191 3598 3292 3655 Sa-

1728 3697 1902 3753 muele
1935 3698 1988 3751 in
2013 3696 2098 3750 his
2129 3695 2260 3750 locis
2292 3694 2627 3748 reticendum
2667 3702 2754 3747 est
2779 3710 2794 3747 :
2817 3707 2882 3748 ex
2913 3693 3112 3762 quibus
3139 3692 3286 3750 didi-

1727 3791 1802 3845 cit
1833 3788 1962 3845 Saul
2008 3787 2267 3851 futurum,
2304 3794 2364 3840 ut
2388 3797 2608 3856 postero
2639 3784 2725 3840 die
2757 3799 2877 3841 cum
2925 3784 3047 3841 ﬁliis
3085 3785 3291 3840 interﬁ-

1729 3890 1944 3938 ceretur
1968 3880 2014 3912 ⁸³
2040 3896 2056 3934 :
2080 3893 2310 3949 quorum
2340 3876 2584 3932 locorum
2628 3887 2945 3932 accuratam
2984 3879 3289 3948 intelligen-

1728 3978 1858 4031 tiam
1885 3976 1929 4030 is
1956 3973 2171 4028 visurus
2191 3983 2295 4038 εει,
2327 3974 2416 4041 qui
2451 3973 2721 4027 disserere
2749 3979 2927 4038 potest
2971 3972 3036 4025 de
3062 3972 3291 4026 diversis

1727 4063 2007 4136 potentiis,
2043 4070 2156 4116 tum
2184 4061 2346 4117 bonis
2380 4069 2491 4114 tum
2522 4060 2696 4122 malis,
2735 4069 2898 4128 atque
2919 4061 2985 4114 de
3012 4061 3094 4114 bis
3123 4062 3288 4115 etiam

1729 4173 1850 4228 quae
1879 4156 2023 4210 inter
2053 4155 2150 4209 has
2179 4153 2366 4209 mediae
2394 4162 2540 4216 sunt,
2569 4152 2610 4206 si
2637 4166 2759 4221 quae
2785 4161 2934 4206 sunt.
2968 4150 3176 4206 Rursus
3198 4155 3290 4220 qui

1729 4247 1860 4303 velit
1933 4246 2228 4315 Caiapham
2282 4244 2635 4314 propltetasse
2688 4241 2738 4295 vi
2803 4243 3052 4308 potentia:
3103 4242 3290 4308 malai,

1730 4340 1972 4396 dicturus
2005 4347 2089 4392 est
2139 4335 2215 4390 nil
2259 4336 2456 4390 mirum
2484 4350 2625 4400 esse,
2651 4334 2695 4388 si
2733 4333 2874 4388 mala
2901 4333 3140 4402 potentia
3179 4334 3295 4387 haec

1733 4433 1952 4497 dixerit,
1979 4429 2416 4500 quandoquidem
2445 4427 2750 4482 inveniatur
2771 4425 3018 4481 diabolus
3038 4441 3141 4480 non
3171 4443 3295 4482 utn-

67 4521 188 4575 ὅπου
216 4541 279 4592 γε
313 4527 374 4579 ού
405 4528 578 4600 πάντη
611 4528 822 4596 ἀγνοῶν
854 4531 947 4584 καὶ
979 4530 1008 4583 ὁ
1035 4530 1277 4594 διάϐολος
1313 4531 1626 4602 εὑρίσκεται

1804 4541 1860 4578 ιο
1890 4525 2142 4594 ignorare
2182 4520 2370 4577 Jesum
2407 4521 2612 4575 dictum
2655 4517 2825 4573 fuisse
2857 4519 2910 4572 in
2959 4517 3045 4572 his
3078 4533 3198 4588 qua:
3226 4521 3296 4572 ab

70 4612 150 4667 τὸν
181 4616 302 4670 Υίὸν
349 4618 477 4671 ὄντα
506 4619 663 4684 Θεοῦ,
698 4621 755 4676 ἐν
785 4624 898 4685 τοῖς
938 4622 1328 4694 ἀναγραφεῖσιν
1367 4624 1472 4676 ὑπὸ
1517 4625 1626 4679 τῶν

69 4704 454 4774 εύαγγελιστῶν
487 4710 739 4781 εἰρῆσθαι
781 4713 872 4766 ὑπ’
902 4711 1065 4766 αὐτοῦ
1096 4713 1232 4784 πρὸς
1268 4713 1360 4766 τὸν
1398 4713 1621 4785 Κύριον.

69 4795 220 4864 Φήσει
241 4798 315 4860 δὲ,
334 4799 416 4853 ὅτι
430 4801 522 4854 καὶ
541 4801 771 4872 πονηρία
786 4820 868 4866 τις
881 4801 1122 4856 ἔκκειται
1140 4804 1274 4875 (57')
1291 4807 1354 4876 τῇ
1376 4805 1627 4877 ἐνεργού-

75 4902 134 4958 an
173 4887 396 4960 δυνάμει
431 4890 605 4946 ταῦτα
625 4893 1059 4964 προφητεύεσθαι
1085 4895 1214 4965 περὶ
1233 4895 1324 4948 τοῦ
1349 4896 1620 4966 Σωτῆρος·

75 4979 259 5044 σκοπὸς
289 4981 396 5052 γὰρ
422 4980 489 5054 ἦν
516 4984 652 5055 αὐτῇ
682 4985 743 5038 ού
769 4986 830 5038 τὸ
863 4986 1244 5056 πιστοποιῆσαι
1276 4988 1399 5050 τοὺς
1427 4988 1629 5058 ἀκροω-

76 5071 273 5139 μένους,
308 5075 421 5130 ἀλλ’
449 5077 687 5149 ἐρεθίσαι
712 5077 838 5142 τοὺς
870 5078 927 5132 ἐν
963 5078 1041 5150 τῷ
1070 5079 1328 5151 συνεδρίῳ
1358 5081 1628 5152 ἀρχιερεῖς

137 5213 178 5244 ⁸³
203 5215 221 5268 I
250 5217 384 5288 Reg.
416 5235 530 5284 nx,
561 5218 628 5274 I9
662 5234 774 5288 seq.

147 5307 249 5377 (52)
265 5309 412 5392 ᾈλλ’
433 5311 545 5362 οὐκ
559 5308 680 5392 ἀπὸ
700 5308 1076 5392 έμπνειξσεᾳ·
1098 5309 1440 5391 ῌνεύματος
1455 5311 1626 5392 ἁγίου

81 5378 528 5445 προεφήτευσεν.
559 5379 684 5433 Hac
719 5379 772 5432 in
805 5378 988 5433 codice
1013 5378 1200 5448 Regio,
1233 5393 1297 5431 ac
1321 5380 1546 5447 proinde
1571 5380 1625 5433 itt

81 5446 197 5498 edit.
228 5447 422 5503 Huctii.
449 5450 842 5503 desiderantur.
869 5448 963 5502 sed
989 5457 1204 5503 exstant
1230 5447 1284 5501 in
1314 5449 1622 5503 Bodleiano.

80 5460 197 5498 etut.
228 5460 422 5513 ﬂuctu,
449 5460 842 5511 desrderantur,
869 5460 963 5502 sed
989 5460 1204 5503 exstant
1230 5464 1284 5501 In
1314 5460 1622 5503 bodletano.

121 5516 248 5593 ~(53)
280 5518 408 5598 ῌῶς
450 5519 858 5598 προεφχῖτευᾳε
873 5517 1187 5598 ﬂagting
1229 5517 1386 5597 οὕτω
1423 5519 1627 5598 καί-ἐν

79 5587 146 5651 τῇ
197 5587 390 5669 πρώτῃ
443 5589 561 5670 τῷν
598 5587 1258 5670 ξασιλει-ῶτςὶζητήσεις
1302 5587 1447 5670 πῷς.
1501 5589 1628 5670 Hice

79 5669 294 5781 ἴῃ]οὲἑὲ
321 5659 376 5738 in
408 5661 591 5714 codice
624 5658 794 5730 Regio
831 5658 1237 5726 desiderantur,
1278 5660 1373 5714 sed
1413 5669 1627 5716 exstant

99 5739 130 5775 n
297 5743 466 5783 etano.

82 5738 130 5775 tn
167 5738 466 5783 bodletano.

91 5866 125 5877 η
148 5795 254 5877 (μ)
288 5800 396 5852 Kal
420 5800 545 5877 μετ’
571 5799 793 5877 αὐίοὺς
880 5801 1096 5877 Σαούλ.
1135 5799 1467 5877 Γέγραπται

81 5865 180 5920 Καὶ
208 5865 510 5939 ἀπηγγέλη
539 5869 617 5937 τῷ
649 5870 866 5940 Σαοὺλ,
900 5870 1193 5940 λέγοντες·
1226 5865 1389 5926 ’Ἰδοὺ
1425 5865 1620 5926 Δαύΐδ.

1729 4615 2078 4684 evattgelistis
2100 4622 2227 4668 sunt
2261 4614 2484 4682 scripta,
2511 4611 2705 4666 Filium
2741 4608 2834 4665 Dei
2862 4624 3001 4676 esse,
3030 4625 3151 4665 cum
3184 4611 3296 4680 ipse

1729 4710 2042 4779 loqueretur
2093 4707 2160 4761 ad
2217 4704 2526 4759 Dominum.
2583 4701 2738 4757 Dicet
2799 4711 2978 4757 autem
3033 4701 3294 4756 malitiam

1730 4801 1892 4854 etiam
1927 4799 2216 4867 quamdam
2243 4796 2420 4848 inesse
2447 4793 2503 4847 in
2538 4793 2777 4862 potentia
2801 4804 3062 4861 operante
3097 4805 3154 4849 ut
3180 4795 3298 4850 haec

1730 4896 1796 4948 de
1850 4892 2142 4946 Servatore
2175 4886 2895 4959 proplietarenturzquippe
2942 4889 3029 4942 cui
3099 4904 3296 4958 scopus

1732 4995 1878 5044 esset
1908 5000 2013 5038 non
2042 4981 2230 5036 ﬁdeles
2256 4979 2437 5034 facere
2465 4979 2767 5044 auditores,
2793 4979 2886 5034 sed
2937 4996 3180 5035 summos
3203 4997 3294 5035 sa-

1733 5078 1980 5133 cerdotes
2023 5075 2450 5145 Pltariszeosque,
2489 5075 2580 5145 qui
2617 5083 2984 5129 convenerant
3025 5074 3076 5127 in
3115 5077 3295 5129 cum-i-

882 5220 929 5252 ⁸¹
967 5219 1135 5289 lReg.
1169 5236 1245 5287 v1,
1280 5221 1333 5275 9.
1409 5218 1457 5250 ⁸³
1484 5220 1504 5274 I
1532 5221 1665 5288 Reg.
1705 5231 1899 5278 xxvttt,
1928 5215 2013 5270 19.

1733 5311 1867 5431 μεεὲ
1887 5311 2048 5434 edtiam
2080 5312 2136 5368 in
2165 5314 2348 5371 codice
2377 5314 2543 5385 Regio
2569 5317 2766 5372 omissa
2790 5329 2935 5384 sunt,
2968 5318 3060 5372 sed
3087 5329 3298 5377 exstant

1733 5397 1786 5433 in
1871 5398 1902 5433 ο
1961 5399 2132 5434 etano.

1733 5397 1786 5433 tn
1829 5397 2132 5437 ιςοαιειεηο.

1807 5450 1917 5524 (ᾇῦ)
1952 5451 2130 5524 Codex
2163 5454 2382 5524 Regius,
2424 5454 2593 5509 εἷπεν.

1805 5523 1917 5596 (56)
1955 5523 2065 5596 Καὶ
2097 5523 2384 5596 ἐπορεύθη
2423 5527 2650 5579 ἐκεῖθεν
2682 5530 2768 5591 εὶς
2792 5526 2960 5580 Αὑὼθ
2986 5527 3055 5579 ἐν
3099 5527 3295 5596 Ῥαμᾷ.

1733 5590 1856 5645 llaéc
1887 5590 2259 5648 desiderantur
2288 5595 2341 5649 in
2375 5590 2609 5651 editione
2638 5590 2835 5650 IIuetii.

1804 5662 1914 5733 (37)
1959 5666 2461 5731 Πρωτοτοκοῧσαι.
2502 5667 2592 5720 Sic
2639 5682 2738 5722 nos
2775 5682 2897 5720 cum
2937 5666 3168 5734 Huctio;
3208 5669 3298 5724 alii

1732 5733 2250 5804 πρωτοτοκεύουσαι.
2288 5737 2436 5790 Ευιτ.

1733 5873 1773 5928 Ε
1805 5804 1936 5872 (57‘)
1971 5807 2285 5862 Ἔκκειται.
2314 5805 2623 5880 chendum
2645 5805 2856 5863 videtur
2881 5823 3002 5866 esse
3030 5807 3274 5878 ἔγκειται

1779 5890 1884 5928 DI'I‘.

1779 5890 1884 5929 DI'I‘.
