3712 6138
414 332 523 389 ’119

1881 339 2202 397 ORiGENlS

3537 348 3621 403 720

418 455 550 505 lium
592 450 852 506 adversus
885 447 1093 515 Jesum,
1133 451 1374 519 irritare,
1401 459 1463 508 ut
1503 453 1680 523 ipsum
1716 457 1933 512 interﬁt:

2108 455 2181 507 ιαὶ
2205 456 2530 525 Φαρισαίους
2559 455 2700 510 κατά
2727 455 2820 510 τοῦ
2867 456 3061 528 Ἰησοῦ,
3102 458 3191 510 ἵνα
3220 457 3378 511 αὺτὸν
3409 461 3624 515 ἀποκτεί-

418 555 537 597 rent
569 561 584 597 :
619 559 738 613 qua:
771 546 1020 615 Operatio
1051 561 1157 601 non
1188 555 1315 600 erat
1338 561 1402 600 ex
1437 544 1641 615 Spiritu
1674 559 1884 604 sancto.

484 636 573 690 14.
615 635 749 691 Vide
788 651 920 692 vero
953 652 1019 691 an
1069 651 1177 691 non
1229 638 1506 692 concitare
1537 637 1671 691 velit
1704 640 1983 694 auditores

414 734 527 789 sive
588 733 874 804 Caiaphas,
922 734 1037 789 sive
1087 735 1133 789 is
1181 736 1272 804 qui
1324 735 1401 787 illi
1453 733 1560 786 vim
1619 732 1978 801 prophetandi

404 816 811 895 suppeditabat,
846 826 913 878 ad
963 824 1398 879 interﬁciendum
1446 823 1632 879 Jesum
1669 821 1819 877 hisce
1853 838 1979 876 ver-

406 917 495 971 his
526 934 541 971 :
578 936 595 968 ι
628 916 733 971 Vos
764 917 985 971 nescitis
1006 917 1325 986 quidquam,
1360 929 1534 984 neque
1573 915 1828 984 cogitatis
1852 916 1977 983 quia

410 1008 624 1076 expedit
656 1007 812 1062 nobis
845 1016 906 1061 ut
944 1022 1084 1061 uinus
1137 1007 1299 1062 homo
1325 1008 1594 1061 moriatur
1624 1022 1723 1075 pro
1757 1007 1977 1076 populo,

410 1109 466 1154 et
498 1098 792 1168 11011392
829 1108 935 1152 tota
980 1112 1113 1168 gens
1153 1099 1425 1168 pereat“.
1465 1118 1485 1150 ο
1517 1099 1711 1154 Utrum
1753 1097 1846 1168 qui
1892 1099 1977 1152 di-

410 1189 524 1255 cit,
555 1208 571 1239 ι
597 1191 818 1259 expedit
866 1190 1042 1253 nobis,
1066 1210 1084 1243 ι
1118 1206 1237 1260 quae
1285 1190 1451 1245 verba
1503 1200 1631 1246 sunt
1680 1191 1977 1259 prophetiae

407 1281 577 1351 ipsius
605 1298 751 1352 pars,
771 1299 897 1338 vera
929 1294 1116 1339 narrat
1150 1299 1217 1337 an
1253 1282 1555 1340 mentitur?
1581 1282 1638 1337 Si
1670 1296 1795 1337 vera
1843 1297 1973 1335 nar-

404 1384 511 1439 rat,
551 1386 801 1430 servatur
848 1376 1140 1446 Caiaphas,
1202 1390 1325 1431 cum
1371 1375 1454 1429 his
1503 1374 1597 1444 qui
1653 1375 1708 1428 in
1746 1374 1974 1429 concilio

404 1467 662 1523 adversus
686 1467 866 1522 Jesum
903 1469 1254 1533 centendunt,
1278 1467 1405 1537 quia
1438 1478 1681 1522 mortuus
1705 1476 1790 1520 est
1814 1465 1972 1521 Iesus

384 1572 500 1627 "pro
522 1557 738 1627 populo,
778 1567 1299 1626 consequunturque
1335 1568 1524 1611 omnes
1564 1555 1620 1609 hi
1660 1554 1970 1620 utilitatem;

401 1651 447 1708 si
486 1666 615 1705 vero
638 1652 929 1706 absurdum
957 1657 1042 1705 est
1081 1649 1262 1704 dicere
1294 1647 1614 1718 Caiapham,
1645 1662 1848 1717 eosque
1871 1647 1968 1716 qui

401 1743 635 1799 concilio
675 1744 907 1797 aderant
960 1742 1222 1795 adversus
1262 1739 1472 1805 Jesum,
1502 1739 1708 1795 servari
1742 1753 1965 1794 assecu-

2084 563 2264 599 νωσιν·
2299 548 2435 617 ὅπερ
2464 547 2562 601 οὐκ
2585 543 2653 618 ἦν
2676 547 2815 601 κατά
2840 548 2901 600 τὸ
2928 549 3079 615 ἆγιον
3109 548 3330 619 Πνεῦμα
3350 550 3623 623 ἐνεργῆσαι,

2155 639 2243 694 14.
2279 639 2418 709 Ὅρα
2438 638 2545 709 γὰρ
2561 641 2607 691 εἰ
2631 639 2706 711 μὴ
2726 638 3022 711 παροξῦναι
3047 640 3293 710 βούλεται
3308 645 3431 706 τοὺς
3445 645 3623 716 ἀκροως

2085 728 2276 798 μένους
2308 730 2420 801 (58)
2448 731 2555 784 είτε
2602 733 2630 785 6
2664 731 2939 801 Καϊάφας,
2989 733 3097 785 εἴτε
3146 733 3208 787 τὸ
3256 734 3505 807 ἐνεργοῦν
3550 740 3624 791 αὑ-

2080 820 2171 872 τὸν
2204 822 2584 893 προφητεύειν,
2620 821 2757 894 πρὸς
2780 823 2839 875 τὸ
2861 824 3178 878 ἀποκτεῖναι
3199 825 3289 878 τὸν
3322 827 3535 896 Ἰησοῦν,
3559 830 3626 885 διὰ

2081 911 2172 965 τοῦ
2192 929 2204 940 ·
2250 932 2268 962 ι
2292 912 2480 984 Ὑμεῖς
2508 914 2606 966 οὐκ
2635 913 2810 966 οἴδατε
2856 914 3009 979 οίσὲν
3038 913 3170 987 ('59),
3206 917 3329 970 οὐδὲ
3360 918 3627 986 λογίζεσθε,

2079 1004 2161 1056 ὅτι
2190 1004 2455 1075 συμφέρει
2500 1005 2629 1074 ἡμῖν
2660 1004 2746 1058 ἵνα
2794 1000 2873 1068 εἷς
2903 1006 3213 1077 ἄνθρωπος,
3242 1007 3628 1083 ἀποθάνῃὼεὲρ

2078 1092 2171 1147 τοῦ
2205 1092 2355 1157 λαοῦ,
2387 1095 2480 1147 καὶ
2529 1093 2603 1165 μὴ
2630 1093 2748 1147 ὅλον
2777 1094 2836 1147 τὸ
2875 1094 3027 1159 ἔθνος
3050 1097 3338 1166 ἀπόληται.
3366 1119 3385 1151 ι
3418 1095 3553 1172 Ἀρά
3576 1120 3626 1171 γε

2078 1187 2105 1237 6
2124 1184 2316 1253 λέγων,
2342 1204 2359 1235 ι
2385 1186 2660 1256 Συμφέρει
2690 1188 2840 1257 ἡμῖν,
2856 1207 2875 1237 ι
2894 1187 3031 1258 ὅπερ
3049 1188 3213 1260 μέρος
3236 1185 3306 1260 ἦν
3321 1191 3422 1262 τῆς
3443 1210 3626 1264 προφη-

2076 1276 2227 1340 τείας
2254 1277 2440 1343 αὐτοῦ,
2471 1278 2745 1349 ἀληθεύει,
2779 1280 3123 1350 ῆψεύδεται;
3156 1282 3218 1335 Εἰ
3259 1284 3358 1353 μὲν
3388 1284 3493 1356 γὰρ
3522 1285 3628 1359 ἀλη-

2077 1367 2241 1433 θεύει,
2276 1368 2506 1434 σώζεται
2530 1374 2557 1424 6
2579 1372 2851 1441 Καϊάφας.
2888 1372 2984 1425 καὶ
3004 1375 3054 1425 oi
3084 1375 3141 1426 ἐν
3174 1374 3250 1445 τῷ
3274 1375 3527 1447 συνεδρίῳ
3550 1397 3627 1430 κα-

2075 1459 2142 1513 τά
2173 1459 2266 1513 τοῦ
2310 1461 2483 1533 Ἰησοῦ
2511 1463 2919 1534 ἀγωνιζόμενοι,
2958 1464 3324 1530 ἀποθανόντος
3352 1466 3446 1520 τοῦ
3480 1469 3626 1540 Ἰησοῦ

2074 1552 2213 1623 ὑπὲρ
2245 1552 2338 1606 τοῦ
2368 1552 2520 1617 λαοῦ,
2570 1555 2663 1607 καὶ
2692 1555 3022 1625 τυγχάνουσι
3044 1556 3138 1610 τοῦ
3171 1558 3564 1628 συμφέροντος·
3589 1562 3627 1614 ει

2071 1645 2129 1698 δὲ
2155 1647 2355 1701 ἄτοπον
2388 1646 2616 1715 φάσκειν
2642 1645 2733 1698 τὸν
2763 1647 3013 1716 Καϊάφαν
3047 1648 3141 1700 καὶ
3173 1650 3299 1711 τοὺς
3329 1651 3392 1703 ἐν
3414 1649 3487 1720 τῷ
3510 1650 3625 1705 κατὰ

2070 1737 2164 1792 τοῦ
2197 1737 2370 1808 Ἰησοῦ
2404 1737 2665 1807 συνεδρίῳ
2689 1735 2979 1802 σώζεσθαι,
3025 1739 3118 1792 καὶ
3149 1737 3242 1791 τοῦ
3281 1741 3625 1812 συμφέροντος

399 1845 592 1906 tesque
636 1850 730 1891 eos
775 1834 945 1890 fuisse
997 1833 1312 1896 utilitatem,
1347 1832 1470 1903 quia
1528 1842 1772 1887 mortuus
1805 1832 1933 1887 tueri

2108 1830 2375 1900 ετευχέναι
2414 1828 2776 1891 ἀποθανόντος
2815 1828 2909 1882 τοῦ
2959 1830 3156 1901 Ἰησοῦ,
3196 1831 3357 1902 δῆλον
3397 1833 3524 1905 (59')
3547 1836 3625 1905 οὐχ

396 1928 576 1994 Jesns,
608 1928 951 1997 perspicuum
986 1935 1071 1981 est
1107 1940 1212 1979 non
1250 1926 1355 1980 dici
1411 1924 1671 1993 Spiritum
1716 1936 1965 1980 sanctum

394 2021 521 2075 talia
566 2008 847 2089 operatum
894 2016 1065 2071 fuisse
1097 2034 1112 2071 :
1140 2015 1378 2084 Spiritus
1427 2014 1572 2069 enim
1611 2024 1831 2070 sanctus
1858 2031 1964 2070 non

395 2109 676 2166 mentitur.
715 2109 815 2175 Qui
851 2121 981 2162 vero
1041 2105 1175 2160 velit
1213 2104 1534 2174 Caiapham,
1576 2114 1736 2174 atque
1772 2116 1966 2174 poten-

399 2205 525 2257 tiam
580 2202 633 2257 in
675 2201 797 2269 ipso
843 2206 1160 2268 operantem
1223 2211 1353 2251 vera
1418 2212 1642 2252 narrare
1686 2199 1961 2253 dicendo:

397 2310 420 2347 ε
450 2293 679 2361 Expedit
724 2290 906 2356 nobis,
955 2297 1013 2344 ut
1046 2302 1188 2342 unus
1241 2288 1403 2341 homo
1436 2285 1701 2341 moriatur
1733 2303 1834 2358 pro
1865 2302 1963 2356 po-

392 2386 540 2457 pulo,
562 2402 587 2436 λι
619 2381 941 2454 profundius
968 2379 1235 2448 intelliget
1267 2378 1371 2433 hoc
1399 2379 1604 2433 dictum
1634 2421 1650 2445 ,
1689 2396 1708 2430 ι
1739 2379 1961 2447 expedit

392 2479 570 2544 nobis,
597 2496 615 2528 ι
644 2485 871 2545 propter
906 2474 1170 2527 rationem
1208 2470 1354 2534 ﬁnis,
1392 2481 1685 2551 uteturque
1713 2485 1778 2526 eo
1806 2472 1960 2526 testi-

391 2572 574 2626 monio
605 2586 620 2623 :
657 2587 676 2620 ι
702 2566 780 2624 Ut
810 2582 907 2637 per
936 2565 1169 2634 gratiam
1202 2564 1293 2618 Dei
1323 2564 1389 2630 ",
1422 2583 1442 2616 ›
1489 2564 1595 2628 vel,
1628 2581 1646 2613 ι
1685 2563 1802 2618 sine
1821 2562 1954 2629 Deo,

391 2677 491 2732 pro
536 2659 681 2714 omni
744 2664 992 2729 gnStaret
1038 2663 1317 2719 mortem;
1365 2673 1383 2704 ι
1423 2664 1478 2707 et
1525 2653 1734 2706 notabit
1782 2652 1955 2718 illud,

395 2771 414 2805 ι
437 2767 537 2822 pro
558 2749 742 2814 omni,
767 2766 786 2799 ι
816 2755 871 2802 et
907 2746 1058 2809 illud,
1095 2763 1115 2796 ι
1139 2744 1257 2799 sine
1289 2743 1417 2809 Deo,
1456 2758 1554 2811 pro
1576 2745 1745 2797 omni.
1767 2762 1786 2795 ι
1827 2742 1958 2798 Ute-

389 2856 480 2902 tur
517 2844 721 2914 pariter
759 2842 923 2897 etiam
979 2841 1069 2895 illo
1099 2862 1112 2895 :
1154 2838 1292 2906 «Qui
1319 2848 1399 2893 est
1425 2836 1687 2892 Servator
1712 2838 1956 2889 omnium

386 2937 690 2997 hominum,
720 2932 1022 3004 praesertim
1073 2928 1309 2982 ﬁdelium
1327 2928 1416 2993 ⁵⁶;
1456 2943 1475 2978 ι
1528 2934 1584 2980 et
1630 2924 1765 2978 illo:
1807 2941 1826 2973 ι
1856 2922 1956 2977 Hic

385 3039 471 3085 est
515 3027 604 3082 ille
633 3027 819 3095 Agnus
844 3023 961 3087 Dei,
989 3021 1082 3090 qui
1113 3020 1290 3075 aufert
1320 3025 1601 3088 peccatum
1629 3014 1815 3069 mundi
1831 3014 1901 3079 ⁸⁷,
1928 3032 1947 3065 ι

2067 1923 2219 1992 ἅγιον
2243 1922 2466 1994 Πνεῦμα
2487 1917 2554 1994 ἦν
2574 1922 2633 1975 τὸ
2660 1908 2834 1976 ταῦτα
2861 1924 3159 1995 ἐνεργῆσαν
3193 1924 3467 1994 λέγεσθαι·
3498 1928 3625 1995 ἅγιον

2065 2015 2172 2087 γὰρ
2199 2014 2421 2086 Πνεῦμα
2446 2016 2505 2068 οὺ
2529 2014 2801 2084 ψεύδεται.
2847 2015 2905 2069 Ὀ
2932 2016 2989 2069 δὲ
3018 2016 3340 2090 βουλόμενος
3367 2020 3626 2092 ἀληθεύειν

2064 2108 2159 2160 καὶ
2198 2109 2254 2159 ἐν
2283 2107 2458 2177 τούτῳ
2486 2106 2546 2159 τὸ
2584 2108 2837 2180 ἐνεργοῦν
2861 2109 2949 2162 τὸν
2979 2110 3253 2179 Καϊάφαν,
3297 2111 3447 2179 λέγω
3485 2112 3538 2165 δὲ
3566 2112 3626 2182 τῷ

2064 2201 2314 2269 φάσκειν,
2348 2219 2364 2251 ι
2389 2200 2664 2272 Συμφέρει
2690 2204 2842 2272 ἡμῖν,
2875 2202 2962 2255 ἵνα
2984 2196 3063 2266 εἷς
3092 2202 3382 2274 ἄνθρωπος
3409 2206 3626 2279 ἀποθάνῃ

2063 2293 2203 2363 ὑπὲρ
2229 2291 2322 2345 τοῦ
2355 2291 2503 2360 λαοῦ,
2528 2310 2546 2341 ι
2581 2290 2874 2363 βαθύτερον
2916 2292 3274 2357 ἐξακούσεται
3304 2294 3427 2359 τοῦ,
3464 2316 3484 2347 ι
3506 2296 3625 2366 Συμ-

2062 2384 2216 2455 φέρει
2250 2386 2402 2455 ἡμῖν,
2433 2403 2450 2434 ι
2487 2383 2575 2437 διὰ
2597 2383 2687 2437 τὸν
2717 2384 2845 2455 περὶ
2871 2385 3056 2449 τέλους
3076 2384 3254 2455 λόγον,
3283 2386 3386 2439 καὶ
3415 2389 3623 2458 συγχρή-

2062 2491 2211 2527 σεται
2243 2474 2343 2545 τῷ,
2377 2494 2395 2525 ‹
2425 2475 2611 2538 Ὅπως
2657 2474 2859 2546 χάριτι,
2883 2493 2902 2526 ι
2950 2475 3007 2545 ἢ,
3053 2490 3071 2523 ι
3107 2473 3272 2543 χωρὶς
3305 2476 3480 2541 Θεοῦ,
3508 2478 3625 2547 ὑπὲρ

2060 2566 2260 2629 παντὸς
2286 2565 2549 2638 γεύσηται
2582 2566 2809 2622 θανάτου
2834 2585 2847 2597 ’
2874 2586 2892 2618 ›
2927 2568 3021 2621 καὶ
3052 2568 3335 2639 ἐπιστήσει
3361 2569 3442 2641 τῷ
3461 2609 3477 2634 ,
3512 2589 3529 2621 ι
3549 2570 3623 2621 Ὺ·

2059 2659 2163 2730 πὲρ
2198 2658 2418 2723 παντὸς,
2442 2679 2460 2710 ι
2496 2661 2589 2713 καὶ
2616 2658 2715 2730 τῷ,
2755 2677 2774 2707 ι
2796 2661 2967 2730 χωρὶς
2995 2658 3150 2723 Θεοῦ,
3188 2660 3333 2732 ὑπὲρ
3372 2662 3580 2725 παντός.
3603 2678 3621 2711 ο

2056 2750 2397 2821 Σγχρήσεται
2424 2750 2480 2803 δὲ
2500 2751 2594 2804 καὶ⁵
2630 2750 2726 2823 τῷ·
2767 2770 2786 2803 ‹
2821 2752 2917 2814 ’Ὁς
2939 2753 3054 2804 ἐστι
3075 2751 3264 2824 Σωτὴρ
3293 2753 3518 2807 πάντων
3547 2754 3624 2807 ἀν-

2056 2839 2310 2912 θρώπων,
2329 2843 2560 2913 μάλιστα
2580 2843 2801 2897 πιστῶν·
2830 2863 2848 2895 ι
2872 2845 2954 2897 ὅτι
2971 2842 3146 2916 [1’.ἕτι]
3168 2843 3289 2907 δὲ,⁷‹
3316 2839 3489 2909 Οὗτός
3501 2847 3624 2899 ἐστιν

2054 2934 2083 2985 ὁ
2100 2930 2152 2983 Ἀ
2163 2931 2288 2999 μνὸς
2305 2933 2395 2986 τοῦ
2410 2931 2543 2987 Θεοῦ
2568 2936 2595 2987 6
2616 2935 2785 3008 αἴρων
2805 2935 2903 3006 τὴν
2933 2935 3206 3006 ἁμαρτίαν
3232 2935 3327 2988 τοῦ
3368 2936 3619 3006 κόσμου,ι

2057 3024 2201 3089 ἰδίως
2226 3024 2439 3081 ἀκούων
2470 3025 2561 3079 τοῦ
2591 3026 2840 3098 αἴρεσθαι
2865 3027 2964 3098 τὴν
2989 3026 3264 3098 ἁμαρτίαν
3286 3028 3387 3081 τοῦ
3416 3029 3623 3098 κόσμου,

383 3119 606 3192 proprie
650 3115 960 3185 intelligens
1012 3110 1215 3165 auferri
1267 3118 1552 3177 peccatum
1602 3105 1810 3172 mundi,
1842 3119 1933 3158 nor

510 3215 520 3218 _
618 3210 632 3218 .
763 3206 798 3218 η
854 3217 859 3218 ,
1147 3203 1158 3213 -
1211 3216 1262 3218 υς
1297 3215 1392 3218 "me-
1439 3212 1547 3218 -_--
1594 3198 1714 3218 .l:-!n
1751 3213 1765 3218 _
1807 3195 1917 3218 ,ιβ--

2108 3117 2149 3170 tl.
2174 3117 2295 3187 οὐχὶ
2317 3117 2516 3188 μέρους
2540 3115 2724 3169 αὑτοῦ.
2771 3119 2829 3170 Ὀ
2852 3117 2908 3169 δὲ
2940 3117 3115 3186 λέγων
3141 3117 3342 3187 ἀληθὲς
3370 3113 3511 3172 εἶναι
3554 3118 3620 3179 τὸ,

382 3215 555 3285 partis
582 3210 725 3281 ejus.
759 3206 1024 3263 Caeterum
1069 3203 1159 3272 qui
1210 3215 1399 3258 verum
1430 3212 1551 3255 esse
1588 3198 1719 3252 dicit
1750 3213 1766 3252 :
1803 3213 1822 3247 ι
1846 3195 1952 3249 Ex-

383 3305 533 3377 pedit
561 3302 736 3365 nohis,
768 3307 827 3354 ut
864 3312 1003 3352 unus
1034 3296 1196 3350 homo
1238 3291 1525 3351 moriatur,
1549 3307 1568 3341 ι
1600 3289 1744 3343 dicet
1778 3296 1948 3340 totum

378 3404 704 3470 praesentem
763 3392 941 3447 locum
1002 3401 1187 3442 veram
1235 3383 1574 3454 prophetiam
1619 3396 1759 3446 esse,
1816 3380 1950 3434 inci-

382 3469 617 3558 pientem
645 3485 714 3539 ab
747 3482 839 3537 illo
870 3500 884 3537 ι
919 3498 938 3531 ι
967 3480 1077 3535 Vos
1125 3477 1349 3531 nescitis
1395 3473 1714 3544 quidquam.
1748 3489 1767 3523 ›
1801 3469 1947 3525 Nihil

379 3582 525 3636 enim
604 3586 802 3635 norant
866 3574 1061 3630 summi
1124 3571 1436 3626 sacerdotes
1515 3578 1571 3623 et
1648 3565 1943 3632 Phariszei,

379 3672 686 3728 nescientes
754 3666 937 3722 Jesum
998 3665 1280 3718 veritatem
1355 3673 1512 3723 esse,
1587 3657 1943 3727 sapientiam,

374 3763 640 3836 justitiam
702 3769 758 3814 et
806 3770 1040 3827 pacem:
1084 3774 1101 3802 ι
1133 3753 1251 3823 Ipse
1314 3751 1459 3806 enim
1530 3758 1615 3804 est
1670 3763 1776 3818 pax
1844 3761 1944 3803 no-

378 3868 488 3912 stra
523 3856 592 3912 ⁵⁸.
631 3871 650 3906 ι
693 3851 835 3918 Quin
891 3838 1081 3904 etiam
1125 3861 1231 3900 non
1314 3842 1624 3914 cogitabant
1689 3840 1743 3894 hi
1808 3838 1944 3894 nihil

376 3946 633 4007 scientes,
667 3955 904 4011 quonam
940 3947 1097 4008 pacto
1137 3936 1471 3991 conduceret
1506 3933 1669 3987 etiam
1719 3931 1847 3996 illis,
1887 3939 1946 3986 ut

379 4050 524 4090 unus
577 4033 687 4093 hic,
723 4041 989 4102 quatenus
1019 4029 1181 4083 homo
1213 4035 1315 4090 est,
1355 4034 1659 4079 moreretur
1704 4037 1805 4094 pro
1849 4037 1942 4092 po-

375 4123 523 4194 pulo.
553 4122 711 4180 Jesus
732 4121 897 4184 enim,
930 4118 1021 4188 qui
1049 4126 1296 4172 mortuus
1319 4125 1429 4180 est,
1457 4115 1618 4169 homo
1661 4123 1744 4170 est
1764 4129 1778 4179 ;
1799 4128 1941 4184 quo-

374 4218 522 4274 circa
574 4216 691 4285 ipse
745 4212 907 4268 etiam
953 4211 1175 4279 inquit:
1213 4227 1232 4260 ‹
1266 4207 1421 4263 Nunc
1466 4216 1648 4261 autem
1695 4208 1940 4277 quaeritis

376 4324 465 4366 me
495 4309 824 4371 interﬁcere,
859 4302 1159 4366 hominem,
1197 4302 1288 4370 qui
1320 4301 1536 4355 locutus
1586 4314 1704 4355 sum
1736 4299 1938 4354 verita~

375 4399 606 4456 tem”.i
649 4398 714 4451 Et
755 4393 1011 4466 quoniam
1063 4393 1225 4447 homo
1278 4391 1495 4461 quidem
1532 4399 1638 4455 est,
1670 4389 1761 4458 qui
1794 4402 1939 4443 mor-

2059 3210 2369 3281 «Συμφέρει
2397 3212 2551 3281 ἡμῖν,
2587 3210 2673 3262 ἵνα
2699 3205 2779 3274 είς
2811 3209 3095 3280 ἄνθρωπος
3117 3208 3393 3281 ἀποθάνῃ,
3422 3229 3442 3261 ι
3482 3211 3623 3280 φήσει

2050 3301 2146 3356 καὶ
2173 3302 2269 3355 ὅλα
2297 3301 2367 3355 τά
2409 3301 2551 3355 κατὰ
2576 3306 2668 3355 τὸν
2697 3304 2861 3356 τόπον
2888 3302 3226 3372 προφητείαν
3271 3298 3415 3356 εἶναι
3446 3303 3621 3373 ἀληθῆ,

2048 3395 2361 3466 ἀρχομένην
2393 3395 2501 3448 ἀπὸ
2526 3394 2620 3449 τοῦ
2643 3412 2656 3425 ο
2691 3413 2708 3446 ι
2732 3394 2920 3466 Ὑμεῖς
2946 3397 3047 3449 οὐκ
3076 3395 3255 3448 οἴδατε
3285 3395 3475 3449 οὐδέν’
3502 3415 3521 3447 ι
3549 3396 3622 3448 οὐ·

2046 3485 2135 3540 δέν
2162 3485 2272 3556 γὰρ
2301 3486 2520 3557 ᾔδεισαν
2548 3489 2597 3538 οἱ
2650 3485 2742 3540 τὸν
2784 3486 2990 3558 Ἰησοῦν
3026 3485 3101 3557 μὴ
3142 3485 3511 3557 γνωρίζοντες
3535 3487 3621 3539 Φα-

2048 3581 2246 3651 ρισαῖοι
2278 3579 2371 3632 καὶ
2399 3580 2694 3650 ἀρχιερεῖς,
2720 3580 2848 3633 ὄντα
2878 3579 3153 3650 ἀλήθειαν,
3176 3580 3269 3633 καὶ
3296 3581 3512 3649 σοφίαν,
3542 3578 3622 3632 καὶ.

2045 3670 2413 3742 δικαιοσύνην,
2444 3672 2539 3724 καὶ
2563 3672 2786 3743 εἰρήνην
2807 3687 2819 3700 ·
2858 3691 2876 3721 ι
2905 3671 3076 3735 Αὐτὸς
3105 3672 3212 3741 γάρ
3245 3673 3397 3725 ἐστιν
3423 3674 3456 3742 ἡ
3491 3671 3619 3741 εἰρή-

2045 3779 2111 3832 νη
2145 3761 2322 3832 ἡμῶν.
2355 3782 2372 3813 ι
2424 3761 2583 3815 Ἀλλά
2608 3764 2703 3816 καὶ
2745 3763 2845 3816 οὐκ
2871 3762 3174 3831 ἐλογίζοντο
3204 3756 3355 3816 οὗτοι
3384 3765 3435 3817 οἱ
3471 3764 3618 3835 μηδὲν

2045 3854 2265 3919 εἰδότες,
2296 3854 2416 3909 τίνα
2441 3855 2641 3927 τρόπον
2675 3855 2940 3928 συνέφερε
2972 3856 3066 3908 καὶ
3113 3855 3318 3920 αὐτοῖς,
3375 3856 3466 3910 ἵνα
3493 3857 3521 3907 6
3550 3850 3616 3917 εἷς

2043 3942 2219 4012 οὗτος,
2280 3947 2416 4001 καθὸ
2464 3947 2746 4020 ἄνθρωπός
2801 3950 2988 4011 ἐστιν,
3035 3946 3281 4021 ἀποθάνῃ
3344 3949 3490 4020 ὑπὲρ
3534 3948 3616 4000 τοῦ

2042 4039 2197 4092 λαοῦ·
2257 4038 2542 4110 ἄνθρωπος
2616 4039 2724 4113 γάρ
2786 4040 2933 4092 ἐστιν
3001 4037 3286 4092 ἀποθανὼν
3371 4038 3571 4110 Ἰησοῦς
3600 4053 3612 4066 ·

2041 4130 2123 4184 διὸ
2150 4129 2244 4184 καὶ
2269 4131 2430 4193 αὑτός
2457 4147 2587 4201 φησι
2614 4147 2627 4161 ο
2665 4148 2683 4180 ι
2708 4130 2822 4183 Νῦν
2840 4130 2898 4183 δὲ
2930 4128 3143 4200 ζητεῖτέ
3188 4146 3257 4201 με
3310 4130 3615 4183 ἀποκτεῖναι

2041 4221 2345 4293 ἄνθρωπον,
2372 4221 2431 4285 ὃς
2455 4220 2552 4293 τὴν
2581 4219 3152 4292 ἀλήθειανξλελάληκα.
3182 4239 3202 4272 ι
3235 4221 3347 4273 Καὶ
3379 4221 3501 4274 ἐπεὶ
3534 4220 3614 4273 άν-

2042 4316 2258 4388 θρωπος
2289 4314 2388 4386 μὲν
2434 4315 2579 4367 ἔστιν
2608 4316 2636 4367 6
2670 4313 2978 4379 ἀποθανὼν,
3013 4315 3112 4367 οὐκ
3139 4310 3207 4387 ἦν
3252 4315 3310 4368 δέ
3342 4314 3611 4386 ἄνθρωπος

2042 4409 2075 4479 ἠ
2103 4406 2347 4478 ἀλήθεια,
2380 4405 2531 4477 καὶὴ
2566 4404 2751 4475 σοφία,
2788 4405 2881 4460 καὶ
2916 4406 2949 4477 ὴ
2984 4406 3196 4478 εἰρήνη,
3228 4405 3322 4458 καὶ
3352 4408 3385 4476 ἡ
3419 4404 3609 4457 δικαιο-

374 4501 500 4547 tuus
531 4500 650 4555 est;
685 4502 790 4543 non
825 4497 946 4542 erat
976 4493 1157 4539 autem
1200 4482 1364 4538 homo
1391 4481 1617 4547 veritas,
1645 4479 1933 4549 sapientia,

2108 4516 2191 4570 νη,
2226 4500 2321 4551 καὶ
2373 4498 2502 4568 περὶ
2533 4488 2594 4549 οῦ
2636 4497 2963 4569 γέγραπται,
2995 4517 3014 4548 ι
3038 4497 3169 4561 Θεὸς
3200 4492 3269 4567 ἦν
3302 4496 3332 4548 6
3365 4496 3551 4565 Λόγος,
3588 4512 3604 4544 ι

373 4596 481 4653 pax
519 4588 575 4636 et
613 4578 842 4650 justitia,
871 4585 928 4632 et
953 4576 1018 4630 de
1039 4589 1147 4644 quo
1168 4572 1431 4643 scriptum
1453 4580 1576 4627 est:
1608 4589 1628 4623 ι
1651 4571 1793 4625 Deus
1819 4579 1939 4625 erat

374 4670 631 4729 Sermo”
657 4686 673 4732 ;
703 4688 721 4721 ι
759 4683 865 4723 non
909 4677 1156 4721 mortuus
1190 4673 1274 4718 est
1296 4662 1395 4733 ille
1448 4663 1588 4718 Deus
1627 4661 1839 4729 Sermo,
1884 4670 1940 4716 et

368 4777 597 4844 veritas,
626 4784 682 4831 et
710 4771 1000 4844 sapientia,
1036 4780 1093 4825 et
1137 4768 1347 4840 justitia
1375 4782 1390 4821 :
1418 4767 1464 4822 si
1493 4767 1708 4838 quidem
1761 4767 1939 4837 imago

369 4876 658 4944 invisibilis
681 4881 802 4947 Dei,
829 4876 1228 4948 Primogenitus
1273 4874 1451 4930 omnis
1494 4882 1758 4929 creatura:
1782 4874 1826 4905 “
1857 4874 1940 4928 in-

367 5005 542 5062 capax
576 4994 659 5043 est
692 4983 904 5040 mortis.
959 4980 1065 5036 Pro
1114 4978 1314 5051 populo
1352 4988 1534 5034 autem
1586 4979 1822 5035 moritur
1849 4977 1940 5034 hic

368 5100 531 5153 homo
572 5076 827 5150 omnibus
875 5088 1245 5144 animantibus
1303 5086 1514 5157 purior,
1568 5085 1661 5156 qui
1710 5094 1934 5156 peccata

368 5214 557 5260 nostra
608 5199 732 5257 tulit
766 5208 822 5254 et
859 5197 1203 5253 inﬁrmitates
1225 5195 1296 5262 ⁸³,
1321 5194 1449 5266 quia
1475 5198 1676 5265 posset
1712 5194 1931 5249 univer-

365 5326 484 5367 sum
536 5306 703 5364 tetius
761 5301 944 5358 mundi
988 5309 1274 5372 peccatum
1306 5299 1358 5354 in
1399 5313 1461 5354 se
1510 5309 1787 5368 receptum
1822 5296 1932 5353 sol-

364 5431 513 5480 vere,
571 5424 627 5469 et
673 5422 1018 5472 consumere,
1062 5417 1121 5462 et
1159 5407 1368 5473 delere,
1433 5408 1690 5478 quoniam
1755 5426 1775 5459 ι
1808 5422 1933 5478 pec-

2040 4591 2141 4643 οὐκ
2172 4589 2442 4644 ἀπέθανεν
2489 4588 2518 4640 ὁ
2548 4587 2680 4653 Θεὸς
2712 4589 2903 4656 Λόγος,
2954 4588 3048 4642 καὶ
3094 4590 3128 4659 ἡ
3164 4587 3413 4658 ἀλήθεια,
3465 4585 3608 4655 καὶή

2042 4680 2223 4749 σοφία,
2257 4680 2351 4733 καὶ
2381 4681 2414 4749 ἡ
2453 4678 2798 4749 δικαιοσύνη·
2848 4678 3195 4743 ἀνεπίδεκτος
3238 4677 3348 4749 γάρ
3390 4678 3427 4748 ἡ
3460 4673 3606 4729 εἰκὼν

2038 4772 2132 4826 τοῦ
2165 4771 2299 4825 Θεοῦ
2334 4771 2426 4826 τοῦ
2462 4772 2715 4843 ἀοράτου,
2760 4769 3107 4843 Πρωτότοκος
3153 4769 3335 4839 πάσης
3369 4767 3604 4830 κτίσεως,

2046 4865 2296 4920 θανάτου.
2337 4865 2508 4936 ’Υπὲρ
2553 4864 2645 4919 τοῦ
2693 4862 2824 4917 λαοῦ
2871 4862 2928 4915 δέ
2976 4860 3244 4916 ἀπέθανεν
3288 4855 3439 4924 οὗτος
3471 4860 3499 4912 6
3524 4858 3606 4912 άν-

2045 4955 2278 5027 θρωπος,
2305 4953 2368 5008 τὸ
2410 4955 2624 5008 πάντων
2650 4953 2804 5018 ζώων
2826 4939 3225 5023 καθαρώτερον,
3253 4951 3398 5013 ὅστις
3427 4948 3523 5012 τὰς
3549 4948 3604 5001 ἀ-

2044 5043 2279 5115 μαρτίας
2302 5043 2456 5115 ἡμῶν
2495 5039 2618 5115 ἦρε,
2652 5043 2745 5096 καὶ
2785 5042 2882 5106 τὰς
2908 5041 3211 5106 ἀσθενείας,
3261 5043 3354 5095 ἅτε
3383 5040 3603 5110 δυνάμε-

2041 5153 2129 5200 νος
2156 5138 2333 5190 πᾶσαν
2370 5137 2468 5208 τὴν
2491 5137 2614 5190 ὅλου
2641 5134 2733 5189 τοῦ
2762 5136 2964 5206 κόσμου
2998 5134 3272 5207 ἁμαρτίαν
3316 5137 3392 5198 εἰς
3423 5132 3603 5186 ἑαυτὸν

2036 5228 2318 5285 ἀναλαϐὼν
2360 5230 2539 5295 λῦσαι,
2581 5214 2674 5284 καί⁸
2720 5228 3074 5295 ἐξαναλῶσαι,
3125 5228 3220 5282 καὶ
3271 5226 3597 5296 ἐξαφανίσαι·

2038 5322 2161 5374 ἐπεὶ
2212 5320 2332 5393 «μὴ
2381 5322 2655 5394 ἁμαρτίαν
2708 5322 2951 5391 ἐποίησε,
3006 5319 3141 5391 μηδὲ
3201 5320 3395 5391 εὑρέθη
3464 5316 3601 5377 δόλος

2039 5412 2097 5464 ἐν
2136 5409 2216 5482 τῷ
2258 5412 2490 5483 στόματι
2518 5412 2704 5478 αὐτοῦ,
2735 5431 2753 5464 ι
2782 5411 2902 5466 οὐδὲ
2945 5410 3086 5480 ἔγνω
3112 5410 3399 5484 ἁμαρτίαν.
3454 5406 3601 5462 Κατά

468 5536 515 5567 ⁸⁸
539 5534 694 5588 )oan.
729 5547 804 5595 au,
835 5529 924 5595 49,
950 5527 1039 5599 50.
1110 5526 1161 5599 f‘
1180 5525 1348 5599 Hebr.
1378 5542 1450 5599 ιι,
1476 5525 1532 5582 9.
1558 5597 1567 5599 _
1608 5526 1656 5599 ’ξ
1684 5524 1703 5578 I
1733 5527 1875 5583 Tim.
1908 5542 1933 5582 ι·

2193 5530 2237 5561 ⁸⁷
2260 5527 2419 5584 Joan.
2450 5547 2488 5595 ι,
2524 5530 2616 5586 29.
2691 5530 2738 5561 ⁸⁸
2762 5527 2961 5599 Ephes.
2988 5524 3146 5594 ",14.
3219 5524 3267 5557 ”
3296 5522 3453 5579 Joan.
3487 5535 3594 5580 vin,

365 5604 453 5657 40.
530 5605 575 5634 ⁶⁰
604 5602 763 5658 Joan.
795 5617 835 5666 ι,
866 5601 921 5655 1.

440 5689 547 5762 (ῗ8)
572 5693 770 5762 Eadem
804 5688 989 5762 ﬂuetii
1006 5688 1192 5753 editio,
1213 5687 1766 5762 _male,_&_xpoy._é_vou;.

437 5758 550 5826 (39')
588 5760 797 5817 Οὐδέν.
834 5760 1183 5818 Desideratur
1207 5759 1266 5814 in
1307 5758 1779 5816 editione'ﬂuetii.

1017 5598 1061 5629 “
1096 5597 1306 5653 Coloss.
1339 5597 1473 5661 1,15.
1551 5597 1597 5629 θ’
1629 5597 1754 5654 lsai.
1789 5613 1908 5663 Llll,
1951 5599 2006 5653 4.

2108 5686 2243 5764 _('5_9‘)
2282 5684 2503 5764 423.101».
2544 5683 2674 5744 Poet
2707 5684 2847 5738 hanc
2887 5696 3072 5738 vocem
3113 5676 3454 5736 desideratur
3510 5669 3595 5733 ὡς.

2033 5759 2121 5813 vel
2154 5759 2258 5813 ὅτι.
2293 5759 2456 5814 l:'.nrr.
