3712 6138
99 237 204 290 721

1107 235 1459 295 (ΖΟΜΜΕΝΤ.
1502 237 1567 292 IN
1607 236 1798 294 JOAN.
1840 236 2075 292 TOMUS
2108 235 2344 292 XXVIII.

3252 235 3377 291 79.2.

100 349 272 405 τοῦτο
318 353 369 406 δ’
415 346 567 423 οἶμαι
619 352 716 406 καὶ
764 352 856 407 τὸν
909 353 1120 408 Παῦλον
1175 354 1451 426 εἰρηκέναι
1495 355 1566 409 οῦι

1912 371 1980 408 ιιιι
2034 370 2140 410 non
2193 354 2361 419 fecit,
2412 368 2588 422 neque
2660 351 2906 407 inventus
2965 359 3050 406 εει
3134 351 3190 406 in
3270 366 3378 406 ore-

105 461 127 496 t
176 444 294 497 Τὸν
357 443 429 515 μὴ
478 445 679 513 γνόντα
710 444 983 517 ἁμαρτίαν
1029 445 1167 518 ὑπὲρ
1213 446 1370 517 ἡμῶν
1422 446 1699 519 ἁμαρτίαν

99 535 397 606 ἐποίησεν,
436 534 523 588 ἵνα
560 538 721 606 ἡμεῖς
770 534 1056 607 γενώμεθα
1102 536 1416 607 δικαιοσύνη
1463 537 1598 592 Θεοῦ
1642 539 1700 590 ἐν

101 626 290 697 αὐτῷ’
360 645 379 679 ι
440 626 715 699 ἁμαρτίαν
765 634 873 699 γὰρ
925 628 1089 681 αὑτὸν
1128 628 1403 698 ἐποίησεν,
1437 625 1580 694 εἷπε,
1626 628 1702 701 μὴ

103 718 313 788 γνόντα
340 717 452 789 (40)
482 719 781 790 ἁμαρτίαν,
818 718 895 791 τῷ
938 720 1105 791 μηδὲν
1137 723 1303 776 αὑτὸν
1342 722 1702 793 ἡμαρτηκότα

101 811 207 875 τὰς
233 813 463 865 πάντων
483 812 758 883 ἀμαρτίας
787 812 1159 885 ἀνειληφέναι,
1192 814 1287 869 καὶ⁵
1312 817 1361 869 εί
1394 815 1477 868 δεῖ
1500 815 1703 887 τολμής-

106 919 287 958 σαντα
324 905 521 968 εἰπεῖν,
572 904 747 976 πολλῷ
791 906 991 976 μᾶλλον
1034 906 1142 959 τῶν
1179 906 1490 962 ἀποστόλων
1533 905 1697 960 αὑτοῦ

104 996 513 1069 περικάθαρμα
537 998 699 1052 αὐτὸν
731 998 826 1052 τοῦ
861 998 1065 1071 κόσμου
1099 1000 1403 1069 γεγονέναι,
1443 1001 1538 1054 καὶ
1563 1001 1699 1055 πάν-

104 1112 216 1150 των
243 1096 540 1167 περίψημα
564 1093 673 1148 τῶν
710 1092 1001 1148 εἰπόντων’
1046 1113 1064 1144 ι
1110 1092 1198 1157 Ὦς
1244 1092 1700 1165 περικαθάρματα

104 1188 202 1241 τοῦ
264 1188 481 1258 κόσμου
530 1187 899 1259 ἐγενήθημεν,
969 1187 1186 1241 πάντων
1260 1184 1545 1258 περίψημα
1594 1184 1700 1247 ἓως

108 1280 257 1350 ἄρτι.
304 1298 325 1331 ι
368 1278 502 1349 Περὶ
539 1278 597 1331 δὲ
638 1278 733 1331 τοῦ
764 1277 1043 1341 πολλάκις,
1074 1276 1508 1349 ἐπικρατούντων
1538 1274 1698 1329 τινῶν

106 1370 368 1442 χαλεπῶν
385 1372 443 1423 ἐν
458 1369 535 1441 τῷ
550 1368 657 1423 τῶν
674 1368 973 1441 ἀνθρώπων
987 1369 1154 1437 γένει,
1166 1363 1275 1422 οἷον
1291 1367 1515 1439 λοιμῶν,
1532 1367 1566 1438 ἦ
1581 1368 1700 1420 ἐπι-

107 1465 329 1520 ϐλαϐὦν
364 1462 659 1535 νηνεμιῶν,
687 1462 719 1535 ἢ
748 1446 941 1533 λιμῶν,
972 1460 1192 1515 λύεσθαι
1207 1450 1524 1525 τὰτοιαῦτα,
1539 1461 1698 1515 οἱονεὶ

107 1556 561 1629 καταργουμένου
587 1553 682 1607 τοῦ
713 1552 1059 1625 ἐνεργοῦντος
1090 1553 1230 1608 αύτά
1271 1553 1507 1626 πονηροῦ
1534 1552 1696 1608 πνεύ-

112 1666 303 1720 ματος,
335 1648 427 1702 διά
458 1647 519 1702 τό
550 1646 737 1701 ἑαυτόν
768 1665 888 1701 τινα
935 1647 1075 1716 ὑπὲρ
1113 1645 1207 1700 τοῦ
1244 1646 1425 1700 κοινοῦ
1471 1646 1693 1713 διδόναι,

1802 448 1919 516 ejus
1976 447 2266 513 dolus”,»
2324 460 2499 516 neque
2551 444 2773 515 agnovit
2847 452 3153 514 peccatum.
3214 443 3377 498 llanc'

1802 541 1965 596 etiam
1989 539 2060 595 ob
2085 554 2303 595 causam
2327 539 2522 609 opinor
2555 536 2778 592 Paulum
2814 537 2898 592 sic
2925 537 3126 593 dixisse
3163 558 3176 593 :
3201 538 3375 611 393'

1806 651 1826 685 ι
1873 633 2033 697 Eum,
2083 633 2174 702 qui
2230 646 2337 686 non
2386 632 2538 684 novit
2593 641 2900 697 peccatum,
2927 642 3026 698 pro
3047 629 3272 699 nobiSpi

2018 672 2033 697 ,
2083 633 2174 702 qni
2230 646 2337 686 non
2386 632 2538 684 novit
2593 641 2900 697 peccatum,
2927 642 3026 698 pro
3047 629 3363 699 nobispec-
3450 656 3477 718 ξι

1801 735 1983 779 catum
2030 722 2181 789 fecit,
2223 742 2241 775 ι
2285 722 2463 785 Deus;
2498 739 2518 773 ι
2553 729 2611 773 ιιι
2651 734 2751 774 nos
2781 717 3117 774 elliceremur
3147 718 3367 787 justitia

1803 817 1897 872 Dei
1930 817 1983 871 in
2020 818 2136 886 ipso
2159 817 2246 868 “:
2280 834 2299 867 ι
2333 823 2615 885 peccatum
2656 813 2825 881 enim,
2868 812 3027 878 dixit,
3074 812 3249 883 ipsum
3289 813 3367 867 ίεο

1801 909 1895 974 cit,
1930 907 2021 976 qui
2070 918 2350 976 peccaturi.
2395 921 2501 965 non
2545 904 2714 968 novit,
2747 903 2873 975 quia
2913 920 3035 959 cum
3074 904 3188 974 ipse
3226 904 3364 960 nihil

1801 1000 2005 1069 peccati
2029 998 2409 1064 commisisset,
2450 998 2690 1052 omnium
2717 996 2769 1051 in
2799 1009 2859 1050 se
2891 1004 3110 1064 peccata
3143 1008 3365 1065 recepe-

1802 1093 1906 1155 rit;
1929 1099 1985 1145 et
2010 1090 2058 1146 si
2092 1090 2357 1145 audacius
2391 1088 2536 1158 loqui
2577 1087 2884 1143 audendum
2921 1098 3025 1154 est,
3058 1086 3225 1141 multo
3251 1102 3366 1141 ma-

1799 1183 1883 1255 gis
1905 1198 2066 1253 quam
2097 1184 2276 1238 caeteri
2308 1182 2395 1238 sui
2426 1180 2681 1251 apostoli,
2722 1186 3132 1251 purgamentum
3177 1178 3367 1234 mundi

1800 1275 1979 1331 lactus
2013 1273 2179 1329 fuerit
2215 1273 2715 1343 rejectamentaque
2747 1272 2988 1326 omnium
3021 1271 3317 1327 dicentium
3344 1288 3360 1325 :

1804 1385 1824 1419 ι
1851 1366 2019 1434 Quasi
2059 1358 2411 1437 purgamenta
2448 1365 2636 1419 mundi
2681 1362 2817 1417 facti
2848 1378 3069 1432 sumus;
3116 1364 3360 1419 omnium

1799 1457 2181 1526 rejectamenta
2214 1470 2388 1526 usque
2412 1455 2634 1510 nunc".
2658 1474 2677 1508 ι
2707 1454 2863 1522 Quod
2899 1465 3080 1516 autem
3111 1454 3362 1523 frequen-

1800 1556 1883 1602 ter
1914 1545 2369 1602 invalescentibus
2393 1545 2551 1600 rebus
2581 1545 2905 1615 quibusdam
2937 1545 3167 1615 asperis,
3193 1545 3362 1601 veluti

1798 1619 1971 1708 peste,
1997 1637 2081 1692 vel
2106 1636 2268 1702 fame,
2296 1636 2381 1691 vel
2421 1636 2609 1692 nocuis
2640 1647 2923 1691 ventorum
2953 1636 3363 1707 agitationibus,

110 1739 303 1793 πολλαὶ
338 1738 596 1810 φέρονται
647 1738 933 1809 Ἑλλήνων,
975 1738 1071 1791 καὶ
1109 1736 1399 1809 βαρϐάρων
1441 1740 1576 1810 ideo;

1897 1729 2176 1784 hominum
2216 1743 2434 1798 genere,
2470 1727 2752 1782 solvantur
2780 1729 2915 1795 haec,
2948 1729 3172 1795 abolito,
3210 1730 3360 1784 verbi

112 1832 209 1903 τὴν
250 1832 385 1903 περί⁸
432 1829 528 1884 τοῦ
575 1829 814 1884 τοιούτου
867 1828 1075 1883 ἔννοιαν
1124 1830 1225 1882 οὐκ
1272 1829 1689 1896 ἀποπτυόντων,

110 1922 229 1976 οὐδὲ
259 1922 804 1992 ἀποδοκιμαζόντωνο
840 1921 1069 1993 πότερον
1112 1922 1209 1992 μὲν
1236 1918 1330 1975 οὖν
1374 1922 1549 1994 ἀληθῆ
1579 1924 1693 1975 ἐστι

108 2015 176 2069 τὰ
196 2015 504 2087 τοιαῦτα,ἢ
534 2016 630 2087 μὴ,
659 2015 720 2069 οὗ
748 2016 840 2069 τοῦ
882 2015 1148 2087 παρόντος
1181 2014 1299 2068 ἐστὶ
1329 2014 1524 2086 καιροῦ
1574 2014 1692 2085 μετ’

110 2108 414 2174 ἐξετάσεως
456 2108 745 2161 διαλαϐεῖν.
796 2108 943 2178 Πλὴν
984 2110 1012 2161 6
1047 2107 1346 2178 δυνάμενος
1388 2107 1529 2176 ὑπὲρ
1570 2106 1693 2161 ὅλου

114 2200 339 2271 κόσμου,
374 2200 465 2253 ἴνα
494 2201 602 2263 πᾶς
630 2201 658 2252 6
684 2200 888 2270 κόσμος
914 2199 1182 2271 καθαρθῇ,
1215 2198 1575 2264 ἀναδέξασθαι
1602 2200 1693 2253 ἐπὶ

113 2291 395 2363 καθαρσίῳ
422 2290 609 2355 αὐτοῦ,
650 2291 983 2361 ἀπολομένου
1011 2291 1099 2348 ἂν,
1129 2293 1178 2343 εἰ
1219 2289 1293 2363 μὴ
1321 2289 1603 2357 ἀνεδέξατο
1630 2288 1691 2344 τὸ

115 2384 253 2457 ὑπὲρ
279 2382 451 2438 αὐτοῦ
482 2382 791 2447 ἀποθανεῖν,
826 2382 949 2435 οὔτε
984 2382 1262 2454 ἱστόρηται
1294 2379 1532 2447 πώποτε,
1565 2378 1691 2435 οὔτε

119 2475 470 2547 ἱστορηθῆναι
506 2474 751 2537 δύναται,
798 2475 962 2546 μόνου
1026 2472 1200 2546 Ἰησοῦ
1246 2471 1308 2526 τὸ
1339 2472 1557 2526 πάντων
1591 2472 1693 2536 τῆς

117 2567 388 2638 ἁμαρτίας
435 2568 652 2639 φορτίον
692 2569 753 2620 ἐν
802 2565 879 2636 τῷ
931 2566 1071 2638 ὑπὲρ
1124 2565 1231 2618 τῶν
1269 2564 1406 2619 ὅλων
1454 2584 1473 2615 ι
1526 2566 1695 2636 χωρὶς

118 2657 248 2711 Θεοῦ
279 2678 297 2710 ι
338 2658 560 2731 σταυρῷ
597 2658 885 2713 ἀναλαϐεῖν
930 2660 1015 2721 εἰς
1054 2656 1264 2720 ἑαυτὸν,
1301 2658 1395 2710 καὶ
1429 2656 1693 2727 βαστάσαι

120 2754 182 2823 τῇ
213 2753 425 2825 μεγάλῃ
461 2753 627 2807 αὑτοῦ
664 2751 807 2823 ἰσχύϊ
835 2751 1215 2822 δεδυνημένου.
1248 2750 1361 2803 Καὶ
1397 2749 1507 2821 γὰρ
1541 2744 1695 2813 οὗτος

124 2844 275 2913 μόνος
308 2847 630 2917 ἐπιστήμων
659 2841 727 2916 ῆν
751 2843 844 2898 τοῦ
877 2844 1064 2916 φέρειν
1094 2842 1385 2914 μαλακίαν,
1422 2841 1498 2905 ὥς
1529 2857 1693 2911 φησιν

121 2934 150 2986 ὁ
175 2936 460 3006 προφήτης
503 2937 748 3004 Ἡσαΐας,
778 2936 968 3004 λέγων·
1005 2954 1022 2985 ι
1065 2934 1381 3004 Ἀνθρωπος
1421 2936 1477 2986 ἐν
1509 2932 1689 3004 πληγῇ

121 3023 210 3090 ὣν,
231 3026 322 3079 καὶ
345 3026 504 3091 εἰδὼς
534 3027 720 3098 φέρειν
757 3025 1047 3099 μαλακίαν.
1102 3046 1121 3078 ι
1166 3025 1276 3078 Καὶ
1313 3020 1466 3088 οὗτός
1495 3040 1559 3092 γε
1594 3023 1688 3088 τὰς

124 3114 385 3186 ἁμαρτίας
434 3090 822 3188 ἡμων-ἔλαϐε,
877 3119 975 3171 καὶ
1019 3115 1421 3187 μεμαλάκισται
1464 3090 1553 3169 διά
1592 3114 1691 3177 τὰς
1716 3090 1761 3149 α

119 3206 336 3277 ἀνομίας
362 3207 544 3279 ἡμῶν,
570 3209 665 3262 καὶ
698 3211 731 3280 ή
755 3207 1074 3280 ὀφειλομένη
1106 3210 1237 3279 ἡμῖν
1261 3209 1342 3270 είς
1376 3206 1437 3259 τὸ
1465 3206 1690 3260 παιδευ-

124 3298 271 3369 θῆναι
302 3300 396 3354 καὶ
420 3301 642 3371 εἰρήνην
665 3300 951 3353 ἀναλαϐεῖν
973 3299 1194 3362 κόλασις
1219 3299 1304 3351 ἐπ’
1341 3297 1503 3353 αὑτὸν
1536 3296 1693 3367 γεγέ-

123 3408 288 3461 νηται.
315 3391 477 3447 Οὕτω
505 3391 614 3463 γάρ
657 3392 840 3447 ἀκούω
880 3392 1085 3445 τούτων
1106 3387 1172 3442 α’(
1205 3389 1431 3444 Παιδεία
1469 3391 1692 3462 εἰρήνης

126 3481 271 3551 ἡμῶν
296 3483 382 3536 ἐπ’
427 3483 611 3537 αὐτόν.
652 3502 671 3535 ι
708 3483 862 3554 Τάχα
900 3483 958 3536 δὲ
996 3483 1110 3547 καὶ,
1146 3481 1268 3534 ἐπεὶ
1295 3500 1313 3532 ι
1345 3480 1424 3551 τῷ
1464 3480 1691 3552 μώλωπι

125 3573 279 3626 αὐτοῦ
307 3577 472 3646 ἡμεῖς
506 3573 755 3646 ίάθημεν,
797 3593 817 3626 ι
855 3576 1106 3644 εἴποιμεν
1137 3573 1204 3628 ἂν
1240 3575 1289 3625 οἱ
1329 3573 1589 3637 ίαθέντες,
1624 3574 1692 3628 ἐκ

128 3661 214 3715 τοῦ
238 3663 470 3736 σταυροῦ
496 3662 740 3727 ἐλθόντος
763 3662 910 3733 αὐτῷ
940 3661 1032 3715 τοῦ
1061 3660 1342 3733 μώλωπος,
1371 3659 1449 3713 τό·
1483 3678 1502 3711 ι
1540 3658 1692 3730 Ἐμοί⁸

132 3755 184 3808 δὲ
208 3755 277 3826 μὴ
295 3756 504 3823 γένοιτο
523 3754 846 3825 καυχᾶσθαι,
866 3754 915 3806 εί
949 3753 1022 3824 μὴ
1047 3753 1104 3805 ἐν
1125 3751 1202 3822 τῷ
1230 3749 1445 3821 σταυρῷ
1466 3750 1559 3803 τοῦ
1585 3752 1690 3804 Κυ-

138 3844 243 3915 ρίου
266 3844 421 3916 ήμῶν
446 3843 623 3914 Ἰησοῦ
658 3841 917 3915 Χριστοῦ,
943 3844 1008 3896 δι’
1040 3837 1101 3896 οὗ
1131 3842 1252 3912 ἐμοὶ
1275 3841 1475 3910 κόσμος
1500 3840 1689 3894 ἐσταύ-

137 3952 322 4004 ρωται,
348 3935 507 4004 κάγὼ
537 3934 613 4005 τῷ
651 3934 857 4004 κόσμῳ.
907 3951 925 3984 ι
958 3933 1156 3987 Τοῦτον
1186 3933 1275 3985 τὸν
1303 3931 1510 4001 Ἰησοῦν
1545 3949 1687 3998 παρ-

129 4025 313 4082 έδωκεν
340 4033 368 4085 6
400 4032 594 4103 Πατὴρ
624 4032 746 4094 ταῖς
782 4029 1078 4101 ἁμαρτίαις
1107 4026 1284 4100 ἡμῶν,
1308 4028 1402 4082 καὶ
1434 4027 1502 4081 δι’
1524 4026 1694 4091 αὐτὰς

127 4116 196 4181 ὡς
218 4120 483 4189 πρόϐατον
518 4140 537 4174 ι
575 4122 668 4174 ἐπὶ
702 4122 917 4192 σφαγὴν
944 4120 1106 4191 ἤχθη,
1134 4120 1227 4173 καὶ
1256 4112 1331 4183 ὡς
1361 4118 1534 4190 ἀμνὸς
1557 4118 1690 4171 ἐνώ-

129 4226 242 4265 πιον
262 4214 353 4267 τοῦ
376 4213 661 4285 κείραντος
693 4214 924 4283 ἄφωνος.
963 4233 981 4264 ι
1015 4213 1220 4266 Τούτου
1249 4216 1306 4267 ὲν
1338 4216 1405 4284 τῇ
1432 4210 1691 4266 ταπεινώ-

133 4316 227 4364 σει,
270 4303 329 4373 ἢν
377 4325 397 4356 ι
447 4306 811 4359 ἐταπείνωσεν
850 4303 1065 4368 ἑαυτὸν,
1118 4306 1411 4375 γενόμενος
1451 4305 1691 4375 ὑπήκοος

1795 1821 1995 1891 gratia,
2040 1821 2231 1890 spiritu
2280 1820 2369 1874 illo
2416 1820 2556 1874 malo
2597 1820 2691 1888 qui
2728 1820 2843 1874 haec
2891 1823 3244 1890 operabatur,
3295 1837 3361 1877 eo

1794 1914 1935 1982 quod
1980 1913 2179 1982 aliquis
2207 1913 2446 1980 seipsum
2482 1927 2579 1980 pro
2611 1912 2882 1965 communi
2909 1913 3084 1967 salute
3129 1913 3361 1979 dederit,

1795 2004 2087 2059 multorum
2120 2013 2405 2059 auctorum
2440 2014 2668 2057 narrant
2702 2003 2963 2070 historiae,
3008 2015 3119 2058 tum
3145 2004 3365 2061 Graeco-

1791 2111 1935 2160 rum,
1971 2105 2080 2149 tnm
2110 2096 2490 2159 barbarorum,
2522 2095 2665 2148 hanc
2691 2104 2931 2149 nostram
2951 2095 3361 2165 intelligentiam

1791 2202 1968 2257 neque
1993 2189 2386 2256 respuentium,
2409 2202 2586 2257 neque
2614 2187 3016 2255 reprobandum
3037 2204 3051 2239 :
3072 2201 3192 2257 qua:
3218 2202 3363 2243 vera:

1789 2281 1920 2349 sint,
1954 2296 2148 2347 necne,
2197 2296 2301 2336 non
2342 2291 2427 2336 est
2460 2280 2744 2349 praesentis
2795 2280 3056 2349 temporis
3107 2291 3365 2336 accurate

1790 2374 2101 2443 exquirere.
2135 2372 2521 2428 Verumtamen
2555 2372 2744 2426 nullibi
2792 2372 3058 2438 gentium,
3090 2372 3251 2426 nullis
3275 2373 3360 2427 hi-

1791 2466 1977 2520 Storiis
2024 2464 2315 2533 aliquando
2362 2466 2676 2518 mandatum
2734 2473 2848 2527 est,
2892 2478 2956 2518 ac
3000 2478 3070 2518 ne
3114 2465 3358 2519 mandari

1792 2538 2010 2628 quidem
2043 2565 2243 2626 potest,
2273 2553 2441 2610 fuisse
2472 2555 2705 2625 aliquem
2735 2556 2825 2622 qui
2859 2569 2917 2609 se
2950 2555 3216 2622 reciperet
3263 2570 3361 2623 pro

1793 2663 1909 2710 toto
1929 2654 2127 2708 mundo
2154 2664 2382 2708 mortem
2398 2652 2692 2716 obiturum,
2717 2662 2775 2705 ut
2806 2662 2948 2707 ιοιιιε
2975 2651 3209 2705 mundus
3228 2666 3359 2720 pur-

1790 2755 2011 2816 garetur
2043 2744 2187 2799 illius
2210 2745 2533 2808 sanctitate;
2557 2744 2797 2812 alioquin
2828 2745 3151 2811 perdendus,
3175 2744 3228 2798 ni
3260 2759 3361 2808 pro

1791 2854 1858 2894 eo
1884 2838 2153 2893 servando
2189 2846 2415 2891 mortem
2439 2845 2756 2905 oppeteret:
2791 2836 2988 2905 quippe
3011 2839 3151 2905 quod
3191 2836 3359 2891 solius

1791 2931 1863 2986 sit
1891 2927 2021 2984 Jcsu
2050 2942 2210 2998 posse
2239 2907 2482 2982 omnium
2524 2927 2732 2995 peccati
2759 2942 2897 2980 onus
2935 2927 2988 2979 in
3015 2940 3076 2981 se
3114 2926 3357 2996 recipere

1789 3038 1883 3093 per
1904 3035 2120 3076 crucem
2160 3035 2257 3090 pro
2298 3019 2551 3073 omnibus
2579 3036 2597 3069 ι
2627 3018 2743 3073 sine
2779 3018 2887 3074 Deo
2915 3018 2981 3086 “,
3014 3037 3033 3071 ι
3065 3028 3229 3088 atque
3267 3018 3357 3072 in-

1793 3116 2044 3183 gentibus
2071 3114 2184 3168 suis
2217 3113 2421 3167 viribus
2453 3111 2586 3166 illud
2610 3120 2846 3181 portare.
2876 3111 3076 3166 Calluit
3100 3112 3244 3166 enim
3270 3112 3361 3166 hic

1792 3205 1941 3260 solus
1986 3206 2130 3260 ferre
2173 3207 2512 3274 languorem,
2550 3213 2609 3259 ut
2657 3205 2835 3273 inquit
2874 3205 3040 3259 Isaias
3075 3205 3358 3273 propheta,

1791 3296 1980 3350 dicens
2017 3310 2032 3347 :
2068 3311 2088 3345 ι
2127 3292 2300 3350 Homo
2330 3295 2385 3348 in
2419 3294 2575 3364 plaga
2604 3294 2895 3360 εχείειειιε,
2925 3304 2982 3348 et
3002 3294 3180 3349 sciens
3215 3284 3361 3349 ferre

1793 3387 2107 3456 languorem
2132 3388 2197 3442 ".
2228 3407 2248 3440 ι
2277 3388 2456 3455 Atque
2484 3386 2571 3441 hic
2606 3403 2742 3442 sane
2773 3394 2995 3457 peccata
3043 3396 3230 3441 nostra
3262 3401 3379 3441 ac--

1791 3483 1954 3552 cepit,
1987 3490 2042 3536 et
2073 3496 2215 3549 aagre
2252 3479 2476 3535 all'ectus
2515 3489 2599 3536 est
2647 3487 2868 3549 propter
2917 3479 3226 3548 iniquitates
3255 3494 3357 3532 no-

1790 3585 1933 3629 stras
1964 3574 2035 3638 ⁸⁸,
2075 3573 2125 3628 in
2159 3588 2325 3643 seque
2356 3572 2496 3629 facta
2516 3582 2600 3629 est
2620 3572 2984 3643 punitio,qua:
3008 3572 3163 3628 nobis
3193 3573 3358 3627 debe-

1791 3666 1973 3731 batur,
2014 3676 2073 3721 ut
2106 3681 2296 3736 pacem
2334 3667 2693 3737 recipiamus,
2725 3665 2851 3720 dum
2884 3665 3167 3721 erudimur
3197 3666 3363 3720 casti-

1789 3758 1922 3826 gati.
1974 3757 2080 3813 Isto
2114 3772 2347 3828 namque
2392 3758 2551 3813 modo
2578 3756 2683 3812 hoc
2740 3754 2984 3826 intelligo
3012 3772 3024 3804 :
3055 3771 3077 3809 ι
3106 3754 3354 3809 Eruditio

1789 3851 1942 3921 pacis
1982 3858 2184 3905 nostra:
2211 3866 2376 3921 super
2401 3866 2525 3905 eum
2555 3850 2620 3905 ⁸⁸,
2661 3869 2681 3903 ι
2720 3849 2973 3905 Fortasse
3011 3857 3189 3905 autem
3224 3863 3358 3914 nos,

1789 3942 1916 4010 quia
1952 3960 1971 3994 ι
2009 3940 2184 3997 livore
2216 3940 2332 4010 ejus
2357 3943 2535 3997 sanati
2577 3956 2789 4007 sumus,
2832 3958 2852 3992 ι
2880 3940 3048 3996 livore
3098 3957 3165 3997 ex
3199 3955 3359 3995 cruce

1789 4033 1866 4088 illi
1896 4034 2226 4088 obveniente
2266 4034 2442 4089 sanati
2473 4034 2757 4089 dicemus:
2795 4051 2817 4085 ι
2848 4032 2974 4088 Mihi
3006 4042 3185 4088 autem
3216 4034 3361 4089 absit

1791 4124 2035 4194 gloriari,
2065 4124 2165 4179 nisi
2187 4125 2238 4177 in
2260 4139 2425 4179 cruce
2441 4123 2651 4179 Domini
2680 4122 2990 4178 nostrilesu
3010 4123 3234 4188 Christi,
3262 4139 3360 4193 per

1802 4231 1966 4287 quem
1991 4217 2122 4271 mihi
2158 4216 2389 4271 mundus
2406 4217 2697 4271 cruciﬁxus
2712 4226 2887 4281 est,et
2912 4232 3012 4285 ego
3037 4216 3319 4271 mundo".
3335 4236 3354 4269 ι

1791 4308 2049 4364 Traditus
2092 4318 2175 4363 est
2214 4323 2244 4361 a
2301 4308 2461 4364 Patre
2494 4319 2715 4380 propter
2766 4318 2990 4379 peccata
3029 4318 3215 4363 nostra
3267 4307 3355 4363 hic

135 4394 283 4466 μέχρι
322 4397 579 4463 θανάτου,
637 4398 869 4453 θανάτου
917 4398 975 4451 δὲ
1019 4397 1290 4470 σταυροῦ,
1348 4416 1367 4449 ι
1419 4399 1452 4469 ἠ
1508 4396 1601 4469 κρί

1894 4416 1988 4468 ιιε;
2018 4401 2111 4470 qui
2143 4400 2308 4456 etiam
2342 4412 2629 4471 propterea
2662 4417 2683 4450 ι
2720 4402 2788 4454 ad
2805 4400 3135 4455 occisionem
3165 4401 3360 4454 ductus

133 4484 259 4558 ἧρθη
278 4506 291 4519 ’
317 4490 458 4545 οὕτω
486 4490 597 4564 γὰρ
629 4491 813 4545 ἀκούω
843 4490 938 4544 τοῦ
956 4507 970 4521 ο
1012 4509 1030 4540 ι
1080 4490 1168 4544 Ἐν
1199 4492 1265 4561 τῇ
1293 4487 1596 4543 ταπεινὼσε

1890 4533 1900 4559 ,
1926 4503 1987 4547 ιιι
2013 4507 2188 4562 agnus
2214 4507 2399 4548 coram
2442 4494 2702 4547 tondente
2731 4502 2914 4548 mutus
2940 4492 3006 4547 “.
3040 4510 3060 4543 ι
3100 4491 3271 4561 Hujus
3303 4494 3356 4546 in

134 4575 297 4644 κρίσις
322 4580 483 4635 αὐτοῦ
521 4580 663 4652 ῆρθη
684 4598 697 4611 ⁸
737 4601 755 4631 ι
788 4582 863 4645 ὡς
891 4578 1027 4634 εἶναι
1066 4579 1136 4634 τά
1163 4579 1290 4650 ἐξῆς
1314 4594 1324 4603 ’
1372 4580 1459 4633 Ἐν
1498 4582 1562 4650 τῇ
1593 4596 1600 4611 ⁸

1896 4585 2115 4653 uilitate,
2150 4600 2258 4656 qua
2289 4604 2308 4638 ι
2338 4585 2596 4641 humilem
2626 4586 2858 4656 praebuit
2890 4586 3150 4655 seipsum,
3184 4585 3362 4641 iactus

134 4666 371 4723 πεινώσει
417 4670 581 4725 αὐτοῦ
611 4674 644 4743 ἡ
680 4672 861 4744 κρίσις
902 4671 1077 4743 ἡρθη³
1115 4671 1288 4734 οὕτως
1328 4669 1441 4739 (41)
1482 4670 1539 4724 δὲ
1578 4672 1600 4725 d

1896 4690 2051 4746 diens
2095 4704 2266 4761 usque
2305 4690 2372 4745 ad
2426 4701 2681 4756 mortem,
2724 4700 2955 4746 mortem
3000 4699 3178 4745 autem
3228 4705 3358 4745 cru-

134 4760 231 4810 τῶν
260 4760 489 4833 ἀνομιῶν
517 4762 610 4818 τοῦ
650 4764 779 4818 λαοῦ
812 4764 905 4818 τοῦ
954 4763 1088 4817 Θεοῦ
1124 4761 1262 4835 ἤχθη
1304 4763 1385 4826 είς
1431 4762 1681 4817 θάνατον.

136 4848 327 4905 υύκοῦν
356 4855 621 4908 ἀπέθανεν
646 4858 674 4909 ό
704 4855 989 4928 ἅνθρωπος
1025 4848 1182 4918 οὗτος
1217 4855 1357 4925 ὑπὲρ
1386 4855 1480 4908 τοῦ
1526 4854 1679 4918 λαοῦ,

136 4937 219 4989 καὶ
246 4939 330 4994 διὰ
353 4942 535 4997 τοῦτον
565 4944 685 5015 ούχὶ
714 4944 831 4999 ὅλον
854 4943 916 4997 τό
946 4945 1096 5008 ἔθνος
1123 4943 1388 4998 ἀπώλετο.
1426 4944 1537 4997 Καὶ
1566 4943 1683 4997 ἐπί-

140 5042 336 5097 στησον,
388 5037 435 5087 εὶ
493 5034 736 5099 δύνασαι,
781 5035 842 5089 τό
890 5037 987 5107 μὲν
1039 5035 1208 5106 ὄνομα
1264 5036 1357 5089 τοῦ
1401 5034 1532 5089 λαοῦ
1588 5035 1685 5089 λα-

138 5114 239 5171 ϐεῖν
282 5124 357 5186 είς
402 5128 524 5190 τοὺς
566 5129 630 5180 ἐκ
664 5129 985 5199 περιτομῆς,
1023 5128 1084 5181 τό
1114 5128 1170 5180 δὲ
1222 5128 1315 5181 τοῦ
1364 5128 1548 5192 ἔθνους
1600 5150 1604 5178 ι

1900 5138 1986 5177 um
2032 5123 2306 5178 sublatum
2348 5133 2432 5178 est
2472 5139 2486 5176 :
2524 5121 2690 5194 394.
2742 5132 2798 5178 et
2853 5122 2956 5178 fuit
3007 5123 3107 5187 sic,
3136 5131 3360 5191 propter

139 5209 251 5274 τοὺς
288 5213 534 5283 λοιπούς·
577 5219 816 5275 ἀπέθανε
864 5222 975 5293 γὰρ
1021 5214 1176 5285 οὗτος
1211 5221 1240 5272 ὁ
1281 5221 1568 5293 ἄνθρωπος

1892 5227 2105 5297 luitates
2135 5227 2316 5298 populi
2349 5228 2470 5296 Dei,
2504 5229 2700 5285 ductus
2729 5230 2796 5284 ad
2826 5240 3079 5285 mortem.
3113 5227 3358 5282 Mortuus

144 5413 183 5447 σε
210 5350 326 5447 ἐξ)
355 5355 600 5447 lima";
628 5359 721 5447 9.3:
863 5361 908 5447 ⁶Ϊ
926 5358 986 5447 .¹¹
1014 5359 1148 5447 C‘IF‘.
1177 5378 1230 5444 νι
1261 5362 1351 5416 21⁸
1428 5363 1492 5447 _"
1525 5361 1610 5447 ίίξ

1888 5368 1923 5422 ἰ.
1988 5367 2082 5447 Λ⁶⁸
2111 5367 2365 5447 Πειιτηιι,
2391 5371 2445 5426 9.
2522 5370 2599 5447 fi
2625 5369 2750 5426 Isai.
2784 5386 2904 5439 LIII,
2928 5371 2982 5426 ἶ.
3057 5368 3104 5401 ⁸⁸
3129 5368 3262 5424 ibid.
3298 5370 3354 5426 4.

209 5420 330 5477 ibid.
359 5426 412 5483 5.
484 5431 529 5462 ⁷⁸
560 5420 740 5488 Galat.
774 5445 849 5499 v1,
878 5431 967 5487 l4.
1062 5432 1107 5463 ⁷¹
1129 5420 1253 5487 Isai.
1288 5448 1404 5501 un,
1428 5434 1482 5487 7.
1588 5435 1675 5490 "l

1129 5420 1253 5487 Isai.
1288 5448 1404 5501 un,
1428 5434 1482 5487 7.
1588 5435 1636 5467 "
1663 5420 1947 5506 Philipflt,
1986 5437 2040 5497 8.
2111 5420 2482 5507 ’δίἰὲέιίξὶῖίι,
2517 5439 2574 5495 8.

340 5545 510 5632 Codex.
549 5548 894 5632 Bodleianus,
920 5551 1198 5632 ἐποίησεν,
1249 5549 1393 5632 εἶπε,
1450 5555 1541 5632 τῖξν
1598 5556 1672 5628 μὴ

1909 5561 1976 5632 Α)
2008 5560 2223 5632 Οὕτως.
2251 5562 2341 5618 Sic
2374 5565 2547 5619 codex
2607 5563 2831 5632 Regius,
2883 5561 3174 5621 Ferrarius
3226 5578 3375 5622 vero.

146 5620 799 5746 ξξῖζτεῶριιῡῖἱὲῒπέεείεεε
848 5620 1421 5692 νίιιειυτἘεηειι·ἱιιε;
1483 5620 1683 5697 Regius
1790 5620 2199 5703 ιεεέὺὰιιιῦτοςξ
2232 5636 2395 5690 vertit
2423 5635 2595 5704 enim,
2631 5653 2657 5688 ι
2683 5620 2737 5692 Et
2765 5620 2868 5689 fuit
2897 5635 3006 5691 hic.
3048 5650 3077 5687 ›

1791 4800 1954 4865 eis",
1990 4819 2010 4854 ι
2041 4799 2309 4871 judicium
2349 4802 2618 4856 sublatum
2655 4813 2740 4856 est
2780 4810 2813 4856 τ’
2839 4802 2919 4856 εἰε
2965 4800 3109 4856 enim
3140 4800 3245 4856 hoc
3276 4801 3359 4855 in-

1793 4909 2022 4978 telligo:
2069 4927 2089 4961 ι
2123 4909 2178 4964 In
2236 4908 2542 4964 humilitate
2593 4907 2857 4978 judicium
2916 4906 3034 4977 ejus
3082 4908 3355 4963 sublatum

1787 5023 1873 5068 est
1898 5014 1987 5080 ἠς
2017 5034 2035 5068 ι
2072 5015 2295 5082 perinde
2321 5029 2385 5069 ac
2423 5015 2628 5070 diceret
2661 5033 2676 5069 :
2715 5015 2773 5070 In
2800 5016 3107 5072 humilitate
3132 5014 3247 5084 ejus
3269 5016 3361 5086 ju-
