  <div class='ocr_page' id='page_1' title='image "/cluster/home/n/w/nwhite01/storage/ocr_20150623/14/mdp.39015052831362/399.png"; bbox 0 0 3712 6138; ppageno 0'>
   <div class='ocr_carea' id='block_1_1' title="bbox 391 267 1973 332">
    <p class='ocr_par' dir='ltr' id='par_1_1' title="bbox 391 273 1973 332">
     <span class='ocr_line' id='line_1_1' title="bbox 391 273 1973 332; baseline -0.003 0"><span class='ocrx_word' id='word_1_1' title='bbox 391 273 499 332; x_wconf 73' lang='lat'><strong>123</strong></span> <span class='ocrx_word' id='word_1_2' title='bbox 1402 316 1405 321; x_wconf 52' lang='grc' dir='ltr'><strong>ν</strong></span> <span class='ocrx_word' id='word_1_3' title='bbox 1846 273 1973 332; x_wconf 66' lang='lat' dir='ltr'><strong>om</strong></span> 
     </span>
    </p>
   </div>
   <div class='ocr_carea' id='block_1_2' title="bbox 2146 267 3647 332">
    <p class='ocr_par' dir='ltr' id='par_1_2' title="bbox 2146 267 3647 331">
     <span class='ocr_line' id='line_1_2' title="bbox 2146 267 3647 331; baseline -0.005 0"><span class='ocrx_word' id='word_1_4' title='bbox 2146 274 2168 331; x_wconf 77' lang='grc'><strong>5</strong></span> <span class='ocrx_word' id='word_1_5' title='bbox 3555 267 3647 324; x_wconf 64' lang='grc'><strong>725</strong></span> 
     </span>
    </p>
   </div>
   <div class='ocr_carea' id='block_1_3' title="bbox 391 384 1973 467">
    <p class='ocr_par' dir='ltr' id='par_1_3' title="bbox 391 394 1959 467">
     <span class='ocr_line' id='line_1_3' title="bbox 391 394 1959 467; baseline 0 -14"><span class='ocrx_word' id='word_1_6' title='bbox 391 411 476 453; x_wconf 68' lang='lat' dir='ltr'><strong>es:</strong></span> <span class='ocrx_word' id='word_1_7' title='bbox 515 394 681 466; x_wconf 84' lang='lat' dir='ltr'><strong>igitur</strong></span> <span class='ocrx_word' id='word_1_8' title='bbox 717 394 806 450; x_wconf 90' lang='lat' dir='ltr'><strong>hic</strong></span> <span class='ocrx_word' id='word_1_9' title='bbox 832 394 996 450; x_wconf 86' lang='lat' dir='ltr'><strong>homo</strong></span> <span class='ocrx_word' id='word_1_10' title='bbox 1039 408 1142 465; x_wconf 92' lang='lat' dir='ltr'><strong>pro</strong></span> <span class='ocrx_word' id='word_1_11' title='bbox 1184 394 1419 467; x_wconf 87' lang='lat' dir='ltr'><strong>populo,</strong></span> <span class='ocrx_word' id='word_1_12' title='bbox 1460 401 1516 451; x_wconf 85' lang='lat' dir='ltr'><strong>et</strong></span> <span class='ocrx_word' id='word_1_13' title='bbox 1559 403 1782 467; x_wconf 79' lang='lat' dir='ltr'><strong>propter</strong></span> <span class='ocrx_word' id='word_1_14' title='bbox 1812 396 1959 453; x_wconf 85' lang='lat' dir='ltr'><strong>hunc</strong></span> 
     </span>
    </p>
   </div>
   <div class='ocr_carea' id='block_1_4' title="bbox 2146 384 3642 467">
    <p class='ocr_par' dir='ltr' id='par_1_4' title="bbox 2146 384 3642 463">
     <span class='ocr_line' id='line_1_4' title="bbox 2146 384 3642 463; baseline -0.005 -15"><span class='ocrx_word' id='word_1_15' title='bbox 2146 410 2230 448; x_wconf 86' lang='grc' dir='ltr'><strong>νον</strong></span> <span class='ocrx_word' id='word_1_16' title='bbox 2258 392 2398 463; x_wconf 74' lang='grc' dir='ltr'>ὑπὲρ</span> <span class='ocrx_word' id='word_1_17' title='bbox 2417 389 2512 445; x_wconf 82' lang='grc' dir='ltr'>τοῦ</span> <span class='ocrx_word' id='word_1_18' title='bbox 2546 388 2700 457; x_wconf 83' lang='grc' dir='ltr'>λαοῦ,</span> <span class='ocrx_word' id='word_1_19' title='bbox 2735 387 2850 444; x_wconf 82' lang='grc' dir='ltr'>ἀλλ’</span> <span class='ocrx_word' id='word_1_20' title='bbox 2885 388 2972 442; x_wconf 78' lang='grc' dir='ltr'><strong>ἵνα</strong></span> <span class='ocrx_word' id='word_1_21' title='bbox 3001 388 3098 444; x_wconf 84' lang='grc' dir='ltr'>καὶ</span> <span class='ocrx_word' id='word_1_22' title='bbox 3136 385 3216 461; x_wconf 74' lang='grc' dir='ltr'>μὴ</span> <span class='ocrx_word' id='word_1_23' title='bbox 3255 385 3382 442; x_wconf 75' lang='grc' dir='ltr'>ὅλον</span> <span class='ocrx_word' id='word_1_24' title='bbox 3410 385 3480 441; x_wconf 81' lang='grc' dir='ltr'>τὸ</span> <span class='ocrx_word' id='word_1_25' title='bbox 3501 384 3642 452; x_wconf 72' lang='grc' dir='ltr'>ἔθνος</span> 
     </span>
    </p>
   </div>
   <div class='ocr_carea' id='block_1_5' title="bbox 395 479 1973 560">
    <p class='ocr_par' dir='ltr' id='par_1_5' title="bbox 395 486 1956 560">
     <span class='ocr_line' id='line_1_5' title="bbox 395 486 1956 560; baseline 0.003 -21"><span class='ocrx_word' id='word_1_26' title='bbox 395 503 502 541; x_wconf 89' lang='lat' dir='ltr'><strong>non</strong></span> <span class='ocrx_word' id='word_1_27' title='bbox 545 495 657 543; x_wconf 90' lang='lat' dir='ltr'><strong>tota</strong></span> <span class='ocrx_word' id='word_1_28' title='bbox 700 500 831 558; x_wconf 87' lang='lat' dir='ltr'><strong>gens</strong></span> <span class='ocrx_word' id='word_1_29' title='bbox 872 486 1049 558; x_wconf 89' lang='lat' dir='ltr'><strong>periit.</strong></span> <span class='ocrx_word' id='word_1_30' title='bbox 1081 487 1160 545; x_wconf 80' lang='lat' dir='ltr'><strong>Ac</strong></span> <span class='ocrx_word' id='word_1_31' title='bbox 1213 488 1337 545; x_wconf 84' lang='lat' dir='ltr'><strong>vide</strong></span> <span class='ocrx_word' id='word_1_32' title='bbox 1378 504 1506 544; x_wconf 91' lang='lat' dir='ltr'><strong>num</strong></span> <span class='ocrx_word' id='word_1_33' title='bbox 1544 489 1727 560; x_wconf 84' lang='lat' dir='ltr'><strong>populi</strong></span> <span class='ocrx_word' id='word_1_34' title='bbox 1762 503 1956 544; x_wconf 81' lang='lat' dir='ltr'><strong>nomen</strong></span> 
     </span>
    </p>
   </div>
   <div class='ocr_carea' id='block_1_6' title="bbox 2146 479 3640 560">
    <p class='ocr_par' dir='ltr' id='par_1_6' title="bbox 2146 479 3640 557">
     <span class='ocr_line' id='line_1_6' title="bbox 2146 479 3640 557; baseline -0.003 -18"><span class='ocrx_word' id='word_1_35' title='bbox 2146 485 2356 557; x_wconf 83' lang='grc' dir='ltr'>όληται,</span> <span class='ocrx_word' id='word_1_36' title='bbox 2403 482 2536 537; x_wconf 81' lang='grc' dir='ltr'>ὡσεὶ</span> <span class='ocrx_word' id='word_1_37' title='bbox 2586 482 2763 553; x_wconf 75' lang='grc' dir='ltr'>ἔλεγε,</span> <span class='ocrx_word' id='word_1_38' title='bbox 2792 479 2854 535; x_wconf 85' lang='grc' dir='ltr'>τὸ</span> <span class='ocrx_word' id='word_1_39' title='bbox 2882 479 3221 552; x_wconf 85' lang='grc' dir='ltr'>χρηματίζον</span> <span class='ocrx_word' id='word_1_40' title='bbox 3245 479 3308 534; x_wconf 87' lang='grc' dir='ltr'>τὸ</span> <span class='ocrx_word' id='word_1_41' title='bbox 3337 479 3497 544; x_wconf 78' lang='grc' dir='ltr'>ἔθνος</span> <span class='ocrx_word' id='word_1_42' title='bbox 3532 480 3640 551; x_wconf 67' lang='grc'><strong>(42)</strong></span> 
     </span>
    </p>
   </div>
   <div class='ocr_carea' id='block_1_7' title="bbox 397 573 1973 649">
    <p class='ocr_par' dir='ltr' id='par_1_7' title="bbox 397 577 1960 649">
     <span class='ocr_line' id='line_1_7' title="bbox 397 577 1960 649; baseline 0.001 -16"><span class='ocrx_word' id='word_1_43' title='bbox 397 578 607 633; x_wconf 80' lang='lat' dir='ltr'><strong>referre</strong></span> <span class='ocrx_word' id='word_1_44' title='bbox 681 577 863 648; x_wconf 89' lang='lat' dir='ltr'><strong>possis</strong></span> <span class='ocrx_word' id='word_1_45' title='bbox 935 578 1002 634; x_wconf 91' lang='lat' dir='ltr'><strong>ad</strong></span> <span class='ocrx_word' id='word_1_46' title='bbox 1069 593 1164 634; x_wconf 88' lang='lat' dir='ltr'><strong>eos</strong></span> <span class='ocrx_word' id='word_1_47' title='bbox 1210 579 1303 649; x_wconf 87' lang='lat' dir='ltr'><strong>qui</strong></span> <span class='ocrx_word' id='word_1_48' title='bbox 1367 588 1494 636; x_wconf 90' lang='lat' dir='ltr'><strong>sunt</strong></span> <span class='ocrx_word' id='word_1_49' title='bbox 1558 594 1627 635; x_wconf 91' lang='lat' dir='ltr'><strong>ex</strong></span> <span class='ocrx_word' id='word_1_50' title='bbox 1668 579 1960 636; x_wconf 88' lang='lat' dir='ltr'><strong>circumci-</strong></span> 
     </span>
    </p>
   </div>
   <div class='ocr_carea' id='block_1_8' title="bbox 2146 573 3049 649">
    <p class='ocr_par' dir='ltr' id='par_1_8' title="bbox 2146 573 3049 642">
     <span class='ocr_line' id='line_1_8' title="bbox 2146 573 3049 642; baseline -0.006 -10"><span class='ocrx_word' id='word_1_51' title='bbox 2146 577 2386 642; x_wconf 77' lang='grc' dir='ltr'>ίπάντες</span> <span class='ocrx_word' id='word_1_52' title='bbox 2415 578 2463 631; x_wconf 83' lang='grc' dir='ltr'>οἱ</span> <span class='ocrx_word' id='word_1_53' title='bbox 2490 575 2697 631; x_wconf 77' lang='grc' dir='ltr'>ἐθνικοὶ</span> <span class='ocrx_word' id='word_1_54' title='bbox 2716 573 3049 629; x_wconf 83' lang='grc' dir='ltr'><strong>ἀπόλωνται.</strong></span> 
     </span>
    </p>
   </div>
   <div class='ocr_carea' id='block_1_9' title="bbox 392 668 3645 744">
    <p class='ocr_par' dir='ltr' id='par_1_9' title="bbox 392 668 3645 744">
     <span class='ocr_line' id='line_1_9' title="bbox 392 668 3645 744; baseline -0.001 -15"><span class='ocrx_word' id='word_1_55' title='bbox 392 676 566 741; x_wconf 81' lang='lat' dir='ltr'><strong>sione,</strong></span> <span class='ocrx_word' id='word_1_56' title='bbox 603 675 783 744; x_wconf 89' lang='lat' dir='ltr'><strong>gentis</strong></span> <span class='ocrx_word' id='word_1_57' title='bbox 838 689 970 731; x_wconf 91' lang='lat' dir='ltr'><strong>vero</strong></span> <span class='ocrx_word' id='word_1_58' title='bbox 1019 675 1086 731; x_wconf 92' lang='lat' dir='ltr'><strong>ad</strong></span> <span class='ocrx_word' id='word_1_59' title='bbox 1136 686 1389 733; x_wconf 58' lang='lat' dir='ltr'><strong>ceteros.</strong></span> <span class='ocrx_word' id='word_1_60' title='bbox 1427 676 1668 734; x_wconf 75' lang='lat' dir='ltr'><strong>Mortuus</strong></span> <span class='ocrx_word' id='word_1_61' title='bbox 1716 678 1915 734; x_wconf 90' lang='lat' dir='ltr'><strong>etenim</strong></span> <span class='ocrx_word' id='word_1_62' title='bbox 1951 684 2037 732; x_wconf 90' lang='lat' dir='ltr'><strong>est</strong></span> <span class='ocrx_word' id='word_1_63' title='bbox 2067 676 2160 733; x_wconf 85' lang='lat' dir='ltr'><strong>hic</strong></span> <span class='ocrx_word' id='word_1_64' title='bbox 2195 677 2385 742; x_wconf 86' lang='lat' dir='ltr'><strong>homo,</strong></span> <span class='ocrx_word' id='word_1_65' title='bbox 2432 688 2540 728; x_wconf 85' lang='lat' dir='ltr'><strong>non</strong></span> <span class='ocrx_word' id='word_1_66' title='bbox 2599 680 2806 726; x_wconf 87' lang='lat' dir='ltr'><strong>tantum</strong></span> <span class='ocrx_word' id='word_1_67' title='bbox 2846 685 2943 741; x_wconf 91' lang='lat' dir='ltr'><strong>pro</strong></span> <span class='ocrx_word' id='word_1_68' title='bbox 2984 670 3204 739; x_wconf 90' lang='lat' dir='ltr'><strong>populo,</strong></span> <span class='ocrx_word' id='word_1_69' title='bbox 3244 669 3344 725; x_wconf 84' lang='lat' dir='ltr'><strong>sed</strong></span> <span class='ocrx_word' id='word_1_70' title='bbox 3383 668 3553 724; x_wconf 86' lang='lat' dir='ltr'><strong>etiam</strong></span> <span class='ocrx_word' id='word_1_71' title='bbox 3584 684 3645 725; x_wconf 87' lang='lat' dir='ltr'><strong>ne</strong></span> 
     </span>
    </p>
   </div>
   <div class='ocr_carea' id='block_1_10' title="bbox 395 764 3642 843">
    <p class='ocr_par' dir='ltr' id='par_1_10' title="bbox 395 764 3642 843">
     <span class='ocr_line' id='line_1_10' title="bbox 395 764 3642 843; baseline -0.001 -19"><span class='ocrx_word' id='word_1_72' title='bbox 395 779 506 824; x_wconf 86' lang='lat' dir='ltr'><strong>tota</strong></span> <span class='ocrx_word' id='word_1_73' title='bbox 564 784 696 833; x_wconf 74' lang='lat' dir='ltr'><strong>gens</strong></span> <span class='ocrx_word' id='word_1_74' title='bbox 747 778 964 841; x_wconf 85' lang='lat' dir='ltr'><strong>pereat;</strong></span> <span class='ocrx_word' id='word_1_75' title='bbox 1016 779 1273 841; x_wconf 89' lang='lat' dir='ltr'><strong>tanquam</strong></span> <span class='ocrx_word' id='word_1_76' title='bbox 1330 773 1377 829; x_wconf 92' lang='lat' dir='ltr'><strong>si</strong></span> <span class='ocrx_word' id='word_1_77' title='bbox 1409 773 1659 840; x_wconf 80' lang='lat' dir='ltr'><strong>dixisset,</strong></span> <span class='ocrx_word' id='word_1_78' title='bbox 1701 787 1771 828; x_wconf 92' lang='lat' dir='ltr'><strong>ne</strong></span> <span class='ocrx_word' id='word_1_79' title='bbox 1808 773 1900 843; x_wconf 89' lang='lat' dir='ltr'><strong>qui</strong></span> <span class='ocrx_word' id='word_1_80' title='bbox 1930 780 2194 828; x_wconf 81' lang='lat' dir='ltr'><strong>vocantur</strong></span> <span class='ocrx_word' id='word_1_81' title='bbox 2241 784 2375 841; x_wconf 87' lang='lat' dir='ltr'><strong>gens</strong></span> <span class='ocrx_word' id='word_1_82' title='bbox 2417 768 2559 823; x_wconf 89' lang='lat' dir='ltr'><strong>inter</strong></span> <span class='ocrx_word' id='word_1_83' title='bbox 2590 765 2806 822; x_wconf 63' lang='lat' dir='ltr'><strong>Iudaeos</strong></span> <span class='ocrx_word' id='word_1_84' title='bbox 2835 773 2890 820; x_wconf 91' lang='lat' dir='ltr'><strong>et</strong></span> <span class='ocrx_word' id='word_1_85' title='bbox 2919 780 3113 820; x_wconf 88' lang='lat' dir='ltr'><strong>omnes</strong></span> <span class='ocrx_word' id='word_1_86' title='bbox 3139 764 3370 835; x_wconf 77' lang='lat' dir='ltr'><strong>gentiles</strong></span> <span class='ocrx_word' id='word_1_87' title='bbox 3400 772 3642 832; x_wconf 83' lang='lat' dir='ltr'><strong>pereant.</strong></span> 
     </span>
    </p>
   </div>
   <div class='ocr_carea' id='block_1_11' title="bbox 382 854 1973 939">
    <p class='ocr_par' dir='ltr' id='par_1_11' title="bbox 382 864 1961 939">
     <span class='ocr_line' id='line_1_11' title="bbox 382 864 1961 939; baseline 0.004 -22"><span class='ocrx_word' id='word_1_88' title='bbox 382 872 385 875; x_wconf 83' lang='grc'><em>’</em></span> <span class='ocrx_word' id='word_1_89' title='bbox 470 864 557 919; x_wconf 77' lang='grc'><strong>15.</strong></span> <span class='ocrx_word' id='word_1_90' title='bbox 596 865 692 922; x_wconf 80' lang='lat' dir='ltr'><strong>llis</strong></span> <span class='ocrx_word' id='word_1_91' title='bbox 748 865 1059 937; x_wconf 87' lang='lat' dir='ltr'><strong>proximum</strong></span> <span class='ocrx_word' id='word_1_92' title='bbox 1098 874 1183 923; x_wconf 85' lang='lat' dir='ltr'><strong>est</strong></span> <span class='ocrx_word' id='word_1_93' title='bbox 1221 884 1235 922; x_wconf 92' lang='lat'><strong>:</strong></span> <span class='ocrx_word' id='word_1_94' title='bbox 1266 885 1286 920; x_wconf 74' lang='grc' dir='ltr'><strong>ε</strong></span> <span class='ocrx_word' id='word_1_95' title='bbox 1319 866 1486 925; x_wconf 87' lang='lat' dir='ltr'><strong>lloca</strong></span> <span class='ocrx_word' id='word_1_96' title='bbox 1514 868 1805 939; x_wconf 89' lang='lat' dir='ltr'><strong>semetipso</strong></span> <span class='ocrx_word' id='word_1_97' title='bbox 1853 883 1961 924; x_wconf 79' lang='lat' dir='ltr'><strong>non</strong></span> 
     </span>
    </p>
   </div>
   <div class='ocr_carea' id='block_1_12' title="bbox 2146 854 3642 939">
    <p class='ocr_par' dir='ltr' id='par_1_12' title="bbox 2146 854 3642 935">
     <span class='ocr_line' id='line_1_12' title="bbox 2146 854 3642 935; baseline -0.009 -13"><span class='ocrx_word' id='word_1_98' title='bbox 2146 865 2232 922; x_wconf 80' lang='grc'><strong>15.</strong></span> <span class='ocrx_word' id='word_1_99' title='bbox 2277 862 2434 935; x_wconf 80' lang='grc' dir='ltr'>Ἑξῆς</span> <span class='ocrx_word' id='word_1_100' title='bbox 2453 861 2626 933; x_wconf 84' lang='grc' dir='ltr'>τούτῳ</span> <span class='ocrx_word' id='word_1_101' title='bbox 2660 856 2772 932; x_wconf 69' lang='grc' dir='ltr'><strong>(ίὸ)</strong></span> <span class='ocrx_word' id='word_1_102' title='bbox 2810 857 2930 913; x_wconf 78' lang='grc' dir='ltr'>ἐστὶ</span> <span class='ocrx_word' id='word_1_103' title='bbox 2945 858 3042 912; x_wconf 84' lang='grc' dir='ltr'><strong>τό·</strong></span> <span class='ocrx_word' id='word_1_104' title='bbox 3080 878 3101 910; x_wconf 77' lang='grc' dir='ltr'><strong>ι</strong></span> <span class='ocrx_word' id='word_1_105' title='bbox 3139 856 3313 913; x_wconf 75' lang='grc' dir='ltr'>Τοῦτο</span> <span class='ocrx_word' id='word_1_106' title='bbox 3338 854 3642 925; x_wconf 74' lang='grc' dir='ltr'>ἀφ’ὲαυτοῦ</span> 
     </span>
    </p>
   </div>
   <div class='ocr_carea' id='block_1_13' title="bbox 397 944 1973 1030">
    <p class='ocr_par' dir='ltr' id='par_1_13' title="bbox 397 956 1962 1030">
     <span class='ocr_line' id='line_1_13' title="bbox 397 956 1962 1030; baseline 0.003 -21"><span class='ocrx_word' id='word_1_107' title='bbox 397 957 535 1012; x_wconf 80' lang='lat' dir='ltr'><strong>dixit</strong></span> <span class='ocrx_word' id='word_1_108' title='bbox 560 957 629 1013; x_wconf 67' lang='grc'><strong>⁷⁸.</strong></span> <span class='ocrx_word' id='word_1_109' title='bbox 665 976 684 1009; x_wconf 76' lang='grc' dir='ltr'><strong>ι</strong></span> <span class='ocrx_word' id='word_1_110' title='bbox 724 956 839 1014; x_wconf 80' lang='lat' dir='ltr'><strong>Hoc</strong></span> <span class='ocrx_word' id='word_1_111' title='bbox 870 957 1019 1014; x_wconf 92' lang='lat' dir='ltr'><strong>dicto</strong></span> <span class='ocrx_word' id='word_1_112' title='bbox 1051 973 1150 1014; x_wconf 88' lang='lat' dir='ltr'><strong>nos</strong></span> <span class='ocrx_word' id='word_1_113' title='bbox 1186 959 1400 1015; x_wconf 89' lang='lat' dir='ltr'><strong>discere</strong></span> <span class='ocrx_word' id='word_1_114' title='bbox 1441 959 1638 1030; x_wconf 82' lang='lat' dir='ltr'><strong>opinor</strong></span> <span class='ocrx_word' id='word_1_115' title='bbox 1659 1000 1679 1029; x_wconf 93' lang='lat'><strong>,</strong></span> <span class='ocrx_word' id='word_1_116' title='bbox 1712 962 1962 1029; x_wconf 69' lang='lat' dir='ltr'><strong>quaedam</strong></span> 
     </span>
    </p>
   </div>
   <div class='ocr_carea' id='block_1_14' title="bbox 2146 944 3647 1030">
    <p class='ocr_par' dir='ltr' id='par_1_14' title="bbox 2146 944 3647 1022">
     <span class='ocr_line' id='line_1_14' title="bbox 2146 944 3647 1022; baseline -0.007 -11"><span class='ocrx_word' id='word_1_117' title='bbox 2146 951 2358 1011; x_wconf 68' lang='grc' dir='ltr'>κεῖπεν.</span> <span class='ocrx_word' id='word_1_118' title='bbox 2397 973 2417 1006; x_wconf 74' lang='grc' dir='ltr'><strong>ι</strong></span> <span class='ocrx_word' id='word_1_119' title='bbox 2461 954 2580 1022; x_wconf 78' lang='grc' dir='ltr'><strong>Ἀφ’</strong></span> <span class='ocrx_word' id='word_1_120' title='bbox 2607 944 2669 1006; x_wconf 72' lang='grc' dir='ltr'>οὗ</span> <span class='ocrx_word' id='word_1_121' title='bbox 2705 950 2996 1022; x_wconf 77' lang='grc' dir='ltr'><strong>μανθάνειν</strong></span> <span class='ocrx_word' id='word_1_122' title='bbox 3027 947 3181 1021; x_wconf 84' lang='grc' dir='ltr'>οἶμαι</span> <span class='ocrx_word' id='word_1_123' title='bbox 3218 949 3388 1020; x_wconf 77' lang='grc' dir='ltr'>ἡμᾶς,</span> <span class='ocrx_word' id='word_1_124' title='bbox 3422 948 3507 1000; x_wconf 81' lang='grc' dir='ltr'><strong>ὃτι</strong></span> <span class='ocrx_word' id='word_1_125' title='bbox 3533 946 3647 1000; x_wconf 78' lang='grc' dir='ltr'>τινὰ</span> 
     </span>
    </p>
   </div>
   <div class='ocr_carea' id='block_1_15' title="bbox 401 1039 1973 1122">
    <p class='ocr_par' dir='ltr' id='par_1_15' title="bbox 401 1042 1964 1121">
     <span class='ocr_line' id='line_1_15' title="bbox 401 1042 1964 1121; baseline 0 -17"><span class='ocrx_word' id='word_1_126' title='bbox 401 1042 770 1107; x_wconf 73' lang='grc' dir='ltr'>ιιοέίιοηιὶηθε</span> <span class='ocrx_word' id='word_1_127' title='bbox 799 1066 828 1105; x_wconf 93' lang='lat' dir='ltr'><strong>a</strong></span> <span class='ocrx_word' id='word_1_128' title='bbox 859 1051 1269 1121; x_wconf 82' lang='lat' dir='ltr'><strong>nobismetipsis</strong></span> <span class='ocrx_word' id='word_1_129' title='bbox 1299 1049 1564 1121; x_wconf 77' lang='lat' dir='ltr'><strong>proferre,</strong></span> <span class='ocrx_word' id='word_1_130' title='bbox 1598 1051 1748 1107; x_wconf 92' lang='lat' dir='ltr'><strong>nullo</strong></span> <span class='ocrx_word' id='word_1_131' title='bbox 1770 1050 1964 1121; x_wconf 84' lang='lat' dir='ltr'><strong>spiritu</strong></span> 
     </span>
    </p>
   </div>
   <div class='ocr_carea' id='block_1_16' title="bbox 2146 1039 3646 1122">
    <p class='ocr_par' dir='ltr' id='par_1_16' title="bbox 2148 1039 3646 1118">
     <span class='ocr_line' id='line_1_16' title="bbox 2148 1039 3646 1118; baseline -0.008 -15"><span class='ocrx_word' id='word_1_132' title='bbox 2148 1066 2177 1103; x_wconf 92' lang='grc' dir='ltr'><strong>ν</strong></span> <span class='ocrx_word' id='word_1_133' title='bbox 2207 1048 2257 1101; x_wconf 76' lang='lat' dir='ltr'><strong>oi</strong></span> <span class='ocrx_word' id='word_1_134' title='bbox 2286 1045 2559 1118; x_wconf 75' lang='grc' dir='ltr'>ἄνθρωποι</span> <span class='ocrx_word' id='word_1_135' title='bbox 2580 1045 2673 1116; x_wconf 84' lang='grc' dir='ltr'><strong>ἀφ’</strong></span> <span class='ocrx_word' id='word_1_136' title='bbox 2700 1044 2908 1099; x_wconf 78' lang='grc' dir='ltr'><strong>ἑαυτῶν</strong></span> <span class='ocrx_word' id='word_1_137' title='bbox 2932 1041 3179 1113; x_wconf 80' lang='grc' dir='ltr'>λέγομεν,</span> <span class='ocrx_word' id='word_1_138' title='bbox 3207 1039 3484 1111; x_wconf 78' lang='grc' dir='ltr'><strong>μηδεμιᾶς</strong></span> <span class='ocrx_word' id='word_1_139' title='bbox 3506 1041 3646 1110; x_wconf 76' lang='grc' dir='ltr'>ἡμᾶς</span> 
     </span>
    </p>
   </div>
   <div class='ocr_carea' id='block_1_17' title="bbox 401 1129 1973 1208">
    <p class='ocr_par' dir='ltr' id='par_1_17' title="bbox 401 1138 1963 1208">
     <span class='ocr_line' id='line_1_17' title="bbox 401 1138 1963 1208; baseline -0.001 -15"><span class='ocrx_word' id='word_1_140' title='bbox 401 1148 500 1194; x_wconf 83' lang='lat' dir='ltr'><strong>nos</strong></span> <span class='ocrx_word' id='word_1_141' title='bbox 523 1139 589 1193; x_wconf 84' lang='lat' dir='ltr'><strong>ad</strong></span> <span class='ocrx_word' id='word_1_142' title='bbox 612 1138 665 1193; x_wconf 92' lang='lat' dir='ltr'><strong>id</strong></span> <span class='ocrx_word' id='word_1_143' title='bbox 691 1138 1032 1208; x_wconf 87' lang='lat' dir='ltr'><strong>impellente,</strong></span> <span class='ocrx_word' id='word_1_144' title='bbox 1069 1138 1174 1192; x_wconf 89' lang='lat' dir='ltr'><strong>alia</strong></span> <span class='ocrx_word' id='word_1_145' title='bbox 1202 1153 1357 1204; x_wconf 89' lang='lat' dir='ltr'><strong>vero,</strong></span> <span class='ocrx_word' id='word_1_146' title='bbox 1385 1138 1553 1194; x_wconf 89' lang='lat' dir='ltr'><strong>veluti</strong></span> <span class='ocrx_word' id='word_1_147' title='bbox 1581 1138 1871 1193; x_wconf 90' lang='lat' dir='ltr'><strong>insonante</strong></span> <span class='ocrx_word' id='word_1_148' title='bbox 1898 1150 1963 1191; x_wconf 84' lang='lat' dir='ltr'><strong>ac</strong></span> 
     </span>
    </p>
   </div>
   <div class='ocr_carea' id='block_1_18' title="bbox 2146 1129 3647 1208">
    <p class='ocr_par' dir='ltr' id='par_1_18' title="bbox 2146 1129 3647 1207">
     <span class='ocr_line' id='line_1_18' title="bbox 2146 1129 3647 1207; baseline -0.006 -18"><span class='ocrx_word' id='word_1_149' title='bbox 2146 1134 2399 1207; x_wconf 80' lang='grc' dir='ltr'>εργούσης</span> <span class='ocrx_word' id='word_1_150' title='bbox 2441 1134 2520 1198; x_wconf 83' lang='grc' dir='ltr'>εἰς</span> <span class='ocrx_word' id='word_1_151' title='bbox 2575 1132 2642 1187; x_wconf 66' lang='grc' dir='ltr'>τι</span> <span class='ocrx_word' id='word_1_152' title='bbox 2670 1133 2849 1203; x_wconf 83' lang='grc' dir='ltr'>λέγειν</span> <span class='ocrx_word' id='word_1_153' title='bbox 2881 1132 3183 1204; x_wconf 80' lang='grc' dir='ltr'>δυνάμεως,</span> <span class='ocrx_word' id='word_1_154' title='bbox 3228 1130 3394 1201; x_wconf 69' lang='grc' dir='ltr'>ἕτερα</span> <span class='ocrx_word' id='word_1_155' title='bbox 3438 1129 3498 1182; x_wconf 82' lang='grc' dir='ltr'>δὲ</span> <span class='ocrx_word' id='word_1_156' title='bbox 3548 1130 3647 1181; x_wconf 70' lang='grc' dir='ltr'><strong>ὼσο</strong></span> 
     </span>
    </p>
   </div>
   <div class='ocr_carea' id='block_1_19' title="bbox 402 1222 1973 1301">
    <p class='ocr_par' dir='ltr' id='par_1_19' title="bbox 402 1230 1963 1301">
     <span class='ocr_line' id='line_1_19' title="bbox 402 1230 1963 1301; baseline 0 -17"><span class='ocrx_word' id='word_1_157' title='bbox 402 1238 723 1301; x_wconf 78' lang='lat' dir='ltr'><strong>suggerente</strong></span> <span class='ocrx_word' id='word_1_158' title='bbox 775 1230 932 1286; x_wconf 91' lang='lat' dir='ltr'><strong>nobis</strong></span> <span class='ocrx_word' id='word_1_159' title='bbox 981 1230 1179 1301; x_wconf 87' lang='lat' dir='ltr'><strong>spiritu</strong></span> <span class='ocrx_word' id='word_1_160' title='bbox 1233 1232 1486 1300; x_wconf 89' lang='lat' dir='ltr'><strong>quopiam</strong></span> <span class='ocrx_word' id='word_1_161' title='bbox 1533 1244 1655 1301; x_wconf 84' lang='lat' dir='ltr'><strong>quae</strong></span> <span class='ocrx_word' id='word_1_162' title='bbox 1694 1230 1963 1295; x_wconf 86' lang='lat' dir='ltr'><strong>dicamus,</strong></span> 
     </span>
    </p>
   </div>
   <div class='ocr_carea' id='block_1_20' title="bbox 2146 1222 3646 1301">
    <p class='ocr_par' dir='ltr' id='par_1_20' title="bbox 2146 1222 3646 1301">
     <span class='ocr_line' id='line_1_20' title="bbox 2146 1222 3646 1301; baseline -0.005 -20"><span class='ocrx_word' id='word_1_163' title='bbox 2146 1228 2228 1301; x_wconf 72' lang='lat' dir='ltr'><strong>pel.</strong></span> <span class='ocrx_word' id='word_1_164' title='bbox 2269 1225 2604 1299; x_wconf 81' lang='grc' dir='ltr'><strong>ὑπηχούσης,</strong></span> <span class='ocrx_word' id='word_1_165' title='bbox 2647 1226 2741 1281; x_wconf 79' lang='grc' dir='ltr'><strong>καὶ</strong></span> <span class='ocrx_word' id='word_1_166' title='bbox 2762 1224 3166 1297; x_wconf 76' lang='grc' dir='ltr'>ὑποϐαλλούσης</span> <span class='ocrx_word' id='word_1_167' title='bbox 3194 1222 3483 1293; x_wconf 80' lang='grc' dir='ltr'>δυνάμεώς</span> <span class='ocrx_word' id='word_1_168' title='bbox 3506 1238 3646 1285; x_wconf 84' lang='grc' dir='ltr'>τινος</span> 
     </span>
    </p>
   </div>
   <div class='ocr_carea' id='block_1_21' title="bbox 400 1313 1973 1392">
    <p class='ocr_par' dir='ltr' id='par_1_21' title="bbox 400 1321 1963 1388">
     <span class='ocr_line' id='line_1_21' title="bbox 400 1321 1963 1388; baseline -0.002 -13"><span class='ocrx_word' id='word_1_169' title='bbox 400 1323 614 1377; x_wconf 83' lang='lat' dir='ltr'><strong>etiamsi</strong></span> <span class='ocrx_word' id='word_1_170' title='bbox 638 1323 860 1378; x_wconf 90' lang='lat' dir='ltr'><strong>omnino</strong></span> <span class='ocrx_word' id='word_1_171' title='bbox 881 1338 911 1377; x_wconf 90' lang='lat' dir='ltr'><strong>a</strong></span> <span class='ocrx_word' id='word_1_172' title='bbox 941 1322 1099 1378; x_wconf 91' lang='lat' dir='ltr'><strong>nobis</strong></span> <span class='ocrx_word' id='word_1_173' title='bbox 1130 1336 1235 1377; x_wconf 93' lang='lat' dir='ltr'><strong>non</strong></span> <span class='ocrx_word' id='word_1_174' title='bbox 1274 1321 1600 1388; x_wconf 88' lang='lat' dir='ltr'><strong>alienemur,</strong></span> <span class='ocrx_word' id='word_1_175' title='bbox 1623 1331 1680 1376; x_wconf 93' lang='lat' dir='ltr'><strong>et</strong></span> <span class='ocrx_word' id='word_1_176' title='bbox 1711 1321 1963 1375; x_wconf 88' lang='lat' dir='ltr'><strong>inconse-</strong></span> 
     </span>
    </p>
   </div>
   <div class='ocr_carea' id='block_1_22' title="bbox 2146 1313 3646 1392">
    <p class='ocr_par' dir='ltr' id='par_1_22' title="bbox 2146 1313 3646 1390">
     <span class='ocr_line' id='line_1_22' title="bbox 2146 1313 3646 1390; baseline -0.003 -17"><span class='ocrx_word' id='word_1_177' title='bbox 2146 1323 2203 1373; x_wconf 85' lang='grc' dir='ltr'><strong>,ϊν</strong></span> <span class='ocrx_word' id='word_1_178' title='bbox 2226 1319 2298 1374; x_wconf 85' lang='grc' dir='ltr'>τὰ</span> <span class='ocrx_word' id='word_1_179' title='bbox 2332 1317 2621 1389; x_wconf 87' lang='grc' dir='ltr'>λεγόμενα·</span> <span class='ocrx_word' id='word_1_180' title='bbox 2658 1318 2762 1373; x_wconf 79' lang='grc' dir='ltr'><strong>κᾶν</strong></span> <span class='ocrx_word' id='word_1_181' title='bbox 2814 1318 2889 1390; x_wconf 83' lang='grc' dir='ltr'><strong>μὴ</strong></span> <span class='ocrx_word' id='word_1_182' title='bbox 2937 1316 3118 1371; x_wconf 80' lang='grc' dir='ltr'>τέλεον</span> <span class='ocrx_word' id='word_1_183' title='bbox 3160 1313 3522 1385; x_wconf 80' lang='grc' dir='ltr'>ἐξιστάμεθα,</span> <span class='ocrx_word' id='word_1_184' title='bbox 3559 1314 3646 1368; x_wconf 79' lang='grc' dir='ltr'>καὶ</span> 
     </span>
    </p>
   </div>
   <div class='ocr_carea' id='block_1_23' title="bbox 403 1406 1973 1485">
    <p class='ocr_par' dir='ltr' id='par_1_23' title="bbox 403 1412 1966 1485">
     <span class='ocr_line' id='line_1_23' title="bbox 403 1412 1966 1485; baseline -0.001 -19"><span class='ocrx_word' id='word_1_185' title='bbox 403 1422 633 1481; x_wconf 87' lang='lat' dir='ltr'><strong>quenter</strong></span> <span class='ocrx_word' id='word_1_186' title='bbox 676 1412 854 1469; x_wconf 80' lang='lat' dir='ltr'><strong>aﬁ&#39;ecti</strong></span> <span class='ocrx_word' id='word_1_187' title='bbox 891 1428 1019 1485; x_wconf 89' lang='lat' dir='ltr'><strong>erga</strong></span> <span class='ocrx_word' id='word_1_188' title='bbox 1058 1414 1174 1484; x_wconf 90' lang='lat' dir='ltr'><strong>ipsa</strong></span> <span class='ocrx_word' id='word_1_189' title='bbox 1221 1426 1343 1483; x_wconf 71' lang='lat' dir='ltr'><strong>quas</strong></span> <span class='ocrx_word' id='word_1_190' title='bbox 1388 1412 1640 1480; x_wconf 85' lang='lat' dir='ltr'><strong>dicimus,</strong></span> <span class='ocrx_word' id='word_1_191' title='bbox 1679 1412 1966 1467; x_wconf 83' lang='lat' dir='ltr'><strong>videamur</strong></span> 
     </span>
    </p>
   </div>
   <div class='ocr_carea' id='block_1_24' title="bbox 2146 1406 3647 1485">
    <p class='ocr_par' dir='ltr' id='par_1_24' title="bbox 2146 1406 3647 1483">
     <span class='ocr_line' id='line_1_24' title="bbox 2146 1406 3647 1483; baseline -0.005 -18"><span class='ocrx_word' id='word_1_192' title='bbox 2146 1409 2597 1483; x_wconf 71' lang='grc' dir='ltr'>αρακολουθήτως</span> <span class='ocrx_word' id='word_1_193' title='bbox 2640 1408 2836 1481; x_wconf 81' lang='grc' dir='ltr'>ἔχομεν</span> <span class='ocrx_word' id='word_1_194' title='bbox 2892 1410 3105 1474; x_wconf 76' lang='grc' dir='ltr'>ἑαυτοῖς</span> <span class='ocrx_word' id='word_1_195' title='bbox 3126 1447 3143 1472; x_wconf 92' lang='grc'><strong>,</strong></span> <span class='ocrx_word' id='word_1_196' title='bbox 3213 1407 3353 1462; x_wconf 82' lang='grc' dir='ltr'><strong>ἀλλὰ</strong></span> <span class='ocrx_word' id='word_1_197' title='bbox 3405 1406 3647 1477; x_wconf 62' lang='grc' dir='ltr'>δοκῶμεν</span> 
     </span>
    </p>
   </div>
   <div class='ocr_carea' id='block_1_25' title="bbox 405 1494 1973 1577">
    <p class='ocr_par' dir='ltr' id='par_1_25' title="bbox 405 1505 1963 1577">
     <span class='ocr_line' id='line_1_25' title="bbox 405 1505 1963 1577; baseline -0.001 -18"><span class='ocrx_word' id='word_1_198' title='bbox 405 1505 494 1559; x_wconf 88' lang='lat' dir='ltr'><strong>illa</strong></span> <span class='ocrx_word' id='word_1_199' title='bbox 535 1505 777 1576; x_wconf 84' lang='lat' dir='ltr'><strong>assequi.</strong></span> <span class='ocrx_word' id='word_1_200' title='bbox 821 1505 1098 1577; x_wconf 75' lang='lat' dir='ltr'><strong>Coutingit</strong></span> <span class='ocrx_word' id='word_1_201' title='bbox 1140 1514 1352 1571; x_wconf 90' lang='lat' dir='ltr'><strong>autem,</strong></span> <span class='ocrx_word' id='word_1_202' title='bbox 1394 1515 1456 1560; x_wconf 90' lang='lat' dir='ltr'><strong>ut</strong></span> <span class='ocrx_word' id='word_1_203' title='bbox 1501 1512 1854 1575; x_wconf 85' lang='lat' dir='ltr'><strong>assequentcs</strong></span> <span class='ocrx_word' id='word_1_204' title='bbox 1895 1516 1963 1558; x_wconf 87' lang='lat' dir='ltr'><strong>ea</strong></span> 
     </span>
    </p>
   </div>
   <div class='ocr_carea' id='block_1_26' title="bbox 2146 1494 3647 1577">
    <p class='ocr_par' dir='ltr' id='par_1_26' title="bbox 2149 1494 3647 1576">
     <span class='ocr_line' id='line_1_26' title="bbox 2149 1494 3647 1576; baseline -0.005 -20"><span class='ocrx_word' id='word_1_205' title='bbox 2149 1500 2491 1576; x_wconf 87' lang='grc' dir='ltr'>ρακολουθεϊν</span> <span class='ocrx_word' id='word_1_206' title='bbox 2546 1494 2629 1564; x_wconf 76' lang='grc' dir='ltr'>οἷς</span> <span class='ocrx_word' id='word_1_207' title='bbox 2668 1500 2918 1571; x_wconf 83' lang='grc' dir='ltr'>λέγομεν,</span> <span class='ocrx_word' id='word_1_208' title='bbox 2980 1498 3253 1569; x_wconf 78' lang='grc' dir='ltr'>ἐνδέχεται</span> <span class='ocrx_word' id='word_1_209' title='bbox 3309 1495 3647 1568; x_wconf 76' lang='grc' dir='ltr'>παρακολου-</span> 
     </span>
    </p>
   </div>
   <div class='ocr_carea' id='block_1_27' title="bbox 402 1598 1965 1670">
    <p class='ocr_par' dir='ltr' id='par_1_27' title="bbox 402 1598 1965 1670">
     <span class='ocr_line' id='line_1_27' title="bbox 402 1598 1965 1670; baseline 0 -20"><span class='ocrx_word' id='word_1_210' title='bbox 402 1613 526 1668; x_wconf 69' lang='lat' dir='ltr'><strong>qua:</strong></span> <span class='ocrx_word' id='word_1_211' title='bbox 561 1599 807 1667; x_wconf 88' lang='lat' dir='ltr'><strong>dicimus,</strong></span> <span class='ocrx_word' id='word_1_212' title='bbox 857 1613 964 1654; x_wconf 93' lang='lat' dir='ltr'><strong>non</strong></span> <span class='ocrx_word' id='word_1_213' title='bbox 997 1613 1355 1670; x_wconf 85' lang='lat' dir='ltr'><strong>assequamur</strong></span> <span class='ocrx_word' id='word_1_214' title='bbox 1385 1598 1721 1653; x_wconf 84' lang='lat' dir='ltr'><strong>voluntatem</strong></span> <span class='ocrx_word' id='word_1_215' title='bbox 1752 1604 1809 1651; x_wconf 92' lang='lat' dir='ltr'><strong>et</strong></span> <span class='ocrx_word' id='word_1_216' title='bbox 1832 1610 1965 1652; x_wconf 90' lang='lat' dir='ltr'><strong>con-</strong></span> 
     </span>
    </p>
   </div>
   <div class='ocr_carea' id='block_1_28' title="bbox 2069 1587 3644 1666">
    <p class='ocr_par' dir='ltr' id='par_1_28' title="bbox 2069 1587 3644 1666">
     <span class='ocr_line' id='line_1_28' title="bbox 2069 1587 3644 1666; baseline -0.005 -16"><span class='ocrx_word' id='word_1_217' title='bbox 2069 1594 2297 1660; x_wconf 82' lang='grc' dir='ltr'>θοῦντας</span> <span class='ocrx_word' id='word_1_218' title='bbox 2331 1595 2482 1666; x_wconf 82' lang='grc' dir='ltr'>ἡμᾶς</span> <span class='ocrx_word' id='word_1_219' title='bbox 2512 1594 2726 1656; x_wconf 77' lang='grc' dir='ltr'><strong>ἑαυτοῖς</strong></span> <span class='ocrx_word' id='word_1_220' title='bbox 2814 1591 3069 1663; x_wconf 79' lang='grc' dir='ltr'>λέγομεν,</span> <span class='ocrx_word' id='word_1_221' title='bbox 3106 1590 3181 1663; x_wconf 81' lang='grc' dir='ltr'>μὴ</span> <span class='ocrx_word' id='word_1_222' title='bbox 3216 1589 3644 1662; x_wconf 80' lang='grc' dir='ltr'><strong>παρακολουθεῖν</strong></span> 
     </span>
    </p>
   </div>
   <div class='ocr_carea' id='block_1_29' title="bbox 403 1665 1973 1760">
    <p class='ocr_par' dir='ltr' id='par_1_29' title="bbox 403 1665 1968 1760">
     <span class='ocr_line' id='line_1_29' title="bbox 403 1665 1968 1760; baseline -0.001 -16"><span class='ocrx_word' id='word_1_223' title='bbox 403 1665 582 1744; x_wconf 73' lang='lat' dir='ltr'><strong>silium</strong></span> <span class='ocrx_word' id='word_1_224' title='bbox 627 1665 814 1745; x_wconf 85' lang='lat' dir='ltr'><strong>eorum</strong></span> <span class='ocrx_word' id='word_1_225' title='bbox 852 1705 973 1759; x_wconf 66' lang='lat' dir='ltr'><strong>quae</strong></span> <span class='ocrx_word' id='word_1_226' title='bbox 1005 1665 1296 1757; x_wconf 81' lang='lat' dir='ltr'><strong>dicuntur;</strong></span> <span class='ocrx_word' id='word_1_227' title='bbox 1335 1687 1796 1760; x_wconf 89' lang='lat' dir='ltr'><strong>quemadmodum</strong></span> <span class='ocrx_word' id='word_1_228' title='bbox 1826 1701 1968 1743; x_wconf 90' lang='lat' dir='ltr'><strong>nunc</strong></span> 
     </span>
    </p>
   </div>
   <div class='ocr_carea' id='block_1_30' title="bbox 2146 1665 3648 1760">
    <p class='ocr_par' dir='ltr' id='par_1_30' title="bbox 2146 1665 3648 1759">
     <span class='ocr_line' id='line_1_30' title="bbox 2146 1665 3648 1759; baseline -0.003 -19"><span class='ocrx_word' id='word_1_229' title='bbox 2146 1720 2147 1727; x_wconf 60' lang='grc' dir='ltr'><strong>η</strong></span> <span class='ocrx_word' id='word_1_230' title='bbox 2176 1665 2476 1759; x_wconf 81' lang='grc' dir='ltr'>βουλήματι</span> <span class='ocrx_word' id='word_1_231' title='bbox 2501 1685 2610 1742; x_wconf 84' lang='grc' dir='ltr'>τῶν</span> <span class='ocrx_word' id='word_1_232' title='bbox 2645 1665 2981 1757; x_wconf 78' lang='grc' dir='ltr'>λεγομένων·</span> <span class='ocrx_word' id='word_1_233' title='bbox 3013 1683 3202 1756; x_wconf 80' lang='grc' dir='ltr'>ὥσπερ</span> <span class='ocrx_word' id='word_1_234' title='bbox 3248 1682 3348 1737; x_wconf 77' lang='grc' dir='ltr'><strong>νῦν</strong></span> <span class='ocrx_word' id='word_1_235' title='bbox 3393 1681 3648 1750; x_wconf 77' lang='grc' dir='ltr'>Καϊάφας</span> 
     </span>
    </p>
   </div>
   <div class='ocr_carea' id='block_1_31' title="bbox 402 1778 1968 1852">
    <p class='ocr_par' dir='ltr' id='par_1_31' title="bbox 402 1778 1968 1852">
     <span class='ocr_line' id='line_1_31' title="bbox 402 1778 1968 1852; baseline -0.002 -17"><span class='ocrx_word' id='word_1_236' title='bbox 402 1781 670 1851; x_wconf 79' lang='lat' dir='ltr'><strong>Caiaphas</strong></span> <span class='ocrx_word' id='word_1_237' title='bbox 701 1780 967 1852; x_wconf 80' lang='lat' dir='ltr'><strong>pontifex,</strong></span> <span class='ocrx_word' id='word_1_238' title='bbox 989 1784 1083 1851; x_wconf 90' lang='lat' dir='ltr'><strong>qui</strong></span> <span class='ocrx_word' id='word_1_239' title='bbox 1111 1796 1211 1837; x_wconf 88' lang='lat' dir='ltr'><strong>nec</strong></span> <span class='ocrx_word' id='word_1_240' title='bbox 1237 1797 1268 1836; x_wconf 90' lang='lat' dir='ltr'><strong>a</strong></span> <span class='ocrx_word' id='word_1_241' title='bbox 1306 1780 1594 1849; x_wconf 87' lang='lat' dir='ltr'><strong>semetipso</strong></span> <span class='ocrx_word' id='word_1_242' title='bbox 1616 1778 1833 1834; x_wconf 88' lang='lat' dir='ltr'><strong>locutus</strong></span> <span class='ocrx_word' id='word_1_243' title='bbox 1860 1785 1968 1845; x_wconf 89' lang='lat' dir='ltr'><strong>est,</strong></span> 
     </span>
    </p>
   </div>
   <div class='ocr_carea' id='block_1_32' title="bbox 406 1869 1971 1942">
    <p class='ocr_par' dir='ltr' id='par_1_32' title="bbox 406 1869 1971 1942">
     <span class='ocr_line' id='line_1_32' title="bbox 406 1869 1971 1942; baseline -0.003 -16"><span class='ocrx_word' id='word_1_244' title='bbox 406 1887 506 1927; x_wconf 88' lang='lat' dir='ltr'><strong>nec</strong></span> <span class='ocrx_word' id='word_1_245' title='bbox 531 1887 749 1929; x_wconf 87' lang='lat' dir='ltr'><strong>sensum</strong></span> <span class='ocrx_word' id='word_1_246' title='bbox 780 1873 993 1929; x_wconf 80' lang='lat' dir='ltr'><strong>locutus</strong></span> <span class='ocrx_word' id='word_1_247' title='bbox 1023 1883 1127 1938; x_wconf 89' lang='lat' dir='ltr'><strong>est,</strong></span> <span class='ocrx_word' id='word_1_248' title='bbox 1170 1882 1229 1928; x_wconf 91' lang='lat' dir='ltr'><strong>ut</strong></span> <span class='ocrx_word' id='word_1_249' title='bbox 1266 1870 1639 1942; x_wconf 85' lang='lat' dir='ltr'><strong>prophetiam,</strong></span> <span class='ocrx_word' id='word_1_250' title='bbox 1678 1869 1804 1940; x_wconf 89' lang='lat' dir='ltr'><strong>quia</strong></span> <span class='ocrx_word' id='word_1_251' title='bbox 1844 1883 1971 1939; x_wconf 93' lang='lat' dir='ltr'><strong>pro-</strong></span> 
     </span>
    </p>
   </div>
   <div class='ocr_carea' id='block_1_33' title="bbox 404 1957 1969 2034">
    <p class='ocr_par' dir='ltr' id='par_1_33' title="bbox 404 1957 1969 2034">
     <span class='ocr_line' id='line_1_33' title="bbox 404 1957 1969 2034; baseline -0.001 -18"><span class='ocrx_word' id='word_1_252' title='bbox 404 1962 643 2033; x_wconf 86' lang='lat' dir='ltr'><strong>phetiam</strong></span> <span class='ocrx_word' id='word_1_253' title='bbox 677 1975 864 2019; x_wconf 84' lang='lat' dir='ltr'><strong>eorum</strong></span> <span class='ocrx_word' id='word_1_254' title='bbox 885 1978 1006 2034; x_wconf 65' lang='lat' dir='ltr'><strong>qua:</strong></span> <span class='ocrx_word' id='word_1_255' title='bbox 1019 1961 1340 2032; x_wconf 88' lang='lat' dir='ltr'><strong>loquebatur</strong></span> <span class='ocrx_word' id='word_1_256' title='bbox 1372 1974 1478 2015; x_wconf 87' lang='lat' dir='ltr'><strong>non</strong></span> <span class='ocrx_word' id='word_1_257' title='bbox 1507 1958 1793 2016; x_wconf 80' lang='lat' dir='ltr'><strong>intellexit.</strong></span> <span class='ocrx_word' id='word_1_258' title='bbox 1828 1957 1969 2024; x_wconf 87' lang='lat' dir='ltr'><strong>Quin</strong></span> 
     </span>
    </p>
   </div>
   <div class='ocr_carea' id='block_1_34' title="bbox 405 2051 1969 2123">
    <p class='ocr_par' dir='ltr' id='par_1_34' title="bbox 405 2051 1969 2123">
     <span class='ocr_line' id='line_1_34' title="bbox 405 2051 1969 2123; baseline -0.001 -17"><span class='ocrx_word' id='word_1_259' title='bbox 405 2054 545 2123; x_wconf 86' lang='lat' dir='ltr'><strong>apud</strong></span> <span class='ocrx_word' id='word_1_260' title='bbox 597 2052 825 2108; x_wconf 85' lang='lat' dir='ltr'><strong>Paulum</strong></span> <span class='ocrx_word' id='word_1_261' title='bbox 879 2052 1046 2109; x_wconf 91' lang='lat' dir='ltr'><strong>etiam</strong></span> <span class='ocrx_word' id='word_1_262' title='bbox 1080 2059 1208 2111; x_wconf 85' lang='lat' dir='ltr'><strong>sunt</strong></span> <span class='ocrx_word' id='word_1_263' title='bbox 1232 2052 1453 2122; x_wconf 90' lang='lat' dir='ltr'><strong>quidam</strong></span> <span class='ocrx_word' id='word_1_264' title='bbox 1502 2051 1641 2121; x_wconf 81' lang='lat' dir='ltr'><strong>legis</strong></span> <span class='ocrx_word' id='word_1_265' title='bbox 1693 2051 1969 2116; x_wconf 89' lang='lat' dir='ltr'><strong>doctores,</strong></span> 
     </span>
    </p>
   </div>
   <div class='ocr_carea' id='block_1_35' title="bbox 406 2141 1972 2216">
    <p class='ocr_par' dir='ltr' id='par_1_35' title="bbox 406 2141 1972 2216">
     <span class='ocr_line' id='line_1_35' title="bbox 406 2141 1972 2216; baseline 0.001 -20"><span class='ocrx_word' id='word_1_266' title='bbox 406 2144 996 2216; x_wconf 71' lang='lat' dir='ltr'><strong>«nequeintelligentes</strong></span> <span class='ocrx_word' id='word_1_267' title='bbox 1036 2159 1157 2215; x_wconf 71' lang='lat' dir='ltr'><strong>qua:</strong></span> <span class='ocrx_word' id='word_1_268' title='bbox 1208 2145 1417 2211; x_wconf 89' lang='lat' dir='ltr'><strong>dicunt,</strong></span> <span class='ocrx_word' id='word_1_269' title='bbox 1452 2157 1630 2214; x_wconf 89' lang='lat' dir='ltr'><strong>neque</strong></span> <span class='ocrx_word' id='word_1_270' title='bbox 1670 2142 1738 2199; x_wconf 89' lang='lat' dir='ltr'><strong>de</strong></span> <span class='ocrx_word' id='word_1_271' title='bbox 1774 2141 1972 2212; x_wconf 86' lang='lat' dir='ltr'><strong>quibus</strong></span> 
     </span>
    </p>
   </div>
   <div class='ocr_carea' id='block_1_36' title="bbox 406 2233 1968 2307">
    <p class='ocr_par' dir='ltr' id='par_1_36' title="bbox 406 2233 1968 2307">
     <span class='ocr_line' id='line_1_36' title="bbox 406 2233 1968 2307; baseline -0.001 -17"><span class='ocrx_word' id='word_1_272' title='bbox 406 2235 680 2291; x_wconf 83' lang='lat' dir='ltr'><strong>aﬁirmaut</strong></span> <span class='ocrx_word' id='word_1_273' title='bbox 706 2237 776 2292; x_wconf 78' lang='grc'><strong>⁷³.</strong></span> <span class='ocrx_word' id='word_1_274' title='bbox 809 2256 830 2290; x_wconf 82' lang='grc'>›</span> <span class='ocrx_word' id='word_1_275' title='bbox 864 2237 936 2293; x_wconf 82' lang='lat' dir='ltr'><strong>At</strong></span> <span class='ocrx_word' id='word_1_276' title='bbox 967 2250 1097 2294; x_wconf 90' lang='lat' dir='ltr'><strong>vero</strong></span> <span class='ocrx_word' id='word_1_277' title='bbox 1129 2237 1346 2307; x_wconf 87' lang='lat' dir='ltr'><strong>sapiens</strong></span> <span class='ocrx_word' id='word_1_278' title='bbox 1370 2250 1474 2290; x_wconf 93' lang='lat' dir='ltr'><strong>nou</strong></span> <span class='ocrx_word' id='word_1_279' title='bbox 1512 2247 1596 2291; x_wconf 86' lang='lat' dir='ltr'><strong>est</strong></span> <span class='ocrx_word' id='word_1_280' title='bbox 1633 2233 1968 2306; x_wconf 80' lang='lat' dir='ltr'><strong>hujusmodi,</strong></span> 
     </span>
    </p>
   </div>
   <div class='ocr_carea' id='block_1_37' title="bbox 404 2325 1969 2397">
    <p class='ocr_par' dir='ltr' id='par_1_37' title="bbox 404 2325 1969 2397">
     <span class='ocr_line' id='line_1_37' title="bbox 404 2325 1969 2397; baseline 0 -16"><span class='ocrx_word' id='word_1_281' title='bbox 404 2328 471 2381; x_wconf 93' lang='lat' dir='ltr'><strong>dc</strong></span> <span class='ocrx_word' id='word_1_282' title='bbox 492 2341 597 2396; x_wconf 82' lang='lat' dir='ltr'><strong>quo</strong></span> <span class='ocrx_word' id='word_1_283' title='bbox 622 2326 861 2397; x_wconf 90' lang='lat' dir='ltr'><strong>loquitur</strong></span> <span class='ocrx_word' id='word_1_284' title='bbox 891 2329 944 2382; x_wconf 93' lang='lat' dir='ltr'><strong>in</strong></span> <span class='ocrx_word' id='word_1_285' title='bbox 976 2326 1290 2384; x_wconf 83' lang='lat' dir='ltr'><strong>Proverbiis</strong></span> <span class='ocrx_word' id='word_1_286' title='bbox 1335 2325 1590 2383; x_wconf 90' lang='lat' dir='ltr'><strong>Salomon</strong></span> <span class='ocrx_word' id='word_1_287' title='bbox 1634 2325 1765 2382; x_wconf 84' lang='lat' dir='ltr'><strong>ille:</strong></span> <span class='ocrx_word' id='word_1_288' title='bbox 1803 2342 1824 2378; x_wconf 75' lang='grc' dir='ltr'><strong>ι</strong></span> <span class='ocrx_word' id='word_1_289' title='bbox 1866 2325 1969 2382; x_wconf 89' lang='lat' dir='ltr'><strong>Sa-</strong></span> 
     </span>
    </p>
   </div>
   <div class='ocr_carea' id='block_1_38' title="bbox 405 2419 1969 2491">
    <p class='ocr_par' dir='ltr' id='par_1_38' title="bbox 405 2419 1969 2491">
     <span class='ocr_line' id='line_1_38' title="bbox 405 2419 1969 2491; baseline 0.002 -20"><span class='ocrx_word' id='word_1_290' title='bbox 405 2419 560 2488; x_wconf 89' lang='lat' dir='ltr'><strong>piens</strong></span> <span class='ocrx_word' id='word_1_291' title='bbox 613 2419 879 2491; x_wconf 77' lang='lat' dir='ltr'><strong>intelliget</strong></span> <span class='ocrx_word' id='word_1_292' title='bbox 927 2433 1047 2491; x_wconf 69' lang='lat' dir='ltr'><strong>qum</strong></span> <span class='ocrx_word' id='word_1_293' title='bbox 1093 2434 1161 2476; x_wconf 91' lang='lat' dir='ltr'><strong>ex</strong></span> <span class='ocrx_word' id='word_1_294' title='bbox 1199 2432 1299 2475; x_wconf 89' lang='lat' dir='ltr'><strong>ore</strong></span> <span class='ocrx_word' id='word_1_295' title='bbox 1342 2433 1442 2475; x_wconf 90' lang='lat' dir='ltr'><strong>suo</strong></span> <span class='ocrx_word' id='word_1_296' title='bbox 1472 2419 1790 2490; x_wconf 90' lang='lat' dir='ltr'><strong>prodibunt,</strong></span> <span class='ocrx_word' id='word_1_297' title='bbox 1825 2428 1882 2475; x_wconf 91' lang='lat' dir='ltr'><strong>et</strong></span> <span class='ocrx_word' id='word_1_298' title='bbox 1914 2420 1969 2474; x_wconf 92' lang='lat' dir='ltr'><strong>in</strong></span> 
     </span>
    </p>
   </div>
   <div class='ocr_carea' id='block_1_39' title="bbox 402 2509 1971 2583">
    <p class='ocr_par' dir='ltr' id='par_1_39' title="bbox 402 2509 1971 2583">
     <span class='ocr_line' id='line_1_39' title="bbox 402 2509 1971 2583; baseline 0.002 -20"><span class='ocrx_word' id='word_1_299' title='bbox 402 2509 565 2567; x_wconf 82' lang='lat' dir='ltr'><strong>labiis</strong></span> <span class='ocrx_word' id='word_1_300' title='bbox 598 2512 713 2567; x_wconf 88' lang='lat' dir='ltr'><strong>suis</strong></span> <span class='ocrx_word' id='word_1_301' title='bbox 746 2513 989 2581; x_wconf 86' lang='lat' dir='ltr'><strong>portabit</strong></span> <span class='ocrx_word' id='word_1_302' title='bbox 1021 2512 1353 2582; x_wconf 75' lang='lat' dir='ltr'><strong>agnitionem</strong></span> <span class='ocrx_word' id='word_1_303' title='bbox 1378 2512 1446 2564; x_wconf 72' lang='grc'><strong>⁷⁸.</strong></span> <span class='ocrx_word' id='word_1_304' title='bbox 1489 2530 1510 2566; x_wconf 72' lang='grc' dir='ltr'><strong>ι</strong></span> <span class='ocrx_word' id='word_1_305' title='bbox 1540 2512 1620 2568; x_wconf 84' lang='lat' dir='ltr'><strong>Ac</strong></span> <span class='ocrx_word' id='word_1_306' title='bbox 1641 2527 1819 2568; x_wconf 91' lang='lat' dir='ltr'><strong>meum</strong></span> <span class='ocrx_word' id='word_1_307' title='bbox 1842 2527 1971 2583; x_wconf 90' lang='lat' dir='ltr'><strong>pro-</strong></span> 
     </span>
    </p>
   </div>
   <div class='ocr_carea' id='block_1_40' title="bbox 403 2600 1970 2675">
    <p class='ocr_par' dir='ltr' id='par_1_40' title="bbox 403 2600 1970 2675">
     <span class='ocr_line' id='line_1_40' title="bbox 403 2600 1970 2675; baseline 0.004 -22"><span class='ocrx_word' id='word_1_308' title='bbox 403 2600 546 2657; x_wconf 80' lang='lat' dir='ltr'><strong>fecto</strong></span> <span class='ocrx_word' id='word_1_309' title='bbox 572 2613 658 2658; x_wconf 90' lang='lat' dir='ltr'><strong>est</strong></span> <span class='ocrx_word' id='word_1_310' title='bbox 673 2603 954 2672; x_wconf 81' lang='lat' dir='ltr'><strong>judicium,</strong></span> <span class='ocrx_word' id='word_1_311' title='bbox 982 2619 1169 2660; x_wconf 91' lang='lat' dir='ltr'><strong>casum</strong></span> <span class='ocrx_word' id='word_1_312' title='bbox 1218 2603 1508 2675; x_wconf 87' lang='lat' dir='ltr'><strong>aliquoties</strong></span> <span class='ocrx_word' id='word_1_313' title='bbox 1548 2603 1604 2659; x_wconf 90' lang='lat' dir='ltr'><strong>in</strong></span> <span class='ocrx_word' id='word_1_314' title='bbox 1643 2618 1808 2659; x_wconf 86' lang='lat' dir='ltr'><strong>causa</strong></span> <span class='ocrx_word' id='word_1_315' title='bbox 1844 2618 1970 2661; x_wconf 86' lang='lat' dir='ltr'><strong>esse</strong></span> 
     </span>
    </p>
   </div>
   <div class='ocr_carea' id='block_1_41' title="bbox 403 2694 1970 2767">
    <p class='ocr_par' dir='ltr' id='par_1_41' title="bbox 403 2694 1970 2767">
     <span class='ocr_line' id='line_1_41' title="bbox 403 2694 1970 2767; baseline 0.002 -20"><span class='ocrx_word' id='word_1_316' title='bbox 403 2694 789 2763; x_wconf 85' lang='lat' dir='ltr'><strong>prophetandi,</strong></span> <span class='ocrx_word' id='word_1_317' title='bbox 836 2705 896 2752; x_wconf 84' lang='lat' dir='ltr'><strong>ut</strong></span> <span class='ocrx_word' id='word_1_318' title='bbox 942 2709 1083 2751; x_wconf 89' lang='lat' dir='ltr'><strong>nunc</strong></span> <span class='ocrx_word' id='word_1_319' title='bbox 1122 2695 1376 2767; x_wconf 65' lang='lat' dir='ltr'><strong>Caiaphze</strong></span> <span class='ocrx_word' id='word_1_320' title='bbox 1406 2694 1460 2751; x_wconf 90' lang='lat' dir='ltr'><strong>in</strong></span> <span class='ocrx_word' id='word_1_321' title='bbox 1488 2710 1654 2752; x_wconf 88' lang='lat' dir='ltr'><strong>causa</strong></span> <span class='ocrx_word' id='word_1_322' title='bbox 1690 2695 1793 2750; x_wconf 78' lang='lat' dir='ltr'><strong>fuit</strong></span> <span class='ocrx_word' id='word_1_323' title='bbox 1825 2695 1970 2767; x_wconf 89' lang='lat' dir='ltr'><strong>quod</strong></span> 
     </span>
    </p>
   </div>
   <div class='ocr_carea' id='block_1_42' title="bbox 408 2786 1970 2861">
    <p class='ocr_par' dir='ltr' id='par_1_42' title="bbox 408 2786 1970 2861">
     <span class='ocr_line' id='line_1_42' title="bbox 408 2786 1970 2861; baseline 0 -18"><span class='ocrx_word' id='word_1_324' title='bbox 408 2786 652 2861; x_wconf 77' lang='lat' dir='ltr'><strong>pontifex</strong></span> <span class='ocrx_word' id='word_1_325' title='bbox 685 2796 832 2843; x_wconf 64' lang='lat' dir='ltr'><strong>esset</strong></span> <span class='ocrx_word' id='word_1_326' title='bbox 858 2788 984 2841; x_wconf 82' lang='lat' dir='ltr'><strong>anni</strong></span> <span class='ocrx_word' id='word_1_327' title='bbox 1012 2787 1178 2853; x_wconf 91' lang='lat' dir='ltr'><strong>illius,</strong></span> <span class='ocrx_word' id='word_1_328' title='bbox 1195 2802 1304 2859; x_wconf 88' lang='lat' dir='ltr'><strong>quo</strong></span> <span class='ocrx_word' id='word_1_329' title='bbox 1334 2788 1627 2844; x_wconf 90' lang='lat' dir='ltr'><strong>moriturus</strong></span> <span class='ocrx_word' id='word_1_330' title='bbox 1649 2797 1767 2843; x_wconf 88' lang='lat' dir='ltr'><strong>erat</strong></span> <span class='ocrx_word' id='word_1_331' title='bbox 1785 2786 1970 2855; x_wconf 66' lang='lat' dir='ltr'><strong>Iesus,</strong></span> 
     </span>
    </p>
   </div>
   <div class='ocr_carea' id='block_1_43' title="bbox 407 2880 1967 2952">
    <p class='ocr_par' dir='ltr' id='par_1_43' title="bbox 407 2880 1967 2952">
     <span class='ocr_line' id='line_1_43' title="bbox 407 2880 1967 2952; baseline 0 -14"><span class='ocrx_word' id='word_1_332' title='bbox 407 2900 511 2938; x_wconf 84' lang='lat' dir='ltr'><strong>nun</strong></span> <span class='ocrx_word' id='word_1_333' title='bbox 556 2890 765 2938; x_wconf 84' lang='lat' dir='ltr'><strong>tantum</strong></span> <span class='ocrx_word' id='word_1_334' title='bbox 813 2895 913 2952; x_wconf 87' lang='lat' dir='ltr'><strong>pro</strong></span> <span class='ocrx_word' id='word_1_335' title='bbox 962 2880 1190 2952; x_wconf 90' lang='lat' dir='ltr'><strong>populo,</strong></span> <span class='ocrx_word' id='word_1_336' title='bbox 1221 2882 1317 2937; x_wconf 89' lang='lat' dir='ltr'><strong>sed</strong></span> <span class='ocrx_word' id='word_1_337' title='bbox 1343 2896 1413 2938; x_wconf 87' lang='lat' dir='ltr'><strong>ne</strong></span> <span class='ocrx_word' id='word_1_338' title='bbox 1454 2890 1569 2937; x_wconf 87' lang='lat' dir='ltr'><strong>tota</strong></span> <span class='ocrx_word' id='word_1_339' title='bbox 1597 2896 1731 2952; x_wconf 85' lang='lat' dir='ltr'><strong>gens</strong></span> <span class='ocrx_word' id='word_1_340' title='bbox 1758 2890 1967 2951; x_wconf 88' lang='lat' dir='ltr'><strong>pereat.</strong></span> 
     </span>
    </p>
   </div>
   <div class='ocr_carea' id='block_1_44' title="bbox 403 2972 2041 3062">
    <p class='ocr_par' dir='ltr' id='par_1_44' title="bbox 403 2972 2041 3062">
     <span class='ocr_line' id='line_1_44' title="bbox 403 2972 2041 3062; baseline -0.002 -30"><span class='ocrx_word' id='word_1_341' title='bbox 403 2977 539 3033; x_wconf 84' lang='lat' dir='ltr'><strong>Cum</strong></span> <span class='ocrx_word' id='word_1_342' title='bbox 561 2974 708 3030; x_wconf 86' lang='lat' dir='ltr'><strong>enim</strong></span> <span class='ocrx_word' id='word_1_343' title='bbox 747 2973 836 3028; x_wconf 87' lang='lat' dir='ltr'><strong>alii</strong></span> <span class='ocrx_word' id='word_1_344' title='bbox 873 2988 1088 3045; x_wconf 78' lang='lat' dir='ltr'><strong>quoque</strong></span> <span class='ocrx_word' id='word_1_345' title='bbox 1113 2972 1397 3044; x_wconf 81' lang='lat' dir='ltr'><strong>pontiﬁces</strong></span> <span class='ocrx_word' id='word_1_346' title='bbox 1433 2982 1640 3042; x_wconf 85' lang='lat' dir='ltr'><strong>essent,</strong></span> <span class='ocrx_word' id='word_1_347' title='bbox 1678 2981 1736 3028; x_wconf 92' lang='lat' dir='ltr'><strong>ut</strong></span> <span class='ocrx_word' id='word_1_348' title='bbox 1756 2975 1971 3045; x_wconf 86' lang='lat' dir='ltr'><strong>perspi-</strong></span> <span class='ocrx_word' id='word_1_349' title='bbox 1996 3002 2041 3062; x_wconf 67' lang='grc' dir='ltr'>ο</span> 
     </span>
    </p>
   </div>
   <div class='ocr_carea' id='block_1_45' title="bbox 405 3064 1972 3134">
    <p class='ocr_par' dir='ltr' id='par_1_45' title="bbox 405 3064 1972 3134">
     <span class='ocr_line' id='line_1_45' title="bbox 405 3064 1972 3134; baseline 0 -12"><span class='ocrx_word' id='word_1_350' title='bbox 405 3082 568 3123; x_wconf 90' lang='lat' dir='ltr'><strong>cuum</strong></span> <span class='ocrx_word' id='word_1_351' title='bbox 604 3074 688 3120; x_wconf 84' lang='lat' dir='ltr'><strong>est</strong></span> <span class='ocrx_word' id='word_1_352' title='bbox 715 3079 781 3121; x_wconf 86' lang='lat' dir='ltr'><strong>ex</strong></span> <span class='ocrx_word' id='word_1_353' title='bbox 812 3064 895 3120; x_wconf 83' lang='lat' dir='ltr'><strong>his</strong></span> <span class='ocrx_word' id='word_1_354' title='bbox 917 3080 1037 3134; x_wconf 85' lang='lat' dir='ltr'><strong>quae</strong></span> <span class='ocrx_word' id='word_1_355' title='bbox 1066 3064 1124 3120; x_wconf 91' lang='lat' dir='ltr'><strong>in</strong></span> <span class='ocrx_word' id='word_1_356' title='bbox 1153 3064 1385 3119; x_wconf 88' lang='lat' dir='ltr'><strong>medium</strong></span> <span class='ocrx_word' id='word_1_357' title='bbox 1414 3065 1759 3134; x_wconf 88' lang='lat' dir='ltr'><strong>protulimus,</strong></span> <span class='ocrx_word' id='word_1_358' title='bbox 1793 3066 1972 3122; x_wconf 90' lang='lat' dir='ltr'><strong>nullus</strong></span> 
     </span>
    </p>
   </div>
   <div class='ocr_carea' id='block_1_46' title="bbox 404 3154 1971 3230">
    <p class='ocr_par' dir='ltr' id='par_1_46' title="bbox 404 3154 1971 3230">
     <span class='ocr_line' id='line_1_46' title="bbox 404 3154 1971 3230; baseline 0 -16"><span class='ocrx_word' id='word_1_359' title='bbox 404 3158 718 3230; x_wconf 83' lang='lat' dir='ltr'><strong>prophetat,</strong></span> <span class='ocrx_word' id='word_1_360' title='bbox 772 3154 876 3212; x_wconf 89' lang='lat' dir='ltr'><strong>nisi</strong></span> <span class='ocrx_word' id='word_1_361' title='bbox 906 3156 1149 3228; x_wconf 80' lang='lat' dir='ltr'><strong>pontifex</strong></span> <span class='ocrx_word' id='word_1_362' title='bbox 1185 3157 1311 3212; x_wconf 88' lang='lat' dir='ltr'><strong>anni</strong></span> <span class='ocrx_word' id='word_1_363' title='bbox 1357 3155 1504 3212; x_wconf 90' lang='lat' dir='ltr'><strong>illius</strong></span> <span class='ocrx_word' id='word_1_364' title='bbox 1553 3171 1663 3228; x_wconf 90' lang='lat' dir='ltr'><strong>quo</strong></span> <span class='ocrx_word' id='word_1_365' title='bbox 1710 3172 1971 3227; x_wconf 83' lang='lat' dir='ltr'><strong>passurus</strong></span> 
     </span>
    </p>
   </div>
   <div class='ocr_carea' id='block_1_47' title="bbox 404 3247 1974 3319">
    <p class='ocr_par' dir='ltr' id='par_1_47' title="bbox 404 3247 1974 3319">
     <span class='ocr_line' id='line_1_47' title="bbox 404 3247 1974 3319; baseline -0.003 -12"><span class='ocrx_word' id='word_1_366' title='bbox 404 3264 529 3307; x_wconf 85' lang='lat' dir='ltr'><strong>erat</strong></span> <span class='ocrx_word' id='word_1_367' title='bbox 577 3249 735 3307; x_wconf 75' lang='lat' dir='ltr'><strong>Jesus</strong></span> <span class='ocrx_word' id='word_1_368' title='bbox 794 3263 1038 3304; x_wconf 81' lang='lat' dir='ltr'><strong>summus</strong></span> <span class='ocrx_word' id='word_1_369' title='bbox 1082 3248 1348 3319; x_wconf 80' lang='lat' dir='ltr'><strong>pontifex.</strong></span> <span class='ocrx_word' id='word_1_370' title='bbox 1401 3247 1589 3306; x_wconf 86' lang='lat' dir='ltr'><strong>Itidem</strong></span> <span class='ocrx_word' id='word_1_371' title='bbox 1645 3262 1804 3304; x_wconf 89' lang='lat' dir='ltr'><strong>casus</strong></span> <span class='ocrx_word' id='word_1_372' title='bbox 1844 3247 1974 3304; x_wconf 82' lang='lat' dir='ltr'><strong>fecit</strong></span> 
     </span>
    </p>
   </div>
   <div class='ocr_carea' id='block_1_48' title="bbox 404 3340 1973 3412">
    <p class='ocr_par' dir='ltr' id='par_1_48' title="bbox 404 3340 1973 3412">
     <span class='ocr_line' id='line_1_48' title="bbox 404 3340 1973 3412; baseline -0.003 -14"><span class='ocrx_word' id='word_1_373' title='bbox 404 3345 626 3400; x_wconf 85' lang='lat' dir='ltr'><strong>nuntios</strong></span> <span class='ocrx_word' id='word_1_374' title='bbox 657 3341 931 3398; x_wconf 87' lang='lat' dir='ltr'><strong>Saulis.ad</strong></span> <span class='ocrx_word' id='word_1_375' title='bbox 966 3341 1224 3397; x_wconf 82' lang='lat' dir='ltr'><strong>Davidem</strong></span> <span class='ocrx_word' id='word_1_376' title='bbox 1257 3341 1470 3408; x_wconf 86' lang='lat' dir='ltr'><strong>missos,</strong></span> <span class='ocrx_word' id='word_1_377' title='bbox 1517 3341 1806 3412; x_wconf 86' lang='lat' dir='ltr'><strong>ipsumque</strong></span> <span class='ocrx_word' id='word_1_378' title='bbox 1833 3340 1973 3395; x_wconf 87' lang='lat' dir='ltr'><strong>Sau-</strong></span> 
     </span>
    </p>
   </div>
   <div class='ocr_carea' id='block_1_49' title="bbox 406 3432 1974 3507">
    <p class='ocr_par' dir='ltr' id='par_1_49' title="bbox 406 3432 1974 3507">
     <span class='ocr_line' id='line_1_49' title="bbox 406 3432 1974 3507; baseline -0.003 -15"><span class='ocrx_word' id='word_1_379' title='bbox 406 3439 536 3504; x_wconf 87' lang='lat' dir='ltr'><strong>lem,</strong></span> <span class='ocrx_word' id='word_1_380' title='bbox 565 3437 934 3507; x_wconf 82' lang='lat' dir='ltr'><strong>praphetare:</strong></span> <span class='ocrx_word' id='word_1_381' title='bbox 977 3434 1094 3491; x_wconf 80' lang='lat' dir='ltr'><strong>fere</strong></span> <span class='ocrx_word' id='word_1_382' title='bbox 1126 3432 1276 3491; x_wconf 86' lang='lat' dir='ltr'><strong>enim</strong></span> <span class='ocrx_word' id='word_1_383' title='bbox 1323 3435 1451 3505; x_wconf 90' lang='lat' dir='ltr'><strong>quia</strong></span> <span class='ocrx_word' id='word_1_384' title='bbox 1491 3433 1824 3505; x_wconf 69' lang='lat' dir='ltr'><strong>quaesierunt</strong></span> <span class='ocrx_word' id='word_1_385' title='bbox 1870 3434 1974 3489; x_wconf 88' lang='lat' dir='ltr'><strong>Da-</strong></span> 
     </span>
    </p>
   </div>
   <div class='ocr_carea' id='block_1_50' title="bbox 412 3524 1975 3598">
    <p class='ocr_par' dir='ltr' id='par_1_50' title="bbox 412 3524 1975 3598">
     <span class='ocr_line' id='line_1_50' title="bbox 412 3524 1975 3598; baseline -0.002 -15"><span class='ocrx_word' id='word_1_386' title='bbox 412 3531 521 3598; x_wconf 85' lang='lat' dir='ltr'><strong>vid,</strong></span> <span class='ocrx_word' id='word_1_387' title='bbox 556 3528 774 3585; x_wconf 89' lang='lat' dir='ltr'><strong>obvenit</strong></span> <span class='ocrx_word' id='word_1_388' title='bbox 796 3539 855 3582; x_wconf 92' lang='lat' dir='ltr'><strong>ut</strong></span> <span class='ocrx_word' id='word_1_389' title='bbox 882 3527 1290 3598; x_wconf 87' lang='lat' dir='ltr'><strong>prophetarent,</strong></span> <span class='ocrx_word' id='word_1_390' title='bbox 1316 3526 1411 3582; x_wconf 91' lang='lat' dir='ltr'><strong>sed</strong></span> <span class='ocrx_word' id='word_1_391' title='bbox 1439 3539 1505 3582; x_wconf 89' lang='lat' dir='ltr'><strong>eo</strong></span> <span class='ocrx_word' id='word_1_392' title='bbox 1531 3524 1688 3581; x_wconf 91' lang='lat' dir='ltr'><strong>modo</strong></span> <span class='ocrx_word' id='word_1_393' title='bbox 1708 3540 1817 3596; x_wconf 91' lang='lat' dir='ltr'><strong>quo</strong></span> <span class='ocrx_word' id='word_1_394' title='bbox 1842 3525 1975 3581; x_wconf 86' lang='lat' dir='ltr'><strong>scri-</strong></span> 
     </span>
    </p>
   </div>
   <div class='ocr_carea' id='block_1_51' title="bbox 406 3617 1972 3693">
    <p class='ocr_par' dir='ltr' id='par_1_51' title="bbox 406 3617 1972 3693">
     <span class='ocr_line' id='line_1_51' title="bbox 406 3617 1972 3693; baseline -0.002 -18"><span class='ocrx_word' id='word_1_395' title='bbox 406 3633 555 3693; x_wconf 84' lang='lat' dir='ltr'><strong>ptum</strong></span> <span class='ocrx_word' id='word_1_396' title='bbox 591 3628 695 3677; x_wconf 82' lang='lat' dir='ltr'><strong>est.</strong></span> <span class='ocrx_word' id='word_1_397' title='bbox 731 3620 870 3687; x_wconf 85' lang='lat' dir='ltr'><strong>Quin</strong></span> <span class='ocrx_word' id='word_1_398' title='bbox 909 3627 966 3673; x_wconf 88' lang='lat' dir='ltr'><strong>et</strong></span> <span class='ocrx_word' id='word_1_399' title='bbox 996 3617 1234 3684; x_wconf 87' lang='lat' dir='ltr'><strong>Balaam,</strong></span> <span class='ocrx_word' id='word_1_400' title='bbox 1285 3627 1558 3688; x_wconf 88' lang='lat' dir='ltr'><strong>assumpta</strong></span> <span class='ocrx_word' id='word_1_401' title='bbox 1587 3617 1845 3689; x_wconf 82' lang='lat' dir='ltr'><strong>parabola</strong></span> <span class='ocrx_word' id='word_1_402' title='bbox 1875 3631 1972 3672; x_wconf 84' lang='lat' dir='ltr'><strong>sua</strong></span> 
     </span>
    </p>
   </div>
   <div class='ocr_carea' id='block_1_52' title="bbox 406 3709 1965 3781">
    <p class='ocr_par' dir='ltr' id='par_1_52' title="bbox 406 3709 1965 3781">
     <span class='ocr_line' id='line_1_52' title="bbox 406 3709 1965 3781; baseline -0.004 -13"><span class='ocrx_word' id='word_1_403' title='bbox 406 3730 516 3768; x_wconf 89' lang='lat' dir='ltr'><strong>non</strong></span> <span class='ocrx_word' id='word_1_404' title='bbox 547 3712 776 3769; x_wconf 88' lang='lat' dir='ltr'><strong>dixisset</strong></span> <span class='ocrx_word' id='word_1_405' title='bbox 802 3726 817 3763; x_wconf 91' lang='lat'><strong>:</strong></span> <span class='ocrx_word' id='word_1_406' title='bbox 856 3728 875 3763; x_wconf 78' lang='grc' dir='ltr'><strong>ι</strong></span> <span class='ocrx_word' id='word_1_407' title='bbox 910 3710 990 3766; x_wconf 88' lang='lat' dir='ltr'><strong>Ex</strong></span> <span class='ocrx_word' id='word_1_408' title='bbox 1021 3710 1409 3781; x_wconf 75' lang='lat' dir='ltr'><strong>Mesopotamia</strong></span> <span class='ocrx_word' id='word_1_409' title='bbox 1437 3709 1725 3766; x_wconf 85' lang='lat' dir='ltr'><strong>accersivit</strong></span> <span class='ocrx_word' id='word_1_410' title='bbox 1754 3725 1841 3767; x_wconf 89' lang='lat' dir='ltr'><strong>me</strong></span> <span class='ocrx_word' id='word_1_411' title='bbox 1864 3710 1965 3777; x_wconf 69' lang='lat' dir='ltr'><strong>&quot;,t</strong></span> 
     </span>
    </p>
   </div>
   <div class='ocr_carea' id='block_1_53' title="bbox 402 3802 1971 3875">
    <p class='ocr_par' dir='ltr' id='par_1_53' title="bbox 402 3802 1971 3875">
     <span class='ocr_line' id='line_1_53' title="bbox 402 3802 1971 3875; baseline -0.002 -14"><span class='ocrx_word' id='word_1_412' title='bbox 402 3814 458 3861; x_wconf 89' lang='lat' dir='ltr'><strong>et</strong></span> <span class='ocrx_word' id='word_1_413' title='bbox 490 3819 611 3875; x_wconf 65' lang='lat' dir='ltr'><strong>quae</strong></span> <span class='ocrx_word' id='word_1_414' title='bbox 641 3811 966 3873; x_wconf 80' lang='lat' dir='ltr'><strong>sequuntur,</strong></span> <span class='ocrx_word' id='word_1_415' title='bbox 990 3802 1044 3857; x_wconf 92' lang='lat' dir='ltr'><strong>ni</strong></span> <span class='ocrx_word' id='word_1_416' title='bbox 1078 3803 1301 3858; x_wconf 86' lang='lat' dir='ltr'><strong>vidisset</strong></span> <span class='ocrx_word' id='word_1_417' title='bbox 1330 3802 1581 3858; x_wconf 89' lang='lat' dir='ltr'><strong>lsraelem</strong></span> <span class='ocrx_word' id='word_1_418' title='bbox 1611 3811 1971 3858; x_wconf 84' lang='lat' dir='ltr'><strong>castrameta-</strong></span> 
     </span>
    </p>
   </div>
   <div class='ocr_carea' id='block_1_54' title="bbox 407 3891 1972 3962">
    <p class='ocr_par' dir='ltr' id='par_1_54' title="bbox 407 3891 1972 3962">
     <span class='ocr_line' id='line_1_54' title="bbox 407 3891 1972 3962; baseline -0.001 -13"><span class='ocrx_word' id='word_1_419' title='bbox 407 3905 520 3949; x_wconf 86' lang='lat' dir='ltr'><strong>tum</strong></span> <span class='ocrx_word' id='word_1_420' title='bbox 572 3892 740 3949; x_wconf 80' lang='lat' dir='ltr'><strong>fuisse</strong></span> <span class='ocrx_word' id='word_1_421' title='bbox 781 3909 797 3947; x_wconf 88' lang='lat'><strong>:</strong></span> <span class='ocrx_word' id='word_1_422' title='bbox 835 3900 891 3948; x_wconf 91' lang='lat' dir='ltr'><strong>et</strong></span> <span class='ocrx_word' id='word_1_423' title='bbox 951 3906 1167 3960; x_wconf 86' lang='lat' dir='ltr'><strong>semper</strong></span> <span class='ocrx_word' id='word_1_424' title='bbox 1214 3891 1375 3947; x_wconf 84' lang='lat' dir='ltr'><strong>aliam</strong></span> <span class='ocrx_word' id='word_1_425' title='bbox 1429 3900 1639 3962; x_wconf 89' lang='lat' dir='ltr'><strong>partem</strong></span> <span class='ocrx_word' id='word_1_426' title='bbox 1694 3892 1972 3948; x_wconf 86' lang='lat' dir='ltr'><strong>exercitus</strong></span> 
     </span>
    </p>
   </div>
   <div class='ocr_carea' id='block_1_55' title="bbox 404 3983 1974 4058">
    <p class='ocr_par' dir='ltr' id='par_1_55' title="bbox 404 3983 1974 4058">
     <span class='ocr_line' id='line_1_55' title="bbox 404 3983 1974 4058; baseline 0.003 -21"><span class='ocrx_word' id='word_1_427' title='bbox 404 3985 618 4049; x_wconf 85' lang='lat' dir='ltr'><strong>videns,</strong></span> <span class='ocrx_word' id='word_1_428' title='bbox 659 3998 727 4038; x_wconf 83' lang='lat' dir='ltr'><strong>ex</strong></span> <span class='ocrx_word' id='word_1_429' title='bbox 777 3983 1018 4040; x_wconf 84' lang='lat' dir='ltr'><strong>novitate</strong></span> <span class='ocrx_word' id='word_1_430' title='bbox 1059 3983 1139 4040; x_wconf 90' lang='lat' dir='ltr'><strong>rei</strong></span> <span class='ocrx_word' id='word_1_431' title='bbox 1189 3992 1494 4058; x_wconf 64' lang='lat' dir='ltr'><strong>conspectae</strong></span> <span class='ocrx_word' id='word_1_432' title='bbox 1541 3984 1864 4040; x_wconf 86' lang='lat' dir='ltr'><strong>movebatur</strong></span> <span class='ocrx_word' id='word_1_433' title='bbox 1903 3986 1974 4042; x_wconf 89' lang='lat' dir='ltr'><strong>ad</strong></span> 
     </span>
    </p>
   </div>
   <div class='ocr_carea' id='block_1_56' title="bbox 408 4073 1081 4144">
    <p class='ocr_par' dir='ltr' id='par_1_56' title="bbox 408 4073 1081 4144">
     <span class='ocr_line' id='line_1_56' title="bbox 408 4073 1081 4144; baseline -0.001 -13"><span class='ocrx_word' id='word_1_434' title='bbox 408 4076 696 4131; x_wconf 86' lang='lat' dir='ltr'><strong>dicendum</strong></span> <span class='ocrx_word' id='word_1_435' title='bbox 728 4091 827 4144; x_wconf 91' lang='lat' dir='ltr'><strong>pro</strong></span> <span class='ocrx_word' id='word_1_436' title='bbox 859 4073 1081 4132; x_wconf 86' lang='lat' dir='ltr'><strong>Israele.</strong></span> 
     </span>
    </p>
   </div>
   <div class='ocr_carea' id='block_1_57' title="bbox 476 4167 1973 4244">
    <p class='ocr_par' dir='ltr' id='par_1_57' title="bbox 476 4167 1973 4244">
     <span class='ocr_line' id='line_1_57' title="bbox 476 4167 1973 4244; baseline 0.002 -21"><span class='ocrx_word' id='word_1_437' title='bbox 476 4167 639 4241; x_wconf 76' lang='lat'><strong>395</strong></span> <span class='ocrx_word' id='word_1_438' title='bbox 678 4167 768 4222; x_wconf 83' lang='lat' dir='ltr'><strong>l6.</strong></span> <span class='ocrx_word' id='word_1_439' title='bbox 801 4168 1098 4224; x_wconf 80' lang='lat' dir='ltr'><strong>Moriturus</strong></span> <span class='ocrx_word' id='word_1_440' title='bbox 1127 4182 1260 4239; x_wconf 90' lang='lat' dir='ltr'><strong>ergo</strong></span> <span class='ocrx_word' id='word_1_441' title='bbox 1290 4179 1412 4227; x_wconf 90' lang='lat' dir='ltr'><strong>erat</strong></span> <span class='ocrx_word' id='word_1_442' title='bbox 1448 4171 1607 4228; x_wconf 84' lang='lat' dir='ltr'><strong>Jesus</strong></span> <span class='ocrx_word' id='word_1_443' title='bbox 1639 4188 1737 4244; x_wconf 88' lang='lat' dir='ltr'><strong>pro</strong></span> <span class='ocrx_word' id='word_1_444' title='bbox 1776 4180 1973 4244; x_wconf 85' lang='lat' dir='ltr'><strong>gente,</strong></span> 
     </span>
    </p>
   </div>
   <div class='ocr_carea' id='block_1_58' title="bbox 404 4255 1970 4332">
    <p class='ocr_par' dir='ltr' id='par_1_58' title="bbox 404 4255 1970 4332">
     <span class='ocr_line' id='line_1_58' title="bbox 404 4255 1970 4332; baseline 0.002 -18"><span class='ocrx_word' id='word_1_445' title='bbox 404 4274 527 4328; x_wconf 64' lang='lat' dir='ltr'><strong>quae</strong></span> <span class='ocrx_word' id='word_1_446' title='bbox 570 4258 786 4314; x_wconf 89' lang='lat' dir='ltr'><strong>diversa</strong></span> <span class='ocrx_word' id='word_1_447' title='bbox 819 4266 993 4312; x_wconf 86' lang='lat' dir='ltr'><strong>erata</strong></span> <span class='ocrx_word' id='word_1_448' title='bbox 1033 4255 1160 4313; x_wconf 88' lang='lat' dir='ltr'><strong>ﬁliis</strong></span> <span class='ocrx_word' id='word_1_449' title='bbox 1207 4260 1301 4314; x_wconf 88' lang='lat' dir='ltr'><strong>Dei</strong></span> <span class='ocrx_word' id='word_1_450' title='bbox 1351 4260 1638 4331; x_wconf 85' lang='lat' dir='ltr'><strong>dispersis,</strong></span> <span class='ocrx_word' id='word_1_451' title='bbox 1667 4269 1726 4315; x_wconf 92' lang='lat' dir='ltr'><strong>ut</strong></span> <span class='ocrx_word' id='word_1_452' title='bbox 1753 4261 1970 4332; x_wconf 89' lang='lat' dir='ltr'><strong>perspi-</strong></span> 
     </span>
    </p>
   </div>
   <div class='ocr_carea' id='block_1_59' title="bbox 2069 1771 3645 1857">
    <p class='ocr_par' dir='ltr' id='par_1_59' title="bbox 2069 1771 3645 1857">
     <span class='ocr_line' id='line_1_59' title="bbox 2069 1771 3645 1857; baseline -0.007 -18"><span class='ocrx_word' id='word_1_453' title='bbox 2069 1786 2098 1839; x_wconf 85' lang='grc' dir='ltr'>ὁ</span> <span class='ocrx_word' id='word_1_454' title='bbox 2122 1784 2411 1857; x_wconf 81' lang='grc' dir='ltr'>ἀρχιερεὺς</span> <span class='ocrx_word' id='word_1_455' title='bbox 2447 1782 2541 1837; x_wconf 75' lang='grc' dir='ltr'><strong>καὶ</strong></span> <span class='ocrx_word' id='word_1_456' title='bbox 2583 1780 2676 1852; x_wconf 85' lang='grc' dir='ltr'><strong>ἀφ’</strong></span> <span class='ocrx_word' id='word_1_457' title='bbox 2722 1779 2917 1835; x_wconf 79' lang='grc' dir='ltr'>ἑαυτοῦ</span> <span class='ocrx_word' id='word_1_458' title='bbox 2951 1779 3052 1833; x_wconf 84' lang='grc' dir='ltr'><strong>οὐκ</strong></span> <span class='ocrx_word' id='word_1_459' title='bbox 3080 1774 3223 1847; x_wconf 70' lang='grc' dir='ltr'>εἶπε,</span> <span class='ocrx_word' id='word_1_460' title='bbox 3261 1778 3360 1832; x_wconf 75' lang='grc' dir='ltr'><strong>καὶ</strong></span> <span class='ocrx_word' id='word_1_461' title='bbox 3393 1777 3496 1830; x_wconf 77' lang='grc' dir='ltr'><strong>οὐκ</strong></span> <span class='ocrx_word' id='word_1_462' title='bbox 3534 1771 3645 1829; x_wconf 74' lang='grc' dir='ltr'>εἷπε</span> 
     </span>
    </p>
   </div>
   <div class='ocr_carea' id='block_1_60' title="bbox 2068 1868 3644 1947">
    <p class='ocr_par' dir='ltr' id='par_1_60' title="bbox 2068 1868 3644 1947">
     <span class='ocr_line' id='line_1_60' title="bbox 2068 1868 3644 1947; baseline -0.005 -16"><span class='ocrx_word' id='word_1_463' title='bbox 2068 1877 2161 1931; x_wconf 83' lang='grc' dir='ltr'>τὸν</span> <span class='ocrx_word' id='word_1_464' title='bbox 2187 1875 2334 1941; x_wconf 81' lang='grc' dir='ltr'>νοῦν,</span> <span class='ocrx_word' id='word_1_465' title='bbox 2374 1875 2451 1939; x_wconf 85' lang='grc' dir='ltr'>ὡς</span> <span class='ocrx_word' id='word_1_466' title='bbox 2492 1874 2847 1947; x_wconf 79' lang='grc' dir='ltr'><strong>προφητείαν,</strong></span> <span class='ocrx_word' id='word_1_467' title='bbox 2897 1872 2994 1928; x_wconf 75' lang='grc' dir='ltr'><strong>καὶ</strong></span> <span class='ocrx_word' id='word_1_468' title='bbox 3031 1873 3129 1944; x_wconf 80' lang='grc' dir='ltr'>τὴν</span> <span class='ocrx_word' id='word_1_469' title='bbox 3173 1870 3517 1943; x_wconf 78' lang='grc' dir='ltr'>προφητείαν</span> <span class='ocrx_word' id='word_1_470' title='bbox 3558 1868 3644 1923; x_wconf 71' lang='grc' dir='ltr'><strong>τοῦ</strong></span> 
     </span>
    </p>
   </div>
   <div class='ocr_carea' id='block_1_61' title="bbox 2069 1962 3648 2040">
    <p class='ocr_par' dir='ltr' id='par_1_61' title="bbox 2069 1962 3648 2040">
     <span class='ocr_line' id='line_1_61' title="bbox 2069 1962 3648 2040; baseline -0.005 -17"><span class='ocrx_word' id='word_1_471' title='bbox 2069 1969 2364 2040; x_wconf 79' lang='grc' dir='ltr'>λεγομένου</span> <span class='ocrx_word' id='word_1_472' title='bbox 2390 1967 2503 2040; x_wconf 73' lang='grc'><strong>(44)</strong></span> <span class='ocrx_word' id='word_1_473' title='bbox 2534 1967 2633 2020; x_wconf 82' lang='grc' dir='ltr'><strong>οὐκ</strong></span> <span class='ocrx_word' id='word_1_474' title='bbox 2663 1966 2896 2037; x_wconf 75' lang='grc' dir='ltr'>ἐδέχετο.</span> <span class='ocrx_word' id='word_1_475' title='bbox 2931 1966 3041 2020; x_wconf 76' lang='grc' dir='ltr'><strong>Καὶ</strong></span> <span class='ocrx_word' id='word_1_476' title='bbox 3075 1964 3226 2035; x_wconf 76' lang='grc' dir='ltr'>παρὰ</span> <span class='ocrx_word' id='word_1_477' title='bbox 3250 1963 3452 2035; x_wconf 81' lang='grc' dir='ltr'>Παύλῳ</span> <span class='ocrx_word' id='word_1_478' title='bbox 3481 1962 3541 2016; x_wconf 82' lang='grc' dir='ltr'>δὲ</span> <span class='ocrx_word' id='word_1_479' title='bbox 3576 1980 3648 2015; x_wconf 87' lang='grc' dir='ltr'>νο-</span> 
     </span>
    </p>
   </div>
   <div class='ocr_carea' id='block_1_62' title="bbox 2073 2054 3642 2133">
    <p class='ocr_par' dir='ltr' id='par_1_62' title="bbox 2073 2054 3642 2133">
     <span class='ocr_line' id='line_1_62' title="bbox 2073 2054 3642 2133; baseline -0.005 -17"><span class='ocrx_word' id='word_1_480' title='bbox 2073 2059 2450 2133; x_wconf 83' lang='grc' dir='ltr'>μοδιδάσκαλοί</span> <span class='ocrx_word' id='word_1_481' title='bbox 2468 2058 2613 2123; x_wconf 83' lang='grc' dir='ltr'>τινές</span> <span class='ocrx_word' id='word_1_482' title='bbox 2628 2060 2733 2111; x_wconf 87' lang='grc' dir='ltr'>είσι</span> <span class='ocrx_word' id='word_1_483' title='bbox 2757 2076 2776 2111; x_wconf 76' lang='grc' dir='ltr'><strong>ι</strong></span> <span class='ocrx_word' id='word_1_484' title='bbox 2808 2059 2884 2130; x_wconf 75' lang='grc' dir='ltr'>μὴ</span> <span class='ocrx_word' id='word_1_485' title='bbox 2911 2056 3176 2121; x_wconf 76' lang='grc' dir='ltr'>νοοῦντες,</span> <span class='ocrx_word' id='word_1_486' title='bbox 3187 2057 3326 2129; x_wconf 89' lang='grc' dir='ltr'>μήτε</span> <span class='ocrx_word' id='word_1_487' title='bbox 3350 2055 3387 2110; x_wconf 79' lang='grc' dir='ltr'><strong>ἃ.</strong></span> <span class='ocrx_word' id='word_1_488' title='bbox 3410 2054 3642 2123; x_wconf 74' lang='grc' dir='ltr'>λέγουσι,</span> 
     </span>
    </p>
   </div>
   <div class='ocr_carea' id='block_1_63' title="bbox 2074 2147 3643 2225">
    <p class='ocr_par' dir='ltr' id='par_1_63' title="bbox 2074 2147 3643 2225">
     <span class='ocr_line' id='line_1_63' title="bbox 2074 2147 3643 2225; baseline -0.003 -20"><span class='ocrx_word' id='word_1_489' title='bbox 2074 2154 2213 2225; x_wconf 87' lang='grc' dir='ltr'>μήτε</span> <span class='ocrx_word' id='word_1_490' title='bbox 2246 2153 2377 2224; x_wconf 76' lang='grc' dir='ltr'>περὶ</span> <span class='ocrx_word' id='word_1_491' title='bbox 2393 2150 2553 2205; x_wconf 83' lang='grc' dir='ltr'>τίνων</span> <span class='ocrx_word' id='word_1_492' title='bbox 2572 2149 3031 2205; x_wconf 75' lang='grc' dir='ltr'>διαϐεϐαιοῦνται.</span> <span class='ocrx_word' id='word_1_493' title='bbox 3073 2168 3093 2202; x_wconf 75' lang='grc' dir='ltr'><strong>ι</strong></span> <span class='ocrx_word' id='word_1_494' title='bbox 3141 2147 3279 2202; x_wconf 81' lang='grc' dir='ltr'>Ἀλλ’</span> <span class='ocrx_word' id='word_1_495' title='bbox 3303 2148 3404 2218; x_wconf 83' lang='grc' dir='ltr'><strong>οὐχ</strong></span> <span class='ocrx_word' id='word_1_496' title='bbox 3428 2150 3458 2201; x_wconf 87' lang='grc' dir='ltr'>ὁ</span> <span class='ocrx_word' id='word_1_497' title='bbox 3489 2147 3643 2215; x_wconf 70' lang='grc' dir='ltr'>σοφὸς</span> 
     </span>
    </p>
   </div>
   <div class='ocr_carea' id='block_1_64' title="bbox 2068 2234 3641 2315">
    <p class='ocr_par' dir='ltr' id='par_1_64' title="bbox 2068 2234 3641 2315">
     <span class='ocr_line' id='line_1_64' title="bbox 2068 2234 3641 2315; baseline -0.003 -17"><span class='ocrx_word' id='word_1_498' title='bbox 2068 2243 2330 2310; x_wconf 79' lang='grc' dir='ltr'>τοιοῦτος,</span> <span class='ocrx_word' id='word_1_499' title='bbox 2362 2243 2489 2315; x_wconf 77' lang='grc' dir='ltr'>περὶ</span> <span class='ocrx_word' id='word_1_500' title='bbox 2516 2234 2577 2296; x_wconf 69' lang='grc' dir='ltr'>οὗ</span> <span class='ocrx_word' id='word_1_501' title='bbox 2633 2259 2794 2314; x_wconf 89' lang='grc' dir='ltr'>φησιν</span> <span class='ocrx_word' id='word_1_502' title='bbox 2834 2243 2893 2298; x_wconf 79' lang='grc' dir='ltr'><strong>ὲν</strong></span> <span class='ocrx_word' id='word_1_503' title='bbox 2938 2241 3264 2312; x_wconf 80' lang='grc' dir='ltr'>Παροιμίαις</span> <span class='ocrx_word' id='word_1_504' title='bbox 3292 2240 3322 2293; x_wconf 83' lang='grc' dir='ltr'>ὁ</span> <span class='ocrx_word' id='word_1_505' title='bbox 3366 2240 3641 2310; x_wconf 77' lang='grc' dir='ltr'>Σολομῶν·</span> 
     </span>
    </p>
   </div>
   <div class='ocr_carea' id='block_1_65' title="bbox 2076 2330 3641 2405">
    <p class='ocr_par' dir='ltr' id='par_1_65' title="bbox 2076 2330 3641 2405">
     <span class='ocr_line' id='line_1_65' title="bbox 2076 2330 3641 2405; baseline -0.003 -19"><span class='ocrx_word' id='word_1_506' title='bbox 2076 2351 2096 2386; x_wconf 76' lang='grc' dir='ltr'><strong>ι</strong></span> <span class='ocrx_word' id='word_1_507' title='bbox 2126 2332 2297 2404; x_wconf 90' lang='grc' dir='ltr'>Σοφὸς</span> <span class='ocrx_word' id='word_1_508' title='bbox 2319 2333 2502 2405; x_wconf 84' lang='grc' dir='ltr'>νοήσει</span> <span class='ocrx_word' id='word_1_509' title='bbox 2536 2332 2604 2387; x_wconf 84' lang='grc' dir='ltr'>τὰ</span> <span class='ocrx_word' id='word_1_510' title='bbox 2636 2330 2742 2387; x_wconf 79' lang='grc' dir='ltr'><strong>ἀπὸ</strong></span> <span class='ocrx_word' id='word_1_511' title='bbox 2770 2331 2898 2387; x_wconf 80' lang='grc' dir='ltr'>ἰδίου</span> <span class='ocrx_word' id='word_1_512' title='bbox 2930 2332 3219 2402; x_wconf 78' lang='grc' dir='ltr'>στόματος,</span> <span class='ocrx_word' id='word_1_513' title='bbox 3243 2332 3340 2385; x_wconf 76' lang='grc' dir='ltr'><strong>ἐπὶ</strong></span> <span class='ocrx_word' id='word_1_514' title='bbox 3363 2330 3424 2386; x_wconf 84' lang='grc' dir='ltr'>δὲ</span> <span class='ocrx_word' id='word_1_515' title='bbox 3448 2330 3641 2401; x_wconf 75' lang='grc' dir='ltr'>χείλεσι</span> 
     </span>
    </p>
   </div>
   <div class='ocr_carea' id='block_1_66' title="bbox 2072 2420 3642 2496">
    <p class='ocr_par' dir='ltr' id='par_1_66' title="bbox 2072 2420 3642 2496">
     <span class='ocr_line' id='line_1_66' title="bbox 2072 2420 3642 2496; baseline -0.004 -18"><span class='ocrx_word' id='word_1_516' title='bbox 2072 2424 2294 2496; x_wconf 81' lang='grc' dir='ltr'>φορήσει</span> <span class='ocrx_word' id='word_1_517' title='bbox 2317 2420 2782 2493; x_wconf 83' lang='grc' dir='ltr'>ὲπιγνωμοσύνην.</span> <span class='ocrx_word' id='word_1_518' title='bbox 2811 2441 2830 2474; x_wconf 75' lang='lat' dir='ltr'><strong>t</strong></span> <span class='ocrx_word' id='word_1_519' title='bbox 2862 2423 3018 2476; x_wconf 84' lang='grc' dir='ltr'>Δοκεῖ</span> <span class='ocrx_word' id='word_1_520' title='bbox 3043 2422 3099 2477; x_wconf 81' lang='grc' dir='ltr'>δέ</span> <span class='ocrx_word' id='word_1_521' title='bbox 3137 2439 3250 2493; x_wconf 89' lang='grc' dir='ltr'>μοι,</span> <span class='ocrx_word' id='word_1_522' title='bbox 3291 2422 3373 2474; x_wconf 79' lang='grc' dir='ltr'><strong>ὅτι</strong></span> <span class='ocrx_word' id='word_1_523' title='bbox 3424 2422 3523 2474; x_wconf 82' lang='grc' dir='ltr'>καὶ</span> <span class='ocrx_word' id='word_1_524' title='bbox 3555 2436 3642 2472; x_wconf 81' lang='grc' dir='ltr'>πε-</span> 
     </span>
    </p>
   </div>
   <div class='ocr_carea' id='block_1_67' title="bbox 2072 2511 3641 2587">
    <p class='ocr_par' dir='ltr' id='par_1_67' title="bbox 2072 2511 3641 2587">
     <span class='ocr_line' id='line_1_67' title="bbox 2072 2511 3641 2587; baseline -0.002 -18"><span class='ocrx_word' id='word_1_525' title='bbox 2072 2514 2320 2587; x_wconf 86' lang='grc' dir='ltr'>ρίστασις</span> <span class='ocrx_word' id='word_1_526' title='bbox 2338 2514 2484 2570; x_wconf 82' lang='grc' dir='ltr'>αἰτία</span> <span class='ocrx_word' id='word_1_527' title='bbox 2512 2514 2643 2568; x_wconf 82' lang='grc' dir='ltr'>ποτὲ</span> <span class='ocrx_word' id='word_1_528' title='bbox 2666 2513 2874 2584; x_wconf 82' lang='grc' dir='ltr'>γίνεται</span> <span class='ocrx_word' id='word_1_529' title='bbox 2904 2513 2998 2569; x_wconf 82' lang='grc' dir='ltr'>τοῦ</span> <span class='ocrx_word' id='word_1_530' title='bbox 3042 2512 3431 2586; x_wconf 69' lang='grc' dir='ltr'>προφητεύειν,</span> <span class='ocrx_word' id='word_1_531' title='bbox 3459 2511 3641 2575; x_wconf 79' lang='grc' dir='ltr'>ὥσπερ</span> 
     </span>
    </p>
   </div>
   <div class='ocr_carea' id='block_1_68' title="bbox 2071 2600 3641 2678">
    <p class='ocr_par' dir='ltr' id='par_1_68' title="bbox 2071 2600 3641 2678">
     <span class='ocr_line' id='line_1_68' title="bbox 2071 2600 3641 2678; baseline -0.005 -17"><span class='ocrx_word' id='word_1_532' title='bbox 2071 2607 2168 2661; x_wconf 76' lang='grc' dir='ltr'><strong>καὶ</strong></span> <span class='ocrx_word' id='word_1_533' title='bbox 2196 2605 2292 2663; x_wconf 77' lang='grc' dir='ltr'>νῦν</span> <span class='ocrx_word' id='word_1_534' title='bbox 2331 2605 2410 2678; x_wconf 84' lang='grc' dir='ltr'>τῷ</span> <span class='ocrx_word' id='word_1_535' title='bbox 2449 2606 2697 2677; x_wconf 76' lang='grc' dir='ltr'>Καῖάφᾳ,</span> <span class='ocrx_word' id='word_1_536' title='bbox 2735 2605 2797 2658; x_wconf 82' lang='grc' dir='ltr'><strong>τὸ</strong></span> <span class='ocrx_word' id='word_1_537' title='bbox 2837 2600 2977 2660; x_wconf 83' lang='grc' dir='ltr'>εἶναι</span> <span class='ocrx_word' id='word_1_538' title='bbox 3029 2604 3189 2660; x_wconf 81' lang='grc' dir='ltr'>αὑτὸν</span> <span class='ocrx_word' id='word_1_539' title='bbox 3244 2602 3515 2676; x_wconf 80' lang='grc' dir='ltr'>ἀρχιερέα</span> <span class='ocrx_word' id='word_1_540' title='bbox 3556 2600 3641 2654; x_wconf 73' lang='grc' dir='ltr'><strong>τοῦ</strong></span> 
     </span>
    </p>
   </div>
   <div class='ocr_carea' id='block_1_69' title="bbox 2072 2689 3644 2768">
    <p class='ocr_par' dir='ltr' id='par_1_69' title="bbox 2072 2689 3644 2768">
     <span class='ocr_line' id='line_1_69' title="bbox 2072 2689 3644 2768; baseline -0.003 -16"><span class='ocrx_word' id='word_1_541' title='bbox 2072 2695 2318 2752; x_wconf 76' lang='grc' dir='ltr'><strong>ἐνιαυτοῦ</strong></span> <span class='ocrx_word' id='word_1_542' title='bbox 2368 2696 2576 2751; x_wconf 71' lang='grc' dir='ltr'>ἐκείνου</span> <span class='ocrx_word' id='word_1_543' title='bbox 2606 2689 2650 2766; x_wconf 82' lang='grc' dir='ltr'>ᾧ</span> <span class='ocrx_word' id='word_1_544' title='bbox 2682 2695 2908 2768; x_wconf 81' lang='grc' dir='ltr'>ἔμελλεν</span> <span class='ocrx_word' id='word_1_545' title='bbox 2946 2697 2976 2750; x_wconf 86' lang='grc' dir='ltr'>ὁ</span> <span class='ocrx_word' id='word_1_546' title='bbox 3030 2694 3236 2768; x_wconf 78' lang='grc' dir='ltr'>Ἰησοῦς</span> <span class='ocrx_word' id='word_1_547' title='bbox 3278 2694 3644 2764; x_wconf 76' lang='grc' dir='ltr'><strong>ἀποθνήσκειν</strong></span> 
     </span>
    </p>
   </div>
   <div class='ocr_carea' id='block_1_70' title="bbox 2073 2784 3646 2861">
    <p class='ocr_par' dir='ltr' id='par_1_70' title="bbox 2073 2784 3646 2861">
     <span class='ocr_line' id='line_1_70' title="bbox 2073 2784 3646 2861; baseline -0.003 -18"><span class='ocrx_word' id='word_1_548' title='bbox 2073 2789 2216 2860; x_wconf 81' lang='grc' dir='ltr'>ὑπὲρ</span> <span class='ocrx_word' id='word_1_549' title='bbox 2242 2788 2335 2843; x_wconf 82' lang='grc' dir='ltr'>τοῦ</span> <span class='ocrx_word' id='word_1_550' title='bbox 2370 2788 2522 2855; x_wconf 82' lang='grc' dir='ltr'>λαοῦ,</span> <span class='ocrx_word' id='word_1_551' title='bbox 2554 2788 2642 2843; x_wconf 76' lang='grc' dir='ltr'><strong>ἵνα</strong></span> <span class='ocrx_word' id='word_1_552' title='bbox 2699 2787 2774 2861; x_wconf 84' lang='grc' dir='ltr'>μὴ</span> <span class='ocrx_word' id='word_1_553' title='bbox 2803 2787 2925 2843; x_wconf 80' lang='grc' dir='ltr'>ὅλον</span> <span class='ocrx_word' id='word_1_554' title='bbox 2960 2788 3021 2842; x_wconf 73' lang='grc' dir='ltr'><strong>τὸ</strong></span> <span class='ocrx_word' id='word_1_555' title='bbox 3058 2787 3207 2852; x_wconf 79' lang='grc' dir='ltr'>ἔθνος</span> <span class='ocrx_word' id='word_1_556' title='bbox 3240 2786 3543 2859; x_wconf 76' lang='grc' dir='ltr'>ἀπόληταιο</span> <span class='ocrx_word' id='word_1_557' title='bbox 3574 2784 3646 2838; x_wconf 79' lang='grc' dir='ltr'>δν-</span> 
     </span>
    </p>
   </div>
   <div class='ocr_carea' id='block_1_71' title="bbox 2083 2873 3643 2953">
    <p class='ocr_par' dir='ltr' id='par_1_71' title="bbox 2083 2873 3643 2953">
     <span class='ocr_line' id='line_1_71' title="bbox 2083 2873 3643 2953; baseline -0.004 -17"><span class='ocrx_word' id='word_1_558' title='bbox 2083 2898 2192 2936; x_wconf 86' lang='grc' dir='ltr'>των</span> <span class='ocrx_word' id='word_1_559' title='bbox 2213 2880 2322 2953; x_wconf 81' lang='grc' dir='ltr'>γὰρ</span> <span class='ocrx_word' id='word_1_560' title='bbox 2344 2881 2436 2935; x_wconf 72' lang='grc' dir='ltr'><strong>καὶ</strong></span> <span class='ocrx_word' id='word_1_561' title='bbox 2472 2879 2646 2936; x_wconf 68' lang='grc' dir='ltr'>ἄλλων</span> <span class='ocrx_word' id='word_1_562' title='bbox 2679 2880 3003 2951; x_wconf 84' lang='grc' dir='ltr'>ἀρχιερέων,</span> <span class='ocrx_word' id='word_1_563' title='bbox 3044 2881 3120 2945; x_wconf 82' lang='grc' dir='ltr'>ὡς</span> <span class='ocrx_word' id='word_1_564' title='bbox 3147 2879 3302 2951; x_wconf 84' lang='grc' dir='ltr'>δῆλον</span> <span class='ocrx_word' id='word_1_565' title='bbox 3327 2877 3386 2945; x_wconf 79' lang='grc' dir='ltr'>ἐξ</span> <span class='ocrx_word' id='word_1_566' title='bbox 3412 2873 3487 2932; x_wconf 84' lang='grc' dir='ltr'><strong>ὧν</strong></span> <span class='ocrx_word' id='word_1_567' title='bbox 3516 2894 3643 2949; x_wconf 68' lang='grc' dir='ltr'>προσ</span> 
     </span>
    </p>
   </div>
   <div class='ocr_carea' id='block_1_72' title="bbox 2074 2965 3639 3044">
    <p class='ocr_par' dir='ltr' id='par_1_72' title="bbox 2074 2965 3639 3044">
     <span class='ocr_line' id='line_1_72' title="bbox 2074 2965 3639 3044; baseline -0.005 -17"><span class='ocrx_word' id='word_1_568' title='bbox 2074 2971 2446 3044; x_wconf 81' lang='grc' dir='ltr'>παρεθέμεθα,</span> <span class='ocrx_word' id='word_1_569' title='bbox 2503 2971 2677 3037; x_wconf 77' lang='grc' dir='ltr'>οὐδεὶς</span> <span class='ocrx_word' id='word_1_570' title='bbox 2719 2969 3054 3043; x_wconf 83' lang='grc' dir='ltr'>προφητεύει</span> <span class='ocrx_word' id='word_1_571' title='bbox 3093 2969 3128 3041; x_wconf 81' lang='grc' dir='ltr'>ἢ</span> <span class='ocrx_word' id='word_1_572' title='bbox 3158 2972 3187 3023; x_wconf 78' lang='grc' dir='ltr'><strong>ὁ</strong></span> <span class='ocrx_word' id='word_1_573' title='bbox 3224 2968 3322 3022; x_wconf 70' lang='grc' dir='ltr'>τοῦ</span> <span class='ocrx_word' id='word_1_574' title='bbox 3361 2965 3639 3033; x_wconf 72' lang='grc' dir='ltr'>ὲνιαυτοξ,</span> 
     </span>
    </p>
   </div>
   <div class='ocr_carea' id='block_1_73' title="bbox 2071 3058 3641 3137">
    <p class='ocr_par' dir='ltr' id='par_1_73' title="bbox 2071 3058 3641 3137">
     <span class='ocr_line' id='line_1_73' title="bbox 2071 3058 3641 3137; baseline -0.005 -17"><span class='ocrx_word' id='word_1_575' title='bbox 2071 3058 2116 3134; x_wconf 81' lang='grc' dir='ltr'>ᾧ</span> <span class='ocrx_word' id='word_1_576' title='bbox 2135 3065 2327 3137; x_wconf 78' lang='grc' dir='ltr'>ἔμελλε</span> <span class='ocrx_word' id='word_1_577' title='bbox 2348 3066 2577 3137; x_wconf 83' lang='grc' dir='ltr'>πάσχειν</span> <span class='ocrx_word' id='word_1_578' title='bbox 2596 3068 2624 3120; x_wconf 86' lang='grc' dir='ltr'>ὁ</span> <span class='ocrx_word' id='word_1_579' title='bbox 2657 3064 2883 3137; x_wconf 79' lang='grc' dir='ltr'>Ἰησοῦς,</span> <span class='ocrx_word' id='word_1_580' title='bbox 2908 3061 3212 3136; x_wconf 85' lang='grc' dir='ltr'>ἀρχιερεύς.</span> <span class='ocrx_word' id='word_1_581' title='bbox 3242 3062 3575 3132; x_wconf 83' lang='grc' dir='ltr'>Περίστασις</span> <span class='ocrx_word' id='word_1_582' title='bbox 3591 3059 3641 3113; x_wconf 75' lang='grc' dir='ltr'>δὲ</span> 
     </span>
    </p>
   </div>
   <div class='ocr_carea' id='block_1_74' title="bbox 2073 3152 3643 3228">
    <p class='ocr_par' dir='ltr' id='par_1_74' title="bbox 2073 3152 3643 3228">
     <span class='ocr_line' id='line_1_74' title="bbox 2073 3152 3643 3228; baseline -0.003 -19"><span class='ocrx_word' id='word_1_583' title='bbox 2073 3156 2436 3228; x_wconf 85' lang='grc' dir='ltr'>προφητεύειν</span> <span class='ocrx_word' id='word_1_584' title='bbox 2464 3157 2727 3228; x_wconf 87' lang='grc' dir='ltr'>πεποίηκε</span> <span class='ocrx_word' id='word_1_585' title='bbox 2767 3157 2861 3210; x_wconf 72' lang='grc' dir='ltr'>καὶ</span> <span class='ocrx_word' id='word_1_586' title='bbox 2891 3156 2984 3211; x_wconf 81' lang='grc' dir='ltr'><strong>τού</strong></span> <span class='ocrx_word' id='word_1_587' title='bbox 3010 3154 3183 3209; x_wconf 79' lang='grc' dir='ltr'>Σαοὺλ</span> <span class='ocrx_word' id='word_1_588' title='bbox 3210 3152 3477 3223; x_wconf 76' lang='grc' dir='ltr'><strong>ἀγγέλους</strong></span> <span class='ocrx_word' id='word_1_589' title='bbox 3510 3168 3643 3221; x_wconf 75' lang='grc' dir='ltr'>πεμ-</span> 
     </span>
    </p>
   </div>
   <div class='ocr_carea' id='block_1_75' title="bbox 2072 3244 3641 3318">
    <p class='ocr_par' dir='ltr' id='par_1_75' title="bbox 2072 3244 3641 3318">
     <span class='ocr_line' id='line_1_75' title="bbox 2072 3244 3641 3318; baseline -0.004 -16"><span class='ocrx_word' id='word_1_590' title='bbox 2072 3246 2304 3318; x_wconf 83' lang='grc' dir='ltr'>φθέντας</span> <span class='ocrx_word' id='word_1_591' title='bbox 2325 3249 2418 3301; x_wconf 67' lang='grc' dir='ltr'>ἐπὶ</span> <span class='ocrx_word' id='word_1_592' title='bbox 2440 3246 2533 3302; x_wconf 85' lang='grc' dir='ltr'>τὸν</span> <span class='ocrx_word' id='word_1_593' title='bbox 2565 3247 2752 3316; x_wconf 70' lang='grc' dir='ltr'>Δαϐὶδ,</span> <span class='ocrx_word' id='word_1_594' title='bbox 2780 3247 2874 3302; x_wconf 77' lang='grc' dir='ltr'><strong>καὶ</strong></span> <span class='ocrx_word' id='word_1_595' title='bbox 2903 3246 3064 3301; x_wconf 78' lang='grc' dir='ltr'>αὐτὸν</span> <span class='ocrx_word' id='word_1_596' title='bbox 3107 3245 3199 3299; x_wconf 80' lang='grc' dir='ltr'><strong>τὸν</strong></span> <span class='ocrx_word' id='word_1_597' title='bbox 3231 3244 3437 3298; x_wconf 83' lang='grc' dir='ltr'>Σαούλ·</span> <span class='ocrx_word' id='word_1_598' title='bbox 3484 3244 3641 3297; x_wconf 81' lang='grc' dir='ltr'>οἱονεὶ</span> 
     </span>
    </p>
   </div>
   <div class='ocr_carea' id='block_1_76' title="bbox 2070 3336 3640 3412">
    <p class='ocr_par' dir='ltr' id='par_1_76' title="bbox 2070 3336 3640 3412">
     <span class='ocr_line' id='line_1_76' title="bbox 2070 3336 3640 3412; baseline -0.003 -19"><span class='ocrx_word' id='word_1_599' title='bbox 2070 3339 2181 3412; x_wconf 79' lang='grc' dir='ltr'>γὰρ</span> <span class='ocrx_word' id='word_1_600' title='bbox 2207 3338 2269 3394; x_wconf 79' lang='grc' dir='ltr'>τὸ</span> <span class='ocrx_word' id='word_1_601' title='bbox 2297 3338 2478 3412; x_wconf 80' lang='grc' dir='ltr'>ζητεῖν</span> <span class='ocrx_word' id='word_1_602' title='bbox 2514 3340 2713 3404; x_wconf 81' lang='grc' dir='ltr'>αὐτοὺς</span> <span class='ocrx_word' id='word_1_603' title='bbox 2747 3338 2838 3394; x_wconf 74' lang='grc' dir='ltr'><strong>τὸν</strong></span> <span class='ocrx_word' id='word_1_604' title='bbox 2887 3338 3053 3391; x_wconf 73' lang='grc' dir='ltr'>Δαῦὶδ</span> <span class='ocrx_word' id='word_1_605' title='bbox 3087 3338 3257 3391; x_wconf 80' lang='grc' dir='ltr'>αἴτιον</span> <span class='ocrx_word' id='word_1_606' title='bbox 3286 3336 3479 3405; x_wconf 83' lang='grc' dir='ltr'>γέγονε</span> <span class='ocrx_word' id='word_1_607' title='bbox 3519 3353 3640 3406; x_wconf 76' lang='grc' dir='ltr'>προ-</span> 
     </span>
    </p>
   </div>
   <div class='ocr_carea' id='block_1_77' title="bbox 2072 3425 3640 3503">
    <p class='ocr_par' dir='ltr' id='par_1_77' title="bbox 2072 3425 3640 3503">
     <span class='ocr_line' id='line_1_77' title="bbox 2072 3425 3640 3503; baseline -0.001 -21"><span class='ocrx_word' id='word_1_608' title='bbox 2072 3430 2320 3502; x_wconf 82' lang='grc' dir='ltr'>φητείας,</span> <span class='ocrx_word' id='word_1_609' title='bbox 2353 3430 2489 3486; x_wconf 70' lang='grc' dir='ltr'>ἀλλὰ</span> <span class='ocrx_word' id='word_1_610' title='bbox 2521 3432 2796 3503; x_wconf 88' lang='grc' dir='ltr'>τοιαύτης,</span> <span class='ocrx_word' id='word_1_611' title='bbox 2827 3431 2985 3485; x_wconf 82' lang='grc' dir='ltr'>ὁποία</span> <span class='ocrx_word' id='word_1_612' title='bbox 3011 3430 3448 3501; x_wconf 83' lang='grc' dir='ltr'>ἀναγέγραπται.</span> <span class='ocrx_word' id='word_1_613' title='bbox 3490 3425 3640 3479; x_wconf 69' lang='grc' dir='ltr'>Ἀλλὰ</span> 
     </span>
    </p>
   </div>
   <div class='ocr_carea' id='block_1_78' title="bbox 2072 3518 3636 3594">
    <p class='ocr_par' dir='ltr' id='par_1_78' title="bbox 2072 3518 3636 3594">
     <span class='ocr_line' id='line_1_78' title="bbox 2072 3518 3636 3594; baseline -0.003 -17"><span class='ocrx_word' id='word_1_614' title='bbox 2072 3522 2168 3577; x_wconf 79' lang='grc' dir='ltr'>καὶ</span> <span class='ocrx_word' id='word_1_615' title='bbox 2195 3521 2423 3594; x_wconf 85' lang='grc' dir='ltr'>Βαλαὰμ</span> <span class='ocrx_word' id='word_1_616' title='bbox 2452 3523 2553 3577; x_wconf 83' lang='grc' dir='ltr'><strong>οὐκ</strong></span> <span class='ocrx_word' id='word_1_617' title='bbox 2585 3522 2671 3590; x_wconf 85' lang='grc' dir='ltr'>ἂν,</span> <span class='ocrx_word' id='word_1_618' title='bbox 2709 3520 2993 3577; x_wconf 78' lang='grc' dir='ltr'>ἀναλαϐὼν</span> <span class='ocrx_word' id='word_1_619' title='bbox 3037 3520 3135 3592; x_wconf 84' lang='grc' dir='ltr'><strong>τὴν</strong></span> <span class='ocrx_word' id='word_1_620' title='bbox 3172 3519 3494 3592; x_wconf 74' lang='grc' dir='ltr'>παραϐολὴν</span> <span class='ocrx_word' id='word_1_621' title='bbox 3534 3518 3636 3587; x_wconf 67' lang='grc'><strong>(45)</strong></span> 
     </span>
    </p>
   </div>
   <div class='ocr_carea' id='block_1_79' title="bbox 2073 3608 3638 3689">
    <p class='ocr_par' dir='ltr' id='par_1_79' title="bbox 2073 3608 3638 3689">
     <span class='ocr_line' id='line_1_79' title="bbox 2073 3608 3638 3689; baseline -0.004 -21"><span class='ocrx_word' id='word_1_622' title='bbox 2073 3613 2262 3681; x_wconf 77' lang='grc' dir='ltr'>αὐτοῦ,</span> <span class='ocrx_word' id='word_1_623' title='bbox 2310 3608 2432 3689; x_wconf 78' lang='grc' dir='ltr'>εἶπε</span> <span class='ocrx_word' id='word_1_624' title='bbox 2486 3614 2617 3681; x_wconf 78' lang='grc' dir='ltr'>τδ,‹</span> <span class='ocrx_word' id='word_1_625' title='bbox 2646 3615 2741 3668; x_wconf 89' lang='grc' dir='ltr'>Ἐκ</span> <span class='ocrx_word' id='word_1_626' title='bbox 2787 3610 3211 3682; x_wconf 74' lang='grc' dir='ltr'>Μεσοποταμίας</span> <span class='ocrx_word' id='word_1_627' title='bbox 3261 3610 3638 3682; x_wconf 71' lang='grc' dir='ltr'>μετεπέμψατό</span> 
     </span>
    </p>
   </div>
   <div class='ocr_carea' id='block_1_80' title="bbox 2076 3707 3639 3782">
    <p class='ocr_par' dir='ltr' id='par_1_80' title="bbox 2076 3707 3639 3782">
     <span class='ocr_line' id='line_1_80' title="bbox 2076 3707 3639 3782; baseline -0.005 -16"><span class='ocrx_word' id='word_1_628' title='bbox 2076 3728 2166 3782; x_wconf 87' lang='grc' dir='ltr'><strong>με,</strong></span> <span class='ocrx_word' id='word_1_629' title='bbox 2202 3731 2221 3765; x_wconf 73' lang='grc' dir='ltr'><strong>ι</strong></span> <span class='ocrx_word' id='word_1_630' title='bbox 2254 3713 2348 3766; x_wconf 76' lang='grc' dir='ltr'>καὶ</span> <span class='ocrx_word' id='word_1_631' title='bbox 2378 3713 2447 3767; x_wconf 80' lang='grc' dir='ltr'>τὰ</span> <span class='ocrx_word' id='word_1_632' title='bbox 2476 3710 2621 3782; x_wconf 81' lang='grc' dir='ltr'>ἑξῆς,</span> <span class='ocrx_word' id='word_1_633' title='bbox 2654 3710 2728 3782; x_wconf 83' lang='grc' dir='ltr'>μὴ</span> <span class='ocrx_word' id='word_1_634' title='bbox 2767 3708 2895 3763; x_wconf 87' lang='grc' dir='ltr'>ίδὼν</span> <span class='ocrx_word' id='word_1_635' title='bbox 2942 3707 3034 3763; x_wconf 80' lang='grc' dir='ltr'><strong>τὸν</strong></span> <span class='ocrx_word' id='word_1_636' title='bbox 3079 3708 3293 3780; x_wconf 78' lang='grc' dir='ltr'>Ἰσραὴλ</span> <span class='ocrx_word' id='word_1_637' title='bbox 3329 3708 3639 3776; x_wconf 62' lang='grc' dir='ltr'>ἐστρατοπο</span> 
     </span>
    </p>
   </div>
   <div class='ocr_carea' id='block_1_81' title="bbox 2071 3798 3632 3874">
    <p class='ocr_par' dir='ltr' id='par_1_81' title="bbox 2071 3798 3632 3874">
     <span class='ocr_line' id='line_1_81' title="bbox 2071 3798 3632 3874; baseline -0.006 -15"><span class='ocrx_word' id='word_1_638' title='bbox 2071 3803 2319 3872; x_wconf 84' lang='grc' dir='ltr'>δευκότα,</span> <span class='ocrx_word' id='word_1_639' title='bbox 2357 3804 2453 3859; x_wconf 73' lang='grc' dir='ltr'>καὶ</span> <span class='ocrx_word' id='word_1_640' title='bbox 2499 3804 2585 3859; x_wconf 71' lang='grc' dir='ltr'><strong>ἀεὶ</strong></span> <span class='ocrx_word' id='word_1_641' title='bbox 2626 3803 2752 3858; x_wconf 82' lang='grc' dir='ltr'>ἄλλο</span> <span class='ocrx_word' id='word_1_642' title='bbox 2793 3801 2956 3874; x_wconf 76' lang='grc' dir='ltr'>μέρος</span> <span class='ocrx_word' id='word_1_643' title='bbox 3002 3799 3366 3874; x_wconf 78' lang='grc' dir='ltr'>στρατοπέδου</span> <span class='ocrx_word' id='word_1_644' title='bbox 3414 3798 3632 3870; x_wconf 80' lang='grc' dir='ltr'>βλέπων,</span> 
     </span>
    </p>
   </div>
   <div class='ocr_carea' id='block_1_82' title="bbox 2074 3887 3633 3969">
    <p class='ocr_par' dir='ltr' id='par_1_82' title="bbox 2074 3887 3633 3969">
     <span class='ocr_line' id='line_1_82' title="bbox 2074 3887 3633 3969; baseline -0.006 -19"><span class='ocrx_word' id='word_1_645' title='bbox 2074 3894 2183 3949; x_wconf 84' lang='grc' dir='ltr'><strong>ἀπὸ</strong></span> <span class='ocrx_word' id='word_1_646' title='bbox 2207 3896 2308 3967; x_wconf 82' lang='grc' dir='ltr'><strong>τῆς</strong></span> <span class='ocrx_word' id='word_1_647' title='bbox 2338 3897 2656 3967; x_wconf 84' lang='grc' dir='ltr'>καινότητος</span> <span class='ocrx_word' id='word_1_648' title='bbox 2681 3893 2773 3947; x_wconf 71' lang='grc' dir='ltr'>τοῦ</span> <span class='ocrx_word' id='word_1_649' title='bbox 2807 3891 3137 3969; x_wconf 70' lang='grc' dir='ltr'>βλεπομένου</span> <span class='ocrx_word' id='word_1_650' title='bbox 3159 3892 3391 3945; x_wconf 77' lang='grc' dir='ltr'>ἐκινεῖτο</span> <span class='ocrx_word' id='word_1_651' title='bbox 3423 3889 3558 3961; x_wconf 78' lang='grc' dir='ltr'>πρὸς</span> <span class='ocrx_word' id='word_1_652' title='bbox 3584 3887 3633 3940; x_wconf 77' lang='grc' dir='ltr'>τὸ</span> 
     </span>
    </p>
   </div>
   <div class='ocr_carea' id='block_1_83' title="bbox 2073 3985 2785 4063">
    <p class='ocr_par' dir='ltr' id='par_1_83' title="bbox 2073 3985 2785 4063">
     <span class='ocr_line' id='line_1_83' title="bbox 2073 3985 2785 4063; baseline -0.004 -21"><span class='ocrx_word' id='word_1_653' title='bbox 2073 3989 2250 4060; x_wconf 82' lang='grc' dir='ltr'>λέγειν</span> <span class='ocrx_word' id='word_1_654' title='bbox 2272 3987 2513 4063; x_wconf 72' lang='grc' dir='ltr'>περὶτοῦ</span> <span class='ocrx_word' id='word_1_655' title='bbox 2549 3985 2785 4059; x_wconf 86' lang='grc' dir='ltr'>Ἰσραήλ.</span> 
     </span>
    </p>
   </div>
   <div class='ocr_carea' id='block_1_84' title="bbox 2146 4158 3626 4243">
    <p class='ocr_par' dir='ltr' id='par_1_84' title="bbox 2146 4158 3626 4243">
     <span class='ocr_line' id='line_1_84' title="bbox 2146 4158 3626 4243; baseline -0.011 -14"><span class='ocrx_word' id='word_1_656' title='bbox 2146 4172 2234 4229; x_wconf 77' lang='grc'><strong>16.</strong></span> <span class='ocrx_word' id='word_1_657' title='bbox 2262 4172 2494 4243; x_wconf 82' lang='grc' dir='ltr'>Ἔμελλε</span> <span class='ocrx_word' id='word_1_658' title='bbox 2521 4169 2699 4225; x_wconf 80' lang='grc' dir='ltr'>τοίνυν</span> <span class='ocrx_word' id='word_1_659' title='bbox 2748 4166 2956 4241; x_wconf 80' lang='grc' dir='ltr'>Ἰησοῦς</span> <span class='ocrx_word' id='word_1_660' title='bbox 2990 4164 3354 4237; x_wconf 83' lang='grc' dir='ltr'>ἀποθνήσκειν</span> <span class='ocrx_word' id='word_1_661' title='bbox 3380 4162 3522 4232; x_wconf 79' lang='grc' dir='ltr'>ὑπὲρ</span> <span class='ocrx_word' id='word_1_662' title='bbox 3545 4158 3626 4214; x_wconf 69' lang='grc' dir='ltr'>τοῦ</span> 
     </span>
    </p>
   </div>
   <div class='ocr_carea' id='block_1_85' title="bbox 2074 4255 3631 4336">
    <p class='ocr_par' dir='ltr' id='par_1_85' title="bbox 2074 4255 3631 4336">
     <span class='ocr_line' id='line_1_85' title="bbox 2074 4255 3631 4336; baseline -0.009 -17"><span class='ocrx_word' id='word_1_663' title='bbox 2074 4265 2278 4330; x_wconf 71' lang='grc' dir='ltr'>ἔθνους,</span> <span class='ocrx_word' id='word_1_664' title='bbox 2307 4265 2444 4336; x_wconf 83' lang='grc' dir='ltr'>ὅπερ</span> <span class='ocrx_word' id='word_1_665' title='bbox 2471 4262 2654 4334; x_wconf 75' lang='grc' dir='ltr'>ἕτερον</span> <span class='ocrx_word' id='word_1_666' title='bbox 2680 4256 2748 4333; x_wconf 79' lang='grc' dir='ltr'>ἦν</span> <span class='ocrx_word' id='word_1_667' title='bbox 2768 4259 2875 4314; x_wconf 86' lang='grc' dir='ltr'><strong>τῶν</strong></span> <span class='ocrx_word' id='word_1_668' title='bbox 2909 4255 3409 4329; x_wconf 81' lang='grc' dir='ltr'>διεσκορπισμένων</span> <span class='ocrx_word' id='word_1_669' title='bbox 3440 4255 3631 4308; x_wconf 79' lang='grc' dir='ltr'>τέκνων</span> 
     </span>
    </p>
   </div>
   <div class='ocr_carea' id='block_1_86' title="bbox 401 4345 1973 4424">
    <p class='ocr_par' dir='ltr' id='par_1_86' title="bbox 401 4347 1968 4417">
     <span class='ocr_line' id='line_1_86' title="bbox 401 4347 1968 4417; baseline 0 -11"><span class='ocrx_word' id='word_1_670' title='bbox 401 4364 564 4406; x_wconf 89' lang='lat' dir='ltr'><strong>cuum</strong></span> <span class='ocrx_word' id='word_1_671' title='bbox 588 4348 800 4405; x_wconf 87' lang='lat' dir='ltr'><strong>esthoc</strong></span> <span class='ocrx_word' id='word_1_672' title='bbox 828 4348 972 4404; x_wconf 91' lang='lat' dir='ltr'><strong>dicto</strong></span> <span class='ocrx_word' id='word_1_673' title='bbox 1001 4366 1015 4402; x_wconf 91' lang='lat'><strong>:</strong></span> <span class='ocrx_word' id='word_1_674' title='bbox 1051 4366 1073 4400; x_wconf 75' lang='grc' dir='ltr'><strong>ι</strong></span> <span class='ocrx_word' id='word_1_675' title='bbox 1104 4347 1370 4405; x_wconf 87' lang='lat' dir='ltr'><strong>Futurum</strong></span> <span class='ocrx_word' id='word_1_676' title='bbox 1392 4361 1528 4417; x_wconf 86' lang='lat' dir='ltr'><strong>erat,</strong></span> <span class='ocrx_word' id='word_1_677' title='bbox 1560 4361 1621 4405; x_wconf 93' lang='lat' dir='ltr'><strong>ut</strong></span> <span class='ocrx_word' id='word_1_678' title='bbox 1647 4349 1805 4407; x_wconf 67' lang='lat' dir='ltr'><strong>Iesus</strong></span> <span class='ocrx_word' id='word_1_679' title='bbox 1846 4365 1968 4406; x_wconf 86' lang='lat' dir='ltr'><strong>mo-</strong></span> 
     </span>
    </p>
   </div>
   <div class='ocr_carea' id='block_1_87' title="bbox 2146 4345 3633 4424">
    <p class='ocr_par' dir='ltr' id='par_1_87' title="bbox 2146 4345 3633 4424">
     <span class='ocr_line' id='line_1_87' title="bbox 2146 4345 3633 4424; baseline -0.005 -16"><span class='ocrx_word' id='word_1_680' title='bbox 2146 4354 2233 4419; x_wconf 79' lang='grc' dir='ltr'><strong>οὖ,</strong></span> <span class='ocrx_word' id='word_1_681' title='bbox 2264 4354 2341 4418; x_wconf 90' lang='grc' dir='ltr'>ὼς</span> <span class='ocrx_word' id='word_1_682' title='bbox 2382 4352 2538 4424; x_wconf 83' lang='grc' dir='ltr'>δῆλον</span> <span class='ocrx_word' id='word_1_683' title='bbox 2580 4353 2645 4405; x_wconf 83' lang='grc' dir='ltr'>ὲκ</span> <span class='ocrx_word' id='word_1_684' title='bbox 2671 4350 2764 4405; x_wconf 76' lang='grc' dir='ltr'>τοῦ</span> <span class='ocrx_word' id='word_1_685' title='bbox 2785 4368 2799 4382; x_wconf 77' lang='grc' dir='ltr'><strong>ο</strong></span> <span class='ocrx_word' id='word_1_686' title='bbox 2841 4368 2860 4402; x_wconf 84' lang='grc' dir='ltr'><strong>ι</strong></span> <span class='ocrx_word' id='word_1_687' title='bbox 2915 4348 3121 4422; x_wconf 83' lang='grc' dir='ltr'>Ἰησοῦς</span> <span class='ocrx_word' id='word_1_688' title='bbox 3157 4347 3380 4419; x_wconf 76' lang='grc' dir='ltr'>ἔμελλεν</span> <span class='ocrx_word' id='word_1_689' title='bbox 3414 4345 3633 4415; x_wconf 76' lang='grc' dir='ltr'>ἀποθνή-</span> 
     </span>
    </p>
   </div>
   <div class='ocr_carea' id='block_1_88' title="bbox 400 4430 1973 4518">
    <p class='ocr_par' dir='ltr' id='par_1_88' title="bbox 400 4443 1965 4513">
     <span class='ocr_line' id='line_1_88' title="bbox 400 4443 1965 4513; baseline 0.002 -15"><span class='ocrx_word' id='word_1_690' title='bbox 400 4452 614 4499; x_wconf 86' lang='lat' dir='ltr'><strong>reretur</strong></span> <span class='ocrx_word' id='word_1_691' title='bbox 643 4458 746 4497; x_wconf 90' lang='lat' dir='ltr'><strong>non</strong></span> <span class='ocrx_word' id='word_1_692' title='bbox 783 4451 991 4497; x_wconf 91' lang='lat' dir='ltr'><strong>tantum</strong></span> <span class='ocrx_word' id='word_1_693' title='bbox 1040 4456 1140 4513; x_wconf 89' lang='lat' dir='ltr'><strong>pro</strong></span> <span class='ocrx_word' id='word_1_694' title='bbox 1187 4454 1374 4513; x_wconf 87' lang='lat' dir='ltr'><strong>gente,</strong></span> <span class='ocrx_word' id='word_1_695' title='bbox 1404 4443 1497 4499; x_wconf 85' lang='lat' dir='ltr'><strong>sed</strong></span> <span class='ocrx_word' id='word_1_696' title='bbox 1532 4445 1698 4500; x_wconf 85' lang='lat' dir='ltr'><strong>etiam</strong></span> <span class='ocrx_word' id='word_1_697' title='bbox 1732 4454 1792 4500; x_wconf 89' lang='lat' dir='ltr'><strong>ut</strong></span> <span class='ocrx_word' id='word_1_698' title='bbox 1826 4445 1965 4501; x_wconf 86' lang='lat' dir='ltr'><strong>ﬁlios</strong></span> 
     </span>
    </p>
   </div>
   <div class='ocr_carea' id='block_1_89' title="bbox 2146 4430 3633 4518">
    <p class='ocr_par' dir='ltr' id='par_1_89' title="bbox 2146 4430 3633 4518">
     <span class='ocr_line' id='line_1_89' title="bbox 2146 4430 3633 4518; baseline -0.008 -16"><span class='ocrx_word' id='word_1_699' title='bbox 2146 4466 2222 4501; x_wconf 89' lang='grc' dir='ltr'><strong>ειν</strong></span> <span class='ocrx_word' id='word_1_700' title='bbox 2260 4448 2362 4518; x_wconf 82' lang='grc' dir='ltr'><strong>οὑχ</strong></span> <span class='ocrx_word' id='word_1_701' title='bbox 2396 4430 2535 4518; x_wconf 74' lang='grc' dir='ltr'>ὑπὲρ</span> <span class='ocrx_word' id='word_1_702' title='bbox 2573 4442 2669 4499; x_wconf 75' lang='grc' dir='ltr'>τοῦ</span> <span class='ocrx_word' id='word_1_703' title='bbox 2715 4443 2899 4507; x_wconf 77' lang='grc' dir='ltr'>ἔθνους</span> <span class='ocrx_word' id='word_1_704' title='bbox 2930 4441 3110 4514; x_wconf 86' lang='grc' dir='ltr'>μόνον,</span> <span class='ocrx_word' id='word_1_705' title='bbox 3156 4440 3269 4494; x_wconf 85' lang='grc' dir='ltr'>ἀλλ’</span> <span class='ocrx_word' id='word_1_706' title='bbox 3309 4440 3397 4493; x_wconf 80' lang='grc' dir='ltr'><strong>ἴνα</strong></span> <span class='ocrx_word' id='word_1_707' title='bbox 3439 4440 3533 4493; x_wconf 79' lang='grc' dir='ltr'>καὶ</span> <span class='ocrx_word' id='word_1_708' title='bbox 3575 4436 3633 4490; x_wconf 70' lang='grc' dir='ltr'><strong>τὰ</strong></span> 
     </span>
    </p>
   </div>
   <div class='ocr_carea' id='block_1_90' title="bbox 402 4523 1973 4606">
    <p class='ocr_par' dir='ltr' id='par_1_90' title="bbox 402 4523 1957 4606">
     <span class='ocr_line' id='line_1_90' title="bbox 402 4523 1957 4606; baseline 0.001 -18"><span class='ocrx_word' id='word_1_709' title='bbox 402 4534 527 4599; x_wconf 88' lang='lat' dir='ltr'><strong>Dei,</strong></span> <span class='ocrx_word' id='word_1_710' title='bbox 551 4534 643 4605; x_wconf 83' lang='lat' dir='ltr'><strong>qui</strong></span> <span class='ocrx_word' id='word_1_711' title='bbox 673 4533 901 4605; x_wconf 90' lang='lat' dir='ltr'><strong>dispersi</strong></span> <span class='ocrx_word' id='word_1_712' title='bbox 935 4546 1113 4600; x_wconf 86' lang='lat' dir='ltr'><strong>erant,</strong></span> <span class='ocrx_word' id='word_1_713' title='bbox 1149 4523 1504 4606; x_wconf 77' lang='lat' dir='ltr'><strong>congregaret</strong></span> <span class='ocrx_word' id='word_1_714' title='bbox 1538 4536 1591 4590; x_wconf 92' lang='lat' dir='ltr'><strong>in</strong></span> <span class='ocrx_word' id='word_1_715' title='bbox 1627 4551 1790 4589; x_wconf 89' lang='lat' dir='ltr'><strong>unum</strong></span> <span class='ocrx_word' id='word_1_716' title='bbox 1826 4536 1894 4592; x_wconf 83' lang='grc'><strong>⁷⁸.</strong></span> <span class='ocrx_word' id='word_1_717' title='bbox 1937 4556 1957 4590; x_wconf 76' lang='grc' dir='ltr'><strong>ι</strong></span> 
     </span>
    </p>
   </div>
   <div class='ocr_carea' id='block_1_91' title="bbox 2146 4523 3627 4606">
    <p class='ocr_par' dir='ltr' id='par_1_91' title="bbox 2146 4529 3627 4606">
     <span class='ocr_line' id='line_1_91' title="bbox 2146 4529 3627 4606; baseline -0.008 -13"><span class='ocrx_word' id='word_1_718' title='bbox 2146 4556 2237 4593; x_wconf 68' lang='grc' dir='ltr'><strong>ινα</strong></span> <span class='ocrx_word' id='word_1_719' title='bbox 2260 4538 2354 4592; x_wconf 76' lang='grc' dir='ltr'>τοῦ</span> <span class='ocrx_word' id='word_1_720' title='bbox 2380 4536 2516 4591; x_wconf 80' lang='grc' dir='ltr'><strong>Θεοῦ</strong></span> <span class='ocrx_word' id='word_1_721' title='bbox 2539 4536 2609 4591; x_wconf 83' lang='grc' dir='ltr'>τὰ</span> <span class='ocrx_word' id='word_1_722' title='bbox 2629 4532 3084 4606; x_wconf 79' lang='grc' dir='ltr'>διεσκορπισμένα</span> <span class='ocrx_word' id='word_1_723' title='bbox 3113 4529 3396 4603; x_wconf 77' lang='grc' dir='ltr'>συναγάγῃ</span> <span class='ocrx_word' id='word_1_724' title='bbox 3419 4531 3498 4594; x_wconf 71' lang='grc' dir='ltr'>εἰς</span> <span class='ocrx_word' id='word_1_725' title='bbox 3515 4529 3588 4582; x_wconf 79' lang='grc' dir='ltr'><strong>ἓν.</strong></span> <span class='ocrx_word' id='word_1_726' title='bbox 3610 4548 3627 4580; x_wconf 76' lang='lat' dir='ltr'><strong>t</strong></span> 
     </span>
    </p>
   </div>
   <div class='ocr_carea' id='block_1_92' title="bbox 400 4619 1973 4698">
    <p class='ocr_par' dir='ltr' id='par_1_92' title="bbox 400 4623 1964 4696">
     <span class='ocr_line' id='line_1_92' title="bbox 400 4623 1964 4696; baseline 0.001 -17"><span class='ocrx_word' id='word_1_727' title='bbox 400 4626 634 4692; x_wconf 84' lang='lat' dir='ltr'><strong>Quinam</strong></span> <span class='ocrx_word' id='word_1_728' title='bbox 665 4639 797 4681; x_wconf 87' lang='lat' dir='ltr'><strong>vero</strong></span> <span class='ocrx_word' id='word_1_729' title='bbox 827 4623 942 4689; x_wconf 92' lang='lat' dir='ltr'><strong>alii,</strong></span> <span class='ocrx_word' id='word_1_730' title='bbox 979 4633 1177 4695; x_wconf 73' lang='lat' dir='ltr'><strong>praater</strong></span> <span class='ocrx_word' id='word_1_731' title='bbox 1217 4634 1428 4696; x_wconf 84' lang='lat' dir='ltr'><strong>gentes,</strong></span> <span class='ocrx_word' id='word_1_732' title='bbox 1468 4625 1560 4680; x_wconf 87' lang='lat' dir='ltr'><strong>ﬁlii</strong></span> <span class='ocrx_word' id='word_1_733' title='bbox 1594 4625 1688 4680; x_wconf 88' lang='lat' dir='ltr'><strong>Dei</strong></span> <span class='ocrx_word' id='word_1_734' title='bbox 1732 4626 1964 4696; x_wconf 86' lang='lat' dir='ltr'><strong>dispersi</strong></span> 
     </span>
    </p>
   </div>
   <div class='ocr_carea' id='block_1_93' title="bbox 2146 4619 3631 4698">
    <p class='ocr_par' dir='ltr' id='par_1_93' title="bbox 2146 4619 3631 4698">
     <span class='ocr_line' id='line_1_93' title="bbox 2146 4619 3631 4698; baseline -0.007 -17"><span class='ocrx_word' id='word_1_735' title='bbox 2146 4645 2207 4681; x_wconf 82' lang='lat' dir='ltr'><strong>va.</strong></span> <span class='ocrx_word' id='word_1_736' title='bbox 2260 4628 2317 4681; x_wconf 85' lang='grc' dir='ltr'>δὲ</span> <span class='ocrx_word' id='word_1_737' title='bbox 2365 4626 2438 4680; x_wconf 85' lang='grc' dir='ltr'>τὰ</span> <span class='ocrx_word' id='word_1_738' title='bbox 2498 4625 2648 4698; x_wconf 80' lang='grc' dir='ltr'>παρὰ</span> <span class='ocrx_word' id='word_1_739' title='bbox 2690 4623 2753 4679; x_wconf 82' lang='grc' dir='ltr'>τὸ</span> <span class='ocrx_word' id='word_1_740' title='bbox 2805 4624 2955 4688; x_wconf 73' lang='grc' dir='ltr'>ἔθνος</span> <span class='ocrx_word' id='word_1_741' title='bbox 2992 4620 3455 4694; x_wconf 82' lang='grc' dir='ltr'>διεσκορπισμένα</span> <span class='ocrx_word' id='word_1_742' title='bbox 3482 4619 3631 4673; x_wconf 78' lang='grc' dir='ltr'>τέκνα</span> 
     </span>
    </p>
   </div>
   <div class='ocr_carea' id='block_1_94' title="bbox 400 4714 1973 4791">
    <p class='ocr_par' dir='ltr' id='par_1_94' title="bbox 400 4716 1962 4787">
     <span class='ocr_line' id='line_1_94' title="bbox 400 4716 1962 4787; baseline 0.001 -16"><span class='ocrx_word' id='word_1_743' title='bbox 400 4724 587 4772; x_wconf 88' lang='lat' dir='ltr'><strong>essent</strong></span> <span class='ocrx_word' id='word_1_744' title='bbox 621 4731 767 4770; x_wconf 90' lang='lat' dir='ltr'><strong>nunc</strong></span> <span class='ocrx_word' id='word_1_745' title='bbox 803 4725 1016 4786; x_wconf 90' lang='lat' dir='ltr'><strong>tempus</strong></span> <span class='ocrx_word' id='word_1_746' title='bbox 1061 4725 1145 4771; x_wconf 91' lang='lat' dir='ltr'><strong>est</strong></span> <span class='ocrx_word' id='word_1_747' title='bbox 1184 4730 1429 4785; x_wconf 73' lang='lat' dir='ltr'><strong>quaerere</strong></span> <span class='ocrx_word' id='word_1_748' title='bbox 1459 4733 1474 4771; x_wconf 93' lang='lat'><strong>:</strong></span> <span class='ocrx_word' id='word_1_749' title='bbox 1512 4717 1578 4771; x_wconf 92' lang='lat' dir='ltr'><strong>de</strong></span> <span class='ocrx_word' id='word_1_750' title='bbox 1607 4716 1826 4786; x_wconf 88' lang='lat' dir='ltr'><strong>quibus,</strong></span> <span class='ocrx_word' id='word_1_751' title='bbox 1868 4717 1962 4787; x_wconf 89' lang='lat' dir='ltr'><strong>qui</strong></span> 
     </span>
    </p>
   </div>
   <div class='ocr_carea' id='block_1_95' title="bbox 2146 4714 3633 4791">
    <p class='ocr_par' dir='ltr' id='par_1_95' title="bbox 2146 4714 3633 4791">
     <span class='ocr_line' id='line_1_95' title="bbox 2146 4714 3633 4791; baseline -0.006 -16"><span class='ocrx_word' id='word_1_752' title='bbox 2146 4719 2228 4785; x_wconf 81' lang='grc' dir='ltr'>οὗ,</span> <span class='ocrx_word' id='word_1_753' title='bbox 2250 4718 2346 4774; x_wconf 78' lang='grc' dir='ltr'>νῦν</span> <span class='ocrx_word' id='word_1_754' title='bbox 2374 4718 2563 4791; x_wconf 73' lang='grc' dir='ltr'>καιρὸς</span> <span class='ocrx_word' id='word_1_755' title='bbox 2587 4718 2690 4791; x_wconf 76' lang='grc' dir='ltr'><strong>ήδη</strong></span> <span class='ocrx_word' id='word_1_756' title='bbox 2721 4717 2924 4789; x_wconf 81' lang='grc' dir='ltr'>ζητεῖν.</span> <span class='ocrx_word' id='word_1_757' title='bbox 2951 4715 3087 4788; x_wconf 78' lang='grc' dir='ltr'>Περὶ</span> <span class='ocrx_word' id='word_1_758' title='bbox 3124 4714 3329 4769; x_wconf 85' lang='grc' dir='ltr'>τούτων</span> <span class='ocrx_word' id='word_1_759' title='bbox 3367 4714 3433 4784; x_wconf 83' lang='grc' dir='ltr'>δὴ</span> <span class='ocrx_word' id='word_1_760' title='bbox 3462 4716 3510 4767; x_wconf 83' lang='lat' dir='ltr'><strong>oi</strong></span> <span class='ocrx_word' id='word_1_761' title='bbox 3548 4714 3633 4785; x_wconf 76' lang='grc' dir='ltr'><strong>μὲν</strong></span> 
     </span>
    </p>
   </div>
   <div class='ocr_carea' id='block_1_96' title="bbox 400 4805 1973 4882">
    <p class='ocr_par' dir='ltr' id='par_1_96' title="bbox 400 4807 1964 4880">
     <span class='ocr_line' id='line_1_96' title="bbox 400 4807 1964 4880; baseline 0.003 -20"><span class='ocrx_word' id='word_1_762' title='bbox 400 4816 626 4862; x_wconf 84' lang='lat' dir='ltr'><strong>naturas</strong></span> <span class='ocrx_word' id='word_1_763' title='bbox 651 4807 1022 4872; x_wconf 86' lang='lat' dir='ltr'><strong>introducunt,</strong></span> <span class='ocrx_word' id='word_1_764' title='bbox 1064 4808 1263 4862; x_wconf 87' lang='lat' dir='ltr'><strong>dicturi</strong></span> <span class='ocrx_word' id='word_1_765' title='bbox 1305 4818 1430 4864; x_wconf 89' lang='lat' dir='ltr'><strong>sunt</strong></span> <span class='ocrx_word' id='word_1_766' title='bbox 1465 4808 1585 4864; x_wconf 89' lang='lat' dir='ltr'><strong>illos</strong></span> <span class='ocrx_word' id='word_1_767' title='bbox 1633 4809 1727 4880; x_wconf 88' lang='lat' dir='ltr'><strong>qui</strong></span> <span class='ocrx_word' id='word_1_768' title='bbox 1757 4809 1964 4879; x_wconf 85' lang='lat' dir='ltr'><strong>judicio</strong></span> 
     </span>
    </p>
   </div>
   <div class='ocr_carea' id='block_1_97' title="bbox 2146 4805 3634 4882">
    <p class='ocr_par' dir='ltr' id='par_1_97' title="bbox 2148 4805 3634 4882">
     <span class='ocr_line' id='line_1_97' title="bbox 2148 4805 3634 4882; baseline -0.003 -18"><span class='ocrx_word' id='word_1_769' title='bbox 2148 4830 2176 4876; x_wconf 86' lang='grc' dir='ltr'><strong>ς</strong></span> <span class='ocrx_word' id='word_1_770' title='bbox 2200 4810 2393 4882; x_wconf 87' lang='grc' dir='ltr'>φύσεις</span> <span class='ocrx_word' id='word_1_771' title='bbox 2412 4810 2721 4880; x_wconf 79' lang='grc' dir='ltr'>εἰσάγοντες</span> <span class='ocrx_word' id='word_1_772' title='bbox 2749 4808 2883 4879; x_wconf 76' lang='grc'>(46),</span> <span class='ocrx_word' id='word_1_773' title='bbox 2925 4811 3051 4874; x_wconf 81' lang='grc' dir='ltr'>τοὺς</span> <span class='ocrx_word' id='word_1_774' title='bbox 3090 4807 3210 4862; x_wconf 83' lang='grc' dir='ltr'>κατ’</span> <span class='ocrx_word' id='word_1_775' title='bbox 3253 4805 3460 4870; x_wconf 69' lang='grc' dir='ltr'>αὐτοὺς</span> <span class='ocrx_word' id='word_1_776' title='bbox 3500 4821 3634 4859; x_wconf 83' lang='grc' dir='ltr'>πνευ-</span> 
     </span>
    </p>
   </div>
   <div class='ocr_carea' id='block_1_98' title="bbox 399 4897 1973 4977">
    <p class='ocr_par' dir='ltr' id='par_1_98' title="bbox 399 4899 1968 4975">
     <span class='ocr_line' id='line_1_98' title="bbox 399 4899 1968 4975; baseline 0.003 -21"><span class='ocrx_word' id='word_1_777' title='bbox 399 4913 584 4954; x_wconf 87' lang='lat' dir='ltr'><strong>eorum</strong></span> <span class='ocrx_word' id='word_1_778' title='bbox 613 4908 741 4953; x_wconf 88' lang='lat' dir='ltr'><strong>sunt</strong></span> <span class='ocrx_word' id='word_1_779' title='bbox 773 4899 1102 4968; x_wconf 87' lang='lat' dir='ltr'><strong>spirituales,</strong></span> <span class='ocrx_word' id='word_1_780' title='bbox 1130 4899 1270 4956; x_wconf 86' lang='lat' dir='ltr'><strong>ﬁlios</strong></span> <span class='ocrx_word' id='word_1_781' title='bbox 1304 4913 1425 4956; x_wconf 85' lang='lat' dir='ltr'><strong>esse</strong></span> <span class='ocrx_word' id='word_1_782' title='bbox 1460 4901 1577 4969; x_wconf 81' lang='lat' dir='ltr'><strong>Dei,</strong></span> <span class='ocrx_word' id='word_1_783' title='bbox 1607 4901 1968 4975; x_wconf 81' lang='lat' dir='ltr'><strong>spiritualiter</strong></span> 
     </span>
    </p>
   </div>
   <div class='ocr_carea' id='block_1_99' title="bbox 2146 4897 3629 4977">
    <p class='ocr_par' dir='ltr' id='par_1_99' title="bbox 2146 4897 3629 4975">
     <span class='ocr_line' id='line_1_99' title="bbox 2146 4897 3629 4975; baseline -0.003 -20"><span class='ocrx_word' id='word_1_784' title='bbox 2146 4905 2338 4968; x_wconf 80' lang='grc' dir='ltr'>,τικοὺς</span> <span class='ocrx_word' id='word_1_785' title='bbox 2374 4904 2640 4975; x_wconf 84' lang='grc' dir='ltr'>φήσουσιν</span> <span class='ocrx_word' id='word_1_786' title='bbox 2676 4897 2815 4957; x_wconf 75' lang='grc' dir='ltr'>εἶναι</span> <span class='ocrx_word' id='word_1_787' title='bbox 2841 4900 2911 4957; x_wconf 87' lang='grc' dir='ltr'>τὰ</span> <span class='ocrx_word' id='word_1_788' title='bbox 2935 4900 3102 4954; x_wconf 81' lang='grc' dir='ltr'>τέκνα</span> <span class='ocrx_word' id='word_1_789' title='bbox 3139 4900 3233 4953; x_wconf 74' lang='grc' dir='ltr'>τοῦ</span> <span class='ocrx_word' id='word_1_790' title='bbox 3273 4898 3437 4967; x_wconf 73' lang='grc' dir='ltr'>Θεοῦ,</span> <span class='ocrx_word' id='word_1_791' title='bbox 3481 4915 3629 4952; x_wconf 67' lang='lat' dir='ltr'><strong>meu-</strong></span> 
     </span>
    </p>
   </div>
   <div class='ocr_carea' id='block_1_100' title="bbox 399 4988 1973 5068">
    <p class='ocr_par' dir='ltr' id='par_1_100' title="bbox 399 4988 1966 5058">
     <span class='ocr_line' id='line_1_100' title="bbox 399 4988 1966 5058; baseline 0.004 -13"><span class='ocrx_word' id='word_1_792' title='bbox 399 5005 507 5046; x_wconf 90' lang='lat' dir='ltr'><strong>non</strong></span> <span class='ocrx_word' id='word_1_793' title='bbox 535 4988 896 5058; x_wconf 83' lang='lat' dir='ltr'><strong>dijudicautes</strong></span> <span class='ocrx_word' id='word_1_794' title='bbox 941 4993 1149 5047; x_wconf 89' lang='lat' dir='ltr'><strong>omnia.</strong></span> <span class='ocrx_word' id='word_1_795' title='bbox 1201 4992 1315 5048; x_wconf 85' lang='lat' dir='ltr'><strong>Hoc</strong></span> <span class='ocrx_word' id='word_1_796' title='bbox 1368 4993 1513 5048; x_wconf 91' lang='lat' dir='ltr'><strong>enim</strong></span> <span class='ocrx_word' id='word_1_797' title='bbox 1561 4993 1743 5049; x_wconf 86' lang='lat' dir='ltr'><strong>dicere</strong></span> <span class='ocrx_word' id='word_1_798' title='bbox 1771 5009 1966 5051; x_wconf 89' lang='lat' dir='ltr'><strong>conse-</strong></span> 
     </span>
    </p>
   </div>
   <div class='ocr_carea' id='block_1_101' title="bbox 2146 4988 3630 5068">
    <p class='ocr_par' dir='ltr' id='par_1_101' title="bbox 2146 4990 3630 5066">
     <span class='ocr_line' id='line_1_101' title="bbox 2146 4990 3630 5066; baseline -0.005 -16"><span class='ocrx_word' id='word_1_799' title='bbox 2146 4995 2319 5060; x_wconf 74' lang='grc' dir='ltr'>ιτικῶς</span> <span class='ocrx_word' id='word_1_800' title='bbox 2366 4997 2468 5049; x_wconf 82' lang='grc' dir='ltr'><strong>οὐκ</strong></span> <span class='ocrx_word' id='word_1_801' title='bbox 2510 4994 2897 5066; x_wconf 85' lang='grc' dir='ltr'>ἀνακρίναντες</span> <span class='ocrx_word' id='word_1_802' title='bbox 2937 4992 3174 5056; x_wconf 81' lang='grc' dir='ltr'>πάντας’</span> <span class='ocrx_word' id='word_1_803' title='bbox 3207 4990 3365 5044; x_wconf 73' lang='grc' dir='ltr'>τοῦτο</span> <span class='ocrx_word' id='word_1_804' title='bbox 3392 4990 3498 5064; x_wconf 81' lang='grc' dir='ltr'><strong>γὰρ</strong></span> <span class='ocrx_word' id='word_1_805' title='bbox 3524 4991 3630 5044; x_wconf 71' lang='grc' dir='ltr'>ἀπιο-</span> 
     </span>
    </p>
   </div>
   <div class='ocr_carea' id='block_1_102' title="bbox 399 5069 1973 5159">
    <p class='ocr_par' dir='ltr' id='par_1_102' title="bbox 399 5069 1967 5157">
     <span class='ocr_line' id='line_1_102' title="bbox 399 5069 1967 5157; baseline 0.005 -21"><span class='ocrx_word' id='word_1_806' title='bbox 399 5097 569 5153; x_wconf 89' lang='lat' dir='ltr'><strong>quens</strong></span> <span class='ocrx_word' id='word_1_807' title='bbox 584 5069 772 5138; x_wconf 59' lang='lat' dir='ltr'><strong>est&#39;eos</strong></span> <span class='ocrx_word' id='word_1_808' title='bbox 784 5081 874 5153; x_wconf 82' lang='lat' dir='ltr'><strong>qui</strong></span> <span class='ocrx_word' id='word_1_809' title='bbox 891 5090 1110 5140; x_wconf 87' lang='lat' dir='ltr'><strong>naturas</strong></span> <span class='ocrx_word' id='word_1_810' title='bbox 1119 5097 1241 5140; x_wconf 88' lang='lat' dir='ltr'><strong>esse</strong></span> <span class='ocrx_word' id='word_1_811' title='bbox 1256 5085 1590 5152; x_wconf 78' lang='lat' dir='ltr'><strong>existimant,</strong></span> <span class='ocrx_word' id='word_1_812' title='bbox 1608 5084 1967 5157; x_wconf 79' lang='lat' dir='ltr'><strong>intelligentes</strong></span> 
     </span>
    </p>
   </div>
   <div class='ocr_carea' id='block_1_103' title="bbox 2146 5069 3627 5159">
    <p class='ocr_par' dir='ltr' id='par_1_103' title="bbox 2146 5081 3627 5159">
     <span class='ocr_line' id='line_1_103' title="bbox 2146 5081 3627 5159; baseline -0.005 -16"><span class='ocrx_word' id='word_1_813' title='bbox 2146 5088 2251 5143; x_wconf 64' lang='lat'><strong>:05!</strong></span> <span class='ocrx_word' id='word_1_814' title='bbox 2310 5088 2487 5159; x_wconf 79' lang='grc' dir='ltr'>λέγειν</span> <span class='ocrx_word' id='word_1_815' title='bbox 2542 5090 2655 5151; x_wconf 82' lang='grc' dir='ltr'>τοῖς</span> <span class='ocrx_word' id='word_1_816' title='bbox 2732 5086 2922 5157; x_wconf 88' lang='grc' dir='ltr'>φύσεις</span> <span class='ocrx_word' id='word_1_817' title='bbox 2980 5081 3120 5140; x_wconf 72' lang='grc' dir='ltr'>εἶναι</span> <span class='ocrx_word' id='word_1_818' title='bbox 3174 5083 3477 5155; x_wconf 74' lang='grc' dir='ltr'>οἰομένοις,</span> <span class='ocrx_word' id='word_1_819' title='bbox 3547 5083 3627 5136; x_wconf 74' lang='grc' dir='ltr'>καὶ</span> 
     </span>
    </p>
   </div>
   <div class='ocr_carea' id='block_1_104' title="bbox 502 5264 1973 5339">
    <p class='ocr_par' dir='ltr' id='par_1_104' title="bbox 502 5266 1969 5339">
     <span class='ocr_line' id='line_1_104' title="bbox 502 5266 1969 5339; baseline 0.003 -16"><span class='ocrx_word' id='word_1_820' title='bbox 502 5266 551 5300; x_wconf 74' lang='grc'>⁷⁸</span> <span class='ocrx_word' id='word_1_821' title='bbox 580 5266 738 5323; x_wconf 77' lang='lat' dir='ltr'><strong>Joau.</strong></span> <span class='ocrx_word' id='word_1_822' title='bbox 760 5282 838 5337; x_wconf 86' lang='lat' dir='ltr'><strong>xt,</strong></span> <span class='ocrx_word' id='word_1_823' title='bbox 868 5268 960 5324; x_wconf 74' lang='grc'><strong>51.</strong></span> <span class='ocrx_word' id='word_1_824' title='bbox 1056 5270 1103 5302; x_wconf 76' lang='grc'><strong>⁷⁸</strong></span> <span class='ocrx_word' id='word_1_825' title='bbox 1125 5269 1144 5324; x_wconf 92' lang='grc' dir='ltr'><strong>Ι</strong></span> <span class='ocrx_word' id='word_1_826' title='bbox 1170 5269 1312 5326; x_wconf 88' lang='lat' dir='ltr'><strong>Tim.</strong></span> <span class='ocrx_word' id='word_1_827' title='bbox 1345 5287 1385 5336; x_wconf 91' lang='grc' dir='ltr'><strong>ι,</strong></span> <span class='ocrx_word' id='word_1_828' title='bbox 1419 5271 1471 5327; x_wconf 90' lang='lat'><strong>7.</strong></span> <span class='ocrx_word' id='word_1_829' title='bbox 1543 5271 1590 5304; x_wconf 80' lang='grc'><strong>⁷⁸</strong></span> <span class='ocrx_word' id='word_1_830' title='bbox 1610 5269 1772 5326; x_wconf 87' lang='lat' dir='ltr'><strong>Prov.</strong></span> <span class='ocrx_word' id='word_1_831' title='bbox 1802 5287 1913 5339; x_wconf 85' lang='lat' dir='ltr'><strong>xvt,</strong></span> <span class='ocrx_word' id='word_1_832' title='bbox 1935 5272 1969 5327; x_wconf 73' lang='lat'>2</span> 
     </span>
    </p>
   </div>
   <div class='ocr_carea' id='block_1_105' title="bbox 2146 5264 3277 5339">
    <p class='ocr_par' dir='ltr' id='par_1_105' title="bbox 2150 5264 3277 5335">
     <span class='ocr_line' id='line_1_105' title="bbox 2150 5264 3277 5335; baseline -0.004 -11"><span class='ocrx_word' id='word_1_833' title='bbox 2150 5271 2169 5301; x_wconf 86' lang='lat'><strong><em>&quot;</em></strong></span> <span class='ocrx_word' id='word_1_834' title='bbox 2192 5268 2353 5324; x_wconf 85' lang='lat' dir='ltr'><strong>Num.</strong></span> <span class='ocrx_word' id='word_1_835' title='bbox 2382 5283 2539 5335; x_wconf 85' lang='lat' dir='ltr'><strong>xxm,</strong></span> <span class='ocrx_word' id='word_1_836' title='bbox 2570 5267 2624 5322; x_wconf 88' lang='lat'><strong>7.</strong></span> <span class='ocrx_word' id='word_1_837' title='bbox 2725 5267 2771 5299; x_wconf 82' lang='lat'><strong>&quot;</strong></span> <span class='ocrx_word' id='word_1_838' title='bbox 2791 5265 2946 5322; x_wconf 77' lang='lat' dir='ltr'><strong>Joan.</strong></span> <span class='ocrx_word' id='word_1_839' title='bbox 2973 5281 3049 5330; x_wconf 69' lang='grc' dir='ltr'><strong>ιι,</strong></span> <span class='ocrx_word' id='word_1_840' title='bbox 3076 5265 3168 5331; x_wconf 76' lang='grc'><strong>51,</strong></span> <span class='ocrx_word' id='word_1_841' title='bbox 3189 5264 3277 5319; x_wconf 68' lang='lat'><strong>53.</strong></span> 
     </span>
    </p>
   </div>
   <div class='ocr_carea' id='block_1_106' title="bbox 471 5357 1973 5435">
    <p class='ocr_par' dir='ltr' id='par_1_106' title="bbox 471 5360 1970 5435">
     <span class='ocr_line' id='line_1_106' title="bbox 471 5360 1970 5435; baseline 0.004 -21"><span class='ocrx_word' id='word_1_842' title='bbox 471 5360 583 5433; x_wconf 74' lang='grc'><strong>(42)</strong></span> <span class='ocrx_word' id='word_1_843' title='bbox 612 5362 787 5435; x_wconf 74' lang='lat' dir='ltr'><strong>Editio</strong></span> <span class='ocrx_word' id='word_1_844' title='bbox 812 5360 990 5435; x_wconf 72' lang='lat' dir='ltr'><strong>[luetii</strong></span> <span class='ocrx_word' id='word_1_845' title='bbox 1022 5376 1307 5435; x_wconf 81' lang='lat' dir='ltr'><strong>perperam</strong></span> <span class='ocrx_word' id='word_1_846' title='bbox 1330 5364 1385 5435; x_wconf 86' lang='lat' dir='ltr'><strong>in</strong></span> <span class='ocrx_word' id='word_1_847' title='bbox 1413 5374 1559 5420; x_wconf 85' lang='lat' dir='ltr'><strong>textu</strong></span> <span class='ocrx_word' id='word_1_848' title='bbox 1577 5365 1759 5428; x_wconf 85' lang='lat' dir='ltr'><strong>habet,</strong></span> <span class='ocrx_word' id='word_1_849' title='bbox 1786 5362 1970 5434; x_wconf 82' lang='grc' dir='ltr'>ελεγον</span> 
     </span>
    </p>
   </div>
   <div class='ocr_carea' id='block_1_107' title="bbox 2146 5357 3621 5435">
    <p class='ocr_par' dir='ltr' id='par_1_107' title="bbox 2147 5357 3621 5435">
     <span class='ocr_line' id='line_1_107' title="bbox 2147 5357 3621 5435; baseline -0.003 -17"><span class='ocrx_word' id='word_1_850' title='bbox 2147 5362 2262 5435; x_wconf 73' lang='grc'><strong>(45)</strong></span> <span class='ocrx_word' id='word_1_851' title='bbox 2294 5358 2791 5435; x_wconf 43' lang='grc' dir='ltr'>Παραϐολήκηδὶο</span> <span class='ocrx_word' id='word_1_852' title='bbox 2822 5362 3162 5435; x_wconf 64' lang='lat' dir='ltr'><strong>recteeodex</strong></span> <span class='ocrx_word' id='word_1_853' title='bbox 3192 5357 3621 5435; x_wconf 79' lang='lat' dir='ltr'><strong>Regius;_Ferra-_</strong></span> 
     </span>
    </p>
   </div>
   <div class='ocr_carea' id='block_1_108' title="bbox 398 5428 1973 5504">
    <p class='ocr_par' dir='ltr' id='par_1_108' title="bbox 398 5428 1969 5504">
     <span class='ocr_line' id='line_1_108' title="bbox 398 5428 1969 5504; baseline 0.003 -19"><span class='ocrx_word' id='word_1_854' title='bbox 398 5431 461 5485; x_wconf 72' lang='grc' dir='ltr'><strong>τὸ</strong></span> <span class='ocrx_word' id='word_1_855' title='bbox 481 5428 816 5504; x_wconf 78' lang='grc' dir='ltr'>’χρηματίζω</span> <span class='ocrx_word' id='word_1_856' title='bbox 846 5428 1241 5499; x_wconf 55' lang='grc' dir='ltr'>ἐθνοςίοοὶιιιιο</span> <span class='ocrx_word' id='word_1_857' title='bbox 1269 5433 1430 5490; x_wconf 87' lang='lat' dir='ltr'><strong>ﬁdem</strong></span> <span class='ocrx_word' id='word_1_858' title='bbox 1464 5435 1668 5491; x_wconf 86' lang='lat' dir='ltr'><strong>codicis</strong></span> <span class='ocrx_word' id='word_1_859' title='bbox 1719 5428 1969 5491; x_wconf 81' lang='lat' dir='ltr'><strong>Bodleia-</strong></span> 
     </span>
    </p>
   </div>
   <div class='ocr_carea' id='block_1_109' title="bbox 2146 5428 3620 5504">
    <p class='ocr_par' dir='ltr' id='par_1_109' title="bbox 2146 5428 3620 5504">
     <span class='ocr_line' id='line_1_109' title="bbox 2146 5428 3620 5504; baseline -0.005 -15"><span class='ocrx_word' id='word_1_860' title='bbox 2146 5428 2196 5489; x_wconf 66' lang='grc' dir='ltr'><strong>ιε</strong></span> <span class='ocrx_word' id='word_1_861' title='bbox 2226 5428 2354 5488; x_wconf 74' lang='lat' dir='ltr'><strong>vero</strong></span> <span class='ocrx_word' id='word_1_862' title='bbox 2381 5428 2576 5504; x_wconf 79' lang='lat' dir='ltr'><strong>legisse</strong></span> <span class='ocrx_word' id='word_1_863' title='bbox 2604 5428 2820 5504; x_wconf 76' lang='lat' dir='ltr'><strong>videtur</strong></span> <span class='ocrx_word' id='word_1_864' title='bbox 2847 5428 3136 5504; x_wconf 71' lang='grc' dir='ltr'>ᾁναὸοὶήν,</span> <span class='ocrx_word' id='word_1_865' title='bbox 3164 5432 3329 5482; x_wconf 77' lang='lat' dir='ltr'><strong>vertit</strong></span> <span class='ocrx_word' id='word_1_866' title='bbox 3350 5431 3522 5504; x_wconf 79' lang='lat' dir='ltr'><strong>enim,</strong></span> <span class='ocrx_word' id='word_1_867' title='bbox 3549 5429 3620 5482; x_wconf 72' lang='lat' dir='ltr'><strong>cui</strong></span> 
     </span>
    </p>
   </div>
   <div class='ocr_carea' id='block_1_110' title="bbox 403 5499 3621 5573">
    <p class='ocr_par' dir='ltr' id='par_1_110' title="bbox 403 5499 3621 5573">
     <span class='ocr_line' id='line_1_110' title="bbox 403 5499 3621 5573; baseline -0.001 -18"><span class='ocrx_word' id='word_1_868' title='bbox 403 5499 645 5573; x_wconf 19' lang='lat' dir='ltr'><strong>ni.__&#39;__&quot;W</strong></span> <span class='ocrx_word' id='word_1_869' title='bbox 708 5571 719 5573; x_wconf 95' lang='lat'><em>_</em></span> <span class='ocrx_word' id='word_1_870' title='bbox 821 5570 849 5573; x_wconf 87' lang='lat'>_</span> <span class='ocrx_word' id='word_1_871' title='bbox 942 5571 952 5573; x_wconf 88' lang='lat'>_</span> <span class='ocrx_word' id='word_1_872' title='bbox 1142 5572 1163 5573; x_wconf 27' lang='grc' dir='ltr'><em>η</em></span> <span class='ocrx_word' id='word_1_873' title='bbox 2079 5505 2374 5573; x_wconf 88' lang='lat' dir='ltr'><strong>recepisset</strong></span> <span class='ocrx_word' id='word_1_874' title='bbox 2398 5499 2732 5564; x_wconf 86' lang='lat' dir='ltr'><strong>dilationem,</strong></span> <span class='ocrx_word' id='word_1_875' title='bbox 2759 5499 3009 5565; x_wconf 83' lang='lat' dir='ltr'><strong>dixisset,</strong></span> <span class='ocrx_word' id='word_1_876' title='bbox 3047 5519 3065 5552; x_wconf 74' lang='grc' dir='ltr'><strong>ι</strong></span> <span class='ocrx_word' id='word_1_877' title='bbox 3097 5509 3232 5565; x_wconf 87' lang='lat' dir='ltr'><strong>etc.,</strong></span> <span class='ocrx_word' id='word_1_878' title='bbox 3266 5499 3400 5554; x_wconf 90' lang='lat' dir='ltr'><strong>utin</strong></span> <span class='ocrx_word' id='word_1_879' title='bbox 3451 5511 3621 5554; x_wconf 82' lang='lat' dir='ltr'><strong>nostro</strong></span> 
     </span>
    </p>
   </div>
   <div class='ocr_carea' id='block_1_111' title="bbox 474 5570 1973 5643">
    <p class='ocr_par' dir='ltr' id='par_1_111' title="bbox 474 5570 1809 5643">
     <span class='ocr_line' id='line_1_111' title="bbox 474 5570 1809 5643; baseline 0.008 -19"><span class='ocrx_word' id='word_1_880' title='bbox 474 5570 589 5643; x_wconf 49' lang='grc' dir='ltr'><strong>(ᾖ)</strong></span> <span class='ocrx_word' id='word_1_881' title='bbox 610 5570 1044 5643; x_wconf 49' lang='lat' dir='ltr'><strong>(godechgius,</strong></span> <span class='ocrx_word' id='word_1_882' title='bbox 1071 5572 1251 5638; x_wconf 82' lang='grc' dir='ltr'>τοῦτο,</span> <span class='ocrx_word' id='word_1_883' title='bbox 1277 5573 1438 5632; x_wconf 88' lang='lat' dir='ltr'><strong>male.</strong></span> <span class='ocrx_word' id='word_1_884' title='bbox 1804 5606 1809 5611; x_wconf 54' lang='grc' dir='ltr'><strong>λ</strong></span> 
     </span>
    </p>
   </div>
   <div class='ocr_carea' id='block_1_112' title="bbox 2146 5570 2244 5643">
    <p class='ocr_par' dir='ltr' id='par_1_112' title="bbox 2146 5570 2244 5627">
     <span class='ocr_line' id='line_1_112' title="bbox 2146 5570 2244 5627; baseline -0.01 0"><span class='ocrx_word' id='word_1_885' title='bbox 2146 5570 2244 5627; x_wconf 72' lang='lat' dir='ltr'><strong>(tu.</strong></span> 
     </span>
    </p>
   </div>
   <div class='ocr_carea' id='block_1_113' title="bbox 472 5636 1973 5715">
    <p class='ocr_par' dir='ltr' id='par_1_113' title="bbox 472 5636 1965 5715">
     <span class='ocr_line' id='line_1_113' title="bbox 472 5636 1965 5715; baseline 0.007 -24"><span class='ocrx_word' id='word_1_886' title='bbox 472 5636 584 5709; x_wconf 70' lang='grc'><strong>(44)</strong></span> <span class='ocrx_word' id='word_1_887' title='bbox 610 5640 704 5695; x_wconf 87' lang='lat' dir='ltr'><strong>Sic</strong></span> <span class='ocrx_word' id='word_1_888' title='bbox 727 5636 1088 5715; x_wconf 62' lang='lat' dir='ltr'><strong>liabet&#39;codex</strong></span> <span class='ocrx_word' id='word_1_889' title='bbox 1113 5636 1462 5710; x_wconf 86' lang='lat' dir='ltr'><strong>Bodleianus;</strong></span> <span class='ocrx_word' id='word_1_890' title='bbox 1494 5645 1547 5698; x_wconf 92' lang='lat' dir='ltr'><strong>in</strong></span> <span class='ocrx_word' id='word_1_891' title='bbox 1591 5644 1759 5715; x_wconf 81' lang='lat' dir='ltr'><strong>Regio</strong></span> <span class='ocrx_word' id='word_1_892' title='bbox 1787 5652 1965 5701; x_wconf 77' lang='lat' dir='ltr'><strong>autent</strong></span> 
     </span>
    </p>
   </div>
   <div class='ocr_carea' id='block_1_114' title="bbox 2146 5636 3614 5715">
    <p class='ocr_par' dir='ltr' id='par_1_114' title="bbox 2147 5636 3614 5715">
     <span class='ocr_line' id='line_1_114' title="bbox 2147 5636 3614 5715; baseline -0.003 -18"><span class='ocrx_word' id='word_1_893' title='bbox 2147 5642 2259 5715; x_wconf 71' lang='grc'><strong>(46)</strong></span> <span class='ocrx_word' id='word_1_894' title='bbox 2278 5644 2343 5695; x_wconf 79' lang='grc' dir='ltr'><strong>Οἱ</strong></span> <span class='ocrx_word' id='word_1_895' title='bbox 2362 5641 2478 5711; x_wconf 79' lang='grc' dir='ltr'><strong>μὲν</strong></span> <span class='ocrx_word' id='word_1_896' title='bbox 2507 5642 2615 5709; x_wconf 82' lang='grc' dir='ltr'>τὰς</span> <span class='ocrx_word' id='word_1_897' title='bbox 2642 5640 2857 5711; x_wconf 69' lang='grc' dir='ltr'>φύσεις</span> <span class='ocrx_word' id='word_1_898' title='bbox 2877 5638 3236 5709; x_wconf 66' lang='grc' dir='ltr'>εἰσάγοντες.</span> <span class='ocrx_word' id='word_1_899' title='bbox 3254 5636 3614 5705; x_wconf 77' lang='lat' dir='ltr'><strong>Valentiniani,</strong></span> 
     </span>
    </p>
   </div>
   <div class='ocr_carea' id='block_1_115' title="bbox 407 5710 1973 5783">
    <p class='ocr_par' dir='ltr' id='par_1_115' title="bbox 407 5710 1827 5783">
     <span class='ocr_line' id='line_1_115' title="bbox 407 5710 1827 5783; baseline 0.008 -22"><span class='ocrx_word' id='word_1_900' title='bbox 407 5710 777 5768; x_wconf 79' lang='lat' dir='ltr'><strong>tantummodo</strong></span> <span class='ocrx_word' id='word_1_901' title='bbox 805 5710 1020 5783; x_wconf 80' lang='lat' dir='ltr'><strong>legitur,</strong></span> <span class='ocrx_word' id='word_1_902' title='bbox 1053 5712 1129 5778; x_wconf 84' lang='grc' dir='ltr'><strong>ὡς</strong></span> <span class='ocrx_word' id='word_1_903' title='bbox 1154 5715 1485 5783; x_wconf 81' lang='grc' dir='ltr'>προφητείαν</span> <span class='ocrx_word' id='word_1_904' title='bbox 1512 5710 1827 5783; x_wconf 56' lang='grc' dir='ltr'>λεγομένου.</span> 
     </span>
    </p>
   </div>
   <div class='ocr_carea' id='block_1_116' title="bbox 2146 5710 2576 5783">
    <p class='ocr_par' dir='ltr' id='par_1_116' title="bbox 2157 5710 2576 5782">
     <span class='ocr_line' id='line_1_116' title="bbox 2157 5710 2576 5782; baseline 0 -16"><span class='ocrx_word' id='word_1_905' title='bbox 2157 5710 2373 5781; x_wconf 74' lang='lat' dir='ltr'><strong>quibus</strong></span> <span class='ocrx_word' id='word_1_906' title='bbox 2391 5728 2576 5782; x_wconf 81' lang='lat' dir='ltr'><strong>supra.</strong></span> 
     </span>
    </p>
   </div>
  </div>
