3712 6138
112 281 202 336 7'23
1090 275 1448 332 COMMENT.
1493 275 1559 331 IN
1598 273 1788 331 JOAN.
1826 270 2063 330 TOMUS
2097 267 2336 327 XXVIII.

3247 259 3351 316 19.6

106 401 242 475 παρά
277 400 338 454 τδ
367 401 460 455 τοῦ
489 400 601 473 (47)
647 400 971 455 Ἀποστόλου
1021 399 1269 472 βούλημα
1303 402 1503 454 ἐννοεῖν
1544 401 1661 464 τοὺς

1834 412 1878 453 »ε
1908 393 2234 452 vocabulum
2274 388 2586 460 spirituales
2617 393 2815 457 prater
2846 381 3178 439 voluntatem
3205 382 3352 452 Apo-

107 514 226 550 πνευ
241 496 517 568 ματικοὺς,
570 493 948 558 διδάσκοντος,
1002 495 1085 548 ὅτι
1124 513 1142 545 ι
1191 495 1250 546 Ὁ
1303 493 1673 564 πνευματικὸς

107 588 371 662 ἀνακρίνει
419 587 614 651 πάντα,
661 586 756 639 καὶ
808 587 899 639 ὑπ’
953 585 1165 650 οὐδενὸς
1209 587 1592 658 ἀνακρίνεταιο
1623 602 1667 638 ·›

104 679 270 752 τούτῳ
295 679 351 733 δὲ
379 677 677 743 ἀκολουθεῖ,
726 679 816 732 τὸν
869 677 943 750 μὴ
988 677 1349 748 ἀνακρίνοντα
1387 679 1562 732 πάντα
1597 678 1672 748 μὴ

105 768 234 827 εἶναι
285 773 682 845 πνευματικὸν,
730 771 765 842 ἢ
827 769 1064 844 μηδέπω
1097 766 1237 825 εἶναι
1283 769 1672 842 πνευματικόνδ

118 865 266 920 Ἀλλά
286 867 378 920 καὶ
410 866 463 920 εἴ
489 884 572 930 τις
595 866 700 920 ύπό
721 882 866 929 τινος
899 863 1272 937 ἀνακρίνεται,
1299 864 1423 917 ἐπεὶ
1451 865 1479 917 ὁ
1512 879 1672 918 πνευ-

112 958 321 1030 ματικὸς
362 959 452 1011 ὑπ’
482 958 694 1022 οὐδενὸς
728 959 1097 1028 ἀνακρίνεται,
1131 957 1231 1011 οὐκ
1273 955 1386 1010 ἐστι
1424 973 1670 1027 πνευμα-

107 1049 262 1113 τικὸς,
286 1048 443 1119 ἢούκ
469 1049 585 1103 ἐστι
637 1067 724 1103 πω
757 1048 1141 1121 πνευματικός.
1177 1048 1395 1120 Μήποτ’
1433 1043 1525 1102 οῦν
1551 1048 1671 1120 βέλσ-

107 1159 208 1194 τιον
230 1141 422 1209 λέγειν,
451 1141 532 1194 ὅτι
553 1141 760 1210 γίνεταί
780 1158 865 1205 τις
893 1140 1280 1212 πνευματικὸς,
1312 1140 1374 1193 ού
1408 1140 1671 1211 πρότερον

107 1232 192 1297 ὣν,
221 1233 362 1296 ὅστις
391 1233 492 1305 ἥδη
527 1234 625 1287 καὶ
653 1233 860 1306 κυρίως
899 1234 1047 1288 ἐστὶν
1079 1233 1193 1297 υίὸς
1231 1231 1386 1287 Θεοῦ.
1423 1231 1557 1286 Τίνα
1579 1228 1671 1286 οῦν

107 1327 210 1378 ἐστι
243 1324 310 1377 τά
337 1324 604 1396 λεγόμενα
642 1323 737 1380 νῦν
782 1325 948 1379 τέκνα
991 1324 1151 1393 Θεοῦ,
1199 1327 1248 1378 εί
1284 1326 1357 1397 μή
1392 1326 1499 1378 εἰσι
1529 1323 1671 1378 κατὰ

105 1418 221 1481 τοὺς
250 1417 564 1485 εἰσάγοντας
605 1417 706 1481 τὰς
750 1417 940 1487 φύσεις
985 1419 1361 1490 πνευματικοὶ,
1396 1417 1515 1490 ὥρα
1555 1435 1672 1470 σκο-

107 1513 246 1562 πεῖν·
285 1511 377 1563 καὶ
409 1510 512 1581 ὅρα
538 1511 586 1563 εί
619 1510 786 1563 τέκνα
831 1509 964 1563 Θεοῦ
1009 1510 1471 1583 διεσκορπισμένα
1507 1511 1671 1583 ἕτερα

105 1601 244 1675 παρά
280 1601 339 1656 τὸ
377 1601 532 1666 ἔθνος
566 1602 792 1656 δύνασαι
828 1605 967 1657 νοεῖν
1015 1605 1142 1668 τοὺς
1186 1604 1308 1677 ήδη,
1357 1604 1446 1657 ὅτε
1495 1603 1668 1658 ταῦτα

1774 486 1898 547 ὲιοΙί
1939 487 2172 544 dicentis
2192 485 2282 537 ":
2323 502 2342 535 ι
2377 479 2689 552 Spiritualis
2737 477 2922 532 omnia
2958 474 3252 544 diiudicat,
3290 482 3348 530 et

1775 583 1888 653 ipse
1926 597 1955 635 a
1991 580 2138 635 nullo
2176 577 2538 647 diiudicatur;
2571 591 2590 624 ι
2624 571 2822 642 quibus
2853 569 3034 624 verbis
3077 565 3346 629 efﬁcitur.

1774 684 1833 728 ut
1858 673 1949 743 qui
1981 673 2161 728 omnia
2205 685 2314 726 non
2352 667 2630 739 dijudicet,
2665 663 2748 718 vel
2779 678 2884 717 non
2909 662 2982 716 sit
3019 660 3344 730 spiritualis,

1772 765 1859 820 vel
1892 766 2127 820 nondum
2159 765 2235 818 sit
2265 760 2591 834 spiritualis.
2621 755 2764 825 Quin
2801 755 2847 811 si
2869 755 2991 825 quis
3018 752 3353 822 diiudicatur.

1771 859 1840 913 ab
1861 857 2060 924 aliquo,
2097 855 2357 925 quoniam
2388 848 2690 922 spiritualis
2717 862 2748 901 a
2801 847 2948 901 nullo
2989 844 3340 914 diiudicatur,

1773 950 1859 1005 vel
1891 964 1994 1004 non
2021 957 2112 1003 est
2139 945 2456 1016 spiritualis,
2493 941 2578 996 vel
2598 940 2832 997 nondum
2853 935 3360 1009 spi-ritualis..Vide-

1773 1057 1900 1097 vero
1951 1057 2021 1095 an
2070 1054 2176 1094 non
2223 1037 2418 1094 melius
2457 1033 2743 1089 dicendum
2800 1031 2873 1086 sit
2924 1028 3064 1084 eiiici
3107 1028 3344 1098 aliquem

1771 1133 2131 1205 spiritualem,
2171 1131 2262 1203 qui
2300 1137 2473 1185 antea.
2495 1143 2600 1182 non
2645 1131 2812 1191 esset,
2846 1121 2941 1192 qui
2975 1120 3195 1191 proprie
3228 1119 3341 1188 iam

1773 1229 1915 1282 ﬁlius
1962 1226 2125 1282 etiam
2159 1223 2254 1279 Dei
2288 1230 2391 1278 est.
2431 1219 2664 1287 Quinam
2714 1217 2882 1286 igitur
2919 1214 3029 1269 sint
3071 1214 3163 1282 qui
3198 1225 3344 1266 nunc

1771 1319 2023 1373 dicuntur
2048 1317 2145 1371 ﬁlii
2176 1315 2294 1380 Del,
2328 1313 2506 1368 sinon
2532 1319 2658 1364 sunt
2679 1307 2735 1362 bi
2759 1306 2852 1377 qui
2884 1303 3198 1375 spirituales
3214 1308 3342 1357 sunt

1763 1409 1968 1479 iudicio
1997 1425 2182 1464 eorum
2207 1407 2298 1477 qui
2341 1413 2564 1459 naturas
2600 1401 2976 1464 introducunt,
3017 1406 3229 1466 tempus
3258 1401 3344 1448 est

1769 1503 2124 1558 considerare
2152 1519 2165 1554 :
2201 1509 2259 1554 et
2288 1497 2414 1552 vide
2441 1511 2510 1549 an
2559 1492 2702 1548 ﬁlios
2756 1491 2849 1546 Dei
2875 1490 3174 1560 dispersos,
3205 1485 3342 1542 alios

1769 1610 1797 1648 a
1829 1593 2096 1666 gentibus,
2123 1589 2428 1660 intelligere
2456 1584 2636 1655 possis
2672 1597 2766 1638 eos
2787 1595 2908 1639 esse
2943 1579 3035 1650 qui
3062 1578 3174 1649 iam
3202 1576 3338 1648 justi

105 1669 322 1764 ἐλέγετο,
380 1696 626 1760 δικαίους
669 1698 725 1750 ὲν
773 1695 915 1767 Θεῷ,
964 1697 1074 1750 εἴτε
1125 1669 1661 1770 προκεκοιμημένους

1834 1696 1925 1742 ant
1964 1687 2018 1741 in
2065 1683 2200 1751 Deo,
2243 1697 2367 1737 cum
2401 1683 2518 1736 haec
2558 1685 2768 1734 tantum
2818 1674 3162 1738 dicerentur;
3223 1669 3341 1726 sive

104 1756 449 1860 πατριάρχας,
510 1787 544 1860 ἢ
605 1756 922 1861 προφήτας,
979 1790 1015 1862 ἡ
1062 1756 1214 1853 τινας
1271 1756 1485 1854 amcis;
1513 1756 1661 1842 ἐκλε-ζ

1834 1779 2116 1834 triarcbas
2150 1777 2240 1847 qui
2271 1775 2381 1844 iam
2410 1784 2573 1828 antea
2627 1785 2660 1826 e
2702 1769 2813 1824 vita
2848 1773 3217 1830 excesserant,
3253 1762 3337 1816 vel

103 1881 250 1944 κτους
284 1880 374 1933 τοῦ
419 1879 578 1946 Θεοῦ,
633 1880 743 1933 είτε
802 1881 899 1936 καὶ
958 1882 1084 1945 τοὺς
1132 1882 1234 1954 ήδη
1289 1881 1408 1934 τότε
1454 1880 1664 1954 ίσχύον-

99 1989 216 2036 τας·
264 1973 338 2036 ὼς
389 1972 502 2042 γὰρ
558 1973 913 2045 ὑπαρχόντων
988 1973 1096 2027 τῶν
1154 1974 1443 2045 ἰσχυόντων
1467 2015 1482 2040 ,
1569 1973 1666 2027 καὶ

103 2067 226 2136 μηδὲ
274 2067 595 2131 νοσούντων,
645 2067 842 2139 φησίν·
903 2085 923 2119 ι
991 2067 1065 2121 Οὐ
1112 2068 1303 2140 χρείαν
1358 2066 1568 2138 ἔχουσιν
1615 2069 1665 2120 οί

104 2158 359 2229 ίσχύοντες
405 2159 614 2231 ίατροῦ,
654 2159 770 2213 ἀλλ’
806 2160 856 2213 οί
899 2159 1086 2224 κακῶς
1120 2160 1365 2230 ἔχοντες·
1402 2178 1422 2212 ι
1457 2161 1551 2213 καὶ
1583 2159 1660 2223 ὠς

99 2251 253 2304 ὅντων
304 2251 528 2306 δικαίων
573 2251 752 2322 λέγει·
809 2269 827 2304 ι
878 2253 992 2306 Οὐκ
1041 2252 1274 2324 ἐλήλυθα
1323 2253 1549 2306 καλέσαι
1591 2253 1666 2306 δι-

100 2343 289 2408 καίους,
313 2343 448 2398 ἀλλά
480 2344 842 2416 ἁμαρτωλοὺς
876 2346 956 2408 είς
995 2345 1300 2415 μετάνοιαν.
1343 2365 1361 2397 ι
1398 2345 1663 2416 Ἐμελλεν

97 2431 181 2490 οὖν
224 2437 422 2508 Ἰησοῦς
463 2436 830 2508 ἀποθνήσκειν
871 2436 1013 2509 ὑπὲρ
1057 2437 1155 2508 μὲν
1197 2437 1292 2491 τοῦ
1322 2437 1528 2504 ἔθνους,
1576 2438 1663 2492 ἵνα

101 2527 167 2598 μὴ
198 2528 457 2600 ἀπόληται
476 2547 491 2560 ο
523 2531 663 2602 ὑπὲρ
699 2530 758 2584 δὲ
789 2530 898 2584 τῶν
923 2531 1129 2585 τέκνων
1163 2530 1257 2584 τοῦ
1311 2531 1446 2584 Θεοῦ
1493 2531 1662 2585 ὄντων

99 2618 151 2671 ὲν
179 2619 607 2693 διασκορπισμῷ,
639 2623 726 2677 ἵνα
758 2623 1097 2695 συναχθῶσιν
1129 2625 1208 2688 είς
1245 2623 1341 2678 ἕνα
1368 2624 1544 2694 λόγον,
1568 2626 1663 2679 κα)⁹

99 2713 413 2784 γενήσωνται
449 2713 562 2785 (48)
595 2715 694 2785 μία
725 2715 952 2788 ποίμνη,
981 2712 1062 2780 εἷς
1093 2717 1298 2789 ποιμήν
1321 2733 1334 2746 ·
1377 2717 1467 2771 ὅτε
1511 2712 1661 2789 οἶμαι

101 2803 423 2875 πληροῦσθαι
447 2806 548 2877 τὴν
569 2807 662 2860 τοῦ
689 2808 943 2880 Σωτῆρος
971 2809 1158 2880 εὐχὴν,
1185 2809 1452 2880 λέγοντοςσ
1489 2828 1508 2861 ι
1543 2811 1661 2864 Ἵνα

100 2893 199 2962 ἐγὼ
225 2899 399 2950 καὶσὺ
426 2897 541 2969 (49)
577 2897 634 2950 ἓν
669 2897 856 2968 ἐσμεν,
894 2898 980 2951 ἵνα
1013 2899 1108 2953 καὶ
1148 2900 1303 2953 αὐτοὶ
1331 2901 1388 2954 ὲν
1433 2902 1563 2972 ήμῖν
1602 2901 1662 2955 ἒν

99 2978 236 3041 ὦσιν.
277 3007 295 3040 ι
321 2989 383 3042 Εἰ
405 2989 463 3041 δέ
492 3007 544 3042 τι
581 2990 675 3042 καὶ
710 2988 1007 3062 βαθύτερόν
1035 2993 1151 3044 ἐστι
1177 2991 1305 3062 περὶ
1347 2992 1561 3064 Ἰσραὴλ
1597 2992 1660 3048 ού

100 3078 313 3148 φύσεως,
361 3079 502 3134 ἀλλὰ
556 3081 745 3150 γένους
790 3084 984 3144 εἰπεῖν,
1039 3083 1168 3154 περὶ
1216 3076 1277 3136 οὗ
1316 3084 1657 3157 γέγραπται,
1685 3101 1730 3159 c

103 3189 121 3222 ι
151 3171 267 3235 Υἱὸς
295 3171 640 3244 πρωτότοκός
677 3189 779 3243 μου
817 3173 1036 3245 Ἰσραήλ
1068 3175 1206 3237 ἐστι,
1238 3193 1256 3225 ι
1284 3176 1575 3247 γενομένου
1600 3178 1658 3231 ὲν

98 3261 517 3336 διαπορπισμῷ,
551 3266 644 3318 καῖ
674 3263 834 3328 αὐτὸς
881 3265 1213 3336 ἐπιστήσεις,
1245 3265 1321 3330 ὡς
1353 3261 1494 3321 εἶναι
1540 3269 1662 3322 τού-

97 3373 214 3422 τους
246 3358 310 3412 τά
345 3360 516 3413 τέκνα
548 3359 642 3413 τοῦ
697 3359 834 3413 Θεοῦ
880 3358 950 3412 τὰ
993 3359 1474 3432 διεσκορπισμένα,
1520 3360 1662 3434 ὑπὲρ

97 3439 164 3500 ὧν
192 3447 406 3519 ἔμελλεν
434 3451 804 3523 ἀποθνήσκειν
841 3451 1067 3524 Ἰησοῦς,
1096 3452 1185 3507 ίνα
1211 3452 1349 3506 αὐτά
1379 3453 1659 3527 συναγάγῃ

97 3543 168 3605 είς
196 3542 268 3595 ἓν.

161 3631 242 3691 I7.
280 3653 298 3686 ι
349 3634 472 3690 Ἀπ’
510 3636 726 3708 ἐκείνης
757 3632 849 3692 οῦν
901 3639 1001 3709 τῆς
1049 3639 1258 3712 ἡμέρας
1311 3640 1660 3695 συνεϐουλεύ-

97 3743 262 3794 σαντο,
296 3728 382 3782 ἶνα
410 3729 804 3784 ἀποκτείνωσιν
859 3731 1041 3784 αὐτόν.
1085 3751 1104 3783 ι
1153 3735 1216 3786 Ol
1248 3733 1526 3805 ἀρχιερεῖς
1566 3735 1661 3787 καὶ

96 3818 148 3869 oi'
169 3818 462 3890 Φαρισαῖοι,
520 3823 917 3891 συναγαγόντες
966 3823 1260 3896 συνέδριον,
1317 3826 1414 3878 καὶ
1458 3827 1661 3898 σκεψά-

96 3927 234 3980 μενοι
276 3915 404 3985 περὶ
446 3913 544 3968 τοῦ
599 3915 847 3986 Σωτῆρος
885 3915 1042 3987 ήμῶν
1087 3917 1142 3969 τί
1190 3917 1341 3989 αὐτῷ
1382 3921 1656 3991 ποιητέον,

95 4003 260 4067 αὐτοῖς
304 4004 532 4074 Καῖάφα
587 4004 681 4058 τοῦ
733 4005 1034 4076 ἀρχιερέως
1079 4003 1148 4058 τὰ
1199 4007 1660 4079 προεκτεθειμένα

94 4093 340 4157 εἰπόντος,
388 4095 484 4148 καὶ
521 4092 632 4166 (50)
683 4094 787 4148 ὑπὸ
829 4093 938 4147 τῶν
979 4093 1152 4162 λόγων
1189 4094 1354 4147 αὐτοῦ
1401 4095 1661 4168 παροξυν-

96 4181 301 4248 θέντες,
356 4185 846 4238 συνεϐουλεύσαντο
888 4185 977 4239 ἵνα
1017 4185 1382 4239 ἀποκτείνωσι
1423 4186 1514 4240 τὸν
1554 4186 1661 4241 Κύ-

98 4293 218 4346 ριον.
250 4278 445 4350 Διόπερ
476 4276 735 4348 ζητήσεις
766 4277 875 4330 ἀπὸ
900 4278 1053 4330 ποίου
1089 4277 1399 4348 πνεύματος
1425 4281 1660 4353 προεφή-

94 4383 290 4432 τευσεν,
327 4369 407 4424 ὅτι
439 4368 664 4440 ἔμελλεν
725 4369 933 4441 Ἰησοῦς
990 4368 1353 4440 ἀποθνήσκειν
1391 4370 1530 4443 ὑπὲρ
1561 4372 1654 4426 τοῦ

1767 1870 2178 1945 prophetas,vel
2208 1871 2474 1940 quosdam
2497 1865 2634 1920 alios
2661 1865 2755 1919 Dei
2781 1862 3004 1927 electos,
3031 1858 3146 1914 sive
3171 1857 3336 1913 etiam

1764 1981 1858 2021 eos
1903 1965 1993 2035 qui
2035 1978 2133 2034 per
2178 1962 2232 2017 id
2281 1960 2542 2032 temporis
2585 1957 2705 2014 sani
2747 1963 2940 2021 erant;
2986 1951 3141 2022 quasi
3191 1949 3334 2006 enim

1764 2057 1928 2128 aliqui
1951 2057 2068 2112 sani
2101 2063 2304 2120 essent,
2337 2062 2392 2110 et
2423 2068 2530 2107 non
2552 2058 2898 2118 aagrotantes,
2931 2045 3142 2116 inquit:
3173 2063 3192 2096 ι
3215 2043 3334 2098 Non

1764 2166 1898 2220 opus
1931 2149 2151 2213 habent,
2177 2147 2269 2217 qui
2305 2144 2425 2200 sani
2453 2152 2603 2210 sunt,
2631 2139 2862 2204 medico,
2893 2138 2988 2194 sed
3027 2151 3170 2207 aegre
3199 2134 3334 2190 ασε-

1763 2246 1838 2302 cti
1865 2244 1946 2310 ⁸ος
1977 2261 1997 2296 ι
2031 2252 2086 2297 ει
2129 2241 2282 2312 quasi
2316 2247 2502 2295 essent
2547 2237 2715 2292 etiam
2759 2232 2923 2304 aliqui
2965 2231 3121 2303 iusti,
3150 2230 3283 2284 dicit
3317 2245 3335 2281 :

1768 2357 1787 2390 ι
1809 2337 1925 2393 Non
1957 2336 2077 2391 veni
2111 2347 2304 2390 vocare
2326 2332 2526 2400 iustos,
2569 2329 2664 2386 sed
2697 2335 3013 2398 peccatores
3049 2323 3116 2378 ad
3153 2321 3332 2394 poeni-

1763 2430 1989 2485 tentiam
2004 2428 2070 2483 “.
2112 2444 2132 2479 ι
2159 2426 2454 2481 Morituros
2480 2423 2666 2493 itaque
2687 2420 2847 2476 Jesus
2873 2425 2994 2474 erat
3021 2431 3118 2486 pro
3147 2422 3334 2485 gente,

1764 2532 1823 2579 ut
1851 2536 1957 2576 non
1991 2519 2224 2589 periret;
2269 2531 2370 2588 pro
2410 2515 2536 2571 ﬁliis
2581 2529 2715 2569 vero
2746 2512 2863 2579 Dei,
2907 2510 3000 2580 qui
3034 2511 3088 2563 in
3119 2509 3334 2578 disper-

1762 2615 1918 2669 sione
1935 2621 2114 2676 erant,
2139 2619 2199 2664 ut
2228 2617 2699 2680 congregarentur
2721 2607 2776 2660 in
2808 2618 2976 2657 unum
3001 2614 3334 2662 sermonem,

1763 2705 2061 2773 ﬁerentque
2106 2717 2246 2756 unus
2281 2715 2448 2771 grex,
2496 2713 2638 2754 unus
2675 2705 2902 2766 pastor:
2931 2695 3169 2765 quando,
3211 2705 3335 2747 mea

1761 2797 2058 2860 sententia,
2083 2792 2394 2849 Servatoris
2421 2790 2663 2862 precatio
2689 2787 3003 2858 implebitur
3043 2783 3278 2840 dicentis
3316 2801 3331 2840 :

1767 2909 1786 2942 ι
1817 2889 2004 2960 Utego
2022 2897 2077 2944 et
2098 2899 2152 2943 tu
2183 2901 2348 2941 unum
2377 2898 2584 2948 sumus,
2609 2892 2669 2936 ut
2701 2890 2756 2936 et
2783 2880 2884 2950 ipsi
2919 2892 3082 2933 unum
3106 2877 3328 2933 δίαιθ’.»

1763 2979 1859 3036 Sin
1898 2997 2028 3036 vero
2059 2981 2124 3036 de
2160 2978 2377 3034 lsraelis
2409 2992 2516 3032 non
2557 2984 2773 3042 natura,
2804 2974 2898 3029 sed
2935 2987 3138 3044 genere
3169 2971 3334 3026 altius

1763 3072 1962 3142 aliquid
1991 3073 2280 3127 dicendum
2321 3070 2426 3135 sit;
2469 3070 2536 3124 de
2563 3079 2673 3138 quo
2719 3080 2842 3121 cum
2888 3065 2941 3120 in
2995 3065 3333 3133 dispersione

1763 3175 1924 3228 esset,
1983 3165 2246 3234 scriptum
2284 3172 2368 3219 est
2403 3178 2418 3215 :
2461 3179 2482 3213 ι
2525 3159 2926 3230 Primogenitus
2978 3173 3134 3212 meus
3186 3155 3330 3211 ﬁlius

1761 3257 1928 3315 Israel
1952 3255 2143 3320 est”,i
2161 3255 2262 3310 hoc
2277 3255 2435 3310 etiam
2453 3253 2567 3324 ipse
2581 3253 2813 3318 notabis,
2839 3251 2992 3322 quasi
3019 3250 3073 3304 hi
3102 3250 3211 3304 sint
3236 3249 3329 3304 ﬁlii

1764 3350 1859 3405 Dei
1893 3350 2148 3421 dispersi,
2175 3365 2273 3420 pro
2300 3348 2497 3418 quibus
2527 3346 2826 3414 moriturus
2857 3346 2930 3400 sit
2956 3342 3137 3411 Jesus,
3161 3351 3218 3400 ut
3237 3356 3334 3399 eos

1763 3443 1818 3498 in
1847 3457 2015 3501 unum
2048 3447 2424 3513 congregaret.
2509 3461 2514 3472 -
2630 3441 2632 3444 ’

1833 3627 1998 3701 396
2024 3626 2108 3681 I7.
2147 3644 2166 3678 ι
2207 3627 2288 3681 Ab
2316 3625 2406 3680 illo
2439 3638 2570 3695 ergo
2605 3620 2690 3677 die
2712 3619 3239 3682 consultaruutuna,
3274 3624 3332 3670 ut

1762 3722 2129 3778 interﬁcerent
2149 3732 2270 3773 eum
2288 3716 2354 3771 ⁸⁸.
2369 3734 2388 3769 ι
2411 3714 2698 3772 Pontiﬁces
2717 3728 2769 3770 et
2785 3711 3069 3776 Pharisaei,
3087 3710 3177 3780 qui
3195 3723 3329 3764 con-
3342 3727 3356 3734 ·

1762 3815 1948 3870 cilium
1975 3812 2327 3882 collegerant,
2376 3818 2432 3866 et
2483 3809 2960 3865 oonsideraverant
2993 3805 3122 3874 quid
3150 3800 3332 3857 facere

1761 3906 2022 3962 deberent
2059 3903 2345 3959 Servatori
2381 3912 2567 3957 nostro
2599 3901 2746 3970 (cum
2783 3898 3056 3968 Caiaphas
3089 3893 3336 3966 pontifex

1762 4015 1883 4070 quae
1917 3999 2173 4069 superius
2189 3996 2541 4066 exposuimus
2571 3995 2819 4058 dixisset,
2849 4001 2904 4047 et
2932 3989 3090 4060 huius
3121 3999 3331 4042 sermo-

1762 4094 1923 4150 nibus
1950 4094 2177 4148 fuissent
2199 4090 2451 4155 incitati),
2483 4087 2865 4144 consultarunt
2897 4099 3005 4137 una
3032 4091 3091 4135 ut
3119 4080 3330 4134 interli-

1761 4196 1950 4241 cerent
1977 4185 2284 4239 Dominum.
2310 4182 2578 4249 Quocirca
2615 4194 2826 4251 quazres
2856 4192 2965 4247 quo
2991 4174 3187 4245 spiritu
3211 4187 3331 4241 pro-

1760 4277 2002 4348 phetarit
2046 4275 2231 4332 Jesum
2288 4276 2606 4328 moriturum
2653 4287 2751 4342 pro
2795 4280 2993 4340 gente;
3046 4276 3102 4322 et
3145 4275 3328 4320 utrum

1764 4373 1980 4423 sanctus
1996 4365 2225 4436 Spiritus
2245 4365 2382 4419 hanc
2402 4364 2563 4418 etiam
2578 4363 2631 4416 in
2655 4376 2713 4415 re
2733 4367 2985 4429 operatus
3006 4356 3096 4419 sit,
3111 4364 3322 4408 auctor-

95 4457 264 4523 ἔθνους
281 4479 294 4490 ·
332 4463 428 4515 καὶ
451 4461 680 4534 πότερον
705 4461 766 4514 τὸ
795 4461 950 4530 ἅγιον
978 4460 1203 4532 Πνεῦμα
1230 4463 1322 4514 καὶ
1347 4463 1404 4515 έν
1429 4463 1652 4536 τοιούτῳ

1834 4476 1871 4515 .e
1888 4458 2052 4514 fuerit
2065 4456 2272 4514 consilii
2287 4455 2545 4511 adversus
2564 4453 2771 4517 Iesum;
2792 4465 2862 4505 an
2875 4449 2964 4503 ille
2983 4446 3198 4517 quidem
3222 4459 3332 4499 non

94 4551 368 4624 ἐνήργησε,
403 4557 498 4624 καὶ
522 4555 692 4607 αἴτιον
724 4555 1014 4626 γεγένηται
1045 4555 1143 4626 τῆς
1167 4556 1307 4610 κατά
1337 4555 1432 4610 τοῦ
1483 4557 1656 4628 Ἰησοῦ

96 4644 408 4716 συμϐουλῆς,
431 4645 465 4716 ἦ
491 4646 592 4697 οὐκ
609 4647 784 4698 έκεῖνο
807 4646 903 4716 μὲν
922 4640 1035 4709 οὖν,
1055 4645 1180 4699 ἄλλο
1200 4646 1276 4710 δὲ,
1295 4645 1355 4698 τὸ
1379 4647 1489 4718 (51)
1507 4647 1660 4702 δυνά-

97 4751 245 4804 μενον
273 4736 364 4789 καὶ
397 4739 454 4789 ὲν
490 4736 567 4807 τῷ
598 4736 784 4790 ἀσεϐεῖ
829 4735 1077 4807 λαλῆσαι,
1123 4739 1218 4791 καὶ
1266 4741 1395 4802 τοὺς
1435 4740 1655 4810 ὁμοίους

95 4828 273 4899 ἐκείνῳ
305 4831 446 4883 κατὰ
496 4830 590 4884 τοῦ
646 4829 819 4900 Ἰησοῦ
863 4830 1116 4901 κινῆσαι,
1165 4831 1317 4884 οὐδὲν
1356 4826 1518 4904 ἧττον
1563 4835 1656 4888 καὶ

94 4918 229 4990 ἑώρα
270 4921 381 4994 (52)
432 4940 487 4975 τι
527 4925 606 4985 εἰς
649 4921 741 4975 τὸν
798 4922 1037 4992 Ἰησοῦν,
1090 4922 1166 4986 ὠς
1221 4922 1364 4976 κατά
1427 4923 1654 4996 δύναμιν

155 5011 198 5081 ζ’
229 5010 243 5062 l
275 5011 396 5064 Cor.
428 5028 486 5067 ιι.
524 5028 613 5066 xv.
687 5011 947 5066 “Matth.
976 5029 1056 5081 Ix,
1086 5013 1173 5068 12.

91 5079 133 5110 ’δ
156 5077 306 5135 Joan.
342 5097 420 5145 x1,
448 5082 536 5136 55.

161 5172 468 5246 (47)Editio
520 5176 696 5232 Huetii
723 5218 740 5242 ,
768 5178 894 5240 τοὺς
941 5177 1130 5244 φύσεις
1175 5173 1314 5232 εἶναι
1367 5174 1666 5245 οἰομένοις,

97 5245 182 5296 καὶ
201 5245 340 5298 κατὰ
368 5247 429 5300 τὸ
457 5247 574 5312 τοῦ,
605 5257 711 5303 etc.
753 5248 858 5302 Sed
887 5250 1056 5303 codex
1089 5248 1416 5304 Bodleianns
1465 5247 1656 5299 lectio-

97 5329 210 5395 nem
241 5321 710 5395 qumnsequimur
755 5318 997 5395 exhibet,
1031 5333 1132 5395 nec
1174 5319 1332 5395 aliter
1359 5317 1487 5386 legit
1522 5314 1655 5393 [τριο-

98 5383 284 5455 rarius.
319 5383 736 5455 Codex-Regius
766 5389 927 5443 aliter
957 5388 1138 5452 habet,
1161 5389 1240 5442 sic
1267 5383 1478 5455 nempe,
1504 5383 1660 5438 τοῦτο

240 5456 551 5540 ἀκολρυρλεῖν
584 5451 761 5540 λέγειν
782 5462 894 5540 Eoi};
929 5458 1138 5540 φύσεις.
1177 5455 1315 5540 εἶναι
1369 5451 1655 5540 οίομένοις,

97 5525 184 5575 καὶ
214 5525 390 5608 τὸποξ
420 5525 754 5608 ρᾼποστόλου
779 5525 1106 5608 βούλημάιτν
1122 5531 1319 5582 ἐννοεῖν
1343 5525 1468 5592 τοὺς
1498 5544 1660 5581 πνευ-

102 5596 336 5668 ματικῶς
361 5596 722 5668 διδάσκοντος,
756 5596 876 5668 quae
909 5596 1192 5654 riiauifeste
1221 5608 1473 5668 corrupta
1511 5606 1656 5668 sunt.

165 5663 274 5750 (4,3)
297 5666 408 5720 Καὶ
463 5663 848 5739 rer-victuram.
885 5670 1066 5727 Codex
1118 5670 1336 5740 Regius,
1371 5663 1539 5735 male,
1579 5665 1658 5737 τῷ

101 5748 433 5807 γενήσονται.

1764 4553 1948 4617 fuerit,
1968 4551 2064 4607 sed
2084 4549 2221 4604 alius
2237 4549 2485 4619 spiritus,
2503 4547 2689 4602 valens
2706 4547 2762 4600 in
2781 4543 2947 4612 impio
2969 4543 3136 4596 etiam
3155 4538 3328 4607 loqui,

1764 4644 1975 4714 sibique
2007 4639 2214 4696 similes
2255 4641 2542 4694 adversum
2567 4635 2752 4691 Jesum
2786 4646 3024 4694 movere,
3053 4625 3330 4684 nihilomi-

1763 4751 1862 4790 nus
1883 4736 2046 4789 etiam
2074 4733 2280 4787 videret
2310 4730 2514 4800 aliquid
2541 4741 2666 4796 erga
2683 4725 2887 4788 Jesum,
2911 4733 2970 4779 ut
3006 4737 3105 4793 pro
3128 4718 3334 4774 viribus

1759 4831 2012 4900 superius
2058 4826 2472 4897 exquisivimus.
2502 4823 2681 4891 Atque
2728 4820 2950 4874 omnino
2978 4816 3068 4886 qui
3105 4827 3332 4885 respon-

1762 4921 1907 4979 dere
1938 4921 2169 4976 voluerit
2214 4918 2478 4990 Spiritum
2526 4923 2775 4970 sanctum
2822 4920 3106 4966 auctorem
3160 4908 3332 4962 videri

1283 5013 1328 5044 “
1357 5014 1523 5072 Marc.
1551 5033 1611 5084 ιι,
1643 5017 1661 5069 1

1837 5015 1976 5070 atth.
2007 5029 2086 5081 Ix,
2114 5013 2203 5067 I5.
2278 5011 2323 5042 ⁸³
2345 5008 2504 5065 Joan.
2541 5023 2673 5074 xvn,
2700 5006 2793 5060 21.
2867 5003 2914 5036 ⁸³
2943 5002 3115 5058 Exod.
3140 5017 3215 5067 tv,
3238 5000 3330 5057 29.

1832 5171 1947 5242 (49)
1979 5171 2102 5227 Ἵνα
2128 5169 2242 5240 ἐγὼ
2265 5169 2486 5235 καὶσὺ,
2519 5175 2637 5242 etc.
2656 5167 2831 5242 Lego,
2853 5169 2962 5237 ἵνα,
2989 5165 3172 5231 καθὼς
3222 5164 3334 5234 ἐγὼ

1760 5235 1854 5297 καὶ
1878 5235 1944 5296 oi}
1979 5244 2038 5296 ἓν
2063 5235 2248 5313 ἐσμεν,
2276 5242 2428 5294 αὐτοὶ
2461 5241 2518 5313 ἐν
2547 5241 2680 5310 ἡμῖν
2710 5235 2767 5292 ἒν
2799 5235 2953 5313 ὦσινέ

1834 5315 1944 5385 (50)
1981 5306 2294 5385 Είπόόθτος,
2323 5306 2698 5385 καίᾼίωῌιιω
2731 5325 2890 5385 voces
2918 5311 2971 5363 in
3002 5307 3194 5385 codice
3229 5306 3335 5385 Rc-

1763 5379 1852 5456 gio
1881 5379 2043 5453 atque
2069 5389 2207 5456 adeo
2241 5384 2315 5456 in_
2332 5384 2570 5456 editione
2590 5381 2766 5436 liuetii
2792 5382 3008 5446 desunt,
3033 5379 3129 5434 sed
3165 5380 3334 5434 resti-

1763 5452 1989 5511 tuuntur
2012 5469 2043 5509 e
2074 5454 2258 5510 codice
2287 5452 2598 5507 Bodleiano.

1833 5523 1946 5596 (51)
1969 5524 2150 5596 godex
2183 5523 2405 5596 Regius,
2431 5521 2596 5596 ἀλλήὃ
2623 5522 2680 5574 δὲ
2716 5521 2936 5596 τδηειε.

1837 5591 1947 5666 (52)
1971 5591 2501 5666 Fcrrariuﬂegebat
2536 5593 2660 5664 ὅρα,
2686 5592 2845 5645 vertit
2877 5591 3042 5656 enim,
3080 5607 3102 5644 ι
3137 5591 3334 5645 nihilo-

1764 5663 1942 5722 minus
1973 5667 2114 5719 vide.
2156 5685 2174 5716 ι
2221 5663 2342 5735 (Hic
2377 5664 2522 5718 locus
2553 5663 2739 5735 aperte
2783 5673 3074 5735 corruptus
3139 5676 3232 5720 estt
3275 5668 3344 5718 id

1765 5734 2387 5810 toxtmrisiprchcratur
2413 5735 2645 5791 Ferrarii
2679 5734 2862 5788 lectio.
2901 5734 3089 5805 Eutr.)
