  <div class='ocr_page' id='page_1' title='image "/cluster/home/n/w/nwhite01/storage/ocr_20150623/14/mdp.39015052831362/401.png"; bbox 0 0 3712 6138; ppageno 0'>
   <div class='ocr_carea' id='block_1_1' title="bbox 378 315 486 371">
    <p class='ocr_par' dir='ltr' id='par_1_1' title="bbox 378 315 486 371">
     <span class='ocr_line' id='line_1_1' title="bbox 378 315 486 371; baseline 0.019 -2"><span class='ocrx_word' id='word_1_1' title='bbox 378 315 486 371; x_wconf 82' lang='grc'><strong>715</strong></span> 
     </span>
    </p>
   </div>
   <div class='ocr_carea' id='block_1_2' title="bbox 1851 307 1869 382">
    <p class='ocr_par' dir='ltr' id='par_1_2' title="bbox 1851 310 1869 364">
     <span class='ocr_line' id='line_1_2' title="bbox 1851 310 1869 364; baseline 0 0"><span class='ocrx_word' id='word_1_2' title='bbox 1851 310 1869 364; x_wconf 73' lang='grc'><strong>1</strong></span> 
     </span>
    </p>
   </div>
   <div class='ocr_carea' id='block_1_3' title="bbox 2063 307 3614 382">
    <p class='ocr_par' dir='ltr' id='par_1_3' title="bbox 2066 308 3614 382">
     <span class='ocr_line' id='line_1_3' title="bbox 2066 308 3614 382; baseline 0.001 -19"><span class='ocrx_word' id='word_1_3' title='bbox 2066 308 2176 366; x_wconf 82' lang='lat' dir='ltr'><strong>NIS</strong></span> <span class='ocrx_word' id='word_1_4' title='bbox 3532 327 3614 382; x_wconf 70' lang='grc' dir='ltr'>ηδ</span> 
     </span>
    </p>
   </div>
   <div class='ocr_carea' id='block_1_4' title="bbox 377 425 1869 509">
    <p class='ocr_par' dir='ltr' id='par_1_4' title="bbox 377 425 1859 500">
     <span class='ocr_line' id='line_1_4' title="bbox 377 425 1859 500; baseline -0.008 -9"><span class='ocrx_word' id='word_1_5' title='bbox 377 433 577 491; x_wconf 82' lang='lat' dir='ltr'><strong>adhibe</strong></span> <span class='ocrx_word' id='word_1_6' title='bbox 621 439 857 486; x_wconf 79' lang='lat' dir='ltr'><strong>mentem</strong></span> <span class='ocrx_word' id='word_1_7' title='bbox 889 444 959 484; x_wconf 90' lang='lat' dir='ltr'><strong>an</strong></span> <span class='ocrx_word' id='word_1_8' title='bbox 989 427 1058 484; x_wconf 92' lang='lat' dir='ltr'><strong>de</strong></span> <span class='ocrx_word' id='word_1_9' title='bbox 1084 427 1177 484; x_wconf 91' lang='lat' dir='ltr'><strong>illo</strong></span> <span class='ocrx_word' id='word_1_10' title='bbox 1208 442 1426 500; x_wconf 85' lang='lat' dir='ltr'><strong>quoque</strong></span> <span class='ocrx_word' id='word_1_11' title='bbox 1454 426 1559 482; x_wconf 91' lang='lat' dir='ltr'><strong>dici</strong></span> <span class='ocrx_word' id='word_1_12' title='bbox 1589 425 1784 497; x_wconf 88' lang='lat' dir='ltr'><strong>possit,</strong></span> <span class='ocrx_word' id='word_1_13' title='bbox 1807 425 1859 480; x_wconf 91' lang='lat' dir='ltr'><strong>di</strong></span> 
     </span>
    </p>
   </div>
   <div class='ocr_carea' id='block_1_5' title="bbox 2063 425 3614 509">
    <p class='ocr_par' dir='ltr' id='par_1_5' title="bbox 2063 426 3614 509">
     <span class='ocr_line' id='line_1_5' title="bbox 2063 426 3614 509; baseline 0.012 -33"><span class='ocrx_word' id='word_1_14' title='bbox 2063 426 2129 479; x_wconf 85' lang='grc' dir='ltr'><strong>ιό</strong></span> <span class='ocrx_word' id='word_1_15' title='bbox 2152 426 2381 496; x_wconf 75' lang='grc' dir='ltr'>ἄγγελος</span> <span class='ocrx_word' id='word_1_16' title='bbox 2427 429 2522 483; x_wconf 88' lang='grc' dir='ltr'><strong>τοῦ</strong></span> <span class='ocrx_word' id='word_1_17' title='bbox 2555 432 2690 487; x_wconf 82' lang='grc' dir='ltr'>Θεοῦ</span> <span class='ocrx_word' id='word_1_18' title='bbox 2719 434 2776 488; x_wconf 86' lang='grc' dir='ltr'><strong>ἐν</strong></span> <span class='ocrx_word' id='word_1_19' title='bbox 2808 436 2872 506; x_wconf 85' lang='grc' dir='ltr'>τῇ</span> <span class='ocrx_word' id='word_1_20' title='bbox 2903 433 3008 506; x_wconf 71' lang='grc' dir='ltr'><strong>ὀδῷ</strong></span> <span class='ocrx_word' id='word_1_21' title='bbox 3037 434 3410 490; x_wconf 76' lang='grc' dir='ltr'>ἐνδιαϐάλλειν</span> <span class='ocrx_word' id='word_1_22' title='bbox 3453 440 3614 509; x_wconf 70' lang='grc' dir='ltr'>αὐτὸν,</span> 
     </span>
    </p>
   </div>
   <div class='ocr_carea' id='block_1_6' title="bbox 375 520 1943 590">
    <p class='ocr_par' dir='ltr' id='par_1_6' title="bbox 375 520 1943 590">
     <span class='ocr_line' id='line_1_6' title="bbox 375 520 1943 590; baseline -0.005 -6"><span class='ocrx_word' id='word_1_23' title='bbox 375 531 524 584; x_wconf 90' lang='lat' dir='ltr'><strong>uitus</strong></span> <span class='ocrx_word' id='word_1_24' title='bbox 571 540 694 582; x_wconf 91' lang='lat' dir='ltr'><strong>eum</strong></span> <span class='ocrx_word' id='word_1_25' title='bbox 757 539 865 579; x_wconf 93' lang='lat' dir='ltr'><strong>non</strong></span> <span class='ocrx_word' id='word_1_26' title='bbox 925 521 1092 578; x_wconf 81' lang='lat' dir='ltr'><strong>fuisse</strong></span> <span class='ocrx_word' id='word_1_27' title='bbox 1145 521 1403 589; x_wconf 88' lang='lat' dir='ltr'><strong>locutum,</strong></span> <span class='ocrx_word' id='word_1_28' title='bbox 1440 523 1534 577; x_wconf 85' lang='lat' dir='ltr'><strong>sed</strong></span> <span class='ocrx_word' id='word_1_29' title='bbox 1587 522 1654 576; x_wconf 92' lang='lat' dir='ltr'><strong>ab</strong></span> <span class='ocrx_word' id='word_1_30' title='bbox 1713 520 1943 590; x_wconf 84' lang='lat' dir='ltr'><strong>angelo:</strong></span> 
     </span>
    </p>
   </div>
   <div class='ocr_carea' id='block_1_7' title="bbox 335 614 1944 694">
    <p class='ocr_par' dir='ltr' id='par_1_7' title="bbox 335 614 1944 694">
     <span class='ocr_line' id='line_1_7' title="bbox 335 614 1944 694; baseline -0.002 -22"><span class='ocrx_word' id='word_1_31' title='bbox 335 691 338 694; x_wconf 8' lang='grc' dir='ltr'><strong><em>ἢ</em></strong></span> <span class='ocrx_word' id='word_1_32' title='bbox 387 639 406 672; x_wconf 76' lang='grc' dir='ltr'><strong>ι</strong></span> <span class='ocrx_word' id='word_1_33' title='bbox 445 618 610 674; x_wconf 89' lang='lat' dir='ltr'><strong>Stetit</strong></span> <span class='ocrx_word' id='word_1_34' title='bbox 645 617 811 682; x_wconf 86' lang='lat' dir='ltr'><strong>enim,</strong></span> <span class='ocrx_word' id='word_1_35' title='bbox 854 615 1121 684; x_wconf 76' lang='lat' dir='ltr'><strong>inquit&quot;,</strong></span> <span class='ocrx_word' id='word_1_36' title='bbox 1158 615 1382 687; x_wconf 82' lang='lat' dir='ltr'><strong>angelus</strong></span> <span class='ocrx_word' id='word_1_37' title='bbox 1425 614 1524 669; x_wconf 87' lang='lat' dir='ltr'><strong>Dei</strong></span> <span class='ocrx_word' id='word_1_38' title='bbox 1572 615 1624 668; x_wconf 94' lang='lat' dir='ltr'><strong>in</strong></span> <span class='ocrx_word' id='word_1_39' title='bbox 1678 614 1786 678; x_wconf 88' lang='lat' dir='ltr'><strong>via,</strong></span> <span class='ocrx_word' id='word_1_40' title='bbox 1818 615 1944 668; x_wconf 89' lang='lat' dir='ltr'><strong>dum</strong></span> 
     </span>
    </p>
   </div>
   <div class='ocr_carea' id='block_1_8' title="bbox 297 706 1941 784">
    <p class='ocr_par' dir='ltr' id='par_1_8' title="bbox 297 706 1941 784">
     <span class='ocr_line' id='line_1_8' title="bbox 297 706 1941 784; baseline -0.005 -17"><span class='ocrx_word' id='word_1_41' title='bbox 297 782 299 784; x_wconf 94' lang='lat'><em>_</em></span> <span class='ocrx_word' id='word_1_42' title='bbox 376 711 637 767; x_wconf 83' lang='lat' dir='ltr'><strong>transiret</strong></span> <span class='ocrx_word' id='word_1_43' title='bbox 688 710 824 778; x_wconf 81' lang='lat' dir='ltr'><strong>ipse,</strong></span> <span class='ocrx_word' id='word_1_44' title='bbox 874 709 1224 777; x_wconf 87' lang='lat' dir='ltr'><strong>ascenditque</strong></span> <span class='ocrx_word' id='word_1_45' title='bbox 1264 708 1482 761; x_wconf 81' lang='lat' dir='ltr'><strong>Balaam</strong></span> <span class='ocrx_word' id='word_1_46' title='bbox 1536 722 1702 776; x_wconf 91' lang='lat' dir='ltr'><strong>super</strong></span> <span class='ocrx_word' id='word_1_47' title='bbox 1732 706 1941 761; x_wconf 85' lang='lat' dir='ltr'><strong>asinam</strong></span> 
     </span>
    </p>
   </div>
   <div class='ocr_carea' id='block_1_9' title="bbox 371 800 1940 872">
    <p class='ocr_par' dir='ltr' id='par_1_9' title="bbox 371 800 1940 872">
     <span class='ocr_line' id='line_1_9' title="bbox 371 800 1940 872; baseline -0.006 -10"><span class='ocrx_word' id='word_1_48' title='bbox 371 821 552 872; x_wconf 85' lang='lat' dir='ltr'><strong>suam,</strong></span> <span class='ocrx_word' id='word_1_49' title='bbox 597 811 652 860; x_wconf 87' lang='lat' dir='ltr'><strong>et</strong></span> <span class='ocrx_word' id='word_1_50' title='bbox 686 805 793 858; x_wconf 87' lang='lat' dir='ltr'><strong>duo</strong></span> <span class='ocrx_word' id='word_1_51' title='bbox 839 803 921 858; x_wconf 90' lang='lat' dir='ltr'><strong>sui</strong></span> <span class='ocrx_word' id='word_1_52' title='bbox 967 801 1118 870; x_wconf 90' lang='lat' dir='ltr'><strong>pueri</strong></span> <span class='ocrx_word' id='word_1_53' title='bbox 1169 815 1374 856; x_wconf 89' lang='lat' dir='ltr'><strong>secum.</strong></span> <span class='ocrx_word' id='word_1_54' title='bbox 1420 800 1729 869; x_wconf 76' lang='lat' dir='ltr'><strong>Vidensque</strong></span> <span class='ocrx_word' id='word_1_55' title='bbox 1787 800 1940 853; x_wconf 89' lang='lat' dir='ltr'><strong>asina</strong></span> 
     </span>
    </p>
   </div>
   <div class='ocr_carea' id='block_1_10' title="bbox 373 897 1942 971">
    <p class='ocr_par' dir='ltr' id='par_1_10' title="bbox 373 897 1942 971">
     <span class='ocr_line' id='line_1_10' title="bbox 373 897 1942 971; baseline -0.001 -17"><span class='ocrx_word' id='word_1_56' title='bbox 373 900 623 971; x_wconf 83' lang='lat' dir='ltr'><strong>angelum</strong></span> <span class='ocrx_word' id='word_1_57' title='bbox 656 897 748 954; x_wconf 89' lang='lat' dir='ltr'><strong>Dei</strong></span> <span class='ocrx_word' id='word_1_58' title='bbox 779 907 1013 954; x_wconf 89' lang='lat' dir='ltr'><strong>stantem</strong></span> <span class='ocrx_word' id='word_1_59' title='bbox 1054 913 1086 954; x_wconf 91' lang='lat' dir='ltr'><strong>e</strong></span> <span class='ocrx_word' id='word_1_60' title='bbox 1119 898 1340 969; x_wconf 83' lang='lat' dir='ltr'><strong>regione</strong></span> <span class='ocrx_word' id='word_1_61' title='bbox 1369 898 1422 952; x_wconf 90' lang='lat' dir='ltr'><strong>iu</strong></span> <span class='ocrx_word' id='word_1_62' title='bbox 1457 899 1561 962; x_wconf 85' lang='lat' dir='ltr'><strong>via,</strong></span> <span class='ocrx_word' id='word_1_63' title='bbox 1592 898 1942 969; x_wconf 80' lang='lat' dir='ltr'><strong>gladiumque</strong></span> 
     </span>
    </p>
   </div>
   <div class='ocr_carea' id='block_1_11' title="bbox 371 991 1937 1060">
    <p class='ocr_par' dir='ltr' id='par_1_11' title="bbox 371 991 1937 1060">
     <span class='ocr_line' id='line_1_11' title="bbox 371 991 1937 1060; baseline -0.003 -11"><span class='ocrx_word' id='word_1_64' title='bbox 371 993 684 1050; x_wconf 83' lang='lat' dir='ltr'><strong>districtum</strong></span> <span class='ocrx_word' id='word_1_65' title='bbox 736 993 790 1047; x_wconf 91' lang='lat' dir='ltr'><strong>in</strong></span> <span class='ocrx_word' id='word_1_66' title='bbox 837 1008 998 1046; x_wconf 91' lang='lat' dir='ltr'><strong>manu</strong></span> <span class='ocrx_word' id='word_1_67' title='bbox 1038 991 1173 1060; x_wconf 83' lang='lat' dir='ltr'><strong>ejus,</strong></span> <span class='ocrx_word' id='word_1_68' title='bbox 1205 992 1498 1048; x_wconf 82' lang='lat' dir='ltr'><strong>declinavit</strong></span> <span class='ocrx_word' id='word_1_69' title='bbox 1540 993 1693 1047; x_wconf 89' lang='lat' dir='ltr'><strong>asina</strong></span> <span class='ocrx_word' id='word_1_70' title='bbox 1733 992 1798 1046; x_wconf 89' lang='lat' dir='ltr'><strong>de</strong></span> <span class='ocrx_word' id='word_1_71' title='bbox 1823 992 1937 1056; x_wconf 91' lang='lat' dir='ltr'><strong>via,</strong></span> 
     </span>
    </p>
   </div>
   <div class='ocr_carea' id='block_1_12' title="bbox 366 1082 1936 1155">
    <p class='ocr_par' dir='ltr' id='par_1_12' title="bbox 366 1082 1936 1155">
     <span class='ocr_line' id='line_1_12' title="bbox 366 1082 1936 1155; baseline -0.005 -12"><span class='ocrx_word' id='word_1_72' title='bbox 366 1099 425 1143; x_wconf 87' lang='lat' dir='ltr'><strong>et</strong></span> <span class='ocrx_word' id='word_1_73' title='bbox 456 1088 556 1142; x_wconf 84' lang='lat' dir='ltr'><strong>ivit</strong></span> <span class='ocrx_word' id='word_1_74' title='bbox 586 1086 639 1142; x_wconf 92' lang='lat' dir='ltr'><strong>in</strong></span> <span class='ocrx_word' id='word_1_75' title='bbox 681 1100 954 1155; x_wconf 84' lang='lat' dir='ltr'><strong>campum.</strong></span> <span class='ocrx_word' id='word_1_76' title='bbox 998 1084 1068 1137; x_wconf 84' lang='lat' dir='ltr'><strong>At</strong></span> <span class='ocrx_word' id='word_1_77' title='bbox 1112 1082 1329 1138; x_wconf 86' lang='lat' dir='ltr'><strong>Balaam</strong></span> <span class='ocrx_word' id='word_1_78' title='bbox 1376 1084 1682 1138; x_wconf 77' lang='lat' dir='ltr'><strong>verberavit</strong></span> <span class='ocrx_word' id='word_1_79' title='bbox 1727 1083 1936 1138; x_wconf 87' lang='lat' dir='ltr'><strong>asinam</strong></span> 
     </span>
    </p>
   </div>
   <div class='ocr_carea' id='block_1_13' title="bbox 367 1173 1937 1250">
    <p class='ocr_par' dir='ltr' id='par_1_13' title="bbox 367 1173 1937 1250">
     <span class='ocr_line' id='line_1_13' title="bbox 367 1173 1937 1250; baseline -0.004 -16"><span class='ocrx_word' id='word_1_80' title='bbox 367 1181 543 1250; x_wconf 81' lang='lat' dir='ltr'><strong>virga,</strong></span> <span class='ocrx_word' id='word_1_81' title='bbox 569 1188 636 1233; x_wconf 83' lang='lat' dir='ltr'><strong>ut</strong></span> <span class='ocrx_word' id='word_1_82' title='bbox 673 1179 875 1234; x_wconf 86' lang='lat' dir='ltr'><strong>rediret</strong></span> <span class='ocrx_word' id='word_1_83' title='bbox 909 1176 962 1230; x_wconf 92' lang='lat' dir='ltr'><strong>in</strong></span> <span class='ocrx_word' id='word_1_84' title='bbox 991 1177 1132 1230; x_wconf 87' lang='lat' dir='ltr'><strong>viam</strong></span> <span class='ocrx_word' id='word_1_85' title='bbox 1166 1193 1180 1229; x_wconf 93' lang='lat'><strong>:</strong></span> <span class='ocrx_word' id='word_1_86' title='bbox 1211 1175 1359 1229; x_wconf 88' lang='lat' dir='ltr'><strong>stetit</strong></span> <span class='ocrx_word' id='word_1_87' title='bbox 1382 1185 1560 1230; x_wconf 86' lang='lat' dir='ltr'><strong>autem</strong></span> <span class='ocrx_word' id='word_1_88' title='bbox 1592 1174 1818 1246; x_wconf 80' lang='lat' dir='ltr'><strong>angelus</strong></span> <span class='ocrx_word' id='word_1_89' title='bbox 1844 1173 1937 1229; x_wconf 85' lang='lat' dir='ltr'><strong>Dei</strong></span> 
     </span>
    </p>
   </div>
   <div class='ocr_carea' id='block_1_14' title="bbox 355 1268 1930 1344">
    <p class='ocr_par' dir='ltr' id='par_1_14' title="bbox 355 1268 1930 1344">
     <span class='ocr_line' id='line_1_14' title="bbox 355 1268 1930 1344; baseline -0.003 -17"><span class='ocrx_word' id='word_1_90' title='bbox 355 1274 422 1328; x_wconf 79' lang='lat' dir='ltr'><strong>&#39;in</strong></span> <span class='ocrx_word' id='word_1_91' title='bbox 464 1279 693 1344; x_wconf 82' lang='lat' dir='ltr'><strong>angusta</strong></span> <span class='ocrx_word' id='word_1_92' title='bbox 733 1269 928 1326; x_wconf 85' lang='lat' dir='ltr'><strong>semita</strong></span> <span class='ocrx_word' id='word_1_93' title='bbox 976 1268 1280 1334; x_wconf 88' lang='lat' dir='ltr'><strong>vinearum,</strong></span> <span class='ocrx_word' id='word_1_94' title='bbox 1317 1278 1542 1338; x_wconf 88' lang='lat' dir='ltr'><strong>eratque</strong></span> <span class='ocrx_word' id='word_1_95' title='bbox 1580 1283 1647 1323; x_wconf 84' lang='lat' dir='ltr'><strong>ex</strong></span> <span class='ocrx_word' id='word_1_96' title='bbox 1693 1279 1930 1339; x_wconf 90' lang='lat' dir='ltr'><strong>utraque</strong></span> 
     </span>
    </p>
   </div>
   <div class='ocr_carea' id='block_1_15' title="bbox 354 1360 1936 1436">
    <p class='ocr_par' dir='ltr' id='par_1_15' title="bbox 354 1360 1936 1436">
     <span class='ocr_line' id='line_1_15' title="bbox 354 1360 1936 1436; baseline -0.003 -16"><span class='ocrx_word' id='word_1_97' title='bbox 354 1375 523 1436; x_wconf 76' lang='lat' dir='ltr'><strong>parte</strong></span> <span class='ocrx_word' id='word_1_98' title='bbox 577 1362 834 1418; x_wconf 89' lang='lat' dir='ltr'><strong>maceria.</strong></span> <span class='ocrx_word' id='word_1_99' title='bbox 860 1381 879 1415; x_wconf 73' lang='grc' dir='ltr'><strong>ι</strong></span> <span class='ocrx_word' id='word_1_100' title='bbox 933 1360 1137 1416; x_wconf 86' lang='lat' dir='ltr'><strong>Deinde</strong></span> <span class='ocrx_word' id='word_1_101' title='bbox 1189 1371 1314 1430; x_wconf 91' lang='lat' dir='ltr'><strong>post</strong></span> <span class='ocrx_word' id='word_1_102' title='bbox 1364 1377 1533 1430; x_wconf 88' lang='lat' dir='ltr'><strong>pauca</strong></span> <span class='ocrx_word' id='word_1_103' title='bbox 1556 1361 1602 1392; x_wconf 67' lang='grc'>⁸³</span> <span class='ocrx_word' id='word_1_104' title='bbox 1634 1379 1647 1415; x_wconf 90' lang='lat'><strong>:</strong></span> <span class='ocrx_word' id='word_1_105' title='bbox 1684 1379 1703 1412; x_wconf 83' lang='grc' dir='ltr'><strong>ι</strong></span> <span class='ocrx_word' id='word_1_106' title='bbox 1734 1361 1936 1416; x_wconf 83' lang='lat' dir='ltr'><strong>Videns</strong></span> 
     </span>
    </p>
   </div>
   <div class='ocr_carea' id='block_1_16' title="bbox 359 1453 1934 1528">
    <p class='ocr_par' dir='ltr' id='par_1_16' title="bbox 359 1453 1934 1528">
     <span class='ocr_line' id='line_1_16' title="bbox 359 1453 1934 1528; baseline -0.003 -16"><span class='ocrx_word' id='word_1_107' title='bbox 359 1459 520 1514; x_wconf 83' lang='lat' dir='ltr'><strong>asina</strong></span> <span class='ocrx_word' id='word_1_108' title='bbox 550 1454 799 1528; x_wconf 81' lang='lat' dir='ltr'><strong>angelum</strong></span> <span class='ocrx_word' id='word_1_109' title='bbox 841 1454 962 1518; x_wconf 84' lang='lat' dir='ltr'><strong>Dei,</strong></span> <span class='ocrx_word' id='word_1_110' title='bbox 994 1454 1283 1510; x_wconf 88' lang='lat' dir='ltr'><strong>succubuit</strong></span> <span class='ocrx_word' id='word_1_111' title='bbox 1311 1453 1410 1508; x_wconf 89' lang='lat' dir='ltr'><strong>sub</strong></span> <span class='ocrx_word' id='word_1_112' title='bbox 1441 1453 1680 1509; x_wconf 89' lang='lat' dir='ltr'><strong>Balaam.</strong></span> <span class='ocrx_word' id='word_1_113' title='bbox 1708 1471 1730 1507; x_wconf 74' lang='grc' dir='ltr'><strong>ι</strong></span> <span class='ocrx_word' id='word_1_114' title='bbox 1766 1454 1934 1508; x_wconf 90' lang='lat' dir='ltr'><strong>Dein-</strong></span> 
     </span>
    </p>
   </div>
   <div class='ocr_carea' id='block_1_17' title="bbox 360 1545 1934 1620">
    <p class='ocr_par' dir='ltr' id='par_1_17' title="bbox 360 1545 1934 1620">
     <span class='ocr_line' id='line_1_17' title="bbox 360 1545 1934 1620; baseline -0.002 -17"><span class='ocrx_word' id='word_1_115' title='bbox 360 1565 471 1620; x_wconf 86' lang='lat' dir='ltr'><strong>que</strong></span> <span class='ocrx_word' id='word_1_116' title='bbox 519 1557 640 1620; x_wconf 89' lang='lat' dir='ltr'><strong>pest</strong></span> <span class='ocrx_word' id='word_1_117' title='bbox 690 1561 860 1618; x_wconf 85' lang='lat' dir='ltr'><strong>pauca</strong></span> <span class='ocrx_word' id='word_1_118' title='bbox 876 1546 968 1602; x_wconf 65' lang='grc' dir='ltr'><strong>’διε</strong></span> <span class='ocrx_word' id='word_1_119' title='bbox 1004 1565 1024 1599; x_wconf 84' lang='grc' dir='ltr'><strong>ι</strong></span> <span class='ocrx_word' id='word_1_120' title='bbox 1058 1547 1204 1602; x_wconf 83' lang='lat' dir='ltr'><strong>Dixit</strong></span> <span class='ocrx_word' id='word_1_121' title='bbox 1243 1545 1466 1616; x_wconf 87' lang='lat' dir='ltr'><strong>angelus</strong></span> <span class='ocrx_word' id='word_1_122' title='bbox 1520 1546 1614 1600; x_wconf 91' lang='lat' dir='ltr'><strong>Dei</strong></span> <span class='ocrx_word' id='word_1_123' title='bbox 1669 1545 1788 1601; x_wconf 90' lang='lat' dir='ltr'><strong>illi:</strong></span> <span class='ocrx_word' id='word_1_124' title='bbox 1826 1545 1934 1600; x_wconf 90' lang='lat' dir='ltr'><strong>Cur</strong></span> 
     </span>
    </p>
   </div>
   <div class='ocr_carea' id='block_1_18' title="bbox 356 1637 1934 1710">
    <p class='ocr_par' dir='ltr' id='par_1_18' title="bbox 356 1637 1934 1710">
     <span class='ocr_line' id='line_1_18' title="bbox 356 1637 1934 1710; baseline -0.001 -16"><span class='ocrx_word' id='word_1_125' title='bbox 356 1645 469 1710; x_wconf 73' lang='lat' dir='ltr'><strong>jam</strong></span> <span class='ocrx_word' id='word_1_126' title='bbox 526 1651 609 1696; x_wconf 90' lang='lat' dir='ltr'><strong>ter</strong></span> <span class='ocrx_word' id='word_1_127' title='bbox 649 1639 950 1696; x_wconf 88' lang='lat' dir='ltr'><strong>verberasti</strong></span> <span class='ocrx_word' id='word_1_128' title='bbox 995 1641 1205 1694; x_wconf 90' lang='lat' dir='ltr'><strong>asinam</strong></span> <span class='ocrx_word' id='word_1_129' title='bbox 1240 1637 1519 1692; x_wconf 87' lang='lat' dir='ltr'><strong>tuam?En</strong></span> <span class='ocrx_word' id='word_1_130' title='bbox 1551 1652 1652 1708; x_wconf 87' lang='lat' dir='ltr'><strong>ego</strong></span> <span class='ocrx_word' id='word_1_131' title='bbox 1681 1652 1934 1708; x_wconf 85' lang='lat' dir='ltr'><strong>egressus</strong></span> 
     </span>
    </p>
   </div>
   <div class='ocr_carea' id='block_1_19' title="bbox 361 1729 1928 1799">
    <p class='ocr_par' dir='ltr' id='par_1_19' title="bbox 361 1729 1928 1799">
     <span class='ocr_line' id='line_1_19' title="bbox 361 1729 1928 1799; baseline -0.004 -11"><span class='ocrx_word' id='word_1_132' title='bbox 361 1748 481 1788; x_wconf 80' lang='lat' dir='ltr'><strong>sum</strong></span> <span class='ocrx_word' id='word_1_133' title='bbox 521 1740 582 1787; x_wconf 93' lang='lat' dir='ltr'><strong>ut</strong></span> <span class='ocrx_word' id='word_1_134' title='bbox 610 1739 661 1787; x_wconf 92' lang='lat' dir='ltr'><strong>te</strong></span> <span class='ocrx_word' id='word_1_135' title='bbox 696 1730 1010 1799; x_wconf 89' lang='lat' dir='ltr'><strong>impedirem</strong></span> <span class='ocrx_word' id='word_1_136' title='bbox 1037 1747 1053 1796; x_wconf 87' lang='lat'><strong>;</strong></span> <span class='ocrx_word' id='word_1_137' title='bbox 1084 1729 1305 1784; x_wconf 89' lang='lat' dir='ltr'><strong>aberrat</strong></span> <span class='ocrx_word' id='word_1_138' title='bbox 1332 1729 1476 1784; x_wconf 87' lang='lat' dir='ltr'><strong>enim</strong></span> <span class='ocrx_word' id='word_1_139' title='bbox 1507 1730 1593 1784; x_wconf 89' lang='lat' dir='ltr'><strong>via</strong></span> <span class='ocrx_word' id='word_1_140' title='bbox 1628 1740 1714 1784; x_wconf 88' lang='lat' dir='ltr'><strong>tua</strong></span> <span class='ocrx_word' id='word_1_141' title='bbox 1745 1745 1928 1784; x_wconf 88' lang='lat' dir='ltr'><strong>coram</strong></span> 
     </span>
    </p>
   </div>
   <div class='ocr_carea' id='block_1_20' title="bbox 2050 519 3614 600">
    <p class='ocr_par' dir='ltr' id='par_1_20' title="bbox 2050 519 3614 600">
     <span class='ocr_line' id='line_1_20' title="bbox 2050 519 3614 600; baseline 0.01 -28"><span class='ocrx_word' id='word_1_142' title='bbox 2050 519 2145 574; x_wconf 74' lang='grc' dir='ltr'>καὶ</span> <span class='ocrx_word' id='word_1_143' title='bbox 2170 521 2330 586; x_wconf 80' lang='grc' dir='ltr'>αὐτὸς</span> <span class='ocrx_word' id='word_1_144' title='bbox 2363 523 2678 598; x_wconf 78' lang='grc' dir='ltr'>ἐπιϐεϐήκει</span> <span class='ocrx_word' id='word_1_145' title='bbox 2702 528 2794 581; x_wconf 76' lang='grc' dir='ltr'><strong>ἐπὶ</strong></span> <span class='ocrx_word' id='word_1_146' title='bbox 2829 529 2928 600; x_wconf 85' lang='grc' dir='ltr'><strong>τῆς</strong></span> <span class='ocrx_word' id='word_1_147' title='bbox 2950 529 3071 581; x_wconf 81' lang='grc' dir='ltr'>ὄνου</span> <span class='ocrx_word' id='word_1_148' title='bbox 3102 529 3288 596; x_wconf 86' lang='grc' dir='ltr'>αὐτοῦ,</span> <span class='ocrx_word' id='word_1_149' title='bbox 3320 531 3422 584; x_wconf 74' lang='grc' dir='ltr'>καὶ</span> <span class='ocrx_word' id='word_1_150' title='bbox 3461 535 3511 586; x_wconf 86' lang='grc' dir='ltr'>οἱ</span> <span class='ocrx_word' id='word_1_151' title='bbox 3537 535 3614 589; x_wconf 66' lang='grc' dir='ltr'><strong>δύο</strong></span> 
     </span>
    </p>
   </div>
   <div class='ocr_carea' id='block_1_21' title="bbox 2047 612 3614 692">
    <p class='ocr_par' dir='ltr' id='par_1_21' title="bbox 2047 612 3614 692">
     <span class='ocr_line' id='line_1_21' title="bbox 2047 612 3614 692; baseline 0.006 -28"><span class='ocrx_word' id='word_1_152' title='bbox 2047 612 2234 676; x_wconf 81' lang='grc' dir='ltr'>παῖδες</span> <span class='ocrx_word' id='word_1_153' title='bbox 2262 613 2427 667; x_wconf 86' lang='grc' dir='ltr'>αὐτοῦ</span> <span class='ocrx_word' id='word_1_154' title='bbox 2461 617 2578 686; x_wconf 86' lang='grc' dir='ltr'>μετ’</span> <span class='ocrx_word' id='word_1_155' title='bbox 2612 617 2799 672; x_wconf 87' lang='grc' dir='ltr'>αὐτοῦ.</span> <span class='ocrx_word' id='word_1_156' title='bbox 2839 620 2950 672; x_wconf 86' lang='lat' dir='ltr'><strong>Kal.</strong></span> <span class='ocrx_word' id='word_1_157' title='bbox 2990 619 3172 672; x_wconf 78' lang='grc' dir='ltr'>ἰδοῦσα</span> <span class='ocrx_word' id='word_1_158' title='bbox 3207 620 3394 691; x_wconf 82' lang='grc' dir='ltr'>ήόνος</span> <span class='ocrx_word' id='word_1_159' title='bbox 3417 620 3506 675; x_wconf 70' lang='grc' dir='ltr'>τὸν</span> <span class='ocrx_word' id='word_1_160' title='bbox 3531 626 3614 692; x_wconf 75' lang='grc' dir='ltr'><strong>ἄγ-</strong></span> 
     </span>
    </p>
   </div>
   <div class='ocr_carea' id='block_1_22' title="bbox 2045 706 3613 785">
    <p class='ocr_par' dir='ltr' id='par_1_22' title="bbox 2045 706 3613 785">
     <span class='ocr_line' id='line_1_22' title="bbox 2045 706 3613 785; baseline 0.005 -26"><span class='ocrx_word' id='word_1_161' title='bbox 2045 706 2199 775; x_wconf 86' lang='grc' dir='ltr'>γελον</span> <span class='ocrx_word' id='word_1_162' title='bbox 2227 708 2318 761; x_wconf 88' lang='grc' dir='ltr'><strong>τοῦ</strong></span> <span class='ocrx_word' id='word_1_163' title='bbox 2342 707 2476 761; x_wconf 91' lang='grc' dir='ltr'>Θεοῦ</span> <span class='ocrx_word' id='word_1_164' title='bbox 2514 710 2885 781; x_wconf 82' lang='grc' dir='ltr'><strong>ἀνθεστηκότα</strong></span> <span class='ocrx_word' id='word_1_165' title='bbox 2913 712 2969 763; x_wconf 86' lang='grc' dir='ltr'><strong>ἐν</strong></span> <span class='ocrx_word' id='word_1_166' title='bbox 2997 715 3062 783; x_wconf 83' lang='grc' dir='ltr'>τῇ</span> <span class='ocrx_word' id='word_1_167' title='bbox 3093 712 3216 782; x_wconf 80' lang='grc' dir='ltr'>ὁδῷ,</span> <span class='ocrx_word' id='word_1_168' title='bbox 3254 713 3354 765; x_wconf 76' lang='grc' dir='ltr'>καὶ</span> <span class='ocrx_word' id='word_1_169' title='bbox 3377 713 3477 785; x_wconf 80' lang='grc' dir='ltr'>τὴν</span> <span class='ocrx_word' id='word_1_170' title='bbox 3505 717 3613 785; x_wconf 76' lang='grc' dir='ltr'>ῥομ-</span> 
     </span>
    </p>
   </div>
   <div class='ocr_carea' id='block_1_23' title="bbox 2045 800 3612 874">
    <p class='ocr_par' dir='ltr' id='par_1_23' title="bbox 2045 800 3612 874">
     <span class='ocr_line' id='line_1_23' title="bbox 2045 800 3612 874; baseline 0.003 -21"><span class='ocrx_word' id='word_1_171' title='bbox 2045 800 2209 870; x_wconf 83' lang='grc' dir='ltr'>φαίαν</span> <span class='ocrx_word' id='word_1_172' title='bbox 2237 800 2402 854; x_wconf 86' lang='grc' dir='ltr'>αὐτοῦ</span> <span class='ocrx_word' id='word_1_173' title='bbox 2439 803 2786 873; x_wconf 84' lang='grc' dir='ltr'>ἐσπασμένην</span> <span class='ocrx_word' id='word_1_174' title='bbox 2815 805 2872 856; x_wconf 91' lang='grc' dir='ltr'><strong>ἐν</strong></span> <span class='ocrx_word' id='word_1_175' title='bbox 2905 806 2970 874; x_wconf 84' lang='grc' dir='ltr'>τῇ</span> <span class='ocrx_word' id='word_1_176' title='bbox 3002 805 3144 874; x_wconf 79' lang='grc' dir='ltr'>χειρὶ</span> <span class='ocrx_word' id='word_1_177' title='bbox 3173 804 3366 869; x_wconf 83' lang='grc' dir='ltr'>αὐτοῦ,</span> <span class='ocrx_word' id='word_1_178' title='bbox 3416 808 3506 858; x_wconf 70' lang='grc' dir='ltr'><strong>καὶ</strong></span> <span class='ocrx_word' id='word_1_179' title='bbox 3546 809 3612 873; x_wconf 67' lang='grc' dir='ltr'>ἐξη-</span> 
     </span>
    </p>
   </div>
   <div class='ocr_carea' id='block_1_24' title="bbox 2042 892 3610 966">
    <p class='ocr_par' dir='ltr' id='par_1_24' title="bbox 2042 892 3610 966">
     <span class='ocr_line' id='line_1_24' title="bbox 2042 892 3610 966; baseline 0.008 -22"><span class='ocrx_word' id='word_1_180' title='bbox 2042 892 2296 964; x_wconf 80' lang='grc' dir='ltr'>έκλινενὴ</span> <span class='ocrx_word' id='word_1_181' title='bbox 2320 894 2438 957; x_wconf 78' lang='grc' dir='ltr'>ὄνος</span> <span class='ocrx_word' id='word_1_182' title='bbox 2461 897 2522 948; x_wconf 82' lang='grc' dir='ltr'><strong>ἐκ</strong></span> <span class='ocrx_word' id='word_1_183' title='bbox 2542 895 2641 965; x_wconf 82' lang='grc' dir='ltr'><strong>τῆς</strong></span> <span class='ocrx_word' id='word_1_184' title='bbox 2665 895 2804 959; x_wconf 85' lang='grc' dir='ltr'>ὁδοῦ,</span> <span class='ocrx_word' id='word_1_185' title='bbox 2835 897 3126 966; x_wconf 80' lang='grc' dir='ltr'>ἐπορεύετο</span> <span class='ocrx_word' id='word_1_186' title='bbox 3146 897 3201 950; x_wconf 86' lang='grc' dir='ltr'><strong>δὲ</strong></span> <span class='ocrx_word' id='word_1_187' title='bbox 3228 900 3309 962; x_wconf 80' lang='grc' dir='ltr'>εἰς</span> <span class='ocrx_word' id='word_1_188' title='bbox 3333 898 3400 951; x_wconf 79' lang='grc' dir='ltr'><strong>τὸ</strong></span> <span class='ocrx_word' id='word_1_189' title='bbox 3435 900 3610 958; x_wconf 69' lang='grc' dir='ltr'>πεδίον.</span> 
     </span>
    </p>
   </div>
   <div class='ocr_carea' id='block_1_25' title="bbox 2040 985 3610 1062">
    <p class='ocr_par' dir='ltr' id='par_1_25' title="bbox 2040 985 3610 1062">
     <span class='ocr_line' id='line_1_25' title="bbox 2040 985 3610 1062; baseline 0.006 -24"><span class='ocrx_word' id='word_1_190' title='bbox 2040 985 2152 1040; x_wconf 83' lang='lat' dir='ltr'><strong>Kal.</strong></span> <span class='ocrx_word' id='word_1_191' title='bbox 2194 986 2431 1054; x_wconf 85' lang='grc' dir='ltr'>ἐπάταξε</span> <span class='ocrx_word' id='word_1_192' title='bbox 2478 987 2704 1059; x_wconf 86' lang='grc' dir='ltr'>Βαλαὰμ</span> <span class='ocrx_word' id='word_1_193' title='bbox 2742 990 2842 1059; x_wconf 82' lang='grc' dir='ltr'><strong>τὴν</strong></span> <span class='ocrx_word' id='word_1_194' title='bbox 2863 989 2983 1042; x_wconf 68' lang='grc' dir='ltr'>ὄνον</span> <span class='ocrx_word' id='word_1_195' title='bbox 3015 991 3073 1042; x_wconf 88' lang='grc' dir='ltr'><strong>ἐν</strong></span> <span class='ocrx_word' id='word_1_196' title='bbox 3096 993 3160 1062; x_wconf 81' lang='grc' dir='ltr'>τῇ</span> <span class='ocrx_word' id='word_1_197' title='bbox 3200 990 3391 1062; x_wconf 76' lang='grc' dir='ltr'>ῥάϐδῳ</span> <span class='ocrx_word' id='word_1_198' title='bbox 3414 993 3504 1046; x_wconf 83' lang='grc' dir='ltr'><strong>τοῦ</strong></span> <span class='ocrx_word' id='word_1_199' title='bbox 3540 996 3610 1048; x_wconf 59' lang='lat' dir='ltr'><strong>ad-</strong></span> 
     </span>
    </p>
   </div>
   <div class='ocr_carea' id='block_1_26' title="bbox 2040 1067 3610 1153">
    <p class='ocr_par' dir='ltr' id='par_1_26' title="bbox 2040 1067 3610 1153">
     <span class='ocr_line' id='line_1_26' title="bbox 2040 1067 3610 1153; baseline 0.008 -24"><span class='ocrx_word' id='word_1_200' title='bbox 2040 1076 2194 1130; x_wconf 85' lang='grc' dir='ltr'>θῦναι</span> <span class='ocrx_word' id='word_1_201' title='bbox 2216 1078 2381 1150; x_wconf 79' lang='grc' dir='ltr'>αὐτὴν</span> <span class='ocrx_word' id='word_1_202' title='bbox 2410 1080 2468 1132; x_wconf 90' lang='grc' dir='ltr'><strong>ἐν</strong></span> <span class='ocrx_word' id='word_1_203' title='bbox 2506 1082 2571 1152; x_wconf 84' lang='grc' dir='ltr'>τῇ</span> <span class='ocrx_word' id='word_1_204' title='bbox 2604 1079 2712 1151; x_wconf 86' lang='grc' dir='ltr'><strong>ὁδῴ</strong></span> <span class='ocrx_word' id='word_1_205' title='bbox 2732 1097 2745 1110; x_wconf 91' lang='grc'><strong>·</strong></span> <span class='ocrx_word' id='word_1_206' title='bbox 2777 1083 2870 1135; x_wconf 78' lang='grc' dir='ltr'>καὶ</span> <span class='ocrx_word' id='word_1_207' title='bbox 2897 1082 3026 1152; x_wconf 82' lang='grc' dir='ltr'>ἔστη</span> <span class='ocrx_word' id='word_1_208' title='bbox 3054 1083 3082 1134; x_wconf 89' lang='lat'><strong>6</strong></span> <span class='ocrx_word' id='word_1_209' title='bbox 3108 1067 3342 1153; x_wconf 78' lang='grc' dir='ltr'>ἄγγελος</span> <span class='ocrx_word' id='word_1_210' title='bbox 3369 1085 3467 1140; x_wconf 87' lang='grc' dir='ltr'><strong>τοῦ</strong></span> <span class='ocrx_word' id='word_1_211' title='bbox 3498 1087 3610 1142; x_wconf 74' lang='grc' dir='ltr'>Θεοῦ</span> 
     </span>
    </p>
   </div>
   <div class='ocr_carea' id='block_1_27' title="bbox 2039 1169 3612 1246">
    <p class='ocr_par' dir='ltr' id='par_1_27' title="bbox 2039 1169 3612 1246">
     <span class='ocr_line' id='line_1_27' title="bbox 2039 1169 3612 1246; baseline 0.009 -26"><span class='ocrx_word' id='word_1_212' title='bbox 2039 1169 2098 1222; x_wconf 87' lang='grc' dir='ltr'><strong>ἐν</strong></span> <span class='ocrx_word' id='word_1_213' title='bbox 2133 1172 2254 1232; x_wconf 87' lang='grc' dir='ltr'>ταῖς</span> <span class='ocrx_word' id='word_1_214' title='bbox 2275 1169 2468 1235; x_wconf 77' lang='grc' dir='ltr'>αῦλαξι</span> <span class='ocrx_word' id='word_1_215' title='bbox 2492 1171 2600 1224; x_wconf 83' lang='grc' dir='ltr'><strong>τῶν</strong></span> <span class='ocrx_word' id='word_1_216' title='bbox 2625 1172 2906 1243; x_wconf 83' lang='grc' dir='ltr'><strong>ἀμπέλων,</strong></span> <span class='ocrx_word' id='word_1_217' title='bbox 2941 1176 3193 1246; x_wconf 83' lang='grc' dir='ltr'>φραγμὺς</span> <span class='ocrx_word' id='word_1_218' title='bbox 3228 1178 3505 1242; x_wconf 86' lang='grc' dir='ltr'>ἐντεῦθεν,</span> <span class='ocrx_word' id='word_1_219' title='bbox 3534 1183 3612 1236; x_wconf 74' lang='grc' dir='ltr'>καὶ</span> 
     </span>
    </p>
   </div>
   <div class='ocr_carea' id='block_1_28' title="bbox 2037 1261 3610 1343">
    <p class='ocr_par' dir='ltr' id='par_1_28' title="bbox 2037 1261 3610 1343">
     <span class='ocr_line' id='line_1_28' title="bbox 2037 1261 3610 1343; baseline 0.006 -28"><span class='ocrx_word' id='word_1_220' title='bbox 2037 1261 2288 1332; x_wconf 82' lang='grc' dir='ltr'>φραγμὸς</span> <span class='ocrx_word' id='word_1_221' title='bbox 2308 1263 2574 1319; x_wconf 88' lang='grc' dir='ltr'>ἐντεῦθεν.</span> <span class='ocrx_word' id='word_1_222' title='bbox 2604 1283 2622 1315; x_wconf 72' lang='grc' dir='ltr'><strong>ι</strong></span> <span class='ocrx_word' id='word_1_223' title='bbox 2653 1261 2784 1318; x_wconf 83' lang='grc' dir='ltr'>Εἶτα</span> <span class='ocrx_word' id='word_1_224' title='bbox 2810 1268 2927 1336; x_wconf 83' lang='grc' dir='ltr'>μετ’</span> <span class='ocrx_word' id='word_1_225' title='bbox 2951 1267 3106 1334; x_wconf 84' lang='grc' dir='ltr'>ὀλίγα</span> <span class='ocrx_word' id='word_1_226' title='bbox 3130 1285 3142 1294; x_wconf 89' lang='grc'><strong>·</strong></span> <span class='ocrx_word' id='word_1_227' title='bbox 3176 1289 3194 1319; x_wconf 83' lang='grc' dir='ltr'><strong>ι</strong></span> <span class='ocrx_word' id='word_1_228' title='bbox 3221 1270 3434 1323; x_wconf 80' lang='grc' dir='ltr'>’ἰδοῦσα</span> <span class='ocrx_word' id='word_1_229' title='bbox 3457 1273 3488 1343; x_wconf 78' lang='grc' dir='ltr'><strong>η</strong></span> <span class='ocrx_word' id='word_1_230' title='bbox 3511 1273 3610 1337; x_wconf 72' lang='grc' dir='ltr'>ὄνος</span> 
     </span>
    </p>
   </div>
   <div class='ocr_carea' id='block_1_29' title="bbox 2033 1353 3604 1434">
    <p class='ocr_par' dir='ltr' id='par_1_29' title="bbox 2033 1353 3604 1434">
     <span class='ocr_line' id='line_1_29' title="bbox 2033 1353 3604 1434; baseline 0.007 -27"><span class='ocrx_word' id='word_1_231' title='bbox 2033 1353 2125 1408; x_wconf 71' lang='grc' dir='ltr'><strong>τὸν</strong></span> <span class='ocrx_word' id='word_1_232' title='bbox 2151 1354 2377 1424; x_wconf 82' lang='grc' dir='ltr'>ἄγγελον</span> <span class='ocrx_word' id='word_1_233' title='bbox 2396 1355 2489 1408; x_wconf 89' lang='grc' dir='ltr'><strong>τοῦ</strong></span> <span class='ocrx_word' id='word_1_234' title='bbox 2513 1356 2647 1409; x_wconf 83' lang='grc' dir='ltr'>Θεοῦ</span> <span class='ocrx_word' id='word_1_235' title='bbox 2671 1358 3019 1412; x_wconf 78' lang='grc' dir='ltr'>συνεκάθισεν</span> <span class='ocrx_word' id='word_1_236' title='bbox 3052 1361 3310 1415; x_wconf 85' lang='grc' dir='ltr'>ὑποκάτω</span> <span class='ocrx_word' id='word_1_237' title='bbox 3332 1363 3604 1434; x_wconf 74' lang='grc' dir='ltr'>Βαλαάμ.»</span> 
     </span>
    </p>
   </div>
   <div class='ocr_carea' id='block_1_30' title="bbox 2033 1447 3609 1525">
    <p class='ocr_par' dir='ltr' id='par_1_30' title="bbox 2033 1447 3609 1525">
     <span class='ocr_line' id='line_1_30' title="bbox 2033 1447 3609 1525; baseline 0.007 -26"><span class='ocrx_word' id='word_1_238' title='bbox 2033 1447 2144 1500; x_wconf 80' lang='grc' dir='ltr'>Καὶ</span> <span class='ocrx_word' id='word_1_239' title='bbox 2193 1448 2353 1501; x_wconf 85' lang='grc' dir='ltr'>πάλιν</span> <span class='ocrx_word' id='word_1_240' title='bbox 2386 1449 2502 1519; x_wconf 88' lang='grc' dir='ltr'>μετ’</span> <span class='ocrx_word' id='word_1_241' title='bbox 2529 1450 2715 1518; x_wconf 84' lang='grc' dir='ltr'>ὀλίγα·</span> <span class='ocrx_word' id='word_1_242' title='bbox 2773 1469 2792 1502; x_wconf 83' lang='grc' dir='ltr'><strong>ι</strong></span> <span class='ocrx_word' id='word_1_243' title='bbox 2814 1448 2980 1504; x_wconf 81' lang='grc' dir='ltr'>Εἶπεν</span> <span class='ocrx_word' id='word_1_244' title='bbox 3015 1453 3162 1525; x_wconf 79' lang='grc' dir='ltr'>αὐτῷ</span> <span class='ocrx_word' id='word_1_245' title='bbox 3187 1455 3216 1506; x_wconf 87' lang='grc' dir='ltr'><strong>ό</strong></span> <span class='ocrx_word' id='word_1_246' title='bbox 3258 1456 3498 1525; x_wconf 79' lang='grc' dir='ltr'>ἄγγελος</span> <span class='ocrx_word' id='word_1_247' title='bbox 3532 1457 3609 1510; x_wconf 80' lang='grc' dir='ltr'><strong>τοῦ</strong></span> 
     </span>
    </p>
   </div>
   <div class='ocr_carea' id='block_1_31' title="bbox 2031 1539 3607 1621">
    <p class='ocr_par' dir='ltr' id='par_1_31' title="bbox 2031 1539 3607 1621">
     <span class='ocr_line' id='line_1_31' title="bbox 2031 1539 3607 1621; baseline 0.008 -30"><span class='ocrx_word' id='word_1_248' title='bbox 2031 1539 2162 1592; x_wconf 88' lang='grc' dir='ltr'>Θεοῦ</span> <span class='ocrx_word' id='word_1_249' title='bbox 2185 1557 2197 1570; x_wconf 91' lang='grc'>·</span> <span class='ocrx_word' id='word_1_250' title='bbox 2231 1541 2330 1594; x_wconf 89' lang='grc' dir='ltr'><strong>Δ·ιά</strong></span> <span class='ocrx_word' id='word_1_251' title='bbox 2357 1543 2409 1594; x_wconf 88' lang='grc' dir='ltr'><strong>τί</strong></span> <span class='ocrx_word' id='word_1_252' title='bbox 2435 1542 2708 1607; x_wconf 80' lang='grc' dir='ltr'>ἐπάταξας</span> <span class='ocrx_word' id='word_1_253' title='bbox 2745 1545 2843 1613; x_wconf 81' lang='grc' dir='ltr'><strong>τὴν</strong></span> <span class='ocrx_word' id='word_1_254' title='bbox 2890 1544 3009 1598; x_wconf 79' lang='grc' dir='ltr'>ὄνον</span> <span class='ocrx_word' id='word_1_255' title='bbox 3063 1564 3156 1599; x_wconf 89' lang='grc' dir='ltr'><strong>σου</strong></span> <span class='ocrx_word' id='word_1_256' title='bbox 3199 1547 3363 1601; x_wconf 85' lang='grc' dir='ltr'>τοῦτο</span> <span class='ocrx_word' id='word_1_257' title='bbox 3413 1550 3607 1621; x_wconf 65' lang='grc' dir='ltr'>τρίταις</span> 
     </span>
    </p>
   </div>
   <div class='ocr_carea' id='block_1_32' title="bbox 2044 1629 3603 1711">
    <p class='ocr_par' dir='ltr' id='par_1_32' title="bbox 2044 1629 3603 1711">
     <span class='ocr_line' id='line_1_32' title="bbox 2044 1629 3603 1711; baseline 0.006 -28"><span class='ocrx_word' id='word_1_258' title='bbox 2044 1629 2174 1684; x_wconf 84' lang='grc' dir='ltr'>Ἰδοὺ</span> <span class='ocrx_word' id='word_1_259' title='bbox 2205 1631 2314 1700; x_wconf 86' lang='grc' dir='ltr'>ἐγὼ</span> <span class='ocrx_word' id='word_1_260' title='bbox 2341 1631 2562 1703; x_wconf 79' lang='grc' dir='ltr'>ἐξῆλθον</span> <span class='ocrx_word' id='word_1_261' title='bbox 2586 1635 2665 1696; x_wconf 87' lang='grc' dir='ltr'>εἰς</span> <span class='ocrx_word' id='word_1_262' title='bbox 2699 1633 2952 1706; x_wconf 80' lang='grc' dir='ltr'>διαϐολήν</span> <span class='ocrx_word' id='word_1_263' title='bbox 2982 1653 3098 1701; x_wconf 89' lang='grc' dir='ltr'>σου,</span> <span class='ocrx_word' id='word_1_264' title='bbox 3129 1637 3212 1690; x_wconf 81' lang='grc' dir='ltr'><strong>ὅτι</strong></span> <span class='ocrx_word' id='word_1_265' title='bbox 3241 1638 3347 1691; x_wconf 82' lang='grc' dir='ltr'><strong>οὐκ</strong></span> <span class='ocrx_word' id='word_1_266' title='bbox 3377 1638 3603 1711; x_wconf 81' lang='grc' dir='ltr'>εὐθεῖαή</span> 
     </span>
    </p>
   </div>
   <div class='ocr_carea' id='block_1_33' title="bbox 2030 1723 3604 1798">
    <p class='ocr_par' dir='ltr' id='par_1_33' title="bbox 2030 1723 3604 1798">
     <span class='ocr_line' id='line_1_33' title="bbox 2030 1723 3604 1798; baseline 0.004 -21"><span class='ocrx_word' id='word_1_267' title='bbox 2030 1723 2146 1785; x_wconf 85' lang='grc' dir='ltr'>ὁδός</span> <span class='ocrx_word' id='word_1_268' title='bbox 2174 1740 2267 1776; x_wconf 91' lang='grc' dir='ltr'><strong>σου</strong></span> <span class='ocrx_word' id='word_1_269' title='bbox 2297 1725 2536 1778; x_wconf 81' lang='grc' dir='ltr'>ἐναντίον</span> <span class='ocrx_word' id='word_1_270' title='bbox 2568 1742 2690 1796; x_wconf 91' lang='grc' dir='ltr'>μου.</span> <span class='ocrx_word' id='word_1_271' title='bbox 2737 1726 2847 1779; x_wconf 88' lang='lat' dir='ltr'><strong>Kal.</strong></span> <span class='ocrx_word' id='word_1_272' title='bbox 2897 1726 3078 1781; x_wconf 83' lang='grc' dir='ltr'>ἰδοῦσά</span> <span class='ocrx_word' id='word_1_273' title='bbox 3105 1746 3170 1798; x_wconf 88' lang='grc' dir='ltr'><strong>με</strong></span> <span class='ocrx_word' id='word_1_274' title='bbox 3200 1730 3232 1798; x_wconf 81' lang='grc' dir='ltr'>ἡ</span> <span class='ocrx_word' id='word_1_275' title='bbox 3259 1728 3388 1792; x_wconf 79' lang='grc' dir='ltr'>ὄνος</span> <span class='ocrx_word' id='word_1_276' title='bbox 3416 1729 3604 1794; x_wconf 82' lang='grc' dir='ltr'>ἐξέκλι-</span> 
     </span>
    </p>
   </div>
   <div class='ocr_carea' id='block_1_34' title="bbox 360 1813 1869 1891">
    <p class='ocr_par' dir='ltr' id='par_1_34' title="bbox 360 1822 1853 1891">
     <span class='ocr_line' id='line_1_34' title="bbox 360 1822 1853 1891; baseline -0.002 -11"><span class='ocrx_word' id='word_1_277' title='bbox 360 1839 447 1880; x_wconf 90' lang='lat' dir='ltr'><strong>me</strong></span> <span class='ocrx_word' id='word_1_278' title='bbox 474 1844 488 1882; x_wconf 91' lang='lat'><strong>:</strong></span> <span class='ocrx_word' id='word_1_279' title='bbox 517 1833 574 1880; x_wconf 90' lang='lat' dir='ltr'><strong>et</strong></span> <span class='ocrx_word' id='word_1_280' title='bbox 603 1824 793 1880; x_wconf 90' lang='lat' dir='ltr'><strong>videns</strong></span> <span class='ocrx_word' id='word_1_281' title='bbox 819 1838 907 1880; x_wconf 91' lang='lat' dir='ltr'><strong>me</strong></span> <span class='ocrx_word' id='word_1_282' title='bbox 939 1823 1091 1878; x_wconf 88' lang='lat' dir='ltr'><strong>asina</strong></span> <span class='ocrx_word' id='word_1_283' title='bbox 1118 1822 1413 1877; x_wconf 87' lang='lat' dir='ltr'><strong>declinavit</strong></span> <span class='ocrx_word' id='word_1_284' title='bbox 1432 1823 1544 1891; x_wconf 89' lang='lat' dir='ltr'><strong>jam</strong></span> <span class='ocrx_word' id='word_1_285' title='bbox 1583 1831 1697 1890; x_wconf 88' lang='lat' dir='ltr'><strong>ter;</strong></span> <span class='ocrx_word' id='word_1_286' title='bbox 1733 1838 1853 1891; x_wconf 76' lang='lat' dir='ltr'><strong>qua:</strong></span> 
     </span>
    </p>
   </div>
   <div class='ocr_carea' id='block_1_35' title="bbox 2063 1813 3604 1891">
    <p class='ocr_par' dir='ltr' id='par_1_35' title="bbox 2065 1813 3604 1889">
     <span class='ocr_line' id='line_1_35' title="bbox 2065 1813 3604 1889; baseline 0.005 -23"><span class='ocrx_word' id='word_1_287' title='bbox 2065 1830 2122 1866; x_wconf 90' lang='grc' dir='ltr'><strong>εν</strong></span> <span class='ocrx_word' id='word_1_288' title='bbox 2146 1814 2240 1866; x_wconf 84' lang='grc' dir='ltr'>ἀπ’</span> <span class='ocrx_word' id='word_1_289' title='bbox 2270 1814 2405 1885; x_wconf 82' lang='grc' dir='ltr'>ἐμοῦ</span> <span class='ocrx_word' id='word_1_290' title='bbox 2452 1813 2609 1869; x_wconf 86' lang='grc' dir='ltr'>τοῦτο</span> <span class='ocrx_word' id='word_1_291' title='bbox 2639 1817 2820 1887; x_wconf 83' lang='grc' dir='ltr'>τρίτον</span> <span class='ocrx_word' id='word_1_292' title='bbox 2844 1834 2856 1846; x_wconf 91' lang='grc'><strong>·</strong></span> <span class='ocrx_word' id='word_1_293' title='bbox 2890 1817 2986 1871; x_wconf 80' lang='grc' dir='ltr'><strong>καὶ</strong></span> <span class='ocrx_word' id='word_1_294' title='bbox 3033 1819 3082 1870; x_wconf 86' lang='grc' dir='ltr'>εἰ</span> <span class='ocrx_word' id='word_1_295' title='bbox 3117 1817 3191 1889; x_wconf 86' lang='grc' dir='ltr'>μὴ</span> <span class='ocrx_word' id='word_1_296' title='bbox 3223 1818 3503 1884; x_wconf 81' lang='grc' dir='ltr'>ἐξέκλινεν</span> <span class='ocrx_word' id='word_1_297' title='bbox 3524 1821 3604 1874; x_wconf 84' lang='grc' dir='ltr'>ἀπ’</span> 
     </span>
    </p>
   </div>
   <div class='ocr_carea' id='block_1_36' title="bbox 360 1914 1932 1978">
    <p class='ocr_par' dir='ltr' id='par_1_36' title="bbox 360 1914 1932 1978">
     <span class='ocr_line' id='line_1_36' title="bbox 360 1914 1932 1978; baseline -0.001 -8"><span class='ocrx_word' id='word_1_298' title='bbox 360 1930 466 1971; x_wconf 92' lang='lat' dir='ltr'><strong>non</strong></span> <span class='ocrx_word' id='word_1_299' title='bbox 528 1915 853 1972; x_wconf 89' lang='lat' dir='ltr'><strong>declinasset</strong></span> <span class='ocrx_word' id='word_1_300' title='bbox 915 1929 1100 1970; x_wconf 93' lang='lat' dir='ltr'><strong>coram</strong></span> <span class='ocrx_word' id='word_1_301' title='bbox 1159 1928 1269 1978; x_wconf 90' lang='lat' dir='ltr'><strong>me,</strong></span> <span class='ocrx_word' id='word_1_302' title='bbox 1327 1929 1473 1968; x_wconf 90' lang='lat' dir='ltr'><strong>nunc</strong></span> <span class='ocrx_word' id='word_1_303' title='bbox 1536 1924 1590 1969; x_wconf 91' lang='lat' dir='ltr'><strong>te</strong></span> <span class='ocrx_word' id='word_1_304' title='bbox 1642 1914 1932 1970; x_wconf 78' lang='lat' dir='ltr'><strong>interfecto</strong></span> 
     </span>
    </p>
   </div>
   <div class='ocr_carea' id='block_1_37' title="bbox 359 2006 1933 2080">
    <p class='ocr_par' dir='ltr' id='par_1_37' title="bbox 359 2006 1933 2080">
     <span class='ocr_line' id='line_1_37' title="bbox 359 2006 1933 2080; baseline -0.001 -16"><span class='ocrx_word' id='word_1_305' title='bbox 359 2010 530 2080; x_wconf 78' lang='lat' dir='ltr'><strong>ipsam</strong></span> <span class='ocrx_word' id='word_1_306' title='bbox 575 2007 905 2064; x_wconf 90' lang='lat' dir='ltr'><strong>incolumem</strong></span> <span class='ocrx_word' id='word_1_307' title='bbox 950 2021 1278 2062; x_wconf 86' lang='lat' dir='ltr'><strong>servassem.</strong></span> <span class='ocrx_word' id='word_1_308' title='bbox 1309 2006 1378 2062; x_wconf 86' lang='lat' dir='ltr'><strong>Et</strong></span> <span class='ocrx_word' id='word_1_309' title='bbox 1417 2007 1556 2062; x_wconf 81' lang='lat' dir='ltr'><strong>dixit</strong></span> <span class='ocrx_word' id='word_1_310' title='bbox 1585 2006 1804 2061; x_wconf 90' lang='lat' dir='ltr'><strong>Balaam</strong></span> <span class='ocrx_word' id='word_1_311' title='bbox 1835 2025 1933 2063; x_wconf 90' lang='lat' dir='ltr'><strong>an-</strong></span> 
     </span>
    </p>
   </div>
   <div class='ocr_carea' id='block_1_38' title="bbox 356 2098 1929 2170">
    <p class='ocr_par' dir='ltr' id='par_1_38' title="bbox 356 2098 1929 2170">
     <span class='ocr_line' id='line_1_38' title="bbox 356 2098 1929 2170; baseline 0.001 -17"><span class='ocrx_word' id='word_1_312' title='bbox 356 2099 518 2170; x_wconf 89' lang='lat' dir='ltr'><strong>gelo:</strong></span> <span class='ocrx_word' id='word_1_313' title='bbox 547 2099 796 2164; x_wconf 92' lang='lat' dir='ltr'><strong>Domine,</strong></span> <span class='ocrx_word' id='word_1_314' title='bbox 827 2098 1070 2167; x_wconf 90' lang='lat' dir='ltr'><strong>peccavi,</strong></span> <span class='ocrx_word' id='word_1_315' title='bbox 1100 2098 1354 2166; x_wconf 90' lang='lat' dir='ltr'><strong>quoniam</strong></span> <span class='ocrx_word' id='word_1_316' title='bbox 1406 2113 1513 2154; x_wconf 90' lang='lat' dir='ltr'><strong>non</strong></span> <span class='ocrx_word' id='word_1_317' title='bbox 1543 2099 1667 2154; x_wconf 86' lang='lat' dir='ltr'><strong>novi</strong></span> <span class='ocrx_word' id='word_1_318' title='bbox 1700 2100 1840 2168; x_wconf 89' lang='lat' dir='ltr'><strong>quod</strong></span> <span class='ocrx_word' id='word_1_319' title='bbox 1874 2109 1929 2154; x_wconf 93' lang='lat' dir='ltr'><strong>tu</strong></span> 
     </span>
    </p>
   </div>
   <div class='ocr_carea' id='block_1_39' title="bbox 356 2187 1930 2258">
    <p class='ocr_par' dir='ltr' id='par_1_39' title="bbox 356 2187 1930 2258">
     <span class='ocr_line' id='line_1_39' title="bbox 356 2187 1930 2258; baseline -0.001 -14"><span class='ocrx_word' id='word_1_320' title='bbox 356 2190 644 2244; x_wconf 85' lang='lat' dir='ltr'><strong>adversum</strong></span> <span class='ocrx_word' id='word_1_321' title='bbox 685 2203 771 2244; x_wconf 92' lang='lat' dir='ltr'><strong>me</strong></span> <span class='ocrx_word' id='word_1_322' title='bbox 817 2188 872 2242; x_wconf 93' lang='lat' dir='ltr'><strong>iu</strong></span> <span class='ocrx_word' id='word_1_323' title='bbox 925 2187 1009 2242; x_wconf 91' lang='lat' dir='ltr'><strong>via</strong></span> <span class='ocrx_word' id='word_1_324' title='bbox 1045 2199 1256 2254; x_wconf 88' lang='lat' dir='ltr'><strong>stares;</strong></span> <span class='ocrx_word' id='word_1_325' title='bbox 1289 2198 1344 2243; x_wconf 92' lang='lat' dir='ltr'><strong>et</strong></span> <span class='ocrx_word' id='word_1_326' title='bbox 1376 2204 1522 2244; x_wconf 93' lang='lat' dir='ltr'><strong>nunc</strong></span> <span class='ocrx_word' id='word_1_327' title='bbox 1548 2189 1592 2243; x_wconf 91' lang='lat' dir='ltr'><strong>si</strong></span> <span class='ocrx_word' id='word_1_328' title='bbox 1627 2189 1722 2244; x_wconf 91' lang='lat' dir='ltr'><strong>tibi</strong></span> <span class='ocrx_word' id='word_1_329' title='bbox 1745 2190 1930 2258; x_wconf 79' lang='lat' dir='ltr'><strong>displi-</strong></span> 
     </span>
    </p>
   </div>
   <div class='ocr_carea' id='block_1_40' title="bbox 354 2278 1930 2352">
    <p class='ocr_par' dir='ltr' id='par_1_40' title="bbox 354 2278 1930 2352">
     <span class='ocr_line' id='line_1_40' title="bbox 354 2278 1930 2352; baseline -0.001 -14"><span class='ocrx_word' id='word_1_330' title='bbox 354 2289 462 2347; x_wconf 92' lang='lat' dir='ltr'><strong>cet,</strong></span> <span class='ocrx_word' id='word_1_331' title='bbox 492 2289 759 2337; x_wconf 87' lang='lat' dir='ltr'><strong>revertar.</strong></span> <span class='ocrx_word' id='word_1_332' title='bbox 785 2279 981 2349; x_wconf 83' lang='lat' dir='ltr'><strong>Aitque</strong></span> <span class='ocrx_word' id='word_1_333' title='bbox 1011 2279 1233 2349; x_wconf 88' lang='lat' dir='ltr'><strong>angelus</strong></span> <span class='ocrx_word' id='word_1_334' title='bbox 1267 2278 1361 2334; x_wconf 91' lang='lat' dir='ltr'><strong>Dei</strong></span> <span class='ocrx_word' id='word_1_335' title='bbox 1395 2280 1462 2334; x_wconf 91' lang='lat' dir='ltr'><strong>ad</strong></span> <span class='ocrx_word' id='word_1_336' title='bbox 1492 2279 1707 2334; x_wconf 89' lang='lat' dir='ltr'><strong>Balaam</strong></span> <span class='ocrx_word' id='word_1_337' title='bbox 1729 2298 1743 2334; x_wconf 94' lang='lat'><strong>:</strong></span> <span class='ocrx_word' id='word_1_338' title='bbox 1764 2281 1930 2352; x_wconf 80' lang='lat'><strong>390</strong></span> 
     </span>
    </p>
   </div>
   <div class='ocr_carea' id='block_1_41' title="bbox 353 2370 1924 2434">
    <p class='ocr_par' dir='ltr' id='par_1_41' title="bbox 353 2370 1924 2434">
     <span class='ocr_line' id='line_1_41' title="bbox 353 2370 1924 2434; baseline 0.001 -8"><span class='ocrx_word' id='word_1_339' title='bbox 353 2371 510 2428; x_wconf 76' lang='lat' dir='ltr'><strong>Vade</strong></span> <span class='ocrx_word' id='word_1_340' title='bbox 557 2387 679 2428; x_wconf 93' lang='lat' dir='ltr'><strong>cum</strong></span> <span class='ocrx_word' id='word_1_341' title='bbox 732 2370 864 2426; x_wconf 91' lang='lat' dir='ltr'><strong>viris</strong></span> <span class='ocrx_word' id='word_1_342' title='bbox 913 2370 1049 2434; x_wconf 88' lang='lat' dir='ltr'><strong>illis;</strong></span> <span class='ocrx_word' id='word_1_343' title='bbox 1101 2371 1194 2426; x_wconf 91' lang='lat' dir='ltr'><strong>sed</strong></span> <span class='ocrx_word' id='word_1_344' title='bbox 1263 2373 1638 2426; x_wconf 90' lang='lat' dir='ltr'><strong>tantummodo</strong></span> <span class='ocrx_word' id='word_1_345' title='bbox 1699 2374 1924 2428; x_wconf 87' lang='lat' dir='ltr'><strong>verbum</strong></span> 
     </span>
    </p>
   </div>
   <div class='ocr_carea' id='block_1_42' title="bbox 351 2460 1927 2534">
    <p class='ocr_par' dir='ltr' id='par_1_42' title="bbox 351 2460 1927 2534">
     <span class='ocr_line' id='line_1_42' title="bbox 351 2460 1927 2534; baseline 0.003 -16"><span class='ocrx_word' id='word_1_346' title='bbox 351 2466 712 2534; x_wconf 89' lang='lat' dir='ltr'><strong>quodcunque</strong></span> <span class='ocrx_word' id='word_1_347' title='bbox 757 2462 975 2517; x_wconf 90' lang='lat' dir='ltr'><strong>locutus</strong></span> <span class='ocrx_word' id='word_1_348' title='bbox 1014 2460 1166 2518; x_wconf 85' lang='lat' dir='ltr'><strong>fuero</strong></span> <span class='ocrx_word' id='word_1_349' title='bbox 1213 2462 1280 2517; x_wconf 92' lang='lat' dir='ltr'><strong>ad</strong></span> <span class='ocrx_word' id='word_1_350' title='bbox 1337 2473 1407 2528; x_wconf 91' lang='lat' dir='ltr'><strong>te,</strong></span> <span class='ocrx_word' id='word_1_351' title='bbox 1460 2463 1561 2520; x_wconf 89' lang='lat' dir='ltr'><strong>hoc</strong></span> <span class='ocrx_word' id='word_1_352' title='bbox 1608 2466 1927 2522; x_wconf 89' lang='lat' dir='ltr'><strong>observabis</strong></span> 
     </span>
    </p>
   </div>
   <div class='ocr_carea' id='block_1_43' title="bbox 350 2555 1920 2628">
    <p class='ocr_par' dir='ltr' id='par_1_43' title="bbox 350 2555 1920 2628">
     <span class='ocr_line' id='line_1_43' title="bbox 350 2555 1920 2628; baseline 0.002 -15"><span class='ocrx_word' id='word_1_353' title='bbox 350 2558 524 2628; x_wconf 91' lang='lat' dir='ltr'><strong>lnqui.</strong></span> <span class='ocrx_word' id='word_1_354' title='bbox 554 2576 573 2610; x_wconf 77' lang='grc' dir='ltr'><strong>ι</strong></span> <span class='ocrx_word' id='word_1_355' title='bbox 604 2557 848 2614; x_wconf 88' lang='lat' dir='ltr'><strong>Observa</strong></span> <span class='ocrx_word' id='word_1_356' title='bbox 884 2555 1028 2610; x_wconf 91' lang='lat' dir='ltr'><strong>enim</strong></span> <span class='ocrx_word' id='word_1_357' title='bbox 1059 2557 1202 2626; x_wconf 91' lang='lat' dir='ltr'><strong>quod</strong></span> <span class='ocrx_word' id='word_1_358' title='bbox 1230 2557 1452 2627; x_wconf 86' lang='lat' dir='ltr'><strong>angelus</strong></span> <span class='ocrx_word' id='word_1_359' title='bbox 1481 2558 1576 2626; x_wconf 87' lang='lat' dir='ltr'><strong>sit,</strong></span> <span class='ocrx_word' id='word_1_360' title='bbox 1617 2559 1708 2628; x_wconf 92' lang='lat' dir='ltr'><strong>qui</strong></span> <span class='ocrx_word' id='word_1_361' title='bbox 1743 2559 1876 2615; x_wconf 90' lang='lat' dir='ltr'><strong>dicit</strong></span> <span class='ocrx_word' id='word_1_362' title='bbox 1905 2576 1920 2616; x_wconf 90' lang='lat'><strong>:</strong></span> 
     </span>
    </p>
   </div>
   <div class='ocr_carea' id='block_1_44' title="bbox 356 2647 1925 2720">
    <p class='ocr_par' dir='ltr' id='par_1_44' title="bbox 356 2647 1925 2720">
     <span class='ocr_line' id='line_1_44' title="bbox 356 2647 1925 2720; baseline 0.001 -18"><span class='ocrx_word' id='word_1_363' title='bbox 356 2666 377 2702; x_wconf 81' lang='grc' dir='ltr'><strong>ι</strong></span> <span class='ocrx_word' id='word_1_364' title='bbox 409 2647 636 2704; x_wconf 87' lang='lat' dir='ltr'><strong>Verbum</strong></span> <span class='ocrx_word' id='word_1_365' title='bbox 665 2647 1030 2720; x_wconf 86' lang='lat' dir='ltr'><strong>quodcunque</strong></span> <span class='ocrx_word' id='word_1_366' title='bbox 1065 2648 1276 2704; x_wconf 90' lang='lat' dir='ltr'><strong>locutus</strong></span> <span class='ocrx_word' id='word_1_367' title='bbox 1310 2647 1466 2703; x_wconf 80' lang='lat' dir='ltr'><strong>fuero</strong></span> <span class='ocrx_word' id='word_1_368' title='bbox 1503 2648 1569 2702; x_wconf 90' lang='lat' dir='ltr'><strong>ad</strong></span> <span class='ocrx_word' id='word_1_369' title='bbox 1595 2659 1666 2715; x_wconf 89' lang='lat' dir='ltr'><strong>te,</strong></span> <span class='ocrx_word' id='word_1_370' title='bbox 1695 2648 1799 2704; x_wconf 89' lang='lat' dir='ltr'><strong>hoc</strong></span> <span class='ocrx_word' id='word_1_371' title='bbox 1828 2649 1925 2704; x_wconf 84' lang='lat' dir='ltr'><strong>ob-</strong></span> 
     </span>
    </p>
   </div>
   <div class='ocr_carea' id='block_1_45' title="bbox 353 2740 1921 2812">
    <p class='ocr_par' dir='ltr' id='par_1_45' title="bbox 353 2740 1921 2812">
     <span class='ocr_line' id='line_1_45' title="bbox 353 2740 1921 2812; baseline -0.002 -15"><span class='ocrx_word' id='word_1_372' title='bbox 353 2741 596 2798; x_wconf 85' lang='lat' dir='ltr'><strong>servabis</strong></span> <span class='ocrx_word' id='word_1_373' title='bbox 636 2742 852 2812; x_wconf 69' lang='lat' dir='ltr'><strong>loqui.)</strong></span> <span class='ocrx_word' id='word_1_374' title='bbox 900 2740 1097 2796; x_wconf 81' lang='lat' dir='ltr'><strong>Verum</strong></span> <span class='ocrx_word' id='word_1_375' title='bbox 1170 2741 1318 2796; x_wconf 90' lang='lat' dir='ltr'><strong>dices</strong></span> <span class='ocrx_word' id='word_1_376' title='bbox 1367 2741 1528 2810; x_wconf 89' lang='lat' dir='ltr'><strong>paulo</strong></span> <span class='ocrx_word' id='word_1_377' title='bbox 1575 2751 1698 2810; x_wconf 90' lang='lat' dir='ltr'><strong>post</strong></span> <span class='ocrx_word' id='word_1_378' title='bbox 1753 2742 1921 2795; x_wconf 91' lang='lat' dir='ltr'><strong>Deum</strong></span> 
     </span>
    </p>
   </div>
   <div class='ocr_carea' id='block_1_46' title="bbox 351 2831 1917 2906">
    <p class='ocr_par' dir='ltr' id='par_1_46' title="bbox 351 2831 1917 2906">
     <span class='ocr_line' id='line_1_46' title="bbox 351 2831 1917 2906; baseline -0.003 -15"><span class='ocrx_word' id='word_1_379' title='bbox 351 2837 454 2906; x_wconf 84' lang='lat' dir='ltr'><strong>ipsi</strong></span> <span class='ocrx_word' id='word_1_380' title='bbox 485 2835 705 2890; x_wconf 83' lang='lat' dir='ltr'><strong>Balaam</strong></span> <span class='ocrx_word' id='word_1_381' title='bbox 751 2834 1092 2906; x_wconf 89' lang='lat' dir='ltr'><strong>apparuisse,</strong></span> <span class='ocrx_word' id='word_1_382' title='bbox 1126 2832 1438 2903; x_wconf 87' lang='lat' dir='ltr'><strong>dixisseque</strong></span> <span class='ocrx_word' id='word_1_383' title='bbox 1477 2833 1549 2888; x_wconf 91' lang='lat' dir='ltr'><strong>illi</strong></span> <span class='ocrx_word' id='word_1_384' title='bbox 1593 2832 1808 2887; x_wconf 88' lang='lat' dir='ltr'><strong>Balaam</strong></span> <span class='ocrx_word' id='word_1_385' title='bbox 1823 2831 1869 2864; x_wconf 70' lang='grc'><strong>⁸⁵</strong></span> <span class='ocrx_word' id='word_1_386' title='bbox 1902 2849 1917 2887; x_wconf 91' lang='lat'><strong>:</strong></span> 
     </span>
    </p>
   </div>
   <div class='ocr_carea' id='block_1_47' title="bbox 351 2925 1922 2998">
    <p class='ocr_par' dir='ltr' id='par_1_47' title="bbox 351 2925 1922 2998">
     <span class='ocr_line' id='line_1_47' title="bbox 351 2925 1922 2998; baseline 0 -18"><span class='ocrx_word' id='word_1_387' title='bbox 351 2947 373 2980; x_wconf 80' lang='grc' dir='ltr'><strong>ι</strong></span> <span class='ocrx_word' id='word_1_388' title='bbox 413 2928 630 2998; x_wconf 89' lang='lat' dir='ltr'><strong>Septem</strong></span> <span class='ocrx_word' id='word_1_389' title='bbox 666 2942 792 2983; x_wconf 87' lang='lat' dir='ltr'><strong>aras</strong></span> <span class='ocrx_word' id='word_1_390' title='bbox 832 2925 1043 2996; x_wconf 87' lang='lat' dir='ltr'><strong>paravi,</strong></span> <span class='ocrx_word' id='word_1_391' title='bbox 1095 2933 1152 2979; x_wconf 86' lang='lat' dir='ltr'><strong>et</strong></span> <span class='ocrx_word' id='word_1_392' title='bbox 1208 2925 1442 2996; x_wconf 82' lang='lat' dir='ltr'><strong>imposui</strong></span> <span class='ocrx_word' id='word_1_393' title='bbox 1495 2925 1548 2980; x_wconf 90' lang='lat' dir='ltr'><strong>in</strong></span> <span class='ocrx_word' id='word_1_394' title='bbox 1596 2939 1922 2994; x_wconf 88' lang='lat' dir='ltr'><strong>unaquaque</strong></span> 
     </span>
    </p>
   </div>
   <div class='ocr_carea' id='block_1_48' title="bbox 347 3017 1913 3077">
    <p class='ocr_par' dir='ltr' id='par_1_48' title="bbox 347 3017 1913 3077">
     <span class='ocr_line' id='line_1_48' title="bbox 347 3017 1913 3077; baseline 0 -5"><span class='ocrx_word' id='word_1_395' title='bbox 347 3021 580 3076; x_wconf 78' lang='lat' dir='ltr'><strong>vitulum</strong></span> <span class='ocrx_word' id='word_1_396' title='bbox 610 3029 667 3077; x_wconf 86' lang='lat' dir='ltr'><strong>et</strong></span> <span class='ocrx_word' id='word_1_397' title='bbox 698 3020 948 3076; x_wconf 85' lang='lat' dir='ltr'><strong>arietem.</strong></span> <span class='ocrx_word' id='word_1_398' title='bbox 979 3019 1047 3074; x_wconf 86' lang='lat' dir='ltr'><strong>Et</strong></span> <span class='ocrx_word' id='word_1_399' title='bbox 1084 3018 1226 3074; x_wconf 88' lang='lat' dir='ltr'><strong>Deus</strong></span> <span class='ocrx_word' id='word_1_400' title='bbox 1257 3033 1563 3073; x_wconf 86' lang='lat' dir='ltr'><strong>sermonem</strong></span> <span class='ocrx_word' id='word_1_401' title='bbox 1603 3018 1799 3073; x_wconf 90' lang='lat' dir='ltr'><strong>indidit</strong></span> <span class='ocrx_word' id='word_1_402' title='bbox 1827 3017 1913 3073; x_wconf 87' lang='lat' dir='ltr'><strong>ori</strong></span> 
     </span>
    </p>
   </div>
   <div class='ocr_carea' id='block_1_49' title="bbox 347 3110 1910 3180">
    <p class='ocr_par' dir='ltr' id='par_1_49' title="bbox 347 3110 1910 3180">
     <span class='ocr_line' id='line_1_49' title="bbox 347 3110 1910 3180; baseline -0.002 -13"><span class='ocrx_word' id='word_1_403' title='bbox 347 3113 592 3177; x_wconf 85' lang='lat' dir='ltr'><strong>Balaam,</strong></span> <span class='ocrx_word' id='word_1_404' title='bbox 622 3123 678 3170; x_wconf 91' lang='lat' dir='ltr'><strong>et</strong></span> <span class='ocrx_word' id='word_1_405' title='bbox 704 3113 846 3169; x_wconf 87' lang='lat' dir='ltr'><strong>dixit</strong></span> <span class='ocrx_word' id='word_1_406' title='bbox 877 3133 890 3168; x_wconf 91' lang='lat'><strong>:</strong></span> <span class='ocrx_word' id='word_1_407' title='bbox 919 3112 1188 3167; x_wconf 82' lang='lat' dir='ltr'><strong>Reversus</strong></span> <span class='ocrx_word' id='word_1_408' title='bbox 1220 3111 1286 3167; x_wconf 91' lang='lat' dir='ltr'><strong>ad</strong></span> <span class='ocrx_word' id='word_1_409' title='bbox 1317 3110 1479 3166; x_wconf 90' lang='lat' dir='ltr'><strong>Balac</strong></span> <span class='ocrx_word' id='word_1_410' title='bbox 1503 3111 1584 3166; x_wconf 90' lang='lat' dir='ltr'><strong>sic</strong></span> <span class='ocrx_word' id='word_1_411' title='bbox 1616 3111 1910 3180; x_wconf 61' lang='lat' dir='ltr'><strong>loqueris.»</strong></span> 
     </span>
    </p>
   </div>
   <div class='ocr_carea' id='block_1_50' title="bbox 2031 1906 3601 1984">
    <p class='ocr_par' dir='ltr' id='par_1_50' title="bbox 2031 1906 3601 1984">
     <span class='ocr_line' id='line_1_50' title="bbox 2031 1906 3601 1984; baseline 0.004 -25"><span class='ocrx_word' id='word_1_412' title='bbox 2031 1906 2165 1977; x_wconf 88' lang='grc' dir='ltr'>ἐμοῦ</span> <span class='ocrx_word' id='word_1_413' title='bbox 2198 1907 2331 1978; x_wconf 68' lang='lat'><strong>(26),</strong></span> <span class='ocrx_word' id='word_1_414' title='bbox 2377 1907 2470 1961; x_wconf 90' lang='grc' dir='ltr'><strong>νῦν</strong></span> <span class='ocrx_word' id='word_1_415' title='bbox 2521 1926 2580 1962; x_wconf 88' lang='grc' dir='ltr'><strong>σε</strong></span> <span class='ocrx_word' id='word_1_416' title='bbox 2623 1909 2720 1980; x_wconf 84' lang='grc' dir='ltr'>μὲν</span> <span class='ocrx_word' id='word_1_417' title='bbox 2762 1909 2828 1964; x_wconf 85' lang='grc' dir='ltr'><strong>ἂν</strong></span> <span class='ocrx_word' id='word_1_418' title='bbox 2873 1911 3190 1974; x_wconf 85' lang='grc' dir='ltr'>ἀπέκτεινα,</span> <span class='ocrx_word' id='word_1_419' title='bbox 3227 1913 3453 1984; x_wconf 80' lang='grc' dir='ltr'>ἐκείνην</span> <span class='ocrx_word' id='word_1_420' title='bbox 3477 1913 3517 1966; x_wconf 79' lang='grc' dir='ltr'><strong>δ’</strong></span> <span class='ocrx_word' id='word_1_421' title='bbox 3547 1914 3601 1966; x_wconf 83' lang='grc' dir='ltr'><strong>ἂν</strong></span> 
     </span>
    </p>
   </div>
   <div class='ocr_carea' id='block_1_51' title="bbox 2032 2000 3599 2080">
    <p class='ocr_par' dir='ltr' id='par_1_51' title="bbox 2032 2000 3599 2080">
     <span class='ocr_line' id='line_1_51' title="bbox 2032 2000 3599 2080; baseline 0.005 -30"><span class='ocrx_word' id='word_1_422' title='bbox 2032 2000 2523 2071; x_wconf 83' lang='grc' dir='ltr'>περιεποιησάμην.</span> <span class='ocrx_word' id='word_1_423' title='bbox 2554 2003 2664 2055; x_wconf 83' lang='grc' dir='ltr'><strong>Και</strong></span> <span class='ocrx_word' id='word_1_424' title='bbox 2691 2000 2813 2056; x_wconf 78' lang='grc' dir='ltr'>εἷπε</span> <span class='ocrx_word' id='word_1_425' title='bbox 2852 2003 3081 2075; x_wconf 85' lang='grc' dir='ltr'>Βαλαὰμ</span> <span class='ocrx_word' id='word_1_426' title='bbox 3108 2004 3185 2076; x_wconf 83' lang='grc' dir='ltr'><strong>τῷ</strong></span> <span class='ocrx_word' id='word_1_427' title='bbox 3218 2005 3446 2080; x_wconf 83' lang='grc' dir='ltr'>ἀγγέλῳ</span> <span class='ocrx_word' id='word_1_428' title='bbox 3476 2005 3599 2076; x_wconf 73' lang='grc'><strong>(27)·</strong></span> 
     </span>
    </p>
   </div>
   <div class='ocr_carea' id='block_1_52' title="bbox 2030 2090 3599 2166">
    <p class='ocr_par' dir='ltr' id='par_1_52' title="bbox 2030 2090 3599 2166">
     <span class='ocr_line' id='line_1_52' title="bbox 2030 2090 3599 2166; baseline 0.004 -24"><span class='ocrx_word' id='word_1_429' title='bbox 2030 2090 2223 2159; x_wconf 85' lang='grc' dir='ltr'>Κύριε,</span> <span class='ocrx_word' id='word_1_430' title='bbox 2249 2093 2579 2164; x_wconf 78' lang='grc' dir='ltr'><strong>ἡμάρτηκα·</strong></span> <span class='ocrx_word' id='word_1_431' title='bbox 2631 2094 2690 2146; x_wconf 85' lang='grc' dir='ltr'><strong>οὐ</strong></span> <span class='ocrx_word' id='word_1_432' title='bbox 2735 2093 2844 2166; x_wconf 80' lang='grc' dir='ltr'>γὰρ</span> <span class='ocrx_word' id='word_1_433' title='bbox 2870 2095 3208 2166; x_wconf 76' lang='grc' dir='ltr'>ἠπιστάμην.</span> <span class='ocrx_word' id='word_1_434' title='bbox 3245 2096 3331 2149; x_wconf 87' lang='grc' dir='ltr'><strong>ὅτι</strong></span> <span class='ocrx_word' id='word_1_435' title='bbox 3365 2096 3434 2147; x_wconf 81' lang='grc' dir='ltr'><strong>σὺ</strong></span> <span class='ocrx_word' id='word_1_436' title='bbox 3463 2096 3599 2149; x_wconf 79' lang='grc' dir='ltr'>ἀνθέ-</span> 
     </span>
    </p>
   </div>
   <div class='ocr_carea' id='block_1_53' title="bbox 2029 2185 3594 2261">
    <p class='ocr_par' dir='ltr' id='par_1_53' title="bbox 2029 2185 3594 2261">
     <span class='ocr_line' id='line_1_53' title="bbox 2029 2185 3594 2261; baseline 0.004 -26"><span class='ocrx_word' id='word_1_437' title='bbox 2029 2199 2236 2253; x_wconf 88' lang='grc' dir='ltr'>στηκας</span> <span class='ocrx_word' id='word_1_438' title='bbox 2262 2186 2341 2248; x_wconf 83' lang='grc' dir='ltr'><strong>είς</strong></span> <span class='ocrx_word' id='word_1_439' title='bbox 2367 2185 2688 2257; x_wconf 83' lang='grc' dir='ltr'>συνάντησιν</span> <span class='ocrx_word' id='word_1_440' title='bbox 2714 2204 2804 2257; x_wconf 86' lang='grc' dir='ltr'><strong>μοι</strong></span> <span class='ocrx_word' id='word_1_441' title='bbox 2833 2188 2890 2240; x_wconf 85' lang='grc' dir='ltr'><strong>ἐν</strong></span> <span class='ocrx_word' id='word_1_442' title='bbox 2919 2189 2984 2259; x_wconf 84' lang='grc' dir='ltr'>τῇ</span> <span class='ocrx_word' id='word_1_443' title='bbox 3018 2187 3121 2259; x_wconf 82' lang='grc' dir='ltr'><strong>ὁδῷ</strong></span> <span class='ocrx_word' id='word_1_444' title='bbox 3143 2205 3157 2218; x_wconf 72' lang='grc'><strong>⁸</strong></span> <span class='ocrx_word' id='word_1_445' title='bbox 3186 2188 3279 2241; x_wconf 78' lang='grc' dir='ltr'><strong>καὶ</strong></span> <span class='ocrx_word' id='word_1_446' title='bbox 3306 2189 3410 2242; x_wconf 86' lang='grc' dir='ltr'><strong>νῦν</strong></span> <span class='ocrx_word' id='word_1_447' title='bbox 3459 2191 3504 2241; x_wconf 78' lang='grc' dir='ltr'>εἰ</span> <span class='ocrx_word' id='word_1_448' title='bbox 3532 2191 3594 2261; x_wconf 83' lang='grc' dir='ltr'>μή</span> 
     </span>
    </p>
   </div>
   <div class='ocr_carea' id='block_1_54' title="bbox 2030 2275 3595 2351">
    <p class='ocr_par' dir='ltr' id='par_1_54' title="bbox 2030 2275 3595 2351">
     <span class='ocr_line' id='line_1_54' title="bbox 2030 2275 3595 2351; baseline 0.006 -25"><span class='ocrx_word' id='word_1_449' title='bbox 2030 2291 2111 2327; x_wconf 92' lang='grc' dir='ltr'><strong>σοι</strong></span> <span class='ocrx_word' id='word_1_450' title='bbox 2140 2275 2386 2346; x_wconf 85' lang='grc' dir='ltr'>ἀρέσκει,</span> <span class='ocrx_word' id='word_1_451' title='bbox 2419 2277 2931 2349; x_wconf 73' lang='grc' dir='ltr'>ἀποστραφησομαι.</span> <span class='ocrx_word' id='word_1_452' title='bbox 2977 2281 3088 2334; x_wconf 86' lang='lat' dir='ltr'><strong>Kal.</strong></span> <span class='ocrx_word' id='word_1_453' title='bbox 3127 2278 3280 2336; x_wconf 78' lang='grc' dir='ltr'>εἶπεν</span> <span class='ocrx_word' id='word_1_454' title='bbox 3319 2286 3352 2336; x_wconf 88' lang='grc' dir='ltr'>ὁ</span> <span class='ocrx_word' id='word_1_455' title='bbox 3387 2280 3595 2351; x_wconf 77' lang='grc' dir='ltr'>ἄγγελος</span> 
     </span>
    </p>
   </div>
   <div class='ocr_carea' id='block_1_55' title="bbox 2025 2365 3595 2447">
    <p class='ocr_par' dir='ltr' id='par_1_55' title="bbox 2025 2365 3595 2447">
     <span class='ocr_line' id='line_1_55' title="bbox 2025 2365 3595 2447; baseline 0.009 -29"><span class='ocrx_word' id='word_1_456' title='bbox 2025 2365 2118 2419; x_wconf 89' lang='grc' dir='ltr'><strong>τοῦ</strong></span> <span class='ocrx_word' id='word_1_457' title='bbox 2145 2366 2280 2420; x_wconf 89' lang='grc' dir='ltr'>Θεοῦ</span> <span class='ocrx_word' id='word_1_458' title='bbox 2308 2368 2442 2439; x_wconf 85' lang='grc' dir='ltr'>πρὸς</span> <span class='ocrx_word' id='word_1_459' title='bbox 2474 2369 2704 2441; x_wconf 87' lang='grc' dir='ltr'>Βαλαάμ</span> <span class='ocrx_word' id='word_1_460' title='bbox 2727 2387 2740 2401; x_wconf 75' lang='grc' dir='ltr'><strong><em>ο</em></strong></span> <span class='ocrx_word' id='word_1_461' title='bbox 2779 2372 3193 2446; x_wconf 82' lang='grc' dir='ltr'>Συμπορεύθητι</span> <span class='ocrx_word' id='word_1_462' title='bbox 3223 2382 3368 2447; x_wconf 89' lang='grc' dir='ltr'><strong>μετά</strong></span> <span class='ocrx_word' id='word_1_463' title='bbox 3394 2379 3498 2432; x_wconf 86' lang='grc' dir='ltr'><strong>τῶν</strong></span> <span class='ocrx_word' id='word_1_464' title='bbox 3523 2380 3595 2431; x_wconf 83' lang='grc' dir='ltr'>ἀν·</span> 
     </span>
    </p>
   </div>
   <div class='ocr_carea' id='block_1_56' title="bbox 2026 2457 3592 2539">
    <p class='ocr_par' dir='ltr' id='par_1_56' title="bbox 2026 2457 3592 2539">
     <span class='ocr_line' id='line_1_56' title="bbox 2026 2457 3592 2539; baseline 0.009 -30"><span class='ocrx_word' id='word_1_465' title='bbox 2026 2457 2258 2529; x_wconf 87' lang='grc' dir='ltr'>θρώπων</span> <span class='ocrx_word' id='word_1_466' title='bbox 2280 2475 2295 2490; x_wconf 70' lang='grc' dir='ltr'><strong>ο</strong></span> <span class='ocrx_word' id='word_1_467' title='bbox 2355 2460 2494 2532; x_wconf 84' lang='grc' dir='ltr'>πλὴν</span> <span class='ocrx_word' id='word_1_468' title='bbox 2541 2461 2602 2514; x_wconf 89' lang='grc' dir='ltr'>τὺ</span> <span class='ocrx_word' id='word_1_469' title='bbox 2642 2462 2796 2533; x_wconf 81' lang='grc' dir='ltr'>ῥῆμα</span> <span class='ocrx_word' id='word_1_470' title='bbox 2828 2463 2856 2517; x_wconf 80' lang='grc' dir='ltr'><strong>ὃ</strong></span> <span class='ocrx_word' id='word_1_471' title='bbox 2882 2463 2947 2518; x_wconf 86' lang='grc' dir='ltr'><strong>ἂν</strong></span> <span class='ocrx_word' id='word_1_472' title='bbox 2983 2464 3122 2518; x_wconf 82' lang='grc' dir='ltr'>εἴπω</span> <span class='ocrx_word' id='word_1_473' title='bbox 3169 2470 3304 2539; x_wconf 81' lang='grc' dir='ltr'>πρὸς</span> <span class='ocrx_word' id='word_1_474' title='bbox 3336 2471 3420 2535; x_wconf 85' lang='grc' dir='ltr'>σὲ,</span> <span class='ocrx_word' id='word_1_475' title='bbox 3453 2471 3592 2523; x_wconf 82' lang='grc' dir='ltr'>τοῦτο</span> 
     </span>
    </p>
   </div>
   <div class='ocr_carea' id='block_1_57' title="bbox 2025 2549 3591 2630">
    <p class='ocr_par' dir='ltr' id='par_1_57' title="bbox 2025 2549 3591 2630">
     <span class='ocr_line' id='line_1_57' title="bbox 2025 2549 3591 2630; baseline 0.008 -29"><span class='ocrx_word' id='word_1_476' title='bbox 2025 2549 2234 2624; x_wconf 79' lang='grc' dir='ltr'><strong>φυλάξῃ</strong></span> <span class='ocrx_word' id='word_1_477' title='bbox 2263 2550 2509 2622; x_wconf 84' lang='grc' dir='ltr'>λαλῆσαι.</span> <span class='ocrx_word' id='word_1_478' title='bbox 2537 2572 2554 2604; x_wconf 78' lang='grc' dir='ltr'><strong>ι</strong></span> <span class='ocrx_word' id='word_1_479' title='bbox 2587 2555 2902 2628; x_wconf 89' lang='grc' dir='ltr'>Παρατήρει</span> <span class='ocrx_word' id='word_1_480' title='bbox 2930 2557 3060 2629; x_wconf 79' lang='grc' dir='ltr'>γὰρ,</span> <span class='ocrx_word' id='word_1_481' title='bbox 3084 2560 3166 2612; x_wconf 84' lang='grc' dir='ltr'><strong>ὅτι</strong></span> <span class='ocrx_word' id='word_1_482' title='bbox 3196 2560 3436 2630; x_wconf 80' lang='grc' dir='ltr'>ἄγγελός</span> <span class='ocrx_word' id='word_1_483' title='bbox 3460 2566 3591 2616; x_wconf 83' lang='grc' dir='ltr'>ἐστιν</span> 
     </span>
    </p>
   </div>
   <div class='ocr_carea' id='block_1_58' title="bbox 2022 2641 3593 2722">
    <p class='ocr_par' dir='ltr' id='par_1_58' title="bbox 2022 2641 3593 2722">
     <span class='ocr_line' id='line_1_58' title="bbox 2022 2641 3593 2722; baseline 0.008 -29"><span class='ocrx_word' id='word_1_484' title='bbox 2022 2642 2051 2694; x_wconf 97' lang='lat'><strong>6</strong></span> <span class='ocrx_word' id='word_1_485' title='bbox 2083 2641 2254 2710; x_wconf 87' lang='grc' dir='ltr'>λέγων</span> <span class='ocrx_word' id='word_1_486' title='bbox 2275 2658 2290 2673; x_wconf 76' lang='grc' dir='ltr'><strong>ο</strong></span> <span class='ocrx_word' id='word_1_487' title='bbox 2323 2661 2342 2694; x_wconf 87' lang='grc' dir='ltr'><strong>ι</strong></span> <span class='ocrx_word' id='word_1_488' title='bbox 2366 2643 2439 2696; x_wconf 83' lang='lat' dir='ltr'><em>T6</em></span> <span class='ocrx_word' id='word_1_489' title='bbox 2469 2644 2618 2715; x_wconf 73' lang='grc' dir='ltr'>ῥῆμα</span> <span class='ocrx_word' id='word_1_490' title='bbox 2645 2645 2673 2697; x_wconf 85' lang='grc' dir='ltr'>ὃ</span> <span class='ocrx_word' id='word_1_491' title='bbox 2699 2645 2792 2699; x_wconf 85' lang='grc' dir='ltr'>ἐὰν</span> <span class='ocrx_word' id='word_1_492' title='bbox 2827 2649 2964 2700; x_wconf 78' lang='grc' dir='ltr'>εἴπω</span> <span class='ocrx_word' id='word_1_493' title='bbox 2992 2650 3127 2722; x_wconf 86' lang='grc' dir='ltr'>πρὸς</span> <span class='ocrx_word' id='word_1_494' title='bbox 3151 2650 3231 2713; x_wconf 84' lang='grc' dir='ltr'><strong>σὲ,</strong></span> <span class='ocrx_word' id='word_1_495' title='bbox 3257 2651 3423 2706; x_wconf 86' lang='grc' dir='ltr'>τοῦτο</span> <span class='ocrx_word' id='word_1_496' title='bbox 3443 2653 3593 2722; x_wconf 81' lang='grc' dir='ltr'>φυλά-</span> 
     </span>
    </p>
   </div>
   <div class='ocr_carea' id='block_1_59' title="bbox 2021 2730 3592 2812">
    <p class='ocr_par' dir='ltr' id='par_1_59' title="bbox 2021 2730 3592 2812">
     <span class='ocr_line' id='line_1_59' title="bbox 2021 2730 3592 2812; baseline 0.008 -30"><span class='ocrx_word' id='word_1_497' title='bbox 2021 2730 2088 2803; x_wconf 80' lang='grc' dir='ltr'><strong>ξῃ</strong></span> <span class='ocrx_word' id='word_1_498' title='bbox 2122 2730 2370 2801; x_wconf 86' lang='grc' dir='ltr'>λαλῆσαι.</span> <span class='ocrx_word' id='word_1_499' title='bbox 2399 2752 2418 2785; x_wconf 72' lang='grc' dir='ltr'><strong>ι</strong></span> <span class='ocrx_word' id='word_1_500' title='bbox 2469 2733 2629 2788; x_wconf 87' lang='grc' dir='ltr'>Ἀλλὰ</span> <span class='ocrx_word' id='word_1_501' title='bbox 2673 2737 2886 2808; x_wconf 84' lang='grc' dir='ltr'><strong>φήσεις,</strong></span> <span class='ocrx_word' id='word_1_502' title='bbox 2928 2739 3008 2790; x_wconf 85' lang='grc' dir='ltr'><strong>ὅτι</strong></span> <span class='ocrx_word' id='word_1_503' title='bbox 3041 2739 3158 2809; x_wconf 73' lang='grc' dir='ltr'>μετ’</span> <span class='ocrx_word' id='word_1_504' title='bbox 3187 2740 3347 2808; x_wconf 83' lang='grc' dir='ltr'>ὀλίγα</span> <span class='ocrx_word' id='word_1_505' title='bbox 3383 2743 3592 2812; x_wconf 71' lang='grc' dir='ltr'>ἐφάνηὸ</span> 
     </span>
    </p>
   </div>
   <div class='ocr_carea' id='block_1_60' title="bbox 2020 2819 3585 2902">
    <p class='ocr_par' dir='ltr' id='par_1_60' title="bbox 2020 2819 3585 2902">
     <span class='ocr_line' id='line_1_60' title="bbox 2020 2819 3585 2902; baseline 0.009 -29"><span class='ocrx_word' id='word_1_506' title='bbox 2020 2819 2153 2884; x_wconf 80' lang='grc' dir='ltr'>Θεὸς</span> <span class='ocrx_word' id='word_1_507' title='bbox 2219 2821 2297 2892; x_wconf 82' lang='grc' dir='ltr'><strong>τῷ</strong></span> <span class='ocrx_word' id='word_1_508' title='bbox 2341 2823 2587 2896; x_wconf 81' lang='grc' dir='ltr'>Βαλαάμ,</span> <span class='ocrx_word' id='word_1_509' title='bbox 2637 2827 2730 2879; x_wconf 77' lang='grc' dir='ltr'><strong>καὶ</strong></span> <span class='ocrx_word' id='word_1_510' title='bbox 2781 2821 2903 2881; x_wconf 75' lang='grc' dir='ltr'>εἷπε</span> <span class='ocrx_word' id='word_1_511' title='bbox 2954 2828 3089 2900; x_wconf 86' lang='grc' dir='ltr'>πρὸς</span> <span class='ocrx_word' id='word_1_512' title='bbox 3137 2831 3301 2883; x_wconf 85' lang='grc' dir='ltr'>αὐτὸν</span> <span class='ocrx_word' id='word_1_513' title='bbox 3352 2833 3585 2902; x_wconf 86' lang='grc' dir='ltr'>Βαλαάμ·</span> 
     </span>
    </p>
   </div>
   <div class='ocr_carea' id='block_1_61' title="bbox 2026 2912 3591 2995">
    <p class='ocr_par' dir='ltr' id='par_1_61' title="bbox 2026 2912 3591 2995">
     <span class='ocr_line' id='line_1_61' title="bbox 2026 2912 3591 2995; baseline 0.008 -30"><span class='ocrx_word' id='word_1_514' title='bbox 2026 2930 2045 2964; x_wconf 80' lang='grc' dir='ltr'><strong>ι</strong></span> <span class='ocrx_word' id='word_1_515' title='bbox 2064 2912 2202 2977; x_wconf 80' lang='grc' dir='ltr'>Τοὺς</span> <span class='ocrx_word' id='word_1_516' title='bbox 2228 2913 2369 2968; x_wconf 69' lang='grc' dir='ltr'>ἑπτὰ</span> <span class='ocrx_word' id='word_1_517' title='bbox 2397 2915 2612 2988; x_wconf 78' lang='grc' dir='ltr'>βωμοὺς</span> <span class='ocrx_word' id='word_1_518' title='bbox 2641 2919 2934 2989; x_wconf 83' lang='grc' dir='ltr'>ήτοίμασα,</span> <span class='ocrx_word' id='word_1_519' title='bbox 2961 2921 3054 2973; x_wconf 74' lang='grc' dir='ltr'>καὶ</span> <span class='ocrx_word' id='word_1_520' title='bbox 3077 2922 3382 2977; x_wconf 76' lang='grc' dir='ltr'>ἀνεϐίϐασα</span> <span class='ocrx_word' id='word_1_521' title='bbox 3409 2926 3591 2995; x_wconf 82' lang='grc' dir='ltr'>μόσχον</span> 
     </span>
    </p>
   </div>
   <div class='ocr_carea' id='block_1_62' title="bbox 2020 3004 3588 3088">
    <p class='ocr_par' dir='ltr' id='par_1_62' title="bbox 2020 3004 3588 3088">
     <span class='ocr_line' id='line_1_62' title="bbox 2020 3004 3588 3088; baseline 0.009 -30"><span class='ocrx_word' id='word_1_522' title='bbox 2020 3005 2115 3061; x_wconf 75' lang='grc' dir='ltr'><strong>καὶ</strong></span> <span class='ocrx_word' id='word_1_523' title='bbox 2148 3004 2308 3078; x_wconf 82' lang='grc' dir='ltr'>κριὸν</span> <span class='ocrx_word' id='word_1_524' title='bbox 2330 3009 2422 3061; x_wconf 77' lang='grc' dir='ltr'>ἐπὶ</span> <span class='ocrx_word' id='word_1_525' title='bbox 2449 3008 2542 3064; x_wconf 82' lang='grc' dir='ltr'><strong>τὸν</strong></span> <span class='ocrx_word' id='word_1_526' title='bbox 2573 3008 2777 3080; x_wconf 86' lang='grc' dir='ltr'>βωμόν.</span> <span class='ocrx_word' id='word_1_527' title='bbox 2809 3013 2918 3064; x_wconf 82' lang='lat' dir='ltr'><strong>Kal</strong></span> <span class='ocrx_word' id='word_1_528' title='bbox 2942 3012 3193 3067; x_wconf 78' lang='grc' dir='ltr'>ἐνέϐαλεν</span> <span class='ocrx_word' id='word_1_529' title='bbox 3219 3017 3248 3068; x_wconf 82' lang='grc' dir='ltr'><strong>ό</strong></span> <span class='ocrx_word' id='word_1_530' title='bbox 3279 3015 3422 3078; x_wconf 83' lang='grc' dir='ltr'>Θεὸς</span> <span class='ocrx_word' id='word_1_531' title='bbox 3453 3018 3588 3088; x_wconf 76' lang='grc' dir='ltr'>ῥῆμα</span> 
     </span>
    </p>
   </div>
   <div class='ocr_carea' id='block_1_63' title="bbox 2019 3097 3586 3180">
    <p class='ocr_par' dir='ltr' id='par_1_63' title="bbox 2019 3097 3586 3180">
     <span class='ocr_line' id='line_1_63' title="bbox 2019 3097 3586 3180; baseline 0.008 -30"><span class='ocrx_word' id='word_1_532' title='bbox 2019 3097 2100 3160; x_wconf 73' lang='grc' dir='ltr'><strong>εἰς</strong></span> <span class='ocrx_word' id='word_1_533' title='bbox 2130 3097 2190 3151; x_wconf 80' lang='grc' dir='ltr'><strong>τὸ</strong></span> <span class='ocrx_word' id='word_1_534' title='bbox 2219 3099 2393 3170; x_wconf 85' lang='grc' dir='ltr'>στόμα</span> <span class='ocrx_word' id='word_1_535' title='bbox 2421 3100 2670 3172; x_wconf 81' lang='grc' dir='ltr'>Βαλαάμ,</span> <span class='ocrx_word' id='word_1_536' title='bbox 2701 3103 2792 3155; x_wconf 80' lang='grc' dir='ltr'><strong>καὶ</strong></span> <span class='ocrx_word' id='word_1_537' title='bbox 2815 3099 2964 3158; x_wconf 73' lang='grc' dir='ltr'>εἶπεν</span> <span class='ocrx_word' id='word_1_538' title='bbox 2983 3121 2996 3134; x_wconf 90' lang='grc'><strong>·</strong></span> <span class='ocrx_word' id='word_1_539' title='bbox 3041 3104 3435 3178; x_wconf 78' lang='grc' dir='ltr'>Ἐπιστραφεὶς</span> <span class='ocrx_word' id='word_1_540' title='bbox 3466 3109 3586 3180; x_wconf 77' lang='grc' dir='ltr'>πρὸς</span> 
     </span>
    </p>
   </div>
   <div class='ocr_carea' id='block_1_64' title="bbox 347 3155 1869 3277">
    <p class='ocr_par' dir='ltr' id='par_1_64' title="bbox 347 3155 1869 3277">
     <span class='ocr_line' id='line_1_64' title="bbox 347 3155 1869 3180; baseline -0.003 -12"><span class='ocrx_word' id='word_1_541' title='bbox 347 3155 592 3177; x_wconf 85' lang='lat'><strong>..-........,</strong></span> <span class='ocrx_word' id='word_1_542' title='bbox 622 3155 678 3170; x_wconf 68' lang='grc' dir='ltr'>ν.</span> <span class='ocrx_word' id='word_1_543' title='bbox 705 3155 846 3169; x_wconf 69' lang='grc' dir='ltr'>νη...</span> <span class='ocrx_word' id='word_1_544' title='bbox 878 3157 890 3168; x_wconf 92' lang='grc'><em>,</em></span> <span class='ocrx_word' id='word_1_545' title='bbox 919 3155 1188 3167; x_wconf 77' lang='lat'><strong>--............</strong></span> <span class='ocrx_word' id='word_1_546' title='bbox 1220 3155 1286 3167; x_wconf 74' lang='lat'><strong>....</strong></span> <span class='ocrx_word' id='word_1_547' title='bbox 1319 3155 1479 3166; x_wconf 66' lang='grc' dir='ltr'>-..μη</span> <span class='ocrx_word' id='word_1_548' title='bbox 1503 3155 1584 3166; x_wconf 68' lang='grc' dir='ltr'>...ν</span> <span class='ocrx_word' id='word_1_549' title='bbox 1616 3155 1869 3180; x_wconf 53' lang='grc' dir='ltr'>...Ἰν-..ω</span> 
     </span>
     <span class='ocr_line' id='line_1_65' title="bbox 347 3207 1869 3277; baseline -0.008 -11"><span class='ocrx_word' id='word_1_550' title='bbox 347 3213 419 3266; x_wconf 81' lang='lat' dir='ltr'><strong>At</strong></span> <span class='ocrx_word' id='word_1_551' title='bbox 451 3225 582 3265; x_wconf 86' lang='lat' dir='ltr'><strong>vero</strong></span> <span class='ocrx_word' id='word_1_552' title='bbox 625 3218 679 3264; x_wconf 91' lang='lat' dir='ltr'><strong>tu</strong></span> <span class='ocrx_word' id='word_1_553' title='bbox 707 3210 927 3264; x_wconf 89' lang='lat' dir='ltr'><strong>attende</strong></span> <span class='ocrx_word' id='word_1_554' title='bbox 960 3207 1231 3277; x_wconf 91' lang='lat' dir='ltr'><strong>quomodo</strong></span> <span class='ocrx_word' id='word_1_555' title='bbox 1262 3214 1490 3274; x_wconf 90' lang='lat' dir='ltr'><strong>utraque</strong></span> <span class='ocrx_word' id='word_1_556' title='bbox 1519 3219 1646 3258; x_wconf 89' lang='lat' dir='ltr'><strong>vera</strong></span> <span class='ocrx_word' id='word_1_557' title='bbox 1678 3212 1825 3268; x_wconf 89' lang='lat' dir='ltr'><strong>sunt,</strong></span> <span class='ocrx_word' id='word_1_558' title='bbox 1861 3222 1869 3254; x_wconf 83' lang='lat' dir='ltr'><strong>t</strong></span> 
     </span>
    </p>
   </div>
   <div class='ocr_carea' id='block_1_65' title="bbox 2063 3155 3584 3277">
    <p class='ocr_par' dir='ltr' id='par_1_65' title="bbox 2063 3155 3584 3272">
     <span class='ocr_line' id='line_1_66' title="bbox 2063 3155 3584 3272; baseline 0.007 -27"><span class='ocrx_word' id='word_1_559' title='bbox 2063 3155 2199 3246; x_wconf 72' lang='grc' dir='ltr'><strong>άλάκ</strong></span> <span class='ocrx_word' id='word_1_560' title='bbox 2221 3155 2352 3265; x_wconf 50' lang='grc'><strong>(28⁵,</strong></span> <span class='ocrx_word' id='word_1_561' title='bbox 2379 3193 2520 3248; x_wconf 75' lang='grc' dir='ltr'>οὕτω</span> <span class='ocrx_word' id='word_1_562' title='bbox 2547 3155 2678 3267; x_wconf 65' lang='grc' dir='ltr'>λαλῆ</span> <span class='ocrx_word' id='word_1_563' title='bbox 2689 3213 2822 3260; x_wconf 88' lang='grc' dir='ltr'>σεις.</span> <span class='ocrx_word' id='word_1_564' title='bbox 2897 3155 3007 3251; x_wconf 78' lang='lat' dir='ltr'><strong>Kal.</strong></span> 
     </span>
    </p>
   </div>
   <div class='ocr_carea' id='block_1_66' title="bbox 344 3295 1916 3373">
    <p class='ocr_par' dir='ltr' id='par_1_66' title="bbox 344 3295 1916 3373">
     <span class='ocr_line' id='line_1_67' title="bbox 344 3295 1916 3373; baseline -0.004 -16"><span class='ocrx_word' id='word_1_565' title='bbox 344 3304 490 3373; x_wconf 90' lang='lat' dir='ltr'><strong>quod</strong></span> <span class='ocrx_word' id='word_1_566' title='bbox 540 3303 610 3358; x_wconf 86' lang='lat' dir='ltr'><strong>ab</strong></span> <span class='ocrx_word' id='word_1_567' title='bbox 663 3301 854 3373; x_wconf 79' lang='lat' dir='ltr'><strong>angelo</strong></span> <span class='ocrx_word' id='word_1_568' title='bbox 923 3301 1146 3364; x_wconf 91' lang='lat' dir='ltr'><strong>dicitur,</strong></span> <span class='ocrx_word' id='word_1_569' title='bbox 1216 3312 1453 3366; x_wconf 86' lang='lat' dir='ltr'><strong>nempe:</strong></span> <span class='ocrx_word' id='word_1_570' title='bbox 1495 3295 1916 3366; x_wconf 69' lang='lat' dir='ltr'><strong>«Quodcunque</strong></span> 
     </span>
    </p>
   </div>
   <div class='ocr_carea' id='block_1_67' title="bbox 342 3387 1916 3457">
    <p class='ocr_par' dir='ltr' id='par_1_67' title="bbox 342 3387 1916 3457">
     <span class='ocr_line' id='line_1_68' title="bbox 342 3387 1916 3457; baseline -0.007 -5"><span class='ocrx_word' id='word_1_571' title='bbox 342 3396 556 3452; x_wconf 89' lang='lat' dir='ltr'><strong>locutus</strong></span> <span class='ocrx_word' id='word_1_572' title='bbox 602 3393 758 3450; x_wconf 80' lang='lat' dir='ltr'><strong>fuero</strong></span> <span class='ocrx_word' id='word_1_573' title='bbox 786 3394 850 3446; x_wconf 90' lang='lat' dir='ltr'><strong>ad</strong></span> <span class='ocrx_word' id='word_1_574' title='bbox 897 3401 969 3456; x_wconf 94' lang='lat' dir='ltr'><strong>te,</strong></span> <span class='ocrx_word' id='word_1_575' title='bbox 999 3392 1103 3446; x_wconf 91' lang='lat' dir='ltr'><strong>hoc</strong></span> <span class='ocrx_word' id='word_1_576' title='bbox 1145 3387 1464 3445; x_wconf 86' lang='lat' dir='ltr'><strong>observabis</strong></span> <span class='ocrx_word' id='word_1_577' title='bbox 1512 3387 1766 3457; x_wconf 63' lang='lat' dir='ltr'><strong>loqui&quot;;</strong></span> <span class='ocrx_word' id='word_1_578' title='bbox 1803 3405 1822 3439; x_wconf 79' lang='grc' dir='ltr'><strong>ι</strong></span> <span class='ocrx_word' id='word_1_579' title='bbox 1859 3396 1916 3442; x_wconf 87' lang='lat' dir='ltr'><strong>et</strong></span> 
     </span>
    </p>
   </div>
   <div class='ocr_carea' id='block_1_68' title="bbox 341 3480 1912 3556">
    <p class='ocr_par' dir='ltr' id='par_1_68' title="bbox 341 3480 1912 3556">
     <span class='ocr_line' id='line_1_69' title="bbox 341 3480 1912 3556; baseline -0.004 -18"><span class='ocrx_word' id='word_1_580' title='bbox 341 3488 485 3556; x_wconf 86' lang='lat' dir='ltr'><strong>quod</strong></span> <span class='ocrx_word' id='word_1_581' title='bbox 536 3486 818 3554; x_wconf 87' lang='lat' dir='ltr'><strong>Scriptura</strong></span> <span class='ocrx_word' id='word_1_582' title='bbox 847 3483 1170 3554; x_wconf 85' lang='lat' dir='ltr'><strong>pronuntiat</strong></span> <span class='ocrx_word' id='word_1_583' title='bbox 1201 3501 1215 3535; x_wconf 90' lang='lat'><strong>:</strong></span> <span class='ocrx_word' id='word_1_584' title='bbox 1247 3499 1266 3534; x_wconf 84' lang='grc' dir='ltr'><strong>ι</strong></span> <span class='ocrx_word' id='word_1_585' title='bbox 1301 3480 1500 3535; x_wconf 90' lang='lat' dir='ltr'><strong>lndidit</strong></span> <span class='ocrx_word' id='word_1_586' title='bbox 1535 3480 1676 3535; x_wconf 90' lang='lat' dir='ltr'><strong>Deus</strong></span> <span class='ocrx_word' id='word_1_587' title='bbox 1701 3493 1912 3534; x_wconf 87' lang='lat' dir='ltr'><strong>sermo-</strong></span> 
     </span>
    </p>
   </div>
   <div class='ocr_carea' id='block_1_69' title="bbox 344 3571 1912 3641">
    <p class='ocr_par' dir='ltr' id='par_1_69' title="bbox 344 3571 1912 3641">
     <span class='ocr_line' id='line_1_70' title="bbox 344 3571 1912 3641; baseline -0.008 -7"><span class='ocrx_word' id='word_1_588' title='bbox 344 3595 467 3634; x_wconf 86' lang='lat' dir='ltr'><strong>nem</strong></span> <span class='ocrx_word' id='word_1_589' title='bbox 499 3578 582 3634; x_wconf 90' lang='lat' dir='ltr'><strong>ori</strong></span> <span class='ocrx_word' id='word_1_590' title='bbox 611 3576 854 3641; x_wconf 88' lang='lat' dir='ltr'><strong>Balaam,</strong></span> <span class='ocrx_word' id='word_1_591' title='bbox 878 3584 934 3632; x_wconf 87' lang='lat' dir='ltr'><strong>et</strong></span> <span class='ocrx_word' id='word_1_592' title='bbox 964 3573 1189 3631; x_wconf 74' lang='lat' dir='ltr'><strong>dixit&quot;.</strong></span> <span class='ocrx_word' id='word_1_593' title='bbox 1218 3591 1238 3624; x_wconf 78' lang='grc' dir='ltr'><strong>ι</strong></span> <span class='ocrx_word' id='word_1_594' title='bbox 1270 3571 1536 3627; x_wconf 68' lang='lat' dir='ltr'><strong>Caeterum</strong></span> <span class='ocrx_word' id='word_1_595' title='bbox 1565 3584 1694 3624; x_wconf 87' lang='lat' dir='ltr'><strong>veru</strong></span> <span class='ocrx_word' id='word_1_596' title='bbox 1731 3579 1912 3623; x_wconf 87' lang='lat' dir='ltr'><strong>trans-</strong></span> 
     </span>
    </p>
   </div>
   <div class='ocr_carea' id='block_1_70' title="bbox 343 3665 1911 3735">
    <p class='ocr_par' dir='ltr' id='par_1_70' title="bbox 343 3665 1911 3735">
     <span class='ocr_line' id='line_1_71' title="bbox 343 3665 1911 3735; baseline -0.006 -8"><span class='ocrx_word' id='word_1_597' title='bbox 343 3673 564 3729; x_wconf 81' lang='lat' dir='ltr'><strong>ﬁximus</strong></span> <span class='ocrx_word' id='word_1_598' title='bbox 612 3673 727 3726; x_wconf 69' lang='lat' dir='ltr'><strong>haec</strong></span> <span class='ocrx_word' id='word_1_599' title='bbox 774 3670 979 3726; x_wconf 79' lang='lat' dir='ltr'><strong>verba:</strong></span> <span class='ocrx_word' id='word_1_600' title='bbox 1025 3687 1044 3721; x_wconf 86' lang='grc' dir='ltr'><strong>ι</strong></span> <span class='ocrx_word' id='word_1_601' title='bbox 1073 3668 1273 3722; x_wconf 89' lang='lat' dir='ltr'><strong>Factus</strong></span> <span class='ocrx_word' id='word_1_602' title='bbox 1321 3674 1408 3721; x_wconf 88' lang='lat' dir='ltr'><strong>est</strong></span> <span class='ocrx_word' id='word_1_603' title='bbox 1452 3665 1675 3735; x_wconf 87' lang='lat' dir='ltr'><strong>spiritus</strong></span> <span class='ocrx_word' id='word_1_604' title='bbox 1719 3665 1809 3720; x_wconf 90' lang='lat' dir='ltr'><strong>Dei</strong></span> <span class='ocrx_word' id='word_1_605' title='bbox 1855 3665 1911 3719; x_wconf 92' lang='lat' dir='ltr'><strong>in</strong></span> 
     </span>
    </p>
   </div>
   <div class='ocr_carea' id='block_1_71' title="bbox 339 3758 1909 3836">
    <p class='ocr_par' dir='ltr' id='par_1_71' title="bbox 339 3758 1909 3836">
     <span class='ocr_line' id='line_1_72' title="bbox 339 3758 1909 3836; baseline -0.006 -15"><span class='ocrx_word' id='word_1_606' title='bbox 339 3766 483 3836; x_wconf 88' lang='lat' dir='ltr'><strong>ipso,</strong></span> <span class='ocrx_word' id='word_1_607' title='bbox 518 3784 538 3819; x_wconf 72' lang='grc' dir='ltr'><strong>ι</strong></span> <span class='ocrx_word' id='word_1_608' title='bbox 579 3765 723 3835; x_wconf 92' lang='lat' dir='ltr'><strong>quod</strong></span> <span class='ocrx_word' id='word_1_609' title='bbox 769 3778 946 3833; x_wconf 87' lang='lat' dir='ltr'><strong>neque</strong></span> <span class='ocrx_word' id='word_1_610' title='bbox 989 3762 1074 3818; x_wconf 81' lang='lat' dir='ltr'><strong>liis</strong></span> <span class='ocrx_word' id='word_1_611' title='bbox 1106 3761 1287 3816; x_wconf 88' lang='lat' dir='ltr'><strong>simile</strong></span> <span class='ocrx_word' id='word_1_612' title='bbox 1336 3759 1630 3828; x_wconf 90' lang='lat' dir='ltr'><strong>quidquam</strong></span> <span class='ocrx_word' id='word_1_613' title='bbox 1662 3758 1716 3812; x_wconf 90' lang='lat' dir='ltr'><strong>in</strong></span> <span class='ocrx_word' id='word_1_614' title='bbox 1746 3769 1909 3812; x_wconf 72' lang='lat' dir='ltr'><strong>cane-</strong></span> 
     </span>
    </p>
   </div>
   <div class='ocr_carea' id='block_1_72' title="bbox 341 3850 1911 3920">
    <p class='ocr_par' dir='ltr' id='par_1_72' title="bbox 341 3850 1911 3920">
     <span class='ocr_line' id='line_1_73' title="bbox 341 3850 1911 3920; baseline -0.006 -7"><span class='ocrx_word' id='word_1_615' title='bbox 341 3873 525 3914; x_wconf 91' lang='lat' dir='ltr'><strong>rorum</strong></span> <span class='ocrx_word' id='word_1_616' title='bbox 574 3856 898 3912; x_wconf 88' lang='lat' dir='ltr'><strong>editionibus</strong></span> <span class='ocrx_word' id='word_1_617' title='bbox 944 3853 1334 3909; x_wconf 89' lang='lat' dir='ltr'><strong>invenerimus.</strong></span> <span class='ocrx_word' id='word_1_618' title='bbox 1384 3851 1728 3920; x_wconf 79' lang='lat' dir='ltr'><strong>Rursumque</strong></span> <span class='ocrx_word' id='word_1_619' title='bbox 1769 3866 1800 3905; x_wconf 89' lang='lat' dir='ltr'><strong>e</strong></span> <span class='ocrx_word' id='word_1_620' title='bbox 1827 3850 1911 3903; x_wconf 87' lang='lat' dir='ltr'><strong>di-</strong></span> 
     </span>
    </p>
   </div>
   <div class='ocr_carea' id='block_1_73' title="bbox 341 3938 1908 4014">
    <p class='ocr_par' dir='ltr' id='par_1_73' title="bbox 341 3938 1908 4014">
     <span class='ocr_line' id='line_1_74' title="bbox 341 3938 1908 4014; baseline -0.004 -17"><span class='ocrx_word' id='word_1_621' title='bbox 341 3958 500 4000; x_wconf 77' lang='lat' dir='ltr'><strong>verso</strong></span> <span class='ocrx_word' id='word_1_622' title='bbox 517 3952 647 4014; x_wconf 88' lang='lat' dir='ltr'><strong>post</strong></span> <span class='ocrx_word' id='word_1_623' title='bbox 671 3958 838 4013; x_wconf 89' lang='lat' dir='ltr'><strong>pauca</strong></span> <span class='ocrx_word' id='word_1_624' title='bbox 874 3960 889 3996; x_wconf 94' lang='lat'><strong>:</strong></span> <span class='ocrx_word' id='word_1_625' title='bbox 923 3960 943 3994; x_wconf 83' lang='grc' dir='ltr'><strong>ι</strong></span> <span class='ocrx_word' id='word_1_626' title='bbox 966 3940 1234 4001; x_wconf 87' lang='lat' dir='ltr'><strong>Occurrit,</strong></span> <span class='ocrx_word' id='word_1_627' title='bbox 1265 3939 1460 4008; x_wconf 88' lang='lat' dir='ltr'><strong>inquit,</strong></span> <span class='ocrx_word' id='word_1_628' title='bbox 1496 3940 1640 3994; x_wconf 89' lang='lat' dir='ltr'><strong>Deus</strong></span> <span class='ocrx_word' id='word_1_629' title='bbox 1666 3938 1908 4006; x_wconf 87' lang='lat' dir='ltr'><strong>Balaam,</strong></span> 
     </span>
    </p>
   </div>
   <div class='ocr_carea' id='block_1_74' title="bbox 218 4013 1908 4099">
    <p class='ocr_par' dir='ltr' id='par_1_74' title="bbox 218 4013 1908 4099">
     <span class='ocr_line' id='line_1_75' title="bbox 218 4013 1908 4099; baseline -0.006 -5"><span class='ocrx_word' id='word_1_630' title='bbox 218 4013 223 4018; x_wconf 42' lang='grc'><em>’</em></span> <span class='ocrx_word' id='word_1_631' title='bbox 336 4047 395 4093; x_wconf 90' lang='lat' dir='ltr'><strong>et</strong></span> <span class='ocrx_word' id='word_1_632' title='bbox 434 4013 628 4093; x_wconf 89' lang='lat' dir='ltr'><strong>indidit</strong></span> <span class='ocrx_word' id='word_1_633' title='bbox 678 4049 990 4092; x_wconf 88' lang='lat' dir='ltr'><strong>sermonem</strong></span> <span class='ocrx_word' id='word_1_634' title='bbox 1021 4035 1073 4088; x_wconf 92' lang='lat' dir='ltr'><strong>iu</strong></span> <span class='ocrx_word' id='word_1_635' title='bbox 1104 4048 1202 4088; x_wconf 91' lang='lat' dir='ltr'><strong>ore</strong></span> <span class='ocrx_word' id='word_1_636' title='bbox 1228 4032 1367 4099; x_wconf 88' lang='lat' dir='ltr'><strong>ejus,</strong></span> <span class='ocrx_word' id='word_1_637' title='bbox 1399 4042 1455 4086; x_wconf 89' lang='lat' dir='ltr'><strong>et</strong></span> <span class='ocrx_word' id='word_1_638' title='bbox 1488 4031 1664 4086; x_wconf 85' lang='lat' dir='ltr'><strong>dixit:</strong></span> <span class='ocrx_word' id='word_1_639' title='bbox 1703 4029 1908 4085; x_wconf 78' lang='lat' dir='ltr'><strong>Rever-</strong></span> 
     </span>
    </p>
   </div>
   <div class='ocr_carea' id='block_1_75' title="bbox 340 4119 1906 4194">
    <p class='ocr_par' dir='ltr' id='par_1_75' title="bbox 340 4119 1906 4194">
     <span class='ocr_line' id='line_1_76' title="bbox 340 4119 1906 4194; baseline -0.007 -7"><span class='ocrx_word' id='word_1_640' title='bbox 340 4143 456 4187; x_wconf 89' lang='lat' dir='ltr'><strong>tere</strong></span> <span class='ocrx_word' id='word_1_641' title='bbox 476 4119 554 4186; x_wconf 82' lang='lat' dir='ltr'><strong>ad</strong></span> <span class='ocrx_word' id='word_1_642' title='bbox 581 4127 764 4193; x_wconf 87' lang='lat' dir='ltr'><strong>Balac,</strong></span> <span class='ocrx_word' id='word_1_643' title='bbox 807 4137 864 4182; x_wconf 90' lang='lat' dir='ltr'><strong>et</strong></span> <span class='ocrx_word' id='word_1_644' title='bbox 900 4127 1016 4182; x_wconf 65' lang='lat' dir='ltr'><strong>haec</strong></span> <span class='ocrx_word' id='word_1_645' title='bbox 1049 4125 1290 4194; x_wconf 85' lang='lat' dir='ltr'><strong>loqueris</strong></span> <span class='ocrx_word' id='word_1_646' title='bbox 1313 4124 1379 4180; x_wconf 72' lang='lat'><strong>&quot;.</strong></span> <span class='ocrx_word' id='word_1_647' title='bbox 1416 4144 1434 4176; x_wconf 73' lang='grc' dir='ltr'><strong>ι</strong></span> <span class='ocrx_word' id='word_1_648' title='bbox 1472 4123 1528 4178; x_wconf 89' lang='lat' dir='ltr'><strong>In</strong></span> <span class='ocrx_word' id='word_1_649' title='bbox 1563 4125 1679 4178; x_wconf 77' lang='lat' dir='ltr'><strong>haec</strong></span> <span class='ocrx_word' id='word_1_650' title='bbox 1726 4131 1906 4177; x_wconf 88' lang='lat' dir='ltr'><strong>autem</strong></span> 
     </span>
    </p>
   </div>
   <div class='ocr_carea' id='block_1_76' title="bbox 333 4213 1904 4287">
    <p class='ocr_par' dir='ltr' id='par_1_76' title="bbox 333 4213 1904 4287">
     <span class='ocr_line' id='line_1_77' title="bbox 333 4213 1904 4287; baseline -0.006 -9"><span class='ocrx_word' id='word_1_651' title='bbox 333 4223 515 4279; x_wconf 70' lang='lat' dir='ltr'><strong>omniia</strong></span> <span class='ocrx_word' id='word_1_652' title='bbox 547 4221 753 4276; x_wconf 87' lang='lat' dir='ltr'><strong>audens</strong></span> <span class='ocrx_word' id='word_1_653' title='bbox 787 4218 1005 4287; x_wconf 92' lang='lat' dir='ltr'><strong>aliquis,</strong></span> <span class='ocrx_word' id='word_1_654' title='bbox 1033 4217 1176 4272; x_wconf 89' lang='lat' dir='ltr'><strong>dicet</strong></span> <span class='ocrx_word' id='word_1_655' title='bbox 1207 4217 1271 4272; x_wconf 92' lang='lat' dir='ltr'><strong>de</strong></span> <span class='ocrx_word' id='word_1_656' title='bbox 1310 4214 1475 4270; x_wconf 91' lang='lat' dir='ltr'><strong>Saule</strong></span> <span class='ocrx_word' id='word_1_657' title='bbox 1508 4215 1671 4270; x_wconf 89' lang='lat' dir='ltr'><strong>etiam</strong></span> <span class='ocrx_word' id='word_1_658' title='bbox 1700 4213 1904 4268; x_wconf 89' lang='lat' dir='ltr'><strong>dictum</strong></span> 
     </span>
    </p>
   </div>
   <div class='ocr_carea' id='block_1_77' title="bbox 329 4306 1898 4384">
    <p class='ocr_par' dir='ltr' id='par_1_77' title="bbox 329 4306 1898 4384">
     <span class='ocr_line' id='line_1_78' title="bbox 329 4306 1898 4384; baseline -0.008 -12"><span class='ocrx_word' id='word_1_659' title='bbox 329 4317 502 4372; x_wconf 67' lang='lat' dir='ltr'><strong>fuisse</strong></span> <span class='ocrx_word' id='word_1_660' title='bbox 532 4331 546 4368; x_wconf 92' lang='lat'><strong>:</strong></span> <span class='ocrx_word' id='word_1_661' title='bbox 577 4332 594 4366; x_wconf 86' lang='grc' dir='ltr'><strong>ι</strong></span> <span class='ocrx_word' id='word_1_662' title='bbox 627 4312 865 4384; x_wconf 88' lang='lat' dir='ltr'><strong>Spiritus</strong></span> <span class='ocrx_word' id='word_1_663' title='bbox 915 4310 1007 4366; x_wconf 92' lang='lat' dir='ltr'><strong>Dei</strong></span> <span class='ocrx_word' id='word_1_664' title='bbox 1063 4310 1236 4365; x_wconf 87' lang='lat' dir='ltr'><strong>malus</strong></span> <span class='ocrx_word' id='word_1_665' title='bbox 1289 4306 1588 4363; x_wconf 72' lang='lat' dir='ltr'><strong>sull‘ocabat</strong></span> <span class='ocrx_word' id='word_1_666' title='bbox 1639 4307 1846 4361; x_wconf 65' lang='lat' dir='ltr'><strong>eum&quot;.</strong></span> <span class='ocrx_word' id='word_1_667' title='bbox 1879 4327 1898 4360; x_wconf 70' lang='grc' dir='ltr'><strong>ι</strong></span> 
     </span>
    </p>
   </div>
   <div class='ocr_carea' id='block_1_78' title="bbox 331 4397 1904 4474">
    <p class='ocr_par' dir='ltr' id='par_1_78' title="bbox 331 4397 1904 4474">
     <span class='ocr_line' id='line_1_79' title="bbox 331 4397 1904 4474; baseline -0.006 -12"><span class='ocrx_word' id='word_1_668' title='bbox 331 4407 672 4474; x_wconf 74' lang='lat' dir='ltr'><strong>Quinetiam</strong></span> <span class='ocrx_word' id='word_1_669' title='bbox 700 4420 823 4460; x_wconf 92' lang='lat' dir='ltr'><strong>cum</strong></span> <span class='ocrx_word' id='word_1_670' title='bbox 847 4403 1049 4460; x_wconf 84' lang='lat' dir='ltr'><strong>exisset</strong></span> <span class='ocrx_word' id='word_1_671' title='bbox 1078 4401 1304 4472; x_wconf 89' lang='lat' dir='ltr'><strong>spiritus</strong></span> <span class='ocrx_word' id='word_1_672' title='bbox 1349 4397 1584 4454; x_wconf 81' lang='lat' dir='ltr'><strong>mendax</strong></span> <span class='ocrx_word' id='word_1_673' title='bbox 1611 4399 1790 4455; x_wconf 80' lang='lat' dir='ltr'><strong>factus</strong></span> <span class='ocrx_word' id='word_1_674' title='bbox 1820 4408 1904 4454; x_wconf 89' lang='lat' dir='ltr'><strong>est</strong></span> 
     </span>
    </p>
   </div>
   <div class='ocr_carea' id='block_1_79' title="bbox 2013 3283 3582 3362">
    <p class='ocr_par' dir='ltr' id='par_1_79' title="bbox 2013 3283 3582 3362">
     <span class='ocr_line' id='line_1_80' title="bbox 2013 3283 3582 3362; baseline 0.005 -24"><span class='ocrx_word' id='word_1_675' title='bbox 2013 3283 2298 3356; x_wconf 83' lang='grc' dir='ltr'>ἀμφότερα</span> <span class='ocrx_word' id='word_1_676' title='bbox 2333 3285 2506 3356; x_wconf 83' lang='grc' dir='ltr'>ἀληθῆ</span> <span class='ocrx_word' id='word_1_677' title='bbox 2532 3288 2668 3350; x_wconf 85' lang='grc' dir='ltr'>ἐστι,</span> <span class='ocrx_word' id='word_1_678' title='bbox 2700 3289 2793 3341; x_wconf 73' lang='grc' dir='ltr'><strong>καὶ</strong></span> <span class='ocrx_word' id='word_1_679' title='bbox 2822 3288 2884 3341; x_wconf 85' lang='grc' dir='ltr'><strong>τὸ</strong></span> <span class='ocrx_word' id='word_1_680' title='bbox 2912 3289 3017 3342; x_wconf 81' lang='grc' dir='ltr'><strong>ὑπὸ</strong></span> <span class='ocrx_word' id='word_1_681' title='bbox 3041 3289 3134 3342; x_wconf 85' lang='grc' dir='ltr'><strong>τοῦ</strong></span> <span class='ocrx_word' id='word_1_682' title='bbox 3171 3291 3408 3359; x_wconf 78' lang='grc' dir='ltr'><strong>ἀγγέλου</strong></span> <span class='ocrx_word' id='word_1_683' title='bbox 3443 3293 3582 3362; x_wconf 71' lang='grc' dir='ltr'>λεγόο</span> 
     </span>
    </p>
   </div>
   <div class='ocr_carea' id='block_1_80' title="bbox 2018 3376 3581 3456">
    <p class='ocr_par' dir='ltr' id='par_1_80' title="bbox 2018 3376 3581 3456">
     <span class='ocr_line' id='line_1_81' title="bbox 2018 3376 3581 3456; baseline 0.008 -29"><span class='ocrx_word' id='word_1_684' title='bbox 2018 3393 2175 3448; x_wconf 90' lang='grc' dir='ltr'>μενον</span> <span class='ocrx_word' id='word_1_685' title='bbox 2209 3376 2397 3449; x_wconf 83' lang='grc' dir='ltr'>ἐντῷ,</span> <span class='ocrx_word' id='word_1_686' title='bbox 2435 3397 2452 3429; x_wconf 88' lang='grc' dir='ltr'><strong>ι</strong></span> <span class='ocrx_word' id='word_1_687' title='bbox 2482 3380 2548 3432; x_wconf 90' lang='grc' dir='ltr'><strong>Ὃ</strong></span> <span class='ocrx_word' id='word_1_688' title='bbox 2581 3379 2674 3433; x_wconf 88' lang='grc' dir='ltr'>ἐὰν</span> <span class='ocrx_word' id='word_1_689' title='bbox 2707 3380 2846 3433; x_wconf 80' lang='grc' dir='ltr'>εἴπω</span> <span class='ocrx_word' id='word_1_690' title='bbox 2898 3381 3034 3452; x_wconf 89' lang='grc' dir='ltr'>πρὸς</span> <span class='ocrx_word' id='word_1_691' title='bbox 3064 3381 3145 3446; x_wconf 86' lang='grc' dir='ltr'><strong>σὲ,</strong></span> <span class='ocrx_word' id='word_1_692' title='bbox 3194 3382 3357 3436; x_wconf 87' lang='grc' dir='ltr'>τοῦτο</span> <span class='ocrx_word' id='word_1_693' title='bbox 3388 3384 3581 3456; x_wconf 73' lang='grc' dir='ltr'>φυλάξῃ</span> 
     </span>
    </p>
   </div>
   <div class='ocr_carea' id='block_1_81' title="bbox 2013 3471 3579 3546">
    <p class='ocr_par' dir='ltr' id='par_1_81' title="bbox 2013 3471 3579 3546">
     <span class='ocr_line' id='line_1_82' title="bbox 2013 3471 3579 3546; baseline 0.001 -22"><span class='ocrx_word' id='word_1_694' title='bbox 2013 3471 2261 3543; x_wconf 75' lang='grc' dir='ltr'>λαλῆσαι,</span> <span class='ocrx_word' id='word_1_695' title='bbox 2301 3490 2320 3522; x_wconf 72' lang='grc' dir='ltr'><strong>ι</strong></span> <span class='ocrx_word' id='word_1_696' title='bbox 2351 3472 2445 3525; x_wconf 76' lang='grc' dir='ltr'><strong>καὶ</strong></span> <span class='ocrx_word' id='word_1_697' title='bbox 2483 3471 2543 3525; x_wconf 87' lang='grc' dir='ltr'><strong>τὸ</strong></span> <span class='ocrx_word' id='word_1_698' title='bbox 2582 3473 2686 3526; x_wconf 83' lang='grc' dir='ltr'><strong>ὑπὸ</strong></span> <span class='ocrx_word' id='word_1_699' title='bbox 2716 3473 2817 3542; x_wconf 82' lang='grc' dir='ltr'>τῆς</span> <span class='ocrx_word' id='word_1_700' title='bbox 2843 3473 3063 3545; x_wconf 79' lang='grc' dir='ltr'>Γραφῆς</span> <span class='ocrx_word' id='word_1_701' title='bbox 3093 3475 3579 3546; x_wconf 76' lang='grc' dir='ltr'>ἀπαγγελλόμενον,</span> 
     </span>
    </p>
   </div>
   <div class='ocr_carea' id='block_1_82' title="bbox 2011 3562 3575 3637">
    <p class='ocr_par' dir='ltr' id='par_1_82' title="bbox 2011 3562 3575 3637">
     <span class='ocr_line' id='line_1_83' title="bbox 2011 3562 3575 3637; baseline 0.003 -22"><span class='ocrx_word' id='word_1_702' title='bbox 2011 3562 2114 3615; x_wconf 82' lang='grc' dir='ltr'>ὅτι·</span> <span class='ocrx_word' id='word_1_703' title='bbox 2168 3581 2186 3614; x_wconf 82' lang='grc' dir='ltr'><strong>ι</strong></span> <span class='ocrx_word' id='word_1_704' title='bbox 2225 3562 2505 3616; x_wconf 79' lang='grc' dir='ltr'>Ἐνέὸαλεν</span> <span class='ocrx_word' id='word_1_705' title='bbox 2533 3563 2560 3614; x_wconf 92' lang='grc' dir='ltr'>ὁ</span> <span class='ocrx_word' id='word_1_706' title='bbox 2582 3563 2711 3628; x_wconf 79' lang='grc' dir='ltr'>Θεὸς</span> <span class='ocrx_word' id='word_1_707' title='bbox 2739 3564 2888 3635; x_wconf 76' lang='grc' dir='ltr'>ῥῆμα</span> <span class='ocrx_word' id='word_1_708' title='bbox 2921 3567 3001 3628; x_wconf 76' lang='grc' dir='ltr'><strong>εἰς</strong></span> <span class='ocrx_word' id='word_1_709' title='bbox 3045 3565 3104 3618; x_wconf 81' lang='grc' dir='ltr'><strong>τὸ</strong></span> <span class='ocrx_word' id='word_1_710' title='bbox 3134 3567 3306 3637; x_wconf 87' lang='grc' dir='ltr'>στόμα</span> <span class='ocrx_word' id='word_1_711' title='bbox 3339 3567 3575 3637; x_wconf 83' lang='grc' dir='ltr'>Βαλαὰμ,</span> 
     </span>
    </p>
   </div>
   <div class='ocr_carea' id='block_1_83' title="bbox 2012 3650 3577 3728">
    <p class='ocr_par' dir='ltr' id='par_1_83' title="bbox 2012 3650 3577 3728">
     <span class='ocr_line' id='line_1_84' title="bbox 2012 3650 3577 3728; baseline 0 -20"><span class='ocrx_word' id='word_1_712' title='bbox 2012 3655 2107 3709; x_wconf 78' lang='grc' dir='ltr'>καὶ</span> <span class='ocrx_word' id='word_1_713' title='bbox 2137 3650 2280 3708; x_wconf 75' lang='grc' dir='ltr'>εἷπε·</span> <span class='ocrx_word' id='word_1_714' title='bbox 2313 3674 2330 3708; x_wconf 83' lang='grc'>›</span> <span class='ocrx_word' id='word_1_715' title='bbox 2363 3655 2424 3709; x_wconf 81' lang='grc' dir='ltr'><strong>τὸ</strong></span> <span class='ocrx_word' id='word_1_716' title='bbox 2464 3656 2544 3720; x_wconf 83' lang='grc' dir='ltr'>δὲ,</span> <span class='ocrx_word' id='word_1_717' title='bbox 2583 3675 2600 3707; x_wconf 82' lang='grc' dir='ltr'><strong>ι</strong></span> <span class='ocrx_word' id='word_1_718' title='bbox 2627 3657 2887 3727; x_wconf 83' lang='grc' dir='ltr'>Ἑγενήθη</span> <span class='ocrx_word' id='word_1_719' title='bbox 2938 3656 3152 3728; x_wconf 88' lang='grc' dir='ltr'>πνεῦμα</span> <span class='ocrx_word' id='word_1_720' title='bbox 3199 3659 3335 3711; x_wconf 85' lang='grc' dir='ltr'>Θεοῦ</span> <span class='ocrx_word' id='word_1_721' title='bbox 3387 3661 3472 3712; x_wconf 87' lang='grc' dir='ltr'>ἐπ’</span> <span class='ocrx_word' id='word_1_722' title='bbox 3495 3660 3577 3712; x_wconf 65' lang='lat' dir='ltr'><strong>a5-</strong></span> 
     </span>
    </p>
   </div>
   <div class='ocr_carea' id='block_1_84' title="bbox 2011 3746 3574 3824">
    <p class='ocr_par' dir='ltr' id='par_1_84' title="bbox 2011 3746 3574 3824">
     <span class='ocr_line' id='line_1_85' title="bbox 2011 3746 3574 3824; baseline 0 -22"><span class='ocrx_word' id='word_1_723' title='bbox 2011 3747 2149 3820; x_wconf 80' lang='grc' dir='ltr'>τῷ,›</span> <span class='ocrx_word' id='word_1_724' title='bbox 2187 3748 2527 3820; x_wconf 81' lang='grc' dir='ltr'>ὠόελίσαμεν</span> <span class='ocrx_word' id='word_1_725' title='bbox 2557 3749 2688 3820; x_wconf 78' lang='lat'><strong>(‘29),</strong></span> <span class='ocrx_word' id='word_1_726' title='bbox 2748 3746 2884 3820; x_wconf 87' lang='grc' dir='ltr'>μήτε</span> <span class='ocrx_word' id='word_1_727' title='bbox 2926 3750 3077 3815; x_wconf 79' lang='grc' dir='ltr'>αὐτὸ,</span> <span class='ocrx_word' id='word_1_728' title='bbox 3117 3752 3252 3822; x_wconf 86' lang='grc' dir='ltr'>μήτε</span> <span class='ocrx_word' id='word_1_729' title='bbox 3301 3753 3574 3824; x_wconf 78' lang='grc' dir='ltr'>παραπλή-</span> 
     </span>
    </p>
   </div>
   <div class='ocr_carea' id='block_1_85' title="bbox 2013 3841 3576 3913">
    <p class='ocr_par' dir='ltr' id='par_1_85' title="bbox 2013 3841 3576 3913">
     <span class='ocr_line' id='line_1_86' title="bbox 2013 3841 3576 3913; baseline 0.002 -19"><span class='ocrx_word' id='word_1_730' title='bbox 2013 3842 2126 3895; x_wconf 91' lang='grc' dir='ltr'>σιόν</span> <span class='ocrx_word' id='word_1_731' title='bbox 2149 3860 2203 3895; x_wconf 90' lang='grc' dir='ltr'><strong>τι</strong></span> <span class='ocrx_word' id='word_1_732' title='bbox 2229 3841 2376 3913; x_wconf 76' lang='grc' dir='ltr'><strong>αὐτῷ</strong></span> <span class='ocrx_word' id='word_1_733' title='bbox 2419 3841 2670 3911; x_wconf 78' lang='grc' dir='ltr'>εὑρόντες</span> <span class='ocrx_word' id='word_1_734' title='bbox 2715 3843 2774 3894; x_wconf 90' lang='grc' dir='ltr'><strong>ἐν</strong></span> <span class='ocrx_word' id='word_1_735' title='bbox 2800 3844 2919 3904; x_wconf 82' lang='grc' dir='ltr'>ταῖς</span> <span class='ocrx_word' id='word_1_736' title='bbox 2949 3841 3160 3907; x_wconf 82' lang='grc' dir='ltr'>λοιπαῖς</span> <span class='ocrx_word' id='word_1_737' title='bbox 3187 3843 3453 3899; x_wconf 84' lang='grc' dir='ltr'>ἐκδόσεσι.</span> <span class='ocrx_word' id='word_1_738' title='bbox 3485 3844 3576 3897; x_wconf 86' lang='grc' dir='ltr'><strong>Πά-</strong></span> 
     </span>
    </p>
   </div>
   <div class='ocr_carea' id='block_1_86' title="bbox 2009 3930 3572 4006">
    <p class='ocr_par' dir='ltr' id='par_1_86' title="bbox 2009 3930 3572 4006">
     <span class='ocr_line' id='line_1_87' title="bbox 2009 3930 3572 4006; baseline -0.001 -19"><span class='ocrx_word' id='word_1_739' title='bbox 2009 3934 2091 3989; x_wconf 85' lang='grc' dir='ltr'><strong>λιν</strong></span> <span class='ocrx_word' id='word_1_740' title='bbox 2132 3952 2190 3987; x_wconf 90' lang='grc' dir='ltr'><strong>τε</strong></span> <span class='ocrx_word' id='word_1_741' title='bbox 2224 3930 2290 3988; x_wconf 81' lang='grc' dir='ltr'><strong>αὖ</strong></span> <span class='ocrx_word' id='word_1_742' title='bbox 2327 3936 2442 4006; x_wconf 84' lang='grc' dir='ltr'>μετ’</span> <span class='ocrx_word' id='word_1_743' title='bbox 2469 3934 2642 4003; x_wconf 84' lang='grc' dir='ltr'>ὀλίγα,</span> <span class='ocrx_word' id='word_1_744' title='bbox 2681 3949 2698 3981; x_wconf 81' lang='grc' dir='ltr'><strong>ι</strong></span> <span class='ocrx_word' id='word_1_745' title='bbox 2724 3935 3062 4006; x_wconf 85' lang='grc' dir='ltr'>Συνήντησε,</span> <span class='ocrx_word' id='word_1_746' title='bbox 3132 3935 3295 4006; x_wconf 77' lang='grc' dir='ltr'>φησὶν</span> <span class='ocrx_word' id='word_1_747' title='bbox 3315 3968 3330 3994; x_wconf 88' lang='grc'><strong>,</strong></span> <span class='ocrx_word' id='word_1_748' title='bbox 3400 3937 3430 3989; x_wconf 88' lang='lat'><strong>6</strong></span> <span class='ocrx_word' id='word_1_749' title='bbox 3457 3935 3572 3998; x_wconf 63' lang='lat'><strong>656;</strong></span> 
     </span>
    </p>
   </div>
   <div class='ocr_carea' id='block_1_87' title="bbox 2009 4025 3568 4100">
    <p class='ocr_par' dir='ltr' id='par_1_87' title="bbox 2009 4025 3568 4100">
     <span class='ocr_line' id='line_1_88' title="bbox 2009 4025 3568 4100; baseline -0.002 -19"><span class='ocrx_word' id='word_1_750' title='bbox 2009 4029 2087 4100; x_wconf 80' lang='grc' dir='ltr'><strong>τῷ</strong></span> <span class='ocrx_word' id='word_1_751' title='bbox 2134 4026 2381 4097; x_wconf 84' lang='grc' dir='ltr'>Βαλαάμ,</span> <span class='ocrx_word' id='word_1_752' title='bbox 2418 4027 2512 4080; x_wconf 65' lang='grc' dir='ltr'><strong>καὶ⁵</strong></span> <span class='ocrx_word' id='word_1_753' title='bbox 2541 4025 2759 4080; x_wconf 77' lang='grc' dir='ltr'>ἐνέϐαλε</span> <span class='ocrx_word' id='word_1_754' title='bbox 2792 4025 2941 4096; x_wconf 77' lang='grc' dir='ltr'>ῥῆμα</span> <span class='ocrx_word' id='word_1_755' title='bbox 2972 4026 3051 4089; x_wconf 79' lang='grc' dir='ltr'>εἰς</span> <span class='ocrx_word' id='word_1_756' title='bbox 3084 4025 3144 4079; x_wconf 84' lang='grc' dir='ltr'>τὸ</span> <span class='ocrx_word' id='word_1_757' title='bbox 3174 4026 3350 4097; x_wconf 82' lang='grc' dir='ltr'>στόμα</span> <span class='ocrx_word' id='word_1_758' title='bbox 3399 4026 3568 4090; x_wconf 80' lang='grc' dir='ltr'>αὐτοῦ,</span> 
     </span>
    </p>
   </div>
   <div class='ocr_carea' id='block_1_88' title="bbox 2009 4117 3566 4192">
    <p class='ocr_par' dir='ltr' id='par_1_88' title="bbox 2009 4117 3566 4192">
     <span class='ocr_line' id='line_1_89' title="bbox 2009 4117 3566 4192; baseline -0.001 -16"><span class='ocrx_word' id='word_1_759' title='bbox 2009 4123 2103 4177; x_wconf 79' lang='grc' dir='ltr'>καὶ</span> <span class='ocrx_word' id='word_1_760' title='bbox 2129 4117 2248 4174; x_wconf 83' lang='grc' dir='ltr'>εἷπε</span> <span class='ocrx_word' id='word_1_761' title='bbox 2266 4139 2279 4151; x_wconf 90' lang='grc'><strong>·</strong></span> <span class='ocrx_word' id='word_1_762' title='bbox 2343 4119 2746 4192; x_wconf 78' lang='grc' dir='ltr'>Ἀποστράφηθι</span> <span class='ocrx_word' id='word_1_763' title='bbox 2776 4119 2913 4191; x_wconf 84' lang='grc' dir='ltr'>πρὸς</span> <span class='ocrx_word' id='word_1_764' title='bbox 2958 4119 3143 4173; x_wconf 85' lang='grc' dir='ltr'>Βαλὰκ</span> <span class='ocrx_word' id='word_1_765' title='bbox 3178 4121 3309 4192; x_wconf 83' lang='grc'><strong>(50),</strong></span> <span class='ocrx_word' id='word_1_766' title='bbox 3337 4124 3434 4177; x_wconf 75' lang='grc' dir='ltr'><strong>καὶ</strong></span> <span class='ocrx_word' id='word_1_767' title='bbox 3456 4122 3566 4176; x_wconf 80' lang='grc' dir='ltr'>τάδε</span> 
     </span>
    </p>
   </div>
   <div class='ocr_carea' id='block_1_89' title="bbox 2007 4213 3562 4288">
    <p class='ocr_par' dir='ltr' id='par_1_89' title="bbox 2007 4213 3562 4288">
     <span class='ocr_line' id='line_1_90' title="bbox 2007 4213 3562 4288; baseline -0.002 -19"><span class='ocrx_word' id='word_1_768' title='bbox 2007 4217 2276 4288; x_wconf 81' lang='grc' dir='ltr'>λαλήσεις.</span> <span class='ocrx_word' id='word_1_769' title='bbox 2306 4233 2323 4264; x_wconf 77' lang='grc' dir='ltr'><strong>ι</strong></span> <span class='ocrx_word' id='word_1_770' title='bbox 2367 4215 2462 4277; x_wconf 81' lang='grc' dir='ltr'><strong>Εἰς</strong></span> <span class='ocrx_word' id='word_1_771' title='bbox 2488 4213 2659 4266; x_wconf 86' lang='grc' dir='ltr'>ταῦτα</span> <span class='ocrx_word' id='word_1_772' title='bbox 2701 4213 2758 4265; x_wconf 89' lang='grc' dir='ltr'><strong>δὲ</strong></span> <span class='ocrx_word' id='word_1_773' title='bbox 2787 4214 2964 4267; x_wconf 88' lang='grc' dir='ltr'>πάντα</span> <span class='ocrx_word' id='word_1_774' title='bbox 2990 4215 3019 4266; x_wconf 78' lang='lat'><strong>6</strong></span> <span class='ocrx_word' id='word_1_775' title='bbox 3048 4214 3369 4285; x_wconf 86' lang='grc' dir='ltr'>ἀποτολμῶν</span> <span class='ocrx_word' id='word_1_776' title='bbox 3399 4217 3562 4287; x_wconf 80' lang='grc' dir='ltr'>φήσει,</span> 
     </span>
    </p>
   </div>
   <div class='ocr_carea' id='block_1_90' title="bbox 2005 4303 3565 4376">
    <p class='ocr_par' dir='ltr' id='par_1_90' title="bbox 2005 4303 3565 4376">
     <span class='ocr_line' id='line_1_91' title="bbox 2005 4303 3565 4376; baseline 0 -15"><span class='ocrx_word' id='word_1_777' title='bbox 2005 4309 2087 4361; x_wconf 81' lang='grc' dir='ltr'>ὅτι</span> <span class='ocrx_word' id='word_1_778' title='bbox 2113 4309 2207 4360; x_wconf 77' lang='grc' dir='ltr'><strong>καὶ</strong></span> <span class='ocrx_word' id='word_1_779' title='bbox 2241 4307 2331 4359; x_wconf 75' lang='grc' dir='ltr'><strong>ἐπὶ</strong></span> <span class='ocrx_word' id='word_1_780' title='bbox 2359 4304 2452 4358; x_wconf 86' lang='grc' dir='ltr'><strong>τοῦ</strong></span> <span class='ocrx_word' id='word_1_781' title='bbox 2479 4303 2649 4358; x_wconf 82' lang='grc' dir='ltr'>Σαοὺλ</span> <span class='ocrx_word' id='word_1_782' title='bbox 2679 4304 2924 4375; x_wconf 78' lang='grc' dir='ltr'>εἴρηται·</span> <span class='ocrx_word' id='word_1_783' title='bbox 2968 4324 2985 4357; x_wconf 85' lang='grc' dir='ltr'><strong>ι</strong></span> <span class='ocrx_word' id='word_1_784' title='bbox 3008 4305 3231 4376; x_wconf 87' lang='grc' dir='ltr'>Πνεῦμα</span> <span class='ocrx_word' id='word_1_785' title='bbox 3249 4306 3388 4360; x_wconf 87' lang='grc' dir='ltr'>Θεοῦ</span> <span class='ocrx_word' id='word_1_786' title='bbox 3417 4325 3565 4376; x_wconf 78' lang='grc' dir='ltr'>πονη-</span> 
     </span>
    </p>
   </div>
   <div class='ocr_carea' id='block_1_91' title="bbox 2010 4394 3564 4471">
    <p class='ocr_par' dir='ltr' id='par_1_91' title="bbox 2010 4394 3564 4471">
     <span class='ocr_line' id='line_1_92' title="bbox 2010 4394 3564 4471; baseline -0.002 -18"><span class='ocrx_word' id='word_1_787' title='bbox 2010 4399 2100 4471; x_wconf 83' lang='grc' dir='ltr'><strong>ρὸν</strong></span> <span class='ocrx_word' id='word_1_788' title='bbox 2133 4399 2348 4466; x_wconf 78' lang='grc' dir='ltr'>ἔπνιγεν</span> <span class='ocrx_word' id='word_1_789' title='bbox 2380 4397 2560 4450; x_wconf 81' lang='grc' dir='ltr'>αὐτόν.</span> <span class='ocrx_word' id='word_1_790' title='bbox 2589 4414 2608 4448; x_wconf 72' lang='grc' dir='ltr'><strong>ι</strong></span> <span class='ocrx_word' id='word_1_791' title='bbox 2654 4394 2813 4448; x_wconf 80' lang='grc' dir='ltr'>Ἀλλά</span> <span class='ocrx_word' id='word_1_792' title='bbox 2844 4395 2938 4449; x_wconf 74' lang='grc' dir='ltr'>καὶ</span> <span class='ocrx_word' id='word_1_793' title='bbox 2967 4396 3183 4467; x_wconf 87' lang='grc' dir='ltr'>πνεῦμα</span> <span class='ocrx_word' id='word_1_794' title='bbox 3215 4397 3412 4467; x_wconf 80' lang='grc' dir='ltr'>ψευδὲς</span> <span class='ocrx_word' id='word_1_795' title='bbox 3437 4398 3564 4463; x_wconf 80' lang='grc' dir='ltr'>ἐξελ-</span> 
     </span>
    </p>
   </div>
   <div class='ocr_carea' id='block_1_92' title="bbox 332 4488 1869 4568">
    <p class='ocr_par' dir='ltr' id='par_1_92' title="bbox 332 4491 1867 4568">
     <span class='ocr_line' id='line_1_93' title="bbox 332 4491 1867 4568; baseline -0.008 -11"><span class='ocrx_word' id='word_1_796' title='bbox 332 4505 387 4557; x_wconf 85' lang='lat' dir='ltr'><strong>in</strong></span> <span class='ocrx_word' id='word_1_797' title='bbox 415 4515 510 4555; x_wconf 89' lang='lat' dir='ltr'><strong>ore</strong></span> <span class='ocrx_word' id='word_1_798' title='bbox 538 4499 777 4554; x_wconf 90' lang='lat' dir='ltr'><strong>omnium</strong></span> <span class='ocrx_word' id='word_1_799' title='bbox 805 4497 1198 4568; x_wconf 86' lang='lat' dir='ltr'><strong>prophetarum</strong></span> <span class='ocrx_word' id='word_1_800' title='bbox 1221 4492 1430 4558; x_wconf 76' lang='lat' dir='ltr'><strong>Aeliab,</strong></span> <span class='ocrx_word' id='word_1_801' title='bbox 1466 4491 1683 4547; x_wconf 89' lang='lat' dir='ltr'><strong>dicente</strong></span> <span class='ocrx_word' id='word_1_802' title='bbox 1713 4491 1867 4546; x_wconf 91' lang='lat' dir='ltr'><strong>Domi</strong></span> 
     </span>
    </p>
   </div>
   <div class='ocr_carea' id='block_1_93' title="bbox 2063 4488 3560 4568">
    <p class='ocr_par' dir='ltr' id='par_1_93' title="bbox 2066 4488 3560 4562">
     <span class='ocr_line' id='line_1_94' title="bbox 2066 4488 3560 4562; baseline -0.002 -17"><span class='ocrx_word' id='word_1_803' title='bbox 2066 4508 2094 4545; x_wconf 90' lang='grc' dir='ltr'><strong>ν</strong></span> <span class='ocrx_word' id='word_1_804' title='bbox 2138 4491 2358 4560; x_wconf 85' lang='grc' dir='ltr'>γέγονεν</span> <span class='ocrx_word' id='word_1_805' title='bbox 2390 4490 2447 4542; x_wconf 85' lang='grc' dir='ltr'><strong>ἐν</strong></span> <span class='ocrx_word' id='word_1_806' title='bbox 2495 4489 2719 4559; x_wconf 86' lang='grc' dir='ltr'>στόματι</span> <span class='ocrx_word' id='word_1_807' title='bbox 2747 4488 2963 4542; x_wconf 86' lang='grc' dir='ltr'>πάντων</span> <span class='ocrx_word' id='word_1_808' title='bbox 3004 4488 3113 4542; x_wconf 87' lang='grc' dir='ltr'><strong>τῶν</strong></span> <span class='ocrx_word' id='word_1_809' title='bbox 3162 4493 3454 4562; x_wconf 81' lang='grc' dir='ltr'>προφητῶν</span> <span class='ocrx_word' id='word_1_810' title='bbox 3481 4490 3560 4545; x_wconf 84' lang='grc' dir='ltr'><strong>τοῦ</strong></span> 
     </span>
    </p>
   </div>
   <div class='ocr_carea' id='block_1_94' title="bbox 327 4582 1894 4660">
    <p class='ocr_par' dir='ltr' id='par_1_94' title="bbox 327 4582 1894 4660">
     <span class='ocr_line' id='line_1_95' title="bbox 327 4582 1894 4660; baseline -0.008 -14"><span class='ocrx_word' id='word_1_811' title='bbox 327 4607 402 4646; x_wconf 89' lang='lat' dir='ltr'><strong>no</strong></span> <span class='ocrx_word' id='word_1_812' title='bbox 435 4608 448 4644; x_wconf 93' lang='lat'><strong>:</strong></span> <span class='ocrx_word' id='word_1_813' title='bbox 481 4610 500 4644; x_wconf 88' lang='grc'><strong><em>‹</em></strong></span> <span class='ocrx_word' id='word_1_814' title='bbox 527 4592 660 4659; x_wconf 80' lang='lat' dir='ltr'><strong>Quis</strong></span> <span class='ocrx_word' id='word_1_815' title='bbox 712 4589 946 4660; x_wconf 85' lang='lat' dir='ltr'><strong>decipiet</strong></span> <span class='ocrx_word' id='word_1_816' title='bbox 991 4584 1220 4641; x_wconf 84' lang='lat' dir='ltr'><strong>Achab?</strong></span> <span class='ocrx_word' id='word_1_817' title='bbox 1247 4603 1266 4636; x_wconf 75' lang='grc' dir='ltr'><strong>ι</strong></span> <span class='ocrx_word' id='word_1_818' title='bbox 1313 4593 1367 4637; x_wconf 90' lang='lat' dir='ltr'><strong>et</strong></span> <span class='ocrx_word' id='word_1_819' title='bbox 1417 4591 1649 4636; x_wconf 80' lang='lat' dir='ltr'><strong>exeunte</strong></span> <span class='ocrx_word' id='word_1_820' title='bbox 1701 4582 1894 4650; x_wconf 82' lang='lat' dir='ltr'><strong>Spiritu</strong></span> 
     </span>
    </p>
   </div>
   <div class='ocr_carea' id='block_1_95' title="bbox 327 4669 1890 4746">
    <p class='ocr_par' dir='ltr' id='par_1_95' title="bbox 327 4669 1890 4746">
     <span class='ocr_line' id='line_1_96' title="bbox 327 4669 1890 4746; baseline -0.011 -8"><span class='ocrx_word' id='word_1_821' title='bbox 327 4683 606 4746; x_wconf 86' lang='lat' dir='ltr'><strong>mendaci,</strong></span> <span class='ocrx_word' id='word_1_822' title='bbox 637 4689 692 4735; x_wconf 92' lang='lat' dir='ltr'><strong>et</strong></span> <span class='ocrx_word' id='word_1_823' title='bbox 714 4680 924 4734; x_wconf 90' lang='lat' dir='ltr'><strong>dicente</strong></span> <span class='ocrx_word' id='word_1_824' title='bbox 960 4696 976 4732; x_wconf 88' lang='lat'><strong>:</strong></span> <span class='ocrx_word' id='word_1_825' title='bbox 1011 4693 1030 4726; x_wconf 82' lang='grc' dir='ltr'><strong>ι</strong></span> <span class='ocrx_word' id='word_1_826' title='bbox 1054 4674 1167 4744; x_wconf 84' lang='lat' dir='ltr'><strong>Ego</strong></span> <span class='ocrx_word' id='word_1_827' title='bbox 1194 4673 1458 4743; x_wconf 87' lang='lat' dir='ltr'><strong>decipiam</strong></span> <span class='ocrx_word' id='word_1_828' title='bbox 1495 4685 1616 4724; x_wconf 91' lang='lat' dir='ltr'><strong>eum</strong></span> <span class='ocrx_word' id='word_1_829' title='bbox 1637 4669 1706 4723; x_wconf 82' lang='lat'><strong>&#39;°.</strong></span> <span class='ocrx_word' id='word_1_830' title='bbox 1739 4689 1757 4721; x_wconf 75' lang='grc' dir='ltr'><strong>ι</strong></span> <span class='ocrx_word' id='word_1_831' title='bbox 1791 4669 1890 4722; x_wconf 87' lang='grc' dir='ltr'><strong>Αι-</strong></span> 
     </span>
    </p>
   </div>
   <div class='ocr_carea' id='block_1_96' title="bbox 330 4765 1894 4843">
    <p class='ocr_par' dir='ltr' id='par_1_96' title="bbox 330 4765 1894 4843">
     <span class='ocr_line' id='line_1_97' title="bbox 330 4765 1894 4843; baseline -0.006 -19"><span class='ocrx_word' id='word_1_832' title='bbox 330 4790 435 4843; x_wconf 85' lang='lat' dir='ltr'><strong>qne</strong></span> <span class='ocrx_word' id='word_1_833' title='bbox 484 4775 594 4827; x_wconf 65' lang='lat' dir='ltr'><strong>haec</strong></span> <span class='ocrx_word' id='word_1_834' title='bbox 635 4772 850 4840; x_wconf 85' lang='lat' dir='ltr'><strong>quidem</strong></span> <span class='ocrx_word' id='word_1_835' title='bbox 882 4771 968 4825; x_wconf 91' lang='lat' dir='ltr'><strong>his</strong></span> <span class='ocrx_word' id='word_1_836' title='bbox 1000 4769 1053 4822; x_wconf 91' lang='lat' dir='ltr'><strong>in</strong></span> <span class='ocrx_word' id='word_1_837' title='bbox 1083 4767 1218 4821; x_wconf 86' lang='lat' dir='ltr'><strong>locis</strong></span> <span class='ocrx_word' id='word_1_838' title='bbox 1257 4765 1563 4819; x_wconf 82' lang='lat' dir='ltr'><strong>examinata</strong></span> <span class='ocrx_word' id='word_1_839' title='bbox 1600 4772 1747 4824; x_wconf 87' lang='lat' dir='ltr'><strong>sunt,</strong></span> <span class='ocrx_word' id='word_1_840' title='bbox 1775 4778 1894 4814; x_wconf 83' lang='lat' dir='ltr'><strong>eum</strong></span> 
     </span>
    </p>
   </div>
   <div class='ocr_carea' id='block_1_97' title="bbox 331 4857 1898 4935">
    <p class='ocr_par' dir='ltr' id='par_1_97' title="bbox 331 4857 1898 4935">
     <span class='ocr_line' id='line_1_98' title="bbox 331 4857 1898 4935; baseline -0.005 -17"><span class='ocrx_word' id='word_1_841' title='bbox 331 4864 567 4935; x_wconf 83' lang='lat' dir='ltr'><strong>alioquin</strong></span> <span class='ocrx_word' id='word_1_842' title='bbox 610 4864 797 4918; x_wconf 81' lang='lat' dir='ltr'><strong>.valeat</strong></span> <span class='ocrx_word' id='word_1_843' title='bbox 845 4859 1225 4930; x_wconf 70' lang='lat' dir='ltr'><strong>unusQuisque</strong></span> <span class='ocrx_word' id='word_1_844' title='bbox 1280 4875 1310 4912; x_wconf 90' lang='lat' dir='ltr'><strong>a</strong></span> <span class='ocrx_word' id='word_1_845' title='bbox 1364 4857 1898 4925; x_wconf 80' lang='lat' dir='ltr'><strong>semetipso.conse-</strong></span> 
     </span>
    </p>
   </div>
   <div class='ocr_carea' id='block_1_98' title="bbox 328 4948 1897 5027">
    <p class='ocr_par' dir='ltr' id='par_1_98' title="bbox 328 4948 1897 5027">
     <span class='ocr_line' id='line_1_99' title="bbox 328 4948 1897 5027; baseline -0.005 -18"><span class='ocrx_word' id='word_1_846' title='bbox 328 4967 561 5027; x_wconf 84' lang='lat' dir='ltr'><strong>quenter</strong></span> <span class='ocrx_word' id='word_1_847' title='bbox 601 4957 686 5010; x_wconf 84' lang='lat' dir='ltr'><strong>his</strong></span> <span class='ocrx_word' id='word_1_848' title='bbox 735 4955 1056 5010; x_wconf 85' lang='lat' dir='ltr'><strong>testimoniis</strong></span> <span class='ocrx_word' id='word_1_849' title='bbox 1097 4967 1217 5021; x_wconf 70' lang='lat' dir='ltr'><strong>qua:</strong></span> <span class='ocrx_word' id='word_1_850' title='bbox 1261 4953 1312 5004; x_wconf 94' lang='lat' dir='ltr'><strong>in</strong></span> <span class='ocrx_word' id='word_1_851' title='bbox 1369 4949 1605 5003; x_wconf 89' lang='lat' dir='ltr'><strong>medium</strong></span> <span class='ocrx_word' id='word_1_852' title='bbox 1671 4948 1897 5018; x_wconf 83' lang='lat' dir='ltr'><strong>protuli-</strong></span> 
     </span>
    </p>
   </div>
   <div class='ocr_carea' id='block_1_99' title="bbox 329 5040 1890 5117">
    <p class='ocr_par' dir='ltr' id='par_1_99' title="bbox 329 5040 1890 5117">
     <span class='ocr_line' id='line_1_100' title="bbox 329 5040 1890 5117; baseline -0.006 -13"><span class='ocrx_word' id='word_1_853' title='bbox 329 5066 471 5116; x_wconf 87' lang='lat' dir='ltr'><strong>tuus,</strong></span> <span class='ocrx_word' id='word_1_854' title='bbox 499 5048 845 5104; x_wconf 88' lang='lat' dir='ltr'><strong>considerare</strong></span> <span class='ocrx_word' id='word_1_855' title='bbox 876 5045 1152 5117; x_wconf 89' lang='lat' dir='ltr'><strong>quomodo</strong></span> <span class='ocrx_word' id='word_1_856' title='bbox 1169 5043 1573 5115; x_wconf 85' lang='lat' dir='ltr'><strong>prophetaverit</strong></span> <span class='ocrx_word' id='word_1_857' title='bbox 1593 5040 1890 5111; x_wconf 84' lang='lat' dir='ltr'><strong>Caiaphas.</strong></span> 
     </span>
    </p>
   </div>
   <div class='ocr_carea' id='block_1_100' title="bbox 399 5183 1960 5254">
    <p class='ocr_par' dir='ltr' id='par_1_100' title="bbox 399 5183 1960 5254">
     <span class='ocr_line' id='line_1_101' title="bbox 399 5183 1960 5254; baseline -0.004 -9"><span class='ocrx_word' id='word_1_858' title='bbox 399 5191 446 5222; x_wconf 76' lang='lat'>“</span> <span class='ocrx_word' id='word_1_859' title='bbox 481 5190 638 5244; x_wconf 81' lang='lat' dir='ltr'><strong>Num.</strong></span> <span class='ocrx_word' id='word_1_860' title='bbox 667 5204 804 5252; x_wconf 83' lang='lat' dir='ltr'><strong>xxtt,</strong></span> <span class='ocrx_word' id='word_1_861' title='bbox 831 5187 1024 5242; x_wconf 68' lang='lat'><strong>22-24.</strong></span> <span class='ocrx_word' id='word_1_862' title='bbox 1100 5187 1144 5218; x_wconf 69' lang='lat'>”</span> <span class='ocrx_word' id='word_1_863' title='bbox 1176 5185 1309 5240; x_wconf 91' lang='lat' dir='ltr'><strong>ibid.</strong></span> <span class='ocrx_word' id='word_1_864' title='bbox 1335 5185 1427 5238; x_wconf 73' lang='lat'><strong>27.</strong></span> <span class='ocrx_word' id='word_1_865' title='bbox 1504 5183 1547 5215; x_wconf 74' lang='lat'><strong>“</strong></span> <span class='ocrx_word' id='word_1_866' title='bbox 1578 5183 1710 5238; x_wconf 85' lang='lat' dir='ltr'><strong>ibid.</strong></span> <span class='ocrx_word' id='word_1_867' title='bbox 1740 5183 1810 5238; x_wconf 76' lang='lat'><strong>5‘2</strong></span> <span class='ocrx_word' id='word_1_868' title='bbox 1843 5201 1960 5254; x_wconf 91' lang='lat' dir='ltr'><strong>seq.</strong></span> 
     </span>
    </p>
   </div>
   <div class='ocr_carea' id='block_1_101' title="bbox 680 5247 1869 5327">
    <p class='ocr_par' dir='ltr' id='par_1_101' title="bbox 680 5247 1869 5326">
     <span class='ocr_line' id='line_1_102' title="bbox 680 5247 1869 5326; baseline -0.004 -11"><span class='ocrx_word' id='word_1_869' title='bbox 680 5260 725 5291; x_wconf 72' lang='grc' dir='ltr'><strong>ιε</strong></span> <span class='ocrx_word' id='word_1_870' title='bbox 750 5247 880 5314; x_wconf 80' lang='lat' dir='ltr'><strong>ibid.</strong></span> <span class='ocrx_word' id='word_1_871' title='bbox 917 5257 1003 5312; x_wconf 79' lang='grc' dir='ltr'>ιδ.</span> <span class='ocrx_word' id='word_1_872' title='bbox 1079 5255 1173 5309; x_wconf 72' lang='grc' dir='ltr'><strong>ιο]</strong></span> <span class='ocrx_word' id='word_1_873' title='bbox 1220 5257 1485 5326; x_wconf 78' lang='lat' dir='ltr'><strong>Reg.xv1,</strong></span> <span class='ocrx_word' id='word_1_874' title='bbox 1518 5255 1607 5309; x_wconf 80' lang='grc' dir='ltr'><strong>ιι.</strong></span> <span class='ocrx_word' id='word_1_875' title='bbox 1682 5254 1869 5310; x_wconf 78' lang='grc' dir='ltr'>σοιιιι</span> 
     </span>
    </p>
   </div>
   <div class='ocr_carea' id='block_1_102' title="bbox 2063 5247 2367 5327">
    <p class='ocr_par' dir='ltr' id='par_1_102' title="bbox 2063 5247 2367 5317">
     <span class='ocr_line' id='line_1_103' title="bbox 2063 5247 2367 5317; baseline -0.03 -10"><span class='ocrx_word' id='word_1_876' title='bbox 2063 5268 2152 5317; x_wconf 75' lang='lat' dir='ltr'><strong>su,</strong></span> <span class='ocrx_word' id='word_1_877' title='bbox 2181 5247 2367 5303; x_wconf 69' lang='lat'><strong>20-22.</strong></span> 
     </span>
    </p>
   </div>
   <div class='ocr_carea' id='block_1_103' title="bbox 328 5263 577 5325">
    <p class='ocr_par' dir='ltr' id='par_1_103' title="bbox 328 5263 577 5325">
     <span class='ocr_line' id='line_1_104' title="bbox 328 5263 577 5325; baseline 0.004 -10"><span class='ocrx_word' id='word_1_878' title='bbox 328 5278 485 5325; x_wconf 66' lang='grc' dir='ltr'>χχιιι,</span> <span class='ocrx_word' id='word_1_879' title='bbox 522 5263 577 5318; x_wconf 82' lang='grc'>5.</span> 
     </span>
    </p>
   </div>
   <div class='ocr_carea' id='block_1_104' title="bbox 401 5378 1891 5452">
    <p class='ocr_par' dir='ltr' id='par_1_104' title="bbox 401 5378 1891 5452">
     <span class='ocr_line' id='line_1_105' title="bbox 401 5378 1891 5452; baseline 0 -16"><span class='ocrx_word' id='word_1_880' title='bbox 401 5381 514 5451; x_wconf 72' lang='lat'><strong>(26)</strong></span> <span class='ocrx_word' id='word_1_881' title='bbox 553 5379 613 5436; x_wconf 87' lang='lat' dir='ltr'><strong>In</strong></span> <span class='ocrx_word' id='word_1_882' title='bbox 653 5380 837 5452; x_wconf 82' lang='lat' dir='ltr'><strong>codice</strong></span> <span class='ocrx_word' id='word_1_883' title='bbox 875 5379 1044 5452; x_wconf 85' lang='lat' dir='ltr'><strong>Regio</strong></span> <span class='ocrx_word' id='word_1_884' title='bbox 1081 5379 1446 5452; x_wconf 70' lang='lat' dir='ltr'><strong>desideratur,</strong></span> <span class='ocrx_word' id='word_1_885' title='bbox 1483 5378 1641 5452; x_wconf 80' lang='grc' dir='ltr'>τοῦτο</span> <span class='ocrx_word' id='word_1_886' title='bbox 1676 5382 1891 5452; x_wconf 83' lang='grc' dir='ltr'>τρίτον,</span> 
     </span>
    </p>
   </div>
   <div class='ocr_carea' id='block_1_105' title="bbox 329 5449 1891 5533">
    <p class='ocr_par' dir='ltr' id='par_1_105' title="bbox 329 5449 1891 5533">
     <span class='ocr_line' id='line_1_106' title="bbox 329 5449 1891 5533; baseline 0.001 -29"><span class='ocrx_word' id='word_1_887' title='bbox 329 5449 509 5533; x_wconf 45' lang='grc' dir='ltr'>καῖ-ἐζ</span> <span class='ocrx_word' id='word_1_888' title='bbox 553 5452 627 5524; x_wconf 83' lang='grc' dir='ltr'>μὴ</span> <span class='ocrx_word' id='word_1_889' title='bbox 665 5451 932 5516; x_wconf 77' lang='grc' dir='ltr'>ἐξέκλινεν</span> <span class='ocrx_word' id='word_1_890' title='bbox 966 5449 1076 5504; x_wconf 73' lang='grc' dir='ltr'>ἀπ’</span> <span class='ocrx_word' id='word_1_891' title='bbox 1123 5449 1291 5520; x_wconf 84' lang='grc' dir='ltr'>ἐμοῦ,</span> <span class='ocrx_word' id='word_1_892' title='bbox 1339 5450 1434 5505; x_wconf 88' lang='lat' dir='ltr'><strong>sed</strong></span> <span class='ocrx_word' id='word_1_893' title='bbox 1480 5449 1781 5507; x_wconf 40' lang='lat' dir='ltr'><strong>restituit-ur</strong></span> <span class='ocrx_word' id='word_1_894' title='bbox 1827 5468 1891 5507; x_wconf 77' lang='lat' dir='ltr'><strong>ex</strong></span> 
     </span>
    </p>
   </div>
   <div class='ocr_carea' id='block_1_106' title="bbox 329 5521 1820 5663">
    <p class='ocr_par' dir='ltr' id='par_1_106' title="bbox 329 5521 1820 5663">
     <span class='ocr_line' id='line_1_107' title="bbox 329 5521 638 5576; baseline 0.01 -3"><span class='ocrx_word' id='word_1_895' title='bbox 329 5521 638 5576; x_wconf 81' lang='lat' dir='ltr'><strong>Bodleiano.</strong></span> 
     </span>
     <span class='ocr_line' id='line_1_108' title="bbox 405 5590 1820 5663; baseline 0 -19"><span class='ocrx_word' id='word_1_896' title='bbox 405 5592 516 5663; x_wconf 75' lang='lat'><strong>(27)</strong></span> <span class='ocrx_word' id='word_1_897' title='bbox 555 5592 733 5663; x_wconf 85' lang='lat' dir='ltr'><strong>Codex</strong></span> <span class='ocrx_word' id='word_1_898' title='bbox 769 5592 991 5663; x_wconf 84' lang='lat' dir='ltr'><strong>Regius,</strong></span> <span class='ocrx_word' id='word_1_899' title='bbox 1030 5606 1336 5663; x_wconf 73' lang='lat' dir='ltr'><strong>perperam,</strong></span> <span class='ocrx_word' id='word_1_900' title='bbox 1373 5590 1449 5660; x_wconf 86' lang='grc' dir='ltr'>τῷ</span> <span class='ocrx_word' id='word_1_901' title='bbox 1486 5591 1820 5663; x_wconf 59' lang='grc' dir='ltr'>Εὐάγγελεῳ.</span> 
     </span>
    </p>
   </div>
   <div class='ocr_carea' id='block_1_107' title="bbox 334 5661 1897 5794">
    <p class='ocr_par' dir='ltr' id='par_1_107' title="bbox 334 5661 1897 5794">
     <span class='ocr_line' id='line_1_109' title="bbox 334 5661 1897 5794; baseline 0.002 -81"><span class='ocrx_word' id='word_1_902' title='bbox 334 5662 516 5794; x_wconf 41' lang='lat' dir='ltr'><strong>ngf)</strong></span> <span class='ocrx_word' id='word_1_903' title='bbox 556 5661 779 5716; x_wconf 74' lang='grc' dir='ltr'>Βαλὰκ.</span> <span class='ocrx_word' id='word_1_904' title='bbox 814 5661 874 5717; x_wconf 71' lang='grc' dir='ltr'><strong>ιιι</strong></span> <span class='ocrx_word' id='word_1_905' title='bbox 905 5663 1026 5719; x_wconf 92' lang='lat' dir='ltr'><strong>cod.</strong></span> <span class='ocrx_word' id='word_1_906' title='bbox 1060 5662 1227 5734; x_wconf 80' lang='lat' dir='ltr'><strong>Regio</strong></span> <span class='ocrx_word' id='word_1_907' title='bbox 1258 5677 1533 5732; x_wconf 87' lang='lat' dir='ltr'><strong>perperam</strong></span> <span class='ocrx_word' id='word_1_908' title='bbox 1563 5662 1755 5748; x_wconf 83' lang='lat' dir='ltr'><strong>legitur</strong></span> <span class='ocrx_word' id='word_1_909' title='bbox 1791 5663 1897 5716; x_wconf 87' lang='lat' dir='ltr'><strong>Ba-</strong></span> 
     </span>
    </p>
   </div>
   <div class='ocr_carea' id='block_1_108' title="bbox 408 5797 1896 5874">
    <p class='ocr_par' dir='ltr' id='par_1_108' title="bbox 408 5797 1896 5874">
     <span class='ocr_line' id='line_1_110' title="bbox 408 5797 1896 5874; baseline 0.005 -24"><span class='ocrx_word' id='word_1_910' title='bbox 408 5797 520 5867; x_wconf 70' lang='grc'><strong>(29)</strong></span> <span class='ocrx_word' id='word_1_911' title='bbox 565 5800 635 5856; x_wconf 84' lang='grc' dir='ltr'><strong>Τὸ</strong></span> <span class='ocrx_word' id='word_1_912' title='bbox 671 5800 756 5855; x_wconf 86' lang='grc' dir='ltr'>δέ.</span> <span class='ocrx_word' id='word_1_913' title='bbox 802 5822 820 5854; x_wconf 80' lang='grc' dir='ltr'><strong>ι</strong></span> <span class='ocrx_word' id='word_1_914' title='bbox 880 5803 1164 5874; x_wconf 77' lang='grc' dir='ltr'>Ἐγενήθη</span> <span class='ocrx_word' id='word_1_915' title='bbox 1203 5801 1436 5872; x_wconf 80' lang='grc' dir='ltr'>πνεῦμα</span> <span class='ocrx_word' id='word_1_916' title='bbox 1474 5800 1622 5858; x_wconf 84' lang='grc' dir='ltr'>Θεοῦ</span> <span class='ocrx_word' id='word_1_917' title='bbox 1670 5802 1761 5856; x_wconf 82' lang='grc' dir='ltr'>ἐπ’</span> <span class='ocrx_word' id='word_1_918' title='bbox 1794 5803 1896 5857; x_wconf 86' lang='grc' dir='ltr'><strong>αὺ-</strong></span> 
     </span>
    </p>
   </div>
   <div class='ocr_carea' id='block_1_109' title="bbox 1995 5380 2548 5451">
    <p class='ocr_par' dir='ltr' id='par_1_109' title="bbox 1995 5380 2548 5451">
     <span class='ocr_line' id='line_1_111' title="bbox 1995 5380 2548 5451; baseline 0.002 -17"><span class='ocrx_word' id='word_1_919' title='bbox 1995 5380 2095 5446; x_wconf 83' lang='grc' dir='ltr'>τῷ,</span> <span class='ocrx_word' id='word_1_920' title='bbox 2129 5401 2148 5432; x_wconf 65' lang='lat'><strong>)</strong></span> <span class='ocrx_word' id='word_1_921' title='bbox 2178 5382 2548 5451; x_wconf 67' lang='grc' dir='ltr'>ὠϐελίσαμεν</span> 
     </span>
    </p>
   </div>
   <div class='ocr_carea' id='block_1_110' title="bbox 2017 4581 3561 4656">
    <p class='ocr_par' dir='ltr' id='par_1_110' title="bbox 2017 4581 3561 4656">
     <span class='ocr_line' id='line_1_112' title="bbox 2017 4581 3561 4656; baseline -0.002 -18"><span class='ocrx_word' id='word_1_922' title='bbox 2017 4583 2217 4656; x_wconf 79' lang='grc' dir='ltr'>Ἀχαὰ6</span> <span class='ocrx_word' id='word_1_923' title='bbox 2253 4583 2384 4654; x_wconf 75' lang='grc'><strong>(51),</strong></span> <span class='ocrx_word' id='word_1_924' title='bbox 2433 4582 2675 4645; x_wconf 82' lang='grc' dir='ltr'>εἰπόντος</span> <span class='ocrx_word' id='word_1_925' title='bbox 2703 4581 2908 4652; x_wconf 87' lang='grc' dir='ltr'>Κυρίου</span> <span class='ocrx_word' id='word_1_926' title='bbox 2928 4597 2944 4610; x_wconf 76' lang='grc' dir='ltr'><strong>ο</strong></span> <span class='ocrx_word' id='word_1_927' title='bbox 2997 4599 3016 4632; x_wconf 82' lang='grc' dir='ltr'><strong>ι</strong></span> <span class='ocrx_word' id='word_1_928' title='bbox 3046 4581 3140 4645; x_wconf 89' lang='grc' dir='ltr'>Τίς</span> <span class='ocrx_word' id='word_1_929' title='bbox 3187 4583 3456 4654; x_wconf 72' lang='grc' dir='ltr'>ἀπατήσει</span> <span class='ocrx_word' id='word_1_930' title='bbox 3483 4585 3561 4637; x_wconf 72' lang='grc' dir='ltr'>τὸν</span> 
     </span>
    </p>
   </div>
   <div class='ocr_carea' id='block_1_111' title="bbox 2013 4671 3558 4745">
    <p class='ocr_par' dir='ltr' id='par_1_111' title="bbox 2013 4671 3558 4745">
     <span class='ocr_line' id='line_1_113' title="bbox 2013 4671 3558 4745; baseline -0.003 -15"><span class='ocrx_word' id='word_1_931' title='bbox 2013 4676 2243 4745; x_wconf 85' lang='grc' dir='ltr'>Ἀχαά6;</span> <span class='ocrx_word' id='word_1_932' title='bbox 2275 4695 2290 4725; x_wconf 85' lang='grc' dir='ltr'><strong>ι</strong></span> <span class='ocrx_word' id='word_1_933' title='bbox 2349 4674 2443 4726; x_wconf 77' lang='grc' dir='ltr'><strong>καὶ</strong></span> <span class='ocrx_word' id='word_1_934' title='bbox 2471 4672 2777 4737; x_wconf 77' lang='grc' dir='ltr'>ἐξελθόντος</span> <span class='ocrx_word' id='word_1_935' title='bbox 2829 4671 3137 4743; x_wconf 84' lang='grc' dir='ltr'>πνεύματος</span> <span class='ocrx_word' id='word_1_936' title='bbox 3180 4674 3429 4743; x_wconf 71' lang='grc' dir='ltr'>ψευδοῦς,</span> <span class='ocrx_word' id='word_1_937' title='bbox 3476 4675 3558 4729; x_wconf 75' lang='grc' dir='ltr'><strong>καὶ</strong></span> 
     </span>
    </p>
   </div>
   <div class='ocr_carea' id='block_1_112' title="bbox 1999 4761 3556 4834">
    <p class='ocr_par' dir='ltr' id='par_1_112' title="bbox 1999 4761 3556 4834">
     <span class='ocr_line' id='line_1_114' title="bbox 1999 4761 3556 4834; baseline 0.001 -18"><span class='ocrx_word' id='word_1_938' title='bbox 1999 4764 2242 4828; x_wconf 75' lang='grc' dir='ltr'>εἰπόντος</span> <span class='ocrx_word' id='word_1_939' title='bbox 2263 4780 2275 4793; x_wconf 87' lang='grc'><strong>·</strong></span> <span class='ocrx_word' id='word_1_940' title='bbox 2315 4783 2332 4813; x_wconf 83' lang='grc' dir='ltr'><strong>ι</strong></span> <span class='ocrx_word' id='word_1_941' title='bbox 2358 4762 2496 4831; x_wconf 82' lang='grc' dir='ltr'>Ἐγὼ</span> <span class='ocrx_word' id='word_1_942' title='bbox 2529 4763 2812 4832; x_wconf 86' lang='grc' dir='ltr'>ἀπατήσω.</span> <span class='ocrx_word' id='word_1_943' title='bbox 2842 4781 2859 4812; x_wconf 73' lang='grc' dir='ltr'><strong>ι</strong></span> <span class='ocrx_word' id='word_1_944' title='bbox 2898 4761 3082 4816; x_wconf 85' lang='grc' dir='ltr'>Ταῦτα</span> <span class='ocrx_word' id='word_1_945' title='bbox 3109 4765 3206 4834; x_wconf 83' lang='grc' dir='ltr'><strong>μὲν</strong></span> <span class='ocrx_word' id='word_1_946' title='bbox 3231 4761 3325 4817; x_wconf 76' lang='grc' dir='ltr'><strong>οὖν</strong></span> <span class='ocrx_word' id='word_1_947' title='bbox 3349 4768 3426 4829; x_wconf 82' lang='grc' dir='ltr'><strong>εἰς</strong></span> <span class='ocrx_word' id='word_1_948' title='bbox 3449 4767 3556 4827; x_wconf 72' lang='grc' dir='ltr'>τοὺς</span> 
     </span>
    </p>
   </div>
   <div class='ocr_carea' id='block_1_113' title="bbox 1997 4854 3554 4927">
    <p class='ocr_par' dir='ltr' id='par_1_113' title="bbox 1997 4854 3554 4927">
     <span class='ocr_line' id='line_1_115' title="bbox 1997 4854 3554 4927; baseline -0.001 -17"><span class='ocrx_word' id='word_1_949' title='bbox 1997 4859 2193 4920; x_wconf 90' lang='grc' dir='ltr'>τόπους</span> <span class='ocrx_word' id='word_1_950' title='bbox 2242 4855 2542 4927; x_wconf 76' lang='grc' dir='ltr'>ἐζητήσθω,</span> <span class='ocrx_word' id='word_1_951' title='bbox 2589 4854 2888 4923; x_wconf 81' lang='grc' dir='ltr'>δυναμένου</span> <span class='ocrx_word' id='word_1_952' title='bbox 2937 4855 3078 4916; x_wconf 81' lang='grc' dir='ltr'>τινὸς</span> <span class='ocrx_word' id='word_1_953' title='bbox 3127 4857 3218 4925; x_wconf 77' lang='grc' dir='ltr'><strong>ἀφ’</strong></span> <span class='ocrx_word' id='word_1_954' title='bbox 3271 4857 3460 4911; x_wconf 86' lang='grc' dir='ltr'>ἐαυτοῦ</span> <span class='ocrx_word' id='word_1_955' title='bbox 3497 4859 3554 4909; x_wconf 78' lang='grc' dir='ltr'>τὰ</span> 
     </span>
    </p>
   </div>
   <div class='ocr_carea' id='block_1_114' title="bbox 1998 4945 3551 5020">
    <p class='ocr_par' dir='ltr' id='par_1_114' title="bbox 1998 4945 3551 5020">
     <span class='ocr_line' id='line_1_116' title="bbox 1998 4945 3551 5020; baseline -0.003 -16"><span class='ocrx_word' id='word_1_956' title='bbox 1998 4948 2265 5004; x_wconf 87' lang='grc' dir='ltr'>ἀκόλουθα</span> <span class='ocrx_word' id='word_1_957' title='bbox 2291 4949 2403 5010; x_wconf 84' lang='grc' dir='ltr'>τοῖς</span> <span class='ocrx_word' id='word_1_958' title='bbox 2443 4945 2707 5000; x_wconf 87' lang='grc' dir='ltr'>ἐκτεθεῖσι</span> <span class='ocrx_word' id='word_1_959' title='bbox 2760 4947 2943 5017; x_wconf 79' lang='grc' dir='ltr'>ῥητοῖς</span> <span class='ocrx_word' id='word_1_960' title='bbox 2998 4948 3267 5018; x_wconf 85' lang='grc' dir='ltr'>σκοπῆσαι</span> <span class='ocrx_word' id='word_1_961' title='bbox 3303 4949 3551 5020; x_wconf 77' lang='grc' dir='ltr'>περὶτοῦ.</span> 
     </span>
    </p>
   </div>
   <div class='ocr_carea' id='block_1_115' title="bbox 2000 5039 3547 5110">
    <p class='ocr_par' dir='ltr' id='par_1_115' title="bbox 2000 5039 3547 5110">
     <span class='ocr_line' id='line_1_117' title="bbox 2000 5039 3547 5110; baseline -0.002 -15"><span class='ocrx_word' id='word_1_962' title='bbox 2000 5041 2115 5106; x_wconf 85' lang='grc' dir='ltr'><strong>πῶς</strong></span> <span class='ocrx_word' id='word_1_963' title='bbox 2146 5041 2546 5110; x_wconf 80' lang='grc' dir='ltr'>προεφήτευσεν</span> <span class='ocrx_word' id='word_1_964' title='bbox 2578 5041 2606 5092; x_wconf 90' lang='lat'><strong>6</strong></span> <span class='ocrx_word' id='word_1_965' title='bbox 2636 5039 2908 5107; x_wconf 86' lang='grc' dir='ltr'>Καϊάφας.</span> <span class='ocrx_word' id='word_1_966' title='bbox 2940 5039 3167 5110; x_wconf 83' lang='grc' dir='ltr'>Μήποτε</span> <span class='ocrx_word' id='word_1_967' title='bbox 3197 5040 3252 5093; x_wconf 85' lang='grc' dir='ltr'><strong>δὲ</strong></span> <span class='ocrx_word' id='word_1_968' title='bbox 3281 5042 3375 5094; x_wconf 71' lang='grc' dir='ltr'>καὶ</span> <span class='ocrx_word' id='word_1_969' title='bbox 3402 5041 3547 5094; x_wconf 78' lang='grc' dir='ltr'>ταῦτα</span> 
     </span>
    </p>
   </div>
   <div class='ocr_carea' id='block_1_116' title="bbox 2063 5173 3545 5243">
    <p class='ocr_par' dir='ltr' id='par_1_116' title="bbox 2063 5173 3545 5243">
     <span class='ocr_line' id='line_1_118' title="bbox 2063 5173 3545 5243; baseline -0.002 -10"><span class='ocrx_word' id='word_1_970' title='bbox 2063 5183 2107 5213; x_wconf 67' lang='grc'><strong><em>⁸⁵</em></strong></span> <span class='ocrx_word' id='word_1_971' title='bbox 2137 5179 2293 5233; x_wconf 85' lang='lat' dir='ltr'><strong>Num.</strong></span> <span class='ocrx_word' id='word_1_972' title='bbox 2322 5191 2476 5238; x_wconf 68' lang='grc' dir='ltr'>χχιιι,</span> <span class='ocrx_word' id='word_1_973' title='bbox 2504 5176 2562 5240; x_wconf 71' lang='grc'>4,</span> <span class='ocrx_word' id='word_1_974' title='bbox 2584 5174 2639 5231; x_wconf 84' lang='grc'>5.</span> <span class='ocrx_word' id='word_1_975' title='bbox 2743 5173 2790 5205; x_wconf 66' lang='grc'><strong>⁸⁸</strong></span> <span class='ocrx_word' id='word_1_976' title='bbox 2818 5173 2977 5228; x_wconf 82' lang='grc' dir='ltr'>Νυιη.</span> <span class='ocrx_word' id='word_1_977' title='bbox 2999 5190 3139 5242; x_wconf 77' lang='lat' dir='ltr'><strong>uti,</strong></span> <span class='ocrx_word' id='word_1_978' title='bbox 3166 5175 3256 5230; x_wconf 80' lang='lat'><strong>55.</strong></span> <span class='ocrx_word' id='word_1_979' title='bbox 3333 5179 3376 5210; x_wconf 76' lang='grc'><strong>⁸⁷</strong></span> <span class='ocrx_word' id='word_1_980' title='bbox 3408 5178 3545 5243; x_wconf 83' lang='lat' dir='ltr'><strong>Num.</strong></span> 
     </span>
    </p>
   </div>
   <div class='ocr_carea' id='block_1_117' title="bbox 2553 5382 3543 5454">
    <p class='ocr_par' dir='ltr' id='par_1_117' title="bbox 2553 5382 3543 5454">
     <span class='ocr_line' id='line_1_119' title="bbox 2553 5382 3543 5454; baseline -0.025 2"><span class='ocrx_word' id='word_1_981' title='bbox 2553 5424 2565 5436; x_wconf 88' lang='lat'><strong>-</strong></span> <span class='ocrx_word' id='word_1_982' title='bbox 2597 5382 2771 5454; x_wconf 58' lang='lat' dir='ltr'><strong>Verba</strong></span> <span class='ocrx_word' id='word_1_983' title='bbox 2811 5384 2927 5438; x_wconf 63' lang='lat' dir='ltr'><strong>haec</strong></span> <span class='ocrx_word' id='word_1_984' title='bbox 2961 5384 3311 5454; x_wconf 84' lang='lat' dir='ltr'><strong>reperiuntur</strong></span> <span class='ocrx_word' id='word_1_985' title='bbox 3350 5385 3400 5437; x_wconf 92' lang='lat' dir='ltr'><strong>in</strong></span> <span class='ocrx_word' id='word_1_986' title='bbox 3435 5385 3543 5434; x_wconf 73' lang='lat' dir='ltr'><strong>Aie-</strong></span> 
     </span>
    </p>
   </div>
   <div class='ocr_carea' id='block_1_118' title="bbox 1998 5451 3541 5510">
    <p class='ocr_par' dir='ltr' id='par_1_118' title="bbox 1998 5451 3541 5510">
     <span class='ocr_line' id='line_1_120' title="bbox 1998 5451 3541 5510; baseline -0.001 -5"><span class='ocrx_word' id='word_1_987' title='bbox 1998 5451 2258 5505; x_wconf 82' lang='lat' dir='ltr'><strong>xandrino</strong></span> <span class='ocrx_word' id='word_1_988' title='bbox 2296 5453 2478 5506; x_wconf 88' lang='lat' dir='ltr'><strong>codice</strong></span> <span class='ocrx_word' id='word_1_989' title='bbox 2515 5462 2569 5506; x_wconf 89' lang='lat' dir='ltr'><strong>et</strong></span> <span class='ocrx_word' id='word_1_990' title='bbox 2615 5451 2819 5507; x_wconf 85' lang='lat' dir='ltr'><strong>Sixtina</strong></span> <span class='ocrx_word' id='word_1_991' title='bbox 2843 5451 3092 5508; x_wconf 83' lang='lat' dir='ltr'><strong>.editione</strong></span> <span class='ocrx_word' id='word_1_992' title='bbox 3135 5473 3147 5507; x_wconf 92' lang='lat'><strong>:</strong></span> <span class='ocrx_word' id='word_1_993' title='bbox 3188 5455 3541 5510; x_wconf 86' lang='lat' dir='ltr'><strong>desiderantur</strong></span> 
     </span>
    </p>
   </div>
   <div class='ocr_carea' id='block_1_119' title="bbox 1999 5521 3542 5597">
    <p class='ocr_par' dir='ltr' id='par_1_119' title="bbox 1999 5521 3542 5597">
     <span class='ocr_line' id='line_1_121' title="bbox 1999 5521 3542 5597; baseline -0.001 -22"><span class='ocrx_word' id='word_1_994' title='bbox 1999 5521 2052 5575; x_wconf 93' lang='lat' dir='ltr'><strong>in</strong></span> <span class='ocrx_word' id='word_1_995' title='bbox 2084 5521 2466 5597; x_wconf 71' lang='lat' dir='ltr'><strong>complutensi,</strong></span> <span class='ocrx_word' id='word_1_996' title='bbox 2500 5523 2639 5597; x_wconf 84' lang='lat' dir='ltr'><strong>ut__in</strong></span> <span class='ocrx_word' id='word_1_997' title='bbox 2681 5523 2943 5597; x_wconf 78' lang='lat' dir='ltr'><strong>llebraico</strong></span> <span class='ocrx_word' id='word_1_998' title='bbox 2971 5526 3293 5597; x_wconf 65' lang='lat' dir='ltr'><strong>archetypo,</strong></span> <span class='ocrx_word' id='word_1_999' title='bbox 3320 5521 3542 5594; x_wconf 89' lang='lat' dir='ltr'><strong>reliquis-</strong></span> 
     </span>
    </p>
   </div>
   <div class='ocr_carea' id='block_1_120' title="bbox 1998 5591 3140 5661">
    <p class='ocr_par' dir='ltr' id='par_1_120' title="bbox 1998 5591 3140 5661">
     <span class='ocr_line' id='line_1_122' title="bbox 1998 5591 3140 5661; baseline 0.004 -17"><span class='ocrx_word' id='word_1_1000' title='bbox 1998 5606 2102 5661; x_wconf 91' lang='lat' dir='ltr'><strong>que</strong></span> <span class='ocrx_word' id='word_1_1001' title='bbox 2135 5591 2664 5661; x_wconf 80' lang='lat' dir='ltr'><strong>interpretationibus</strong></span> <span class='ocrx_word' id='word_1_1002' title='bbox 2691 5595 2843 5660; x_wconf 86' lang='lat' dir='ltr'><strong>plane</strong></span> <span class='ocrx_word' id='word_1_1003' title='bbox 2869 5595 3140 5649; x_wconf 90' lang='lat' dir='ltr'><strong>omnibus.</strong></span> 
     </span>
    </p>
   </div>
   <div class='ocr_carea' id='block_1_121' title="bbox 1997 5660 3539 5782">
    <p class='ocr_par' dir='ltr' id='par_1_121' title="bbox 1997 5660 3539 5782">
     <span class='ocr_line' id='line_1_123' title="bbox 1997 5660 3539 5782; baseline -0.014 -56"><span class='ocrx_word' id='word_1_1004' title='bbox 1997 5660 2182 5782; x_wconf 41' lang='lat' dir='ltr'><strong>M210.)</strong></span> <span class='ocrx_word' id='word_1_1005' title='bbox 2224 5660 2444 5715; x_wconf 79' lang='grc' dir='ltr'>Βαλᾶκ.</span> <span class='ocrx_word' id='word_1_1006' title='bbox 2484 5663 2543 5716; x_wconf 88' lang='lat' dir='ltr'><strong>In</strong></span> <span class='ocrx_word' id='word_1_1007' title='bbox 2581 5663 2764 5717; x_wconf 90' lang='lat' dir='ltr'><strong>codice</strong></span> <span class='ocrx_word' id='word_1_1008' title='bbox 2815 5665 2986 5737; x_wconf 79' lang='lat' dir='ltr'><strong>Regio</strong></span> <span class='ocrx_word' id='word_1_1009' title='bbox 3024 5667 3164 5722; x_wconf 88' lang='lat' dir='ltr'><strong>male</strong></span> <span class='ocrx_word' id='word_1_1010' title='bbox 3216 5666 3406 5739; x_wconf 63' lang='lat' dir='ltr'><strong>legitur</strong></span> <span class='ocrx_word' id='word_1_1011' title='bbox 3446 5663 3539 5714; x_wconf 80' lang='grc' dir='ltr'><strong>Βα-</strong></span> 
     </span>
    </p>
   </div>
   <div class='ocr_carea' id='block_1_122' title="bbox 2031 5749 2166 5784">
    <p class='ocr_par' dir='ltr' id='par_1_122' title="bbox 2031 5749 2166 5784">
     <span class='ocr_line' id='line_1_124' title="bbox 2031 5749 2166 5784; baseline -0.015 0"><span class='ocrx_word' id='word_1_1012' title='bbox 2031 5749 2166 5784; x_wconf 78' lang='grc' dir='ltr'>ααιι..</span> 
     </span>
    </p>
   </div>
   <div class='ocr_carea' id='block_1_123' title="bbox 2071 5748 2920 5875">
    <p class='ocr_par' dir='ltr' id='par_1_123' title="bbox 2071 5748 2920 5875">
     <span class='ocr_line' id='line_1_125' title="bbox 2071 5748 2920 5875; baseline 0.002 -18"><span class='ocrx_word' id='word_1_1013' title='bbox 2071 5748 2182 5872; x_wconf 50' lang='lat' dir='ltr'><strong>gl.)</strong></span> <span class='ocrx_word' id='word_1_1014' title='bbox 2220 5799 2396 5858; x_wconf 84' lang='lat' dir='ltr'><strong>Codex</strong></span> <span class='ocrx_word' id='word_1_1015' title='bbox 2436 5801 2649 5875; x_wconf 76' lang='lat' dir='ltr'><strong>Regius,</strong></span> <span class='ocrx_word' id='word_1_1016' title='bbox 2691 5803 2920 5875; x_wconf 83' lang='grc' dir='ltr'>Ἀχαάμ.</span> 
     </span>
    </p>
   </div>
  </div>
