3712 6138
71 376 166 432 71⁵1

1045 377 1405 434 COMMENT.
1442 378 1510 434 IN
1547 373 1737 434 JOAN.
1774 374 2014 432 TOMUS
2051 373 2289 431 XXVIII.

3195 374 3296 433 718

70 499 144 563 εἰς
163 496 263 570 τὴν
290 497 625 570 προφητείαν
653 497 814 553 αὑτοῦ
842 497 1078 565 λεκτέον,
1108 500 1212 566 ὅτι,
1238 499 1359 554 ἐπεὶ
1392 500 1465 572 μὴ
1488 500 1640 570 ἆγιος

1837 500 1876 554 le
1901 513 2031 554 vero
2061 514 2128 553 an
2167 497 2309 552 forte
2352 498 2466 552 haec
2495 495 2656 552 etiam
2688 494 2913 553 dicenda
2942 497 3049 553 sint
3076 497 3142 554 de
3169 514 3297 569 pro-

69 585 152 659 ἧν,
188 590 240 642 εἰ
273 589 367 642 καὶ
406 589 831 661 προεφήτευσεν,
861 590 974 643 ἀλλ’
1013 591 1113 644 οὐκ
1145 590 1253 645 ἀπὸ
1285 591 1634 664 ἐμπνεύσεως

71 680 377 753 [Ινεύματος
419 683 576 750 ἁγίου
607 684 1010 754 προεφήτευσεν
1038 683 1171 756 (52).
1219 685 1425 756 Ὥσπερ
1451 685 1508 738 δὲ
1543 684 1637 755 ζη-

70 777 273 846 τήσεως
305 771 454 839 ἄξιόν
484 777 623 839 ἐστι,
654 775 770 839 πῶς
797 778 1168 848 προεφήτευσε
1191 777 1465 848 Καϊάφας,
1495 777 1636 830 οὕτω

71 867 157 920 καὶ
182 869 240 920 ἐν
278 868 344 937 τῇ
388 865 581 938 πρώτῃ
610 865 718 920 τῶν
747 866 1042 920 Βασιλειῶν
1075 867 1350 940 ζητήσεις,
1378 867 1496 930 πῶς
1524 866 1635 938 (55)

70 959 476 1030 προεφήτευσαν
519 959 570 1010 οἱ
610 949 832 1027 ἀγγελεῖ
869 959 962 1012 τοῦ
1009 959 1181 1014 Σαοὺλ
1226 960 1506 1022 σταλέντες
1547 957 1638 1012 ἐπὶ

69 1049 154 1102 τὸν
182 1049 366 1114 Δαϐῒδ,
395 1049 488 1103 καὶ
523 1050 638 1120 μετ’
664 1049 857 1114 αὐτοὺς
889 1051 918 1103 ὁ
940 1050 1128 1106 Σαούλ.
1159 1050 1473 1124 Γέγραπται
1499 1050 1635 1122 γάρ⁸

73 1157 91 1189 ι
109 1138 216 1192 Καὶ
240 1139 525 1210 ἀπηγγέλη
552 1138 628 1210 τῷ
651 1139 842 1205 Σαοὺλ,
867 1139 1114 1211 λέγοντες
1135 1157 1148 1170 ·
1185 1141 1315 1195 Ἰδοὺ
1336 1139 1500 1193 Δαυῖδ
1526 1139 1638 1212 (54)

69 1229 141 1291 είς
170 1227 326 1282 Δύὼθ
374 1231 432 1284 ἐν
477 1229 674 1302 Ῥαμᾷ.
709 1232 820 1286 Καὶ
851 1231 1138 1300 ἀπέστειλε
1177 1230 1350 1286 Σαοὺλ
1377 1230 1642 1300 ἀγγέλους

69 1315 246 1371 λαϐεῖν
271 1317 364 1372 τὸν
386 1318 567 1377 Δαυῖδ,
590 1320 684 1373 καὶ
705 1319 917 1375 εἴδοσαν
940 1321 1037 1393 τὴν
1063 1321 1353 1392 ἐκκλησίαν
1377 1320 1486 1376 τῶν
1516 1337 1644 1391 προ-

71 1409 270 1479 φητῶν,
292 1410 390 1462 καὶ
415 1409 665 1483 Σαμουὴλ
685 1412 923 1484 εἱστήκει
949 1411 1302 1484 καθεστηκὼς
1324 1413 1411 1466 ἐπ’
1433 1412 1639 1466 αὐτῶν

71 1503 161 1556 καὶ
188 1502 420 1575 ἐγενήθη
467 1503 563 1558 ἐπὶ
599 1505 723 1569 τοὺς
769 1505 1032 1574 ἀγγέλους
1069 1505 1241 1559 Σαοὺλ
1288 1504 1506 1575 πνεῦμα
1532 1506 1644 1559 Κυ-

73 1593 207 1664 ρίου,
238 1592 334 1646 καὶ
368 1594 776 1666 προεφήτευσαν
803 1593 897 1648 καὶ
923 1593 1096 1647 αὐτοί.
1126 1593 1237 1648 Καὶ
1265 1592 1548 1664 ἀπηγγέλη
1567 1592 1644 1665 τῷ

73 1681 256 1746 Σαοὺλ,
285 1684 380 1739 καὶ
412 1685 732 1738 ἀπέστειλεν
779 1682 1044 1752 ἀγγέλους
1093 1684 1332 1756 ἐτέρους,
1375 1686 1469 1740 καὶ
1506 1703 1643 1758 προ-

72 1774 372 1844 εφήτευσαν
398 1777 492 1831 καὶ
521 1777 695 1833 αὐτοί.
723 1776 836 1829 Καὶ
865 1775 1120 1848 ἐθυμώθη
1148 1777 1282 1849 ὀργῇ
1311 1777 1505 1844 Σαοὺλ,
1549 1779 1643 1833 καὶ

1735 591 1918 659 plietia
1943 590 2082 660 ejus,
2113 589 2370 659 quoniam
2397 604 2503 644 non
2531 599 2751 646 sanctus
2773 600 2910 654 erat,
2935 591 3144 648 etiamsi
3175 607 3300 662 pro-

1737 681 1998 750 phetarit,
2030 695 2136 735 non
2176 691 2355 736 tamen
2389 695 2455 737 ex
2481 681 2659 736 amatu
2701 681 2934 752 Spiritus
2969 686 3139 739 sancti
3171 701 3302 757 pro-

1737 770 1990 840 phetasse
2023 771 2344 841 Caiapham.
2369 770 2440 826 Ut
2472 781 2649 826 autem
2680 773 2909 842 qumsitu
2938 774 3157 845 dignum
3194 789 3300 844 est,

1739 861 2014 930 quomodo
2049 863 2462 931 prophetaverit
2488 861 2777 933 Caiaphas,
2807 865 2886 919 sic
2917 866 3079 920 etiam
3111 866 3164 921 in
3191 869 3302 938 pri-

1740 968 1829 1007 mo
1875 953 2082 1024 Regum
2135 969 2367 1024 quaeres,
2413 956 2683 1024 quomodo
2721 958 3096 1025 prophetarint
3129 959 3302 1014 nuntii

1743 1045 1924 1101 Saulis
1952 1045 2102 1101 missi
2137 1048 2202 1100 ad
2232 1046 2512 1113 Davidem,
2539 1056 2594 1102 et
2623 1058 2744 1118 post
2785 1053 2933 1120 Ipsos
2966 1049 3119 1106 Saul.
3152 1052 3305 1106 Scri-

1740 1149 1891 1210 ptum
1937 1147 2022 1195 est
2055 1139 2198 1193 enim
2225 1139 2269 1170 ’ί
2301 1158 2315 1194 :
2350 1157 2370 1191 ι
2394 1140 2459 1194 Ει
2495 1142 2798 1195 nuntiatum
2848 1152 2932 1198 est
2961 1142 3109 1198 Sauli
3152 1144 3305 1200 hisce

1742 1229 1926 1284 verbis
1954 1245 1968 1284 :
2000 1228 2142 1284 Ecce
2173 1229 2342 1284 David
2372 1239 2455 1285 est
2488 1231 2540 1284 in
2567 1231 2762 1299 Avoth,
2798 1233 2850 1286 in
2881 1232 3075 1288 Rama.
3103 1233 3170 1288 Et
3199 1235 3304 1288 mi-

1741 1320 1813 1374 sit
1845 1318 1976 1374 Saul
2013 1321 2230 1376 nuntios
2259 1321 2351 1390 qui
2385 1323 2714 1377 adducerent
2765 1323 3041 1388 Davidem,
3074 1334 3128 1379 et
3155 1325 3305 1378 vide-

1744 1422 1869 1467 runt
1911 1427 2138 1467 cuneum
2180 1413 2586 1483 prophetarum,
2625 1423 2680 1468 et
2730 1416 3034 1470 Samuelem
3073 1425 3304 1473 stantem

1745 1503 2048 1558 antistitem
2082 1519 2248 1574 super
2276 1519 2373 1559 eos
2402 1519 2417 1571 ;
2449 1503 2734 1574 factusque
2766 1515 2847 1560 est
2877 1506 3099 1576 spiritus
3126 1508 3309 1564 Domi-

1747 1597 1801 1651 ni
1854 1611 2017 1668 super
2061 1597 2283 1652 nuntios
2322 1596 2516 1661 Saulis,
2567 1605 2626 1650 ut
2667 1609 2722 1653 et
2765 1599 2864 1669 ipsi
2905 1601 3306 1670 prophetarent.

1747 1672 2174 1756 Nuntiatumque
2207 1696 2291 1742 est
2333 1687 2502 1752 Sauli,
2536 1687 2693 1758 391
2739 1699 2794 1744 et
2825 1690 2972 1744 misit
3007 1692 3141 1747 alios
3173 1710 3310 1748 nun-

1748 1778 1874 1842 tios,
1908 1776 1999 1846 qui
2028 1777 2190 1832 etiam
2231 1777 2330 1846 ipsi
2362 1779 2775 1848 prophetarunt.
2807 1777 2873 1833 Et
2902 1780 3195 1834 excanduit
3229 1782 3308 1835 ira

71 1843 331 1935 ἐπορεύθη
362 1867 441 1929 εἰς
474 1863 807 1937 Ἀρμαθαῖμ,
843 1865 937 1916 καὶ
967 1843 1192 1935 ἔρχεται.
1349 1864 1443 1918 τοῦ
1474 1865 1644 1938 φρέα-

1837 1869 1897 1935 tl,
1924 1843 2322 1938 concessitque
2362 1843 2530 1924 etiam
2574 1882 2690 1937 Ipse
2734 1869 2789 1925 in
2841 1871 3227 1938 Armathaaam,
3256 1882 3312 1928 et

71 1970 154 2018 τος
181 1955 274 2008 τοῦ
298 1958 558 2027 μεγάλου,
580 1957 672 2010 καὶ
694 1959 751 2010 ἐν
770 1945 836 2029 τῇ
863 1957 968 2030 ὁδῷ
1010 1958 1089 2021 είς
1125 1958 1365 2026 Σωφεὶμ·
1402 1958 1498 2011 κα)⁴
1549 1959 1646 2011 ἐπο

70 2047 337 2121 ηρώτησε,
366 2051 460 2104 καὶ
492 2046 632 2103 εἷπε*
658 2049 768 2104 Ποῦ
801 2050 1071 2122 Σαμουὴλ,
1097 2051 1191 2104 καὶ
1213 2050 1406 2116 Δαϐίδ;
1436 2050 1546 2103 Καὶ
1570 2045 1646 2104 εί-

71 2157 162 2194 πον
190 2141 304 2212 (55)
329 2158 345 2172 ⁸
412 2143 541 2196 Ἰδοὺ
585 2143 663 2207 είς
707 2141 861 2197 Αύὼθ
897 2145 954 2197 ἐν
1003 2144 1198 2216 Ῥαμᾷ.
1239 2144 1348 2199 Καὶ
1378 2143 1645 2217 ἐπορεύθη

74 2232 273 2286 ἐκεῖθεν
302 2235 387 2298 εἰς
406 2234 563 2288 Αὐὼθ
590 2237 648 2289 ἐν
678 2235 854 2307 Ῥαμᾷ
875 2235 1016 2307 (56)·
1054 2236 1149 2290 καὶ
1180 2236 1409 2308 ἐγενήθη
1436 2237 1522 2290 ἐπ’
1550 2235 1647 2290 αὒ-

72 2325 156 2380 τὺν
197 2326 424 2397 πνεῦμα
451 2326 606 2393 Θεοῦ,
653 2328 746 2381 καὶ
784 2327 1075 2400 ἐπορεύετο
1122 2328 1501 2399 πορευόμενος,
1552 2329 1648 2382 καὶ

77 2417 451 2489 προφητεύων,
483 2419 587 2483 ἕως
607 2419 778 2474 ἐλθὼν
800 2423 881 2484 είς
903 2420 1060 2475 Αύὼθ
1087 2423 1145 2476 ἐν
1182 2424 1391 2495 Ῥαμᾷ·
1428 2425 1522 2478 καὶ
1562 2421 1648 2489 ἐξ·

79 2505 294 2562 εδύσατο
327 2507 400 2562 τὰ
430 2509 621 2581 ἱμάτια
647 2510 835 2580 αὐτοῦ,
867 2513 962 2566 καὶ
987 2515 1391 2586 προεφήτευσεν
1419 2514 1648 2570 ἐνώπιον

79 2599 355 2673 Σαμουὴλ·
393 2601 488 2656 καὶ
518 2602 681 2657 ἔπεσε
731 2603 937 2676 γυμνὸς
980 2605 1108 2678 ὅλην
1143 2607 1242 2678 τὴν
1268 2606 1480 2679 ἡμέραν
1508 2606 1650 2661 ἐκεί-

81 2706 193 2762 νην,
218 2692 313 2744 καὶ
357 2691 489 2764 ὅλην
524 2694 624 2766 τὴν
667 2694 856 2750 νύκτα.
899 2697 998 2750 Διά
1030 2698 1188 2752 τοῦτο
1220 2697 1400 2768 ἔλεγον
1422 2715 1437 2730 ·
1465 2700 1528 2752 Et
1557 2699 1651 2752 καὶ

85 2781 244 2836 Σαοὺλ
275 2783 334 2838 ἐν
366 2787 712 2858 προφήταις;
743 2805 762 2840 ›
825 2788 1159 2857 Ἀναγκαίως
1209 2789 1268 2843 δὲ
1312 2789 1517 2861 νομίζω
1557 2789 1652 2844 καὶ

84 2871 246 2928 ταῦτα
279 2877 708 2948 παρατεθεῖσθαι
741 2878 878 2952 ὑπὲρ
909 2879 1002 2933 τοῦ
1033 2881 1266 2952 φανῆναι
1314 2881 1433 2944 πῶς
1475 2882 1654 2954 ἀμαρ-

82 2965 232 3020 τωλο).
251 2968 680 3040 προφητεύουσι,
702 2971 795 3024 καὶ
813 2970 941 3024 πότε
950 2989 1038 3044 ρον
1061 2973 1120 3036 ἐξ
1141 2973 1295 3040 ἁγίου
1316 2972 1650 3044 Πνεύματος,

85 3055 116 3127 ἢ
149 3057 244 3113 ἀπὸ
269 3059 441 3131 ἄλλης
467 3061 766 3132 δυνάμεως,
795 3063 918 3116 ὅσον
939 3077 1003 3131 γε
1033 3063 1126 3116 ἐπὶ
1153 3063 1230 3134 τῷ
1263 3068 1558 3137 μαρτυρεῖν
1584 3067 1652 3137 τῇ

1745 1965 1894 2018 venit
1929 1976 2104 2031 usque
2152 1961 2220 2016 ad
2261 1969 2478 2031 puteum
2526 1977 2802 2032 magnum,
2827 1970 2883 2016 et
2926 1963 2991 2015 ad
3019 1963 3161 2016 viam
3190 1979 3311 2034 quae

1746 2064 1833 2110 est
1889 2055 1942 2110 in
1993 2053 2264 2120 Sophem;
2315 2059 2371 2108 et
2412 2053 2753 2124 interrogans
2797 2054 2870 2108 ait
2907 2071 2922 2109 :
2955 2053 3056 2111 Ubi
3092 2066 3175 2111 est
3211 2057 3310 2110 Sn-

1747 2147 1916 2215 muel,
1968 2155 2025 2203 et
2064 2145 2268 2202 David?
2307 2144 2377 2200 Et
2425 2145 2722 2201 dixerunt:
2753 2147 2892 2202 Ecce
2935 2147 2988 2201 in
3036 2147 3211 2202 Avotb
3255 2148 3310 2204 in

1748 2239 1938 2295 Ratna.
1972 2239 2038 2294 Et
2060 2239 2308 2294 concedit
2329 2237 2478 2293 illinc
2505 2237 2556 2292 in
2575 2236 2750 2292 Avoth
2780 2237 2834 2292 in
2867 2237 3035 2292 Rama
3065 2255 3078 2290 :
3103 2238 3310 2294 factus-

1748 2345 1854 2403 que
1892 2340 1976 2386 est
2007 2331 2233 2400 spiritus
2271 2329 2480 2386 Domini
2515 2342 2678 2398 super
2707 2342 2851 2393 eum,
2881 2339 2937 2384 et
2969 2330 3149 2385 eundo
3177 2331 3310 2397 ibat,

1747 2433 1913 2493 atque
1957 2421 2341 2493 prophetabat,
2378 2421 2553 2476 donec
2599 2435 2722 2475 cum
2772 2422 3011 2477 venisset
3055 2421 3108 2476 in
3133 2423 3312 2480 Avoth

1750 2517 1803 2570 in
1837 2515 2027 2582 Rama,
2055 2514 2236 2571 exutis
2255 2513 2596 2578 vestimentis
2628 2512 2739 2568 suis
2763 2512 3101 2583 prophetavit
3129 2529 3312 2568 coram

1751 2607 2039 2676 Samuele;
2086 2617 2142 2662 et
2195 2606 2429 2677 procidit
2466 2604 2644 2660 nudus
2681 2612 2792 2660 tota
2837 2603 2926 2658 illa
2961 2605 3072 2669 die,
3111 2615 3167 2660 et
3203 2615 3314 2660 tota

1752 2710 1932 2758 nocte.
1982 2699 2121 2755 Hinc
2155 2699 2354 2754 dicitur
2385 2716 2400 2753 :
2431 2696 2569 2752 Num
2616 2706 2673 2752 et
2719 2696 2851 2751 Saul
2897 2697 3036 2751 inter
3085 2698 3318 2768 prophe-

1753 2793 1881 2850 tas?
1907 2813 1926 2846 ι
1957 2794 2083 2848 Haec
2111 2807 2243 2848 vero
2269 2790 2579 2846 necessario
2613 2790 2855 2860 apposita
2891 2789 3058 2844 fuisse
3089 2805 3232 2850 reor.
3257 2797 3316 2842 ut

1754 2886 1988 2942 clareret
2032 2891 2352 2954 peccatores
2384 2893 2600 2951 quoque
2643 2879 3004 2951 praphetare;
3047 2888 3100 2933 et
3135 2889 3314 2932 utrum

1756 2987 1822 3026 ex
1874 2970 2082 3040 Spiritu
2127 2977 2335 3034 sancto,
2381 2983 2450 3022 an
2497 2983 2562 3023 ex
2611 2968 2717 3022 alia
2757 2969 2994 3038 potentia
3030 2983 3134 3022 non
3168 2982 3318 3020 men-

1757 3061 1946 3129 tiente,
1977 3069 2240 3132 quantum
2293 3060 2359 3114 ad
2397 3059 2794 3114 testiﬁcandum
2836 3059 3047 3113 veritati
3098 3058 3316 3124 attinet,

81 3146 314 3221 ἀληθείᾳ,
368 3153 450 3224 μὴ
483 3153 837 3225 ψευδομένης.
895 3155 1063 3209 Πάλιν
1090 3173 1149 3209 τε
1178 3152 1245 3209 αὖ
1280 3159 1337 3209 ἐν
1367 3159 1432 3228 τῇ
1466 3155 1655 3228 πρώτῃ

1842 3153 2186 3222 prOpbetent.
2211 3151 2553 3218 Rursumque
2578 3149 2630 3202 in
2661 3147 2837 3218 primo
2863 3146 3064 3216 Regum
3085 3145 3132 3177 ⁸¹
3165 3147 3318 3199 iuve-

85 3238 184 3292 τῶν
223 3241 523 3297 Βασιλειῶν
581 3246 923 3317 εὑρίσκονται
963 3249 1010 3301 οἱ
1060 3247 1170 3302 τῶν
1214 3248 1447 3302 εἰδώλων
1514 3249 1653 3320 μάν-

90 3347 192 3396 τεις
237 3334 653 3402 ὑποδεικνύντες
695 3339 764 3392 τά
800 3340 929 3411 περὶ
973 3341 1073 3411 τῆς
1121 3339 1376 3406 κιϐωτοῦ,
1413 3341 1506 3395 καὶ
1550 3341 1653 3405 ὅτι,

91 3423 220 3480 ἐπὰν
250 3426 368 3497 βόες
399 3430 845 3501 πρωτοτοκοῦσαι
890 3430 1024 3503 (57),
1050 3431 1152 3504 τὴν
1201 3432 1320 3486 ὁδὸν
1360 3431 1534 3504 Ἰησοῦ
1559 3430 1655 3485 τοῦ

95 3513 494 3588 Βεθσαμυσαίου
526 3520 852 3592 πορευθῶσι,
889 3521 1242 3593 σημαίνουσιν
1271 3523 1378 3577 ἀπὸ
1403 3523 1536 3578 Θεοῦ
1565 3541 1658 3594 γε-

95 3609 293 3674 γονέναι
325 3611 421 3684 τὴν
468 3611 693 3684 πληγὴν⁸
721 3615 835 3678 τοῖς
864 3613 1237 3679 Φυλιστιαίοις.
1274 3615 1408 3669 Οὐδέ
1434 3616 1504 3669 τὰ
1531 3615 1659 3689 περὶ

94 3700 184 3772 τήν
214 3703 648 3776 ἐγγαστρίμυθον
692 3704 788 3759 καὶ
825 3704 916 3759 τὸν
961 3706 1210 3778 Σαμουὴλ
1255 3708 1312 3761 ἐν
1339 3710 1450 3772 τοῖς
1475 3709 1660 3773 τόποις

95 3793 289 3860 τούτοις
316 3797 792 3870 παρασιωπητέον,
829 3797 922 3867 ἀφ’
961 3791 1035 3854 ὧν
1067 3797 1267 3870 ἔμαθεν
1295 3800 1324 3852 ὁ
1359 3799 1551 3864 Σαοὺλ,
1577 3801 1659 3853 ὅτι

96 3887 155 3957 τῇ
191 3887 314 3959 ὲξῆς
339 3889 566 3960 ἔμελλεν
592 3889 707 3960 ἅμα
737 3891 851 3954 τοῖς
873 3891 1008 3955 υἱοῖς
1044 3889 1495 3962 ἀναιρεθήσεσθαι
1525 3891 1661 3963 ὴμέ-

101 3995 184 4050 ρᾳ.
226 3981 296 4034 Τὸ
324 3981 380 4036 δὲ
401 3983 630 4055 ἀκριϐὲς
658 3987 715 4037 ἐν
743 3987 857 4048 τοῖς
883 3983 1068 4047 τόποις
1099 3983 1288 4054 ὄψεται
1311 3984 1340 4037 ὁ
1366 3984 1660 4055 δυνάμενος

100 4065 355 4125 διαλαϐεῖν
407 4073 541 4144 περὶ
585 4073 856 4145 διαφόρων
908 4072 1208 4144 δυνάμεων,
1260 4073 1516 4145 χειρόνων
1567 4075 1662 4127 καὶ

103 4161 428 4229 κρειττόνων,
453 4165 504 4217 εί
535 4163 708 4218 δὲκαὶ
729 4161 838 4218 εἶὲν
862 4181 1005 4228 τινες
1029 4164 1252 4234 μεταξὺ,
1281 4165 1377 4217 καὶ
1395 4165 1523 4236 περ).
1540 4164 1662 4218 τού-

107 4265 220 4306 των.
255 4254 420 4309 Πάλιν
463 4273 522 4308 τε
554 4252 622 4309 αῦ
651 4257 679 4308 ὁ
710 4255 1028 4326 βουλόμενος
1056 4255 1165 4310 ἀπὸ
1213 4256 1452 4328 χείρονος
1498 4255 1660 4310 δυνά-

110 4357 243 4410 μεως
278 4347 784 4418 προπεφητευκέναι
810 4347 900 4401 τὸν
934 4347 1208 4418 Καϊάφαν,
1246 4348 1408 4419 φησὶν
1435 4348 1536 4412 ὅτι,
1569 4348 1662 4401 οὐ-

103 4430 182 4485 δὲν
201 4437 490 4506 παράδοξόν
515 4439 630 4491 ἐστι
653 4437 891 4510 πονηρὰν
913 4437 1138 4509 δύναμιν
1165 4438 1335 4491 ταῦτα
1361 4438 1659 4511 εἰρηκέναι,

1758 3245 1982 3298 niuntur
2036 3241 2302 3298 idolorum
2351 3249 2523 3304 vates,
2572 3239 2922 3294 ostendentes
2951 3237 3018 3292 de
3046 3252 3192 3303 arca,
3227 3236 3321 3291 de-

1756 3333 2176 3403 nuntiantesque
2199 3331 2546 3396 Philistbaeis,
2582 3329 2723 3399 quod
2754 3329 2800 3384 si
2829 3327 3035 3384 bucula
3063 3328 3323 3383 lactentes

1757 3421 1810 3476 in
1840 3422 1984 3475 viam
2019 3420 2424 3474 ambulaverint
2444 3418 2568 3475 Jesu
2595 3419 2984 3483 Bethsamusae,
3019 3418 3194 3473 sciant
3218 3418 3323 3473 sibi

1758 3529 1790 3568 a
1833 3513 1943 3568 Deo
1995 3511 2193 3566 factam
2240 3509 2406 3566 fuisse
2439 3510 2672 3581 plagam.
2703 3509 2783 3564 Ac
2825 3523 2893 3563 ne
2943 3510 3070 3564 illud
3105 3510 3321 3580 quidem

1758 3606 1826 3661 de
1859 3604 2084 3661 muliere
2128 3605 2361 3659 habente
2399 3603 2646 3672 spiritum
2693 3600 2977 3673 Pythonis,
3003 3602 3176 3671 deque
3224 3599 3325 3656 Sa-

1761 3699 1935 3754 muele
1969 3699 2021 3752 in
2046 3697 2131 3751 his
2162 3696 2294 3751 locis
2326 3695 2660 3749 reticendum
2700 3703 2786 3748 est
2812 3711 2826 3748 :
2849 3708 2915 3749 ex
2946 3694 3146 3762 quibus
3172 3693 3319 3751 didi-

1760 3792 1835 3846 cit
1865 3789 1994 3846 Saul
2041 3789 2300 3852 futurum,
2337 3795 2396 3841 ut
2420 3798 2641 3856 postero
2672 3785 2758 3840 die
2790 3800 2910 3842 cum
2958 3785 3080 3842 ﬁliis
3117 3786 3325 3841 interli-

1761 3891 1978 3939 ceretur
2001 3881 2047 3913 ⁵³
2073 3897 2088 3935 :
2113 3894 2343 3950 quorum
2374 3877 2617 3932 locorum
2661 3887 2978 3932 accuratam
3017 3880 3322 3948 intelligen-

1761 3979 1891 4032 tiam
1917 3977 1963 4030 is
1989 3975 2204 4029 visurus
2224 3984 2327 4040 est,
2361 3975 2449 4042 qui
2484 3975 2755 4028 disserere
2782 3980 2959 4039 potest
3004 3973 3069 4026 de
3095 3973 3324 4028 diversis

1761 4065 2040 4137 potentiis,
2076 4072 2190 4118 tum
2217 4063 2379 4118 bonis
2413 4071 2524 4115 tum
2555 4061 2729 4123 malis,
2767 4070 2930 4129 atque
2951 4062 3018 4116 de
3045 4062 3127 4114 bis
3156 4063 3321 4116 etiam

1763 4174 1882 4228 quae
1912 4157 2056 4212 inter
2087 4157 2183 4211 has
2211 4154 2399 4210 media:
2426 4163 2574 4217 sunt,
2602 4153 2644 4207 si
2670 4167 2791 4222 qua:
2819 4163 2966 4207 sunt.
3001 4151 3209 4208 Rursus
3231 4155 3323 4220 qui

1762 4248 1894 4304 velit
1967 4247 2261 4316 Caiapham
2315 4245 2668 4314 prophetasse
2721 4242 2770 4296 vi
2835 4244 3085 4309 potentiae
3136 4243 3324 4309 malae,

1763 4341 2006 4396 dicturus
2039 4348 2123 4393 est
2173 4337 2248 4392 nil
2293 4337 2488 4391 mirum
2517 4351 2658 4401 esse,
2684 4335 2728 4389 si
2765 4334 2906 4389 mala
2933 4335 3172 4404 potentia
3212 4334 3327 4388 [nec

1766 4434 1986 4497 dixerit,
2013 4430 2450 4501 quandoquidem
2477 4428 2782 4483 inveniatur
2804 4426 3052 4481 diabolus
3071 4441 3174 4481 non
3205 4443 3328 4482 om-

106 4521 227 4576 ὅπου
254 4541 315 4593 γε
347 4529 407 4581 οὐ
436 4529 612 4601 πάντη
644 4529 856 4598 ἀγνοῶν
887 4531 980 4584 καὶ
1013 4531 1041 4584 ὁ
1068 4530 1310 4595 διάϐολος
1346 4532 1657 4602 εὑρίσκεται

1837 4542 1893 4580 ιο
1924 4525 2176 4595 ignorare
2215 4521 2402 4578 Jesum
2440 4522 2644 4576 dictum
2689 4519 2857 4574 fuisse
2891 4520 2943 4573 in
2992 4518 3078 4573 his
3110 4534 3231 4589 quae
3259 4522 3328 4574 ab

109 4612 188 4668 τὸν
219 4617 338 4671 Υἱὸν
382 4619 510 4673 ὄντα
539 4621 696 4684 Θεοῦ,
731 4623 789 4677 ἐν
819 4625 931 4686 τοῖς
971 4622 1361 4694 ἀναγραφεῖσιν
1400 4624 1504 4677 ὑπὸ
1551 4625 1660 4679 τῶν

108 4704 486 4775 εὖαγγελιστῶν
520 4711 772 4782 εἰρῆσθαι
815 4714 906 4766 ὑπ’
935 4713 1098 4766 αὐτοῦ
1129 4714 1264 4785 πρὸς
1301 4714 1392 4767 τὸν
1431 4714 1654 4786 Κύριον.

109 4795 257 4865 Φήσει
278 4799 351 4863 δὲ,
369 4801 449 4855 ὅτι
463 4803 557 4855 καὶ
574 4803 804 4874 πονηρία
819 4821 902 4867 τις
915 4801 1154 4857 ἔκκειται
1172 4805 1307 4876 (57⁶)
1324 4808 1388 4876 τῇ
1409 4806 1660 4877 ἐνεργού-

116 4901 174 4957 cn
212 4887 429 4961 δυνάμει
465 4891 640 4947 ταῦτα
659 4894 1091 4965 προφητεύεσθαι
1117 4896 1358 4966 περὶτοῦ
1382 4897 1653 4968 Σωτῆρος·

116 4980 296 5044 σκοπὸς
325 4983 430 5054 γάρ
456 4981 523 5056 ἦν
551 4986 686 5057 αὐτῇ
717 4986 776 5039 οὐ
804 4987 864 5039 τὸ
897 4987 1277 5056 πιστοποιῆσαι
1309 4989 1433 5050 τοὺς
1459 4989 1662 5060 ἀκροω-

118 5071 309 5139 μένους,
343 5076 455 5130 axx
484 5078 721 5150 ἐρεθίσαι
747 5078 873 5142 τοὺς
903 5079 960 5132 ἐν
996 5079 1074 5150 τῷ
1103 5079 1361 5153 συνεδρίῳ
1391 5082 1661 5152 ἀρχιερεῖς

177 5213 218 5244 ³⁸
244 5215 260 5268 l
288 5217 418 5288 Reg.
451 5236 564 5286 xix,
596 5220 663 5275 19
697 5235 809 5289 seq.

187 5307 287 5377 (52)
302 5309 448 5363 Ἀλλ’
469 5312 579 5363 οὐκ
599 5309 714 5363 ἀπὸ
734 5309 1109 5377 ἐμπνεύσεως
1130 5310 1473 5378 Πνεύματος
1489 5312 1659 5378 ἁγίου

123 5378 564 5450 προεφῄτευσεν.
595 5380 718 5434 Haec
754 5380 807 5433 in
839 5379 1022 5450 codice
1047 5379 1233 5450 Regio,
1267 5395 1330 5450 ac
1354 5381 1579 5448 proinde
1604 5382 1659 5434 in

123 5444 238 5497 edit.
261 5444 458 5513 Huetii,
486 5451 876 5511 desiderantur,
903 5449 997 5503 sed
1023 5444 1237 5504 exstant
1264 5449 1317 5502 in
1348 5444 1654 5505 Bodleiano.

164 5515 288 5592 J33)
317 5519 445 5592 ῌῶς
487 5521 892 5592 προεφήτευσε
908 5517 1220 5592 -Καξᾴρᾳς,
1262 5519 1419 5592 οὕτω
1457 5521 1660 5592 atat}?

122 5587 188 5649 τῇ
238 5587 426 5657 πρώτῃ
481 5589 596 5642 τῶν
632 5587 978 5644 Βασιλειῶν
1020 5589 1292 5658 ζητήσεις
1335 5588 1480 5653 πῶς.
1535 5590 1660 5646 Haec

123 5666 325 5731 quoque
357 5659 410 5731 in
444 5660 625 5716 codice
659 5659 827 5731 Regio
865 5659 1270 5726 desiderantur,
1311 5661 1406 5716 sed
1447 5670 1660 5717 exstant

123 5721 173 5774 in
204 5721 502 5782 Bodleiano.

189 5792 292 5871 (μ)
324 5800 430 5852 Καὶ
456 5800 580 5871 μετ’
605 5800 826 5865 αὐτοὺς
853 5803 886 5854 ὁ
913 5802 1129 5856 Σαούλ.
1169 5799 1500 5871 Γέγραπται
1526 5801 1657 5870 γάρ·

123 5863 219 5918 Καὶ
247 5863 546 5938 ἀπηγγέλη
574 5871 651 5938 τῷ
682 5863 898 5942 Σαοὺλ,
933 5871 1227 5942 λέγοντες
1260 5863 1422 5928 ’Ἰδοὺ
1458 5863 1652 5927 Δαύῗδ.

1763 4617 2111 4685 evangelistis
2133 4623 2260 4670 sunt
2294 4614 2516 4683 scripta,
2543 4611 2738 4666 Filium
2773 4609 2867 4666 Dei
2895 4625 3034 4677 esse,
3063 4626 3183 4666 cum
3217 4613 3328 4681 ipse

1762 4711 2076 4780 loqueretur
2127 4707 2193 4761 ad
2249 4705 2559 4760 Dominum.
2617 4702 2771 4758 Dicet
2832 4712 3010 4758 autem
3066 4702 3326 4757 malitiam

1764 4802 1925 4856 etiam
1961 4799 2248 4868 quamdam
2275 4797 2453 4849 inesse
2480 4795 2536 4848 in
2571 4794 2809 4863 potentia
2835 4805 3094 4862 operante
3129 4806 3187 4849 ut
3213 4795 3330 4850 hac

1764 4897 1830 4948 de
1883 4893 2175 4947 Servatore
2207 4887 2927 4960 prophetarentur:quippe
2974 4889 3061 4943 cui
3131 4904 3328 4959 scopus

1765 4997 1911 5044 esset
1941 5001 2047 5039 non
2076 4982 2262 5037 ﬁdeles
2288 4979 2469 5035 facere
2498 4980 2800 5045 auditores,
2826 4981 2919 5035 sed
2969 4997 3212 5036 summos
3236 4998 3327 5036 sa-

1766 5079 2014 5134 cerdotes
2055 5075 2483 5146 Pharisazosque,
2522 5075 2612 5145 qui
2650 5084 3017 5130 convenerant
3057 5075 3109 5128 in
3147 5078 3328 5130 conri-

916 5220 962 5253 θ’
999 5220 1168 5290 lReg.
1201 5237 1278 5289 vr,
1313 5222 1366 5276 9.
1443 5220 1490 5252 ⁸³
1517 5221 1536 5275 1
1566 5222 1697 5289 Reg.
1737 5232 1932 5279 xxvnt,
1961 5215 2046 5270 l9.

1767 5313 1900 5432 ιιωῆ
1921 5312 2080 5435 εᾶἷεξη
2113 5313 2168 5368 in
2198 5315 2380 5371 codice
2411 5315 2576 5386 Regio
2602 5317 2798 5373 omissa
2822 5330 2967 5385 sunt,
3000 5319 3095 5374 sed
3119 5330 3331 5379 exstant

1767 5399 1819 5435 In
1904 5398 1934 5434 ο
1994 5399 2165 5435 Clano.

1766 5399 1819 5435 In
1862 5398 2165 5437 ISOUICIaDO.

1840 5451 1950 5525 (55)
1984 5451 2162 5525 Codex
2196 5455 2415 5525 Regius,
2457 5455 2626 5509 εἶπεν.

1838 5523 1950 5598 (56)
1987 5524 2097 5598 Καὶ
2129 5523 2418 5598 ἐπορεύθη
2456 5528 2682 5580 ἐκεῖθεν
2696 5530 2801 5598 etc
2824 5527 2992 5582 Αὺὼθ
3019 5529 3087 5581 ἐν
3132 5528 3328 5598 Ῥαμςῖ.

1766 5591 1890 5646 Παξε
1920 5591 2293 5649 desideranter
2322 5595 2375 5649 in
2408 5591 2642 5652 editione
2671 5591 2868 5651 ﬂuetii.

1837 5663 1946 5734 (57)
1991 5667 2494 5735 Πρωτοτοκοῦσαι.
2535 5668 2625 5722 Sic
2672 5683 2770 5722 nos
2808 5683 2931 5722 cum
2970 5668 3201 5735 liuetio;
3241 5671 3331 5725 alii

1765 5734 2283 5805 πρωτοτοκεύουσαι.
2322 5737 2469 5790 Ευιτ.

1766 5873 1806 5928 Ε
1838 5805 1968 5873 (57‘)
2004 5807 2319 5863 Ἔκκειται.
2347 5806 2656 5880 Legendum
2678 5806 2890 5864 videtur
2914 5824 3035 5867 esse
3063 5808 3308 5880 ἔγκειται

1811 5891 1916 5928 Dl'l'.

1811 5891 1916 5930 Dl'l'.
