3712 6138
406 327 515 384 719

1873 334 2195 392 ORiGENIS

3529 343 3610 398 720

408 450 542 501 lium
585 445 844 501 adversus
878 442 1086 510 Jesum,
1126 446 1366 515 irritare,
1393 456 1455 503 ut
1496 448 1672 519 ipsum
1708 452 1926 507 interﬁci

2082 450 2174 503 καὶ
2198 451 2522 521 Φαρισαίους
2552 449 2693 504 κατά
2720 450 2813 504 τοῦ
2859 452 3053 523 Ἰησοῦ,
3095 454 3182 506 ἴνα
3212 453 3370 507 αὐτὸν
3399 456 3610 511 ἀποκτεί-

410 550 529 592 rent
561 556 576 593 :
611 554 731 608 qum
763 541 1013 611 operatio
1043 556 1149 596 non
1181 551 1307 595 erat
1330 556 1395 595 ex
1430 540 1634 611 Spiritu
1666 554 1877 599 saneto.

476 630 565 685 M.
608 630 741 686 Vide
779 646 912 686 vero
945 647 1012 685 an
1061 647 1170 686 non
1221 633 1500 687 concitare
1531 632 1663 687 velit
1696 635 1975 689 auditores

405 730 519 785 sive
581 728 867 800 Caiaphas,
914 730 1029 784 sive
1080 730 1126 784 is
1173 731 1265 799 qui
1317 729 1393 782 illi
1444 728 1553 782 vim
1611 727 1970 796 prophetandi

396 812 803 890 suppeditabat,
839 821 906 873 ad
956 819 1391 875 interﬁciendum
1439 819 1625 874 .Iesum
1662 817 1812 871 hisce
1846 833 1972 871 ver-

397 912 488 967 bis
519 929 534 966 :
569 931 588 964 ‹
620 911 725 967 Vos
756 912 978 967 nescitis
999 913 1318 981 quidquam,
1352 926 1527 979 neque
1566 910 1820 979 cogitatis
1844 911 1969 979 quia

403 1003 616 1072 expedit
649 1002 805 1057 nobis
838 1011 899 1056 nt
937 1018 1076 1056 unus
1128 1003 1291 1057 homo
1317 1003 1586 1057 moriatur
1616 1018 1715 1071 pro
1750 1002 1969 1072 populo,

402 1105 459 1149 ct
490 1110 591 1149 non
623 1093 785 1164 392
822 1104 927 1148 tota
972 1107 1104 1163 gens
1145 1094 1418 1163 pereat“.
1457 1114 1477 1146 ι
1509 1094 1704 1149 Utrum
1746 1092 1840 1164 qui
1885 1093 1970 1147 di-

403 1186 517 1250 cit,
547 1204 564 1235 ι
589 1187 811 1254 expedit
859 1186 1034 1248 nobis,
1058 1205 1076 1239 ι
1110 1202 1230 1255 qua:
1277 1186 1443 1241 verba
1495 1195 1623 1241 sunt
1672 1186 1969 1254 prophetiae

400 1277 569 1347 ipsius
597 1293 743 1348 pars,
764 1294 890 1333 vera
922 1290 1109 1334 narrat
1142 1294 1209 1332 an
1246 1278 1548 1335 mentitur?
1573 1278 1631 1332 Si
1662 1292 1787 1332 vera
1835 1293 1966 1331 nar-

397 1379 503 1435 rat,
544 1382 794 1426 servatur
840 1372 1133 1441 Caiaphas,
1194 1386 1317 1425 cum
1361 1370 1447 1424 his
1495 1370 1590 1439 qui
1646 1370 1700 1423 in
1738 1369 1967 1425 concilio

397 1463 655 1518 adversus
678 1462 859 1518 Jesunt
896 1465 1246 1528 contendunt,
1270 1462 1396 1532 quia
1429 1473 1673 1517 mortuus
1698 1471 1782 1515 est
1807 1460 1965 1516 Jesus

378 1568 493 1622 pro
514 1552 731 1622 populo,
771 1561 1291 1621 consequunturque
1327 1565 1516 1606 omnes
1557 1550 1611 1605 hi
1652 1550 1962 1615 utilitatem;

394 1647 439 1703 si
478 1662 607 1701 vero
630 1647 921 1702 absurdum
949 1653 1035 1700 est
1073 1645 1254 1699 dicere
1286 1642 1606 1713 Caiapham,
1636 1657 1840 1712 eosque
1863 1642 1960 1711 qui

393 1739 627 1794 concilio
667 1739 899 1793 aderant
952 1737 1214 1791 adversus
1254 1734 1464 1800 Jesum,
1493 1734 1701 1790 servari
1733 1749 1957 1789 assecu-

2077 558 2256 594 νωσιν·
2292 543 2428 612 ὅπερ
2456 542 2555 594 οὐκ
2578 537 2645 613 ἦν
2668 542 2809 595 κατά
2833 543 2894 595 τὸ
2921 544 3072 611 ἅγιον
3102 544 3322 614 Πνεῦμα
3342 547 3608 619 ἐνεργῆσαι.

2147 633 2236 688 14.
2272 635 2411 705 Ὅρα
2431 633 2537 704 γὰρ
2552 635 2600 685 εἰ
2624 633 2699 705 μὴ
2719 634 3015 706 παροξῦναι
3040 635 3283 706 βούλεται
3298 639 3421 702 τοὺς
3436 641 3608 712 άκροωυ

2078 723 2268 792 μένους
2300 725 2412 797 (58)
2440 725 2548 778 εἴτε
2595 728 2623 779 6
2657 726 2932 796 Καϊάφας,
2982 728 3091 781 εἴτε
3139 729 3199 782 τὸ
3248 729 3494 802 ἐνεργοῦν
3538 735 3608 786 αὑ-

2072 815 2164 867 τὸν
2196 817 2577 889 προφητεύειν,
2614 816 2750 888 πρὸς
2773 817 2832 871 τὸ
2854 820 3170 873 ἀποκτεῖναι
3191 820 3279 873 τὸν
3312 822 3524 891 Ἰησοῦν,
3546 826 3609 880 διὰ

2073 906 2164 960 τοῦ
2184 924 2197 936 ·
2243 927 2260 957 ι
2285 908 2473 979 ’Υμεῖς
2500 909 2599 961 οὐκ
2627 907 2802 961 οἴδατε
2848 910 3002 975 οιᾭὲν
3030 909 3163 981 (59),
3198 913 3320 966 οὐδὲ
3351 914 3609 982 λογίζεσθε,

2072 999 2153 1051 ὅτι
2183 999 2447 1070 συμφέρει
2492 1001 2622 1069 ἡμῖν
2652 999 2739 1052 ἴνα
2786 995 2865 1063 εἷς
2896 1001 3204 1072 ἄνθρωπος,
3233 1002 3610 1079 ἀποθάνηὼιὲρ

2070 1088 2162 1141 τοῦ
2197 1088 2347 1152 λαοῦ,
2379 1089 2473 1142 καὶ
2521 1089 2595 1159 μὴ
2622 1089 2741 1142 ὅλον
2770 1089 2830 1143 τὸ
2867 1089 3018 1155 ἔθνος
3042 1092 3329 1163 ἀπόληται.
3357 1114 3376 1147 ι
3408 1090 3539 1168 Ἀρά
3561 1116 3608 1167 γε

2070 1182 2096 1232 6
2117 1179 2309 1248 λέγων,
2334 1199 2351 1230 ι
2377 1181 2653 1251 Συμφέρει
2683 1183 2834 1252 ἡμῖν,
2849 1202 2868 1233 ι
2886 1183 3023 1254 ὅπερ
3041 1183 3204 1255 μέρος
3229 1181 3297 1257 ἦν
3312 1186 3412 1257 τῆς
3432 1205 3607 1259 προφη-

2068 1272 2219 1335 τείας
2246 1272 2433 1339 αὐτοῦ,
2464 1273 2738 1344 ἀληθεύει,
2771 1275 3115 1346 ῆψεύδεται;
3149 1278 3211 1331 Εἰ
3251 1279 3348 1348 μὲν
3378 1280 3480 1351 γάρ
3509 1281 3610 1355 άλη-

2069 1363 2233 1428 θεύει,
2268 1364 2498 1429 σώζεται
2522 1369 2549 1418 ὁ
2571 1367 2844 1435 Καϊάφας,
2881 1368 2977 1421 καὶ
2997 1370 3046 1420 οἱ
3076 1370 3133 1421 ὲν
3166 1369 3243 1440 τῷ
3266 1371 3513 1443 συνεδρίῳ
3536 1392 3609 1426 κι-

2066 1456 2135 1509 τά
2165 1454 2259 1509 τοῦ
2302 1456 2475 1528 Ἰησοῦ
2502 1458 2911 1530 ἀγωνιζόμενοι,
2950 1460 3316 1525 ἀποθανόντος
3342 1462 3434 1516 τοῦ
3467 1465 3607 1536 Ἰησοῦ

2066 1547 2205 1619 ὑπὲρ
2237 1548 2330 1601 τοῦ
2360 1548 2512 1613 λαοῦ,
2562 1550 2656 1602 καὶ
2685 1550 3014 1621 τυγχάνουσι
3036 1551 3131 1604 τοῦ
3163 1554 3548 1624 συμφέροντοςε
3572 1558 3608 1610 εί

2063 1641 2121 1693 δὲ
2147 1643 2347 1696 ἄτοπον
2380 1642 2609 1709 φάσκειν
2635 1640 2725 1693 τὸν
2755 1642 3006 1710 Καϊάφαν
3039 1643 3134 1696 καὶ
3165 1646 3290 1706 τοὺς
3323 1647 3382 1698 έν
3403 1645 3474 1716 τῷ
3496 1645 3607 1701 κατὰ

2063 1732 2156 1787 τοῦ
2189 1733 2362 1804 Ἰησοῦ
2396 1732 2657 1803 συνεδρίῳ
2681 1730 2971 1797 σώζεσθαι,
3017 1735 3110 1788 καὶ
3141 1733 3234 1787 τοῦ
3272 1737 3606 1807 συμφέροντος

390 1841 584 1902 tosque
628 1845 722 1887 eos
766 1830 937 1885 fuisse
989 1828 1304 1892 utilitatem,
1339 1828 1463 1898 quia
1519 1837 1764 1883 mortuus
1797 1827 1926 1882 l'ueri

2082 1825 2367 1896 τετευχέναι
2407 1823 2768 1886 ἀποθανόντος
2808 1824 2901 1878 τοῦ
2951 1826 3149 1896 Ἰησοῦ,
3187 1826 3347 1899 δῆλον
3386 1829 3607 1901 (59“)οὺχ

389 1924 568 1991 Jesns,
600 1924 943 1993 perspicuum
978 1930 1062 1976 est
1099 1936 1205 1974 non
1243 1921 1347 1976 dici
1402 1920 1664 1988 Spiritum
1708 1931 1957 1976 sanctum

387 2016 514 2070 talia
558 2023 839 2084 operatum
887 2012 1057 2067 fuisse
1089 2030 1104 2066 :
1133 2011 1391 2080 Spiritus,
1418 2010 1564 2064 enim
1603 2020 1823 2065 sanctus
1850 2027 1956 2065 non

387 2105 668 2161 mentitur.
707 2105 808 2170 Qui
844 2117 973 2158 vero
1033 2101 1167 2156 velit
1205 2100 1526 2169 Caiapham,
1568 2110 1729 2170 atque
1765 2112 1958 2170 poten-

392 2200 518 2253 tiam
573 2198 626 2252 in
668 2197 790 2265 ipso
835 2203 1153 2264 operantem
1215 2207 1344 2247 vera
1410 2208 1634 2247 narrare
1679 2194 1954 2249 dicendo:

389 2307 413 2343 ί
443 2289 672 2357 Expedit
716 2286 899 2351 nobis,
947 2294 1006 2339 ut
1040 2297 1181 2338 unus
1234 2283 1396 2337 homo
1427 2282 1693 2337 moriatur
1727 2299 1826 2353 pro
1857 2297 1955 2352 po-

384 2382 533 2453 pulo,
554 2398 580 2431 ι»
613 2376 933 2450 profundius
961 2375 1228 2443 intelliget
1258 2374 1362 2429 hoc
1391 2375 1597 2429 dictum
1626 2417 1643 2441 ,
1680 2391 1701 2426 ι
1732 2375 1953 2442 expedit

384 2475 562 2539 nobis,
589 2491 608 2524 ι
636 2480 863 2540 propter
898 2469 1162 2523 rationem
1200 2466 1346 2530 ﬁnis,
1384 2477 1676 2549 uteturque
1705 2481 1771 2521 eo
1798 2467 1953 2522 testi-

384 2567 567 2622 monio
598 2582 613 2619 :
650 2583 668 2615 ι
700 2562 773 2619 Ut
803 2577 900 2632 per
929 2561 1161 2629 gratiam
1195 2559 1285 2613 Dei
1314 2560 1381 2625 ",
1415 2580 1434 2612 ι
1480 2560 1587 2624 vel,
1620 2577 1637 2609 ι
1677 2559 1795 2613 sine
1813 2558 1946 2625 Deo,

384 2672 483 2727 pro
528 2655 674 2710 omni
737 2659 983 2725 gustaret
1029 2659 1309 2715 mortem;
1357 2668 1375 2700 ι
1415 2659 1470 2703 et
1517 2649 1726 2703 notabit
1775 2648 1947 2714 illud,

388 2766 407 2800 ι
430 2763 530 2817 pro
551 2745 735 2809 omni,
759 2761 778 2795 ι
809 2751 864 2797 et
900 2742 1051 2805 illud,
1087 2758 1107 2792 ι
1131 2739 1248 2795 sine
1280 2738 1409 2805 Deo,
1447 2753 1546 2807 pro
1568 2740 1736 2793 omni.
1759 2758 1778 2792 ι
1819 2738 1950 2794 Ute-

383 2852 471 2897 tur
510 2840 714 2910 pariter
752 2838 915 2893 etiam
971 2837 1104 2891 illo:
1146 2834 1283 2901 «Qui
1310 2844 1391 2889 est
1417 2832 1679 2888 Servator
1704 2834 1947 2886 omnium

379 2933 683 2992 hominum,
711 2928 1014 2999 przesertim
1065 2923 1408 2989 ﬁdelium“;
1448 2939 1467 2974 ι
1520 2930 1576 2977 et
1622 2920 1757 2974 illo:
1799 2937 1818 2969 ι
1848 2919 1947 2973 Hic

378 3034 463 3080 est
507 3023 596 3077 ille
626 3022 811 3091 Agnus
837 3019 953 3083 Dei,
982 3017 1074 3087 qui
1104 3016 1281 3071 aufert
1312 3021 1593 3084 peccatum
1621 3009 1893 3074 mundi",
1919 3028 1939 3061 ι

2059 1919 2212 1987 ἅγιον
2236 1919 2458 1988 Πνεῦμα
2478 1913 2546 1989 ἦν
2566 1919 2625 1970 τὸ
2651 1904 2826 1972 ταῦτα
2853 1920 3152 1991 ὲνεργῆσαν
3185 1921 3454 1990 λέγεσθαι·
3484 1924 3607 1992 ἇγιον

2058 2012 2165 2083 γάρ
2190 2010 2413 2081 Πνεῦμα
2439 2011 2498 2063 οὺ
2521 2009 2793 2078 ψεύδεται.
2840 2012 2897 2065 Ὀ
2924 2012 2981 2065 δὲ
3011 2012 3332 2085 βουλόμενος
3358 2015 3608 2088 ἀληθεύειν

2057 2103 2151 2156 καὶ
2190 2104 2246 2155 ὲν
2275 2103 2451 2174 τούτῳ
2478 2102 2539 2155 τὸ
2576 2103 2830 2176 ἐνεργοῦν
2853 2105 2942 2157 τὸν
2971 2106 3244 2175 Καϊάφαν,
3289 2107 3435 2175 λέγω
3472 2108 3522 2161 δὲ
3550 2107 3608 2178 τῷ

2057 2197 2306 2265 φάσκειν,
2340 2214 2357 2247 t
2381 2196 2656 2268 Συμφέρει
2683 2199 2834 2268 ἡμῖν,
2867 2198 2955 2251 ἵνα
2976 2192 3055 2261 εἷς
3084 2198 3372 2270 ἄνθρωπος
3398 2201 3607 2274 ἀποθάνῃ

2055 2289 2195 2360 ὑπὲρ
2221 2287 2314 2340 τοῦ
2346 2286 2496 2355 λαοῦ,
2521 2306 2538 2337 ι
2573 2286 2866 2359 βαθύτερον
2909 2288 3264 2352 ὲξακούσεται
3297 2290 3415 2355 τοῦ,
3451 2312 3470 2343 ι
3491 2292 3607 2361 Συμ-

2055 2380 2208 2450 φέρει
2243 2382 2394 2451 ἡμῖν,
2425 2399 2443 2430 ι
2479 2379 2566 2432 διὰ
2589 2379 2679 2433 τὸν
2709 2381 2838 2451 περὶ
2864 2380 3048 2445 τέλους
3068 2380 3246 2451 λόγον,
3274 2381 3375 2435 καὶ
3403 2383 3604 2454 συγχρή-

2055 2487 2203 2523 σεται
2236 2470 2335 2540 τῷ,
2369 2490 2387 2520 ι
2418 2471 2603 2534 Ὅπως
2649 2471 2851 2542 χάριτι,
2876 2489 2895 2522 ι
2942 2471 3000 2540 ἢ,
3045 2486 3064 2518 t
3099 2469 3264 2539 χωρὶς
3299 2472 3467 2537 Θεοῦ,
3495 2473 3607 2542 ὑπὲρ

2052 2563 2251 2625 παντὸς
2278 2561 2542 2634 γεύσηται
2574 2562 2802 2617 θανάτου
2826 2580 2839 2593 ·
2867 2581 2885 2614 ι
2919 2564 3013 2617 καὶ
3044 2565 3329 2635 ἐπιστήσει
3351 2564 3429 2636 τῷ
3448 2604 3463 2629 ,
3497 2585 3513 2616 ι
3532 2565 3605 2617 ’Υ-

2052 2654 2156 2726 πὲρ
2189 2654 2411 2718 παντὸς,
2434 2674 2452 2705 ι
2488 2656 2582 2708 καὶ
2608 2655 2707 2725 τῷ,
2747 2673 2766 2703 ι
2788 2656 2959 2725 χωρὶς
2987 2654 3143 2718 Θεοῦ,
3179 2655 3327 2727 ὑπὲρ
3362 2657 3562 2720 παντός.
3585 2673 3602 2706 ι

2048 2745 2389 2817 Σγχρήσεται
2416 2746 2472 2799 δὲ
2493 2747 2586 2800 καὶ
2622 2746 2719 2819 τῷ·
2759 2765 2778 2799 ι
2813 2747 2909 2810 "Oc;
2930 2749 3046 2799 ἐστι
3067 2746 3256 2819 Σωτὴρ
3286 2749 3502 2802 πάντων
3530 2749 3604 2800 ἀν-

2049 2836 2302 2907 θρώπων,
2322 2839 2552 2909 μάλιστα
2572 2839 2793 2893 πιστῶνο
2822 2859 2841 2892 ι
2864 2840 2945 2893 ὃτι
2963 2838 3139 2911 [fiet]
3160 2839 3282 2903 δὲ,⁷‹
3312 2834 3475 2905 Οὗτός
3485 2842 3605 2893 ἐστιν

2046 2930 2075 2981 6
2093 2926 2145 2979 ’A
2155 2927 2280 2995 μνὸς
2297 2929 2387 2983 τοῦ
2402 2927 2535 2983 Θεοῦ
2560 2932 2588 2983 6
2609 2930 2777 3003 αἴρων
2797 2931 2896 3002 τὴν
2926 2931 3198 3001 ἁμαρτίαν
3224 2930 3323 2983 τοῦ
3359 2931 3567 3001 κόσμου,
3585 2949 3600 2980 ι

2049 3021 2193 3085 ίδίως
2218 3020 2432 3076 ἀκούων
2462 3021 2554 3075 τοῦ
2583 3022 2832 3094 αἴρεσθαι
2857 3022 2955 3094 τὴν
2980 3022 3256 3093 ἁμαρτίαν
3278 3023 3377 3077 τοῦ
3405 3024 3602 3093 κόσμου,

375 3115 598 3187 proprie
643 3111 952 3181 intelligens
1004 3106 1206 3161 auferri
1258 3113 1543 3173 peccatum
1594 3102 1802 3168 mundi,
1835 3115 1926 3154 nor

502 3210 513 3214 _
611 3206 624 3214 .
755 3202 790 3214 η
846 3212 852 3214 Α
1139 3199 1149 3208 ι
1203 3211 1384 3214 μηηρμ-
1430 3207 1539 3214 ----
1586 3194 1707 3214 J:-:n
1743 3210 1756 3214 -
1800 3191 1910 3214 ,Π-

2085 3114 2141 3166 αὶ
2167 3113 2286 3183 οὐχὶ
2310 3113 2508 3184 μέρους
2533 3112 2716 3166 αὐτοῦ.
2764 3114 2821 3165 ’0
2844 3113 2901 3165 δὲ
2932 3113 3107 3181 λέγων
3134 3113 3336 3183 ἀληθὲς
3361 3108 3496 3167 εἶναι
3536 3112 3599 3173 τὸ,

375 3210 548 3280 partis
575 3206 717 3276 ejus.
751 3202 1017 3258 Caeterum
1061 3199 1150 3267 qui
1202 3211 1390 3253 verum
1423 3207 1543 3250 esse
1580 3194 1711 3248 dicit
1742 3210 1758 3249 :
1795 3209 1814 3243 ι
1839 3191 1944 3246 Ex-

375 3301 525 3372 pedit
554 3298 729 3360 nohis,
760 3302 820 3350 ut
856 3308 995 3347 unus
1025 3291 1188 3345 homo
1230 3287 1517 3348 moriatur,
1541 3303 1561 3336 ι
1593 3285 1737 3339 dicet
1769 3292 1941 3337 totum

371 3400 696 3465 praesentem
756 3387 932 3442 locum
995 3397 1179 3438 veram
1228 3379 1566 3450 prophetiam
1611 3392 1751 3442 esse,
1808 3376 1942 3430 inci-

374 3484 609 3554 pientem
638 3481 706 3535 ab
740 3478 831 3533 illo
862 3497 876 3532 :
911 3494 930 3526 ‹
959 3476 1069 3529 Vos
1116 3472 1340 3527 nescitis
1387 3469 1706 3540 quidquam.
1740 3485 1759 3518 ι
1792 3465 1939 3521 Nihil

372 3577 517 3632 enim
597 3581 794 3630 norant
858 3570 1052 3625 summi
1116 3566 1428 3622 sacerdotes
1507 3574 1563 3619 et
1640 3560 1935 3627 Pharisaei,

371 3668 679 3724 nescientes
747 3662 929 3718 Jesum
991 3661 1273 3714 veritatem
1346 3669 1505 3719 esse,
1579 3653 1935 3723 sapientiam,

366 3758 632 3832 justitiam
694 3764 749 3810 et
798 3766 1032 3823 pacem:
1076 3769 1093 3798 ι
1125 3749 1242 3818 Ipse
1306 3747 1451 3801 enim
1523 3754 1607 3799 est
1662 3759 1768 3814 pax
1836 3758 1936 3798 no-

370 3863 480 3908 stra
515 3852 584 3908 ⁵⁸.
624 3867 642 3901 ι
685 3847 826 3914 Quin
882 3846 1049 3900 etiam
1116 3857 1224 3896 non
1306 3838 1617 3909 cogitabant
1682 3836 1735 3890 hi
1800 3835 1937 3890 nihil

368 3941 625 4003 scientes,
659 3950 895 4007 quonam
930 3944 1088 4004 pacto
1129 3932 1463 3987 conduceret
1498 3930 1661 3983 etiam
1712 3927 1839 3992 illis,
1879 3936 1938 3982 ut

371 4046 516 4086 unus
569 4029 679 4089 hic.
716 4036 980 4096 quatenus
1010 4024 1173 4079 homo
1206 4031 1308 4087 est,
1348 4030 1651 4075 moreretur
1696 4033 1797 4090 pro
1841 4033 1934 4089 po-

366 4121 515 4190 pulo.
545 4117 703 4175 Jesus
724 4117 889 4180 enim,
921 4114 1014 4184 qui
1041 4122 1288 4168 mortuus
1311 4120 1421 4175 est,
1449 4111 1610 4165 homo
1654 4119 1771 4175 est;
1791 4124 1933 4180 quo-

366 4214 514 4269 circa
566 4212 683 4281 ipse
737 4207 899 4264 etiam
946 4207 1167 4276 inquit:
1205 4223 1224 4257 (
1257 4203 1413 4259 Nunc
1458 4211 1640 4257 autem
1687 4204 1932 4272 quaeritis

367 4321 457 4362 me
487 4304 816 4367 interﬁcere,
851 4298 1151 4362 hominem,
1189 4298 1280 4367 qui
1312 4298 1528 4351 locutus
1578 4310 1696 4350 sum
1728 4295 1930 4350 verita»

366 4395 598 4452 tem”.i
641 4394 707 4448 Et
747 4390 1004 4462 quoniam
1055 4389 1217 4443 homo
1270 4387 1487 4457 quidem
1525 4395 1629 4452 est,
1662 4386 1753 4455 qui
1786 4398 1931 4439 mor-

2051 3206 2361 3277 «Συμφέρει
2389 3209 2543 3277 ἡμῖν,
2579 3206 2665 3258 ἵνα
2691 3201 2772 3270 εἷς
2803 3205 3087 3276 ἄνθρωπος
3109 3204 3383 3277 ἀποθάνῃ,
3412 3224 3431 3256 ι
3468 3206 3604 3275 φήσει

2043 3297 2139 3352 καὶ
2165 3299 2261 3352 ὅλα
2289 3298 2360 3350 τὰ
2402 3298 2543 3351 κατὰ
2569 3302 2659 3351 τὸν
2690 3300 2852 3351 τόπον
2881 3299 3218 3369 προφητείαν
3262 3294 3405 3352 εἶναι
3434 3297 3601 3368 ἀληθῆ,

2040 3391 2353 3462 ἀρχομένην
2386 3391 2493 3444 ἀπὸ
2518 3391 2613 3445 τοῦ
2636 3408 2648 3421 ·
2683 3409 2701 3442 ι
2724 3391 2912 3462 Ὑμεῖς
2939 3392 3038 3444 ούκ
3068 3391 3247 3444 οἴδατε
3277 3391 3461 3444 οὐδέν·
3488 3410 3505 3442 ι
3532 3391 3602 3442 οὐ·

2038 3482 2127 3536 δὲν
2154 3481 2265 3553 γὰρ
2293 3482 2513 3553 ᾔδεισαν
2541 3484 2590 3534 οἱ
2642 3481 2734 3535 τὸν
2777 3482 2982 3554 Ἰησοῦν
3018 3481 3093 3552 μὴ
3134 3481 3496 3553 γνωρίζοντες
3519 3482 3601 3532 Φα-

2040 3577 2239 3648 ρισαῖοι
2270 3576 2363 3629 καὶ
2392 3576 2687 3646 ἀρχιερεῖς,
2712 3576 2840 3629 ὄντα
2870 3575 3145 3646 ἀλήθειαν,
3169 3575 3262 3628 καί⁵
3290 3576 3497 3644 σοφίαν,
3525 3572 3601 3626 καὶ

2037 3666 2405 3738 δικαιοσύνην,
2436 3668 2531 3721 καὶ
2556 3669 2778 3739 εἰρήνην
2799 3684 2812 3696 ο
2850 3687 2869 3717 ι
2897 3667 3069 3731 Αὐτὸς
3097 3667 3204 3736 γάρ
3237 3668 3387 3720 ἐστιν
3412 3668 3445 3736 ἡ
3477 3666 3599 3735 εἰρή-

2038 3775 2102 3828 νη
2137 3758 2314 3830 ἡμῶν.
2346 3778 2364 3809 ι
2416 3758 2575 3812 Ἀλλά
2601 3760 2694 3812 καὶ
2737 3760 2837 3812 οὐκ
2863 3758 3166 3827 ἐλογίζοντο
3197 3751 3347 3812 οῦτοι
3375 3761 3425 3812 οἱ
3459 3759 3598 3829 μηδὲν

2037 3850 2257 3915 εἰδότες,
2288 3851 2408 3905 τίνα
2433 3851 2632 3923 τρόπον
2667 3851 2932 3923 συνέφερε
2964 3852 3059 3904 καὶ
3104 3851 3313 3916 αὐτοῖς,
3366 3852 3454 3905 ἵνα
3480 3850 3506 3902 6
3534 3844 3596 3911 εἷς

2035 3939 2210 4008 οὗτος,
2272 3943 2408 3997 καθὸ
2456 3943 2739 4015 ἄνθρωπός
2793 3946 2979 4007 ἐστιν,
3026 3942 3272 4017 ἀποθάνῃ
3338 3944 3476 4014 ὑπὲρ
3518 3941 3596 3995 τοῦ

2035 4034 2188 4088 λαοῦο
2249 4034 2534 4107 ἄνθρωπος
2608 4035 2716 4109 γάρ
2777 4037 2925 4088 ἐστιν
2993 4032 3278 4088 ἀποθανὼν
3364 4032 3554 4103 Ἰησοῦς
3580 4046 3592 4059 '

2034 4126 2114 4180 διὸ
2142 4126 2236 4180 καὶ
2261 4127 2421 4190 αὑτός
2449 4144 2579 4197 φησι
2606 4143 2619 4157 ·
2657 4144 2675 4176 ι
2700 4127 2813 4180 Νῦν
2832 4126 2889 4180 δὲ
2921 4124 3136 4197 ζητεῖτέ
3179 4142 3247 4196 με
3303 4125 3595 4178 ἀποκτεῖναι

2033 4217 2337 4289 ἄνθρωπον,
2364 4218 2423 4282 ὃς
2447 4216 2544 4289 τὴν
2573 4216 3143 4289 ἀλήθειανηλελάληκα.
3173 4236 3193 4267 ›
3226 4217 3340 4269 Καὶ
3372 4215 3486 4269 ἐπεὶ
3518 4213 3594 4267 ἄν·

2034 4312 2250 4384 θρωπος
2282 4309 2380 4382 μὲν
2426 4311 2570 4363 ἔστιν
2600 4312 2628 4364 ὁ
2662 4309 2970 4375 ἀποθανὼν,
3004 4311 3103 4363 οὐκ
3131 4306 3198 4382 ἦν
3242 4310 3302 4363 δὲ
3335 4310 3592 4380 ἄνθρωπος

2034 4405 2067 4474 ἠ
2095 4403 2340 4474 ἀλήθεια,
2372 4402 2523 4473 καὶή
2558 4400 2742 4471 σοφία,
2779 4401 2873 4455 καὶ
2908 4402 2941 4472 ή
2975 4402 3187 4473 εἰρήνη,
3219 4401 3315 4454 καὶ⁸
3344 4403 3377 4471 ἡ
3409 4398 3590 4451 δικαιο-

367 4498 492 4542 tuus
523 4496 643 4552 est;
677 4498 782 4539 non
817 4493 938 4538 erat
968 4490 1148 4535 autem
1191 4478 1355 4534 homo
1383 4478 1609 4543 veritas,
1636 4475 1926 4545 sapientia,

2082 4495 2183 4566 ἱνη,
2219 4496 2313 4547 καὶ
2365 4494 2494 4565 περὶ
2524 4484 2585 4544 οῦ
2627 4493 2955 4564 γέγραπται,
2987 4512 3005 4543 ι
3030 4492 3160 4557 Θεὸς
3191 4487 3259 4562 ἦν
3294 4492 3325 4543 6
3358 4491 3535 4559 Λόγος,
3569 4506 3586 4537 ι

364 4592 472 4648 pax
511 4585 567 4632 et
605 4574 834 4646 justitia,
863 4581 919 4628 et
944 4572 1010 4626 de
1031 4584 1138 4640 quo
1160 4568 1423 4640 scriptum
1445 4576 1567 4622 est:
1599 4585 1619 4618 ι
1643 4566 1785 4621 Deus
1811 4574 1930 4621 erat

366 4670 560 4725 Sermo
578 4666 623 4704 ⁸ο
648 4682 665 4727 ;
695 4684 713 4716 ι
750 4679 857 4719 non
901 4672 1147 4717 mortuus
1181 4668 1265 4714 est
1288 4657 1386 4731 ille
1440 4659 1581 4713 Deus
1619 4656 1831 4725 Sermo,
1876 4665 1932 4712 et

361 4773 589 4840 veritas,
617 4779 674 4826 et
701 4767 991 4840 sapientia,
1027 4775 1084 4820 et
1130 4764 1339 4835 justitia
1366 4778 1382 4817 :
1410 4763 1455 4818 si
1484 4763 1700 4834 quidem
1753 4762 1931 4832 imago

360 4872 650 4939 invisibilis
674 4877 794 4943 Dei,
821 4873 1220 4944 Primogenitus
1265 4870 1443 4926 omnis
1486 4878 1750 4925 creaturae
1774 4870 1817 4901 ⁸¹
1850 4870 1932 4924 in-

359 5000 535 5057 capax
568 4990 651 5039 est
685 4979 896 5036 mortis.
950 4977 1056 5032 Pro
1105 4974 1305 5047 populo
1344 4983 1526 5030 autem
1577 4975 1813 5031 moritur
1840 4973 1931 5031 hic

360 5095 523 5148 homo
563 5072 819 5145 omnibus
868 5083 1237 5140 animantibus
1295 5082 1506 5154 purior,
1559 5083 1654 5153 qui
1702 5090 1926 5152 peccata

360 5210 549 5255 nostra
601 5194 724 5251 tulit
758 5203 815 5250 et
851 5192 1195 5248 inﬁrmitates
1217 5191 1286 5258 °’,
1312 5190 1441 5262 quia
1466 5194 1668 5261 gposset
1704 5191 1923 5246 univer-

357 5321 475 5363 sum
527 5301 695 5359 totius
753 5297 937 5354 mundi
980 5305 1265 5367 peccatum
1297 5295 1350 5350 in
1391 5310 1453 5350 se
1501 5305 1780 5364 receptura
1814 5293 1924 5349 sol-

356 5427 505 5477 vere,
562 5420 619 5466 et
665 5418 1010 5468 consumere,
1054 5412 1114 5458 et
1150 5403 1360 5470 delere,
1425 5405 1683 5475 quoniam
1747 5422 1767 5456 ι
1801 5418 1924 5474 pec-

2032 4587 2133 4639 οὐκ
2164 4585 2434 4640 ἀπέθανεν
2481 4584 2510 4636 ὁ
2539 4583 2671 4649 Θεὸς
2703 4584 2895 4652 Λόγος,
2946 4583 3039 4638 καὶ
3086 4585 3120 4654 ἡ
3156 4583 3404 4653 ἀλήθεια,
3454 4578 3589 4648 καὶὴ

2034 4675 2215 4745 σοφία,
2249 4676 2344 4729 καὶ
2373 4677 2407 4745 ἡ
2445 4674 2790 4745 δικαιοσύνη·
2839 4673 3185 4737 ἀνεπίδεκτος
3230 4673 3341 4744 γάρ
3383 4673 3416 4743 ἡ
3448 4668 3587 4724 εἰκὼν

2030 4768 2124 4822 τοῦ
2157 4766 2291 4821 Θεοῦ
2327 4767 2418 4821 τοῦ
2453 4768 2706 4839 ἀοράτου,
2751 4764 3099 4838 Πρωτότοκος
3146 4764 3327 4835 πάσης
3361 4762 3585 4824 κτίσεως,

2038 4860 2288 4916 θανάτου.
2328 4861 2499 4933 ’Υπὲρ
2544 4860 2636 4914 τοῦ
2685 4858 2816 4913 λαοῦ
2862 4858 2920 4911 δὲ
2969 4856 3235 4912 ἀπέθανεν
3279 4850 3430 4918 οὗτος
3458 4855 3484 4906 ὁ
3508 4853 3587 4906 ἄν·

2037 4951 2270 5023 θρωπος,
2297 4949 2360 5004 τὸ
2402 4951 2616 5005 πάντων
2642 4948 2795 5014 ζώων
2818 4935 3217 5018 καθαρώτερον,
3243 4947 3390 5008 ὅστις
3417 4942 3507 5006 τὰς
3532 4941 3583 4993 ἀ-

2036 5040 2272 5112 μαρτίας
2293 5039 2448 5110 ἡμῶν
2486 5035 2609 5112 ἦρε,
2644 5039 2737 5093 καὶ
2776 5039 2874 5102 τὰς
2900 5037 3203 5102 ἀσθενείας,
3251 5038 3346 5091 ἆτε
3375 5034 3584 5103 δυνάμε-

2033 5150 2122 5197 νος
2148 5134 2325 5187 πᾶσαν
2362 5133 2460 5204 τὴν
2482 5133 2605 5186 ὅλου
2633 5130 2724 5185 τοῦ
2753 5132 2956 5202 κόσμου
2989 5130 3262 5202 ἁμαρτίαν
3305 5132 3384 5192 είς
3413 5125 3583 5180 ἑαυτὸν

2029 5225 2311 5281 ἀναλαϐὼν
2351 5227 2532 5289 λῦσαι,
2573 5210 2666 5280 καί¹
2711 5222 3066 5290 ἐξαναλῶσαι,
3117 5224 3212 5278 καὶ
3261 5220 3577 5291 ἐξαφανίσαι·

2030 5318 2153 5370 ἐπεὶ
2204 5316 2324 5389 «μὴ
2373 5317 2647 5389 ἁμαρτίαν
2699 5318 2943 5387 ἐποίησε,
2997 5315 3133 5387 μηδὲ
3192 5314 3388 5386 εὑρέθη
3452 5310 3580 5369 δόλος

2031 5409 2088 5461 έν
2128 5405 2207 5478 τῷ
2251 5408 2481 5480 στόματι
2509 5407 2695 5473 αὐτοῦ,
2726 5426 2744 5460 ›
2774 5407 2894 5461 οὐδὲ
2937 5406 3077 5475 έγνω
3104 5404 3392 5479 ἁμαρτίαν.
3442 5398 3579 5456 Κατὰ

460 5532 507 5563 ⁵⁸
531 5530 686 5584 Joan.
721 5542 797 5592 λι,
827 5525 916 5591 49,
942 5522 1032 5579 50.
1105 5522 1153 5594 ξ’
1178 5521 1340 5578 Hebr.
1369 5539 1428 5585 tt,
1468 5522 1524 5579 9.
1600 5523 1648 5555 "
1676 5521 1695 5575 Ι
1725 5523 1866 5579 Tim.
1899 5539 1926 5577 ι’

2082 5565 2093 5578 .
2184 5527 2230 5558 ⁸⁷
2252 5523 2411 5581 Joan.
2442 5543 2480 5591 I,
2515 5525 2607 5582 29.
2683 5525 2730 5557 ⁸⁸
2754 5522 2952 5594 Ephes.
2979 5520 3138 5589 11,14.
3210 5520 3259 5553 ⁸⁹
3285 5516 3441 5574 Joan.
3472 5528 3572 5574 vnn

357 5601 445 5654 40.
522 5601 566 5631 ⁸³
596 5598 755 5654 Joan.
787 5613 827 5661 t,
858 5596 913 5650 1.

432 5686 540 5759 (τε)
565 5689 762 5759 Eadem
796 5685 982 5759 Httetii
998 5684 1184 5749 editio,
1205 5683 1759 5759 ,ηιαΙᾳ-ἀκρομένους.

429 5754 542 5823 tit!)
580 5757 788 5814 Οὐδέν.
827 5756 1175 5813 Desideratur
1199 5755 1257 5811 in
1300 5754 1771 5811 editioneﬂuetii.

1009 5594 1053 5626 “
1088 5593 1298 5649 Coloss.
1331 5594 1466 5659 t,l5.
1542 5594 1589 5625 θ’
1621 5594 1747 5650 lsai.
1781 5610 1899 5659 LIII,
1942 5596 1997 5649 4.

2099 5682 2234 5755 (59‘)
2274 5681 2494 5755 Δῆλον.
2535 5679 2666 5739 Post
2698 5680 2839 5735 hanc
2878 5691 3064 5733 vocem
3105 5672 3443 5731 desideratur
3494 5662 3573 5726 ὡς,

2025 5754 2112 5808 vel
2145 5755 2249 5808 ὅτι.
2283 5754 2448 5809 Ευιτ.
