3712 6138
103 289 206 341 721

1106 289 1458 350 COMMENT.
1501 292 1568 347 IN
1606 291 1798 349 JOAN.
1839 291 2074 347 TOMUS
2108 290 2344 347 XXVIII.

3251 294 3377 348 79.2.

102 401 273 457 τοῦτο
320 405 370 459 δ’
417 399 568 477 οἶμαι
621 407 717 461 καὶ⁴
765 408 856 463 τὸν
908 408 1118 463 Παῦλον
1173 410 1450 481 εἰρηκέναι
1478 409 1568 464 ηοῦί

1914 426 1979 464 uu
2033 425 2139 465 non
2192 410 2360 474 fecit,
2411 423 2588 479 neque
2660 408 2906 464 inventus
2965 416 3050 463 est
3134 409 3187 464 in
3270 424 3380 464 ore

106 512 128 547 ι
179 496 296 549 Τὸν
358 497 431 568 μὴ
480 499 680 566 γνόντα
710 499 981 572 ἁμαρτίαν
1027 500 1166 572 ὑπὲρ
1212 501 1368 572 ἡμῶν
1421 502 1698 573 ἁμαρτίαν

98 587 399 658 ἐποίησεν,
438 588 525 641 ἵνα
562 592 722 660 ἡμεῖς
770 589 1055 662 γενώμεθα
1100 591 1415 663 δικαιοσύνη
1462 592 1597 647 Θεοῦ
1641 595 1699 645 ἐν

99 677 291 749 αὐτῷ’
361 698 381 731 ›
441 681 716 753 ἁμαρτίαν
765 688 872 753 γὰρ
924 682 1088 736 αὑτὸν
1126 683 1402 752 ἐποίησεν,
1436 680 1578 748 εἷπε,
1624 683 1701 756 μὴ

100 769 314 839 γνόντα
340 771 454 843 (40)
484 773 781 844 ἁμαρτίαν,
818 773 894 845 τῷ
936 774 1104 846 μηδὲν
1136 777 1301 831 αὐτὸν
1340 777 1701 848 ἡμαρτηκότα

98 862 206 926 τὰς
233 865 464 918 πάντων
485 866 759 937 ἁμαρτίας
787 867 1158 940 ἀνειληφέναι,
1190 869 1285 924 καὶ
1311 872 1360 924 εί
1393 870 1475 923 δεῖ
1499 870 1701 942 τολμή-

101 972 287 1009 σαντα
324 958 522 1020 εἰπεῖν,
573 958 747 1030 πολλῷ
790 960 989 1031 μᾶλλον
1033 960 1141 1015 τῶν
1178 960 1489 1017 ἀποστόλων
1532 960 1697 1015 αὑτοῦ

99 1049 514 1121 περικάθαρμα
538 1051 699 1106 αὑτὸν
730 1052 824 1106 τοῦ
861 1053 1064 1125 κόσμου
1098 1055 1401 1124 γεγονέναι,
1442 1055 1537 1109 καὶ
1562 1056 1698 1109 πάν-

97 1163 212 1201 των
240 1149 540 1220 περίψημα
564 1147 672 1201 τῶν
709 1148 1000 1202 εἰπόντων·
1044 1168 1063 1199 ‹
1108 1147 1196 1211 Ὠς
1242 1147 1699 1220 περικαθάρματα

95 1239 197 1293 τοῦ
262 1241 482 1311 κόσμου
530 1242 898 1312 ἐγενήθημεν,
966 1242 1184 1296 πάντων
1258 1239 1543 1313 περίψημα
1593 1239 1699 1302 ἕως

99 1331 253 1402 ἄρτι.
301 1350 321 1384 ι
366 1332 502 1402 Περὶ
539 1332 596 1385 δὲ
637 1332 732 1386 τοῦ
763 1332 1041 1396 πολλάκις,
1072 1331 1507 1403 ἐπικρατούντων
1536 1328 1697 1384 τινῶν

97 1422 367 1493 χαλεπῶν
385 1425 443 1476 ἐν
457 1423 534 1494 τῷ
548 1422 656 1477 τῶν
672 1422 971 1495 ἀνθρώπων
986 1423 1153 1492 γένει,
1165 1418 1274 1476 οἷον
1290 1421 1513 1493 λοιμῶν,
1531 1421 1565 1493 ἢ
1581 1422 1699 1473 ἐπι-

97 1517 326 1572 ϐλαϐὦν
362 1517 657 1589 νηνεμιῶν,
686 1517 718 1589 ἦ
747 1500 940 1587 λιμῶν,
971 1514 1191 1569 λύεσθαι
1206 1504 1523 1579 τὰτοιαῦτα,
1537 1515 1697 1569 οἱονεὶ

96 1609 559 1681 καταργουμένου
586 1607 681 1662 τοῦ
711 1607 1058 1679 ἐνεργοῦντος
1089 1607 1228 1662 αὐτὰ
1270 1607 1506 1679 πονηροῦ
1533 1606 1695 1661 πνεύ-

99 1718 298 1771 ματος,
332 1701 427 1755 διά
457 1700 518 1755 τό
549 1701 736 1755 ἐαυτόν
766 1718 888 1755 τινα
934 1700 1074 1770 ὑπὲρ
1112 1699 1206 1754 τοῦ
1243 1699 1423 1754 κοινοῦ
1470 1699 1691 1767 διδόναι,

1800 503 1918 572 ejus
1976 504 2131 558 dolus
2153 503 2266 568 ⁸⁸³,ι
2324 516 2499 572 neque
2550 500 2773 571 agnovit
2846 509 3153 570 peccatum.
3214 500 3379 557 Ilauc'

1801 597 1964 651 etiam
1988 595 2059 651 ob
2084 609 2302 650 causam
2327 594 2521 665 opinor
2554 593 2778 649 Paulum
2814 593 2897 649 sic
2925 594 3127 650 dixisse
3162 615 3176 651 :
3201 595 3375 670 393:

1806 706 1824 740 ι
1872 688 2032 751 Eum,
2081 689 2173 757 qui
2229 702 2336 741 non
2386 688 2538 740 novit
2593 697 2899 753 peccatum,
2927 699 3027 755 pro
3048 686 3365 756 nobispec~
3449 716 3477 775 ε.

1801 790 1982 833 catum
2029 778 2181 843 fecit,
2222 798 2240 830 ι
2284 779 2462 841 Deus;
2497 795 2516 829 ι
2553 785 2611 829 ιιι
2650 790 2751 830 nos
2780 773 3117 831 elﬁceremur
3147 775 3368 845 justitia

1802 872 1895 927 Dei
1929 872 1981 926 iu
2019 873 2135 941 ipso
2158 872 2203 904 “
2232 889 2245 924 :
2279 890 2298 923 ι
2333 879 2613 940 peceatum
2655 870 2825 938 enim,
2868 869 3027 935 dixit,
3072 870 3248 941 ipsum
3288 871 3367 925 le-

1800 964 1894 1029 cit,
1929 963 2019 1031 qui
2069 973 2349 1032 peceatum.
2394 977 2499 1021 uen
2544 960 2713 1025 novit,
2747 961 2873 1032 quia
2912 976 3034 1016 cum
3073 962 3187 1032 ipse
3225 961 3363 1017 nihil

1800 1054 2003 1124 peccati
2027 1054 2408 1120 commisisset,
2448 1054 2690 1108 omnium
2717 1053 2769 1107 in
2798 1066 2857 1108 se
2890 1062 3110 1121 peccata
3142 1066 3365 1123 recepe-

1800 1147 1905 1211 rit;
1928 1153 1984 1200 et
2009 1146 2056 1201 si
2091 1145 2356 1200 audacius
2389 1144 2536 1214 loqui
2576 1144 2883 1200 audendum
2920 1155 3024 1212 est,
3057 1144 3224 1200 multo
3250 1160 3364 1198 tua-

1798 1238 1881 1309 gis
1904 1253 2065 1307 quam
2095 1239 2275 1293 caeteri
2307 1238 2393 1294 sui
2425 1237 2680 1307 apostoli,
2722 1244 3131 1307 purgamentum
3175 1236 3365 1292 mundi

1798 1329 1978 1385 Iactus
2012 1328 2177 1384 fuerit
2213 1329 2713 1398 rejeetamentaque
2746 1330 2986 1384 omnium
3020 1329 3359 1385 dicentium:

1802 1439 1822 1473 ι
1851 1420 2017 1488 Quasi
2057 1430 2409 1491 purgamenta
2447 1420 2636 1474 mundi
2680 1418 2815 1473 l‘acti
2846 1435 3067 1488 sumus;
3114 1422 3358 1476 omnium

1798 1511 2180 1579 rejeetamenta
2213 1525 2386 1581 usque
2411 1511 2633 1565 nunc".
2657 1530 2676 1564 ι
2706 1511 2862 1578 Quod
2898 1523 3078 1574 autem
3110 1512 3361 1581 frequen-

1798 1609 1882 1679 ter
1913 1599 2368 1655 invaleseentibus
2392 1600 2550 1655 rebus
2580 1601 2903 1671 quibusdam
2935 1603 3164 1672 asperis,
3191 1604 3360 1659 veluti

1796 1703 1970 1763 peste,
1995 1691 2080 1746 vel
2105 1691 2266 1756 fame,
2296 1691 2379 1746 vel
2419 1691 2608 1746 nocuis
2639 1703 2922 1747 ventorum
2951 1694 3361 1764 agitationibus,

96 1790 298 1845 πολλαὶ
335 1792 595 1864 φέρονται
646 1792 932 1862 Ἑλλήνων,
975 1791 1069 1845 καὶ
1109 1790 1398 1863 βαρϐάρων
1440 1793 1562 1863 ίστοΙ

1896 1783 2174 1838 hominum
2215 1798 2433 1853 genere,
2468 1782 2751 1838 solvantur
2779 1785 2913 1852 haec,
2946 1786 3169 1852 abolito,
3208 1788 3357 1841 verbi

97 1882 199 1952 τὴν
244 1884 386 1955 περὶ
432 1882 526 1937 τοῦ
574 1882 814 1937 τοιούτου
866 1882 1073 1936 ἔννοιαν
1123 1883 1223 1935 οὐκ
1270 1883 1688 1949 ἀποπτυόντων,

94 1972 219 2027 οὐδὲ
250 1975 803 2045 ἀποδοκιμαζόντων·
840 1974 1068 2046 πότερον
1110 1975 1207 2045 μὲν
1234 1971 1328 2028 οὖν
1371 1976 1546 2047 ἀληθῆ
1576 1977 1691 2029 ἐστι

92 2065 160 2120 τὰ
181 2067 503 2140 τοιαῦτα,ἢ
534 2068 629 2139 μὴ,
658 2069 720 2121 ού
747 2069 839 2122 τοῦ
881 2068 1146 2140 παρόντος
1179 2068 1296 2121 ἐστὶ
1326 2068 1521 2140 καιροῦ
1571 2068 1689 2138 μετ’

91 2159 414 2224 ἐξετάσεως
454 2160 744 2213 διαλαϐεῖν.
796 2160 941 2231 Πλὴν
982 2163 1009 2213 ὁ
1044 2160 1343 2231 δυνάμενος
1386 2160 1527 2229 ὑπὲρ
1567 2160 1690 2214 ὅλου

95 2250 337 2321 κόσμου,
376 2252 464 2305 ἵνα
493 2254 601 2315 πᾶς
628 2253 656 2304 ό
683 2253 886 2322 κόσμος
910 2251 1179 2323 καθαρθῇ,
1212 2252 1572 2317 ἀναδέξασθαι
1598 2254 1690 2307 ἐπὶ

95 2342 395 2414 καθαρσίῳ
420 2342 606 2407 αὐτοῦ,
647 2343 979 2413 ἀπολομένου
1007 2343 1095 2401 ἂν,
1126 2345 1174 2397 εἰ
1215 2341 1289 2415 μὴ
1318 2342 1599 2410 ἀνεδέξατο
1627 2342 1688 2398 τό

98 2435 241 2507 ὑπὲρ
269 2433 447 2488 αὐτοῦ
478 2434 787 2499 ἀποθανεῖν,
822 2433 944 2487 οὔτε
980 2434 1258 2507 ἱστόρηται
1290 2432 1528 2500 πώποτε,
1561 2432 1687 2488 οὔτε

101 2526 466 2597 ἱστορηθῆναι
502 2526 747 2589 δύναται,
794 2527 957 2597 μόνου
1022 2525 1195 2599 Ἰησοῦ
1242 2523 1304 2579 τό
1335 2525 1553 2580 πάντων
1588 2525 1690 2590 τῆς

101 2617 384 2689 ἁμαρτίας
430 2618 647 2690 φορτίον
684 2620 748 2671 ἐν
797 2617 875 2689 τῷ
927 2618 1067 2690 ὑπὲρ
1119 2618 1227 2671 τῶν
1264 2618 1401 2672 ὅλων
1449 2637 1469 2668 ι
1522 2619 1691 2690 χωρὶς

102 2708 235 2762 Θεοῦ
269 2729 288 2761 ι
332 2709 555 2782 σταυρῷ
593 2710 881 2764 ἀναλαϐεῖν
925 2712 1010 2773 εἰς
1049 2708 1259 2773 ἑαυτὸν,
1296 2711 1391 2763 καὶ
1424 2710 1689 2781 βαστάσαι

103 2804 167 2873 τῇ
200 2804 419 2875 μεγάλῃ
456 2804 623 2858 αὑτοῦ
660 2803 803 2875 ίσχύῖ
830 2803 1211 2875 δεδυνημένου.
1244 2803 1357 2856 Καὶ
1391 2803 1503 2875 γὰρ
1536 2798 1691 2867 οὗτος

106 2893 263 2963 μόνος
297 2898 625 2968 ἐπιστήμων
654 2892 722 2968 ἦν
746 2895 840 2949 τοῦ
873 2896 1059 2967 φέρειν
1088 2895 1380 2966 μαλακίαν,
1417 2894 1493 2959 ὥς
1524 2912 1688 2965 φησιν

104 2984 132 3036 ό
159 2986 454 3056 προφήτης
498 2988 742 3055 Ἡσαΐας,
774 2988 963 3056 λέγων’
1000 3006 1017 3038 ι
1060 2987 1376 3057 Ἀνθρωπος
1416 2989 1473 3040 ἐν
1504 2986 1683 3059 πληγῇ

102 3073 193 3139 ὢν,
216 3076 310 3129 καὶ
335 3077 499 3141 εἰδὼς
528 3078 715 3149 φέρειν
751 3078 1042 3150 μαλακίαν.
1097 3097 1115 3130 ι
1160 3079 1270 3131 Καὶ
1308 3073 1460 3141 οὗτός
1489 3094 1554 3146 γε
1589 3077 1682 3142 τάς

104 3163 373 3237 ἁμαρτίας
429 3145 816 3238 ἡμῶν-ἔλαϐε,
871 3170 969 3222 καὶ
1013 3168 1415 3239 μεμαλάκισται
1457 3145 1548 3222 διά
1586 3168 1685 3232 τὰς
1710 3145 1755 3204 c

98 3256 323 3327 ἀνομίας
348 3261 381 3328 ἡ
402 3259 538 3329 μῶν,
565 3260 659 3313 καὶ
692 3262 725 3331 ἡ
749 3260 1068 3333 ὀφειλομένη
1100 3263 1231 3332 ἡμῖν
1255 3262 1337 3323 εἰς
1369 3260 1432 3313 τὸ
1459 3261 1684 3314 παιδευ-

101 3348 253 3419 θῆναι
286 3351 379 3404 καὶ
414 3352 636 3423 εἰρήνην
660 3351 945 3405 ἀναλαϐεῖν
967 3352 1187 3415 κόλασις
1213 3352 1298 3404 ἐπ’
1335 3351 1497 3406 αὑτὸν
1530 3350 1686 3421 γεγέ-

103 3457 274 3512 νηται.
301 3441 471 3497 Οὕτω
499 3442 608 3514 γὰρ
651 3443 833 3497 ἀκούω
874 3443 1078 3497 τούτων
1099 3440 1165 3495 ·’‹
1199 3442 1424 3498 Παιδεία
1461 3445 1685 3516 εἰρήνης

110 3531 259 3602 ἡμῶν
284 3533 371 3587 ἐπ’
420 3533 605 3588 αὐτόν.
645 3553 664 3586 ι
702 3534 855 3605 Τάχα
893 3534 951 3588 δὲ
989 3535 1103 3599 καὶ,
1139 3534 1261 3587 ἐπεὶ
1288 3554 1306 3585 ‹
1339 3533 1417 3605 τῷ
1458 3533 1683 3605 μώλωπι

109 3623 267 3677 αὑτοῦ
296 3628 465 3696 ἡμεῖς
500 3624 748 3697 ίάθημεν,
792 3644 810 3677 ι
848 3627 1099 3696 εἴποιμεν
1129 3626 1196 3680 ἀν
1233 3628 1282 3678 οἱ
1322 3625 1581 3691 ίαθέντες,
1617 3628 1685 3682 ἐκ

112 3711 201 3765 τοῦ
226 3713 464 3786 σταυροῦ
489 3713 733 3779 ἐλθόντος
756 3713 903 3785 αὐτῷ
932 3713 1024 3767 τοῦ
1053 3713 1334 3785 μώλωπος,
1363 3713 1442 3766 τό·
1476 3731 1495 3764 ι
1532 3712 1685 3784 Ἐμοὶ⁸

115 3804 170 3857 δὲ
194 3804 265 3876 μὴ
283 3806 497 3874 γένοιτο
516 3805 839 3876 καυχᾶσθαι,
859 3806 907 3858 εί
941 3804 1014 3875 μὴ
1039 3805 1097 3857 ἐν
1117 3804 1195 3874 τῷ
1223 3802 1437 3874 σταυρῷ
1459 3804 1551 3857 τοῦ
1577 3806 1683 3858 Κυ-

123 3893 231 3965 ρίου
254 3894 412 3966 ἡμῶν
437 3894 615 3965 Ἰησοῦ
650 3892 909 3966 Χριστοῦ,
936 3896 1000 3948 δι’
1032 3889 1093 3948 οὗ
1123 3894 1244 3964 ἐμοὶ
1267 3894 1467 3963 κόσμος
1492 3894 1681 3947 ἐσταύ-

123 4000 312 4054 ρωται,
338 3985 500 4054 κάγὼ
530 3985 606 4055 τῷ
643 3985 849 4055 κόσμῳ.
899 4003 918 4036 ι
950 3984 1147 4039 Τοῦτον
1178 3985 1266 4038 τὸν
1294 3985 1502 4054 Ἰησοῦν
1537 4003 1679 4052 παρ-

114 4075 303 4133 έδωκεν
330 4082 359 4135 ό
391 4081 586 4153 Πατὴρ
615 4082 738 4145 ταῖς
774 4080 1069 4151 ἁμαρτίαις
1099 4080 1275 4152 ἡμῶν,
1300 4081 1393 4135 καὶ
1425 4080 1495 4134 δι’
1515 4081 1685 4144 αύτάς

112 4166 183 4231 ὡς
206 4170 476 4239 πρόϐατον
509 4190 529 4223 ι
567 4173 660 4225 ἐπὶ
694 4173 908 4243 σφαγὴν
936 4171 1097 4243 ἡχθη,
1126 4172 1219 4226 καὶ
1247 4166 1322 4235 ὡς
1353 4172 1526 4243 ἀμνὸς
1548 4170 1682 4226 ἐνώ-

114 4276 230 4316 πιον
250 4264 343 4317 τοῦ
366 4263 652 4335 κείραντος
684 4264 915 4334 ἄφωνος.
954 4285 972 4316 ι
1007 4265 1211 4318 Τούτου
1240 4268 1297 4319 ἐν
1330 4269 1396 4338 τῇ
1423 4264 1682 4319 ταπεινώ-

118 4367 215 4415 σει,
258 4353 318 4423 liv
366 4375 386 4406 σ
439 4356 803 4409 ἐταπείνωσεν
842 4355 1055 4420 ἑαυτὸν,
1109 4359 1401 4428 γενόμενος
1443 4359 1681 4429 ὑπήκοος

1793 1875 1993 1945 gratia,
2038 1876 2229 1945 spiritu
2279 1874 2367 1929 illo
2414 1875 2554 1929 malo
2595 1876 2688 1944 qui
2726 1876 2841 1931 haae
2889 1880 3241 1947 operabatur,
3293 1895 3359 1935 eo

1792 1968 1933 2036 quod
1978 1968 2176 2037 aliquis
2205 1968 2444 2035 seipsum
2480 1982 2577 2036 pro
2608 1968 2879 2022 communi
2906 1969 3081 2024 salute
3126 1970 3359 2037 dederit,

1793 2059 2085 2114 multorum
2117 2069 2401 2114 auctorum
2437 2070 2665 2114 narrant
2699 2059 2960 2127 historiae,
3005 2072 3116 2115 tum
3142 2062 3362 2119 Graeco-

1789 2165 1932 2214 rum,
1968 2160 2077 2204 tum
2106 2151 2487 2215 barbarorum,
2518 2152 2662 2205 hanc
2687 2162 2928 2206 nostram
2947 2153 3358 2222 intelligentiam

1788 2256 1965 2311 neque
1990 2245 2382 2311 respueutium,
2405 2258 2582 2312 neque
2609 2245 3012 2312 reprobantium
3032 2262 3047 2297 :
3068 2260 3188 2315 qua:
3214 2261 3359 2302 vera:

1786 2335 1916 2403 sint,
1951 2351 2143 2402 necne,
2192 2351 2297 2391 non
2337 2347 2422 2392 est
2456 2336 2740 2405 praesentis
2791 2338 3051 2407 temporis
3102 2350 3360 2396 accurate

1786 2428 2097 2496 exquirere.
2130 2428 2517 2483 Verumtamen
2551 2429 2739 2483 uullibi
2787 2430 3053 2496 gentium,
3086 2430 3245 2485 nullis
3271 2432 3355 2486 hi-

1787 2520 1972 2575 storiis
2019 2519 2310 2588 aliquando
2357 2522 2672 2574 mandatum
2729 2530 2844 2585 est,
2887 2536 2950 2576 ac
2996 2536 3065 2576 ne
3109 2523 3353 2577 mandari

1788 2592 2006 2682 quidem
2038 2620 2239 2681 potest,
2268 2608 2435 2665 fuisse
2468 2612 2700 2681 aliquem
2730 2613 2820 2680 qui
2854 2626 2912 2666 se
2945 2614 3211 2681 reciperet
3259 2628 3355 2682 pro

1789 2718 1904 2764 toto
1924 2710 2123 2763 mundo
2149 2720 2377 2764 mortem
2393 2708 2686 2773 obiturum,
2713 2719 2770 2762 ut
2800 2720 2943 2764 tetus
2970 2709 3205 2764 mundus
3222 2725 3355 2779 pur-

1785 2810 2007 2871 garetur
2038 2799 2182 2855 illius
2206 2801 2528 2864 sanctitate;
2552 2801 2791 2869 alioquin
2822 2802 3146 2868 perdendus,
3170 2803 3223 2856 ui
3254 2818 3356 2867 pro

1786 2909 1854 2949 eo
1879 2894 2147 2948 servando
2183 2901 2410 2947 mortem
2433 2902 2751 2961 oppeteret:
2785 2893 2983 2963 quippe
3005 2897 3146 2963 quod
3186 2894 3353 2950 solius

1786 2986 1857 3041 sit
1886 2982 2015 3039 Jesu
2045 2998 2206 3053 posse
2234 2963 2476 3038 omnium
2519 2984 2727 3051 peccati
2754 2999 2892 3037 onus
2930 2985 2983 3038 iu
3010 2998 3071 3039 se
3108 2984 3352 3055 recipere

1784 3093 1877 3148 per
1898 3091 2115 3131 crucem
2154 3091 2252 3145 pro
2292 3074 2545 3129 omnibus
2573 3093 2592 3125 ι
2621 3076 2738 3130 sine
2773 3076 2881 3131 Deo
2910 3076 2976 3143 °°,
3008 3095 3027 3128 ι
3059 3086 3223 3146 atque
3262 3076 3351 3130 in-

1787 3171 2038 3238 gentibus
2065 3169 2179 3223 suis
2212 3169 2416 3222 viribus
2447 3168 2580 3223 illud
2604 3178 2840 3239 portare.
2871 3169 3070 3223 Calluit
3094 3170 3239 3224 enim
3264 3170 3355 3224 hic

1786 3260 1935 3316 solus
1980 3261 2123 3315 ferre
2168 3263 2506 3331 languorem,
2545 3270 2603 3316 ut
2651 3262 2829 3330 inquit
2868 3262 3035 3317 Isaias
3069 3264 3351 3332 pmpbeta,

1785 3350 1974 3405 dicens
2011 3366 2025 3402 :
2062 3367 2082 3401 ι
2120 3348 2294 3405 Homo
2323 3352 2378 3404 in
2413 3350 2569 3421 plaga
2597 3352 2889 3418 exsistens,
2918 3362 2975 3406 et
2995 3352 3173 3407 sciens
3209 3343 3355 3407 ferre

1787 3442 2101 3511 languorem
2125 3443 2190 3498 ⁸⁷.
2221 3463 2241 3496 ι
2271 3444 2449 3512 Atque
2477 3443 2564 3497 hic
2598 3460 2735 3500 sane
2766 3452 2987 3514 peccata
3036 3454 3224 3499 nostra
3255 3460 3373 3499 οε·-

1784 3537 1946 3607 cepit,
1980 3545 2035 3591 et
2066 3551 2209 3604 aegre
2244 3535 2469 3591 allectus
2508 3546 2592 3592 est
2640 3544 2862 3607 propter
2910 3536 3219 3606 iniquitates
3248 3552 3350 3591 uo-

1782 3640 1926 3684 stras
1957 3629 2027 3694 ⁸⁸,
2067 3629 2118 3683 iu
2151 3644 2318 3699 seque
2348 3629 2488 3685 facta
2508 3639 2592 3685 est
2612 3629 2977 3700 puuitio,qua:
3000 3631 3156 3686 nobis
3185 3631 3351 3685 debe-

1784 3721 1964 3787 batur,
2007 3731 2066 3777 ut
2098 3737 2287 3792 pacem
2326 3723 2685 3793 recipiamus,
2718 3722 2843 3778 dum
2876 3723 3160 3779 erudimur
3190 3724 3355 3779 eaSti-

1781 3812 1915 3881 sati.
1965 3812 2071 3869 Isto
2105 3829 2338 3884 namque
2383 3815 2544 3869 modo
2571 3813 2676 3869 hoc
2732 3812 2976 3884 intelligo
3004 3829 3017 3863 :
3046 3829 3070 3868 ι
3099 3813 3347 3868 Eruditio

1781 3905 1934 3976 pacis
1973 3914 2175 3961 nostra;
2202 3923 2367 3977 super
2393 3923 2517 3962 eum
2547 3907 2612 3962 ".
2654 3927 2674 3960 ο
2712 3906 2965 3963 Fortasse
3003 3916 3181 3963 autem
3217 3922 3351 3973 nos,

1781 3997 1908 4065 quia
1944 4015 1963 4049 ι
2001 3996 2176 4053 livore
2207 3996 2324 4066 ejus
2349 4000 2526 4054 sanati
2569 4014 2781 4065 sumus,
2824 4016 2844 4050 ι
2872 3998 3040 4055 livore
3089 4015 3156 4056 ex
3190 4013 3351 4054 cruce

1781 4088 1858 4143 illi
1888 4089 2218 4144 obveniente
2257 4091 2433 4145 sanati
2463 4092 2748 4146 dicemus:
2786 4109 2807 4143 ι
2838 4090 2965 4144 Mihi
2997 4101 3177 4146 autem
3208 4093 3352 4147 absit

1782 4178 2026 4249 gloriari,
2056 4180 2157 4235 nisi
2178 4181 2229 4233 in
2251 4196 2416 4235 cruce
2431 4180 2641 4236 Domini
2671 4180 2981 4236 nostrilesu
3001 4181 3224 4247 Christi,
3254 4198 3351 4252 per

1793 4286 1957 4342 quem
1983 4273 2113 4327 mihi
2149 4272 2379 4328 mundus
2396 4273 2687 4328 cruciﬁxus
2702 4283 2877 4339 est,et
2902 4290 3003 4343 ego
3028 4274 3345 4329 mundo".»

1781 4363 2041 4419 Traditus
2082 4373 2166 4419 est
2205 4379 2236 4418 a
2291 4364 2451 4420 Patre
2483 4376 2705 4436 propter
2756 4375 2980 4436 peccata
3019 4376 3205 4421 nostra
3257 4366 3345 4421 hic

119 4444 270 4517 μέχρι
312 4447 571 4514 θανάτου,
628 4448 861 4503 θανάτου
908 4449 967 4502 δὲ
1010 4449 1280 4522 σταυροῦ,
1339 4469 1357 4502 ι
1410 4452 1443 4522 ἡ
1499 4450 1585 4522 κρί

1884 4470 1978 4524 υε;
2008 4457 2102 4525 qui
2133 4456 2299 4511 etiam
2332 4468 2619 4527 propterea
2652 4474 2672 4508 ι
2710 4459 2777 4512 ad
2795 4458 3125 4512 occisionem
3154 4459 3350 4513 ductus

117 4534 247 4608 ἤρθη
266 4556 279 4569 ⁸
306 4540 449 4595 οὕτω
478 4541 588 4614 γὰρ
620 4541 804 4596 ἀκούω
834 4541 929 4595 τοῦ
947 4558 961 4572 ι
1002 4559 1020 4592 ι
1071 4541 1158 4595 Ἐν
1189 4544 1255 4613 τῇ
1283 4541 1583 4595 ταπεινώσε

1880 4587 1890 4614 ,
1917 4558 1977 4602 ιιι
2003 4562 2178 4617 agnus
2204 4563 2389 4603 coram
2431 4551 2691 4605 tondente
2721 4559 2904 4606 mutus
2929 4550 2995 4605 ⁷⁸.
3029 4568 3050 4601 ι
3089 4549 3261 4619 Hujus
3293 4553 3346 4605 in

117 4625 285 4694 κρίσις
311 4629 474 4685 αὑτοῦ
512 4631 688 4703 ἤρθη·
727 4652 746 4682 ι
778 4633 854 4696 ὠς
881 4629 1018 4685 εῖναι
1057 4631 1126 4685 τὰ
1153 4631 1315 4702 ἑξῆς·
1362 4633 1449 4686 Ἐν
1488 4635 1553 4703 τῇ
1583 4649 1681 4685 τα-

119 4716 360 4773 muribus:
406 4721 571 4776 αὐτοῦ
601 4724 634 4794 ἡ
670 4723 851 4794 κρίσις
892 4722 1066 4794 ἤρθη·
1105 4722 1278 4786 οὓτως
1318 4722 1431 4791 (41)
1472 4723 1529 4777 δὲ
1568 4725 1677 4778 ἀπὸ

119 4805 218 4859 τῶν
247 4810 479 4883 ἀνομιῶν
506 4813 600 4868 τοῦ
641 4814 769 4868 λαοῦ
802 4815 895 4869 τοῦ
944 4814 1078 4868 Θεοῦ
1113 4814 1252 4886 ἤχθη
1294 4816 1374 4879 είς
1421 4815 1671 4871 θάνατον.

121 4898 315 4955 υύκοῦν
345 4904 610 4958 ἀπέθανεν
636 4908 664 4959 ό
694 4905 978 4978 ἄνθρωπος
1015 4899 1172 4970 οὗτος
1206 4907 1346 4978 ὑπὲρ
1376 4908 1470 4961 τοῦ
1516 4907 1668 4972 λαοῦ,

121 4986 206 5038 καὶ
234 4988 319 5043 διὰ
341 4993 524 5047 τοῦτον
555 4994 675 5065 οὐχὶ
703 4995 820 5048 ὅλον
844 4993 905 5047 τό
935 4995 1085 5059 ἔθνος
1112 4995 1377 5050 ἀπώλετο.
1415 4997 1525 5049 Καὶ
1555 4997 1673 5050 ἐπί-

124 5092 324 5147 στησον,
375 5087 423 5138 εἰ
483 5084 725 5150 δύνασαι,
771 5085 831 5139 τὸ
880 5087 976 5157 μὲν
1028 5087 1196 5158 ὄνομα
1252 5088 1345 5142 τοῦ
1390 5087 1521 5142 λαοῦ
1577 5089 1673 5143 λα-

1781 4639 2107 4709 humilitate,
2140 4656 2247 4711 qua
2278 4660 2298 4692 ‹
2328 4642 2585 4697 humilem
2615 4644 2847 4713 prtebuit
2879 4644 3139 4714 seipsum,
3174 4644 3352 4700 lactus

1777 4744 2040 4801 obediens
2084 4760 2255 4816 usque
2293 4746 2361 4800 ad
2415 4758 2670 4813 mortem,
2713 4757 2945 4804 mortem
2989 4758 3167 4804 autem
3217 4764 3348 4804 cru-

1780 4854 1943 4919 eis",
1979 4874 1999 4908 ι
2029 4854 2298 4925 judicium
2338 4858 2607 4912 sublatum
2643 4870 2728 4914 est
2769 4868 2803 4913 ελ
2828 4860 2908 4914 sic
2953 4859 3097 4914 enim
3128 4859 3233 4915 hoe
3264 4860 3346 4914 in-

1782 4962 2011 5032 telligo:
2058 4982 2077 5016 ι
2111 4964 2166 5019 In
2224 4964 2531 5020 humilitate
2580 4964 2845 5035 judicium
2904 4964 3022 5034 ejus
3070 4966 3342 5021 sublatum

1776 5077 1861 5122 est
1887 5068 1976 5134 7’;
2005 5088 2023 5122 ι
2059 5071 2283 5137 perinde
2310 5085 2374 5125 ac
2411 5072 2616 5127 diceret
2650 5090 2664 5126 :
2703 5072 2761 5127 In
2788 5073 3094 5129 humilitate
3120 5072 3235 5142 ejus
3257 5074 3348 5144 ju-

122 5164 225 5220 ϐεἰν
269 5174 345 5237 εἰς
390 5179 513 5241 τοὺς
555 5179 619 5231 ἐκ
654 5179 974 5249 περιτομῆς,
1011 5180 1073 5232 τό
1102 5179 1159 5232 δὲ
1210 5180 1305 5233 τοῦ
1353 5180 1536 5245 ἔθνους

1888 5192 1975 5230 um
2020 5178 2294 5233 sublatum
2337 5189 2420 5233 est
2460 5195 2475 5233 :
2513 5178 2678 5251 394
2730 5188 2786 5235 et.
2840 5180 2944 5235 fuit
2994 5182 3094 5245 sic,
3123 5190 3347 5250 propter

123 5260 237 5324 τοὺς
276 5263 523 5334 λοιπούς’
566 5270 804 5326 ἀπέθανε
853 5272 964 5345 γὰρ
1009 5265 1164 5337 οὗτος
1199 5273 1228 5325 ό
1269 5274 1556 5346 ἄνθρωπος

1879 5281 2093 5351 luitates
2123 5283 2303 5353 populi
2337 5284 2457 5352 Dei,
2491 5286 2687 5342 ductus
2717 5287 2784 5342 ad
2812 5297 3067 5344 mortem.
3100 5286 3345 5342 Mortuus

128 5463 168 5498 ο,
196 5401 313 5498 ηῗῖ)
343 5405 708 5498 {Iw-.19.?
850 5410 973 5498 ‘f."
1001 5411 1135 5498 09!;
1165 5430 1219 5496 νε
1250 5414 1339 5468 91-
1416 5416 1479 5498 .“
1511 5414 1594 5498 HE

1876 5422 1911 5477 ἱ.
1977 5492 2001 5498 Α
2024 5423 2070 5456 ⁸⁸
2098 5422 2265 5498 Ilebr.
2290 5442 2352 5488 ιι.
2378 5427 2432 5483 9.
2517 5427 2587 5498 f’
2611 5426 2737 5483 Isai.
2771 5443 2891 5496 LIII,
2915 5428 2969 5484 Ξ.
3044 5427 3091 5459 ⁸⁸
3116 5427 3250 5483 ibid.
3286 5430 3342 5487 4.

195 5470 316 5527 ibid.
346 5477 399 5533 5.
471 5482 516 5513 ⁷ο
548 5470 727 5540 Galat.
761 5497 835 5550 v1,
865 5483 954 5538 l4.
1050 5470 1241 5539 “lsai.
1275 5501 1393 5554 Lm,
1416 5487 1470 5540 7.
1576 5470 1661 5543 τί]

1116 5470 1241 5539 Isai.
1275 5501 1393 5554 Lm,
1416 5487 1470 5540 7.
1576 5470 1934 5561 'iinili'pTli,
1973 5492 2028 5551 8.
2098 5470 2469 5564 ’ῖῖ’ἰὲέιὶ.”ιῖιί,
2503 5496 2561 5552 8.

213 5588 304 5691 £91
326 5596 497 5691 αοάεξ
534 5600 879 5691 Bodleian”,
904 5603 1185 5691 ﬁfolnajv,
1236 5601 1380 5690 εῖςπευ
1436 5607 1528 5691 τέγ
1585 5610 1660 5691 μὴ

1898 5616 1962 5691 il)
1995 5615 2210 5691 οίῖτως.
2237 5619 2327 5675 Sic
2360 5622 2533 5677 codex
2593 5620 2817 5691 Regius,
2870 5620 3161 5681 Ferrarius
3214 5638 3364 5682 vero.

128 5671 326 5725 γνοντα.
355 5677 407 5746 et
450 5672 528 5725 sic
591 5671 784 5743 legisse
832 5671 1064 5731 videtur'
1086 5672 1408 5745 Ferrarius;
1470 5671 1594 5751 Regi

128 5738 247 5785 vero
268 5742 461 5798 omittit
491 5736 631 5798 εῐπε.

1597 5671 1671 5738 ius
1776 5671 1985 5758 legebat
2009 5671 2186 5758 οὗτος,
2202 5671 2389 5748 'vé'r'ui
2398 5671 2581 5763 velt-iiii,
2593 5671 2726 5751 ῒὲί
2739 5671 2855 5749 "diu
3012 5671 3063 5747 ἶ
