3712 6138
417 238 526 298 125
1426 282 1429 287 λ
1873 246 1883 292 t

2160 242 2193 299 5
3551 240 3626 296 Tll

418 376 503 419 es:
542 359 707 432 igitur
743 360 833 416 hic
859 360 1022 416 homo
1065 374 1169 431 pro
1209 360 1445 433 populo,
1486 368 1542 418 et
1585 370 1808 433 propter
1838 363 1884 419 hi

2156 361 2255 415 ivov
2284 360 2424 432 ὑπὲρ
2443 357 2538 413 τοῦ
2571 356 2726 425 λαοῦ,
2760 356 2875 412 ἀλλ’
2911 356 2998 410 ἵνα
3026 356 3124 412 καὶ
3162 353 3239 430 μὴ
3278 355 3403 412 ὅλον
3429 355 3489 412 τὸ
3508 356 3622 425 ίθνος

421 469 528 506 non
572 461 683 507 tota
726 467 858 523 gens
898 452 1075 523 periit.
1108 453 1187 511 Ac
1239 454 1363 511 vide
1403 470 1531 510 num
1570 455 1753 527 populi
1788 470 1887 510 non

2155 452 2381 525 ιόληται,
2429 450 2561 505 ὡσεὶ
2611 449 2789 521 ἔλεγε,
2818 447 2880 502 τὸ
2908 447 3245 521 χρηματίζον
3267 447 3333 502 τὸ
3361 449 3505 514 ἔθνος
3534 452 3621 523 (42)

423 543 634 599 referre
707 543 890 613 possis
961 543 1028 599 ad
1096 558 1190 600 eos
1236 546 1328 614 qui
1393 555 1520 602 sunt
1584 561 1653 602 ex
1694 546 1889 603 circum

1607 562 1653 601 εκ
1694 546 1986 603 circumci-
2091 546 2188 601 καὶ
2208 544 2411 609 πάντες
2430 546 2487 599 οί
2515 543 2723 599 ἐθνικοὶ
2741 541 3073 597 ἀπόλωνται.

418 641 592 707 sione,
629 641 809 709 gentis
864 655 996 697 vero
1045 641 1112 697 ad
1163 653 1416 699 caeteros.
1452 643 1694 700 Mortuus
1741 644 1941 701 etenim
1976 652 2063 699 est
2092 644 2185 701 hic
2221 644 2410 710 homo,
2458 655 2565 697 non
2624 648 2831 694 tantum
2871 653 2969 708 pro
3009 637 3230 707 populo,
3268 637 3369 693 sed
3408 637 3553 692 etiam
3578 656 3626 697 ne

421 744 533 789 tota
590 750 722 798 gens
773 743 990 806 pereat;
1042 744 1300 808 tanquam
1356 738 1402 795 si
1435 739 1685 807 dixisset,
1727 754 1797 795 ne
1834 740 1926 810 qui
1956 747 2219 795 vocantur
2266 751 2399 809 gens
2442 736 2584 790 inter
2615 733 2830 789 Iudaeos
2861 741 2915 789 et
2944 748 3138 789 omnes
3164 732 3394 803 gentiles
3424 745 3624 802 pereant.

408 836 412 840 '
494 829 583 884 15.
622 830 719 887 His
774 830 1085 902 proximum
1124 840 1209 889 est
1246 850 1261 888 :
1292 851 1312 887 ι
1345 833 1460 891 lioc
1482 850 1513 889 a
1540 834 1831 905 semetipso

2169 832 2257 889 15.
2303 830 2459 903 Ἑξῆς
2478 828 2652 900 τούτῳ
2685 825 2797 900 (45)
2835 825 2955 880 ἐστὶ
2970 826 3066 880 τό·
3104 846 3124 879 ι
3164 825 3340 881 Τοῦτο
3365 825 3624 893 ἀφ’ὲαυτοῦ

423 921 561 977 dixit.
586 922 654 978 ⁷⁸.
691 941 710 975 ι
750 922 865 979 Hoc
896 922 1044 980 dicto
1077 939 1175 979 nos
1211 924 1426 981 discere
1467 926 1705 997 opinor,
1738 928 1889 996 quad

2161 942 2195 978 κ
2213 918 2383 977 εἶπεν.
2422 940 2442 975 ι
2486 921 2604 990 Ἀφ’
2632 912 2694 974 οὗ
2730 919 3021 991 μανθάνειν
3052 915 3205 990 οἶμαι
3242 918 3415 988 ἡμᾶς,
3444 917 3517 970 ὅτι
3537 918 3627 971 τινὰ

426 1006 796 1072 ιιοεἸιοιιιίιιεε
824 1031 854 1071 a
885 1016 1295 1087 nobismetipsis
1324 1015 1590 1087 proferre,
1623 1017 1773 1073 nullo
1796 1018 1892 1088 spil

2161 1032 2202 1069 εν
2232 1015 2282 1069 οἱ
2311 1012 2584 1085 ἄνθρωποι
2606 1012 2697 1084 ἀφ’
2726 1012 2933 1068 ἑαυτῶν
2956 1009 3204 1082 λέγομεν.
3232 1009 3498 1081 μηδεμιᾶς
3518 1010 3627 1081 ἡμᾶς

428 1113 525 1159 nos
548 1104 614 1159 ad
637 1103 690 1158 id
717 1104 1057 1173 impellente,
1095 1103 1200 1159 alia
1228 1119 1383 1170 vero,
1411 1104 1579 1160 veluti
1607 1104 1894 1159 insonante

2161 1101 2423 1174 εργούσης
2466 1102 2544 1165 είς
2600 1100 2667 1155 τὸ
2695 1100 2874 1171 λέγειν
2905 1101 3209 1172 δυνάμεως,
3253 1099 3421 1170 ἕτερα
3458 1099 3511 1151 δὲ
3552 1100 3627 1151 ὠσ-

427 1203 747 1267 snggerente
800 1196 957 1251 nobis
1006 1196 1204 1266 spiritu
1259 1198 1512 1266 quopiam
1558 1211 1680 1266 quae
1719 1196 1893 1252 dicam

2162 1195 2253 1268 ρεὶ
2293 1192 2629 1266 ὑπηχούσης,
2672 1195 2766 1249 καὶ
2787 1193 3190 1265 ὑποϐαλλούσης
3219 1191 3498 1262 δυνάμεώς
3518 1208 3628 1256 τινος

425 1289 639 1343 etiamsi
663 1288 885 1343 omnino
906 1303 936 1342 a
966 1287 1124 1343 nobis
1155 1301 1260 1343 non
1299 1287 1626 1354 alienemur,
1649 1297 1706 1343 et
1736 1288 1891 1342 incon

2161 1290 2227 1341 ιῖν
2252 1286 2323 1341 τὰ
2356 1284 2646 1357 λεγόμενασ
2682 1285 2786 1340 κᾶν
2838 1287 2915 1358 μὴ
2961 1285 3143 1340 τέλεον
3185 1283 3532 1354 ἐξιστάμεθα,
3560 1285 3627 1339 καὶ

427 1388 658 1446 quenter
700 1378 878 1435 aﬁ‘ecti
916 1394 1045 1450 erga
1083 1380 1199 1449 ipsa
1246 1392 1368 1449 quae
1414 1379 1666 1446 dicimus,
1704 1378 1893 1433 videan

2163 1376 2622 1451 ισιιρακολουθήτιος⁵
2664 1376 2860 1449 ἔχομεν
2917 1379 3129 1442 ἑαυτοῖς
3150 1415 3167 1442 ,
3238 1375 3380 1430 ἀλλὰ
3430 1376 3629 1446 δοκῶμεν

429 1470 518 1525 illa
560 1470 802 1541 assequi.
846 1471 1122 1543 Contingit
1165 1480 1377 1538 autem,
1419 1480 1481 1527 ut
1526 1478 1880 1541 assequentcs

2163 1468 2514 1543 ιρακολουθείν
2571 1461 2653 1532 οἷς
2693 1468 2942 1539 λέγομεν,
3003 1467 3277 1538 ἐνδέχεται
3336 1466 3629 1537 παρακολου-

427 1578 550 1634 quae
586 1564 832 1632 dicimus,
881 1580 989 1620 non
1021 1579 1380 1635 assequamur
1410 1564 1746 1619 voluntatem
1777 1570 1834 1618 et
1857 1577 1893 1619 ci

2161 1561 2321 1627 ῧντας
2356 1562 2507 1633 ἡμᾶς
2537 1562 2750 1624 ἑαυτοῖς
2779 1554 2813 1635 ᾖ
2838 1559 3093 1631 λέγομεν,
3130 1559 3207 1631 μὴ
3241 1558 3627 1630 παρακολουθεῖν

428 1632 607 1709 silium
652 1670 839 1710 eorum
876 1670 997 1725 quae
1030 1632 1321 1723 dicuntur;
1360 1654 1822 1727 quemadmodum
1850 1669 1894 1708 ni

2163 1675 2172 1707 ι
2200 1632 2501 1727 βουλήματι
2526 1652 2635 1709 τῶν
2670 1632 3005 1725 λεγομένων·
3036 1651 3228 1724 ὥσπερ
3273 1650 3375 1705 νῦν
3419 1651 3629 1719 Καϊάφας

427 1746 694 1816 Caiaphas
725 1747 992 1817 pontifex,
1013 1749 1107 1817 qui
1135 1762 1236 1803 nec
1262 1763 1293 1802 a
1330 1746 1619 1816 semetipso
1640 1745 1858 1801 locutus
1884 1763 1893 1797 ι

2162 1751 2435 1824 ίιρχιερεὺς
2472 1749 2565 1804 καὶ
2607 1748 2700 1819 ἀφ’
2746 1746 2941 1803 ἑαυτοῦ
2975 1747 3075 1801 οὐκ
3103 1742 3247 1814 εἷπε,
3287 1747 3388 1800 καὶ
3420 1745 3512 1799 οὐκ
3541 1741 3628 1798 tim

431 1852 531 1893 nec
555 1852 773 1894 sensum
806 1839 1017 1895 locutus
1047 1849 1152 1904 est,
1195 1847 1254 1893 ut
1290 1837 1663 1908 prophetiam,
1703 1835 1829 1907 quia
1868 1850 1897 1906 p

2161 1861 2185 1899 ν
2212 1843 2359 1908 νοῦν,
2398 1842 2475 1907 ὡς
2516 1842 2870 1914 προφητείαν,
2921 1839 3017 1896 καὶ
3055 1840 3153 1912 τὴν
3198 1839 3528 1911 προφητείαν
3560 1837 3627 1892 τοῦ

429 1927 667 1999 phetiam
701 1942 889 1984 eorum
908 1943 1030 2000 quae
1044 1927 1364 1999 loquebatur
1395 1941 1504 1982 non
1532 1925 1817 1983 intellexit.
1853 1924 1895 1991 Q

2163 1936 2388 2007 γομένου
2413 1934 2526 2007 (44)
2558 1935 2657 1987 οὐκ
2687 1933 2920 2005 ἐδέχετο.
2954 1933 3065 1988 Καὶ
3098 1931 3251 2004 παρὰ
3274 1932 3472 2003 Παύλῳ
3498 1931 3547 1985 δὲ
3574 1948 3629 1985 νο-

429 2019 570 2088 apud
621 2017 849 2074 Paulum
903 2018 1070 2074 etiam
1104 2026 1232 2082 sunt
1256 2018 1477 2089 quidam
1528 2017 1665 2087 legis
1718 2018 1895 2074 docto:

2159 2026 2473 2082 ιδιδάσκαλοί
2492 2025 2636 2089 τινές
2652 2027 2756 2079 είσι
2780 2044 2800 2079 ι
2832 2026 2908 2098 μὴ
2934 2024 3354 2097 νοοῦντες,μήτε
3378 2023 3414 2078 ἅ
3434 2023 3625 2091 λέγουσι,

431 2110 1020 2181 ιηεῳιείιιιειιίεειιιεε
1060 2126 1180 2182 qua:
1232 2111 1442 2178 dicunt,
1477 2123 1655 2180 neque
1695 2108 1763 2165 de
1798 2109 1897 2179 quij

2160 2120 2237 2193 ire
2270 2119 2400 2191 περὶ
2416 2117 2577 2173 τίνων
2596 2116 3054 2173 διαϐεϐαιοῦνται.
3096 2136 3116 2170 ι
3164 2116 3306 2170 Ἀλλ’
3331 2117 3429 2186 οὐχ
3450 2118 3477 2169 6
3505 2115 3626 2182 σοφὸς

431 2201 704 2256 afﬁrmant
730 2202 799 2258 ⁷⁸.
833 2222 853 2256 ›
888 2203 959 2258 At
990 2216 1121 2259 vero
1152 2203 1371 2274 sapiens
1394 2218 1498 2257 non
1536 2214 1621 2258 est
1657 2202 1897 2272 hujusmc

2159 2210 2354 2276 ιοῦτος,
2386 2210 2513 2282 περὶ
2540 2201 2601 2263 οὗ
2656 2226 2818 2281 φησιν
2857 2210 2916 2266 ἐν
2961 2209 3290 2280 Παροιμίαις
3319 2209 3350 2261 ὁ
3394 2208 3624 2278 Σολομιῖιν·

428 2294 621 2361 dequo
646 2292 883 2362 loquitur
915 2295 967 2348 in
999 2292 1314 2351 Proverbiis
1359 2292 1614 2350 Salomon
1659 2292 1790 2350 ille:
1827 2309 1848 2344 ι
1890 2299 1894 2347 :

2160 2299 2321 2370 Σοφὸς
2343 2300 2525 2372 νοήσει
2559 2299 2627 2353 τὰ
2659 2298 2765 2354 ἀπὸ
2793 2299 2921 2354 ἰδίου
2954 2300 3244 2371 στόματος,
3269 2301 3368 2354 ἐπὶ
3391 2298 3448 2354 δὲ
3468 2298 3626 2370 χείλεσι

428 2384 585 2453 piens
638 2384 902 2456 intelliget
950 2400 1071 2457 quas
1117 2401 1184 2442 ex
1222 2399 1322 2441 ore
1365 2400 1466 2442 suo
1496 2385 1814 2456 prodibuut,
1849 2394 1894 2442 et

2159 2391 2318 2463 πρήσει
2340 2388 2805 2461 ὲπιγνωμοσύνην.
2835 2408 2854 2442 ι
2885 2391 3040 2445 Δοκεῖ
3066 2390 3122 2444 δέ
3160 2407 3276 2461 μοι,
3319 2390 3401 2443 ὅτι
3446 2389 3532 2443 καὶ
3557 2405 3625 2440 πε-

427 2474 589 2532 lahiis
622 2478 737 2532 suis
771 2480 1012 2547 portabit
1044 2478 1377 2548 agnitionem
1401 2478 1470 2531 "°.
1513 2496 1535 2532 ι
1563 2479 1644 2534 Ac
1664 2493 1843 2534 meum
1866 2493 1893 2549 p

2159 2499 2344 2547 στασις
2362 2481 2508 2537 αἰτία
2535 2481 2666 2535 ποτὲ
2688 2480 2897 2551 γίνεται
2927 2481 3022 2537 τοῦ
3065 2481 3452 2554 προφητεύειν,
3479 2480 3625 2540 ὥσπερ

426 2565 569 2622 l‘ecto
595 2578 681 2623 est
697 2569 977 2637 judicium,
1006 2585 1192 2627 casum
1242 2569 1532 2641 aliquoties
1573 2570 1628 2625 in
1667 2584 1831 2626 causa
1868 2585 1892 2627 ε

2158 2573 2191 2627 Li.
2219 2572 2316 2629 νῦν
2354 2572 2433 2645 τῷ
2473 2573 2720 2645 Καῖάφᾳ,
2758 2572 2820 2626 τὸ
2860 2568 3000 2628 εἶναι
3052 2572 3214 2628 αὑτὸν
3270 2570 3524 2644 ἀρχιερέα
3558 2568 3624 2622 τοῦ

426 2659 813 2728 prophetandi,
859 2671 919 2717 ut
965 2676 1106 2717 nunc
1145 2661 1400 2733 Caiaphze
1429 2661 1484 2717 in
1512 2676 1678 2718 causa
1714 2661 1816 2716 fuit
1849 2678 1892 2734 (ιι

2161 2663 2341 2719 ιαυτοῦ
2391 2664 2599 2719 ἐκείνου
2629 2657 2673 2733 ᾧ
2706 2662 2931 2735 ἔμελλεν
2970 2665 3000 2718 6
3054 2663 3260 2736 Ἰησοῦς
3305 2663 3627 2732 ἀποθνήσκειν

431 2751 676 2827 pontifex
708 2761 855 2808 esset
882 2754 1007 2807 anni
1035 2753 1202 2820 illius,
1218 2769 1327 2825 quo
1357 2755 1651 2810 moriturus
1672 2763 1791 2809 erat
1808 2752 1897 2810 les

2161 2756 2239 2827 ιὲρ
2265 2755 2359 2810 τοῦ
2393 2755 2545 2822 λαοῦ,
2577 2756 2665 2811 ἵνα
2722 2754 2797 2829 μὴ
2826 2754 2948 2811 ὅλον
2983 2756 3044 2810 τὸ
3081 2756 3231 2820 ἔθνος
3264 2754 3546 2826 ἀπόληται·
3571 2752 3627 2805 6v-

429 2866 535 2904 nun
580 2856 788 2903 tantum
836 2861 936 2918 pro
985 2846 1212 2918 populo,
1245 2847 1341 2904 sed
1366 2863 1437 2904 ne
1478 2856 1592 2903 tota
1620 2862 1754 2919 gens
1781 2862 1895 2918 pert

2159 2866 2215 2903 ον
2236 2847 2345 2920 γὰρ
2367 2849 2459 2902 καὶ
2495 2847 2675 2904 ἄλλων
2702 2848 3025 2919 ἀρχιερέων,
3067 2850 3142 2912 ὡς
3169 2847 3329 2919 δῆλον
3355 2846 3413 2913 ἐξ
3435 2841 3502 2899 ὧν
3525 2861 3625 2916 προ-

427 2942 563 2998 Cum
585 2940 731 2996 enim
770 2938 860 2994 alii
896 2954 1111 3011 quoque
1136 2940 1419 3010 pontiﬁces
1457 2948 1664 3009 essent,
1701 2948 1759 2995 ut
1779 2955 1893 3010 per:

2156 2938 2469 3011 ιρεθέμεθα,
2526 2939 2699 3004 οὐδεὶς
2742 2937 3077 3011 προφητεύει
3117 2937 3210 3009 ἢὸ
3249 2936 3348 2990 τοῦ
3389 2933 3622 2998 ὲνιαυτοί,

428 3048 591 3088 cuum
627 3040 712 3086 est
738 3045 804 3086 ex
836 3030 918 3085 his
940 3046 1060 3099 quae
1090 3030 1147 3086 in
1176 3030 1408 3086 medium
1437 3031 1782 3100 protulimus,
1816 3034 1894 3086 nu;

2158 3032 2350 3104 ἔμελλε
2371 3033 2600 3104 πάσχειν
2618 3035 2646 3087 ὁ
2679 3031 2906 3104 Ἰησοῦς,
2931 3028 3236 3104 ἀρχιερεύς.
3266 3025 3623 3100 Περίστασιςδὲ

427 3123 741 3194 prophetat,
795 3120 898 3177 nisi
929 3121 1172 3194 pontifex
1207 3123 1333 3178 anni
1380 3121 1527 3179 illius
1576 3138 1686 3194 quo
1733 3138 1893 3194 passu

2158 3123 2459 3195 >οφητεύειν
2486 3124 2749 3195 πεποίηκε
2789 3124 2883 3178 καὶ
2913 3123 3006 3177 τοῦ
3033 3122 3205 3176 Σαοὺλ
3234 3120 3492 3191 ἀγγέλους
3520 3134 3624 3187 πεμ-

427 3229 552 3272 erat
601 3214 759 3272 Iesus
817 3230 1061 3270 summus
1105 3214 1371 3284 pontifex.
1424 3212 1613 3271 Itidem
1667 3229 1826 3270 casus
1868 3214 1893 3268 l7

2158 3214 2327 3279 Ιέντας
2348 3215 2441 3269 ἐπὶ
2463 3214 2555 3270 τὸν
2589 3214 2774 3282 Δαϐὶδ,
2802 3214 2896 3269 καὶ
2926 3214 3086 3269 αὑτὸν
3129 3213 3223 3267 τὸν
3256 3211 3456 3267 Σαούλ·
3499 3208 3624 3263 οἱονεὶ

428 3310 649 3365 nuntios
680 3306 954 3364 Saulisad
988 3306 1247 3363 Davidem
1279 3307 1493 3375 missos,
1539 3306 1829 3378 ipsumque
1855 3306 1893 3362 S

2156 3323 2204 3378 ιρ
2230 3304 2292 3360 τὸ
2319 3305 2501 3379 ζητεῖν
2536 3307 2734 3372 αὐτοὺς
2769 3306 2860 3361 τὸν
2909 3305 3075 3359 Δαϐὶδ
3110 3305 3282 3359 αἴτιον
3313 3304 3494 3373 γέγονε
3526 3317 3622 3371 πριι-

428 3404 558 3469 Ιειιι,
588 3402 957 3472 prophetare:
999 3400 1116 3456 fere
1149 3399 1299 3457 enim
1345 3401 1473 3471 quia
1514 3399 1847 3472 quaesierunt
1892 3402 1894 3453 ἶ

2158 3396 2342 3468 λτείας,
2375 3397 2511 3453 ἀλλὰ
2543 3399 2818 3470 τοιαύτης,
2848 3397 3007 3452 ὁποία
3033 3397 3466 3468 ἀναγέγραπται.
3503 3390 3624 3445 Ἀλλὰ

434 3496 545 3562 vid,
578 3494 797 3550 obvenit
820 3503 877 3547 ut
905 3492 1312 3563 prophetarent,
1338 3492 1434 3548 sed
1461 3505 1527 3548 eo
1553 3490 1712 3548 modo
1731 3507 1840 3563 quo
1865 3507 1900 3547 si

2154 3489 2190 3542 ι“ι
2219 3488 2445 3561 Βαλαὰμ
2474 3489 2575 3543 οὐκ
2606 3488 2693 3556 ἂν,
2730 3487 3015 3544 ἀναλαϐὼν
3059 3487 3156 3560 τὴν
3194 3485 3506 3559 παραϐολὴν
3538 3482 3620 3553 (45)

429 3598 578 3658 ptum
615 3593 718 3642 est.
754 3584 892 3652 Quin
932 3592 989 3638 et
1018 3582 1256 3650 Balaam,
1307 3593 1581 3654 assumpta
1609 3584 1867 3655 parabolu

2157 3580 2285 3647 ιτοῦ,
2332 3575 2454 3655 εἷπε
2509 3581 2638 3647 τδ,ι
2668 3582 2762 3635 Ἐκ
2809 3577 3233 3649 Μεσοποταμίας
3286 3573 3623 3650 μετεπέμψατό

429 3694 539 3733 non
570 3677 798 3734 dixisset
825 3692 839 3729 :
878 3694 898 3729 ι
932 3676 1011 3732 Ex
1043 3676 1432 3747 Mesopotamia
1460 3676 1747 3733 accersivit
1776 3678 1895 3733 me1

2156 3694 2188 3744 ε,
2224 3697 2243 3731 ι
2276 3679 2370 3733 καὶ
2400 3680 2469 3734 τὰ
2499 3677 2642 3749 ἑξῆς,
2676 3676 2750 3749 μὴ
2789 3676 2915 3730 ἰδὼν·
2963 3675 3056 3729 τὸν
3100 3675 3316 3748 Ἰσραὴλ
3352 3675 3622 3743 ἐστρατοπε-

424 3780 480 3826 ει
513 3785 634 3840 (ιιιαι
664 3777 988 3839 sequuntur,
1012 3767 1066 3822 ni
1100 3769 1323 3823 vidisset
1352 3768 1603 3824 lsraelem
1633 3777 1890 3825 castrame

2154 3769 2342 3838 υκύτα,
2379 3772 2475 3826 καὶ
2520 3771 2607 3827 ἀεὶ
2647 3770 2773 3826 ἄλλο
2815 3768 2977 3841 μέρος
3024 3766 3389 3841 στρατοπέδου
3432 3764 3619 3837 βλέπων.

430 3870 543 3914 tum
595 3857 762 3913 fuisse
804 3874 819 3912 :
857 3867 913 3914 et
972 3871 1190 3925 semper
1237 3857 1398 3913 aliam
1452 3866 1662 3928 partem
1716 3859 1896 3913 exerci

2154 3860 2206 3915 τὸ
2229 3862 2330 3934 τῆς
2360 3862 2678 3934 καινότητος
2702 3860 2795 3914 τοῦ
2829 3858 3158 3932 βλεπομένου
3180 3860 3411 3913 ἐκινεῖτο
3440 3854 3558 3928 πρὸς
3581 3850 3620 3904 τὸ

427 3950 641 4014 videns,
681 3963 750 4003 ex
799 3948 1041 4005 novitate
1081 3948 1162 4004 rei
1211 3958 1517 4023 conspectae
1565 3951 1886 4007 movebatur

1585 3951 1886 4007 novebatur
1925 3952 1995 4008 ad
2095 3954 2272 4026 λέγειν
2294 3953 2534 4031 περὶτοῦ
2572 3933 2806 4026 Ἰσραήλ,
3047 3933 3051 3939 ’

431 4042 718 4096 dicendum
750 4056 849 4110 pro
880 4038 1103 4098 Israele.

498 4132 661 4204 395
700 4132 790 4188 16.
822 4133 1120 4189 Moriturus
1149 4147 1283 4205 ergo
1313 4145 1435 4193 erat
1470 4137 1629 4194 Jesus
1661 4154 1758 4211 pro
1798 4148 1959 4210 gente

2168 4139 2256 4196 16.
2284 4139 2516 4210 Ἔμελλε
2542 4136 2720 4193 τοίνυν
2769 4134 2978 4208 Ἰησοῦς
3011 4132 3375 4206 ἀποθνήσκειν
3400 4130 3526 4198 ὑπὲρ
3546 4122 3616 4179 τώ

426 4239 549 4293 quae
592 4223 809 4278 diversa
840 4230 1015 4277 erata
1055 4220 1181 4279 ﬁliis
1230 4225 1323 4279 Dei
1373 4226 1659 4297 dispersis,
1689 4235 1748 4281 ut
1775 4242 1892 4297 pers

2152 4247 2300 4297 woug,
2329 4232 2467 4303 ὅπερ
2492 4229 2675 4302 ἕτερον
2701 4223 2769 4300 ἦν
2789 4227 2896 4281 τῶν
2930 4224 3426 4297 διεσκορπισμένων
3453 4220 3618 4274 τέκνων

424 4328 586 4370 cuum
610 4324 697 4369 est
717 4313 823 4385 hoc
850 4313 994 4369 dicto
1022 4331 1037 4367 :
1073 4330 1094 4366 ι
1126 4312 1392 4370 Futurum
1413 4327 1549 4383 erat,
1582 4326 1643 4371 ut
1669 4314 1826 4373 Iesus
1868 4333 1890 4370 ι

2153 4322 2255 4386 εοῦ,
2286 4321 2363 4385 ὡς
2402 4319 2558 4391 δῆλον
2600 4319 2666 4373 ὲκ
2692 4317 2785 4372 τοῦ
2806 4335 2820 4349 ο
2862 4336 2881 4371 ι
2935 4316 3142 4390 Ἰησοῦς
3177 4316 3399 4387 ἔμελλεν
3428 4309 3619 4376 ἀποθνή-

423 4416 637 4463 reretur
665 4422 768 4462 non
806 4416 1013 4462 tantum
1062 4421 1161 4478 pro
1208 4419 1396 4478 gente,
1426 4408 1519 4464 sed
1554 4411 1720 4465 etiam
1754 4420 1814 4466 ut
1848 4411 1889 4465 ﬁl

2152 4432 2244 4470 ιειν
2281 4415 2383 4485 οὐχ
2418 4398 2555 4485 ὗπὲρ
2594 4410 2691 4467 τοῦ
2735 4411 2920 4475 ἔθνους
2951 4410 3131 4482 μόνον,
3176 4408 3291 4462 ἀλλ’
3330 4409 3413 4461 [va
3451 4404 3532 4458 καὶ
3569 4397 3618 4452 τὰ

424 4498 549 4564 Dei,
573 4499 666 4569 qui
695 4498 923 4569 dispersi
957 4512 1135 4565 erant,
1171 4488 1526 4572 congregaret
1560 4503 1613 4556 in
1649 4517 1812 4555 unum
1848 4503 1890 4535 ⁷⁸

2147 4506 2258 4560 ἱκνα
2283 4505 2375 4559 τοῦ
2402 4504 2537 4557 Θεοῦ
2560 4503 2629 4558 τὰ
2651 4501 3105 4573 διεσκορπισμένα
3134 4498 3411 4570 συναγάγῃ
3432 4498 3503 4558 είς
3517 4493 3613 4545 ἓν.»

422 4590 656 4657 Quinam
686 4604 819 4645 vero
849 4588 964 4655 alii,
999 4598 1198 4660 praeter
1238 4600 1449 4660 gentes,
1490 4590 1582 4646 ﬁlii
1615 4590 1710 4646 Dei
1755 4593 1888 4662 dispt

2148 4595 2228 4648 Eva.
2282 4594 2339 4648 δὲ
2386 4594 2459 4647 τά
2519 4593 2669 4666 παρὰ
2711 4591 2774 4646 τὸ
2825 4592 2976 4657 ἔθνος
3013 4587 3462 4662 διεσκορπισμένα
3487 4583 3614 4637 τέκνα

420 4690 607 4738 essent
641 4696 788 4736 nunc
825 4689 1037 4751 tempus
1081 4689 1166 4736 est
1206 4696 1450 4750 quaerere
1481 4699 1495 4737 :
1533 4682 1599 4737 de
1628 4683 1847 4753 quibus,

2150 4685 2250 4750 εοῦ,
2272 4685 2368 4740 νῦν
2395 4686 2584 4758 καιρὸς
2608 4685 2710 4757 ἤδη
2741 4685 2944 4756 ζητεῖν.
2972 4683 3108 4756 Περὶ
3144 4682 3347 4737 τούτων
3383 4680 3442 4751 δὴ
3468 4681 3510 4732 oi
3542 4674 3616 4746 μὲν

420 4782 647 4828 naturas
672 4773 1043 4838 introducunt,
1085 4773 1285 4827 dicturi
1325 4783 1452 4829 sunt
1485 4774 1606 4830 illos
1655 4776 1747 4846 qui
1778 4776 1886 4845 judi

2150 4779 2197 4843 ις
2222 4777 2414 4848 φύσεις
2433 4777 2741 4846 εἰσάγοντες
2769 4775 2904 4847 (46),
2945 4778 3071 4841 τοὺς
3110 4775 3231 4829 κατ’
3273 4771 3464 4835 αὐτοὺς
3501 4782 3616 4822 πνευ-

419 4879 604 4920 eorum
633 4874 761 4919 sunt
794 4864 1122 4933 spirituales,
1152 4864 1291 4921 ﬁlios
1326 4878 1446 4921 esse
1481 4867 1598 4935 Dei,l
1628 4867 1885 4941 spiritual‘

2145 4871 2358 4935 ιιτικοὺς
2397 4871 2661 4942 φήσουσιν
2696 4864 2931 4925 εἶναιτὰ
2956 4867 3122 4921 τέκνα
3159 4867 3253 4921 τοῦ
3293 4864 3444 4931 Θεοῦ,
3483 4876 3611 4914 πνευ-

419 4971 527 5012 non
555 4954 916 5024 dijudicantes
962 4959 1170 5012 omnia.
1222 4957 1336 5013 Hoc
1389 4959 1534 5014 enim
1582 4960 1764 5015 dicere
1792 4976 1885 5015 con

2146 4962 2340 5027 ατικῶς
2387 4964 2489 5016 οὐκ
2530 4961 2918 5032 ἀνακρίναντες
2958 4960 3194 5024 πάνταςο
3226 4958 3380 5012 τοῦτο
3404 4955 3499 5027 γὰρ
3519 4951 3612 5005 ἁκο-

419 5063 589 5119 quens
604 5035 792 5104 est'eos
805 5047 895 5119 qui
911 5056 1130 5105 naturas
1140 5062 1262 5105 esse
1277 5050 1611 5119 existimant,
1629 5051 1885 5123 intelliger

2143 5055 2271 5110 ιυθεί
2331 5055 2507 5126 λέγειν
2563 5056 2675 5118 τοῖς
2752 5053 2943 5124 φύσεις
3000 5049 3140 5107 εἶναι
3195 5051 3476 5123 οἰομένοις,
3539 5042 3609 5097 καὶ

522 5232 573 5266 ⁷⁵
600 5231 758 5288 Joan.
780 5248 859 5302 ιι,
888 5233 980 5289 51.
1077 5235 1123 5268 ’⁸
1146 5235 1164 5290 l
1191 5234 1334 5292 Tim.
1366 5252 1406 5302 ι,
1439 5236 1492 5293 7.
1564 5237 1610 5270 ⁷⁸
1631 5234 1792 5292 Prov.
1822 5253 1934 5305 va,
1956 5239 1988 5293 2

1829 5253 1934 5305 va,
1956 5239 2047 5297 25.
2144 5237 2190 5270 ⁷⁷
2213 5235 2373 5291 Num.
2401 5249 2560 5302 χχιιι,
2590 5234 2644 5288 7.
2746 5234 2791 5266 ⁷⁸
2811 5232 2966 5289 Joan.
2994 5249 3069 5298 ιι,
3096 5232 3187 5299 51,
3209 5232 3295 5287 52.

491 5327 604 5399 (42)
632 5327 808 5401 Editio
832 5325 1010 5401 ﬂuetii
1043 5341 1327 5401 perperam
1352 5330 1406 5401 in
1433 5340 1580 5386 textu
1598 5331 1780 5394 habet,
1807 5328 1957 5401 ἔλεγε

2168 5329 2282 5401 (45)
2315 5325 2812 5401 Παραϐολήνηὸἰε
2843 5330 3182 5401 τεειεεοςίει
3212 5320 3604 5401 Ηεεῐιιςςμιῖειητ

419 5397 481 5470 το
503 5395 836 5470 ’χρηματίζω
866 5395 1262 5464 ἐθνος,ἐοίιῑιίι
1290 5400 1450 5456 ﬁdem
1484 5401 1689 5458 codicis
1740 5401 1885 5457 BOdlt

2135 5395 2216 5456 ius
2246 5395 2374 5453 vero
2402 5395 2596 5470 legisse
2622 5395 2839 5470 videtur
2867 5396 3157 5470 ἀναϐολὴν,
3185 5399 3343 5451 vertit
3362 5395 3513 5470 enim.
3537 5395 3601 5470 9'“

423 5466 667 5540 ιιΞη-ζξί-
727 5537 740 5540 _
843 5536 874 5540 _
961 5537 974 5540 _
1159 5537 1184 5540 μ
1391 5539 1399 5540 ί
2099 5471 2394 5540 recepisset
2417 5468 2752 5533 dilationem,
2780 5467 3029 5532 dixisset,
3067 5488 3086 5520 ι
3117 5478 3251 5533 ειε.,
3285 5466 3408 5520 utin
3452 5469 3603 5515 nostro

495 5536 609 5610 (ᾗ)
630 5537 810 5610 godex
825 5536 1064 5610 Regius,
1092 5537 1271 5610 τοῦτο.
1298 5539 1458 5598 male.

2118 5536 2265 5610 extu.
2442 5607 2451 5610 Α
2578 5609 2582 5610 ν
2728 5608 2737 5610 _
2936 5605 3028 5610 ί,

492 5602 604 5675 (44)
631 5605 725 5660 Sic
747 5602 1109 5682 habet-code);
1133 5608 1481 5682 Bodleianns;
1514 5611 1567 5682 in
1611 5610 1779 5679 Regio
1807 5618 1958 5668 autcu

2167 5608 2278 5682 (46)
2298 5610 2362 5662 Οἱ
2381 5607 2497 5678 μὲν
2527 5609 2635 5676 τὰς
2662 5608 2876 5679 φύσεις
2897 5605 3255 5676 εἰσάγοντες.
3273 5602 3595 5661 Valentiniani,

428 5681 516 5729 tau
527 5676 797 5734 tummodo
824 5676 1040 5749 legitur,
1073 5678 1149 5744 ὡς
1174 5676 1506 5749 προφητείαν
1532 5676 1847 5748 λεγομῖένου.

1129 5696 1149 5744 ς
1174 5676 1506 5749 προφητείαν
1532 5676 1847 5748 λεγομῖένου.
2097 5676 2395 5748 (ἱειιιιῖιιιιε
2411 5695 2595 5748 supra.
