3712 6138
91 282 199 338 7‘33

1101 278 1460 337 COMMENT.
1504 278 1571 334 IN
1610 275 1801 334 JOAN.
1838 271 2075 332 TOMUS
2109 269 2348 329 XXVIII.

3259 259 3362 315 79.6

83 405 242 478 παρά
283 405 349 460 τὸ
377 406 472 460 τοῦ
501 405 615 478 (47)
660 405 983 460 Ἀποστόλου
1033 404 1280 476 βούλημα
1313 405 1514 457 ἐννοεῖν
1556 403 1677 467 τοὺς

1851 413 1890 455 με
1920 395 2246 453 vocabulum
2285 389 2598 462 spirituales
2629 394 2827 458 praater
2858 381 3190 439 voluntatem
3217 383 3364 452 Apo-

85 517 224 552 πνευ
241 501 530 572 ματικοὺς,
584 498 960 564 διδάσκοντος,
1015 499 1097 552 ὅτι
1135 517 1153 550 ι
1203 499 1261 550 Ὁ
1315 495 1685 568 πνευματικὸς

84 593 382 666 ἀνακρίνει
431 593 627 656 πάντα,
674 592 769 645 καὶ
821 592 912 645 ὑπ’
965 589 1176 654 οὐδενὸς
1220 591 1604 662 ἀνακρίνεται·
1635 605 1680 642 ‘r

81 682 177 736 τού
191 703 274 756 τῳ
303 684 363 739 δὲ
391 682 691 748 ἀκολουθεῖ,
739 684 829 738 τὸν
882 682 955 754 μὴ
1000 682 1362 753 ἀνακρίνοντα
1399 682 1574 736 πάντα
1609 681 1684 752 μὴ

83 771 233 831 εἶναι
292 779 696 851 πνευματικὸν,
743 777 778 848 ἦ
840 775 1064 848 μηδέπω
1110 771 1249 829 εἶναι
1295 773 1684 847 πνευματικόν.

97 867 270 924 Ἀλλά
293 873 392 925 κα).
423 872 477 926 εἴ
503 891 586 936 τις
609 872 713 925 ὑπό
734 887 879 935 τινος
911 868 1284 942 ἀνακρίνεται,
1312 867 1436 921 ἐπεὶ
1464 868 1492 920 ὁ
1526 883 1684 921 πνευ-

91 963 332 1033 ματικὸς
375 965 466 1017 ὑπ’
497 963 708 1027 οὐδενὸς
741 964 1110 1034 ἀνακρίνεται,
1145 961 1244 1014 οὐκ
1285 959 1398 1013 ἐστι
1437 976 1683 1030 πνευμα-

86 1053 265 1118 τικὸς,
292 1053 457 1124 ἢούκ
484 1054 599 1108 ἔστι
651 1073 738 1109 πω
771 1053 1154 1126 πνευματικός.
1190 1052 1408 1124 Μήποτ’
1446 1047 1539 1106 οῦν
1564 1051 1685 1123 βέλρ-

86 1162 204 1199 τιον
228 1145 437 1215 λέγειν,
465 1147 546 1200 ὅτι
567 1146 773 1216 γίνεταί
793 1163 878 1210 τις
906 1145 1294 1216 πνευματικὸς,
1325 1144 1388 1197 οὐ
1421 1143 1684 1214 πρότερον

86 1235 184 1301 ὢν,
219 1238 378 1302 ὅστις
406 1239 504 1311 ήδη
541 1239 639 1292 καὶ·
667 1238 874 1312 κυρίως
913 1239 1061 1293 ἐστὶν
1093 1238 1206 1301 υίὸς
1245 1235 1408 1290 Θεοῦ.
1437 1234 1571 1288 Τίνα
1592 1230 1685 1289 οῦν

87 1330 206 1382 ἐστι
243 1329 319 1383 τά
350 1330 618 1402 λεγόμενα
656 1329 751 1384 νῦν
796 1329 963 1384 τέκνα
1005 1328 1166 1396 Θεοῦ,
1213 1330 1262 1382 εί
1298 1330 1371 1400 μή
1406 1329 1513 1380 είσι
1543 1325 1686 1380 κατὰ

85 1422 218 1486 τοὺς
250 1423 578 1491 εἰσάγοντας
619 1422 720 1486 τάς
765 1422 955 1492 φύσεις
999 1422 1376 1493 πνευματικοὶ,
1411 1420 1529 1493 ὥρα
1569 1437 1686 1472 σκο-

88 1517 248 1567 πεῖν·
292 1517 392 1568 κα¹ι
425 1516 526 1587 ὅρα
552 1516 600 1568 εἰ
632 1515 800 1568 τέκνα
845 1513 979 1567 Θεοῦ
1023 1514 1486 1586 διεσκορπισμένα
1522 1513 1686 1585 ἔτερα

1786 487 1910 549 ἐιοΙί
1952 489 2184 546 dicentis
2204 487 2294 539 "z
2335 503 2354 537 ι
2389 479 2702 553 Spiritualis
2750 478 2934 532 omnia
2971 474 3265 544 diiudicat,
3303 483 3360 530 et

1788 585 1901 655 ipse
1939 599 1968 636 a
2004 581 2151 636 nullo
2188 578 2550 648 diiudicatur;
2584 592 2603 626 ι
2636 571 2834 643 quibus
2866 569 3047 624 verbis
3091 565 3360 629 edicitur,

1787 686 1846 730 ut
1871 676 1962 745 qui
1994 675 2174 730 omnia
2218 687 2327 728 non
2365 669 2642 740 diiudicet,
2677 664 2760 718 vel
2792 678 2896 717 non
2923 662 2996 716 sit
3033 660 3357 730 spiritualis,

1785 767 1873 822 vel
1904 768 2139 822 nondum
2171 766 2248 820 sit
2278 761 2604 835 spiritualis.
2635 756 2777 826 Quin
2815 755 2860 812 si
2883 754 3004 825 quis
3031 752 3367 822 diiudicatur.

1785 860 1853 915 ab
1874 859 2073 926 aliquo,
2111 856 2370 927 quoniam
2401 849 2704 923 spiritualis
2730 862 2762 902 a
2814 846 2961 902 nullo
3002 845 3354 914 diiudicatur,

1786 952 1874 1007 vel
1905 965 2007 1006 non
2034 959 2124 1004 est
2153 945 2469 1018 spiritualis,
2506 942 2590 997 vel
2611 941 2845 997 nondum
2867 937 3205 1008 spi-ritualis..
3224 935 3374 992 Vide-

1786 1059 1914 1099 vero
1965 1059 2034 1097 an
2084 1055 2189 1096 non
2236 1039 2432 1094 melius
2471 1033 2756 1090 dicendum
2813 1031 2887 1087 sit
2938 1029 3077 1085 eiiici
3121 1028 3362 1099 aliquem

1784 1134 2146 1207 spiritualem,
2185 1132 2276 1204 qui
2313 1139 2614 1186 anteauon
2659 1132 2826 1192 esset,
2860 1122 2954 1192 qui
2990 1120 3209 1192 proprie
3242 1119 3355 1189 iam

1787 1231 1929 1284 ﬁlius
1976 1228 2138 1284 etiam
2173 1224 2268 1280 Dei
2302 1231 2405 1278 est.
2445 1220 2678 1288 Quinam
2728 1217 2896 1287 igitur
2933 1215 3042 1270 sint
3084 1215 3177 1283 qui
3212 1226 3358 1266 nunc

1785 1321 2037 1375 dicuntur
2062 1317 2159 1373 ﬁlii
2191 1315 2308 1381 Dei.
2342 1313 2388 1369 si
2414 1327 2520 1367 non
2546 1319 2672 1365 sunt
2692 1307 2749 1362 hi
2773 1307 2867 1378 qui
2898 1303 3212 1376 spirituales
3227 1309 3357 1358 sunt

1779 1410 1982 1480 iudicio
2012 1425 2198 1465 eorum
2222 1407 2313 1478 qui
2355 1414 2580 1460 naturas
2614 1401 2990 1465 introducunt,
3031 1406 3243 1467 tempus
3272 1401 3358 1450 est

1783 1504 2180 1560 considerare:
2215 1509 2275 1555 et
2303 1497 2428 1553 vide
2457 1512 2524 1549 an
2573 1492 2717 1548 ﬁlios
2770 1492 2864 1547 Dei
2890 1491 3189 1561 dispersos,
3219 1486 3356 1544 alios

88 1606 245 1679 παρὰ
287 1606 353 1661 τὸ
394 1607 546 1672 ἔθνος
581 1607 807 1661 δύνασαι
843 1609 982 1660 νοεῖν
1029 1609 1157 1671 τοὺς
1201 1607 1323 1679 ήδη,
1372 1606 1461 1660 ὅτε
1509 1605 1677 1659 ταῦτα

1851 1594 2112 1668 gentibus,
2139 1589 2442 1660 intelligere
2471 1584 2651 1655 possis
2687 1597 2781 1638 eos
2801 1595 2922 1639 esse
2958 1581 3049 1650 qui
3077 1579 3189 1650 iam
3217 1577 3353 1650 iusti

88 1671 334 1769 ἐλέγετο,
398 1671 640 1764 δικαίους
683 1703 740 1754 ὲν
788 1699 931 1771 Θεῷ,
979 1700 1090 1754 εἴτε
1140 1671 1677 1772 προκεκοιμημένους

1851 1697 1940 1743 ant
1979 1687 2034 1742 in
2080 1684 2215 1751 Deo,
2259 1698 2382 1738 cum
2415 1683 2534 1736 haec
2573 1685 2784 1734 tantum
2833 1674 3178 1739 dicerentur;
3238 1671 3356 1727 sive

87 1757 464 1865 πατριάρχας,
525 1792 560 1864 ἢ
619 1757 937 1865 προφήτας,
995 1794 1030 1864 ἦ
1077 1757 1229 1856 τινας
1285 1757 1500 1855 ἀλλέυξ
1527 1757 1677 1844 ὲκλεἐ

1858 1780 2131 1835 triarchas
2165 1778 2255 1848 qui
2286 1775 2397 1845 iam
2425 1784 2588 1828 antea
2643 1785 2676 1826 e
2718 1769 2829 1824 vita
2864 1773 3232 1830 excesserant,
3267 1763 3352 1816 vel

85 1885 253 1948 κτοὺς
292 1885 393 1938 τοῦ
437 1884 593 1950 Θεοῦ,
648 1885 758 1937 εἴτε
817 1885 914 1939 κα)⁸
973 1885 1099 1948 τοὺς
1147 1885 1249 1956 ήδη
1303 1883 1422 1937 τότε
1469 1882 1679 1955 ίσχύον-

81 1993 213 2040 τας·
269 1977 354 2041 ὡς
409 1977 518 2048 γὰρ
574 1977 928 2049 ὑπαρχόντων
1004 1976 1111 2030 τῶν
1169 1977 1498 2048 ἰσχυόντων,
1583 1974 1681 2029 καὶ

86 2071 223 2141 μηδὲ
281 2071 611 2134 νοσούντων,
661 2070 858 2143 φησίν·
919 2089 938 2123 ι
1006 2071 1080 2124 Ού
1127 2070 1318 2142 χρείαν
1372 2069 1584 2140 ἔχουσιν
1630 2071 1680 2122 οἱ

86 2163 378 2233 ἰσχύοντες
425 2163 630 2235 ἰατροῦ,
671 2162 786 2217 ἀλλ’
821 2163 871 2216 oi
914 2163 1100 2227 κακῶς
1135 2163 1380 2234 ἔχοντες·
1418 2181 1437 2214 ι
1472 2163 1566 2215 καὶ
1598 2161 1676 2225 ὡς

83 2255 256 2309 ὅντων
315 2255 544 2310 δικαίων
590 2255 768 2324 λέγει·
823 2273 842 2307 ι
892 2255 1006 2309 Οὐκ
1055 2255 1289 2327 ἐλήλυθα
1338 2255 1564 2308 καλέσαι
1607 2255 1682 2308 δι-

85 2347 296 2411 καίους,
324 2347 466 2401 ἀλλά
497 2347 856 2418 ἁμαρτωλοὺς
891 2349 972 2411 είς
1010 2348 1316 2418 μετάνοιαν.
1358 2367 1376 2400 ι
1414 2347 1678 2419 Ἐμελλεν

85 2435 175 2494 οὖν
224 2439 441 2511 Ἰησοῦς
480 2439 844 2511 ἀποθνήσκειν
885 2440 1028 2512 ὑπὲρ
1071 2439 1170 2511 μὲν
1213 2439 1307 2494 τοῦ
1337 2439 1543 2505 ἔθνους,
1591 2441 1679 2494 ἵνα

91 2532 163 2602 μὴ
196 2531 506 2603 ἀπόληται·
537 2533 678 2605 ὑπὲρ
715 2533 773 2587 δὲ
805 2533 912 2587 τῶν
938 2535 1144 2588 τέκνων
1177 2533 1272 2587 τοῦ
1327 2533 1462 2586 Θεοῦ
1509 2533 1677 2586 ὄντων

89 2623 146 2675 ὲν
176 2623 622 2696 διασκορπισμῷ,
654 2625 741 2680 ἴνα
773 2626 1112 2697 συναχθῶσιν
1145 2628 1223 2691 είς
1259 2625 1356 2681 ἕνα
1384 2627 1559 2696 λόγον,
1584 2628 1679 2681 καὶ

89 2717 432 2787 γενήσωνται
467 2715 577 2789 (48)
610 2718 709 2788 μία
740 2718 967 2790 ποίμνη,
997 2715 1077 2782 εἷς
1109 2720 1314 2791 ποιμήν
1336 2736 1348 2749 ·
1393 2720 1483 2773 ὅτε
1525 2714 1676 2791 οἶμαι

93 2807 442 2879 πληροῦσθαι
466 2809 562 2880 τὴν
583 2810 678 2863 τοῦ
704 2811 959 2882 Σωτῆρος
987 2811 1174 2882 εὐχὴν,
1200 2811 1467 2881 λέγοντος·
1505 2831 1524 2863 ι
1559 2814 1677 2866 Ἵνα

91 2897 198 2967 ἐγὼ
228 2901 322 2953 καὶ
347 2901 418 2953 σὺ
446 2900 556 2972 (49)
591 2901 649 2953 ἓν
684 2901 872 2972 ὲσμεν,
909 2901 996 2953 ἵνα
1029 2901 1122 2955 καὶ
1163 2903 1318 2956 αὐτοὶ
1347 2904 1405 2956 ὲν
1448 2904 1578 2975 ἡμῖν
1618 2903 1677 2958 ἓν

93 2982 238 3044 ὦσιν.
283 3011 302 3043 ι
331 2993 399 3045 Εἰ
425 2991 482 3044 δέ
508 3010 558 3044 τι
596 2993 690 3045 καὶ
726 2991 1023 3064 βαθύτερόν
1051 2995 1166 3047 ἐστι
1192 2993 1321 3065 περὶ
1363 2995 1576 3067 Ἰσραὴλ
1613 2995 1675 3051 ού

1782 1870 2194 1946 prophetas,vel
2223 1871 2489 1941 quosdam
2512 1866 2649 1922 alios
2675 1865 2770 1920 Dei
2797 1862 3019 1928 electos,
3046 1858 3162 1914 sive
3187 1857 3351 1914 etiam

1779 1983 1872 2023 eos
1918 1966 2008 2036 qui
2050 1979 2148 2036 per
2193 1963 2246 2018 id
2295 1961 2556 2033 temporis
2600 1957 2720 2015 sani
2762 1963 2956 2021 erant;
3001 1950 3157 2022 quasi
3207 1949 3350 2006 enim

1779 2059 1943 2129 aliqui
1966 2059 2082 2114 sani
2115 2065 2318 2122 essent,
2351 2063 2406 2110 et
2437 2069 2544 2108 non
2567 2059 2913 2119 aegrotantes,
2946 2045 3157 2116 inquit:
3189 2063 3207 2096 ι
3231 2043 3349 2098 Non

1779 2168 1914 2223 opus
1947 2151 2165 2214 habent,
2191 2148 2283 2218 qui
2319 2146 2438 2201 sani
2467 2153 2616 2211 sunt,
2645 2139 2876 2204 medico,
2908 2139 3002 2195 sed
3042 2152 3185 2208 aegre
3213 2134 3350 2191 affe—

1779 2247 1852 2304 cti
1880 2246 1961 2312 ⁸⁰;
1992 2263 2011 2298 ι
2045 2254 2100 2299 et
2144 2242 2297 2313 quasi
2330 2248 2517 2296 essent
2561 2237 2730 2293 etiam
2773 2233 2937 2305 aliqui
2979 2231 3136 2304 iusti,
3165 2231 3298 2285 dicit
3332 2245 3350 2282 :

1783 2359 1802 2392 ι
1825 2338 1940 2394 Non
1971 2337 2091 2393 veni
2125 2349 2319 2390 vocare
2341 2334 2540 2402 iustos,
2583 2329 2678 2387 sed
2711 2335 3028 2399 peccatores
3063 2323 3130 2379 ad
3167 2321 3347 2394 poeni-

1779 2431 2004 2487 tentiam
2018 2429 2084 2484 ⁸⁸.
2126 2445 2146 2481 ι
2173 2427 2468 2482 Moriturus
2495 2425 2682 2494 itaque
2702 2421 2862 2477 Jesus
2889 2426 3009 2474 erat
3036 2432 3133 2487 pro
3163 2423 3348 2486 gente,

1779 2534 1838 2580 ut
1866 2538 1972 2577 non
2005 2521 2239 2592 periret;
2284 2533 2385 2589 pro
2425 2517 2552 2572 ﬁliis
2596 2529 2730 2570 vero
2760 2513 2878 2580 Dei,
2922 2511 3015 2581 qui
3049 2511 3103 2564 in
3133 2509 3348 2578 disper-

1777 2617 1933 2671 sione
1950 2623 2130 2678 erant,
2153 2621 2214 2666 ut
2243 2617 2715 2681 congregarentur
2737 2607 2790 2661 in
2824 2619 2990 2658 unum
3016 2614 3349 2662 sermonem,

1778 2707 2075 2776 ﬁerentque
2121 2718 2262 2758 unus
2296 2717 2464 2773 grex,
2513 2713 2653 2755 unus
2690 2705 2917 2768 pastor:
2946 2695 3184 2766 quando,
3226 2706 3350 2747 mea

1777 2800 2073 2862 sententia,
2098 2794 2410 2851 Servatoris
2437 2791 2678 2862 precatio
2706 2788 3019 2860 implebitur
3059 2784 3293 2841 dicentis
3331 2801 3346 2839 :

1783 2911 1802 2944 ι
1833 2891 2020 2962 Utego
2037 2899 2093 2946 et
2114 2902 2168 2944 tu
2199 2903 2363 2942 unum
2393 2899 2600 2949 sumus,
2625 2893 2684 2938 ut
2716 2891 2772 2937 et
2798 2881 2899 2952 ipsi
2935 2893 3097 2934 unum
3122 2877 3344 2934 sint".r

1779 2981 1875 3038 Sin
1915 2999 2044 3038 vero
2074 2983 2140 3038 de
2176 2980 2393 3036 lsraelis
2425 2993 2532 3034 non
2573 2985 2790 3043 natura,
2820 2975 2914 3030 sed
2951 2988 3153 3046 genere
3185 2972 3350 3027 altius

93 3082 321 3152 φύσεως,
372 3083 518 3137 ἀλλά
572 3083 761 3152 γένους
806 3086 999 3146 είπεῖν,
1055 3085 1183 3156 περὶ
1231 3078 1293 3138 οῦ
1331 3065 1672 3159 γέγραπται,

1851 3075 1978 3144 quid
2007 3075 2295 3130 dicendum
2337 3072 2442 3136 sit;
2485 3071 2552 3126 de
2580 3081 2690 3139 quo
2735 3081 2858 3122 cum
2904 3066 2957 3120 in
3011 3065 3349 3134 dispersione

101 3193 118 3225 ι
149 3175 273 3239 Υἱὸς
304 3174 656 3248 πρωτότοκός
693 3191 795 3246 μου
833 3175 1051 3247 Ἰσραήλ
1083 3177 1220 3240 ἐστι,
1254 3195 1272 3228 ι
1300 3156 1591 3249 γενομένου
1616 3181 1674 3233 ὲν

1851 3177 1940 3231 set,
1998 3166 2262 3236 scriptum
2299 3174 2384 3221 est
2419 3180 2434 3216 :
2478 3181 2498 3215 ι
2541 3160 2943 3231 Primogenitus
2994 3173 3150 3213 meus
3201 3156 3346 3212 ﬁlius

95 3265 533 3338 Bianopmopt‘p,
567 3268 660 3321 καῖ
690 3266 850 3330 αὐτὸς
896 3268 1229 3338 ἐπιστήσεις,
1261 3267 1336 3332 ὡς
1370 3263 1510 3323 εἶναι
1556 3271 1678 3324 τού-

99 3377 222 3426 τους
256 3361 324 3415 τά
360 3363 532 3416 τέκνα
565 3361 658 3415 τοῦ
713 3361 850 3415 Θεοῦ
896 3360 966 3415 τά
1008 3361 1490 3434 διεσκορπισμένα,
1537 3362 1677 3436 ὑπὲρ

100 3442 171 3504 ὧν
200 3451 424 3523 ἔμελλεν
455 3454 820 3526 ἀποθνήσκειν
857 3453 1083 3527 Ἰησοῦς,
1112 3455 1200 3509 ἶνα
1226 3454 1364 3508 αύτά
1395 3455 1676 3529 συναγάγῃ

103 3545 177 3608 εις
207 3545 280 3598 ἓν.

169 3634 253 3695 i7.
293 3657 312 3690 ι
364 3637 491 3692 Ἀπ’
528 3638 742 3711 ἐκείνης
772 3633 865 3695 οῦν
917 3641 1017 3712 τῆς
1065 3641 1274 3714 ἡμέρας
1326 3643 1676 3697 συνεϐουλεύ-

105 3745 276 3796 σαντο,
310 3731 398 3785 ἵνα
427 3731 820 3786 ἀποκτείνωσιν
875 3733 1057 3787 αὐτόν.
1101 3753 1120 3785 ι
1169 3736 1231 3789 Ui
1264 3734 1542 3807 ἀρχιερεῖς
1583 3736 1678 3790 καὶ

103 3821 156 3872 οῖ’
179 3821 482 3894 Φαρισαῖοι,
537 3825 934 3894 συναγαγόντες
982 3826 1276 3898 συνέδριον,
1334 3828 1431 3881 καὶ
1474 3829 1678 3899 σκεψά-

107 3929 248 3983 μενοι
292 3919 422 3988 περὶ
466 3916 560 3982 τοῦ
614 3917 864 3989 Σωτῆρος
902 3917 1058 3988 ήμῶν
1103 3918 1158 3971 τί
1206 3919 1357 3990 αὐτῷ
1399 3923 1673 3993 ποιητέον,

105 4005 276 4070 αὐτοῖς
319 4007 548 4077 Καῖάφα
603 4007 697 4060 τοῦ
749 4007 1051 4078 ἀρχιερέως
1095 4005 1165 4060 τὰ
1215 4010 1678 4082 προεκτεθειμένα

107 4095 356 4160 εἰπόντος,
405 4097 503 4150 καὶ
538 4095 648 4168 (50)
699 4096 803 4150 ὑπὺ
845 4096 954 4149 τῶν
996 4095 1168 4164 λόγων
1205 4096 1371 4149 αὑτοῦ
1417 4097 1678 4170 παροξυν-

109 4183 317 4250 θέντες,
373 4187 862 4241 συνεϐουλεύσαντο
905 4187 994 4241 ἵνα
1033 4187 1398 4241 ἀποκτείνωσι
1440 4188 1531 4242 τὸν
1571 4187 1678 4242 Κύ-

113 4294 235 4346 ριον,
267 4279 465 4351 Διόπερ
496 4278 752 4350 ζητήσεις
783 4278 891 4332 ἀπὸ
917 4279 1070 4332 ποίου
1105 4279 1416 4350 πνεύματος
1441 4282 1677 4354 προεφή-

109 4383 307 4434 τευσεν,
344 4371 424 4426 ὅτι
459 4371 681 4442 ἔμελλεν
742 4371 950 4442 Ἰησοῦς
1007 4370 1370 4442 ἀποθνήσκειν
1407 4372 1546 4444 ὑπὲρ
1578 4374 1672 4428 τοῦ

1776 3259 1944 3316 lsrael
1969 3257 2158 3322 est",i
2177 3257 2277 3312 hoc
2292 3257 2450 3312 etiam
2469 3255 2583 3326 ipse
2597 3255 2830 3320 notabis,
2855 3252 3009 3323 quasi
3034 3251 3090 3306 hi
3119 3250 3227 3306 sint
3252 3249 3345 3304 ﬁlii

1781 3352 1875 3408 Dei
1909 3352 2163 3423 dispersi,
2190 3367 2289 3422 pro
2315 3350 2513 3420 quibus
2543 3347 2842 3416 moriturus
2873 3347 2947 3401 sit
2972 3343 3154 3412 Jesus,
3177 3353 3235 3401 ut
3253 3356 3351 3399 eos

1779 3446 1835 3500 in
1863 3459 2031 3502 unum
2065 3449 2440 3514 congregaret.
2525 3459 2530 3474 ο

1849 3627 2124 3702 39617.
2163 3646 2183 3681 ‹
2223 3628 2304 3683 Ab
2332 3626 2422 3682 illo
2456 3640 2586 3696 ergo
2621 3622 2707 3678 die
2729 3620 3256 3682 consultaruutuua,
3291 3625 3348 3670 ut

1779 3724 2145 3780 interﬁcerent
2165 3734 2286 3775 eum
2304 3717 2370 3773 ⁸⁸.
2385 3736 2413 3770 ι.
2427 3716 2715 3774 Pontiﬁces
2734 3729 2786 3771 et
2802 3712 3086 3777 Pharisaei,
3104 3710 3194 3781 qui
3211 3724 3346 3764 conv
3360 3727 3373 3734 -

1779 3817 1963 3872 cilium
1992 3813 2343 3884 collegerant,
2392 3821 2448 3867 et
2499 3810 2978 3866 consideraverant
3010 3805 3138 3874 quid
3166 3801 3349 3858 facere

1778 3907 2038 3964 deberent
2075 3904 2362 3960 Servatori
2397 3913 2584 3959 nostro
2617 3902 2763 3970 (cum
2800 3899 3074 3968 Caiaphas
3106 3893 3352 3966 pontifert

1779 4017 1900 4072 quae
1933 4000 2190 4071 superius
2205 3998 2557 4068 exposuimus
2588 3996 2836 4058 dixisset,
2866 4002 2922 4047 et
2949 3990 3108 4061 huius
3139 4000 3348 4043 sermo-

1779 4096 1940 4152 nibus
1967 4096 2194 4149 l'uisseut
2216 4091 2467 4155 incitati),
2499 4087 2882 4144 consultarunt
2913 4099 3023 4138 una
3050 4092 3108 4135 ut
3136 4080 3348 4134 interli-

1777 4198 1967 4243 cerent
1993 4185 2301 4241 Dominum.
2327 4184 2594 4251 Quocirca
2631 4194 2843 4252 quaeres
2873 4193 2982 4248 quo
3009 4175 3204 4246 spiritu
3228 4187 3347 4242 pru-

1777 4279 2018 4350 pbetarit
2062 4275 2248 4333 Jesum
2305 4277 2622 4330 moriturum
2669 4288 2768 4342 pro
2811 4281 3010 4340 gente;
3063 4277 3119 4324 et
3163 4275 3343 4320 utrum

1781 4375 1998 4424 sanctus
2013 4367 2242 4438 Spiritus
2262 4366 2398 4420 hanc
2419 4365 2579 4419 etiam
2594 4364 2648 4417 in
2672 4377 2730 4416 re
2750 4367 3002 4431 operatus
3024 4357 3113 4419 sit,
3129 4364 3339 4409 auctor-

113 4456 282 4525 ἔθνους
300 4479 313 4492 ·
350 4465 447 4517 καὶ
470 4463 697 4536 πότερον
722 4464 783 4516 τὸ
812 4463 966 4531 ἆγιον
994 4462 1220 4534 Πνεῦμα
1247 4465 1340 4516 καὶ
1363 4465 1420 4517 ὲν
1445 4465 1670 4537 τοιούτῳ

1851 4476 1888 4517 _e
1905 4459 2068 4515 fuerit
2082 4457 2288 4515 consilii
2304 4456 2562 4512 adversus
2581 4454 2788 4518 Jesum;
2809 4467 2879 4506 an
2893 4449 2981 4504 ille
3000 4447 3215 4518 quidem
3239 4459 3349 4500 non

113 4551 387 4626 ἐνήργησε,
421 4559 517 4626 καὶ
539 4556 709 4610 αἴτιον
741 4557 1030 4627 γεγένηται
1061 4557 1160 4628 τῆς
1185 4557 1324 4612 κατά
1354 4557 1449 4612 τοῦ
1499 4558 1673 4629 Ἰησοῦ

116 4644 427 4718 συμϐουλῆς,
508 4648 609 4699 οὐκ
626 4648 801 4699 ἐκεῖνο
825 4647 920 4718 μὲν
939 4641 1053 4710 οὖν,
1072 4647 1197 4700 ἄλλο
1217 4647 1294 4711 δὲ,
1312 4646 1372 4700 τὸ
1396 4648 1506 4719 (51)
1524 4649 1676 4703 δυνά-

118 4750 265 4802 μενον
293 4739 383 4791 καὶ
414 4741 472 4793 ὲν
507 4739 585 4809 τῷ
615 4738 801 4792 ἀσεϐεῖ
846 4738 1094 4808 λαλῆσαι,
1141 4741 1234 4792 καὶ
1283 4741 1412 4804 τοὺς
1452 4742 1673 4812 ὁμοίους

119 4826 294 4900 ἐκείνῳ
326 4834 464 4886 κατὰ
513 4831 606 4886 τοῦ
663 4831 836 4903 Ἰησοῦ
881 4832 1134 4903 κινῆσαι,
1182 4832 1334 4886 οὐδὲν
1373 4828 1535 4905 ἦττον
1580 4837 1674 4889 καὶ

117 4916 251 4989 ἑώρα
291 4923 400 4996 (52)
450 4943 503 4978 τι
544 4927 624 4988 εἰς
667 4923 758 4978 τὸν
815 4924 1055 4995 Ἰησοῦν,
1107 4924 1183 4987 ὡς
1238 4923 1382 4978 κατά
1444 4925 1672 4998 δύναμιν

180 5009 223 5083 "_’
253 5010 266 5061 Ι
298 5013 414 5066 Cor.
446 5031 503 5070 ιι,
541 5031 630 5069 xv.
705 5015 756 5047 ⁸⁸
777 5014 964 5069 Matth.
993 5032 1073 5083 Ix,
1103 5015 1191 5070 12.

117 5076 158 5107 ⁸⁵
181 5075 328 5136 Joan.
362 5100 440 5149 ιιι,
465 5085 553 5140 55.

188 5170 484 5247 _(W)Editio
537 5179 714 5236 Huetii
741 5220 757 5245 ,
786 5181 912 5242 τοὺς
958 5178 1147 5246 φύσεις
1192 5175 1332 5234 εἶναι
1384 5176 1683 5247 οἰομένοις,Δ

125 5242 209 5293 καὶ
227 5242 362 5300 κατὰ
389 5251 447 5303 τὸ
475 5249 590 5314 τοῦ,
622 5242 751 5305 οιιξ.⁷
771 5250 875 5304 Sed
904 5242 1072 5304 codex
1107 5249 1432 5305 Bodleiauus
1471 5242 1673 5301 lectio-

127 5325 236 5392 ne")
267 5324 728 5392 ‘lua_m7sequimur
773 5320 1014 5392 exhibet,
1050 5335 1149 5392 nec
1191 5320 1349 5392 aliter
1376 5319 1504 5387 legit
1539 5316 1672 5392 Fer-

128 5385 310 5457 rarius.
343 5385 754 5457 Codex-Regius
784 5391 944 5445 aliter
974 5390 1156 5453 habet,
1178 5391 1258 5457 sic
1285 5385 1495 5457 nemp'e,
1521 5385 1677 5440 τοῦτο

268 5454 567 5538 ᾀκολρυθεῖν
601 5447 779 5538 λέγειν
800 5464 912 5538 τοῖς
946 5447 1155 5538 φύσειςξ
1194 5456 1332 5538 εἶναι
1387 5447 1673 5538 ο’ίομένοις,

129 5519 229 5606 Ei:
242 5523 409 5606 175.1709
438 5519 771 5606 ξᾼποστόλου
797 5519 1041 5603 βούλημά
1057 5519 1336 5606 ,τῖὲννοεῖν
1360 5519 1485 5593 τοὺς
1515 5519 1677 5583 πνευὲ-

135 5597 359 5671 μαῆιζιῶς
383 5597 739 5671 διδάσκοντος,
773 5597 892 5671 qua:
926 5597 1210 5656 Iiiattifeste
1239 5610 1490 5670 corrupta
1528 5607 1674 5671 sunt.

181 5657 426 5747 ,(έδηῖαὶ
479 5657 866 5744 γενήσῶτᾶι.
902 5673 1083 5730 Codex
1136 5671 1354 5742 Regius,
1389 5657 1556 5737 male,
1596 5667 1675 5739 τῷ

136 5740 450 5802 niuium-cat.

1782 4554 1966 4619 fuerit,
1986 4551 2081 4608 sed
2100 4551 2238 4606 alius
2254 4551 2502 4620 spiritus,
2519 4547 2706 4604 valens
2724 4547 2779 4601 in
2799 4543 2964 4613 impio
2987 4543 3152 4596 etiam
3173 4538 3345 4607 loqui,

1781 4645 1992 4714 sibique
2024 4641 2232 4698 similes
2272 4642 2559 4696 adversum
2584 4636 2769 4692 Jesum
2803 4647 3042 4696 movere,
3071 4625 3347 4684 nihilomi-

1780 4753 1880 4792 nus
1900 4737 2062 4791 etiam
2091 4734 2297 4788 videret
2327 4731 2531 4802 aliquid
2558 4743 2684 4798 erga
2700 4726 2905 4789 Jesum,
2929 4733 2987 4779 ut
3024 4737 3122 4794 pro
3146 4719 3350 4774 viribus

1777 4831 2028 4902 superius
2075 4827 2489 4898 exquisivimus.
2519 4825 2698 4892 Atque
2745 4820 2968 4875 omnino
2995 4816 3086 4886 qui
3121 4828 3349 4885 respou-

1779 4923 1924 4981 dere'
1954 4922 2186 4978 voluerit
2232 4919 2496 4992 Spiritum
2543 4924 2792 4971 sanctum
2840 4919 3124 4966 auctorem
3177 4909 3348 4962 videri

1301 5015 1346 5046 ⁸¹
1373 5016 1540 5074 Marc.
1568 5034 1628 5085 ιι,
1661 5019 1677 5070 l

1855 5016 1994 5071 attlt.
2025 5031 2103 5083 Ix,
2132 5014 2220 5068 15.
2296 5011 2341 5044 ⁸¹
2362 5009 2522 5066 Joan.
2557 5023 2690 5074 xvu,
2717 5007 2810 5061 21.
2884 5003 2931 5036 ⁸³
2960 5002 3132 5060 Exod.
3157 5017 3232 5068 Iv,
3255 5001 3346 5057 23.

1849 5173 1965 5243 (49)
1997 5173 2120 5228 Ἵνα
2146 5170 2260 5242 ἐγὼ
2282 5171 2381 5226 καὶ
2396 5171 2504 5236 σὺ,
2537 5176 2642 5227 etc.
2673 5168 2848 5243 Lego,
2871 5169 2978 5238 ἵνα,
3006 5165 3189 5232 καθὼς
3239 5165 3351 5235 ἐγὼ

1777 5236 1872 5298 καῖ
1896 5236 1962 5297 σύ
1997 5245 2056 5298 ’ἐν
2081 5236 2266 5315 ἐσμεν,
2294 5243 2446 5315 αὐτοι
2477 5243 2536 5315 εν
2565 5243 2697 5312 ἡμῖν
2727 5236 2784 5292 ἓν
2817 5236 2971 5315 ὦσιν.

1851 5316 1962 5387 (50)
1998 5307 2312 5387 Elad'wog,
2341 5307 2716 5387 xal._ll:e'd_uae
2748 5327 2906 5387 voces
2935 5312 2988 5364 in
3019 5308 3211 5387 codice
3246 5307 3352 5387 Rc-

1780 5380 1870 5457 gio
1899 5380 2061 5454 atque
2087 5390 2226 5457 adeo
2259 5386 2333 5457 iu_
2350 5385 2588 5457 editione
2608 5382 2784 5436 l-luetii
2809 5383 3025 5447 desunt,
3050 5380 3146 5434 sed
3181 5380 3350 5433 resti-

1780 5453 2007 5512 tuuntur
2031 5471 2061 5510 e
2092 5456 2277 5512 codice
2305 5453 2616 5507 Bodleiano.

1851 5525 1964 5598 (51)
1987 5525 2169 5598 (_}odex
2194 5522 2614 5598 Regius,ran’h6
2641 5523 2698 5575 δὲ
2733 5521 2952 5598 τδηειο.

1855 5590 1965 5669 (52)
1989 5590 2518 5669 Ferrarius_]eg_cbat
2554 5595 2677 5666 ὅρα,
2703 5593 2862 5646 vertit
2894 5591 3060 5656 enim,
3097 5607 3118 5644 ι
3153 5590 3351 5669 nihilo-

1781 5665 1960 5724 minus
1991 5669 2132 5721 vide.
2175 5686 2193 5718 ι
2240 5665 2360 5737 (Hic
2395 5666 2540 5720 locus
2571 5665 2756 5737 aperte
2800 5673 3092 5737 corruptus
3155 5675 3248 5720 est!
3291 5667 3362 5719 ειι

1783 5734 2406 5811 tcxttntrisiprmfcratur
2431 5737 2663 5794 Fet-varii
2696 5736 2878 5790 lectio.
2918 5734 3105 5806 Eutr.)
