3712 6138
429 306 536 364 7'27

1883 296 2203 353 ORIGENIS
3538 292 3607 349 728

430 421 619 483 fuisse,
652 424 711 471 ut
747 410 1028 485 pontiﬁces
1063 421 1119 469 et
1164 410 1424 469 Pharisaei
1458 411 1590 467 motl
1621 426 1689 467 ex
1723 415 1990 468 sermoni-

2097 410 2562 484 προεξητάσαμεν.
2609 409 2668 464 '0
2703 407 2885 481 μέντοι
2928 405 3247 478 βουλόμενος
3290 395 3608 472 ἀπολογεῖσθαι

432 514 535 568 bus
566 509 816 579 Caiapha:
864 521 973 561 una
1012 504 1388 562 consultarent
1432 502 1992 570 interﬁcere-Jesum,

434 605 581 660 dicet
611 617 716 658 non
748 599 982 655 alienum
1013 612 1135 653 esse
1165 597 1271 652 tale
1298 611 1432 667 opus
1457 611 1487 650 a
1517 598 1826 660 sanctitate,
1862 613 1996 665 quo-

432 696 577 749 niam
611 707 680 748 ne
712 690 871 749 Jesus
897 691 1115 761 quidem
1153 704 1265 744 rem
1295 703 1355 744 se
1393 688 1668 759 indignam
1698 688 1904 753 fecerit,
1941 690 1993 743 in

435 788 650 841 ruinam
683 795 738 840 et
771 784 1222 839 resurrectionem
1261 780 1549 835 multarum
1584 780 1825 850 gentium
1875 796 1997 850 quae

432 888 593 934 erant
620 879 673 933 in
696 876 864 933 Israel
891 877 958 941 ⁸⁸,
981 876 1207 931 veniens
1231 883 1285 928 et
1307 874 1492 929 dicens
1523 891 1535 927 :
1574 890 1594 925 ι
1631 873 1740 943 Ego
1767 873 1821 926 in
1848 872 1996 941 judi-

433 971 579 1027 cium
619 970 675 1026 in
706 970 853 1026 hunc
896 969 1154 1025 mundum
1200 967 1360 1033 veni,
1407 975 1466 1021 ut
1501 981 1602 1021 non
1644 967 1888 1022 videntes
1920 967 1999 1019 vi-

433 1063 616 1128 deant,
669 1071 724 1118 et
778 1062 1022 1117 videntes
1067 1059 1193 1115 ca:ci
1246 1058 1386 1112 ﬁant
1407 1057 1475 1114 ".
1508 1077 1526 1110 ι
1571 1057 1643 1114 Ut
1675 1059 1817 1113 enim
1861 1073 1998 1127 Opus

432 1156 698 1211 habemus
724 1170 979 1212 sermone
1007 1154 1308 1223 sapientiai,
1342 1166 1448 1222 quo
1479 1151 1841 1207 defendamus
1870 1166 2001 1220 quo-

437 1247 597 1302 modo
624 1263 738 1302 rem
770 1262 830 1303 se
864 1246 1141 1316 indignam
1170 1243 1265 1299 ille
1290 1260 1398 1299 non
1428 1244 1639 1311 fecerit,
1671 1245 1761 1312 qui
1787 1257 1847 1298 se
1874 1243 1999 1299 huic

433 1339 631 1394 mundo
658 1338 953 1394 accessisse
981 1339 1034 1392 in
1060 1336 1325 1406 judicium
1355 1334 1593 1401 fa'tetur;
1636 1336 1718 1389 sic
1745 1336 1909 1389 etiam
1945 1337 1996 1388 iu

433 1431 557 1497 hoc,
611 1439 671 1484 ut
721 1430 1074 1485 ostendamus
1125 1427 1408 1498 pontiﬁces
1458 1436 1514 1482 et
1560 1426 1873 1481 Pharisaeos
1930 1441 1995 1480 ex

433 1521 687 1591 Caiapha:
738 1520 918 1580 verbis
967 1536 1070 1575 una
1122 1520 1464 1576 consultasse
1522 1528 1581 1572 ut
1625 1519 1999 1572 interﬁcerent

432 1611 639 1668 Jesum.
667 1613 844 1681 Atque
879 1611 946 1666 de
985 1625 1049 1666 eo
1095 1611 1311 1680 quidem
1357 1609 1498 1679 quod
1540 1617 1668 1663 est:
1712 1625 1731 1659 ι
1767 1605 1824 1660 In
1850 1606 1998 1676 judi-

434 1704 578 1758 cium
604 1717 704 1772 ego
732 1705 785 1757 in
820 1702 964 1757 hunc
985 1702 1242 1757 mundum
1284 1702 1425 1764 veni,
1461 1719 1480 1753 ι
1517 1702 1571 1754 in
1599 1699 1997 1768 explanationi—

432 1794 532 1851 bus
561 1793 703 1849 illius
725 1794 827 1849 loci
854 1810 954 1863 pro
991 1795 1194 1850 viribus
1221 1792 1579 1849 disseruimus
1610 1809 1624 1845 :
1660 1807 1803 1846 nunc
1849 1806 1995 1856 vero,

435 1887 579 1957 quod
612 1887 806 1941 attinet
835 1887 902 1941 ad
957 1888 1009 1941 id
1055 1902 1163 1956 quo
1208 1886 1274 1940 de
1326 1884 1533 1955 agitur,
1567 1885 1679 1939 haec
1709 1885 1995 1938 dicentur:

433 1991 625 2046 nempe
671 1978 817 2045 quod
847 1978 1301 2046 quemadmodum
1337 1992 1551 2033 sacram
1592 1978 1995 2046 Scripturarum

431 2068 873 2137 intelligentiam,
910 2070 980 2124 ob
1019 2084 1208 2123 eorum
1246 2068 1531 2122 utilitatem
1564 2069 1764 2123 dictam
1802 2066 1892 2136 qui
1931 2083 1994 2121 ex

358 2160 365 2167 ’
432 2174 498 2215 ea
524 2158 705 2229 iuvari
736 2167 1002 2228 quaerunt,
1037 2158 1440 2213 calumniantur
1472 2157 1528 2211 hi
1552 2156 1642 2226 qui
1672 2170 1789 2209 eam
1820 2155 1873 2208 in
1906 2155 1999 2208 de-

430 2252 688 2307 teriorem
732 2259 942 2320 partem
995 2250 1336 2321 intelligunt,
1395 2264 1503 2319 quo
1555 2263 1740 2302 ansam
1796 2247 1997 2302 habere

429 2343 720 2398 videantur
743 2342 961 2413 impiam
986 2343 1340 2396 conﬁrmandi
1359 2341 1661 2396 doctrinam
1691 2354 1874 2393 eorum
1905 2340 1995 2407 qui

429 2431 803 2502 loquunturin
842 2432 1181 2486 altitudinem
1213 2430 1637 2498 injustitiam";
1687 2431 1766 2484 sic
1809 2432 1991 2499 ponti-

429 2521 561 2580 ﬁces
610 2525 772 2579 etiam
826 2534 881 2579 et
930 2524 1211 2591 Pharisaei,
1268 2539 1372 2579 non
1427 2533 1575 2578 recte
1629 2523 1991 2592 intelligentes

430 2615 633 2670 factam
663 2630 692 2669 a
719 2616 961 2686 Caiapha
996 2616 1062 2670 de
1094 2614 1392 2671 Servatore
1438 2624 1624 2669 nostro
1652 2629 1833 2670 veram
1865 2630 1988 2683 pro-

428 2707 692 2777 phetiam,
725 2721 917 2778 nempe
945 2709 1088 2776 quod
1113 2707 1389 2777 expediret
1405 2708 1562 2762 nobis
1581 2716 1639 2760 ut
1666 2721 1802 2773 unus
1830 2707 1994 2761 homo"

429 2810 737 2854 moreretur
785 2814 882 2869 pro
928 2798 1124 2870 populo
1161 2808 1214 2854 et
1266 2807 1371 2853 tota
1421 2813 1555 2870 gens
1614 2814 1719 2855 non
1771 2799 1992 2868 periret,

425 2891 590 2964 397
623 2892 715 2947 sed
764 2892 922 2945 aliam
960 2891 1371 2959 intelligentiam
1408 2905 1531 2946 esse
1578 2891 1682 2945 rati
1720 2891 1774 2945 in
1806 2891 1993 2946 volun-

430 2992 539 3038 tate
574 2982 784 3037 consilii
809 2981 1083 3053 Caiaphae,
1121 2981 1189 3036 ab
1224 2981 1315 3035 illo
1348 2982 1436 3037 die
1466 2997 1568 3035 una
1595 2981 1989 3047 consultarunt,

2097 505 2225 576 περὶ
2253 502 2345 556 τοῦ
2379 502 2535 570 ἁγίου
2567 501 2906 571 Πνεύματος,
2933 499 3218 560 δοκοῦντος
3246 496 3418 550 αἰτίου
3443 499 3607 565 γεγονέ-

2096 612 2205 659 ναι,
2235 596 2320 648 ἵνα
2348 593 2853 666 συμϐουλεύσωνται
2875 592 3192 645 ἀποκτεῖναι
3222 589 3315 642 τὴν
3355 588 3551 658 Ἰησοῦν,
3569 594 3610 642 ἐκ

2095 686 2204 740 τῶν
2228 686 2398 756 λόγων
2424 685 2737 757 κινηθέντες
2767 684 2861 737 τοῦ
2884 683 3109 752 Καῖάφα
3141 684 3190 736 οἱ
3205 684 3476 754 ἀρχιερεῖς
3493 683 3561 736 καὶ
3579 687 3611 738 ei

2096 776 2394 855 Φαρισαῖοι,
2427 785 2610 854 φησιν,
2656 784 2738 837 ὅτι
2770 782 2870 835 οὐκ
2913 779 3189 851 ἀλλότριόν
3218 782 3338 832 ἐστι
3371 778 3428 831 τὸ
3459 780 3611 831 τοιοῦτο

2097 877 2255 950 ἔργον
2277 877 2377 947 τῆς
2410 875 2715 947 ἁγιότητος,
2740 875 2864 927 ἐπεὶ
2898 873 3032 945 μηδὲ
3076 871 3286 942 Ἰησοῦς
3317 870 3516 936 ἀνάξιον
3532 872 3612 923 ἐαυ-

2095 970 2191 1023 τοῦ
2232 967 2552 1039 πεποίηκεν,
2601 968 2680 1030 εἰς
2730 964 2937 1019 πτῶσιν
2978 964 3071 1018 καὶ
3111 962 3410 1017 ἀνάστασιν
3460 962 3613 1016 πολῶν

2097 1059 2266 1112 ἐθνῶν
2295 1057 2404 1111 τῶν
2437 1059 2494 1112 ἐν
2519 1056 2596 1128 τῷ
2631 1054 2845 1128 Ἰσραὴλ
2874 1053 3059 1119 ἐλθὼν,
3110 1055 3206 1107 καὶ
3236 1053 3485 1125 φάσκων·
3512 1070 3528 1103 ι
3553 1053 3613 1114 Ei;

2097 1148 2271 1223 κρίμα
2307 1148 2417 1219 ἐγὼ
2457 1151 2538 1212 είς
2565 1148 2656 1201 τὸν
2683 1148 2885 1218 κόσμον
2927 1144 3115 1199 τοῦτον
3160 1141 3346 1216 ἦλθον,
3382 1144 3465 1197 ἵνα
3503 1146 3542 1196 oi
3566 1146 3614 1214 μὴ

2100 1242 2384 1314 βλέποντες
2416 1241 2676 1312 βλέπωσι,
2722 1241 2815 1294 καὶ
2847 1240 2896 1293 οἱ
2928 1237 3211 1309 βλέποντες
3248 1236 3439 1305 τυφλοὶ
3468 1236 3615 1303 7m»-

2096 1352 2222 1389 ται·
2262 1354 2281 1386 ›
2313 1336 2388 1398 ὡς
2417 1334 2525 1406 γὰρ
2552 1333 2781 1406 δεόμεθα
2813 1332 2970 1402 λόγου
3001 1332 3190 1401 σοφίας
3212 1330 3293 1392 είς
3321 1328 3383 1383 τὸ
3402 1327 3615 1399 ἀπολογή-

2101 1424 2297 1478 σασθαι
2331 1424 2464 1496 (55),
2496 1424 2613 1489 πῶς
2649 1427 2676 1478 ὁ
2713 1422 2989 1495 ὁμολογῶν
3040 1423 3120 1485 είς
3168 1418 3345 1493 κρίμα
3377 1418 3449 1490 τῷ
3477 1419 3616 1489 κόσμῳ

2098 1516 2269 1587 τούτῳ
2301 1516 2772 1588 ἐπιδεδημηκέναι,
2799 1518 2898 1570 οὐκ
2941 1515 3158 1579 ἀνάξιον
3196 1513 3390 1566 ἑαυτοῦ
3444 1514 3617 1581 πεποίη-

2101 1627 2196 1664 κεν
2220 1649 2234 1673 ,
2266 1608 2439 1673 οὕτως
2468 1612 2560 1663 καὶ⁷
2593 1612 2673 1672 εἰς
2709 1609 2768 1662 τὸ
2798 1611 2861 1663 ἐκ
2896 1607 3003 1661 τῶν
3046 1607 3136 1661 διὰ
3175 1604 3268 1660 τοῦ
3313 1605 3524 1673 Καῖἀερα
3556 1604 3616 1657 λό-

2102 1718 2216 1771 γων
2245 1700 2353 1773 (54)
2395 1700 2892 1772 συμϐεϐουλεῦσθαι
2939 1702 3064 1764 τοὺς
3105 1700 3384 1770 ἀρχιερεῖς
3419 1697 3503 1749 καὶ
3526 1698 3613 1758 τοὺς

2100 1792 2444 1864 Φαρισαίους,
2477 1794 2564 1846 ἵνα
2598 1792 2957 1847 ἀποκτείνωσι
2993 1789 3085 1843 τὸν
3135 1788 3366 1860 Ἰησοῦν.
3403 1788 3523 1857 Περὶ
3550 1789 3616 1856 μὲν

2097 1881 2193 1938 ,οὖν
2221 1884 2336 1950 τοῦ,
2383 1902 2403 1935 ι
2437 1886 2532 1948 Εἰς
2557 1886 2730 1956 κρίμα
2755 1885 2835 1947 εἰς
2866 1883 2958 1936 τὸν
2991 1881 3193 1951 κόσμον
3221 1879 3409 1933 τοῦτον
3432 1876 3611 1949 ἦλθον,ι

2098 1977 2198 2029 ὅσα
2241 1975 2571 2048 δεδυνήμεθα
2617 1977 2674 2027 ἐν
2717 1978 2829 2036 τοῖς
2871 1976 2950 2036 εἰς
2990 1973 3083 2025 τὸν
3130 1971 3296 2023 τόπον
3330 1969 3616 2040 ἐξηγητικνιῖς

2098 2068 2397 2139 εἰρήκαμεν
2416 2085 2429 2098 ·
2465 2067 2591 2138 περὶ
2618 2067 2675 2119 δὲ
2703 2065 2796 2119 τοῦ
2819 2065 2914 2118 νῦν
2954 2063 3319 2136 προκειμένου
3352 2062 3551 2115 τοιαῦτα
3574 2063 3614 2112 ἂν

2098 2146 2326 2229 λέγοιτο,
2353 2161 2454 2224 ὅτι,
2486 2160 2672 2229 ῶσπερ
2711 2159 2800 2212 τὸν
2832 2157 2974 2228 ἱερὸν
3003 2155 3126 2210 νοῦν
3151 2155 3257 2207 τῶν
3296 2153 3530 2225 Γραφῶν,
3556 2152 3618 2204 ἐπὶ

2096 2250 2332 2323 ὠφελείᾳ
2381 2251 2668 2322 λεγόμενον
2705 2250 2814 2305 τῶν
2858 2250 3162 2321 ζητούντων
3198 2249 3293 2301 ἀπ’
3339 2246 3491 2300 αὑτοῦ
3520 2245 3617 2311 ὡσε-

2095 2342 2344 2413 ληθῆναι,
2374 2345 2423 2396 οἱ
2457 2344 2549 2396 ἐπὶ
2579 2345 2638 2396 τὸ
2674 2346 2852 2415 χεῖρον
2893 2341 3373 2414 παρεκδεχόμενοι,
3408 2337 3531 2390 ῶστε
3557 2337 3617 2387 καὶ

2097 2434 2348 2507 ἀφορμὴν
2519 2434 2661 2505 ἔχειν
2684 2436 2858 2489 δοκεῖν
2886 2435 3021 2506 πρὸς
3053 2433 3399 2503 κατασκευὴν
3441 2429 3616 2491 ἀσεϐεῖς

2094 2526 2438 2590 διδασκαλίας
2484 2527 2589 2581 τῶν
2649 2526 2859 2581 ἀδικίαν
2916 2528 2994 2589 είς
3045 2524 3104 2578 τὸ
3153 2524 3286 2593 ὕψος
3340 2522 3616 2579 λαλούντων,

2098 2617 2545 2687 συκοφαντοῦσιν·
2602 2616 2772 2680 οὕτως
2823 2619 2923 2684 τήν
2972 2634 3033 2670 τε
3082 2616 3176 2668 τοῦ
3226 2616 3471 2684 Σωτῆρος
3505 2612 3617 2682 ήμών

2095 2712 2201 2766 ὑπὸ
2227 2711 2316 2765 τοῦ
2343 2712 2563 2778 Καῖόιφα
2589 2708 2885 2781 γενομένην
2925 2709 3260 2781 προφητείαν
3306 2706 3617 2778 ἀληθεύωσιν

2095 2805 2152 2856 ἐν
2196 2803 2273 2874 τῷ
2318 2802 2617 2873 συμφέρειν
2667 2803 2817 2872 ἡμῖν,
2853 2801 2939 2854 ἵνα
2983 2796 3062 2863 εἷς
3106 2800 3392 2871 ἄνθρωπος
3424 2798 3615 2865 ἀποθάνῃ

2095 2897 2234 2969 ὑπὲρ
2277 2896 2371 2949 τοῦ
2422 2895 2573 2960 λαοῦ,
2626 2895 2719 2948 καὶ
2772 2892 2845 2965 μὴ
2901 2893 3020 2947 ὅλον
3072 2893 3133 2945 τὸ
3176 2893 3331 2957 ἔθνος
3383 2891 3615 2959 ἀπόληται,

2092 2989 2192 3061 οὐχ
2218 2988 2386 3058 ὑγιῶς
2420 2987 2744 3052 ἀκούσαντες
2769 2990 2818 3040 οἱ
2840 2988 3121 3058 Φαρισαῖοι
3152 2987 3247 3038 καὶ
3284 2986 3334 3038 οἱ
3363 2985 3614 3056 ἀρχιερεῖς,

425 3084 486 3127 ιιι.
523 3072 706 3129 Jesum
756 3072 1148 3129 interﬁcerent.
1198 3071 1322 3128 Haec
1361 3083 1541 3127 autem
1591 3074 1715 3128 dico
1761 3088 1992 3144 sequens

2097 3080 2232 3135 ἀλλά
2268 3080 2426 3133 ἄλλον
2450 3079 2574 3132 νοῦν
2609 3079 2931 3149 νομίσαντες
2978 3072 3116 3130 εἶναι
3142 3076 3286 3129 κατὰ
3315 3076 3375 3128 τὸ
3421 3075 3614 3144 βούλημι

424 3167 569 3222 hanc
602 3166 1048 3237 intelligentiam,
1108 3174 1168 3221 ut
1216 3165 1456 3236 Spiritus
1512 3174 1736 3221 sanctus
1787 3166 1858 3221 sit
1903 3167 1990 3221 ille

427 3260 523 3330 qui
557 3259 897 3330 prophetarit
943 3259 998 3313 in
1038 3259 1270 3328 Caiapha
1309 3276 1323 3312 :
1355 3273 1460 3312 non
1513 3259 1741 3314 omnino
1788 3260 1990 3314 conﬁr-

428 3364 586 3404 mans
610 3350 715 3406 hoc
747 3351 821 3404 ita
867 3364 928 3405 se
973 3343 1197 3415 habere,
1250 3350 1345 3403 sed
1392 3348 1683 3405 lectoribus
1725 3349 1986 3419 judicium

426 3439 745 3510 relinquens
770 3451 950 3496 utrum
976 3441 1187 3495 admitti
1224 3450 1477 3510 oporteat
1498 3441 1565 3496 de
1592 3441 1827 3519 Caiapha
1848 3443 1988 3510 quod

423 3532 579 3601 quasi
611 3541 831 3601 repente
869 3532 1070 3601 Spiritu
1100 3541 1291 3586 sancto
1315 3531 1386 3587 sit
1413 3540 1612 3586 motus.

2095 3172 2193 3241 τῆς
2216 3169 2312 3222 τοῦ
2338 3168 2562 3237 Καῖάφα
2589 3167 2898 3238 συμϐουλῆς
2949 3167 3082 3238 (56),
3127 3168 3220 3219 ἀπ’
3279 3166 3483 3234 ἐκείνης
3529 3180 3615 3215 σάν-

2095 3261 2478 3315 εὸουλεύσαντο
2521 3263 2619 3331 τῆς
2656 3260 2889 3331 ἡμέρας,
2934 3260 3019 3312 ἵνα
3052 3260 3411 3312 ἀποκτείνωσι
3439 3257 3517 3309 τὸν
3544 3256 3615 3322 ἰη-

2095 3352 2239 3407 σοῦν.
2278 3351 2460 3405 Ταῦτα
2492 3351 2549 3403 δέ
2576 3368 2716 3421 φημι
2746 3350 2885 3404 κατὰ
2914 3350 2974 3403 τὸ
3000 3349 3290 3403 ἀκόλουθον
3319 3353 3384 3420 τῇ
3415 3348 3525 3419 περὶ
3550 3344 3613 3397 τοῦ

2095 3440 2247 3509 ἅγιον
2274 3436 2412 3494 εἶναι
2442 3440 2664 3510 Πνεῦμα
2691 3439 2752 3492 τὸ
2778 3439 2865 3492 διὰ
2899 3438 2991 3492 τοῦ
3028 3439 3255 3508 Καῖὰιρα
3286 3436 3615 3511 προφητεῦσαν

2098 3531 2308 3602 ἐκδοχῇ,
2337 3533 2395 3583 οὐ
2428 3531 2644 3594 πάντως
2674 3531 2935 3584 συνιστῶν
2969 3531 3079 3603 (57)
3108 3532 3254 3584 τοῦθ’
3287 3532 3453 3594 οὕτως
3491 3529 3613 3599 ἔχειν,

422 3627 560 3685 ἀλλὰ
605 3626 949 3683 καταλείπων
977 3628 1207 3690 καὶτοῖς
1252 3626 1634 3697 ἐντυγχάνουσι
1680 3626 1906 3699 κρίνειν,
1962 3628 2216 3699 ὁπότερον
2242 3626 2347 3698 χρὴ
2405 3625 2807 3697 παραδέξασθαι
2859 3628 2987 3697 περὶ
3024 3626 3118 3679 τοῦ
3168 3626 3411 3695 Καῖὰφα,
3454 3623 3532 3677 καὶ
3562 3621 3613 3683 ὡς

422 3723 531 3778 ὑπὸ
567 3722 735 3786 πόδας
764 3719 857 3775 τοῦ
892 3722 1208 3794 Πνεύματος
1231 3722 1610 3793 κεκινημένου.

493 3815 605 3871 18.ι
624 3815 781 3872 Jesus
802 3831 929 3886 ergo
946 3815 1057 3885 jam
1083 3832 1186 3870 non
1214 3818 1487 3886 propalam
1511 3816 1821 3872 ambulabat
1853 3820 1992 3872 inter

422 3903 662 3971 Judzeos,
707 3907 802 3961 sed
849 3905 983 3962 abiit
1021 3906 1171 3962 illinc
1206 3909 1257 3961 in
1292 3907 1565 3978 regionem
1598 3908 1817 3963 deserto
1855 3908 1988 3963 vici-

428 4014 575 4067 nam,
632 3999 688 4053 in
748 3999 1024 4054 civitatem
1055 4014 1177 4069 quae
1225 4001 1423 4055 dicitur
1475 4000 1752 4072 Ephraim,
1804 4002 1987 4071 ibique

423 4095 749 4149 versabatur
776 4110 899 4151 cum
952 4095 1235 4166 discipulis
1269 4098 1382 4153 suis
1422 4097 1490 4153 ⁸³.
1522 4115 1542 4149 ι
1602 4098 1726 4152 Haec
1786 4108 1841 4151 et
1903 4098 1985 4152 his

420 4185 620 4240 similia
681 4187 881 4256 scripta
942 4186 1112 4242 fuisse
1149 4203 1382 4252 censeo,
1439 4189 1652 4244 volente
1702 4188 1828 4244 Jesu
1889 4204 1987 4244 nos

421 4276 726 4343 advertere,
756 4292 823 4332 ne
846 4278 1161 4333 iracundius
1190 4294 1252 4334 ac
1284 4281 1741 4336 inconsideratius
1777 4282 1985 4337 insilia-

422 4384 545 4422 rnus
574 4369 627 4423 in
655 4380 931 4425 certamen
961 4371 1152 4426 mortis
1177 4413 1192 4437 ,
1224 4388 1320 4441 pro
1353 4375 1580 4430 veritate
1612 4375 1981 4433 testimonium

2174 3815 2256 3870 18.
2297 3833 2316 3865 ι
2362 3814 2418 3869 '0
2449 3810 2541 3868 οὖν
2581 3813 2788 3887 Ἰησοῦς
2811 3814 2992 3868 οὐκέτι
3031 3815 3316 3887 παρρησίᾳ
3348 3808 3614 3884 περιεπάτει

2095 3910 2154 3963 ἐν
2203 3910 2314 3971 τοῖς
2358 3906 2632 3971 Ἰουδαίοις
2658 3947 2673 3971 ,
2723 3906 2858 3960 ἀλλὰ
2905 3906 3144 3977 ἀπῆλθεν
3190 3909 3273 3970 εἰς
3326 3907 3423 3977 τὴν
3475 3901 3613 3975 χώραν

2093 4001 2258 4069 ἐγγὺς
2283 3997 2382 4068 τῆς
2406 3999 2636 4070 ἐρήμου,
2662 4000 2739 4062 είς
2776 3999 3012 4072 Ἐφραῖμ
3042 3999 3338 4070 λεγομένην
3366 3998 3521 4060 πόλιν,
3547 3992 3613 4046 καὶ

2091 4091 2205 4144 ἐκεῖ
2256 4090 2436 4161 ἔμεινε
2483 4090 2621 4162 μετὰ
2666 4089 2774 4142 τῶν
2828 4088 3099 4160 μαθητῶν.
3159 4110 3178 4142 ι
3209 4090 3391 4144 Ταῦτα
3438 4087 3520 4142 καὶ
3565 4081 3612 4136 τὰ

2090 4182 2299 4246 τούτοις
2327 4181 2682 4254 παραπλήσια
2712 4182 3124 4254 ἀναγεγράφθαι
3148 4184 3373 4253 νομίζω,
3401 4174 3611 4250 βουλομέ-

2090 4292 2181 4329 νου
2215 4274 2309 4327 τοῦ
2335 4275 2507 4343 Λόγου
2529 4273 2874 4346 ἐπιστρέφειν
2897 4276 3042 4345 ἡμᾶς
3065 4275 3174 4327 ἀπὸ
3202 4279 3297 4328 τοῦ
3337 4272 3609 4346 θερμότερον

2089 4367 2184 4420 καὶ
2213 4366 2620 4436 ἀλογιστότερον
2653 4367 2921 4438 ὲπιπηδᾷν
2953 4366 3029 4437 τῷ
3049 4367 3153 4430 ἕως
3184 4366 3278 4419 τοῦ
3304 4358 3609 4432 θανάτουιὸὃ)

421 4458 723 4529 praebituri.
756 4461 971 4517 Etenim
1002 4462 1286 4518 honestum
1318 4466 1534 4533 quidem
1562 4476 1664 4531 est,
1696 4467 1740 4520 si
1771 4467 1981 4521 incide-

2097 4457 2450 4527 ἀγωνίζεσθαι
2480 4457 2733 4528 περὶτῆς
2764 4458 3040 4528 ἀληθείας,
3076 4459 3169 4512 καὶ
3199 4459 3506 4531 μαρτυρεῖν·
3533 4469 3604 4505 κι-

422 4549 492 4600 rit
520 4557 795 4605 certamen
826 4567 925 4622 pro
959 4553 1266 4609 conﬁtendo
1312 4552 1534 4619 Jesum,
1582 4554 1980 4610 confessionem

2097 4551 2172 4604 tbv
2217 4551 2314 4622 μὲν
2343 4550 2472 4623 γὰρ,
2507 4551 2816 4621 ἐμπεσόντα
2854 4551 2944 4602 τὸν
2974 4553 3102 4623 περὶ
3135 4550 3229 4604 τοῦ
3260 4549 3520 4621 ὁμολογεῖν
3540 4544 3605 4595 τὸν

421 4655 526 4693 non
564 4639 798 4709 diﬁerre,
836 4660 1010 4715 neque
1049 4648 1265 4700 tardare
1318 4655 1544 4700 mortem
1603 4661 1700 4715 pro
1751 4648 1982 4702 veritate

2097 4644 2298 4716 Ἰησοῦν
2327 4646 2532 4713 ἀγῶνα,
2586 4644 2660 4717 μὴ
2688 4644 3009 4699 ἀναδύεσθαι
3051 4646 3148 4717 τὴν
3191 4645 3469 4718 ὁμολογίαν
3500 4637 3602 4710 (59),

419 4738 675 4797 Oppetere
711 4750 725 4787 :
763 4743 818 4787 at
867 4749 972 4789 non
1024 4737 1202 4790 minus
1228 4751 1390 4804 quam
1434 4737 1534 4791 hoc
1584 4737 1869 4791 honestum
1900 4748 1983 4792 est

2097 4737 2217 4807 ιηδὲ
2249 4736 2463 4808 μέλλειν
2494 4737 2621 4808 περὶ
2652 4737 2714 4789 τὸ
2739 4736 3173 4808 ὑπεραποθανείν
3218 4739 3319 4807 τῆς
3361 4732 3600 4805 ἀληθείας·

420 4818 512 4870 tali
542 4826 811 4890 tantaeque
838 4825 1120 4878 tentationi
1149 4826 1497 4880 occasionem
1540 4842 1646 4880 non
1691 4826 1840 4891 dare,
1887 4828 1979 4882 sed

2097 4832 2178 4882 n’m
2229 4829 2446 4883 ἔλαττον
2502 4829 2558 4882 δὲ
2608 4829 2797 4883 τούτου
2847 4829 3030 4893 καλὸν,
3086 4829 3177 4882 καὶ
3227 4829 3289 4882 τὸ
3338 4829 3407 4899 μὴ
3446 4823 3601 4878 διδόναι

415 4907 731 4965 omnimodo
765 4912 939 4969 vitare
974 4930 1113 4981 eam,
1140 4932 1244 4971 non
1298 4917 1469 4972 solum
1510 4919 1636 4987 quia
1688 4928 1851 4973 tanta:
1900 4919 1978 4973 rei

2097 4923 2338 4995 ὶφορμὴν
2367 4922 2445 4994 τῷ
2476 4922 2777 4995 τηλικούτῳ
2794 4923 3104 4994 πειρασμῷ,
3131 4922 3266 4976 ἀλλά
3289 4921 3439 4977 παντὶ
3456 4916 3602 4989 τρόπῳ

416 5003 597 5059 exitus
622 5003 859 5063 incertus
883 5008 956 5064 sit
977 5009 1150 5074 nobis,
1185 5025 1373 5065 verum
1404 5012 1567 5065 etiam
1595 5027 1661 5066 ne
1693 5028 1789 5067 nos
1818 5027 1978 5068 occa-

2097 5014 2464 5086 περιΐστασθαι
2510 5015 2693 5081 αὐτὸν,
2740 5016 2801 5068 οὐ
2846 5016 3005 5087 μόνον
3051 5016 3139 5071 διὰ
3186 5017 3248 5069 τὸ
3294 5011 3523 5084 περὶτῆς
3558 5008 3599 5057 ἐν

482 5146 528 5179 ἰ
554 5145 685 5202 Luc.
720 5163 783 5215 ιι,
813 5149 906 5205 54.
1010 5151 1055 5182 ⁸⁸
1078 5150 1233 5207 Joan.
1270 5169 1341 5219 ts,
1373 5154 1462 5210 39.
1537 5155 1580 5185 ⁸⁷
1606 5155 1746 5209 Psal.
1782 5171 1951 5223 nxu,
1985 5160 1992 5208 ἕ

2116 5157 2160 5190 ⁸⁸
2186 5155 2344 5212 Joan.
2374 5174 2451 5222 χι,
2491 5158 2580 5213 δι.

624 5284 805 5368 (iudex
831 5283 1051 5368 Regius,
1088 5287 1544 5368 ἀπολογίσασθαι..
1603 5362 1613 5368 _
1726 5361 1772 5368 _
1851 5361 1862 5368 _

2097 5290 2474 5368 ἐδουλεύσαντο
2496 5293 2689 5368 legisse
2712 5294 2950 5368 videtur
2982 5294 3263 5368 Ferrarius
3307 5288 3591 5347 συνεϐουλευ-

482 5355 596 5427 (54)
639 5355 824 5412 Codex
874 5356 1096 5425 Regius.
1151 5355 1322 5427 λόγων
1369 5360 1464 5412 τοῦ
1521 5361 1675 5429 ἁγίου
1726 5361 1978 5432 Πνεύμα-

482 5444 522 5480 :.
553 5428 739 5480 sicaue
774 5426 939 5480 editio
971 5427 1146 5480 Huetii
1174 5430 1366 5480 habet:
1401 5431 1493 5480 sed
1530 5431 1582 5480 in
1614 5431 1807 5480 codice
1837 5432 1978 5480 Bud-

2097 5379 2266 5417 παντο.
2299 5355 2684 5480 (Rkeposqi'mus
2712 5362 2952 5419 Ferrarii
3000 5365 3286 5420 lectionem
3334 5371 3497 5434 utpote
3525 5376 3591 5412 sa-

2102 5450 2114 5480 Ι
2141 5448 2311 5480 (ΠἮΙΙΙ-
2377 5449 2510 5480 .ιιιτ.

410 5443 522 5489 τος,
553 5430 739 5496 sicque
774 5430 939 5482 editio
971 5430 1146 5481 Huetii
1174 5430 1366 5493 habet;
1401 5431 1493 5486 sed
1530 5431 1582 5484 in
1614 5431 1807 5487 codice
1836 5430 1978 5485 Bed-

410 5496 588 5576 leiano
609 5499 763 5551 deest
783 5496 878 5576 τοῦ
910 5497 1064 5567 ἁγίου
1084 5498 1418 5570 Πνεῦματος,
1460 5501 1602 5571 quod
1633 5501 1793 5555 etiam
1825 5503 1974 5556 vide-

2102 5430 2315 5487 rorem,
2353 5430 2510 5488 eum
3392 5430 3405 5434 ’

2151 5501 2265 5576 (57)
2296 5502 2475 5576 (ξοιΙεΧ
2497 5436 2838 5576 ἐυόιοίσηιιε,
2863 5504 3133 5576 ίσυνιστῶν
3154 5522 3167 5535 ·
3201 5505 3390 5576 llcgins
3411 5543 3425 5567 ,
3450 5498 3586 5576 ἱστὰς.

416 5501 588 5552 Ieiano
609 5501 763 5551 deest
785 5501 878 5551 τοῦ
910 5501 1064 5567 ἁγίου
1084 5501 1418 5570 Πνεὺματος,
1460 5501 1602 5571 quod
1633 5501 1793 5555 etiam
1825 5503 1974 5556 vide-
2151 5501 2239 5573 (57
2296 5502 2475 5557 Codex
2497 5503 2838 5570 Bndlcianus,
2870 5504 3133 5557 συνιστῶν
3154 5522 3167 5535 ·
3201 5505 3390 5576 llegins
3411 5543 3425 5567 ,
3450 5501 3586 5559 ἱστὰς.

416 5567 967 5651 ιιιιλις’(ξειξιιιιιιιὶιιμι.¹¹
1007 5638 1020 5651 .
1226 5639 1238 5651 _
1414 5641 1426 5651 ⁵
2151 5501 2265 5643 (58;
2290 5574 2469 5630 Codex
2500 5573 2726 5643 Regius,
2768 5575 2938 5639 male,
2982 5575 3060 5646 τῷ
3086 5578 3144 5629 ἐν
3192 5575 3267 5644 τῷ
3319 5576 3413 5640 ἕως
3462 5568 3587 5625 Gal/ir

483 5634 597 5715 (ἓξὲξ)
625 5635 803 5715 (ὶοιέθι
833 5636 1483 5715 ,ιὲοάἓθῖδηιιειιὲφορμάςε
1908 5708 1933 5715 -

2097 5634 2255 5715 mgf
2289 5712 2310 5715 _
2584 5634 2612 5643 ”
2654 5634 2722 5715 _'
2898 5659 2910 5672 ε

485 5702 596 5775 (⁵6)
627 5703 807 5763 COdex
833 5706 1056 5781 Regius,
1090 5702 1516 5782 βούλῆξ-Ῥειιιο
1555 5720 1705 5786 post‘
1731 5727 1829 5784 pro
1876 5708 1966 5767 οὖν

2147 5712 2261 5787 (59)
2288 5712 2433 5772 [dem
2456 5716 2625 5773 codex
2653 5713 2873 5785 Regius,
2896 5716 3068 5788 αὐτὴν
3092 5715 3387 5786 ὁμολογίαν.
