3712 6138
132 219 271 279 729

1179 228 1537 287 COMMENT.
1583 231 1650 287 IN
1689 231 1882 289 JOAN.
1923 234 2160 292 TOMUS
2197 237 2436 295 XXVIII.

3344 243 3446 302 750

127 338 327 411 οὒτῷ
361 337 640 408 ἐκϐάσεως
669 342 864 417 ἄδηλον
894 347 1050 417 ἡμῖν,
1096 346 1234 401 ἀλλὰ
1283 349 1377 402 καὶ
1417 349 1505 404 ἵνα
1544 351 1593 422 μέ

1976 355 2149 410 simus
2178 366 2235 411 ut
2261 357 2438 428 magis
2462 365 2783 427 peccatores
2821 358 3107 430 magisque
3133 360 3281 431 impii
3311 377 3442 417 eva-

128 432 169 502 ἠ
185 435 340 502 μετς
374 434 648 506 πρόφασις
677 436 967 509 γενώμεθα
990 438 1085 493 τοῦ
1115 441 1589 514 ἁμαρτωλοτέροις
1613 445 1767 513 γενέ-

135 524 296 578 σθαι
341 530 439 582 καὶ
478 529 858 603 ἀσεϐεστέροις
888 536 1000 598 τοῖς
1028 535 1127 588 οὐκ
1153 533 1220 588 ἂν
1258 536 1358 607 μὲν
1389 536 1467 607 τῷ
1502 536 1648 609 ἔργῳ
1669 538 1764 591 τοῦ

130 616 332 687 ἡμῶν
362 620 691 693 ἐκκεχῦσθαί
721 624 783 678 τὸ
814 620 954 696 αἷμα
974 627 1288 698 γενομένοις
1321 629 1549 699 ἐνόχοις,
1603 632 1653 682 εί
1694 629 1765 683 τὰ

128 711 292 780 παρ’
342 713 576 778 ἑαυτοὺς
606 714 888 781 ποιοῦντες
912 717 1227 789 ἐκκλίνομεν
1255 720 1382 783 τοὺς
1415 720 1576 792 μέχρι
1608 720 1766 775 θανά-

126 816 246 853 του
281 804 322 875 ἡ
337 806 434 875 μτν
452 806 921 874 ἐπιϐουλεύοντας,
951 810 1234 881 ἐσομένοις
1262 812 1319 865 δέ
1347 813 1404 865 ἐν
1424 812 1649 877 πλείονι,
1670 815 1763 867 xui.

130 891 460 969 βαρυτέρᾳ
506 900 724 953 κολάσει
765 903 897 972 παρ’
943 904 1109 973 ἡμᾶς,
1160 903 1208 956 εἰ
1252 903 1634 972 φιλαυτοῦντες
1668 906 1763 959 καὶ

132 981 225 1054 μὴ
258 986 426 1040 κατὰ
460 987 683 1042 ἐκείνων
709 990 1036 1055 σκοποῦντες
1070 991 1430 1064 ἐπιδιδῴημεν
1461 996 1663 1059 αὐτοὺς
1683 994 1761 1068 τῷ

127 1073 544 1146 ἀναιρεῖσθαι,
580 1078 641 1131 ού
673 1080 773 1149 τῆς
828 1081 1075 1154 ἀνάγκης
1118 1084 1200 1146 είς
1238 1082 1396 1136 τοῦτο
1426 1084 1761 1139 καταλαϐού-

129 1181 277 1236 σης.
313 1167 500 1241 Εἴπερ
530 1169 639 1241 γὰρ
661 1171 756 1225 καὶ
776 1174 805 1226 6
828 1174 1099 1245 πρόφασίς
1129 1192 1235 1229 τινι
1257 1177 1548 1247 γενόμενος
1580 1179 1761 1250 ἁμαρ-

124 1258 298 1323 τίας,
328 1260 418 1331 τῷ
443 1262 604 1326 αὐτὸς
624 1265 715 1317 ἐπὶ
740 1265 941 1338 ταύτην
970 1269 1318 1340 κεκινηκέναι
1341 1270 1433 1323 τὸν
1454 1272 1762 1343 ἁμαρτάνο-

126 1366 270 1414 ντα,
295 1352 452 1406 τίσει
468 1354 623 1419 δίκας
642 1357 735 1409 ἐπὶ
749 1361 860 1421 τοῖς
878 1357 944 1410 δι’
962 1360 1125 1413 αὐτὸν
1142 1359 1445 1431 ἀνθρώπων
1462 1362 1565 1414 τινὶ
1585 1365 1762 1433 ἡμαρ-

123 1460 204 1516 τη
216 1445 447 1516 μένοις,
473 1447 590 1512 πῶς
610 1450 729 1521 οὐχὶ
758 1452 851 1504 καὶ
876 1451 905 1502 ό
928 1450 1117 1525 παρὼν
1161 1452 1226 1524 [Ῑ.
1260 1453 1455 1526 παρὸν]
1494 1455 1758 1519 ἐκκλῖναι,

125 1535 233 1590 ἵνα
265 1537 357 1611 μὴ
378 1541 406 1593 6
427 1540 576 1595 δεῖνα
605 1542 873 1615 προδότης
894 1546 1222 1617 Χριστιανοῦ
1248 1546 1494 1619 γένηται,
1529 1550 1623 1602 καὶ⁵
1644 1550 1762 1602 ἐπί-

127 1627 356 1696 ϐουλος
387 1633 489 1705 τῆς
518 1635 660 1689 κατὰ
689 1637 781 1689 τὸν
834 1637 1040 1709 Ἰησοῦν
1069 1637 1377 1704 θεοσεϐείας
1406 1643 1479 1713 μὴ
1510 1643 1760 1707 ἐκκλίνας

1868 448 1996 502 dattt
2024 448 2124 514 illi,
2175 451 2267 518 qui
2317 450 2552 504 nondum
2584 450 2900 521 sanguinem
2948 461 3191 507 nostrum
3223 455 3441 525 quidem

1867 542 2043 610 reipsa
2071 542 2331 599 eﬂ'udisse
2373 545 2449 598 rei
2500 556 2626 598 sunt
2651 544 2814 610 facti;
2841 545 2884 598 si
2910 560 3030 613 quze
3054 546 3104 599 in
3131 546 3285 603 nobis
3316 559 3443 602 sunt

1864 632 2162 698 facientes,
2213 633 2667 691 declinaverimus
2714 652 2809 691 eos
2861 636 2955 705 qui
3007 637 3234 691 insidias
3284 640 3441 694 nobis

1863 725 1949 780 vel
2010 727 2079 781 ad
2129 736 2358 783 mortem
2411 742 2582 798 usque
2630 728 2968 793 moliuntur;
3035 730 3129 784 sed
3183 731 3439 800 puniendi

1864 818 2104 887 alioquin
2137 816 2331 886 majori
2362 820 2711 888 graviorique
2748 835 2909 889 ptena
2956 821 3124 874 nostri
3167 836 3355 888 causa,
3394 825 3439 877 si

1864 915 2036 969 nostri
2065 925 2332 975 amantes.
2365 915 2528 969 rebus
2551 914 2766 969 illorum
2794 914 3141 983 posthabitis,
3169 930 3437 987 exposue-

1864 1003 2038 1056 rimns
2070 1016 2171 1057 nos
2202 1003 2349 1071 ipsos
2375 1002 2777 1073 interﬁciendo,
2806 1002 2951 1057 nulla
2982 1019 3081 1059 nos
3113 1007 3439 1062 necessitate

1864 1098 2108 1159 urgente.
2166 1089 2297 1145 Nam
2332 1092 2377 1146 si
2413 1091 2577 1146 etiam
2608 1094 2699 1160 qui
2745 1093 2907 1147 alicui
2961 1094 3179 1150 occasio
3226 1097 3436 1166 peccati

1861 1165 2039 1236 factus
2067 1181 2253 1248 fuerit,
2309 1182 2353 1237 is
2389 1184 2579 1251 ptenas
2627 1183 2777 1238 dabit
2815 1185 2884 1240 ob
2921 1201 2983 1241 ea
3010 1201 3129 1255 qua:
3156 1165 3239 1242 sui
3273 1204 3437 1244 causa

1863 1276 2209 1342 peccaverint
2263 1275 2429 1345 aliqui
2481 1276 2770 1343 homines;
2826 1281 3098 1347 quomodo
3129 1297 3235 1335 non
3272 1283 3435 1337 etiam

1862 1377 2055 1432 poenas
2087 1364 2316 1419 daturus
2339 1376 2445 1430 est,
2497 1366 2587 1433 qui
2624 1380 2746 1418 cum
2789 1366 3091 1420 declinandi
3126 1367 3435 1421 facultatem

1866 1454 2084 1518 habeat,
2119 1470 2187 1509 ne
2215 1457 2458 1523 proditor
2492 1456 2581 1510 ille
2612 1456 2906 1512 Christiani
2953 1459 3023 1512 sit
3068 1458 3335 1524 hominis,
3382 1467 3438 1514 et

1862 1543 2154 1599 insidiator
2182 1545 2367 1600 cultus
2396 1546 2564 1599 divini
2592 1562 2719 1616 erga
2754 1544 2959 1612 Jesunt,
2995 1563 3099 1600 non
3131 1548 3434 1602 declinave~

1862 1638 1968 1700 rit;
2040 1638 2150 1692 imo
2207 1639 2385 1707 potius
2456 1640 2853 1703 concitaverit,
2904 1640 3114 1693 etiamsi
3168 1643 3310 1707 quod
3368 1639 3436 1693 ad

131 1722 276 1794 μὲν,
317 1727 429 1806 καὶ
458 1729 911 1801 προσπαροξύνας
941 1731 1019 1794 δὲ,
1062 1732 1181 1803 ούχὶ¹
1209 1733 1300 1786 καὶ
1326 1712 1575 1806 περὶτῆς

1970 1732 2346 1799 mptitudinem
2382 1733 2581 1786 attinet
2607 1731 3117 1801 fortitudinemqne,
3157 1735 3339 1788 hacin
3377 1748 3436 1787 re

126 1835 233 1871 νου
262 1819 562 1892 ἁμαρτίας
591 1822 750 1876 δώσει
776 1824 955 1893 λόγον,
996 1825 1120 1890 κᾶν,
1151 1826 1210 1879 τὸ
1235 1826 1359 1882 ὅσον
1379 1829 1471 1880 ἐπὶ
1493 1831 1559 1899 τῇ
1586 1831 1666 1892 εἰς
1696 1830 1756 1882 τὺ

129 1917 474 1985 μαρτυρεῖν
499 1915 775 1988 προθυμίᾳ
806 1918 900 1971 καὶ
923 1920 986 1989 τῇ
1023 1920 1101 1982 εἰς
1132 1917 1290 1972 τοῦτο
1318 1919 1557 1991 ἀνδρείᾳ,
1592 1922 1757 1992 τιμῆς

123 2004 237 2058 καὶ
282 2007 578 2080 ἀποδοχῆς
607 2009 753 2075 ἄξιος
887 2010 1033 2081 παρὰ
1069 2009 1147 2081 τῷ
1195 2011 1574 2082 εύσεϐουμένῳ
1613 2011 1752 2082 Θεῷ,

120 2098 238 2151 καὶ
260 2099 702 2173 ὁμολογουμένῳ
724 2102 813 2155 ὑπ’
846 2102 1009 2155 αὐτοῦ
1045 2102 1255 2174 Σωτῆρι
1282 2120 1296 2168 ;
1333 2104 1455 2156 Ὅτι
1497 2104 1554 2156 δέ
1593 2104 1750 2175 ἡμῶν

122 2188 349 2245 ἕνεκεν
374 2192 446 2246 τὰ
479 2193 702 2247 τοιαῦτα
726 2195 1056 2264 γέγραπται,
1087 2194 1153 2247 ἵν’
1192 2198 1376 2265 ἡμεῖς,
1403 2196 1753 2266 παράδειγμα

128 2277 387 2349 ἔχοντες
410 2280 500 2334 τὸν
534 2282 759 2353 Ἰησοῦν,
798 2283 893 2335 καὶ¹
932 2284 991 2336 ἐν
1017 2287 1130 2347 τοῖς
1153 2285 1413 2349 τοιούτοις
1458 2286 1622 2339 αὐτοῦ
1661 2304 1754 2356 μι-

133 2373 328 2441 μηταὶ
388 2371 698 2443 γενώμεθα,
762 2377 1104 2448 παραστήσει
1153 2381 1186 2449 ή
1238 2377 1471 2446 λέγουσα
1523 2380 1748 2452 Γραφή·

140 2480 162 2514 ς
205 2462 490 2535 Ἐζήτουν
521 2461 614 2519 οὖν
653 2467 815 2520 αὐτὸν
866 2470 1082 2532 πιάσαι,
1141 2471 1237 2523 καὶ
1279 2470 1456 2533 οὐδεὶς
1490 2471 1753 2525 ἐπέϐαλεν

134 2556 231 2609 ἐπ’
262 2556 445 2611 αὐτὸν
479 2559 578 2629 τὴν
624 2563 805 2631 χεῖρα,
847 2561 929 2614 ὅτι
964 2561 1118 2614 οῦπω
1171 2561 1416 2632 ἐληλύθει
1449 2566 1481 2633 ή
1512 2564 1629 2635 ὥρα
1658 2566 1755 2618 αύ-

133 2645 260 2700 τοῦ.
299 2667 320 2699 ι
368 2648 460 2712 Ὠς
484 2650 612 2723 γὰρ,
640 2652 783 2704 κατὰ
800 2653 859 2705 τὸ
879 2652 1038 2724 ῥητὸν
1062 2652 1242 2716 τοῦτο,
1268 2652 1357 2706 διὰ
1373 2654 1549 2717 τοῦτο,
1580 2655 1753 2718 οὐδεὶς

136 2738 431 2795 ἐπέϐαλεν
456 2743 541 2795 ἐπ’
569 2744 733 2798 αὐτὸν
762 2745 859 2815 τὴν
898 2747 1075 2817 χεῖρα,
1110 2745 1350 2817 παρόντα
1374 2746 1470 2798 καὶ
1507 2746 1581 2815 μὴ
1621 2745 1753 2813 φεύ-

137 2848 340 2901 γοντα,
380 2834 511 2887 ἐπεὶ
544 2837 709 2906 μήπω
743 2836 991 2905 ἐληλύθει
1026 2840 1058 2907 ἡ
1087 2835 1207 2907 ὥρα
1235 2835 1422 2901 αὐτοῦ,
1467 2836 1639 2899 οὕτως
1661 2838 1753 2890 καὶ

139 2928 321 2998 χωρὶς
356 2926 460 2981 τοῦ
488 2929 793 3000 ἀναχωρεῖν
826 2930 884 2982 ἐν
920 2929 996 3000 τῷ
1044 2929 1222 3001 καιρῷ
1256 2928 1349 2983 τοῦ
1389 2929 1613 3000 μηδέπω
1656 2930 1754 2983 αύ-

135 3016 234 3071 τοῦ
285 3020 662 3091 ἐφεστηκέναι
707 3020 804 3093 τὴν
856 3020 1025 3093 ὥραν,
1061 3022 1121 3075 οὐ
1165 3022 1469 3094 κατέσχητο
1518 3022 1617 3094 μὲν
1662 3022 1748 3087 ἂν,
1778 3051 1820 3108 C

138 3113 291 3183 ὅμως
325 3114 387 3167 δὲ
424 3115 524 3168 ούκ
557 3114 820 3169 ἐπέϐαλεν
850 3114 997 3185 αύτῷ
1024 3115 1197 3179 οὐδεὶς
1224 3116 1323 3187 τὴν
1353 3119 1531 3187 χεῖρα.
1550 3116 1748 3188 Διόπερ

116 3202 252 3275 ,(61)
287 3205 603 3258 ἀκοιυστέον
625 3207 686 3258 οὐ
722 3206 880 3277 μόνον
909 3206 1026 3271 τοῦ,
1081 3225 1098 3258 t
1149 3206 1274 3260 Ἐὰν
1302 3206 1570 3262 διώκωσιν
1604 3210 1748 3279 ὑμᾶς

142 3296 201 3349 ἐν
224 3300 294 3369 τῇ
328 3297 495 3351 πόλει
528 3298 723 3371 ταύτῃ,
751 3298 983 3367 φεύγετε
1018 3301 1099 3363 είς
1121 3298 1219 3370 τὴν
1245 3299 1463 3372 ἑτέραν,
1485 3320 1502 3351 ι
1522 3301 1616 3353 καὶ⁴
1638 3299 1747 3352 τῶν

150 3391 301 3462 ἑξῆς,
338 3390 485 3444 ἀλλὰ
511 3391 606 3444 καὶ
631 3393 712 3444 δτι
741 3390 906 3463 ήνίκα
941 3391 1449 3457 συνεϐουλεύσαντο,
1489 3394 1578 3447 ἵνα
1609 3395 1746 3448 ἀπο-

149 3481 412 3536 κτείνωσι
449 3481 543 3534 τὸν
585 3481 796 3551 Ἰησοῦν
840 3484 887 3534 οἱ
928 3484 1206 3554 ἀρχιερεῖς
1238 3485 1331 3537 καὶ
1360 3485 1408 3538 οἱ
1438 3486 1742 3556 Φαρισαῖοι,

147 3574 209 3628 τὸ
237 3574 561 3644 εὐλόγιστον
602 3572 808 3645 τηρῶν,
863 3575 1049 3626 οὐκέτι
1100 3576 1384 3646 παρρησίᾳ
1422 3578 1744 3647 περιεπάτει

151 3661 211 3713 ἐν
253 3664 371 3726 τοῖς
443 3660 738 3725 Ἰουδαίοις
804 3661 920 3714 ἀλλ’
959 3662 1079 3715 οὐδὲ
1122 3665 1202 3725 εἰς
1230 3663 1395 3734 ἄλλην
1450 3666 1604 3719 πόλιν
1647 3668 1744 3720 ἀν-

152 3751 442 3825 εχώρησεν
472 3753 643 3823 ὄχλων
670 3753 1133 3826 πεπληρωμένην,
1158 3755 1293 3810 ἀλλά
1316 3774 1436 3810 τινα
1462 3759 1712 3831 ἁνακεχω
1728 3790 1744 3801 ι

158 3848 425 3916 ρηκυῖανο
477 3845 788 3917 γέγραπται
830 3846 972 3917 γάρ’
1008 3865 1026 3898 t
1074 3847 1132 3898 Ὀ
1172 3843 1265 3901 οὖν
1309 3849 1515 3918 Ἰησοῦς
1562 3851 1743 3904 οὐκέτι

156 3938 450 4009 παρρησίᾳ
477 3939 795 4009 περιεπάτει
824 3940 881 3991 ἐν
910 3943 1022 4002 τοῖς
1068 3938 1362 4005 Ἰουδαίοις,
1408 3941 1544 3995 ἀλλᾶ
1570 3943 1744 4015 ἀπῆλ-

156 4029 246 4084 θεν
279 4030 496 4084 ἐκεῖθεν
535 4032 614 4095 εἰς
647 4029 746 4101 τὴν
797 4030 982 4103 χώραν
1030 4032 1199 4102 ἐγγὺς
1245 4034 1344 4105 τῆς
1387 4035 1619 4106 ἐρήμου,
1663 4040 1743 4101 εἰς

167 4126 410 4198 Ἐφραῒμ
447 4126 745 4198 λεγομένην
787 4127 959 4181 πόλιν.
1005 4147 1023 4179 ι
1070 4114 1181 4183 Καὶ
1220 4130 1281 4182 ού
1329 4130 1487 4201 μόνος
1517 4148 1580 4200 γε
1628 4134 1746 4187 ἐκεῖ

159 4215 521 4290 ἀπελήλυθεν,
555 4217 689 4270 ἀλλὰ
721 4218 991 4290 μηδεμίαν
1012 4219 1267 4292 ἀφορμὴν
1298 4220 1476 4285 διδοὺς
1503 4225 1618 4287 τοῖς
1644 4222 1742 4295 ζη-

157 4307 339 4361 τοῦσιν
359 4308 546 4373 αὐτὸν,
583 4308 677 4362 καὶ
720 4310 847 4373 τοὺς
883 4309 1132 4382 μαθητὰς
1166 4310 1284 4382 μεθ’
1319 4313 1512 4365 ἐαυτοῦ
1549 4314 1741 4387 παρεί-

1859 1824 2066 1877 honore
2093 1837 2155 1878 ac
2179 1824 2337 1876 laude
2364 1825 2433 1878 sit
2477 1825 2671 1893 dignus
2715 1825 2853 1893 apud
2904 1826 3095 1888 Deum,
3142 1841 3300 1893 quem
3351 1827 3436 1893 pie

1858 1916 2007 1979 colit,
2034 1919 2283 1986 apudque
2311 1917 2687 1982 Servatorem,
2726 1932 2886 1984 quem
2917 1918 3202 1971 confessus
3234 1917 3435 1972 fuerit?

1857 2005 2027 2061 Porro
2061 2007 2204 2076 quod
2235 2007 2406 2061 nostri
2452 2023 2619 2061 causa
2666 2010 2780 2062 lucc
2829 2009 3030 2076 scripta
3065 2009 3289 2074 fuerint,
3325 2024 3434 2079 quo

1855 2093 2040 2150 Jesum
2072 2096 2399 2151 haberemus
2425 2099 2724 2165 exemplar,
2763 2098 2931 2169 398
2976 2100 3129 2169 cujus
3165 2101 3216 2153 in
3247 2100 3435 2170 hujus—

1855 2187 2067 2241 cemodi
2105 2186 2273 2240 rebus
2304 2187 2609 2241 imitatores
2635 2204 2903 2253 essemus,
2946 2191 3101 2243 docet
3151 2189 3433 2258 Scriptura

1856 2278 2085 2333 dicens:
2118 2278 2484 2347 «Qumrebant
2508 2281 2677 2349 igitur
2701 2297 2825 2335 eum
2864 2283 3346 2351 comprehendere,
3380 2293 3435 2336 et

1856 2372 2041 2425 nullus
2086 2372 2140 2425 in
2198 2386 2322 2425 eum
2379 2372 2612 2440 conjec-it
2660 2390 2935 2438 manum,
2992 2375 3137 2443 quod
3194 2376 3431 2427 nondum

1855 2464 2095 2518 venisset
2123 2467 2258 2518 hora
2286 2464 2403 2534 ejus
2430 2464 2529 2516 3°.»
2564 2464 2631 2519 Ut
2661 2466 2828 2530 enim,
2852 2468 3007 2535 juxta
3035 2467 3176 2518 hunc
3204 2476 3428 2527 textum,

1855 2556 2037 2609 nullus
2067 2556 2119 2607 in
2143 2570 2266 2609 eum
2297 2556 2532 2623 coniecit
2556 2572 2797 2619 manum,
2831 2567 3153 2626 prmsentem
3182 2598 3197 2622 ,
3230 2566 3284 2611 et
3322 2573 3430 2609 non

1854 2645 2181 2716 fugientem,
2225 2648 2353 2717 quia
2394 2650 2626 2701 nondum
2682 2650 2919 2704 venisset
2960 2649 3091 2702 hora
3147 2650 3293 2714 ejus;
3352 2649 3431 2701 sic

1854 2741 2018 2793 etiam
2071 2740 2114 2794 si
2168 2756 2272 2793 non
2327 2742 2649 2795 secessisset
2683 2742 2734 2794 in
2765 2756 2829 2794 eo
2864 2752 3127 2809 tempore,
3159 2756 3264 2807 quo
3298 2756 3430 2793 non-

1854 2832 1979 2882 tlutn
2009 2830 2249 2885 instabat
2280 2834 2411 2886 ltora
2446 2833 2584 2903 ejus,
2614 2848 2738 2886 eum
2783 2834 3201 2903 haudquaquam
3234 2832 3428 2887 deten-

1858 2923 1960 2975 turi
2013 2922 2266 2990 fuissent,
2317 2935 2370 2978 et
2409 2926 2662 2978 similiter
2710 2927 2891 2979 nullus
2929 2928 2981 2980 in
3028 2943 3151 2979 eum
3201 2926 3431 2994 conjecit

1856 3029 2101 3071 manum.
2157 3015 2426 3081 Quocirca
2476 3017 2885 3087 intelligendum
2931 3028 3012 3072 est
3058 3034 3165 3072 non
3217 3030 3425 3072 tantum

1855 3105 1983 3158 illud
2016 3106 2103 3161 9°:
2141 3123 2160 3157 ι
2192 3105 2247 3159 Si
2290 3108 2562 3175 perseeuti
2597 3123 2690 3160 vos
2729 3108 2927 3161 fuerint
2970 3109 3022 3161 in
3056 3124 3157 3162 una
3187 3108 3427 3174 civitate,

1850 3195 2019 3267 fugite
2054 3199 2119 3251 ad
2153 3198 2383 3265 aliam.)
2420 3209 2474 3253 et
2501 3214 2564 3253 ea
2599 3214 2719 3267 qua:
2751 3210 3082 3268 sequuntur;
3122 3200 3213 3253 sed
3260 3201 3426 3253 etiam

1851 3290 1973 3353 hoc,
2000 3291 2145 3358 quod
2175 3293 2392 3359 quando
2440 3308 2542 3345 una
2581 3292 3029 3345 consultaverunt
3056 3293 3343 3361 pontifices
3374 3304 3429 3346 et

1850 3380 2111 3436 Pharis-mi
2155 3392 2214 3435 ut
2254 3380 2442 3435 Jesum
2477 3382 2851 3437 interﬁcerent
2879 3422 2895 3447 ,
2947 3382 2997 3435 id
3044 3384 3186 3451 quod
3232 3382 3425 3438 rationi

1848 3484 1970 3527 erat
2004 3474 2239 3527 maxime
2268 3483 2696 3529 consentaneum
2730 3489 2956 3528 servans
2978 3515 2994 3539 ,
3027 3474 3291 3528 Servatur
3319 3490 3424 3527 non

1848 3567 2086 3636 amplius
2113 3566 2417 3636 propalam.
2448 3564 2767 3620 ambulabat
2829 3567 2970 3620 inter
3025 3563 3278 3631 Judmos;
3330 3568 3423 3619 sed

1850 3676 2027 3728 neque
2079 3660 2131 3713 in
2166 3660 2325 3713 aliam
2362 3658 2551 3713 urbem
2593 3660 2820 3714 secessit
2852 3659 3025 3713 turbis
3062 3658 3293 3728 plenam,
3332 3660 3426 3713 sed

1848 3750 1901 3803 in
1940 3752 2226 3819 quamdam
2289 3750 2478 3803 urbem
2531 3764 2778 3803 seorsum
2822 3751 3081 3820 positam.
3134 3749 3420 3819 Scriptum

1845 3858 1929 3898 est
1958 3845 2102 3899 enim
2138 3863 2152 3899 :
2189 3863 2206 3895 ι
2236 3843 2396 3900 Jesus
2438 3843 2603 3912 igitur
2632 3842 2745 3911 jam
2787 3860 2891 3897 non
2922 3843 3199 3912 propalam
3234 3845 3425 3898 ambu-

1847 3933 1992 3988 labat
2030 3934 2170 3988 inter
2215 3934 2459 3997 .lndwos;
2504 3937 2598 3990 sed
2651 3937 2783 3991 abiit
2821 3939 2966 3994 illinc
3004 3940 3057 3993 in
3111 3942 3287 3995 locum
3327 3941 3423 3995 de-

1846 4034 1993 4079 serto
2041 4025 2379 4094 proximum;
2428 4042 2623 4096 nempe
2667 4027 2720 4081 in
2767 4030 3037 4084 civitatem
3080 4048 3199 4100 qua:
3225 4032 3422 4086 dicitur

1845 4117 2126 4185 Ephraim.
2157 4135 2175 4168 ι
2212 4114 2323 4171 Nec
2351 4131 2482 4171 sane
2511 4116 2661 4172 solus
2698 4132 2764 4172 eo
2791 4118 3084 4184 concessit,
3116 4136 3300 4173 verum
3356 4137 3424 4176 ne

1842 4209 2005 4261 ullam
2043 4208 2389 4263 occasionem
2418 4221 2477 4261 se
2514 4210 2889 4277 quaerentibus
2912 4211 3087 4275 daret,
3125 4211 3422 4280 discipulus

1843 4301 2004 4354 etiam
2044 4314 2228 4353 secum
2260 4299 2598 4367 assumpsit,
2640 4317 2659 4350 ι
2690 4300 2914 4368 illicque
2946 4302 3266 4355 versabatur
3294 4317 3418 4355 cum

160 4396 317 4469 ληφε,
357 4419 376 4451 ι
410 4398 505 4453 καὶ
527 4402 644 4452 ἐκεῖ
679 4398 858 4469 ἔμεινε
894 4398 1029 4470 μετὰ
1060 4398 1167 4452 τῶν
1193 4400 1468 4471 μαθητῶν.
1509 4420 1528 4452 ›
1556 4402 1626 4453 Το

1954 4393 2147 4463 :ipulis.
2181 4411 2199 4443 ι
2233 4389 2362 4444 Tale
2396 4393 2653 4460 quiddam
2680 4402 2762 4446 est
2785 4394 2947 4446 etiam
2979 4393 3122 4462 quod
3152 4392 3203 4445 in
3244 4391 3420 4445 Evan-

163 4486 252 4539 τόν
283 4491 399 4542 ἐστι
440 4489 619 4543 καὶτὸ
644 4492 702 4543 ἐν
731 4488 808 4559 τῷ
834 4490 976 4543 κατὰ
1014 4490 1292 4543 Ματθαῖον
1324 4492 1733 4565 γεγραμμένον*

168 4578 272 4644 ὅτε,
314 4601 332 4633 ι
361 4583 622 4646 ἀκούσας,
649 4582 730 4634 ὅτι
764 4581 1015 4651 Ἰωάννης
1055 4581 1345 4653 παρεδόθη,
1385 4582 1733 4655 ἀνεχώρησεν

166 4672 244 4736 εἰς
268 4674 365 4745 τὴν
395 4674 708 4739 Γαλιλαίαν,
738 4675 831 4727 καὶ
861 4673 1175 4728 καταλιπὼν
1201 4675 1302 4745 τὴν
1342 4674 1616 4746 Ναζαρὲθ,
1648 4676 1737 4729 ἐλ-

169 4760 271 4816 θὼν
305 4767 621 4838 κατῴκησεν
642 4768 721 4830 εἰς
736 4767 1116 4838 Καφαρναοὺμ
1142 4766 1239 4838 τὴν
1266 4768 1735 4839 παραθαλασσίαν,

168 4856 222 4908 ἐν
252 4858 414 4928 ὁρίοις
438 4857 721 4912 Ζαϐουλὼν
766 4859 861 4910 καὶ
915 4857 1269 4929 Νεφθαλείμ·
1314 4879 1331 4910 ι
1384 4860 1478 4911 καὶ
1516 4859 1608 4911 ἐπὶ
1644 4860 1733 4914 τὸν

172 4948 351 5020 καιρὸν
382 4950 439 5003 δέ
465 4950 676 5021 φθάσας
704 4949 799 5004 τοῦ
826 4949 1215 5022 συλληφθῆναι,
1252 4951 1541 5022 ἐτήρησεν,
1592 4951 1735 5022 ὑπὲρ

171 5035 259 5088 τοῦ
286 5040 358 5111 μὴ
387 5046 513 5115 παρ’
539 5043 733 5096 ἐαυτὸν
773 5043 930 5096 τοῦτο
964 5042 1177 5107 παθεῖν,
1223 5044 1359 5115 μήτε
1408 5047 1465 5098 ἐν
1510 5046 1736 5116 Ἰεροσο-

175 5123 352 5199 λύμοις
400 5134 712 5207 εὑρεθῆναι,
745 5135 882 5207 μήτε
913 5137 971 5188 ἐν
1013 5134 1091 5207 τῷ
1116 5134 1264 5207 ἱερῷ,
1308 5135 1435 5191 ἔνθα
1488 5136 1736 5190 ἐδίδασκε

177 5220 441 5294 πολλάκις,
493 5232 631 5301 μήτε
670 5231 729 5283 ἐν
769 5229 912 5301 ἄλλῳ
946 5230 1174 5301 τοιούτῳ
1214 5230 1367 5301 τόπῳ
1391 5246 1406 5261 ο
1445 5248 1463 5281 t
1514 5228 1734 5301 Ἐξῆλθε

1845 4488 1986 4558 gelio
2024 4502 2054 4540 a
2094 4485 2348 4539 Matthazo
2392 4486 2588 4539 tradito
2643 4485 2908 4555 scriptum
2964 4500 3048 4539 εει
3074 4486 3156 4552 ﬂ;
3200 4486 3419 4554 quando

1851 4598 1870 4630 ι
1895 4578 2121 4647 audiens
2144 4576 2406 4631 Joannem
2436 4576 2693 4630 traditum
2730 4592 2873 4638 esse,
2912 4577 3136 4631 secessit
3180 4578 3231 4630 in
3271 4577 3418 4632 Gali-

1845 4675 2044 4741 laeam,
2104 4672 2401 4741 relictaque
2463 4672 2756 4735 Nazareth,
2825 4672 3099 4742 profectus
3156 4672 3420 4726 habitavit

1844 4766 2225 4836 Capharnaum
2252 4766 2530 4819 civitatem
2572 4766 2925 4829 maritimam,
2981 4764 3033 4818 itt
3079 4765 3277 4818 lluibtts
3310 4763 3418 4818 Za-

1845 4858 2004 4911 hulon
2031 4896 2046 4921 ,
2078 4866 2133 4910 et
2164 4855 2507 4926 Nephthalim
2529 4874 2577 4924 ;ι
2613 4867 2667 4911 et
2704 4872 2827 4911 cum
2880 4866 3090 4926 tempus
3140 4864 3418 4927 appeteret

1844 4959 1904 5001 ut
1968 4949 2559 5017 comprehenderetur,
2603 4949 2917 5003 observavit
2970 4965 3040 5004 ne
3089 4947 3234 5002 ultro
3286 4947 3416 5001 illud

1843 5051 2142 5111 pateretur,
2175 5055 2350 5109 neque
2382 5042 2433 5093 in
2468 5038 2859 5110 Hierosolymis
2879 5040 3230 5105 inveniretur,
3254 5039 3337 5093 vel
3365 5040 3415 5093 in

1846 5134 2068 5203 templo,
2109 5134 2201 5189 ubi
2237 5135 2546 5202 frequenter
2587 5135 2803 5197 docuit,
2856 5149 3033 5203 neque
3074 5134 3127 5186 in
3166 5131 3274 5185 ullo
3307 5130 3416 5184 alin

1842 5228 2006 5281 simili
2063 5228 2180 5283 loco
2215 5245 2229 5281 :
2261 5247 2279 5280 ι
2314 5228 2494 5282 Exivit
2569 5228 2714 5283 enim
2780 5242 2904 5282 cum
2966 5223 3248 5295 discipulis
3298 5225 3415 5277 suis

240 5361 284 5393 "
316 5363 467 5424 Joan.
506 5385 605 5434 vn,
645 5370 734 5426 50.
807 5371 853 5402 ⁶⁰
887 5371 1077 5427 Matth.
1114 5388 1171 5438 ι,
1200 5373 1292 5428 25.
1370 5374 1412 5405 ’ί
1457 5371 1649 5427 Matth.
1700 5389 1706 5426 ι

599 5411 605 5432 ,
645 5370 734 5426 50.
807 5371 853 5402 ⁶⁰
887 5371 1077 5427 Matth.
1114 5388 1171 5438 ι,
1200 5373 1292 5428 25.
1370 5374 1412 5405 ’ί
1457 5371 1649 5427 Matth.
1700 5389 1783 5439 tv,
1836 5373 1921 5436 I2,
1980 5372 2065 5425 l5.

247 5477 490 5561 (ξοὶΜή.
521 5490 678 5545 Deest
734 5490 786 5543 in
831 5488 1021 5545 codice
1050 5488 1240 5561 Regio,
1299 5488 1394 5546 sed
1437 5497 1621 5544 exstat
1678 5489 1730 5542 in

181 5543 475 5613 Bodleiano:

188 5684 222 5737 ὅ
247 5617 351 5691 (61)
395 5629 478 5715 op
503 5630 840 5716 ειατέσχητο
867 5630 986 5720 μὲν
1023 5631 1122 5711 ἀγ,
1149 5629 1400 5716 ὅμωςβέ
1431 5632 1543 5685 οὐκ
1589 5629 1728 5711 έπέ-

219 5690 535 5745 (Hermum
586 5700 784 5745 ουδεὶρ
822 5719 935 5745 rm-
980 5718 1180 5745 νρηπι·
1233 5700 1456 5745 ﬁrmum-
1491 5711 1599 5745 Mn-
1648 5702 1728 5745 Su

375 5700 535 5767 αὐτῷ
586 5700 784 5769 οὐδεὶς
822 5700 935 5771 τὴν
976 5700 1189 5772 χεῷαί
1233 5700 1458 5771 διόπερ,
1491 5711 1599 5758 etc.
1648 5702 1741 5757 Sic

1840 5491 1987 5544 hunc
2025 5489 2202 5560 locum
2237 5491 2439 5560 optime
2466 5490 2709 5546 restituit
2763 5488 2938 5560 codex_
2979 5484 3412 5560 Bodleianus._Itt

1840 5559 2232 5632 codice_l{_egio
2274 5556 2482 5618 'vitiose
2535 5561 2751 5632 legitur,
2808 5558 3118 5629 κατέσχητο
3166 5556 3267 5629 μὲν
3322 5557 3412 5623 ἂν,

1840 5632 2000 5698 ἡμεῖς
2034 5629 2245 5705 διόπερ.
