  <div class='ocr_page' id='page_1' title='image "/cluster/home/n/w/nwhite01/storage/ocr_20150623/14/mdp.39015052831362/409.png"; bbox 0 0 3712 6138; ppageno 0'>
   <div class='ocr_carea' id='block_1_1' title="bbox 355 272 457 327">
    <p class='ocr_par' dir='ltr' id='par_1_1' title="bbox 355 272 457 327">
     <span class='ocr_line' id='line_1_1' title="bbox 355 272 457 327; baseline 0.039 -4"><span class='ocrx_word' id='word_1_1' title='bbox 355 272 457 327; x_wconf 77' lang='grc'><strong>751</strong></span> 
     </span>
    </p>
   </div>
   <div class='ocr_carea' id='block_1_2' title="bbox 1837 263 3590 324">
    <p class='ocr_par' dir='ltr' id='par_1_2' title="bbox 1837 263 3590 324">
     <span class='ocr_line' id='line_1_2' title="bbox 1837 263 3590 324; baseline -0.002 -2"><span class='ocrx_word' id='word_1_2' title='bbox 1837 267 2158 324; x_wconf 77' lang='lat' dir='ltr'><strong>ORIGENIS</strong></span> <span class='ocrx_word' id='word_1_3' title='bbox 2245 292 2251 299; x_wconf 93' lang='lat'><em>-</em></span> <span class='ocrx_word' id='word_1_4' title='bbox 3505 263 3590 319; x_wconf 76' lang='lat'><strong>73?.</strong></span> 
     </span>
    </p>
   </div>
   <div class='ocr_carea' id='block_1_3' title="bbox 359 384 1903 468">
    <p class='ocr_par' dir='ltr' id='par_1_3' title="bbox 359 397 1903 468">
     <span class='ocr_line' id='line_1_3' title="bbox 359 397 1903 468; baseline 0.001 -18"><span class='ocrx_word' id='word_1_5' title='bbox 359 406 506 450; x_wconf 83' lang='lat' dir='ltr'><strong>trans</strong></span> <span class='ocrx_word' id='word_1_6' title='bbox 534 407 831 452; x_wconf 72' lang='lat' dir='ltr'><strong>torrentem</strong></span> <span class='ocrx_word' id='word_1_7' title='bbox 866 397 1104 462; x_wconf 90' lang='lat' dir='ltr'><strong>Cedron,</strong></span> <span class='ocrx_word' id='word_1_8' title='bbox 1151 397 1239 454; x_wconf 89' lang='lat' dir='ltr'><strong>ubi</strong></span> <span class='ocrx_word' id='word_1_9' title='bbox 1279 409 1401 453; x_wconf 88' lang='lat' dir='ltr'><strong>erat</strong></span> <span class='ocrx_word' id='word_1_10' title='bbox 1435 398 1647 464; x_wconf 88' lang='lat' dir='ltr'><strong>hortus,</strong></span> <span class='ocrx_word' id='word_1_11' title='bbox 1677 398 1731 452; x_wconf 94' lang='lat' dir='ltr'><strong>in</strong></span> <span class='ocrx_word' id='word_1_12' title='bbox 1770 413 1903 468; x_wconf 83' lang='lat' dir='ltr'><strong>quen</strong></span> 
     </span>
    </p>
   </div>
   <div class='ocr_carea' id='block_1_4' title="bbox 2072 384 3589 468">
    <p class='ocr_par' dir='ltr' id='par_1_4' title="bbox 2073 384 3589 460">
     <span class='ocr_line' id='line_1_4' title="bbox 2073 384 3589 460; baseline -0.004 -19"><span class='ocrx_word' id='word_1_13' title='bbox 2073 389 2143 460; x_wconf 82' lang='grc' dir='ltr'><strong>ἀρ</strong></span> <span class='ocrx_word' id='word_1_14' title='bbox 2176 389 2272 442; x_wconf 81' lang='grc' dir='ltr'><strong>σὺν</strong></span> <span class='ocrx_word' id='word_1_15' title='bbox 2322 391 2436 451; x_wconf 87' lang='grc' dir='ltr'>τοῖς</span> <span class='ocrx_word' id='word_1_16' title='bbox 2470 388 2736 459; x_wconf 81' lang='grc' dir='ltr'><strong>μαθηταῖς</strong></span> <span class='ocrx_word' id='word_1_17' title='bbox 2767 385 2935 441; x_wconf 84' lang='grc' dir='ltr'>αὑτοῦ</span> <span class='ocrx_word' id='word_1_18' title='bbox 2967 385 3139 458; x_wconf 77' lang='grc' dir='ltr'>πέραν</span> <span class='ocrx_word' id='word_1_19' title='bbox 3170 384 3265 438; x_wconf 86' lang='grc' dir='ltr'><strong>τοῦ</strong></span> <span class='ocrx_word' id='word_1_20' title='bbox 3306 384 3589 455; x_wconf 71' lang='grc' dir='ltr'>χειμάρρου</span> 
     </span>
    </p>
   </div>
   <div class='ocr_carea' id='block_1_5' title="bbox 316 480 1933 561">
    <p class='ocr_par' dir='ltr' id='par_1_5' title="bbox 316 480 1933 561">
     <span class='ocr_line' id='line_1_5' title="bbox 316 480 1933 561; baseline 0.001 -18"><span class='ocrx_word' id='word_1_21' title='bbox 316 480 322 543; x_wconf 74' lang='grc' dir='ltr'><em>ξ</em></span> <span class='ocrx_word' id='word_1_22' title='bbox 357 487 580 543; x_wconf 90' lang='lat' dir='ltr'><strong>intravit</strong></span> <span class='ocrx_word' id='word_1_23' title='bbox 602 490 739 559; x_wconf 88' lang='lat' dir='ltr'><strong>ipse,</strong></span> <span class='ocrx_word' id='word_1_24' title='bbox 768 501 824 544; x_wconf 88' lang='lat' dir='ltr'><strong>et</strong></span> <span class='ocrx_word' id='word_1_25' title='bbox 845 490 1095 561; x_wconf 81' lang='lat' dir='ltr'><strong>discipuli</strong></span> <span class='ocrx_word' id='word_1_26' title='bbox 1121 491 1237 561; x_wconf 88' lang='lat' dir='ltr'><strong>ejus</strong></span> <span class='ocrx_word' id='word_1_27' title='bbox 1259 492 1357 546; x_wconf 71' lang='grc' dir='ltr'><strong>ἐι.)</strong></span> <span class='ocrx_word' id='word_1_28' title='bbox 1386 491 1477 547; x_wconf 88' lang='lat' dir='ltr'><strong>Sic</strong></span> <span class='ocrx_word' id='word_1_29' title='bbox 1501 501 1682 546; x_wconf 87' lang='lat' dir='ltr'><strong>autem</strong></span> <span class='ocrx_word' id='word_1_30' title='bbox 1705 493 1933 546; x_wconf 84' lang='lat' dir='ltr'><strong>secessit</strong></span> 
     </span>
    </p>
   </div>
   <div class='ocr_carea' id='block_1_6' title="bbox 300 575 1932 654">
    <p class='ocr_par' dir='ltr' id='par_1_6' title="bbox 300 575 1932 654">
     <span class='ocr_line' id='line_1_6' title="bbox 300 575 1932 654; baseline 0.004 -21"><span class='ocrx_word' id='word_1_31' title='bbox 300 575 319 606; x_wconf 48' lang='lat'><strong>7&quot;</strong></span> <span class='ocrx_word' id='word_1_32' title='bbox 355 595 452 648; x_wconf 91' lang='lat' dir='ltr'><strong>per</strong></span> <span class='ocrx_word' id='word_1_33' title='bbox 483 582 532 634; x_wconf 88' lang='lat' dir='ltr'><strong>id</strong></span> <span class='ocrx_word' id='word_1_34' title='bbox 563 583 844 651; x_wconf 86' lang='lat' dir='ltr'><strong>temporis,</strong></span> <span class='ocrx_word' id='word_1_35' title='bbox 883 592 936 637; x_wconf 92' lang='lat' dir='ltr'><strong>et</strong></span> <span class='ocrx_word' id='word_1_36' title='bbox 980 584 1034 636; x_wconf 90' lang='lat' dir='ltr'><strong>in</strong></span> <span class='ocrx_word' id='word_1_37' title='bbox 1074 584 1290 654; x_wconf 81' lang='lat' dir='ltr'><strong>publico</strong></span> <span class='ocrx_word' id='word_1_38' title='bbox 1333 600 1442 640; x_wconf 94' lang='lat' dir='ltr'><strong>non</strong></span> <span class='ocrx_word' id='word_1_39' title='bbox 1495 584 1831 648; x_wconf 86' lang='lat' dir='ltr'><strong>ambulabat,</strong></span> <span class='ocrx_word' id='word_1_40' title='bbox 1873 595 1932 639; x_wconf 90' lang='lat' dir='ltr'><strong>ut</strong></span> 
     </span>
    </p>
   </div>
   <div class='ocr_carea' id='block_1_7' title="bbox 356 671 1929 744">
    <p class='ocr_par' dir='ltr' id='par_1_7' title="bbox 356 671 1929 744">
     <span class='ocr_line' id='line_1_7' title="bbox 356 671 1929 744; baseline 0.004 -21"><span class='ocrx_word' id='word_1_41' title='bbox 356 672 640 738; x_wconf 83' lang='lat' dir='ltr'><strong>pontiﬁces</strong></span> <span class='ocrx_word' id='word_1_42' title='bbox 681 682 735 727; x_wconf 88' lang='lat' dir='ltr'><strong>ct</strong></span> <span class='ocrx_word' id='word_1_43' title='bbox 774 671 1039 730; x_wconf 78' lang='lat' dir='ltr'><strong>Pharisaei</strong></span> <span class='ocrx_word' id='word_1_44' title='bbox 1072 678 1315 732; x_wconf 82' lang='lat' dir='ltr'><strong>volentes</strong></span> <span class='ocrx_word' id='word_1_45' title='bbox 1364 676 1516 730; x_wconf 93' lang='lat' dir='ltr'><strong>illum</strong></span> <span class='ocrx_word' id='word_1_46' title='bbox 1567 679 1929 744; x_wconf 89' lang='lat' dir='ltr'><strong>comprehen-</strong></span> 
     </span>
    </p>
   </div>
   <div class='ocr_carea' id='block_1_8' title="bbox 355 764 1932 837">
    <p class='ocr_par' dir='ltr' id='par_1_8' title="bbox 355 764 1932 837">
     <span class='ocr_line' id='line_1_8' title="bbox 355 764 1932 837; baseline 0.004 -21"><span class='ocrx_word' id='word_1_47' title='bbox 355 764 504 828; x_wconf 90' lang='lat' dir='ltr'><strong>dere,</strong></span> <span class='ocrx_word' id='word_1_48' title='bbox 521 775 748 834; x_wconf 87' lang='lat' dir='ltr'><strong>egerent</strong></span> <span class='ocrx_word' id='word_1_49' title='bbox 777 764 934 830; x_wconf 89' lang='lat' dir='ltr'><strong>Juda,</strong></span> <span class='ocrx_word' id='word_1_50' title='bbox 966 776 1250 836; x_wconf 85' lang='lat' dir='ltr'><strong>propterea</strong></span> <span class='ocrx_word' id='word_1_51' title='bbox 1276 767 1418 836; x_wconf 94' lang='lat' dir='ltr'><strong>quod</strong></span> <span class='ocrx_word' id='word_1_52' title='bbox 1444 767 1742 837; x_wconf 84' lang='lat' dir='ltr'><strong>discipulus</strong></span> <span class='ocrx_word' id='word_1_53' title='bbox 1763 768 1932 837; x_wconf 88' lang='lat' dir='ltr'><strong>ipsius</strong></span> 
     </span>
    </p>
   </div>
   <div class='ocr_carea' id='block_1_9' title="bbox 355 857 1928 928">
    <p class='ocr_par' dir='ltr' id='par_1_9' title="bbox 355 857 1928 928">
     <span class='ocr_line' id='line_1_9' title="bbox 355 857 1928 928; baseline 0.003 -20"><span class='ocrx_word' id='word_1_54' title='bbox 355 870 478 909; x_wconf 92' lang='lat' dir='ltr'><strong>cum</strong></span> <span class='ocrx_word' id='word_1_55' title='bbox 514 866 678 924; x_wconf 88' lang='lat' dir='ltr'><strong>esset,</strong></span> <span class='ocrx_word' id='word_1_56' title='bbox 715 857 884 928; x_wconf 90' lang='lat' dir='ltr'><strong>probe</strong></span> <span class='ocrx_word' id='word_1_57' title='bbox 921 859 1094 913; x_wconf 90' lang='lat' dir='ltr'><strong>sciret</strong></span> <span class='ocrx_word' id='word_1_58' title='bbox 1139 859 1254 914; x_wconf 91' lang='lat' dir='ltr'><strong>loca</strong></span> <span class='ocrx_word' id='word_1_59' title='bbox 1287 875 1536 915; x_wconf 88' lang='lat' dir='ltr'><strong>secessus</strong></span> <span class='ocrx_word' id='word_1_60' title='bbox 1569 860 1732 915; x_wconf 92' lang='lat' dir='ltr'><strong>illius.</strong></span> <span class='ocrx_word' id='word_1_61' title='bbox 1781 860 1928 926; x_wconf 88' lang='lat' dir='ltr'><strong>Quo-</strong></span> 
     </span>
    </p>
   </div>
   <div class='ocr_carea' id='block_1_10' title="bbox 354 947 1928 1021">
    <p class='ocr_par' dir='ltr' id='par_1_10' title="bbox 354 947 1928 1021">
     <span class='ocr_line' id='line_1_10' title="bbox 354 947 1928 1021; baseline 0.003 -21"><span class='ocrx_word' id='word_1_62' title='bbox 354 948 498 1001; x_wconf 89' lang='lat' dir='ltr'><strong>circa</strong></span> <span class='ocrx_word' id='word_1_63' title='bbox 537 957 665 1002; x_wconf 92' lang='lat' dir='ltr'><strong>tunc</strong></span> <span class='ocrx_word' id='word_1_64' title='bbox 705 969 722 999; x_wconf 82' lang='grc'><em>‹</em></span> <span class='ocrx_word' id='word_1_65' title='bbox 747 947 912 1003; x_wconf 88' lang='lat' dir='ltr'><strong>Judas</strong></span> <span class='ocrx_word' id='word_1_66' title='bbox 937 965 1058 1005; x_wconf 91' lang='lat' dir='ltr'><strong>cum</strong></span> <span class='ocrx_word' id='word_1_67' title='bbox 1083 952 1391 1021; x_wconf 85' lang='lat' dir='ltr'><strong>accepisset</strong></span> <span class='ocrx_word' id='word_1_68' title='bbox 1411 951 1726 1016; x_wconf 89' lang='lat' dir='ltr'><strong>cohortem,</strong></span> <span class='ocrx_word' id='word_1_69' title='bbox 1770 963 1824 1005; x_wconf 89' lang='lat' dir='ltr'><strong>et</strong></span> <span class='ocrx_word' id='word_1_70' title='bbox 1862 964 1928 1005; x_wconf 85' lang='lat' dir='ltr'><strong>ex</strong></span> 
     </span>
    </p>
   </div>
   <div class='ocr_carea' id='block_1_11' title="bbox 353 1040 1926 1110">
    <p class='ocr_par' dir='ltr' id='par_1_11' title="bbox 353 1040 1926 1110">
     <span class='ocr_line' id='line_1_11' title="bbox 353 1040 1926 1110; baseline 0.003 -18"><span class='ocrx_word' id='word_1_71' title='bbox 353 1040 690 1109; x_wconf 89' lang='lat' dir='ltr'><strong>principibus</strong></span> <span class='ocrx_word' id='word_1_72' title='bbox 744 1042 1114 1108; x_wconf 87' lang='lat' dir='ltr'><strong>sacerdotum,</strong></span> <span class='ocrx_word' id='word_1_73' title='bbox 1169 1059 1233 1096; x_wconf 92' lang='lat' dir='ltr'><strong>ac</strong></span> <span class='ocrx_word' id='word_1_74' title='bbox 1274 1043 1566 1099; x_wconf 65' lang='lat' dir='ltr'><strong>Pharisazis</strong></span> <span class='ocrx_word' id='word_1_75' title='bbox 1627 1044 1926 1110; x_wconf 87' lang='lat' dir='ltr'><strong>ministros,</strong></span> 
     </span>
    </p>
   </div>
   <div class='ocr_carea' id='block_1_12' title="bbox 334 1133 1922 1200">
    <p class='ocr_par' dir='ltr' id='par_1_12' title="bbox 334 1133 1922 1200">
     <span class='ocr_line' id='line_1_12' title="bbox 334 1133 1922 1200; baseline -0.003 -9"><span class='ocrx_word' id='word_1_76' title='bbox 334 1133 486 1191; x_wconf 89' lang='lat' dir='ltr'><strong>.illuc</strong></span> <span class='ocrx_word' id='word_1_77' title='bbox 512 1135 660 1187; x_wconf 84' lang='lat' dir='ltr'><strong>venit</strong></span> <span class='ocrx_word' id='word_1_78' title='bbox 693 1148 814 1188; x_wconf 90' lang='lat' dir='ltr'><strong>cum</strong></span> <span class='ocrx_word' id='word_1_79' title='bbox 859 1133 1104 1196; x_wconf 86' lang='lat' dir='ltr'><strong>lalernis,</strong></span> <span class='ocrx_word' id='word_1_80' title='bbox 1145 1145 1198 1188; x_wconf 91' lang='lat' dir='ltr'><strong>et</strong></span> <span class='ocrx_word' id='word_1_81' title='bbox 1227 1135 1435 1191; x_wconf 80' lang='lat' dir='ltr'><strong>facibus</strong></span> <span class='ocrx_word' id='word_1_82' title='bbox 1457 1177 1472 1200; x_wconf 88' lang='lat'><strong>,</strong></span> <span class='ocrx_word' id='word_1_83' title='bbox 1503 1145 1558 1190; x_wconf 92' lang='lat' dir='ltr'><strong>et</strong></span> <span class='ocrx_word' id='word_1_84' title='bbox 1594 1136 1760 1189; x_wconf 91' lang='lat' dir='ltr'><strong>armis</strong></span> <span class='ocrx_word' id='word_1_85' title='bbox 1797 1135 1863 1192; x_wconf 78' lang='lat'><strong>&quot;.</strong></span> <span class='ocrx_word' id='word_1_86' title='bbox 1903 1153 1922 1186; x_wconf 68' lang='grc' dir='ltr'><strong>ι</strong></span> 
     </span>
    </p>
   </div>
   <div class='ocr_carea' id='block_1_13' title="bbox 333 1224 1921 1302">
    <p class='ocr_par' dir='ltr' id='par_1_13' title="bbox 333 1224 1921 1302">
     <span class='ocr_line' id='line_1_13' title="bbox 333 1224 1921 1302; baseline -0.002 -21"><span class='ocrx_word' id='word_1_87' title='bbox 333 1224 622 1302; x_wconf 37' lang='grc' dir='ltr'>,(Ξωιετυηι</span> <span class='ocrx_word' id='word_1_88' title='bbox 657 1225 759 1280; x_wconf 92' lang='lat' dir='ltr'><strong>hoc</strong></span> <span class='ocrx_word' id='word_1_89' title='bbox 794 1225 916 1281; x_wconf 92' lang='lat' dir='ltr'><strong>loco</strong></span> <span class='ocrx_word' id='word_1_90' title='bbox 940 1225 1217 1296; x_wconf 82' lang='lat' dir='ltr'><strong>Evangelii</strong></span> <span class='ocrx_word' id='word_1_91' title='bbox 1249 1227 1556 1281; x_wconf 87' lang='lat' dir='ltr'><strong>declaratur</strong></span> <span class='ocrx_word' id='word_1_92' title='bbox 1579 1227 1722 1296; x_wconf 92' lang='lat' dir='ltr'><strong>quod</strong></span> <span class='ocrx_word' id='word_1_93' title='bbox 1755 1226 1921 1295; x_wconf 89' lang='lat' dir='ltr'><strong>siqui-</strong></span> 
     </span>
    </p>
   </div>
   <div class='ocr_carea' id='block_1_14' title="bbox 332 1277 1940 1400">
    <p class='ocr_par' dir='ltr' id='par_1_14' title="bbox 332 1277 1940 1400">
     <span class='ocr_line' id='line_1_14' title="bbox 332 1277 1940 1400; baseline 0.002 -27"><span class='ocrx_word' id='word_1_94' title='bbox 332 1289 473 1400; x_wconf 63' lang='lat' dir='ltr'><strong>:dem</strong></span> <span class='ocrx_word' id='word_1_95' title='bbox 507 1317 770 1374; x_wconf 90' lang='lat' dir='ltr'><strong>noluisset</strong></span> <span class='ocrx_word' id='word_1_96' title='bbox 795 1319 936 1387; x_wconf 86' lang='lat' dir='ltr'><strong>capi,</strong></span> <span class='ocrx_word' id='word_1_97' title='bbox 975 1320 1392 1388; x_wconf 85' lang='lat' dir='ltr'><strong>haudquaquam</strong></span> <span class='ocrx_word' id='word_1_98' title='bbox 1424 1322 1674 1376; x_wconf 90' lang='lat' dir='ltr'><strong>detentus</strong></span> <span class='ocrx_word' id='word_1_99' title='bbox 1703 1277 1940 1377; x_wconf 49' lang='lat' dir='ltr'><strong>fuissetzi</strong></span> 
     </span>
    </p>
   </div>
   <div class='ocr_carea' id='block_1_15' title="bbox 337 1410 1922 1483">
    <p class='ocr_par' dir='ltr' id='par_1_15' title="bbox 337 1410 1922 1483">
     <span class='ocr_line' id='line_1_15' title="bbox 337 1410 1922 1483; baseline 0.002 -18"><span class='ocrx_word' id='word_1_100' title='bbox 337 1410 604 1466; x_wconf 76' lang='lat' dir='ltr'><strong>detentus</strong></span> <span class='ocrx_word' id='word_1_101' title='bbox 630 1421 808 1466; x_wconf 93' lang='lat' dir='ltr'><strong>autem</strong></span> <span class='ocrx_word' id='word_1_102' title='bbox 834 1412 953 1474; x_wconf 79' lang='lat' dir='ltr'><strong>fuit,</strong></span> <span class='ocrx_word' id='word_1_103' title='bbox 981 1426 1101 1466; x_wconf 90' lang='lat' dir='ltr'><strong>cum</strong></span> <span class='ocrx_word' id='word_1_104' title='bbox 1125 1412 1380 1467; x_wconf 88' lang='lat' dir='ltr'><strong>humilem</strong></span> <span class='ocrx_word' id='word_1_105' title='bbox 1415 1413 1922 1483; x_wconf 72' lang='lat' dir='ltr'><strong>praebuitseipsum,</strong></span> 
     </span>
    </p>
   </div>
   <div class='ocr_carea' id='block_1_16' title="bbox 348 1502 1924 1575">
    <p class='ocr_par' dir='ltr' id='par_1_16' title="bbox 348 1502 1924 1575">
     <span class='ocr_line' id='line_1_16' title="bbox 348 1502 1924 1575; baseline 0.001 -17"><span class='ocrx_word' id='word_1_106' title='bbox 348 1513 408 1558; x_wconf 87' lang='lat' dir='ltr'><strong>et</strong></span> <span class='ocrx_word' id='word_1_107' title='bbox 446 1502 621 1558; x_wconf 80' lang='lat' dir='ltr'><strong>lactus</strong></span> <span class='ocrx_word' id='word_1_108' title='bbox 643 1503 900 1558; x_wconf 91' lang='lat' dir='ltr'><strong>obediens</strong></span> <span class='ocrx_word' id='word_1_109' title='bbox 922 1503 1086 1574; x_wconf 83' lang='lat'><strong>399</strong></span> <span class='ocrx_word' id='word_1_110' title='bbox 1111 1504 1478 1560; x_wconf 90' lang='lat' dir='ltr'><strong>detinentibus</strong></span> <span class='ocrx_word' id='word_1_111' title='bbox 1512 1504 1598 1559; x_wconf 89' lang='lat' dir='ltr'><strong>vel</strong></span> <span class='ocrx_word' id='word_1_112' title='bbox 1639 1520 1810 1575; x_wconf 91' lang='lat' dir='ltr'><strong>usque</strong></span> <span class='ocrx_word' id='word_1_113' title='bbox 1859 1509 1924 1560; x_wconf 90' lang='lat' dir='ltr'><strong>ad</strong></span> 
     </span>
    </p>
   </div>
   <div class='ocr_carea' id='block_1_17' title="bbox 332 1585 1926 1666">
    <p class='ocr_par' dir='ltr' id='par_1_17' title="bbox 332 1585 1926 1666">
     <span class='ocr_line' id='line_1_17' title="bbox 332 1585 1926 1666; baseline 0.002 -19"><span class='ocrx_word' id='word_1_114' title='bbox 332 1585 564 1648; x_wconf 75' lang='lat' dir='ltr'><strong>crucem</strong></span> <span class='ocrx_word' id='word_1_115' title='bbox 590 1594 657 1648; x_wconf 67' lang='grc'><strong>’⁸.</strong></span> <span class='ocrx_word' id='word_1_116' title='bbox 683 1594 910 1661; x_wconf 87' lang='lat' dir='ltr'><strong>Quando</strong></span> <span class='ocrx_word' id='word_1_117' title='bbox 941 1595 1108 1662; x_wconf 84' lang='lat' dir='ltr'><strong>igitur</strong></span> <span class='ocrx_word' id='word_1_118' title='bbox 1136 1596 1323 1660; x_wconf 85' lang='lat' dir='ltr'><strong>exivit,</strong></span> <span class='ocrx_word' id='word_1_119' title='bbox 1348 1605 1403 1650; x_wconf 91' lang='lat' dir='ltr'><strong>et</strong></span> <span class='ocrx_word' id='word_1_120' title='bbox 1431 1595 1564 1651; x_wconf 90' lang='lat' dir='ltr'><strong>dicit</strong></span> <span class='ocrx_word' id='word_1_121' title='bbox 1608 1595 1693 1651; x_wconf 89' lang='lat' dir='ltr'><strong>his</strong></span> <span class='ocrx_word' id='word_1_122' title='bbox 1721 1597 1811 1666; x_wconf 90' lang='lat' dir='ltr'><strong>qui</strong></span> <span class='ocrx_word' id='word_1_123' title='bbox 1857 1597 1926 1650; x_wconf 89' lang='lat' dir='ltr'><strong>ad</strong></span> 
     </span>
    </p>
   </div>
   <div class='ocr_carea' id='block_1_18' title="bbox 349 1683 1924 1757">
    <p class='ocr_par' dir='ltr' id='par_1_18' title="bbox 349 1683 1924 1757">
     <span class='ocr_line' id='line_1_18' title="bbox 349 1683 1924 1757; baseline 0.003 -20"><span class='ocrx_word' id='word_1_124' title='bbox 349 1683 568 1739; x_wconf 84' lang='lat' dir='ltr'><strong>hortum</strong></span> <span class='ocrx_word' id='word_1_125' title='bbox 594 1694 852 1739; x_wconf 84' lang='lat' dir='ltr'><strong>venerant</strong></span> <span class='ocrx_word' id='word_1_126' title='bbox 887 1702 902 1739; x_wconf 89' lang='lat'><strong>:</strong></span> <span class='ocrx_word' id='word_1_127' title='bbox 942 1705 960 1738; x_wconf 71' lang='grc' dir='ltr'><strong>ε</strong></span> <span class='ocrx_word' id='word_1_128' title='bbox 991 1686 1159 1753; x_wconf 90' lang='lat' dir='ltr'><strong>Quem</strong></span> <span class='ocrx_word' id='word_1_129' title='bbox 1195 1685 1476 1756; x_wconf 65' lang='lat' dir='ltr'><strong>quaeritis?</strong></span> <span class='ocrx_word' id='word_1_130' title='bbox 1499 1708 1517 1736; x_wconf 78' lang='grc' dir='ltr'><strong>ι</strong></span> <span class='ocrx_word' id='word_1_131' title='bbox 1549 1696 1605 1741; x_wconf 91' lang='lat' dir='ltr'><strong>et</strong></span> <span class='ocrx_word' id='word_1_132' title='bbox 1629 1689 1924 1757; x_wconf 87' lang='lat' dir='ltr'><strong>responde-</strong></span> 
     </span>
    </p>
   </div>
   <div class='ocr_carea' id='block_1_19' title="bbox 2033 476 3589 554">
    <p class='ocr_par' dir='ltr' id='par_1_19' title="bbox 2033 476 3589 554">
     <span class='ocr_line' id='line_1_19' title="bbox 2033 476 3589 554; baseline -0.007 -16"><span class='ocrx_word' id='word_1_133' title='bbox 2033 486 2138 539; x_wconf 88' lang='grc' dir='ltr'><strong>τῶν</strong></span> <span class='ocrx_word' id='word_1_134' title='bbox 2170 482 2412 554; x_wconf 85' lang='grc' dir='ltr'>Κέδρων,</span> <span class='ocrx_word' id='word_1_135' title='bbox 2443 481 2576 534; x_wconf 85' lang='grc' dir='ltr'>ὅπου</span> <span class='ocrx_word' id='word_1_136' title='bbox 2608 477 2675 552; x_wconf 79' lang='grc' dir='ltr'>ἦν</span> <span class='ocrx_word' id='word_1_137' title='bbox 2715 480 2910 550; x_wconf 82' lang='grc' dir='ltr'><strong>κῆπος,</strong></span> <span class='ocrx_word' id='word_1_138' title='bbox 2941 481 3020 542; x_wconf 83' lang='grc' dir='ltr'><strong>είς</strong></span> <span class='ocrx_word' id='word_1_139' title='bbox 3045 479 3104 532; x_wconf 85' lang='grc' dir='ltr'>ὃν</span> <span class='ocrx_word' id='word_1_140' title='bbox 3145 476 3397 548; x_wconf 81' lang='grc' dir='ltr'>εἰσῆλθεν</span> <span class='ocrx_word' id='word_1_141' title='bbox 3429 476 3589 541; x_wconf 76' lang='grc' dir='ltr'>αὐτὸς,</span> 
     </span>
    </p>
   </div>
   <div class='ocr_carea' id='block_1_20' title="bbox 2031 569 3589 645">
    <p class='ocr_par' dir='ltr' id='par_1_20' title="bbox 2031 569 3589 645">
     <span class='ocr_line' id='line_1_20' title="bbox 2031 569 3589 645; baseline -0.006 -13"><span class='ocrx_word' id='word_1_142' title='bbox 2031 579 2126 632; x_wconf 78' lang='grc' dir='ltr'><strong>καὶ</strong></span> <span class='ocrx_word' id='word_1_143' title='bbox 2179 577 2226 629; x_wconf 82' lang='grc' dir='ltr'>οἱ</span> <span class='ocrx_word' id='word_1_144' title='bbox 2284 573 2523 645; x_wconf 76' lang='grc' dir='ltr'>μαθηταὶ</span> <span class='ocrx_word' id='word_1_145' title='bbox 2576 573 2760 626; x_wconf 81' lang='grc' dir='ltr'>αὐτοῦ.</span> <span class='ocrx_word' id='word_1_146' title='bbox 2796 591 2815 623; x_wconf 74' lang='grc' dir='ltr'><strong>ι</strong></span> <span class='ocrx_word' id='word_1_147' title='bbox 2860 573 3016 625; x_wconf 79' lang='grc' dir='ltr'>Οῦτω</span> <span class='ocrx_word' id='word_1_148' title='bbox 3066 571 3122 624; x_wconf 82' lang='grc' dir='ltr'><strong>δὲ</strong></span> <span class='ocrx_word' id='word_1_149' title='bbox 3167 569 3437 641; x_wconf 82' lang='grc' dir='ltr'>ἀνεχώρει</span> <span class='ocrx_word' id='word_1_150' title='bbox 3488 571 3589 624; x_wconf 80' lang='grc' dir='ltr'>κατ’</span> 
     </span>
    </p>
   </div>
   <div class='ocr_carea' id='block_1_21' title="bbox 2031 661 3591 736">
    <p class='ocr_par' dir='ltr' id='par_1_21' title="bbox 2031 661 3591 736">
     <span class='ocr_line' id='line_1_21' title="bbox 2031 661 3591 736; baseline -0.006 -14"><span class='ocrx_word' id='word_1_151' title='bbox 2031 670 2209 722; x_wconf 80' lang='grc' dir='ltr'>έκεῖνο</span> <span class='ocrx_word' id='word_1_152' title='bbox 2257 664 2472 736; x_wconf 87' lang='grc' dir='ltr'>καιροῦ,</span> <span class='ocrx_word' id='word_1_153' title='bbox 2506 665 2601 718; x_wconf 76' lang='grc' dir='ltr'><strong>καὶ</strong></span> <span class='ocrx_word' id='word_1_154' title='bbox 2628 664 2727 717; x_wconf 86' lang='grc' dir='ltr'><strong>οὑκ</strong></span> <span class='ocrx_word' id='word_1_155' title='bbox 2758 663 3128 734; x_wconf 82' lang='grc' dir='ltr'>ὲδημοσίευεν,</span> <span class='ocrx_word' id='word_1_156' title='bbox 3153 662 3230 725; x_wconf 83' lang='grc' dir='ltr'><strong>ὡς</strong></span> <span class='ocrx_word' id='word_1_157' title='bbox 3248 661 3459 714; x_wconf 85' lang='grc' dir='ltr'>δεῖσθαι</span> <span class='ocrx_word' id='word_1_158' title='bbox 3483 662 3591 726; x_wconf 72' lang='grc' dir='ltr'>τοὺς</span> 
     </span>
    </p>
   </div>
   <div class='ocr_carea' id='block_1_22' title="bbox 2029 752 3588 830">
    <p class='ocr_par' dir='ltr' id='par_1_22' title="bbox 2029 752 3588 830">
     <span class='ocr_line' id='line_1_22' title="bbox 2029 752 3588 830; baseline -0.005 -18"><span class='ocrx_word' id='word_1_159' title='bbox 2029 760 2306 830; x_wconf 81' lang='grc' dir='ltr'>ἀρχιερεῖς</span> <span class='ocrx_word' id='word_1_160' title='bbox 2344 757 2438 810; x_wconf 79' lang='grc' dir='ltr'><strong>καὶ</strong></span> <span class='ocrx_word' id='word_1_161' title='bbox 2480 758 2607 819; x_wconf 87' lang='grc' dir='ltr'>τοὺς</span> <span class='ocrx_word' id='word_1_162' title='bbox 2641 756 2987 827; x_wconf 75' lang='grc' dir='ltr'>Φαρισαίους,</span> <span class='ocrx_word' id='word_1_163' title='bbox 3040 753 3402 824; x_wconf 86' lang='grc' dir='ltr'>βουλομένους</span> <span class='ocrx_word' id='word_1_164' title='bbox 3448 752 3588 805; x_wconf 78' lang='grc' dir='ltr'>αὑτὸν</span> 
     </span>
    </p>
   </div>
   <div class='ocr_carea' id='block_1_23' title="bbox 2031 846 3591 919">
    <p class='ocr_par' dir='ltr' id='par_1_23' title="bbox 2031 846 3591 919">
     <span class='ocr_line' id='line_1_23' title="bbox 2031 846 3591 919; baseline -0.004 -14"><span class='ocrx_word' id='word_1_165' title='bbox 2031 850 2335 914; x_wconf 87' lang='grc' dir='ltr'>συλλαϐεῖν,</span> <span class='ocrx_word' id='word_1_166' title='bbox 2362 847 2456 902; x_wconf 90' lang='grc' dir='ltr'><strong>τοῦ</strong></span> <span class='ocrx_word' id='word_1_167' title='bbox 2496 849 2686 914; x_wconf 86' lang='grc' dir='ltr'><strong>Ἰούδα,</strong></span> <span class='ocrx_word' id='word_1_168' title='bbox 2721 849 2809 902; x_wconf 80' lang='grc' dir='ltr'>διὰ</span> <span class='ocrx_word' id='word_1_169' title='bbox 2855 849 2916 902; x_wconf 83' lang='grc' dir='ltr'><strong>τὸ</strong></span> <span class='ocrx_word' id='word_1_170' title='bbox 2970 847 3423 919; x_wconf 85' lang='grc' dir='ltr'>μεμαθητεῦσθαι</span> <span class='ocrx_word' id='word_1_171' title='bbox 3460 846 3591 917; x_wconf 73' lang='grc' dir='ltr'>αὐτῷ</span> 
     </span>
    </p>
   </div>
   <div class='ocr_carea' id='block_1_24' title="bbox 2030 940 3590 1015">
    <p class='ocr_par' dir='ltr' id='par_1_24' title="bbox 2030 940 3590 1015">
     <span class='ocr_line' id='line_1_24' title="bbox 2030 940 3590 1015; baseline -0.006 -17"><span class='ocrx_word' id='word_1_172' title='bbox 2030 942 2532 1015; x_wconf 77' lang='grc' dir='ltr'>περιεργαζομένου</span> <span class='ocrx_word' id='word_1_173' title='bbox 2566 941 2660 995; x_wconf 63' lang='grc' dir='ltr'><strong>καὶ¹</strong></span> <span class='ocrx_word' id='word_1_174' title='bbox 2699 943 2822 1004; x_wconf 77' lang='grc' dir='ltr'>τοὺς</span> <span class='ocrx_word' id='word_1_175' title='bbox 2845 941 3046 1003; x_wconf 88' lang='grc' dir='ltr'>τόπους</span> <span class='ocrx_word' id='word_1_176' title='bbox 3076 941 3174 1011; x_wconf 77' lang='grc' dir='ltr'><strong>τῆς</strong></span> <span class='ocrx_word' id='word_1_177' title='bbox 3205 940 3590 1012; x_wconf 82' lang='grc' dir='ltr'>ἀναχωρήσεως</span> 
     </span>
    </p>
   </div>
   <div class='ocr_carea' id='block_1_25' title="bbox 2027 1030 3591 1101">
    <p class='ocr_par' dir='ltr' id='par_1_25' title="bbox 2027 1030 3591 1101">
     <span class='ocr_line' id='line_1_25' title="bbox 2027 1030 3591 1101; baseline -0.004 -12"><span class='ocrx_word' id='word_1_178' title='bbox 2027 1036 2190 1089; x_wconf 82' lang='grc' dir='ltr'>αὐτοῦ</span> <span class='ocrx_word' id='word_1_179' title='bbox 2210 1053 2222 1064; x_wconf 74' lang='grc' dir='ltr'><strong>ο</strong></span> <span class='ocrx_word' id='word_1_180' title='bbox 2253 1035 2333 1087; x_wconf 86' lang='grc' dir='ltr'><strong>διὸ</strong></span> <span class='ocrx_word' id='word_1_181' title='bbox 2359 1034 2481 1087; x_wconf 87' lang='grc' dir='ltr'>τότε</span> <span class='ocrx_word' id='word_1_182' title='bbox 2511 1052 2530 1084; x_wconf 86' lang='grc'><em>‹</em></span> <span class='ocrx_word' id='word_1_183' title='bbox 2559 1035 2588 1085; x_wconf 83' lang='grc' dir='ltr'>ὁ</span> <span class='ocrx_word' id='word_1_184' title='bbox 2630 1033 2851 1096; x_wconf 88' lang='grc' dir='ltr'>Ἰούδας,</span> <span class='ocrx_word' id='word_1_185' title='bbox 2887 1030 3066 1085; x_wconf 86' lang='grc' dir='ltr'>λαϐὼν</span> <span class='ocrx_word' id='word_1_186' title='bbox 3089 1033 3188 1101; x_wconf 83' lang='grc' dir='ltr'>τὴν</span> <span class='ocrx_word' id='word_1_187' title='bbox 3227 1033 3484 1100; x_wconf 86' lang='grc' dir='ltr'>σπεῖραν,</span> <span class='ocrx_word' id='word_1_188' title='bbox 3511 1030 3591 1083; x_wconf 79' lang='grc' dir='ltr'>καὶ</span> 
     </span>
    </p>
   </div>
   <div class='ocr_carea' id='block_1_26' title="bbox 2028 1120 3592 1198">
    <p class='ocr_par' dir='ltr' id='par_1_26' title="bbox 2028 1120 3592 1198">
     <span class='ocr_line' id='line_1_26' title="bbox 2028 1120 3592 1198; baseline -0.006 -16"><span class='ocrx_word' id='word_1_189' title='bbox 2028 1131 2092 1182; x_wconf 83' lang='grc' dir='ltr'><strong>ὲκ</strong></span> <span class='ocrx_word' id='word_1_190' title='bbox 2123 1128 2232 1181; x_wconf 90' lang='grc' dir='ltr'><strong>τῶν</strong></span> <span class='ocrx_word' id='word_1_191' title='bbox 2259 1125 2561 1198; x_wconf 88' lang='grc' dir='ltr'>ἀρχιερέων</span> <span class='ocrx_word' id='word_1_192' title='bbox 2595 1129 2690 1178; x_wconf 82' lang='grc' dir='ltr'>καὶ</span> <span class='ocrx_word' id='word_1_193' title='bbox 2719 1123 3024 1194; x_wconf 81' lang='grc' dir='ltr'>Φαρισαίων</span> <span class='ocrx_word' id='word_1_194' title='bbox 3054 1120 3354 1193; x_wconf 76' lang='grc' dir='ltr'>ὑπηρέτας,</span> <span class='ocrx_word' id='word_1_195' title='bbox 3391 1121 3592 1191; x_wconf 70' lang='grc' dir='ltr'>ἔρχεται</span> 
     </span>
    </p>
   </div>
   <div class='ocr_carea' id='block_1_27' title="bbox 2027 1212 3594 1289">
    <p class='ocr_par' dir='ltr' id='par_1_27' title="bbox 2027 1212 3594 1289">
     <span class='ocr_line' id='line_1_27' title="bbox 2027 1212 3594 1289; baseline -0.004 -17"><span class='ocrx_word' id='word_1_196' title='bbox 2027 1221 2146 1272; x_wconf 86' lang='grc' dir='ltr'><strong>ὲκεί</strong></span> <span class='ocrx_word' id='word_1_197' title='bbox 2175 1218 2313 1289; x_wconf 80' lang='grc' dir='ltr'>μετὰ</span> <span class='ocrx_word' id='word_1_198' title='bbox 2341 1217 2546 1287; x_wconf 77' lang='grc' dir='ltr'>φανῶν,</span> <span class='ocrx_word' id='word_1_199' title='bbox 2579 1217 2671 1268; x_wconf 73' lang='grc' dir='ltr'><strong>καὶ</strong></span> <span class='ocrx_word' id='word_1_200' title='bbox 2692 1215 3010 1286; x_wconf 84' lang='grc' dir='ltr'>λαμπάδων,</span> <span class='ocrx_word' id='word_1_201' title='bbox 3044 1214 3136 1267; x_wconf 79' lang='grc' dir='ltr'><strong>καὶ</strong></span> <span class='ocrx_word' id='word_1_202' title='bbox 3159 1213 3362 1266; x_wconf 83' lang='grc' dir='ltr'>ὃπλων.</span> <span class='ocrx_word' id='word_1_203' title='bbox 3400 1231 3419 1264; x_wconf 86' lang='grc'><strong>›</strong></span> <span class='ocrx_word' id='word_1_204' title='bbox 3452 1212 3594 1266; x_wconf 78' lang='grc' dir='ltr'>Κατὰ</span> 
     </span>
    </p>
   </div>
   <div class='ocr_carea' id='block_1_28' title="bbox 2026 1305 3592 1377">
    <p class='ocr_par' dir='ltr' id='par_1_28' title="bbox 2026 1305 3592 1377">
     <span class='ocr_line' id='line_1_28' title="bbox 2026 1305 3592 1377; baseline -0.005 -13"><span class='ocrx_word' id='word_1_205' title='bbox 2026 1310 2216 1364; x_wconf 87' lang='grc' dir='ltr'>τοῦτον</span> <span class='ocrx_word' id='word_1_206' title='bbox 2247 1311 2304 1363; x_wconf 86' lang='grc' dir='ltr'>δὲ</span> <span class='ocrx_word' id='word_1_207' title='bbox 2332 1311 2424 1364; x_wconf 84' lang='grc' dir='ltr'><strong>τὸν</strong></span> <span class='ocrx_word' id='word_1_208' title='bbox 2445 1310 2607 1364; x_wconf 89' lang='grc' dir='ltr'>τόπον</span> <span class='ocrx_word' id='word_1_209' title='bbox 2637 1308 2729 1363; x_wconf 87' lang='grc' dir='ltr'><strong>τοῦ</strong></span> <span class='ocrx_word' id='word_1_210' title='bbox 2757 1307 3085 1377; x_wconf 84' lang='grc' dir='ltr'>Εὐαγγελίου</span> <span class='ocrx_word' id='word_1_211' title='bbox 3115 1305 3394 1377; x_wconf 88' lang='grc' dir='ltr'>δηλοῦται,</span> <span class='ocrx_word' id='word_1_212' title='bbox 3423 1306 3524 1369; x_wconf 79' lang='grc' dir='ltr'>ὅτι,</span> <span class='ocrx_word' id='word_1_213' title='bbox 3553 1307 3592 1357; x_wconf 83' lang='grc' dir='ltr'><strong>εί</strong></span> 
     </span>
    </p>
   </div>
   <div class='ocr_carea' id='block_1_29' title="bbox 2030 1397 3591 1473">
    <p class='ocr_par' dir='ltr' id='par_1_29' title="bbox 2030 1397 3591 1473">
     <span class='ocr_line' id='line_1_29' title="bbox 2030 1397 3591 1473; baseline -0.004 -18"><span class='ocrx_word' id='word_1_214' title='bbox 2030 1403 2129 1473; x_wconf 86' lang='grc' dir='ltr'>μὲν</span> <span class='ocrx_word' id='word_1_215' title='bbox 2160 1402 2412 1455; x_wconf 82' lang='grc' dir='ltr'>ἐϐούλετο</span> <span class='ocrx_word' id='word_1_216' title='bbox 2447 1401 2521 1472; x_wconf 80' lang='grc' dir='ltr'>μὴ</span> <span class='ocrx_word' id='word_1_217' title='bbox 2547 1400 2774 1465; x_wconf 83' lang='grc' dir='ltr'>ἁλῶναι,</span> <span class='ocrx_word' id='word_1_218' title='bbox 2833 1401 2932 1453; x_wconf 82' lang='grc' dir='ltr'><strong>οὐκ</strong></span> <span class='ocrx_word' id='word_1_219' title='bbox 2962 1399 3028 1453; x_wconf 87' lang='grc' dir='ltr'><strong>ἂν</strong></span> <span class='ocrx_word' id='word_1_220' title='bbox 3077 1397 3386 1469; x_wconf 80' lang='grc' dir='ltr'>κατεσχέθη</span> <span class='ocrx_word' id='word_1_221' title='bbox 3407 1416 3421 1427; x_wconf 88' lang='grc'><strong>·</strong></span> <span class='ocrx_word' id='word_1_222' title='bbox 3471 1414 3591 1450; x_wconf 82' lang='grc' dir='ltr'>κατ-</span> 
     </span>
    </p>
   </div>
   <div class='ocr_carea' id='block_1_30' title="bbox 2027 1487 3592 1564">
    <p class='ocr_par' dir='ltr' id='par_1_30' title="bbox 2027 1487 3592 1564">
     <span class='ocr_line' id='line_1_30' title="bbox 2027 1487 3592 1564; baseline -0.005 -18"><span class='ocrx_word' id='word_1_223' title='bbox 2027 1493 2223 1564; x_wconf 86' lang='grc' dir='ltr'>εσχέθη</span> <span class='ocrx_word' id='word_1_224' title='bbox 2257 1493 2315 1545; x_wconf 82' lang='grc' dir='ltr'>δὲ</span> <span class='ocrx_word' id='word_1_225' title='bbox 2347 1492 2616 1547; x_wconf 82' lang='grc' dir='ltr'>ταπεινῶν</span> <span class='ocrx_word' id='word_1_226' title='bbox 2639 1491 2750 1562; x_wconf 71' lang='grc'><strong>(62)</strong></span> <span class='ocrx_word' id='word_1_227' title='bbox 2776 1489 2986 1553; x_wconf 76' lang='grc' dir='ltr'>ἑαυτὸν,</span> <span class='ocrx_word' id='word_1_228' title='bbox 3036 1489 3132 1542; x_wconf 77' lang='grc' dir='ltr'><strong>καὶ</strong></span> <span class='ocrx_word' id='word_1_229' title='bbox 3178 1487 3472 1558; x_wconf 86' lang='grc' dir='ltr'>γινόμενος</span> <span class='ocrx_word' id='word_1_230' title='bbox 3506 1487 3592 1538; x_wconf 81' lang='grc' dir='ltr'>ὑπ-</span> 
     </span>
    </p>
   </div>
   <div class='ocr_carea' id='block_1_31' title="bbox 2027 1579 3592 1655">
    <p class='ocr_par' dir='ltr' id='par_1_31' title="bbox 2027 1579 3592 1655">
     <span class='ocr_line' id='line_1_31' title="bbox 2027 1579 3592 1655; baseline -0.004 -19"><span class='ocrx_word' id='word_1_231' title='bbox 2027 1585 2190 1655; x_wconf 88' lang='grc' dir='ltr'>ήκοος</span> <span class='ocrx_word' id='word_1_232' title='bbox 2215 1588 2328 1649; x_wconf 85' lang='grc' dir='ltr'>τοῖς</span> <span class='ocrx_word' id='word_1_233' title='bbox 2351 1585 2659 1654; x_wconf 82' lang='grc' dir='ltr'>κατέχουσι,</span> <span class='ocrx_word' id='word_1_234' title='bbox 2690 1583 2785 1635; x_wconf 65' lang='grc' dir='ltr'><strong>κα)⁸</strong></span> <span class='ocrx_word' id='word_1_235' title='bbox 2816 1581 2977 1653; x_wconf 90' lang='grc' dir='ltr'>μέχρι</span> <span class='ocrx_word' id='word_1_236' title='bbox 3005 1581 3098 1634; x_wconf 88' lang='grc' dir='ltr'><strong>τοῦ</strong></span> <span class='ocrx_word' id='word_1_237' title='bbox 3127 1579 3387 1653; x_wconf 83' lang='grc' dir='ltr'>σταυροῦ.</span> <span class='ocrx_word' id='word_1_238' title='bbox 3427 1579 3592 1631; x_wconf 82' lang='grc' dir='ltr'>Ὀπότ’</span> 
     </span>
    </p>
   </div>
   <div class='ocr_carea' id='block_1_32' title="bbox 2025 1670 3588 1749">
    <p class='ocr_par' dir='ltr' id='par_1_32' title="bbox 2025 1670 3588 1749">
     <span class='ocr_line' id='line_1_32' title="bbox 2025 1670 3588 1749; baseline -0.006 -18"><span class='ocrx_word' id='word_1_239' title='bbox 2025 1673 2118 1731; x_wconf 82' lang='grc' dir='ltr'>οὖν</span> <span class='ocrx_word' id='word_1_240' title='bbox 2151 1677 2363 1749; x_wconf 79' lang='grc' dir='ltr'>ἐξῆλθε,</span> <span class='ocrx_word' id='word_1_241' title='bbox 2388 1679 2483 1730; x_wconf 74' lang='grc' dir='ltr'><strong>καὶ</strong></span> <span class='ocrx_word' id='word_1_242' title='bbox 2504 1676 2650 1745; x_wconf 84' lang='grc' dir='ltr'>λέγει</span> <span class='ocrx_word' id='word_1_243' title='bbox 2686 1677 2796 1738; x_wconf 89' lang='grc' dir='ltr'>τοῖς</span> <span class='ocrx_word' id='word_1_244' title='bbox 2842 1673 3086 1727; x_wconf 80' lang='grc' dir='ltr'>ἐλθοῦσιν</span> <span class='ocrx_word' id='word_1_245' title='bbox 3120 1675 3200 1736; x_wconf 84' lang='grc' dir='ltr'><strong>είς</strong></span> <span class='ocrx_word' id='word_1_246' title='bbox 3248 1672 3342 1725; x_wconf 78' lang='grc' dir='ltr'><strong>τὸν</strong></span> <span class='ocrx_word' id='word_1_247' title='bbox 3383 1670 3554 1740; x_wconf 85' lang='grc' dir='ltr'>κῆπον</span> <span class='ocrx_word' id='word_1_248' title='bbox 3576 1686 3588 1700; x_wconf 78' lang='grc'><strong><em>⁸</em></strong></span> 
     </span>
    </p>
   </div>
   <div class='ocr_carea' id='block_1_33' title="bbox 344 1747 1903 1846">
    <p class='ocr_par' dir='ltr' id='par_1_33' title="bbox 344 1775 1903 1846">
     <span class='ocr_line' id='line_1_33' title="bbox 344 1775 1903 1846; baseline 0.003 -17"><span class='ocrx_word' id='word_1_249' title='bbox 344 1785 475 1830; x_wconf 88' lang='lat' dir='ltr'><strong>runt</strong></span> <span class='ocrx_word' id='word_1_250' title='bbox 497 1776 598 1846; x_wconf 92' lang='lat' dir='ltr'><strong>ipsi</strong></span> <span class='ocrx_word' id='word_1_251' title='bbox 620 1775 853 1832; x_wconf 77' lang='lat' dir='ltr'><strong>:tJesum</strong></span> <span class='ocrx_word' id='word_1_252' title='bbox 878 1778 1025 1832; x_wconf 91' lang='lat' dir='ltr'><strong>illum</strong></span> <span class='ocrx_word' id='word_1_253' title='bbox 1053 1777 1446 1844; x_wconf 66' lang='lat' dir='ltr'><strong>Nazarenump</strong></span> <span class='ocrx_word' id='word_1_254' title='bbox 1474 1793 1596 1833; x_wconf 91' lang='lat' dir='ltr'><strong>cum</strong></span> <span class='ocrx_word' id='word_1_255' title='bbox 1622 1779 1731 1833; x_wconf 90' lang='lat' dir='ltr'><strong>illis</strong></span> <span class='ocrx_word' id='word_1_256' title='bbox 1753 1780 1903 1834; x_wconf 87' lang='lat' dir='ltr'><strong>dixis-</strong></span> 
     </span>
    </p>
   </div>
   <div class='ocr_carea' id='block_1_34' title="bbox 2072 1747 3591 1846">
    <p class='ocr_par' dir='ltr' id='par_1_34' title="bbox 2088 1747 3591 1842">
     <span class='ocr_line' id='line_1_34' title="bbox 2088 1747 3591 1842; baseline -0.008 -16"><span class='ocrx_word' id='word_1_257' title='bbox 2088 1747 2498 1842; x_wconf 16' lang='lat' dir='ltr'><strong>TivaVthsiIts;</strong></span> <span class='ocrx_word' id='word_1_258' title='bbox 2541 1789 2558 1822; x_wconf 75' lang='grc' dir='ltr'><strong>ι</strong></span> <span class='ocrx_word' id='word_1_259' title='bbox 2588 1768 2964 1841; x_wconf 78' lang='grc' dir='ltr'>ἀπεκρίθησαν</span> <span class='ocrx_word' id='word_1_260' title='bbox 2999 1767 3165 1838; x_wconf 84' lang='grc' dir='ltr'>αύτῷ·</span> <span class='ocrx_word' id='word_1_261' title='bbox 3201 1785 3220 1818; x_wconf 83' lang='grc'><strong><em>‹</em></strong></span> <span class='ocrx_word' id='word_1_262' title='bbox 3269 1763 3483 1836; x_wconf 81' lang='grc' dir='ltr'>Ἰησοῦν</span> <span class='ocrx_word' id='word_1_263' title='bbox 3513 1763 3591 1816; x_wconf 80' lang='grc' dir='ltr'><strong>τὸν</strong></span> 
     </span>
    </p>
   </div>
   <div class='ocr_carea' id='block_1_35' title="bbox 343 1868 1920 1940">
    <p class='ocr_par' dir='ltr' id='par_1_35' title="bbox 343 1868 1920 1940">
     <span class='ocr_line' id='line_1_35' title="bbox 343 1868 1920 1940; baseline 0.003 -18"><span class='ocrx_word' id='word_1_264' title='bbox 343 1877 428 1922; x_wconf 78' lang='lat' dir='ltr'><strong>set</strong></span> <span class='ocrx_word' id='word_1_265' title='bbox 458 1885 472 1920; x_wconf 93' lang='lat'><strong>:</strong></span> <span class='ocrx_word' id='word_1_266' title='bbox 507 1868 653 1940; x_wconf 72' lang='lat' dir='ltr'><strong>«Ego</strong></span> <span class='ocrx_word' id='word_1_267' title='bbox 684 1885 824 1934; x_wconf 90' lang='lat' dir='ltr'><strong>sum,</strong></span> <span class='ocrx_word' id='word_1_268' title='bbox 853 1890 872 1922; x_wconf 73' lang='grc' dir='ltr'><strong>ι</strong></span> <span class='ocrx_word' id='word_1_269' title='bbox 911 1871 1116 1926; x_wconf 87' lang='lat' dir='ltr'><strong>virtute</strong></span> <span class='ocrx_word' id='word_1_270' title='bbox 1151 1886 1247 1925; x_wconf 91' lang='lat' dir='ltr'><strong>sua</strong></span> <span class='ocrx_word' id='word_1_271' title='bbox 1283 1870 1467 1926; x_wconf 91' lang='lat' dir='ltr'><strong>divina</strong></span> <span class='ocrx_word' id='word_1_272' title='bbox 1501 1891 1518 1924; x_wconf 86' lang='grc'>‹</span> <span class='ocrx_word' id='word_1_273' title='bbox 1539 1873 1724 1928; x_wconf 91' lang='lat' dir='ltr'><strong>abiere</strong></span> <span class='ocrx_word' id='word_1_274' title='bbox 1752 1882 1920 1937; x_wconf 87' lang='lat' dir='ltr'><strong>retro,</strong></span> 
     </span>
    </p>
   </div>
   <div class='ocr_carea' id='block_1_36' title="bbox 342 1957 1918 2034">
    <p class='ocr_par' dir='ltr' id='par_1_36' title="bbox 342 1957 1918 2034">
     <span class='ocr_line' id='line_1_36' title="bbox 342 1957 1918 2034; baseline 0.004 -22"><span class='ocrx_word' id='word_1_275' title='bbox 342 1957 601 2028; x_wconf 87' lang='lat' dir='ltr'><strong>humique</strong></span> <span class='ocrx_word' id='word_1_276' title='bbox 647 1960 965 2016; x_wconf 89' lang='lat' dir='ltr'><strong>ceciderunt</strong></span> <span class='ocrx_word' id='word_1_277' title='bbox 1015 1961 1082 2015; x_wconf 74' lang='grc'><strong>³⁸.</strong></span> <span class='ocrx_word' id='word_1_278' title='bbox 1116 1980 1135 2013; x_wconf 75' lang='grc' dir='ltr'><strong>ι</strong></span> <span class='ocrx_word' id='word_1_279' title='bbox 1202 1961 1405 2018; x_wconf 89' lang='lat' dir='ltr'><strong>Deinde</strong></span> <span class='ocrx_word' id='word_1_280' title='bbox 1449 1972 1569 2034; x_wconf 91' lang='lat' dir='ltr'><strong>post</strong></span> <span class='ocrx_word' id='word_1_281' title='bbox 1633 1965 1736 2020; x_wconf 90' lang='lat' dir='ltr'><strong>hoc</strong></span> <span class='ocrx_word' id='word_1_282' title='bbox 1797 1980 1918 2020; x_wconf 90' lang='lat' dir='ltr'><strong>cmn</strong></span> 
     </span>
    </p>
   </div>
   <div class='ocr_carea' id='block_1_37' title="bbox 341 2049 1922 2126">
    <p class='ocr_par' dir='ltr' id='par_1_37' title="bbox 341 2049 1922 2126">
     <span class='ocr_line' id='line_1_37' title="bbox 341 2049 1922 2126; baseline 0.006 -24"><span class='ocrx_word' id='word_1_283' title='bbox 341 2049 609 2104; x_wconf 88' lang='lat' dir='ltr'><strong>voluisset</strong></span> <span class='ocrx_word' id='word_1_284' title='bbox 657 2051 901 2120; x_wconf 85' lang='lat' dir='ltr'><strong>recipere</strong></span> <span class='ocrx_word' id='word_1_285' title='bbox 939 2052 1432 2122; x_wconf 85' lang='lat' dir='ltr'><strong>dispensationem,</strong></span> <span class='ocrx_word' id='word_1_286' title='bbox 1492 2065 1654 2126; x_wconf 86' lang='lat' dir='ltr'><strong>atque</strong></span> <span class='ocrx_word' id='word_1_287' title='bbox 1699 2071 1922 2112; x_wconf 67' lang='lat' dir='ltr'><strong>oecono-</strong></span> 
     </span>
    </p>
   </div>
   <div class='ocr_carea' id='block_1_38' title="bbox 341 2142 1915 2220">
    <p class='ocr_par' dir='ltr' id='par_1_38' title="bbox 341 2142 1915 2220">
     <span class='ocr_line' id='line_1_38' title="bbox 341 2142 1915 2220; baseline 0.005 -26"><span class='ocrx_word' id='word_1_288' title='bbox 341 2142 508 2203; x_wconf 86' lang='lat' dir='ltr'><strong>miam</strong></span> <span class='ocrx_word' id='word_1_289' title='bbox 558 2157 656 2212; x_wconf 84' lang='lat' dir='ltr'><strong>per</strong></span> <span class='ocrx_word' id='word_1_290' title='bbox 686 2145 990 2212; x_wconf 84' lang='lat' dir='ltr'><strong>passionem</strong></span> <span class='ocrx_word' id='word_1_291' title='bbox 1011 2185 1028 2213; x_wconf 90' lang='lat'><strong>,</strong></span> <span class='ocrx_word' id='word_1_292' title='bbox 1081 2163 1100 2196; x_wconf 80' lang='grc' dir='ltr'><strong>ι</strong></span> <span class='ocrx_word' id='word_1_293' title='bbox 1125 2161 1343 2201; x_wconf 82' lang='lat' dir='ltr'><strong>rursum</strong></span> <span class='ocrx_word' id='word_1_294' title='bbox 1391 2147 1744 2220; x_wconf 85' lang='lat' dir='ltr'><strong>interrogavit</strong></span> <span class='ocrx_word' id='word_1_295' title='bbox 1773 2165 1868 2205; x_wconf 90' lang='lat' dir='ltr'><strong>eos</strong></span> <span class='ocrx_word' id='word_1_296' title='bbox 1901 2166 1915 2202; x_wconf 94' lang='lat'>:</span> 
     </span>
    </p>
   </div>
   <div class='ocr_carea' id='block_1_39' title="bbox 341 2233 1919 2304">
    <p class='ocr_par' dir='ltr' id='par_1_39' title="bbox 341 2233 1919 2304">
     <span class='ocr_line' id='line_1_39' title="bbox 341 2233 1919 2304; baseline 0.008 -18"><span class='ocrx_word' id='word_1_297' title='bbox 341 2233 513 2300; x_wconf 86' lang='lat' dir='ltr'><strong>Quem</strong></span> <span class='ocrx_word' id='word_1_298' title='bbox 560 2235 848 2304; x_wconf 64' lang='lat' dir='ltr'><strong>quaeritis?</strong></span> <span class='ocrx_word' id='word_1_299' title='bbox 890 2247 946 2290; x_wconf 94' lang='lat' dir='ltr'><strong>at</strong></span> <span class='ocrx_word' id='word_1_300' title='bbox 992 2236 1070 2290; x_wconf 92' lang='lat' dir='ltr'><strong>illi</strong></span> <span class='ocrx_word' id='word_1_301' title='bbox 1121 2239 1419 2294; x_wconf 86' lang='lat' dir='ltr'><strong>dixerunt:</strong></span> <span class='ocrx_word' id='word_1_302' title='bbox 1451 2239 1634 2296; x_wconf 78' lang='lat' dir='ltr'><strong>Jesum</strong></span> <span class='ocrx_word' id='word_1_303' title='bbox 1682 2241 1919 2298; x_wconf 86' lang='lat' dir='ltr'><strong>Nazare-</strong></span> 
     </span>
    </p>
   </div>
   <div class='ocr_carea' id='block_1_40' title="bbox 341 2326 1918 2397">
    <p class='ocr_par' dir='ltr' id='par_1_40' title="bbox 341 2326 1918 2397">
     <span class='ocr_line' id='line_1_40' title="bbox 341 2326 1918 2397; baseline 0.007 -18"><span class='ocrx_word' id='word_1_304' title='bbox 341 2341 498 2380; x_wconf 89' lang='lat' dir='ltr'><strong>num.</strong></span> <span class='ocrx_word' id='word_1_305' title='bbox 529 2344 549 2377; x_wconf 72' lang='grc' dir='ltr'><strong>ι</strong></span> <span class='ocrx_word' id='word_1_306' title='bbox 589 2326 656 2380; x_wconf 86' lang='grc' dir='ltr'>Ει</span> <span class='ocrx_word' id='word_1_307' title='bbox 687 2337 807 2396; x_wconf 89' lang='lat' dir='ltr'><strong>post</strong></span> <span class='ocrx_word' id='word_1_308' title='bbox 832 2343 1002 2396; x_wconf 90' lang='lat' dir='ltr'><strong>pauca</strong></span> <span class='ocrx_word' id='word_1_309' title='bbox 1032 2330 1102 2395; x_wconf 79' lang='lat'><strong>&quot;,</strong></span> <span class='ocrx_word' id='word_1_310' title='bbox 1136 2349 1155 2380; x_wconf 77' lang='grc' dir='ltr'><strong>ι</strong></span> <span class='ocrx_word' id='word_1_311' title='bbox 1181 2331 1402 2397; x_wconf 90' lang='lat' dir='ltr'><strong>cohors,</strong></span> <span class='ocrx_word' id='word_1_312' title='bbox 1425 2341 1480 2387; x_wconf 86' lang='lat' dir='ltr'><strong>et</strong></span> <span class='ocrx_word' id='word_1_313' title='bbox 1509 2333 1758 2389; x_wconf 90' lang='lat' dir='ltr'><strong>tribunus</strong></span> <span class='ocrx_word' id='word_1_314' title='bbox 1785 2335 1918 2391; x_wconf 88' lang='lat' dir='ltr'><strong>mili-</strong></span> 
     </span>
    </p>
   </div>
   <div class='ocr_carea' id='block_1_41' title="bbox 341 2419 1917 2492">
    <p class='ocr_par' dir='ltr' id='par_1_41' title="bbox 341 2419 1917 2492">
     <span class='ocr_line' id='line_1_41' title="bbox 341 2419 1917 2492; baseline 0.006 -21"><span class='ocrx_word' id='word_1_315' title='bbox 341 2428 482 2480; x_wconf 90' lang='lat' dir='ltr'><strong>tum,</strong></span> <span class='ocrx_word' id='word_1_316' title='bbox 527 2428 580 2474; x_wconf 90' lang='lat' dir='ltr'><strong>et</strong></span> <span class='ocrx_word' id='word_1_317' title='bbox 629 2419 867 2474; x_wconf 87' lang='lat' dir='ltr'><strong>ministri</strong></span> <span class='ocrx_word' id='word_1_318' title='bbox 909 2419 1220 2476; x_wconf 67' lang='lat' dir='ltr'><strong>Judazorum</strong></span> <span class='ocrx_word' id='word_1_319' title='bbox 1261 2425 1785 2492; x_wconf 84' lang='lat' dir='ltr'><strong>comprehenderunt</strong></span> <span class='ocrx_word' id='word_1_320' title='bbox 1823 2426 1917 2482; x_wconf 82' lang='lat' dir='ltr'><strong>Je-</strong></span> 
     </span>
    </p>
   </div>
   <div class='ocr_carea' id='block_1_42' title="bbox 339 2508 1917 2585">
    <p class='ocr_par' dir='ltr' id='par_1_42' title="bbox 339 2508 1917 2585">
     <span class='ocr_line' id='line_1_42' title="bbox 339 2508 1917 2585; baseline 0.006 -23"><span class='ocrx_word' id='word_1_321' title='bbox 339 2522 459 2562; x_wconf 90' lang='lat' dir='ltr'><strong>sum</strong></span> <span class='ocrx_word' id='word_1_322' title='bbox 489 2527 507 2560; x_wconf 73' lang='grc'><strong>»</strong></span> <span class='ocrx_word' id='word_1_323' title='bbox 551 2508 842 2578; x_wconf 88' lang='lat' dir='ltr'><strong>volentem,</strong></span> <span class='ocrx_word' id='word_1_324' title='bbox 879 2531 898 2563; x_wconf 69' lang='grc' dir='ltr'><strong>ι</strong></span> <span class='ocrx_word' id='word_1_325' title='bbox 933 2511 1307 2582; x_wconf 79' lang='lat' dir='ltr'><strong>etligavcrunt</strong></span> <span class='ocrx_word' id='word_1_326' title='bbox 1337 2514 1544 2582; x_wconf 78' lang='lat' dir='ltr'><strong>ipsunu</strong></span> <span class='ocrx_word' id='word_1_327' title='bbox 1586 2531 1645 2570; x_wconf 90' lang='lat' dir='ltr'><strong>se</strong></span> <span class='ocrx_word' id='word_1_328' title='bbox 1667 2516 1917 2585; x_wconf 58' lang='lat' dir='ltr'><strong>praeben-</strong></span> 
     </span>
    </p>
   </div>
   <div class='ocr_carea' id='block_1_43' title="bbox 339 2599 1914 2672">
    <p class='ocr_par' dir='ltr' id='par_1_43' title="bbox 339 2599 1914 2672">
     <span class='ocr_line' id='line_1_43' title="bbox 339 2599 1914 2672; baseline 0.006 -21"><span class='ocrx_word' id='word_1_329' title='bbox 339 2606 448 2651; x_wconf 89' lang='lat' dir='ltr'><strong>tem</strong></span> <span class='ocrx_word' id='word_1_330' title='bbox 492 2599 744 2654; x_wconf 89' lang='lat' dir='ltr'><strong>vinculis.</strong></span> <span class='ocrx_word' id='word_1_331' title='bbox 791 2601 925 2655; x_wconf 86' lang='lat' dir='ltr'><strong>Nam</strong></span> <span class='ocrx_word' id='word_1_332' title='bbox 967 2601 1014 2657; x_wconf 92' lang='lat' dir='ltr'><strong>si</strong></span> <span class='ocrx_word' id='word_1_333' title='bbox 1067 2603 1180 2672; x_wconf 90' lang='lat' dir='ltr'><strong>pati</strong></span> <span class='ocrx_word' id='word_1_334' title='bbox 1213 2603 1501 2669; x_wconf 90' lang='lat' dir='ltr'><strong>noluisset,</strong></span> <span class='ocrx_word' id='word_1_335' title='bbox 1537 2621 1662 2659; x_wconf 91' lang='lat' dir='ltr'><strong>num</strong></span> <span class='ocrx_word' id='word_1_336' title='bbox 1700 2622 1914 2661; x_wconf 91' lang='lat' dir='ltr'><strong>rursum</strong></span> 
     </span>
    </p>
   </div>
   <div class='ocr_carea' id='block_1_44' title="bbox 338 2688 1918 2768">
    <p class='ocr_par' dir='ltr' id='par_1_44' title="bbox 338 2688 1918 2768">
     <span class='ocr_line' id='line_1_44' title="bbox 338 2688 1918 2768; baseline 0.007 -26"><span class='ocrx_word' id='word_1_337' title='bbox 338 2688 584 2755; x_wconf 82' lang='lat' dir='ltr'><strong>dixisset,</strong></span> <span class='ocrx_word' id='word_1_338' title='bbox 619 2709 637 2740; x_wconf 74' lang='grc' dir='ltr'>α</span> <span class='ocrx_word' id='word_1_339' title='bbox 678 2692 791 2762; x_wconf 81' lang='lat' dir='ltr'><strong>Ego</strong></span> <span class='ocrx_word' id='word_1_340' title='bbox 833 2708 974 2758; x_wconf 93' lang='lat' dir='ltr'><strong>sum,</strong></span> <span class='ocrx_word' id='word_1_341' title='bbox 1031 2714 1050 2747; x_wconf 74' lang='grc' dir='ltr'><strong>ι</strong></span> <span class='ocrx_word' id='word_1_342' title='bbox 1091 2704 1145 2750; x_wconf 91' lang='lat' dir='ltr'><strong>et</strong></span> <span class='ocrx_word' id='word_1_343' title='bbox 1206 2696 1471 2752; x_wconf 91' lang='lat' dir='ltr'><strong>abiissent</strong></span> <span class='ocrx_word' id='word_1_344' title='bbox 1537 2697 1622 2763; x_wconf 90' lang='lat' dir='ltr'><strong>hi,</strong></span> <span class='ocrx_word' id='word_1_345' title='bbox 1662 2707 1738 2752; x_wconf 89' lang='lat' dir='ltr'><strong>tot</strong></span> <span class='ocrx_word' id='word_1_346' title='bbox 1786 2708 1918 2768; x_wconf 90' lang='lat' dir='ltr'><strong>quot</strong></span> 
     </span>
    </p>
   </div>
   <div class='ocr_carea' id='block_1_45' title="bbox 335 2788 1914 2858">
    <p class='ocr_par' dir='ltr' id='par_1_45' title="bbox 335 2788 1914 2858">
     <span class='ocr_line' id='line_1_45' title="bbox 335 2788 1914 2858; baseline 0.006 -20"><span class='ocrx_word' id='word_1_347' title='bbox 335 2794 541 2849; x_wconf 87' lang='lat' dir='ltr'><strong>essent,</strong></span> <span class='ocrx_word' id='word_1_348' title='bbox 600 2795 771 2850; x_wconf 89' lang='lat' dir='ltr'><strong>retro,</strong></span> <span class='ocrx_word' id='word_1_349' title='bbox 825 2801 1122 2858; x_wconf 85' lang='lat' dir='ltr'><strong>omnesque</strong></span> <span class='ocrx_word' id='word_1_350' title='bbox 1167 2788 1314 2843; x_wconf 87' lang='lat' dir='ltr'><strong>hutni</strong></span> <span class='ocrx_word' id='word_1_351' title='bbox 1346 2791 1602 2858; x_wconf 75' lang='lat' dir='ltr'><strong>prostrati</strong></span> <span class='ocrx_word' id='word_1_352' title='bbox 1648 2791 1914 2847; x_wconf 78' lang='lat' dir='ltr'><strong>fuissent?</strong></span> 
     </span>
    </p>
   </div>
   <div class='ocr_carea' id='block_1_46' title="bbox 339 2874 1913 2954">
    <p class='ocr_par' dir='ltr' id='par_1_46' title="bbox 339 2874 1913 2954">
     <span class='ocr_line' id='line_1_46' title="bbox 339 2874 1913 2954; baseline 0.006 -25"><span class='ocrx_word' id='word_1_353' title='bbox 339 2874 410 2930; x_wconf 87' lang='lat' dir='ltr'><strong>Ut</strong></span> <span class='ocrx_word' id='word_1_354' title='bbox 437 2886 616 2931; x_wconf 88' lang='lat' dir='ltr'><strong>autem</strong></span> <span class='ocrx_word' id='word_1_355' title='bbox 665 2878 860 2933; x_wconf 90' lang='lat' dir='ltr'><strong>talibus</strong></span> <span class='ocrx_word' id='word_1_356' title='bbox 894 2882 1059 2934; x_wconf 92' lang='lat' dir='ltr'><strong>rebus</strong></span> <span class='ocrx_word' id='word_1_357' title='bbox 1089 2882 1245 2936; x_wconf 86' lang='lat' dir='ltr'><strong>docet</strong></span> <span class='ocrx_word' id='word_1_358' title='bbox 1286 2897 1386 2937; x_wconf 92' lang='lat' dir='ltr'><strong>nos</strong></span> <span class='ocrx_word' id='word_1_359' title='bbox 1417 2885 1672 2939; x_wconf 87' lang='lat' dir='ltr'><strong>secedere</strong></span> <span class='ocrx_word' id='word_1_360' title='bbox 1704 2885 1755 2939; x_wconf 93' lang='lat' dir='ltr'><strong>in</strong></span> <span class='ocrx_word' id='word_1_361' title='bbox 1787 2899 1913 2954; x_wconf 90' lang='lat' dir='ltr'><strong>per-</strong></span> 
     </span>
    </p>
   </div>
   <div class='ocr_carea' id='block_1_47' title="bbox 335 2967 1911 3044">
    <p class='ocr_par' dir='ltr' id='par_1_47' title="bbox 335 2967 1911 3044">
     <span class='ocr_line' id='line_1_47' title="bbox 335 2967 1911 3044; baseline 0.007 -24"><span class='ocrx_word' id='word_1_362' title='bbox 335 2967 706 3023; x_wconf 86' lang='lat' dir='ltr'><strong>secutionibus</strong></span> <span class='ocrx_word' id='word_1_363' title='bbox 777 2979 831 3024; x_wconf 90' lang='lat' dir='ltr'><strong>et</strong></span> <span class='ocrx_word' id='word_1_364' title='bbox 885 2971 939 3024; x_wconf 93' lang='lat' dir='ltr'><strong>in</strong></span> <span class='ocrx_word' id='word_1_365' title='bbox 997 2971 1208 3028; x_wconf 89' lang='lat' dir='ltr'><strong>insidiis</strong></span> <span class='ocrx_word' id='word_1_366' title='bbox 1275 2988 1396 3044; x_wconf 86' lang='lat' dir='ltr'><strong>quae</strong></span> <span class='ocrx_word' id='word_1_367' title='bbox 1446 2975 1735 3030; x_wconf 91' lang='lat' dir='ltr'><strong>adversum</strong></span> <span class='ocrx_word' id='word_1_368' title='bbox 1810 2991 1911 3031; x_wconf 84' lang='lat' dir='ltr'><strong>nos</strong></span> 
     </span>
    </p>
   </div>
   <div class='ocr_carea' id='block_1_48' title="bbox 338 3059 1984 3165">
    <p class='ocr_par' dir='ltr' id='par_1_48' title="bbox 338 3059 1984 3165">
     <span class='ocr_line' id='line_1_48' title="bbox 338 3059 1984 3165; baseline 0.008 -55"><span class='ocrx_word' id='word_1_369' title='bbox 338 3065 660 3124; x_wconf 88' lang='lat' dir='ltr'><strong>struuntur;</strong></span> <span class='ocrx_word' id='word_1_370' title='bbox 702 3059 783 3114; x_wconf 90' lang='lat' dir='ltr'><strong>sic</strong></span> <span class='ocrx_word' id='word_1_371' title='bbox 831 3060 996 3114; x_wconf 89' lang='lat' dir='ltr'><strong>etiam</strong></span> <span class='ocrx_word' id='word_1_372' title='bbox 1041 3061 1172 3117; x_wconf 89' lang='lat' dir='ltr'><strong>alibi</strong></span> <span class='ocrx_word' id='word_1_373' title='bbox 1217 3064 1456 3132; x_wconf 85' lang='lat' dir='ltr'><strong>reperias</strong></span> <span class='ocrx_word' id='word_1_374' title='bbox 1504 3081 1624 3120; x_wconf 91' lang='lat' dir='ltr'><strong>eum</strong></span> <span class='ocrx_word' id='word_1_375' title='bbox 1661 3068 1913 3123; x_wconf 87' lang='lat' dir='ltr'><strong>secedere</strong></span> <span class='ocrx_word' id='word_1_376' title='bbox 1938 3103 1984 3165; x_wconf 61' lang='grc' dir='ltr'>ε</span> 
     </span>
    </p>
   </div>
   <div class='ocr_carea' id='block_1_49' title="bbox 333 3149 1909 3225">
    <p class='ocr_par' dir='ltr' id='par_1_49' title="bbox 333 3149 1909 3225">
     <span class='ocr_line' id='line_1_49' title="bbox 333 3149 1909 3225; baseline 0.007 -22"><span class='ocrx_word' id='word_1_377' title='bbox 333 3149 405 3205; x_wconf 94' lang='lat' dir='ltr'><strong>ab</strong></span> <span class='ocrx_word' id='word_1_378' title='bbox 441 3149 525 3206; x_wconf 90' lang='lat' dir='ltr'><strong>bis</strong></span> <span class='ocrx_word' id='word_1_379' title='bbox 554 3165 674 3220; x_wconf 67' lang='lat' dir='ltr'><strong>quae</strong></span> <span class='ocrx_word' id='word_1_380' title='bbox 699 3152 840 3207; x_wconf 88' lang='lat' dir='ltr'><strong>bona</strong></span> <span class='ocrx_word' id='word_1_381' title='bbox 870 3154 1105 3208; x_wconf 92' lang='lat' dir='ltr'><strong>mundus</strong></span> <span class='ocrx_word' id='word_1_382' title='bbox 1149 3154 1322 3220; x_wconf 91' lang='lat' dir='ltr'><strong>ducit,</strong></span> <span class='ocrx_word' id='word_1_383' title='bbox 1368 3166 1431 3209; x_wconf 89' lang='lat' dir='ltr'><strong>ut</strong></span> <span class='ocrx_word' id='word_1_384' title='bbox 1459 3171 1556 3225; x_wconf 91' lang='lat' dir='ltr'><strong>per</strong></span> <span class='ocrx_word' id='word_1_385' title='bbox 1584 3157 1702 3213; x_wconf 67' lang='lat' dir='ltr'><strong>haec</strong></span> <span class='ocrx_word' id='word_1_386' title='bbox 1744 3161 1909 3214; x_wconf 90' lang='lat' dir='ltr'><strong>etiam</strong></span> 
     </span>
    </p>
   </div>
   <div class='ocr_carea' id='block_1_50' title="bbox 332 3242 1912 3320">
    <p class='ocr_par' dir='ltr' id='par_1_50' title="bbox 332 3242 1912 3320">
     <span class='ocr_line' id='line_1_50' title="bbox 332 3242 1912 3320; baseline 0.006 -24"><span class='ocrx_word' id='word_1_387' title='bbox 332 3242 529 3298; x_wconf 89' lang='lat' dir='ltr'><strong>doceat</strong></span> <span class='ocrx_word' id='word_1_388' title='bbox 552 3259 651 3299; x_wconf 93' lang='lat' dir='ltr'><strong>nos</strong></span> <span class='ocrx_word' id='word_1_389' title='bbox 680 3245 863 3300; x_wconf 93' lang='lat' dir='ltr'><strong>mundi</strong></span> <span class='ocrx_word' id='word_1_390' title='bbox 895 3244 1188 3315; x_wconf 79' lang='lat' dir='ltr'><strong>dignitates</strong></span> <span class='ocrx_word' id='word_1_391' title='bbox 1213 3245 1400 3317; x_wconf 79' lang='lat' dir='ltr'><strong>fugere</strong></span> <span class='ocrx_word' id='word_1_392' title='bbox 1432 3249 1912 3320; x_wconf 86' lang='lat' dir='ltr'><strong>excellentiasque</strong></span> 
     </span>
    </p>
   </div>
   <div class='ocr_carea' id='block_1_51' title="bbox 334 3334 1913 3412">
    <p class='ocr_par' dir='ltr' id='par_1_51' title="bbox 334 3334 1913 3412">
     <span class='ocr_line' id='line_1_51' title="bbox 334 3334 1913 3412; baseline 0.006 -24"><span class='ocrx_word' id='word_1_393' title='bbox 334 3334 388 3389; x_wconf 93' lang='lat' dir='ltr'><strong>in</strong></span> <span class='ocrx_word' id='word_1_394' title='bbox 439 3334 558 3404; x_wconf 91' lang='lat' dir='ltr'><strong>ipso</strong></span> <span class='ocrx_word' id='word_1_395' title='bbox 605 3336 954 3393; x_wconf 84' lang='lat' dir='ltr'><strong>exsistentes.</strong></span> <span class='ocrx_word' id='word_1_396' title='bbox 993 3336 1199 3394; x_wconf 73' lang='lat' dir='ltr'><strong>«Jesus</strong></span> <span class='ocrx_word' id='word_1_397' title='bbox 1240 3340 1383 3395; x_wconf 90' lang='lat' dir='ltr'><strong>enim</strong></span> <span class='ocrx_word' id='word_1_398' title='bbox 1440 3356 1563 3396; x_wconf 93' lang='lat' dir='ltr'><strong>cum</strong></span> <span class='ocrx_word' id='word_1_399' title='bbox 1621 3342 1913 3412; x_wconf 88' lang='lat' dir='ltr'><strong>aliquando</strong></span> 
     </span>
    </p>
   </div>
   <div class='ocr_carea' id='block_1_52' title="bbox 331 3427 1908 3502">
    <p class='ocr_par' dir='ltr' id='par_1_52' title="bbox 331 3427 1908 3502">
     <span class='ocr_line' id='line_1_52' title="bbox 331 3427 1908 3502; baseline 0.005 -23"><span class='ocrx_word' id='word_1_400' title='bbox 331 3427 680 3497; x_wconf 74' lang='lat' dir='ltr'><strong>cogn0visset</strong></span> <span class='ocrx_word' id='word_1_401' title='bbox 705 3427 950 3482; x_wconf 80' lang='lat' dir='ltr'><strong>futurum</strong></span> <span class='ocrx_word' id='word_1_402' title='bbox 992 3439 1050 3483; x_wconf 93' lang='lat' dir='ltr'><strong>ut</strong></span> <span class='ocrx_word' id='word_1_403' title='bbox 1079 3431 1359 3497; x_wconf 88' lang='lat' dir='ltr'><strong>venirent,</strong></span> <span class='ocrx_word' id='word_1_404' title='bbox 1383 3441 1439 3487; x_wconf 92' lang='lat' dir='ltr'><strong>et</strong></span> <span class='ocrx_word' id='word_1_405' title='bbox 1472 3443 1729 3502; x_wconf 85' lang='lat' dir='ltr'><strong>raperent</strong></span> <span class='ocrx_word' id='word_1_406' title='bbox 1762 3450 1908 3501; x_wconf 91' lang='lat' dir='ltr'><strong>eum,</strong></span> 
     </span>
    </p>
   </div>
   <div class='ocr_carea' id='block_1_53' title="bbox 333 3518 1910 3592">
    <p class='ocr_par' dir='ltr' id='par_1_53' title="bbox 333 3518 1910 3592">
     <span class='ocr_line' id='line_1_53' title="bbox 333 3518 1910 3592; baseline 0.006 -20"><span class='ocrx_word' id='word_1_407' title='bbox 333 3530 391 3572; x_wconf 91' lang='lat' dir='ltr'><strong>ut</strong></span> <span class='ocrx_word' id='word_1_408' title='bbox 414 3518 563 3573; x_wconf 91' lang='lat' dir='ltr'><strong>illum</strong></span> <span class='ocrx_word' id='word_1_409' title='bbox 596 3536 778 3588; x_wconf 85' lang='lat' dir='ltr'><strong>regem</strong></span> <span class='ocrx_word' id='word_1_410' title='bbox 805 3520 1070 3589; x_wconf 79' lang='lat' dir='ltr'><strong>facerent,</strong></span> <span class='ocrx_word' id='word_1_411' title='bbox 1098 3527 1325 3580; x_wconf 88' lang='lat' dir='ltr'><strong>secessit</strong></span> <span class='ocrx_word' id='word_1_412' title='bbox 1352 3527 1406 3580; x_wconf 92' lang='lat' dir='ltr'><strong>in</strong></span> <span class='ocrx_word' id='word_1_413' title='bbox 1437 3536 1674 3583; x_wconf 87' lang='lat' dir='ltr'><strong>montem</strong></span> <span class='ocrx_word' id='word_1_414' title='bbox 1698 3566 1713 3592; x_wconf 92' lang='lat'><strong>,</strong></span> <span class='ocrx_word' id='word_1_415' title='bbox 1744 3546 1764 3580; x_wconf 72' lang='grc' dir='ltr'><strong>ι</strong></span> <span class='ocrx_word' id='word_1_416' title='bbox 1815 3527 1910 3584; x_wconf 89' lang='lat' dir='ltr'><strong>sed</strong></span> 
     </span>
    </p>
   </div>
   <div class='ocr_carea' id='block_1_54' title="bbox 331 3609 1908 3682">
    <p class='ocr_par' dir='ltr' id='par_1_54' title="bbox 331 3609 1908 3682">
     <span class='ocr_line' id='line_1_54' title="bbox 331 3609 1908 3682; baseline 0.006 -18"><span class='ocrx_word' id='word_1_417' title='bbox 331 3623 440 3664; x_wconf 93' lang='lat' dir='ltr'><strong>non</strong></span> <span class='ocrx_word' id='word_1_418' title='bbox 466 3624 588 3665; x_wconf 91' lang='lat' dir='ltr'><strong>cum</strong></span> <span class='ocrx_word' id='word_1_419' title='bbox 615 3609 913 3682; x_wconf 91' lang='lat' dir='ltr'><strong>discipulis,</strong></span> <span class='ocrx_word' id='word_1_420' title='bbox 945 3613 1038 3667; x_wconf 90' lang='lat' dir='ltr'><strong>sed</strong></span> <span class='ocrx_word' id='word_1_421' title='bbox 1077 3633 1096 3666; x_wconf 74' lang='grc' dir='ltr'><strong>ι</strong></span> <span class='ocrx_word' id='word_1_422' title='bbox 1125 3615 1274 3670; x_wconf 90' lang='lat' dir='ltr'><strong>solus</strong></span> <span class='ocrx_word' id='word_1_423' title='bbox 1299 3616 1367 3682; x_wconf 75' lang='grc'><strong>³⁷,</strong></span> <span class='ocrx_word' id='word_1_424' title='bbox 1410 3635 1430 3668; x_wconf 75' lang='grc' dir='ltr'><strong>ι</strong></span> <span class='ocrx_word' id='word_1_425' title='bbox 1456 3633 1524 3673; x_wconf 92' lang='lat' dir='ltr'><strong>ne</strong></span> <span class='ocrx_word' id='word_1_426' title='bbox 1545 3618 1629 3673; x_wconf 85' lang='lat' dir='ltr'><strong>his</strong></span> <span class='ocrx_word' id='word_1_427' title='bbox 1657 3619 1908 3674; x_wconf 90' lang='lat' dir='ltr'><strong>occasio-</strong></span> 
     </span>
    </p>
   </div>
   <div class='ocr_carea' id='block_1_55' title="bbox 333 3703 1906 3780">
    <p class='ocr_par' dir='ltr' id='par_1_55' title="bbox 333 3703 1906 3780">
     <span class='ocr_line' id='line_1_55' title="bbox 333 3703 1906 3780; baseline 0.008 -26"><span class='ocrx_word' id='word_1_428' title='bbox 333 3716 458 3756; x_wconf 90' lang='lat' dir='ltr'><strong>nem</strong></span> <span class='ocrx_word' id='word_1_429' title='bbox 488 3703 704 3771; x_wconf 91' lang='lat' dir='ltr'><strong>quidem</strong></span> <span class='ocrx_word' id='word_1_430' title='bbox 731 3705 1000 3773; x_wconf 71' lang='lat' dir='ltr'><strong>przebens,</strong></span> <span class='ocrx_word' id='word_1_431' title='bbox 1046 3715 1300 3777; x_wconf 88' lang='lat' dir='ltr'><strong>tanquam</strong></span> <span class='ocrx_word' id='word_1_432' title='bbox 1353 3709 1526 3778; x_wconf 93' lang='lat' dir='ltr'><strong>ipsum</strong></span> <span class='ocrx_word' id='word_1_433' title='bbox 1578 3711 1906 3780; x_wconf 91' lang='lat' dir='ltr'><strong>amantibus,</strong></span> 
     </span>
    </p>
   </div>
   <div class='ocr_carea' id='block_1_56' title="bbox 328 3793 1906 3873">
    <p class='ocr_par' dir='ltr' id='par_1_56' title="bbox 328 3793 1906 3873">
     <span class='ocr_line' id='line_1_56' title="bbox 328 3793 1906 3873; baseline 0.006 -25"><span class='ocrx_word' id='word_1_434' title='bbox 328 3801 385 3848; x_wconf 83' lang='lat' dir='ltr'><strong>et</strong></span> <span class='ocrx_word' id='word_1_435' title='bbox 412 3793 504 3863; x_wconf 91' lang='lat' dir='ltr'><strong>qui</strong></span> <span class='ocrx_word' id='word_1_436' title='bbox 534 3793 830 3850; x_wconf 87' lang='lat' dir='ltr'><strong>voluissent</strong></span> <span class='ocrx_word' id='word_1_437' title='bbox 859 3811 980 3852; x_wconf 89' lang='lat' dir='ltr'><strong>cum</strong></span> <span class='ocrx_word' id='word_1_438' title='bbox 1007 3799 1222 3853; x_wconf 59' lang='lat' dir='ltr'><strong>caeteris</strong></span> <span class='ocrx_word' id='word_1_439' title='bbox 1256 3799 1430 3862; x_wconf 91' lang='lat' dir='ltr'><strong>ipsum</strong></span> <span class='ocrx_word' id='word_1_440' title='bbox 1463 3799 1645 3855; x_wconf 84' lang='lat' dir='ltr'><strong>facere</strong></span> <span class='ocrx_word' id='word_1_441' title='bbox 1697 3805 1906 3873; x_wconf 77' lang='lat' dir='ltr'><strong>regem,</strong></span> 
     </span>
    </p>
   </div>
   <div class='ocr_carea' id='block_1_57' title="bbox 323 3882 1518 3957">
    <p class='ocr_par' dir='ltr' id='par_1_57' title="bbox 323 3882 1518 3957">
     <span class='ocr_line' id='line_1_57' title="bbox 323 3882 1518 3957; baseline 0.006 -19"><span class='ocrx_word' id='word_1_442' title='bbox 323 3882 439 3955; x_wconf 87' lang='lat' dir='ltr'><strong>jam</strong></span> <span class='ocrx_word' id='word_1_443' title='bbox 467 3887 737 3942; x_wconf 86' lang='lat' dir='ltr'><strong>mundane</strong></span> <span class='ocrx_word' id='word_1_444' title='bbox 765 3887 1008 3957; x_wconf 89' lang='lat' dir='ltr'><strong>ipsorum</strong></span> <span class='ocrx_word' id='word_1_445' title='bbox 1029 3889 1197 3945; x_wconf 91' lang='lat' dir='ltr'><strong>etiam</strong></span> <span class='ocrx_word' id='word_1_446' title='bbox 1231 3906 1326 3945; x_wconf 87' lang='lat' dir='ltr'><strong>rex</strong></span> <span class='ocrx_word' id='word_1_447' title='bbox 1351 3899 1518 3946; x_wconf 86' lang='lat' dir='ltr'><strong>esset.</strong></span> 
     </span>
    </p>
   </div>
   <div class='ocr_carea' id='block_1_58' title="bbox 398 4066 1903 4142">
    <p class='ocr_par' dir='ltr' id='par_1_58' title="bbox 398 4066 1903 4142">
     <span class='ocr_line' id='line_1_58' title="bbox 398 4066 1903 4142; baseline 0.007 -21"><span class='ocrx_word' id='word_1_448' title='bbox 398 4068 487 4122; x_wconf 89' lang='grc'><strong>19.</strong></span> <span class='ocrx_word' id='word_1_449' title='bbox 536 4066 664 4124; x_wconf 71' lang='lat' dir='ltr'><strong>Haec</strong></span> <span class='ocrx_word' id='word_1_450' title='bbox 711 4070 925 4138; x_wconf 91' lang='lat' dir='ltr'><strong>quidem</strong></span> <span class='ocrx_word' id='word_1_451' title='bbox 967 4071 1021 4126; x_wconf 88' lang='lat' dir='ltr'><strong>in</strong></span> <span class='ocrx_word' id='word_1_452' title='bbox 1085 4080 1317 4138; x_wconf 89' lang='lat' dir='ltr'><strong>textum,</strong></span> <span class='ocrx_word' id='word_1_453' title='bbox 1365 4083 1423 4130; x_wconf 88' lang='lat' dir='ltr'><strong>et</strong></span> <span class='ocrx_word' id='word_1_454' title='bbox 1480 4075 1533 4130; x_wconf 93' lang='lat' dir='ltr'><strong>in</strong></span> <span class='ocrx_word' id='word_1_455' title='bbox 1578 4076 1903 4142; x_wconf 87' lang='lat' dir='ltr'><strong>doctrinam,</strong></span> 
     </span>
    </p>
   </div>
   <div class='ocr_carea' id='block_1_59' title="bbox 2023 1855 3584 1935">
    <p class='ocr_par' dir='ltr' id='par_1_59' title="bbox 2023 1855 3584 1935">
     <span class='ocr_line' id='line_1_59' title="bbox 2023 1855 3584 1935; baseline -0.008 -17"><span class='ocrx_word' id='word_1_456' title='bbox 2023 1864 2365 1935; x_wconf 78' lang='grc' dir='ltr'>Ναζωραῖον·</span> <span class='ocrx_word' id='word_1_457' title='bbox 2404 1883 2422 1915; x_wconf 77' lang='grc' dir='ltr'><strong>ι</strong></span> <span class='ocrx_word' id='word_1_458' title='bbox 2450 1863 2541 1916; x_wconf 76' lang='grc' dir='ltr'>καὶ</span> <span class='ocrx_word' id='word_1_459' title='bbox 2566 1863 2595 1915; x_wconf 88' lang='grc' dir='ltr'><strong>ό</strong></span> <span class='ocrx_word' id='word_1_460' title='bbox 2626 1861 2726 1932; x_wconf 84' lang='grc' dir='ltr'><strong>μὲν</strong></span> <span class='ocrx_word' id='word_1_461' title='bbox 2752 1857 2904 1914; x_wconf 72' lang='grc' dir='ltr'>εἶπεν</span> <span class='ocrx_word' id='word_1_462' title='bbox 2937 1860 3139 1922; x_wconf 82' lang='grc' dir='ltr'>αὐτοῖς,</span> <span class='ocrx_word' id='word_1_463' title='bbox 3174 1877 3192 1910; x_wconf 72' lang='grc' dir='ltr'><strong>ι</strong></span> <span class='ocrx_word' id='word_1_464' title='bbox 3245 1855 3394 1926; x_wconf 80' lang='grc' dir='ltr'><strong>Ἐγώ</strong></span> <span class='ocrx_word' id='word_1_465' title='bbox 3416 1858 3546 1926; x_wconf 69' lang='grc' dir='ltr'>εἰμι,</span> <span class='ocrx_word' id='word_1_466' title='bbox 3569 1874 3584 1905; x_wconf 77' lang='grc' dir='ltr'><strong>ι</strong></span> 
     </span>
    </p>
   </div>
   <div class='ocr_carea' id='block_1_60' title="bbox 2021 1949 3590 2027">
    <p class='ocr_par' dir='ltr' id='par_1_60' title="bbox 2021 1949 3590 2027">
     <span class='ocr_line' id='line_1_60' title="bbox 2021 1949 3590 2027; baseline -0.004 -18"><span class='ocrx_word' id='word_1_467' title='bbox 2021 1957 2115 2010; x_wconf 72' lang='grc' dir='ltr'><strong>καὶ</strong></span> <span class='ocrx_word' id='word_1_468' title='bbox 2144 1957 2250 2009; x_wconf 83' lang='grc' dir='ltr'><strong>ἀπὸ</strong></span> <span class='ocrx_word' id='word_1_469' title='bbox 2282 1955 2383 2026; x_wconf 85' lang='grc' dir='ltr'>τῆς</span> <span class='ocrx_word' id='word_1_470' title='bbox 2415 1955 2568 2018; x_wconf 89' lang='grc' dir='ltr'>θείας</span> <span class='ocrx_word' id='word_1_471' title='bbox 2617 1953 2781 2008; x_wconf 81' lang='grc' dir='ltr'>αὐτοῦ</span> <span class='ocrx_word' id='word_1_472' title='bbox 2823 1953 2938 2027; x_wconf 77' lang='grc'><strong>(65)</strong></span> <span class='ocrx_word' id='word_1_473' title='bbox 2971 1953 3256 2023; x_wconf 86' lang='grc' dir='ltr'>δυνάμεως</span> <span class='ocrx_word' id='word_1_474' title='bbox 3295 1971 3314 2003; x_wconf 73' lang='grc' dir='ltr'><strong>ι</strong></span> <span class='ocrx_word' id='word_1_475' title='bbox 3358 1949 3590 2020; x_wconf 83' lang='grc' dir='ltr'>ἀπῆλθον</span> 
     </span>
    </p>
   </div>
   <div class='ocr_carea' id='block_1_61' title="bbox 2020 2041 3591 2116">
    <p class='ocr_par' dir='ltr' id='par_1_61' title="bbox 2020 2041 3591 2116">
     <span class='ocr_line' id='line_1_61' title="bbox 2020 2041 3591 2116; baseline -0.005 -15"><span class='ocrx_word' id='word_1_476' title='bbox 2020 2051 2100 2112; x_wconf 82' lang='grc' dir='ltr'><strong>εἰς</strong></span> <span class='ocrx_word' id='word_1_477' title='bbox 2126 2047 2194 2101; x_wconf 83' lang='grc' dir='ltr'>τὰ</span> <span class='ocrx_word' id='word_1_478' title='bbox 2221 2047 2417 2109; x_wconf 85' lang='grc' dir='ltr'>ὀπίσω,</span> <span class='ocrx_word' id='word_1_479' title='bbox 2453 2049 2543 2101; x_wconf 73' lang='grc' dir='ltr'><strong>καὶ</strong></span> <span class='ocrx_word' id='word_1_480' title='bbox 2571 2047 2765 2100; x_wconf 77' lang='grc' dir='ltr'>ἔπεσον</span> <span class='ocrx_word' id='word_1_481' title='bbox 2797 2046 2990 2116; x_wconf 84' lang='grc' dir='ltr'>χαμαί.</span> <span class='ocrx_word' id='word_1_482' title='bbox 3029 2065 3047 2097; x_wconf 72' lang='grc' dir='ltr'><strong>ι</strong></span> <span class='ocrx_word' id='word_1_483' title='bbox 3078 2041 3212 2098; x_wconf 78' lang='grc' dir='ltr'>Εἶτα</span> <span class='ocrx_word' id='word_1_484' title='bbox 3248 2042 3393 2114; x_wconf 83' lang='grc' dir='ltr'><strong>μετά</strong></span> <span class='ocrx_word' id='word_1_485' title='bbox 3425 2042 3591 2104; x_wconf 83' lang='grc' dir='ltr'>τοῦτο,</span> 
     </span>
    </p>
   </div>
   <div class='ocr_carea' id='block_1_62' title="bbox 2018 2135 3587 2212">
    <p class='ocr_par' dir='ltr' id='par_1_62' title="bbox 2018 2135 3587 2212">
     <span class='ocr_line' id='line_1_62' title="bbox 2018 2135 3587 2212; baseline -0.005 -18"><span class='ocrx_word' id='word_1_486' title='bbox 2018 2141 2101 2194; x_wconf 79' lang='grc' dir='ltr'>ὅτι</span> <span class='ocrx_word' id='word_1_487' title='bbox 2127 2139 2189 2212; x_wconf 87' lang='grc' dir='ltr'><strong>[ί.</strong></span> <span class='ocrx_word' id='word_1_488' title='bbox 2213 2139 2326 2212; x_wconf 85' lang='grc' dir='ltr'>ὅτε]</span> <span class='ocrx_word' id='word_1_489' title='bbox 2349 2139 2611 2210; x_wconf 76' lang='grc' dir='ltr'>ἐϐουλήθη</span> <span class='ocrx_word' id='word_1_490' title='bbox 2635 2139 2993 2205; x_wconf 83' lang='grc' dir='ltr'>ἀναδέξασθαι</span> <span class='ocrx_word' id='word_1_491' title='bbox 3018 2138 3116 2208; x_wconf 82' lang='grc' dir='ltr'>τὴν</span> <span class='ocrx_word' id='word_1_492' title='bbox 3140 2140 3197 2191; x_wconf 97' lang='lat' dir='ltr'><strong>tv</strong></span> <span class='ocrx_word' id='word_1_493' title='bbox 3222 2137 3300 2207; x_wconf 83' lang='grc' dir='ltr'>τῷ</span> <span class='ocrx_word' id='word_1_494' title='bbox 3329 2135 3496 2190; x_wconf 87' lang='grc' dir='ltr'>πάθει</span> <span class='ocrx_word' id='word_1_495' title='bbox 3520 2136 3587 2187; x_wconf 88' lang='grc' dir='ltr'><strong>οἱ-</strong></span> 
     </span>
    </p>
   </div>
   <div class='ocr_carea' id='block_1_63' title="bbox 2019 2227 3587 2304">
    <p class='ocr_par' dir='ltr' id='par_1_63' title="bbox 2019 2227 3587 2304">
     <span class='ocr_line' id='line_1_63' title="bbox 2019 2227 3587 2304; baseline -0.005 -16"><span class='ocrx_word' id='word_1_496' title='bbox 2019 2233 2297 2304; x_wconf 84' lang='grc' dir='ltr'>κονομίαν,</span> <span class='ocrx_word' id='word_1_497' title='bbox 2333 2252 2350 2284; x_wconf 76' lang='grc' dir='ltr'><strong>ι</strong></span> <span class='ocrx_word' id='word_1_498' title='bbox 2382 2232 2541 2286; x_wconf 89' lang='grc' dir='ltr'>πάλιν</span> <span class='ocrx_word' id='word_1_499' title='bbox 2563 2231 2844 2303; x_wconf 70' lang='grc' dir='ltr'>ἠρώτησεν</span> <span class='ocrx_word' id='word_1_500' title='bbox 2868 2229 3080 2293; x_wconf 83' lang='grc' dir='ltr'>αύτούς·</span> <span class='ocrx_word' id='word_1_501' title='bbox 3109 2231 3243 2282; x_wconf 82' lang='grc' dir='ltr'>Τίνα</span> <span class='ocrx_word' id='word_1_502' title='bbox 3273 2227 3521 2300; x_wconf 80' lang='grc' dir='ltr'>ζητεῖτε;</span> <span class='ocrx_word' id='word_1_503' title='bbox 3545 2227 3587 2280; x_wconf 74' lang='lat' dir='ltr'><strong>oi</strong></span> 
     </span>
    </p>
   </div>
   <div class='ocr_carea' id='block_1_64' title="bbox 2017 2319 3583 2395">
    <p class='ocr_par' dir='ltr' id='par_1_64' title="bbox 2017 2319 3583 2395">
     <span class='ocr_line' id='line_1_64' title="bbox 2017 2319 3583 2395; baseline -0.004 -17"><span class='ocrx_word' id='word_1_504' title='bbox 2017 2325 2075 2380; x_wconf 84' lang='grc' dir='ltr'>δὲ</span> <span class='ocrx_word' id='word_1_505' title='bbox 2105 2320 2277 2386; x_wconf 76' lang='grc' dir='ltr'>εἶπον,</span> <span class='ocrx_word' id='word_1_506' title='bbox 2322 2323 2528 2395; x_wconf 85' lang='grc' dir='ltr'>Ἰησοῦν</span> <span class='ocrx_word' id='word_1_507' title='bbox 2561 2323 2650 2375; x_wconf 83' lang='grc' dir='ltr'><strong>τὸν</strong></span> <span class='ocrx_word' id='word_1_508' title='bbox 2681 2319 3031 2391; x_wconf 79' lang='grc' dir='ltr'>Ναζωραῖον·</span> <span class='ocrx_word' id='word_1_509' title='bbox 3074 2339 3092 2372; x_wconf 69' lang='grc' dir='ltr'><strong>ι</strong></span> <span class='ocrx_word' id='word_1_510' title='bbox 3123 2321 3218 2373; x_wconf 73' lang='grc' dir='ltr'><strong>καὶ</strong></span> <span class='ocrx_word' id='word_1_511' title='bbox 3257 2321 3377 2390; x_wconf 86' lang='grc' dir='ltr'>μετ’</span> <span class='ocrx_word' id='word_1_512' title='bbox 3412 2319 3583 2386; x_wconf 82' lang='grc' dir='ltr'><strong>ὀλίγα·</strong></span> 
     </span>
    </p>
   </div>
   <div class='ocr_carea' id='block_1_65' title="bbox 2023 2407 3588 2484">
    <p class='ocr_par' dir='ltr' id='par_1_65' title="bbox 2023 2407 3588 2484">
     <span class='ocr_line' id='line_1_65' title="bbox 2023 2407 3588 2484; baseline -0.004 -18"><span class='ocrx_word' id='word_1_513' title='bbox 2023 2432 2043 2466; x_wconf 73' lang='grc' dir='ltr'><strong>ι</strong></span> <span class='ocrx_word' id='word_1_514' title='bbox 2079 2415 2144 2466; x_wconf 86' lang='grc' dir='ltr'>Ἦ</span> <span class='ocrx_word' id='word_1_515' title='bbox 2174 2415 2392 2484; x_wconf 86' lang='grc' dir='ltr'>σπεῖρα,</span> <span class='ocrx_word' id='word_1_516' title='bbox 2439 2414 2532 2467; x_wconf 78' lang='grc' dir='ltr'><strong>καὶ</strong></span> <span class='ocrx_word' id='word_1_517' title='bbox 2564 2415 2592 2465; x_wconf 80' lang='grc' dir='ltr'><strong>ὁ</strong></span> <span class='ocrx_word' id='word_1_518' title='bbox 2620 2411 2915 2483; x_wconf 79' lang='grc' dir='ltr'>χιλίαρχος,</span> <span class='ocrx_word' id='word_1_519' title='bbox 2949 2411 3043 2464; x_wconf 84' lang='grc' dir='ltr'>καὶ</span> <span class='ocrx_word' id='word_1_520' title='bbox 3084 2413 3132 2463; x_wconf 77' lang='grc' dir='ltr'><strong>οἱ</strong></span> <span class='ocrx_word' id='word_1_521' title='bbox 3172 2409 3452 2481; x_wconf 81' lang='grc' dir='ltr'>ὑπηρέται</span> <span class='ocrx_word' id='word_1_522' title='bbox 3492 2407 3588 2460; x_wconf 85' lang='grc' dir='ltr'><strong>τῶν</strong></span> 
     </span>
    </p>
   </div>
   <div class='ocr_carea' id='block_1_66' title="bbox 2031 2500 3587 2573">
    <p class='ocr_par' dir='ltr' id='par_1_66' title="bbox 2031 2500 3587 2573">
     <span class='ocr_line' id='line_1_66' title="bbox 2031 2500 3587 2573; baseline -0.005 -14"><span class='ocrx_word' id='word_1_523' title='bbox 2031 2506 2300 2561; x_wconf 86' lang='grc' dir='ltr'>Ἰουδαίων</span> <span class='ocrx_word' id='word_1_524' title='bbox 2346 2505 2638 2559; x_wconf 87' lang='grc' dir='ltr'>συνέλαϐον</span> <span class='ocrx_word' id='word_1_525' title='bbox 2690 2505 2780 2558; x_wconf 81' lang='grc' dir='ltr'><strong>τὸν</strong></span> <span class='ocrx_word' id='word_1_526' title='bbox 2837 2503 3044 2573; x_wconf 85' lang='grc' dir='ltr'>Ἰησοῦν</span> <span class='ocrx_word' id='word_1_527' title='bbox 3096 2522 3113 2555; x_wconf 76' lang='grc' dir='ltr'><strong>ι</strong></span> <span class='ocrx_word' id='word_1_528' title='bbox 3167 2503 3385 2564; x_wconf 77' lang='grc' dir='ltr'>ἑκόντα,</span> <span class='ocrx_word' id='word_1_529' title='bbox 3439 2519 3458 2551; x_wconf 79' lang='lat'><strong>¢</strong></span> <span class='ocrx_word' id='word_1_530' title='bbox 3507 2500 3587 2553; x_wconf 78' lang='grc' dir='ltr'>καὶ</span> 
     </span>
    </p>
   </div>
   <div class='ocr_carea' id='block_1_67' title="bbox 2017 2589 3585 2667">
    <p class='ocr_par' dir='ltr' id='par_1_67' title="bbox 2017 2589 3585 2667">
     <span class='ocr_line' id='line_1_67' title="bbox 2017 2589 3585 2667; baseline -0.007 -16"><span class='ocrx_word' id='word_1_531' title='bbox 2017 2596 2214 2667; x_wconf 68' lang='grc' dir='ltr'>ἔδησαν</span> <span class='ocrx_word' id='word_1_532' title='bbox 2247 2595 2429 2657; x_wconf 78' lang='grc' dir='ltr'>αὐτὸν,</span> <span class='ocrx_word' id='word_1_533' title='bbox 2477 2614 2496 2647; x_wconf 72' lang='grc' dir='ltr'><strong>ι</strong></span> <span class='ocrx_word' id='word_1_534' title='bbox 2539 2596 2847 2665; x_wconf 87' lang='grc' dir='ltr'>παρέχοντα</span> <span class='ocrx_word' id='word_1_535' title='bbox 2875 2593 3064 2648; x_wconf 80' lang='grc' dir='ltr'>ἑαυτὸν</span> <span class='ocrx_word' id='word_1_536' title='bbox 3098 2594 3209 2654; x_wconf 84' lang='grc' dir='ltr'>τοῖς</span> <span class='ocrx_word' id='word_1_537' title='bbox 3249 2591 3474 2661; x_wconf 84' lang='grc' dir='ltr'>δεσμοῖς</span> <span class='ocrx_word' id='word_1_538' title='bbox 3495 2605 3508 2618; x_wconf 86' lang='grc'><strong>·</strong></span> <span class='ocrx_word' id='word_1_539' title='bbox 3545 2589 3585 2641; x_wconf 87' lang='grc' dir='ltr'><strong>εί</strong></span> 
     </span>
    </p>
   </div>
   <div class='ocr_carea' id='block_1_68' title="bbox 2015 2679 3586 2760">
    <p class='ocr_par' dir='ltr' id='par_1_68' title="bbox 2015 2679 3586 2760">
     <span class='ocr_line' id='line_1_68' title="bbox 2015 2679 3586 2760; baseline -0.007 -18"><span class='ocrx_word' id='word_1_540' title='bbox 2015 2688 2125 2760; x_wconf 82' lang='grc' dir='ltr'>γὰρ</span> <span class='ocrx_word' id='word_1_541' title='bbox 2161 2687 2234 2760; x_wconf 80' lang='grc' dir='ltr'>μὴ</span> <span class='ocrx_word' id='word_1_542' title='bbox 2286 2686 2535 2740; x_wconf 77' lang='grc' dir='ltr'>ἐϐούλετο</span> <span class='ocrx_word' id='word_1_543' title='bbox 2576 2685 2789 2750; x_wconf 82' lang='grc' dir='ltr'>παθεῖν,</span> <span class='ocrx_word' id='word_1_544' title='bbox 2823 2681 2974 2738; x_wconf 76' lang='grc' dir='ltr'>εἶπεν</span> <span class='ocrx_word' id='word_1_545' title='bbox 3029 2684 3094 2738; x_wconf 82' lang='grc' dir='ltr'><strong>ἂν</strong></span> <span class='ocrx_word' id='word_1_546' title='bbox 3146 2682 3346 2744; x_wconf 87' lang='grc' dir='ltr'>πάλιν,</span> <span class='ocrx_word' id='word_1_547' title='bbox 3395 2700 3415 2732; x_wconf 73' lang='grc' dir='ltr'><strong>ι</strong></span> <span class='ocrx_word' id='word_1_548' title='bbox 3460 2679 3586 2747; x_wconf 78' lang='grc' dir='ltr'><strong>Ἐγώ</strong></span> 
     </span>
    </p>
   </div>
   <div class='ocr_carea' id='block_1_69' title="bbox 2016 2773 3590 2852">
    <p class='ocr_par' dir='ltr' id='par_1_69' title="bbox 2016 2773 3590 2852">
     <span class='ocr_line' id='line_1_69' title="bbox 2016 2773 3590 2852; baseline -0.006 -16"><span class='ocrx_word' id='word_1_549' title='bbox 2016 2783 2162 2852; x_wconf 87' lang='grc' dir='ltr'>είμι;</span> <span class='ocrx_word' id='word_1_550' title='bbox 2202 2800 2220 2832; x_wconf 68' lang='grc' dir='ltr'><strong>ι</strong></span> <span class='ocrx_word' id='word_1_551' title='bbox 2249 2781 2343 2835; x_wconf 74' lang='grc' dir='ltr'><strong>καὶ</strong></span> <span class='ocrx_word' id='word_1_552' title='bbox 2365 2780 2606 2851; x_wconf 83' lang='grc' dir='ltr'>ἀπῆλθον</span> <span class='ocrx_word' id='word_1_553' title='bbox 2638 2779 2703 2834; x_wconf 83' lang='grc' dir='ltr'><strong>ἂν</strong></span> <span class='ocrx_word' id='word_1_554' title='bbox 2725 2781 2774 2833; x_wconf 80' lang='lat' dir='ltr'><strong>oi.</strong></span> <span class='ocrx_word' id='word_1_555' title='bbox 2801 2777 3043 2832; x_wconf 87' lang='grc' dir='ltr'>τοσοῦτοι</span> <span class='ocrx_word' id='word_1_556' title='bbox 3072 2778 3150 2840; x_wconf 82' lang='grc' dir='ltr'>εἰς</span> <span class='ocrx_word' id='word_1_557' title='bbox 3172 2775 3242 2828; x_wconf 76' lang='grc' dir='ltr'><strong>τά</strong></span> <span class='ocrx_word' id='word_1_558' title='bbox 3262 2775 3474 2838; x_wconf 65' lang='lat' dir='ltr'><strong>enim;</strong></span> <span class='ocrx_word' id='word_1_559' title='bbox 3504 2773 3590 2827; x_wconf 76' lang='grc' dir='ltr'>καὶ.</span> 
     </span>
    </p>
   </div>
   <div class='ocr_carea' id='block_1_70' title="bbox 2015 2866 3588 2944">
    <p class='ocr_par' dir='ltr' id='par_1_70' title="bbox 2015 2866 3588 2944">
     <span class='ocr_line' id='line_1_70' title="bbox 2015 2866 3588 2944; baseline -0.008 -16"><span class='ocrx_word' id='word_1_560' title='bbox 2015 2874 2218 2938; x_wconf 85' lang='grc' dir='ltr'>πάντες</span> <span class='ocrx_word' id='word_1_561' title='bbox 2245 2873 2437 2927; x_wconf 77' lang='grc' dir='ltr'>ἔπεσον</span> <span class='ocrx_word' id='word_1_562' title='bbox 2469 2871 2534 2927; x_wconf 81' lang='grc' dir='ltr'>ἂν</span> <span class='ocrx_word' id='word_1_563' title='bbox 2566 2871 2738 2944; x_wconf 87' lang='grc' dir='ltr'>χαμαί</span> <span class='ocrx_word' id='word_1_564' title='bbox 2757 2888 2772 2937; x_wconf 90' lang='lat'><strong>;</strong></span> <span class='ocrx_word' id='word_1_565' title='bbox 2792 2873 2999 2941; x_wconf 81' lang='grc' dir='ltr'>Ὠσπερ</span> <span class='ocrx_word' id='word_1_566' title='bbox 3021 2869 3076 2922; x_wconf 79' lang='grc' dir='ltr'><strong>δὲ</strong></span> <span class='ocrx_word' id='word_1_567' title='bbox 3092 2867 3182 2921; x_wconf 78' lang='grc' dir='ltr'>διὰ</span> <span class='ocrx_word' id='word_1_568' title='bbox 3206 2867 3314 2920; x_wconf 90' lang='grc' dir='ltr'><strong>τῶν</strong></span> <span class='ocrx_word' id='word_1_569' title='bbox 3338 2866 3588 2919; x_wconf 73' lang='grc' dir='ltr'>τοιούτων</span> 
     </span>
    </p>
   </div>
   <div class='ocr_carea' id='block_1_71' title="bbox 2015 2959 3583 3037">
    <p class='ocr_par' dir='ltr' id='par_1_71' title="bbox 2015 2959 3583 3037">
     <span class='ocr_line' id='line_1_71' title="bbox 2015 2959 3583 3037; baseline -0.005 -18"><span class='ocrx_word' id='word_1_570' title='bbox 2015 2966 2259 3020; x_wconf 88' lang='grc' dir='ltr'>διδάσκει</span> <span class='ocrx_word' id='word_1_571' title='bbox 2293 2967 2440 3037; x_wconf 82' lang='grc' dir='ltr'>ἡμᾶς</span> <span class='ocrx_word' id='word_1_572' title='bbox 2465 2967 2522 3018; x_wconf 86' lang='lat' dir='ltr'><strong>tv</strong></span> <span class='ocrx_word' id='word_1_573' title='bbox 2544 2965 2823 3034; x_wconf 88' lang='grc' dir='ltr'>διωγμοῖς,</span> <span class='ocrx_word' id='word_1_574' title='bbox 2862 2961 2956 3016; x_wconf 74' lang='grc' dir='ltr'><strong>καὶ</strong></span> <span class='ocrx_word' id='word_1_575' title='bbox 2984 2963 3102 3024; x_wconf 88' lang='grc' dir='ltr'>ταῖς</span> <span class='ocrx_word' id='word_1_576' title='bbox 3128 2959 3250 3013; x_wconf 87' lang='grc' dir='ltr'>καθ’</span> <span class='ocrx_word' id='word_1_577' title='bbox 3291 2959 3455 3031; x_wconf 76' lang='grc' dir='ltr'>ἡμῶν</span> <span class='ocrx_word' id='word_1_578' title='bbox 3478 2960 3583 3012; x_wconf 70' lang='lat' dir='ltr'><strong>tm-</strong></span> 
     </span>
    </p>
   </div>
   <div class='ocr_carea' id='block_1_72' title="bbox 2015 3051 3588 3130">
    <p class='ocr_par' dir='ltr' id='par_1_72' title="bbox 2015 3051 3588 3130">
     <span class='ocr_line' id='line_1_72' title="bbox 2015 3051 3588 3130; baseline -0.005 -18"><span class='ocrx_word' id='word_1_579' title='bbox 2015 3059 2238 3122; x_wconf 85' lang='grc' dir='ltr'>ϐουλαῖς</span> <span class='ocrx_word' id='word_1_580' title='bbox 2267 3060 2592 3130; x_wconf 87' lang='grc' dir='ltr'>ἀναχωρεῖν,</span> <span class='ocrx_word' id='word_1_581' title='bbox 2644 3057 2816 3118; x_wconf 77' lang='grc' dir='ltr'>οὕτως</span> <span class='ocrx_word' id='word_1_582' title='bbox 2842 3057 2900 3108; x_wconf 87' lang='lat' dir='ltr'><strong>tv</strong></span> <span class='ocrx_word' id='word_1_583' title='bbox 2932 3053 3111 3117; x_wconf 71' lang='grc' dir='ltr'>ἄλλοις</span> <span class='ocrx_word' id='word_1_584' title='bbox 3154 3051 3339 3124; x_wconf 76' lang='grc' dir='ltr'>εὕροις</span> <span class='ocrx_word' id='word_1_585' title='bbox 3391 3051 3458 3106; x_wconf 82' lang='grc' dir='ltr'>ἂν</span> <span class='ocrx_word' id='word_1_586' title='bbox 3501 3052 3588 3104; x_wconf 66' lang='grc' dir='ltr'>καὶ</span> 
     </span>
    </p>
   </div>
   <div class='ocr_carea' id='block_1_73' title="bbox 2017 3143 3580 3222">
    <p class='ocr_par' dir='ltr' id='par_1_73' title="bbox 2017 3143 3580 3222">
     <span class='ocr_line' id='line_1_73' title="bbox 2017 3143 3580 3222; baseline -0.006 -18"><span class='ocrx_word' id='word_1_587' title='bbox 2017 3150 2126 3205; x_wconf 85' lang='grc' dir='ltr'><strong>ἀπὸ</strong></span> <span class='ocrx_word' id='word_1_588' title='bbox 2144 3149 2253 3204; x_wconf 90' lang='grc' dir='ltr'><strong>τῶν</strong></span> <span class='ocrx_word' id='word_1_589' title='bbox 2276 3149 2644 3222; x_wconf 79' lang='grc' dir='ltr'>νομιζομένων</span> <span class='ocrx_word' id='word_1_590' title='bbox 2671 3143 2813 3202; x_wconf 76' lang='grc' dir='ltr'>εἶναι</span> <span class='ocrx_word' id='word_1_591' title='bbox 2845 3149 2903 3200; x_wconf 85' lang='grc' dir='ltr'>ὲν</span> <span class='ocrx_word' id='word_1_592' title='bbox 2932 3148 3120 3217; x_wconf 86' lang='grc' dir='ltr'>κόσμῳ</span> <span class='ocrx_word' id='word_1_593' title='bbox 3152 3145 3333 3197; x_wconf 87' lang='grc' dir='ltr'>καλῶν</span> <span class='ocrx_word' id='word_1_594' title='bbox 3379 3144 3580 3214; x_wconf 81' lang='grc' dir='ltr'>ἀναχω-</span> 
     </span>
    </p>
   </div>
   <div class='ocr_carea' id='block_1_74' title="bbox 2016 3235 3579 3315">
    <p class='ocr_par' dir='ltr' id='par_1_74' title="bbox 2016 3235 3579 3315">
     <span class='ocr_line' id='line_1_74' title="bbox 2016 3235 3579 3315; baseline -0.006 -19"><span class='ocrx_word' id='word_1_595' title='bbox 2016 3243 2231 3315; x_wconf 87' lang='grc' dir='ltr'>ροῦντα,</span> <span class='ocrx_word' id='word_1_596' title='bbox 2271 3243 2356 3297; x_wconf 82' lang='grc' dir='ltr'><strong>ἵνα</strong></span> <span class='ocrx_word' id='word_1_597' title='bbox 2385 3242 2478 3296; x_wconf 63' lang='grc' dir='ltr'><strong>καὶ⁴</strong></span> <span class='ocrx_word' id='word_1_598' title='bbox 2500 3241 2588 3295; x_wconf 84' lang='grc' dir='ltr'>διὰ</span> <span class='ocrx_word' id='word_1_599' title='bbox 2613 3241 2816 3295; x_wconf 88' lang='grc' dir='ltr'>τούτων</span> <span class='ocrx_word' id='word_1_600' title='bbox 2843 3239 3025 3311; x_wconf 81' lang='grc' dir='ltr'>διδάξῃ</span> <span class='ocrx_word' id='word_1_601' title='bbox 3067 3235 3286 3307; x_wconf 81' lang='grc' dir='ltr'>φεύγειν</span> <span class='ocrx_word' id='word_1_602' title='bbox 3316 3236 3390 3290; x_wconf 80' lang='grc' dir='ltr'>τὰ</span> <span class='ocrx_word' id='word_1_603' title='bbox 3415 3239 3472 3288; x_wconf 81' lang='grc' dir='ltr'>ἐν</span> <span class='ocrx_word' id='word_1_604' title='bbox 3498 3235 3579 3288; x_wconf 86' lang='grc' dir='ltr'>κό-</span> 
     </span>
    </p>
   </div>
   <div class='ocr_carea' id='block_1_75' title="bbox 2015 3322 3582 3404">
    <p class='ocr_par' dir='ltr' id='par_1_75' title="bbox 2015 3322 3582 3404">
     <span class='ocr_line' id='line_1_75' title="bbox 2015 3322 3582 3404; baseline -0.005 -19"><span class='ocrx_word' id='word_1_605' title='bbox 2015 3349 2138 3404; x_wconf 87' lang='grc' dir='ltr'>σμῳ</span> <span class='ocrx_word' id='word_1_606' title='bbox 2157 3331 2442 3403; x_wconf 82' lang='grc' dir='ltr'>ἀξιώματα</span> <span class='ocrx_word' id='word_1_607' title='bbox 2462 3331 2556 3385; x_wconf 74' lang='grc' dir='ltr'><strong>καὶ</strong></span> <span class='ocrx_word' id='word_1_608' title='bbox 2587 3329 2687 3394; x_wconf 86' lang='grc' dir='ltr'>τὰς</span> <span class='ocrx_word' id='word_1_609' title='bbox 2716 3332 2773 3383; x_wconf 84' lang='grc' dir='ltr'><strong>ὲν</strong></span> <span class='ocrx_word' id='word_1_610' title='bbox 2803 3329 2952 3400; x_wconf 84' lang='grc' dir='ltr'>αὐτῷ</span> <span class='ocrx_word' id='word_1_611' title='bbox 2981 3327 3273 3399; x_wconf 82' lang='grc' dir='ltr'>ὑπεροχάς.</span> <span class='ocrx_word' id='word_1_612' title='bbox 3317 3345 3336 3378; x_wconf 75' lang='grc' dir='ltr'>ι</span> <span class='ocrx_word' id='word_1_613' title='bbox 3390 3322 3582 3395; x_wconf 85' lang='grc' dir='ltr'>Ἰησοῦς</span> 
     </span>
    </p>
   </div>
   <div class='ocr_carea' id='block_1_76' title="bbox 2011 3416 3577 3494">
    <p class='ocr_par' dir='ltr' id='par_1_76' title="bbox 2011 3416 3577 3494">
     <span class='ocr_line' id='line_1_76' title="bbox 2011 3416 3577 3494; baseline -0.006 -16"><span class='ocrx_word' id='word_1_614' title='bbox 2011 3425 2122 3494; x_wconf 87' lang='grc' dir='ltr'><strong>γάρ</strong></span> <span class='ocrx_word' id='word_1_615' title='bbox 2147 3440 2281 3477; x_wconf 87' lang='grc' dir='ltr'>ποτε</span> <span class='ocrx_word' id='word_1_616' title='bbox 2306 3424 2488 3492; x_wconf 83' lang='grc' dir='ltr'>γνοὺς,</span> <span class='ocrx_word' id='word_1_617' title='bbox 2517 3424 2600 3476; x_wconf 83' lang='grc' dir='ltr'><strong>ὅτι</strong></span> <span class='ocrx_word' id='word_1_618' title='bbox 2650 3421 2932 3493; x_wconf 85' lang='grc' dir='ltr'>μέλλουσιν</span> <span class='ocrx_word' id='word_1_619' title='bbox 2974 3419 3255 3492; x_wconf 75' lang='grc' dir='ltr'>ἔρχεσθαι,</span> <span class='ocrx_word' id='word_1_620' title='bbox 3285 3419 3384 3471; x_wconf 74' lang='grc' dir='ltr'>καὶ</span> <span class='ocrx_word' id='word_1_621' title='bbox 3412 3416 3577 3488; x_wconf 82' lang='grc' dir='ltr'>ἁρπά-</span> 
     </span>
    </p>
   </div>
   <div class='ocr_carea' id='block_1_77' title="bbox 2011 3508 3582 3585">
    <p class='ocr_par' dir='ltr' id='par_1_77' title="bbox 2011 3508 3582 3585">
     <span class='ocr_line' id='line_1_77' title="bbox 2011 3508 3582 3585; baseline -0.006 -17"><span class='ocrx_word' id='word_1_622' title='bbox 2011 3514 2123 3580; x_wconf 80' lang='grc' dir='ltr'>ζειν</span> <span class='ocrx_word' id='word_1_623' title='bbox 2156 3515 2338 3580; x_wconf 81' lang='grc' dir='ltr'>αὐτὸν,</span> <span class='ocrx_word' id='word_1_624' title='bbox 2383 3514 2470 3566; x_wconf 81' lang='grc' dir='ltr'>ἵνα</span> <span class='ocrx_word' id='word_1_625' title='bbox 2516 3514 2786 3585; x_wconf 87' lang='grc' dir='ltr'>ποιήσωσι</span> <span class='ocrx_word' id='word_1_626' title='bbox 2817 3511 3062 3583; x_wconf 82' lang='grc' dir='ltr'>βασιλέα,</span> <span class='ocrx_word' id='word_1_627' title='bbox 3114 3508 3464 3580; x_wconf 84' lang='grc' dir='ltr'>ἀνεχώρησεν</span> <span class='ocrx_word' id='word_1_628' title='bbox 3507 3508 3582 3570; x_wconf 82' lang='grc' dir='ltr'><strong>είς</strong></span> 
     </span>
    </p>
   </div>
   <div class='ocr_carea' id='block_1_78' title="bbox 2009 3599 3571 3679">
    <p class='ocr_par' dir='ltr' id='par_1_78' title="bbox 2009 3599 3571 3679">
     <span class='ocr_line' id='line_1_78' title="bbox 2009 3599 3571 3679; baseline -0.008 -18"><span class='ocrx_word' id='word_1_629' title='bbox 2009 3607 2070 3661; x_wconf 86' lang='grc' dir='ltr'>τὸ</span> <span class='ocrx_word' id='word_1_630' title='bbox 2093 3607 2236 3679; x_wconf 79' lang='grc' dir='ltr'>ὄρος,</span> <span class='ocrx_word' id='word_1_631' title='bbox 2269 3625 2288 3658; x_wconf 75' lang='grc' dir='ltr'><strong>ι</strong></span> <span class='ocrx_word' id='word_1_632' title='bbox 2319 3605 2435 3660; x_wconf 83' lang='grc' dir='ltr'>ἀλλ’</span> <span class='ocrx_word' id='word_1_633' title='bbox 2457 3605 2518 3658; x_wconf 84' lang='grc' dir='ltr'><strong>οὐ</strong></span> <span class='ocrx_word' id='word_1_634' title='bbox 2557 3605 2696 3677; x_wconf 88' lang='grc' dir='ltr'><strong>μετά</strong></span> <span class='ocrx_word' id='word_1_635' title='bbox 2723 3603 2829 3658; x_wconf 89' lang='grc' dir='ltr'><strong>τῶν</strong></span> <span class='ocrx_word' id='word_1_636' title='bbox 2853 3601 3132 3675; x_wconf 88' lang='grc' dir='ltr'>μαθητῶν,</span> <span class='ocrx_word' id='word_1_637' title='bbox 3160 3600 3294 3654; x_wconf 82' lang='grc' dir='ltr'>ἀλλά</span> <span class='ocrx_word' id='word_1_638' title='bbox 3316 3620 3336 3650; x_wconf 73' lang='grc' dir='ltr'><strong>ε</strong></span> <span class='ocrx_word' id='word_1_639' title='bbox 3370 3599 3571 3671; x_wconf 76' lang='grc' dir='ltr'>μόνος,ι</span> 
     </span>
    </p>
   </div>
   <div class='ocr_carea' id='block_1_79' title="bbox 2013 3693 3576 3775">
    <p class='ocr_par' dir='ltr' id='par_1_79' title="bbox 2013 3693 3576 3775">
     <span class='ocr_line' id='line_1_79' title="bbox 2013 3693 3576 3775; baseline -0.028 11"><span class='ocrx_word' id='word_1_640' title='bbox 2013 3703 2088 3775; x_wconf 65' lang='grc' dir='ltr'><strong>μὴ</strong></span> <span class='ocrx_word' id='word_1_641' title='bbox 2122 3702 2376 3774; x_wconf 75' lang='grc' dir='ltr'>παρέχων</span> <span class='ocrx_word' id='word_1_642' title='bbox 2406 3702 2540 3773; x_wconf 80' lang='grc' dir='ltr'>μηδὲ</span> <span class='ocrx_word' id='word_1_643' title='bbox 2567 3700 2776 3765; x_wconf 83' lang='grc' dir='ltr'>τούτοις</span> <span class='ocrx_word' id='word_1_644' title='bbox 2804 3698 3078 3771; x_wconf 79' lang='grc' dir='ltr'>ἀφορμὴν,</span> <span class='ocrx_word' id='word_1_645' title='bbox 3112 3697 3188 3761; x_wconf 82' lang='grc' dir='ltr'>ὡς</span> <span class='ocrx_word' id='word_1_646' title='bbox 3225 3695 3471 3763; x_wconf 78' lang='grc' dir='ltr'>φιλοῦσιν</span> <span class='ocrx_word' id='word_1_647' title='bbox 3499 3693 3576 3748; x_wconf 80' lang='grc' dir='ltr'>αύ-</span> 
     </span>
    </p>
   </div>
   <div class='ocr_carea' id='block_1_80' title="bbox 2008 3785 3572 3863">
    <p class='ocr_par' dir='ltr' id='par_1_80' title="bbox 2008 3785 3572 3863">
     <span class='ocr_line' id='line_1_80' title="bbox 2008 3785 3572 3863; baseline -0.006 -17"><span class='ocrx_word' id='word_1_648' title='bbox 2008 3793 2122 3856; x_wconf 75' lang='grc' dir='ltr'>τὸν,</span> <span class='ocrx_word' id='word_1_649' title='bbox 2145 3794 2238 3846; x_wconf 78' lang='grc' dir='ltr'><strong>καὶ</strong></span> <span class='ocrx_word' id='word_1_650' title='bbox 2271 3791 2609 3863; x_wconf 88' lang='grc' dir='ltr'>βουληθεῖσιν</span> <span class='ocrx_word' id='word_1_651' title='bbox 2635 3790 2699 3844; x_wconf 84' lang='grc' dir='ltr'><strong>ἂν</strong></span> <span class='ocrx_word' id='word_1_652' title='bbox 2728 3790 2866 3862; x_wconf 85' lang='grc' dir='ltr'><strong>μετά</strong></span> <span class='ocrx_word' id='word_1_653' title='bbox 2906 3789 3016 3842; x_wconf 90' lang='grc' dir='ltr'><strong>τῶν</strong></span> <span class='ocrx_word' id='word_1_654' title='bbox 3061 3787 3323 3840; x_wconf 83' lang='grc' dir='ltr'>θελόντων</span> <span class='ocrx_word' id='word_1_655' title='bbox 3359 3785 3572 3856; x_wconf 78' lang='grc' dir='ltr'>ποιῆσαι</span> 
     </span>
    </p>
   </div>
   <div class='ocr_carea' id='block_1_81' title="bbox 2009 3875 3572 3956">
    <p class='ocr_par' dir='ltr' id='par_1_81' title="bbox 2009 3875 3572 3956">
     <span class='ocr_line' id='line_1_81' title="bbox 2009 3875 3572 3956; baseline -0.006 -18"><span class='ocrx_word' id='word_1_656' title='bbox 2009 3885 2170 3938; x_wconf 83' lang='grc' dir='ltr'>αὐτὸν</span> <span class='ocrx_word' id='word_1_657' title='bbox 2202 3884 2446 3955; x_wconf 84' lang='grc' dir='ltr'>βασιλέα,</span> <span class='ocrx_word' id='word_1_658' title='bbox 2473 3884 2541 3938; x_wconf 79' lang='grc' dir='ltr'>ἵν’</span> <span class='ocrx_word' id='word_1_659' title='bbox 2567 3884 2668 3956; x_wconf 74' lang='grc' dir='ltr'>ήδη</span> <span class='ocrx_word' id='word_1_660' title='bbox 2692 3883 2919 3953; x_wconf 88' lang='grc' dir='ltr'>γένηται</span> <span class='ocrx_word' id='word_1_661' title='bbox 2959 3881 3052 3935; x_wconf 77' lang='grc' dir='ltr'><strong>καὶ</strong></span> <span class='ocrx_word' id='word_1_662' title='bbox 3085 3878 3368 3949; x_wconf 85' lang='grc' dir='ltr'>κοσμικῶς</span> <span class='ocrx_word' id='word_1_663' title='bbox 3405 3875 3572 3932; x_wconf 74' lang='grc' dir='ltr'>αὐτῶν</span> 
     </span>
    </p>
   </div>
   <div class='ocr_carea' id='block_1_82' title="bbox 2009 3970 2456 4041">
    <p class='ocr_par' dir='ltr' id='par_1_82' title="bbox 2009 3970 2456 4041">
     <span class='ocr_line' id='line_1_82' title="bbox 2009 3970 2456 4041; baseline 0.007 -19"><span class='ocrx_word' id='word_1_664' title='bbox 2009 3970 2282 4041; x_wconf 87' lang='grc' dir='ltr'>βασιλεύς.</span> <span class='ocrx_word' id='word_1_665' title='bbox 2451 4029 2456 4033; x_wconf 95' lang='lat'><strong>_</strong></span> 
     </span>
    </p>
   </div>
   <div class='ocr_carea' id='block_1_83' title="bbox 2072 4059 3570 4135">
    <p class='ocr_par' dir='ltr' id='par_1_83' title="bbox 2072 4059 3570 4135">
     <span class='ocr_line' id='line_1_83' title="bbox 2072 4059 3570 4135; baseline -0.004 -19"><span class='ocrx_word' id='word_1_666' title='bbox 2072 4063 2166 4129; x_wconf 88' lang='grc'><strong>19.</strong></span> <span class='ocrx_word' id='word_1_667' title='bbox 2199 4063 2382 4116; x_wconf 90' lang='grc' dir='ltr'>Ταῦτα</span> <span class='ocrx_word' id='word_1_668' title='bbox 2405 4063 2501 4135; x_wconf 83' lang='grc' dir='ltr'><strong>μὲν</strong></span> <span class='ocrx_word' id='word_1_669' title='bbox 2527 4065 2606 4126; x_wconf 72' lang='grc' dir='ltr'>εἰς</span> <span class='ocrx_word' id='word_1_670' title='bbox 2629 4062 2690 4115; x_wconf 83' lang='grc' dir='ltr'><strong>τὸ</strong></span> <span class='ocrx_word' id='word_1_671' title='bbox 2713 4060 2891 4134; x_wconf 74' lang='grc' dir='ltr'>ῥητὸν,</span> <span class='ocrx_word' id='word_1_672' title='bbox 2915 4060 3008 4115; x_wconf 66' lang='grc' dir='ltr'><strong>κα)⁵</strong></span> <span class='ocrx_word' id='word_1_673' title='bbox 3031 4059 3129 4132; x_wconf 79' lang='grc' dir='ltr'><strong>τὴν</strong></span> <span class='ocrx_word' id='word_1_674' title='bbox 3150 4059 3258 4112; x_wconf 82' lang='grc' dir='ltr'><strong>ἀπὸ</strong></span> <span class='ocrx_word' id='word_1_675' title='bbox 3283 4059 3378 4112; x_wconf 87' lang='grc' dir='ltr'><strong>τοῦ</strong></span> <span class='ocrx_word' id='word_1_676' title='bbox 3407 4059 3570 4126; x_wconf 80' lang='grc' dir='ltr'>Εὐαγ-</span> 
     </span>
    </p>
   </div>
   <div class='ocr_carea' id='block_1_84' title="bbox 326 4151 1903 4233">
    <p class='ocr_par' dir='ltr' id='par_1_84' title="bbox 326 4163 1903 4233">
     <span class='ocr_line' id='line_1_84' title="bbox 326 4163 1903 4233; baseline 0.01 -21"><span class='ocrx_word' id='word_1_677' title='bbox 326 4175 450 4231; x_wconf 80' lang='lat' dir='ltr'><strong>qnae</strong></span> <span class='ocrx_word' id='word_1_678' title='bbox 486 4172 569 4216; x_wconf 91' lang='lat' dir='ltr'><strong>est</strong></span> <span class='ocrx_word' id='word_1_679' title='bbox 592 4177 658 4217; x_wconf 87' lang='lat' dir='ltr'><strong>ex</strong></span> <span class='ocrx_word' id='word_1_680' title='bbox 691 4163 1002 4233; x_wconf 79' lang='lat' dir='ltr'><strong>evangelica</strong></span> <span class='ocrx_word' id='word_1_681' title='bbox 1035 4163 1240 4232; x_wconf 84' lang='lat' dir='ltr'><strong>littera,</strong></span> <span class='ocrx_word' id='word_1_682' title='bbox 1284 4167 1351 4221; x_wconf 90' lang='lat' dir='ltr'><strong>de</strong></span> <span class='ocrx_word' id='word_1_683' title='bbox 1391 4181 1632 4224; x_wconf 89' lang='lat' dir='ltr'><strong>secessu.</strong></span> <span class='ocrx_word' id='word_1_684' title='bbox 1671 4171 1742 4224; x_wconf 89' lang='lat' dir='ltr'><strong>At</strong></span> <span class='ocrx_word' id='word_1_685' title='bbox 1774 4186 1903 4227; x_wconf 90' lang='lat' dir='ltr'><strong>vero</strong></span> 
     </span>
    </p>
   </div>
   <div class='ocr_carea' id='block_1_85' title="bbox 2072 4151 3565 4233">
    <p class='ocr_par' dir='ltr' id='par_1_85' title="bbox 2073 4151 3565 4228">
     <span class='ocr_line' id='line_1_85' title="bbox 2073 4151 3565 4228; baseline -0.002 -22"><span class='ocrx_word' id='word_1_686' title='bbox 2073 4154 2220 4208; x_wconf 86' lang='grc' dir='ltr'>λικοῦ</span> <span class='ocrx_word' id='word_1_687' title='bbox 2251 4158 2576 4228; x_wconf 84' lang='grc' dir='ltr'>γράμματος</span> <span class='ocrx_word' id='word_1_688' title='bbox 2611 4156 2739 4227; x_wconf 76' lang='grc' dir='ltr'>περὶ</span> <span class='ocrx_word' id='word_1_689' title='bbox 2783 4155 3180 4226; x_wconf 87' lang='grc' dir='ltr'>ἀναχωρήσεως</span> <span class='ocrx_word' id='word_1_690' title='bbox 3209 4151 3565 4206; x_wconf 83' lang='grc' dir='ltr'>διδασκαλίαν.</span> 
     </span>
    </p>
   </div>
   <div class='ocr_carea' id='block_1_86' title="bbox 327 4243 1903 4335">
    <p class='ocr_par' dir='ltr' id='par_1_86' title="bbox 327 4251 1903 4335">
     <span class='ocr_line' id='line_1_86' title="bbox 327 4251 1903 4335; baseline 0.01 -31"><span class='ocrx_word' id='word_1_691' title='bbox 327 4251 382 4305; x_wconf 92' lang='lat' dir='ltr'><strong>in</strong></span> <span class='ocrx_word' id='word_1_692' title='bbox 419 4267 696 4324; x_wconf 76' lang='lat' dir='ltr'><strong>anagogen</strong></span> <span class='ocrx_word' id='word_1_693' title='bbox 732 4255 860 4308; x_wconf 90' lang='lat' dir='ltr'><strong>talia</strong></span> <span class='ocrx_word' id='word_1_694' title='bbox 901 4256 1162 4312; x_wconf 87' lang='lat' dir='ltr'><strong>dicuntur</strong></span> <span class='ocrx_word' id='word_1_695' title='bbox 1191 4277 1203 4312; x_wconf 94' lang='lat'>:</span> <span class='ocrx_word' id='word_1_696' title='bbox 1229 4259 1412 4315; x_wconf 84' lang='lat' dir='ltr'><strong>Jesum</strong></span> <span class='ocrx_word' id='word_1_697' title='bbox 1454 4263 1584 4318; x_wconf 93' lang='lat' dir='ltr'><strong>olim</strong></span> <span class='ocrx_word' id='word_1_698' title='bbox 1620 4265 1903 4335; x_wconf 84' lang='lat' dir='ltr'><strong>propalant</strong></span> 
     </span>
    </p>
   </div>
   <div class='ocr_carea' id='block_1_87' title="bbox 2072 4243 3567 4335">
    <p class='ocr_par' dir='ltr' id='par_1_87' title="bbox 2073 4243 3567 4322">
     <span class='ocr_line' id='line_1_87' title="bbox 2073 4243 3567 4322; baseline -0.003 -20"><span class='ocrx_word' id='word_1_699' title='bbox 2073 4266 2098 4312; x_wconf 82' lang='grc' dir='ltr'><strong>ς</strong></span> <span class='ocrx_word' id='word_1_700' title='bbox 2119 4249 2176 4302; x_wconf 85' lang='grc' dir='ltr'>δὲ</span> <span class='ocrx_word' id='word_1_701' title='bbox 2205 4249 2300 4320; x_wconf 84' lang='grc' dir='ltr'>τὴν</span> <span class='ocrx_word' id='word_1_702' title='bbox 2331 4249 2620 4322; x_wconf 80' lang='grc' dir='ltr'>ἀναγωγὴν</span> <span class='ocrx_word' id='word_1_703' title='bbox 2643 4249 2856 4320; x_wconf 88' lang='grc' dir='ltr'>λεχθείη</span> <span class='ocrx_word' id='word_1_704' title='bbox 2886 4248 2952 4302; x_wconf 84' lang='grc' dir='ltr'><strong>ἂν</strong></span> <span class='ocrx_word' id='word_1_705' title='bbox 2980 4247 3221 4302; x_wconf 87' lang='grc' dir='ltr'>τοιαῦτα·</span> <span class='ocrx_word' id='word_1_706' title='bbox 3254 4249 3337 4300; x_wconf 83' lang='grc' dir='ltr'><strong>ὅτι</strong></span> <span class='ocrx_word' id='word_1_707' title='bbox 3377 4243 3567 4317; x_wconf 82' lang='grc' dir='ltr'>Ἰησοῦς</span> 
     </span>
    </p>
   </div>
   <div class='ocr_carea' id='block_1_88' title="bbox 327 4342 1904 4428">
    <p class='ocr_par' dir='ltr' id='par_1_88' title="bbox 327 4342 1904 4428">
     <span class='ocr_line' id='line_1_88' title="bbox 327 4342 1904 4428; baseline 0.01 -30"><span class='ocrx_word' id='word_1_708' title='bbox 327 4345 472 4398; x_wconf 85' lang='lat' dir='ltr'><strong>inter</strong></span> <span class='ocrx_word' id='word_1_709' title='bbox 513 4342 724 4400; x_wconf 71' lang='lat' dir='ltr'><strong>Judaeos</strong></span> <span class='ocrx_word' id='word_1_710' title='bbox 773 4348 1170 4418; x_wconf 89' lang='lat' dir='ltr'><strong>obambulasse,</strong></span> <span class='ocrx_word' id='word_1_711' title='bbox 1214 4355 1432 4423; x_wconf 91' lang='lat' dir='ltr'><strong>quando</strong></span> <span class='ocrx_word' id='word_1_712' title='bbox 1465 4371 1647 4412; x_wconf 85' lang='lat' dir='ltr'><strong>sermo</strong></span> <span class='ocrx_word' id='word_1_713' title='bbox 1677 4356 1770 4413; x_wconf 93' lang='lat' dir='ltr'><strong>Dei</strong></span> <span class='ocrx_word' id='word_1_714' title='bbox 1807 4374 1904 4428; x_wconf 91' lang='lat' dir='ltr'><strong>per</strong></span> 
     </span>
    </p>
   </div>
   <div class='ocr_carea' id='block_1_89' title="bbox 2005 4342 3563 4416">
    <p class='ocr_par' dir='ltr' id='par_1_89' title="bbox 2005 4342 3563 4416">
     <span class='ocr_line' id='line_1_89' title="bbox 2005 4342 3563 4416; baseline -0.004 -18"><span class='ocrx_word' id='word_1_715' title='bbox 2005 4345 2172 4399; x_wconf 81' lang='grc' dir='ltr'>πάλαι</span> <span class='ocrx_word' id='word_1_716' title='bbox 2207 4344 2304 4414; x_wconf 85' lang='grc' dir='ltr'><strong>μὲν</strong></span> <span class='ocrx_word' id='word_1_717' title='bbox 2337 4344 2617 4416; x_wconf 72' lang='grc' dir='ltr'>παρρησίᾳ</span> <span class='ocrx_word' id='word_1_718' title='bbox 2654 4347 2767 4408; x_wconf 90' lang='grc' dir='ltr'>τοῖς</span> <span class='ocrx_word' id='word_1_719' title='bbox 2805 4343 3078 4408; x_wconf 86' lang='grc' dir='ltr'>Ἰουδαίοις</span> <span class='ocrx_word' id='word_1_720' title='bbox 3116 4343 3455 4414; x_wconf 86' lang='grc' dir='ltr'>περιεπάτει,</span> <span class='ocrx_word' id='word_1_721' title='bbox 3486 4342 3563 4393; x_wconf 82' lang='grc' dir='ltr'>ὅτε</span> 
     </span>
    </p>
   </div>
   <div class='ocr_carea' id='block_1_90' title="bbox 326 4433 1903 4508">
    <p class='ocr_par' dir='ltr' id='par_1_90' title="bbox 326 4438 1901 4507">
     <span class='ocr_line' id='line_1_90' title="bbox 326 4438 1901 4507; baseline 0.013 -19"><span class='ocrx_word' id='word_1_722' title='bbox 326 4438 620 4504; x_wconf 81' lang='lat' dir='ltr'><strong>prophetas</strong></span> <span class='ocrx_word' id='word_1_723' title='bbox 675 4438 819 4492; x_wconf 85' lang='lat' dir='ltr'><strong>inter</strong></span> <span class='ocrx_word' id='word_1_724' title='bbox 883 4453 978 4495; x_wconf 89' lang='lat' dir='ltr'><strong>eos</strong></span> <span class='ocrx_word' id='word_1_725' title='bbox 1032 4445 1552 4504; x_wconf 86' lang='lat' dir='ltr'><strong>versabatur:Jesu</strong></span> <span class='ocrx_word' id='word_1_726' title='bbox 1599 4451 1748 4506; x_wconf 92' lang='lat' dir='ltr'><strong>enim</strong></span> <span class='ocrx_word' id='word_1_727' title='bbox 1782 4460 1901 4507; x_wconf 88' lang='lat' dir='ltr'><strong>erat</strong></span> 
     </span>
    </p>
   </div>
   <div class='ocr_carea' id='block_1_91' title="bbox 2072 4433 3560 4508">
    <p class='ocr_par' dir='ltr' id='par_1_91' title="bbox 2077 4433 3560 4508">
     <span class='ocr_line' id='line_1_91' title="bbox 2077 4433 3560 4508; baseline -0.001 -20"><span class='ocrx_word' id='word_1_728' title='bbox 2077 4436 2230 4504; x_wconf 84' lang='grc' dir='ltr'>λόγος</span> <span class='ocrx_word' id='word_1_729' title='bbox 2256 4435 2350 4488; x_wconf 89' lang='grc' dir='ltr'><strong>τοῦ</strong></span> <span class='ocrx_word' id='word_1_730' title='bbox 2383 4436 2514 4488; x_wconf 81' lang='grc' dir='ltr'>Θεοῦ</span> <span class='ocrx_word' id='word_1_731' title='bbox 2548 4436 2636 4489; x_wconf 74' lang='grc' dir='ltr'>διὰ</span> <span class='ocrx_word' id='word_1_732' title='bbox 2671 4437 2963 4508; x_wconf 80' lang='grc' dir='ltr'>προφητῶν</span> <span class='ocrx_word' id='word_1_733' title='bbox 2991 4437 3172 4498; x_wconf 83' lang='grc' dir='ltr'>αὐτοῖς</span> <span class='ocrx_word' id='word_1_734' title='bbox 3211 4433 3560 4488; x_wconf 82' lang='grc' dir='ltr'>ὲνεπολιτεύε-</span> 
     </span>
    </p>
   </div>
   <div class='ocr_carea' id='block_1_92' title="bbox 325 4525 1903 4607">
    <p class='ocr_par' dir='ltr' id='par_1_92' title="bbox 325 4528 1898 4607">
     <span class='ocr_line' id='line_1_92' title="bbox 325 4528 1898 4607; baseline 0.011 -27"><span class='ocrx_word' id='word_1_735' title='bbox 325 4528 602 4598; x_wconf 88' lang='lat' dir='ltr'><strong>propalam</strong></span> <span class='ocrx_word' id='word_1_736' title='bbox 635 4545 740 4585; x_wconf 86' lang='lat' dir='ltr'><strong>vox</strong></span> <span class='ocrx_word' id='word_1_737' title='bbox 771 4530 861 4585; x_wconf 91' lang='lat' dir='ltr'><strong>illa</strong></span> <span class='ocrx_word' id='word_1_738' title='bbox 889 4549 904 4585; x_wconf 89' lang='lat'><strong>:</strong></span> <span class='ocrx_word' id='word_1_739' title='bbox 944 4549 964 4583; x_wconf 75' lang='grc' dir='ltr'><strong>ι</strong></span> <span class='ocrx_word' id='word_1_740' title='bbox 989 4532 1116 4588; x_wconf 77' lang='grc' dir='ltr'>Ηῖεο</span> <span class='ocrx_word' id='word_1_741' title='bbox 1142 4534 1271 4592; x_wconf 86' lang='lat' dir='ltr'><strong>dicit</strong></span> <span class='ocrx_word' id='word_1_742' title='bbox 1293 4537 1605 4607; x_wconf 62' lang='lat' dir='ltr'><strong>Dominusp</strong></span> <span class='ocrx_word' id='word_1_743' title='bbox 1632 4543 1724 4596; x_wconf 91' lang='lat' dir='ltr'><strong>sed</strong></span> <span class='ocrx_word' id='word_1_744' title='bbox 1753 4559 1898 4599; x_wconf 90' lang='lat' dir='ltr'><strong>nunc</strong></span> 
     </span>
    </p>
   </div>
   <div class='ocr_carea' id='block_1_93' title="bbox 2072 4525 3558 4607">
    <p class='ocr_par' dir='ltr' id='par_1_93' title="bbox 2075 4525 3558 4600">
     <span class='ocr_line' id='line_1_93' title="bbox 2075 4525 3558 4600; baseline -0.001 -21"><span class='ocrx_word' id='word_1_745' title='bbox 2075 4545 2089 4558; x_wconf 89' lang='grc'><strong>·</strong></span> <span class='ocrx_word' id='word_1_746' title='bbox 2144 4526 2318 4598; x_wconf 89' lang='grc' dir='ltr'>Ἰησοῦ</span> <span class='ocrx_word' id='word_1_747' title='bbox 2345 4527 2454 4599; x_wconf 84' lang='grc' dir='ltr'>γὰρ</span> <span class='ocrx_word' id='word_1_748' title='bbox 2486 4525 2554 4600; x_wconf 80' lang='grc' dir='ltr'>ἦν</span> <span class='ocrx_word' id='word_1_749' title='bbox 2593 4530 2894 4600; x_wconf 76' lang='grc' dir='ltr'>παρρησία,</span> <span class='ocrx_word' id='word_1_750' title='bbox 2923 4529 2989 4599; x_wconf 81' lang='grc' dir='ltr'><strong>ἡ·</strong></span> <span class='ocrx_word' id='word_1_751' title='bbox 3028 4548 3046 4580; x_wconf 78' lang='grc' dir='ltr'><strong>ι</strong></span> <span class='ocrx_word' id='word_1_752' title='bbox 3080 4527 3217 4582; x_wconf 86' lang='grc' dir='ltr'>Τάδε</span> <span class='ocrx_word' id='word_1_753' title='bbox 3265 4527 3411 4597; x_wconf 84' lang='grc' dir='ltr'>λέγει</span> <span class='ocrx_word' id='word_1_754' title='bbox 3460 4525 3558 4579; x_wconf 82' lang='grc' dir='ltr'><strong>Κύ-</strong></span> 
     </span>
    </p>
   </div>
   <div class='ocr_carea' id='block_1_94' title="bbox 324 4621 1896 4701">
    <p class='ocr_par' dir='ltr' id='par_1_94' title="bbox 324 4621 1896 4701">
     <span class='ocr_line' id='line_1_94' title="bbox 324 4621 1896 4701; baseline 0.011 -29"><span class='ocrx_word' id='word_1_755' title='bbox 324 4634 431 4672; x_wconf 88' lang='lat' dir='ltr'><strong>non</strong></span> <span class='ocrx_word' id='word_1_756' title='bbox 465 4622 694 4689; x_wconf 85' lang='lat' dir='ltr'><strong>amplius</strong></span> <span class='ocrx_word' id='word_1_757' title='bbox 722 4621 881 4680; x_wconf 68' lang='lat' dir='ltr'><strong>Iesus</strong></span> <span class='ocrx_word' id='word_1_758' title='bbox 905 4624 1046 4681; x_wconf 90' lang='lat' dir='ltr'><strong>inter</strong></span> <span class='ocrx_word' id='word_1_759' title='bbox 1071 4625 1289 4684; x_wconf 69' lang='lat' dir='ltr'><strong>Judmos</strong></span> <span class='ocrx_word' id='word_1_760' title='bbox 1313 4630 1591 4701; x_wconf 91' lang='lat' dir='ltr'><strong>propalam</strong></span> <span class='ocrx_word' id='word_1_761' title='bbox 1629 4634 1896 4689; x_wconf 89' lang='lat' dir='ltr'><strong>obambu-</strong></span> 
     </span>
    </p>
   </div>
   <div class='ocr_carea' id='block_1_95' title="bbox 321 4709 1889 4779">
    <p class='ocr_par' dir='ltr' id='par_1_95' title="bbox 321 4709 1889 4779">
     <span class='ocr_line' id='line_1_95' title="bbox 321 4709 1889 4779; baseline 0.01 -16"><span class='ocrx_word' id='word_1_762' title='bbox 321 4709 420 4774; x_wconf 87' lang='lat' dir='ltr'><strong>lat,</strong></span> <span class='ocrx_word' id='word_1_763' title='bbox 451 4711 544 4765; x_wconf 88' lang='lat' dir='ltr'><strong>sed</strong></span> <span class='ocrx_word' id='word_1_764' title='bbox 573 4712 698 4766; x_wconf 90' lang='lat' dir='ltr'><strong>inde</strong></span> <span class='ocrx_word' id='word_1_765' title='bbox 731 4713 884 4779; x_wconf 87' lang='lat' dir='ltr'><strong>abiit,</strong></span> <span class='ocrx_word' id='word_1_766' title='bbox 916 4730 1018 4770; x_wconf 92' lang='lat' dir='ltr'><strong>nec</strong></span> <span class='ocrx_word' id='word_1_767' title='bbox 1041 4726 1125 4771; x_wconf 89' lang='lat' dir='ltr'><strong>est</strong></span> <span class='ocrx_word' id='word_1_768' title='bbox 1147 4717 1241 4772; x_wconf 90' lang='lat' dir='ltr'><strong>Dei</strong></span> <span class='ocrx_word' id='word_1_769' title='bbox 1277 4733 1458 4774; x_wconf 91' lang='lat' dir='ltr'><strong>sermo</strong></span> <span class='ocrx_word' id='word_1_770' title='bbox 1485 4721 1626 4775; x_wconf 89' lang='lat' dir='ltr'><strong>inter</strong></span> <span class='ocrx_word' id='word_1_771' title='bbox 1655 4720 1889 4778; x_wconf 69' lang='lat' dir='ltr'><strong>Judaeos:</strong></span> 
     </span>
    </p>
   </div>
   <div class='ocr_carea' id='block_1_96' title="bbox 2001 4618 3558 4694">
    <p class='ocr_par' dir='ltr' id='par_1_96' title="bbox 2001 4618 3558 4694">
     <span class='ocr_line' id='line_1_96' title="bbox 2001 4618 3558 4694; baseline -0.001 -22"><span class='ocrx_word' id='word_1_772' title='bbox 2001 4637 2146 4689; x_wconf 90' lang='grc' dir='ltr'>ριος·</span> <span class='ocrx_word' id='word_1_773' title='bbox 2189 4638 2208 4673; x_wconf 67' lang='grc' dir='ltr'><strong>ι</strong></span> <span class='ocrx_word' id='word_1_774' title='bbox 2246 4619 2381 4674; x_wconf 82' lang='grc' dir='ltr'>ἀλλὰ</span> <span class='ocrx_word' id='word_1_775' title='bbox 2412 4619 2508 4673; x_wconf 91' lang='grc' dir='ltr'><strong>νῦν</strong></span> <span class='ocrx_word' id='word_1_776' title='bbox 2543 4621 2726 4674; x_wconf 82' lang='grc' dir='ltr'>οὐκέτι</span> <span class='ocrx_word' id='word_1_777' title='bbox 2755 4622 3037 4694; x_wconf 73' lang='grc' dir='ltr'>παρρησίᾳ</span> <span class='ocrx_word' id='word_1_778' title='bbox 3073 4623 3131 4674; x_wconf 88' lang='lat' dir='ltr'><strong>tv</strong></span> <span class='ocrx_word' id='word_1_779' title='bbox 3162 4623 3274 4684; x_wconf 88' lang='grc' dir='ltr'>τοῖς</span> <span class='ocrx_word' id='word_1_780' title='bbox 3308 4618 3558 4680; x_wconf 86' lang='grc' dir='ltr'>Ἰουδαίοις</span> 
     </span>
    </p>
   </div>
   <div class='ocr_carea' id='block_1_97' title="bbox 2009 4710 3555 4784">
    <p class='ocr_par' dir='ltr' id='par_1_97' title="bbox 2009 4710 3555 4784">
     <span class='ocr_line' id='line_1_97' title="bbox 2009 4710 3555 4784; baseline -0.003 -19"><span class='ocrx_word' id='word_1_781' title='bbox 2009 4712 2215 4782; x_wconf 90' lang='grc' dir='ltr'>Ἰησοῦς</span> <span class='ocrx_word' id='word_1_782' title='bbox 2253 4716 2564 4784; x_wconf 89' lang='grc' dir='ltr'>περιπατεῖ,</span> <span class='ocrx_word' id='word_1_783' title='bbox 2599 4713 2735 4766; x_wconf 81' lang='grc' dir='ltr'>ἀλλὰ</span> <span class='ocrx_word' id='word_1_784' title='bbox 2783 4712 3024 4783; x_wconf 84' lang='grc' dir='ltr'>ἀπῆλθεν</span> <span class='ocrx_word' id='word_1_785' title='bbox 3063 4713 3292 4776; x_wconf 76' lang='grc' dir='ltr'>ἐκεῖθεν,</span> <span class='ocrx_word' id='word_1_786' title='bbox 3352 4711 3443 4766; x_wconf 77' lang='grc' dir='ltr'>καὶ</span> <span class='ocrx_word' id='word_1_787' title='bbox 3472 4710 3555 4762; x_wconf 75' lang='grc' dir='ltr'>οὐν</span> 
     </span>
    </p>
   </div>
   <div class='ocr_carea' id='block_1_98' title="bbox 322 4802 1903 4879">
    <p class='ocr_par' dir='ltr' id='par_1_98' title="bbox 322 4802 1890 4879">
     <span class='ocr_line' id='line_1_98' title="bbox 322 4802 1890 4879; baseline 0.009 -22"><span class='ocrx_word' id='word_1_788' title='bbox 322 4802 561 4870; x_wconf 89' lang='lat' dir='ltr'><strong>indeque</strong></span> <span class='ocrx_word' id='word_1_789' title='bbox 596 4804 896 4875; x_wconf 79' lang='lat' dir='ltr'><strong>digressus,</strong></span> <span class='ocrx_word' id='word_1_790' title='bbox 929 4823 1172 4879; x_wconf 87' lang='lat' dir='ltr'><strong>nempea</strong></span> <span class='ocrx_word' id='word_1_791' title='bbox 1196 4809 1418 4875; x_wconf 64' lang='lat' dir='ltr'><strong>Iudaeis,</strong></span> <span class='ocrx_word' id='word_1_792' title='bbox 1456 4813 1604 4868; x_wconf 90' lang='lat' dir='ltr'><strong>venit</strong></span> <span class='ocrx_word' id='word_1_793' title='bbox 1635 4815 1687 4867; x_wconf 94' lang='lat' dir='ltr'><strong>in</strong></span> <span class='ocrx_word' id='word_1_794' title='bbox 1717 4813 1890 4871; x_wconf 91' lang='lat' dir='ltr'><strong>locum</strong></span> 
     </span>
    </p>
   </div>
   <div class='ocr_carea' id='block_1_99' title="bbox 2072 4802 3556 4879">
    <p class='ocr_par' dir='ltr' id='par_1_99' title="bbox 2072 4802 3556 4875">
     <span class='ocr_line' id='line_1_99' title="bbox 2072 4802 3556 4875; baseline -0.004 -17"><span class='ocrx_word' id='word_1_795' title='bbox 2072 4823 2108 4858; x_wconf 76' lang='lat' dir='ltr'><strong>ct</strong></span> <span class='ocrx_word' id='word_1_796' title='bbox 2134 4805 2266 4858; x_wconf 85' lang='grc' dir='ltr'>Θεοῦ</span> <span class='ocrx_word' id='word_1_797' title='bbox 2311 4806 2462 4875; x_wconf 89' lang='grc' dir='ltr'>λόγος</span> <span class='ocrx_word' id='word_1_798' title='bbox 2494 4808 2553 4859; x_wconf 87' lang='grc' dir='ltr'><strong>ὲν</strong></span> <span class='ocrx_word' id='word_1_799' title='bbox 2597 4805 2884 4871; x_wconf 66' lang='grc' dir='ltr'>Ἰουδαίοις</span> <span class='ocrx_word' id='word_1_800' title='bbox 2923 4807 3017 4859; x_wconf 80' lang='grc' dir='ltr'><strong>καὶ</strong></span> <span class='ocrx_word' id='word_1_801' title='bbox 3051 4804 3299 4859; x_wconf 84' lang='grc' dir='ltr'>ἀπελθὼν</span> <span class='ocrx_word' id='word_1_802' title='bbox 3346 4802 3556 4863; x_wconf 79' lang='grc' dir='ltr'>ἐκεῖθεν,</span> 
     </span>
    </p>
   </div>
   <div class='ocr_carea' id='block_1_100' title="bbox 321 4892 1903 4969">
    <p class='ocr_par' dir='ltr' id='par_1_100' title="bbox 321 4892 1891 4966">
     <span class='ocr_line' id='line_1_100' title="bbox 321 4892 1891 4966; baseline 0.006 -21"><span class='ocrx_word' id='word_1_803' title='bbox 321 4892 538 4947; x_wconf 89' lang='lat' dir='ltr'><strong>deserto</strong></span> <span class='ocrx_word' id='word_1_804' title='bbox 587 4894 846 4960; x_wconf 90' lang='lat' dir='ltr'><strong>vicinum,</strong></span> <span class='ocrx_word' id='word_1_805' title='bbox 906 4897 972 4950; x_wconf 91' lang='lat' dir='ltr'><strong>de</strong></span> <span class='ocrx_word' id='word_1_806' title='bbox 1013 4912 1121 4966; x_wconf 90' lang='lat' dir='ltr'><strong>quo</strong></span> <span class='ocrx_word' id='word_1_807' title='bbox 1169 4899 1367 4952; x_wconf 90' lang='lat' dir='ltr'><strong>dicitur</strong></span> <span class='ocrx_word' id='word_1_808' title='bbox 1410 4899 1457 4930; x_wconf 77' lang='grc'>⁸⁸</span> <span class='ocrx_word' id='word_1_809' title='bbox 1491 4917 1506 4952; x_wconf 91' lang='lat'><strong>:</strong></span> <span class='ocrx_word' id='word_1_810' title='bbox 1544 4899 1736 4955; x_wconf 69' lang='lat' dir='ltr'><strong>«Multi</strong></span> <span class='ocrx_word' id='word_1_811' title='bbox 1797 4902 1891 4955; x_wconf 91' lang='lat' dir='ltr'><strong>lilii</strong></span> 
     </span>
    </p>
   </div>
   <div class='ocr_carea' id='block_1_101' title="bbox 2072 4892 3556 4969">
    <p class='ocr_par' dir='ltr' id='par_1_101' title="bbox 2072 4893 3556 4969">
     <span class='ocr_line' id='line_1_101' title="bbox 2072 4893 3556 4969; baseline 0.007 -20"><span class='ocrx_word' id='word_1_812' title='bbox 2072 4915 2139 4966; x_wconf 79' lang='grc' dir='ltr'><strong>γω</strong></span> <span class='ocrx_word' id='word_1_813' title='bbox 2164 4898 2219 4950; x_wconf 81' lang='grc' dir='ltr'><strong>δὲ</strong></span> <span class='ocrx_word' id='word_1_814' title='bbox 2248 4899 2355 4952; x_wconf 85' lang='grc' dir='ltr'><strong>ἀπὸ</strong></span> <span class='ocrx_word' id='word_1_815' title='bbox 2381 4899 2490 4953; x_wconf 85' lang='grc' dir='ltr'><strong>τῶν</strong></span> <span class='ocrx_word' id='word_1_816' title='bbox 2529 4899 2818 4964; x_wconf 82' lang='grc' dir='ltr'>Ἰουδαίων,</span> <span class='ocrx_word' id='word_1_817' title='bbox 2861 4899 2941 4962; x_wconf 81' lang='grc' dir='ltr'><strong>εἰς</strong></span> <span class='ocrx_word' id='word_1_818' title='bbox 2974 4897 3072 4969; x_wconf 82' lang='grc' dir='ltr'><strong>τὴν</strong></span> <span class='ocrx_word' id='word_1_819' title='bbox 3103 4897 3270 4966; x_wconf 82' lang='grc' dir='ltr'>ἐγγὺς</span> <span class='ocrx_word' id='word_1_820' title='bbox 3311 4896 3408 4964; x_wconf 81' lang='grc' dir='ltr'><strong>τῆς</strong></span> <span class='ocrx_word' id='word_1_821' title='bbox 3442 4893 3556 4964; x_wconf 47' lang='grc' dir='ltr'><strong>ἐπ’</strong></span> 
     </span>
    </p>
   </div>
   <div class='ocr_carea' id='block_1_102' title="bbox 321 4982 1903 5063">
    <p class='ocr_par' dir='ltr' id='par_1_102' title="bbox 321 4982 1894 5057">
     <span class='ocr_line' id='line_1_102' title="bbox 321 4982 1894 5057; baseline 0.007 -22"><span class='ocrx_word' id='word_1_822' title='bbox 321 4982 573 5049; x_wconf 71' lang='lat' dir='ltr'><strong>desertae,</strong></span> <span class='ocrx_word' id='word_1_823' title='bbox 602 4985 770 5054; x_wconf 78' lang='lat' dir='ltr'><strong>magis</strong></span> <span class='ocrx_word' id='word_1_824' title='bbox 792 5000 953 5054; x_wconf 90' lang='lat' dir='ltr'><strong>quam</strong></span> <span class='ocrx_word' id='word_1_825' title='bbox 978 4987 1096 5055; x_wconf 92' lang='lat' dir='ltr'><strong>ejus</strong></span> <span class='ocrx_word' id='word_1_826' title='bbox 1123 5001 1238 5057; x_wconf 70' lang='lat' dir='ltr'><strong>qua:</strong></span> <span class='ocrx_word' id='word_1_827' title='bbox 1278 4988 1452 5042; x_wconf 92' lang='lat' dir='ltr'><strong>virum</strong></span> <span class='ocrx_word' id='word_1_828' title='bbox 1482 4988 1707 5055; x_wconf 63' lang='lat' dir='ltr'><strong>habetp</strong></span> <span class='ocrx_word' id='word_1_829' title='bbox 1749 5000 1804 5046; x_wconf 89' lang='lat' dir='ltr'><strong>et</strong></span> <span class='ocrx_word' id='word_1_830' title='bbox 1827 4993 1894 5046; x_wconf 88' lang='lat' dir='ltr'><strong>ad</strong></span> 
     </span>
    </p>
   </div>
   <div class='ocr_carea' id='block_1_103' title="bbox 2072 4982 3550 5063">
    <p class='ocr_par' dir='ltr' id='par_1_103' title="bbox 2072 4986 3550 5063">
     <span class='ocr_line' id='line_1_103' title="bbox 2072 4986 3550 5063; baseline -0.007 -19"><span class='ocrx_word' id='word_1_831' title='bbox 2072 5007 2100 5044; x_wconf 81' lang='grc' dir='ltr'><strong>υ</strong></span> <span class='ocrx_word' id='word_1_832' title='bbox 2124 4986 2256 5061; x_wconf 87' lang='grc' dir='ltr'>ἦλθε</span> <span class='ocrx_word' id='word_1_833' title='bbox 2288 4990 2490 5063; x_wconf 86' lang='grc' dir='ltr'>χώραν,</span> <span class='ocrx_word' id='word_1_834' title='bbox 2521 4993 2648 5062; x_wconf 64' lang='grc' dir='ltr'><strong>περλ¹</strong></span> <span class='ocrx_word' id='word_1_835' title='bbox 2674 4987 2742 5062; x_wconf 82' lang='grc' dir='ltr'>ἦς</span> <span class='ocrx_word' id='word_1_836' title='bbox 2768 4991 2985 5059; x_wconf 88' lang='grc' dir='ltr'>λέγεται</span> <span class='ocrx_word' id='word_1_837' title='bbox 3003 5007 3016 5020; x_wconf 91' lang='grc'><strong>·</strong></span> <span class='ocrx_word' id='word_1_838' title='bbox 3045 5009 3064 5041; x_wconf 84' lang='grc'><strong>‹</strong></span> <span class='ocrx_word' id='word_1_839' title='bbox 3105 4989 3283 5042; x_wconf 82' lang='grc' dir='ltr'>Πολλά</span> <span class='ocrx_word' id='word_1_840' title='bbox 3311 4987 3378 5040; x_wconf 78' lang='grc' dir='ltr'>τὰ</span> <span class='ocrx_word' id='word_1_841' title='bbox 3405 4986 3550 5038; x_wconf 73' lang='grc' dir='ltr'>τέκνα</span> 
     </span>
    </p>
   </div>
   <div class='ocr_carea' id='block_1_104' title="bbox 320 5074 1891 5152">
    <p class='ocr_par' dir='ltr' id='par_1_104' title="bbox 320 5074 1891 5152">
     <span class='ocr_line' id='line_1_104' title="bbox 320 5074 1891 5152; baseline 0.006 -25"><span class='ocrx_word' id='word_1_842' title='bbox 320 5089 483 5144; x_wconf 91' lang='lat' dir='ltr'><strong>quam</strong></span> <span class='ocrx_word' id='word_1_843' title='bbox 515 5075 713 5129; x_wconf 89' lang='lat' dir='ltr'><strong>dicitur</strong></span> <span class='ocrx_word' id='word_1_844' title='bbox 743 5093 755 5128; x_wconf 91' lang='lat'>:</span> <span class='ocrx_word' id='word_1_845' title='bbox 789 5093 809 5127; x_wconf 70' lang='grc' dir='ltr'><strong>ι</strong></span> <span class='ocrx_word' id='word_1_846' title='bbox 838 5074 1066 5141; x_wconf 66' lang='lat' dir='ltr'><strong>Laetare,</strong></span> <span class='ocrx_word' id='word_1_847' title='bbox 1109 5081 1305 5135; x_wconf 90' lang='lat' dir='ltr'><strong>sterilis</strong></span> <span class='ocrx_word' id='word_1_848' title='bbox 1329 5119 1343 5142; x_wconf 95' lang='lat'><strong>,</strong></span> <span class='ocrx_word' id='word_1_849' title='bbox 1403 5095 1524 5150; x_wconf 66' lang='lat' dir='ltr'><strong>quae</strong></span> <span class='ocrx_word' id='word_1_850' title='bbox 1553 5096 1658 5135; x_wconf 94' lang='lat' dir='ltr'><strong>non</strong></span> <span class='ocrx_word' id='word_1_851' title='bbox 1703 5083 1891 5152; x_wconf 89' lang='lat' dir='ltr'><strong>paris;</strong></span> 
     </span>
    </p>
   </div>
   <div class='ocr_carea' id='block_1_105' title="bbox 1994 5074 3548 5153">
    <p class='ocr_par' dir='ltr' id='par_1_105' title="bbox 1994 5074 3548 5153">
     <span class='ocr_line' id='line_1_105' title="bbox 1994 5074 3548 5153; baseline -0.012 -10"><span class='ocrx_word' id='word_1_852' title='bbox 1994 5080 2093 5150; x_wconf 83' lang='grc' dir='ltr'><strong>τῆς</strong></span> <span class='ocrx_word' id='word_1_853' title='bbox 2117 5081 2344 5151; x_wconf 78' lang='grc' dir='ltr'>ἐρήμου,</span> <span class='ocrx_word' id='word_1_854' title='bbox 2383 5082 2580 5152; x_wconf 77' lang='grc' dir='ltr'>μᾶλλον</span> <span class='ocrx_word' id='word_1_855' title='bbox 2605 5083 2636 5153; x_wconf 84' lang='grc' dir='ltr'><strong>ἦ</strong></span> <span class='ocrx_word' id='word_1_856' title='bbox 2671 5083 2770 5153; x_wconf 83' lang='grc' dir='ltr'>τῆς</span> <span class='ocrx_word' id='word_1_857' title='bbox 2792 5081 3021 5152; x_wconf 77' lang='grc' dir='ltr'>ἐχούσης</span> <span class='ocrx_word' id='word_1_858' title='bbox 3048 5079 3140 5132; x_wconf 84' lang='grc' dir='ltr'><strong>τὸν</strong></span> <span class='ocrx_word' id='word_1_859' title='bbox 3176 5079 3344 5149; x_wconf 79' lang='grc' dir='ltr'>ἄνδρα</span> <span class='ocrx_word' id='word_1_860' title='bbox 3365 5095 3378 5107; x_wconf 75' lang='grc' dir='ltr'><strong>ο</strong></span> <span class='ocrx_word' id='word_1_861' title='bbox 3417 5095 3433 5126; x_wconf 80' lang='grc' dir='ltr'><strong>ι</strong></span> <span class='ocrx_word' id='word_1_862' title='bbox 3467 5074 3548 5128; x_wconf 75' lang='grc' dir='ltr'><strong>καὶ</strong></span> 
     </span>
    </p>
   </div>
   <div class='ocr_carea' id='block_1_106' title="bbox 319 5165 1903 5248">
    <p class='ocr_par' dir='ltr' id='par_1_106' title="bbox 319 5165 1893 5240">
     <span class='ocr_line' id='line_1_106' title="bbox 319 5165 1893 5240; baseline 0.006 -21"><span class='ocrx_word' id='word_1_863' title='bbox 319 5179 561 5235; x_wconf 87' lang='lat' dir='ltr'><strong>erumpe,</strong></span> <span class='ocrx_word' id='word_1_864' title='bbox 592 5174 646 5219; x_wconf 91' lang='lat' dir='ltr'><strong>et</strong></span> <span class='ocrx_word' id='word_1_865' title='bbox 665 5165 858 5233; x_wconf 89' lang='lat' dir='ltr'><strong>clama,</strong></span> <span class='ocrx_word' id='word_1_866' title='bbox 894 5184 1013 5238; x_wconf 81' lang='lat' dir='ltr'><strong>quae</strong></span> <span class='ocrx_word' id='word_1_867' title='bbox 1033 5185 1139 5225; x_wconf 93' lang='lat' dir='ltr'><strong>non</strong></span> <span class='ocrx_word' id='word_1_868' title='bbox 1178 5172 1415 5240; x_wconf 88' lang='lat' dir='ltr'><strong>parturis</strong></span> <span class='ocrx_word' id='word_1_869' title='bbox 1443 5173 1508 5226; x_wconf 81' lang='grc'><strong>⁹⁹.</strong></span> <span class='ocrx_word' id='word_1_870' title='bbox 1550 5191 1570 5224; x_wconf 74' lang='grc' dir='ltr'><strong>ι</strong></span> <span class='ocrx_word' id='word_1_871' title='bbox 1601 5173 1696 5228; x_wconf 86' lang='lat' dir='ltr'><strong>Est</strong></span> <span class='ocrx_word' id='word_1_872' title='bbox 1711 5185 1893 5228; x_wconf 91' lang='lat' dir='ltr'><strong>autem</strong></span> 
     </span>
    </p>
   </div>
   <div class='ocr_carea' id='block_1_107' title="bbox 2072 5165 3544 5248">
    <p class='ocr_par' dir='ltr' id='par_1_107' title="bbox 2076 5171 3544 5248">
     <span class='ocr_line' id='line_1_107' title="bbox 2076 5171 3544 5248; baseline -0.003 -24"><span class='ocrx_word' id='word_1_873' title='bbox 2076 5173 2132 5236; x_wconf 83' lang='grc' dir='ltr'><strong>ὸς</strong></span> <span class='ocrx_word' id='word_1_874' title='bbox 2161 5173 2227 5244; x_wconf 80' lang='grc' dir='ltr'>ἢν</span> <span class='ocrx_word' id='word_1_875' title='bbox 2259 5175 2500 5245; x_wconf 82' lang='grc' dir='ltr'>εἴρηται’</span> <span class='ocrx_word' id='word_1_876' title='bbox 2537 5195 2555 5227; x_wconf 77' lang='grc' dir='ltr'><strong>ι</strong></span> <span class='ocrx_word' id='word_1_877' title='bbox 2597 5174 2944 5248; x_wconf 81' lang='grc' dir='ltr'>Εὐφράνθητι</span> <span class='ocrx_word' id='word_1_878' title='bbox 2977 5173 3170 5244; x_wconf 83' lang='grc' dir='ltr'>στείρα</span> <span class='ocrx_word' id='word_1_879' title='bbox 3195 5175 3228 5244; x_wconf 87' lang='grc' dir='ltr'>ή</span> <span class='ocrx_word' id='word_1_880' title='bbox 3258 5173 3319 5226; x_wconf 81' lang='grc' dir='ltr'><strong>ού</strong></span> <span class='ocrx_word' id='word_1_881' title='bbox 3351 5171 3544 5224; x_wconf 74' lang='grc' dir='ltr'>τίκτουο</span> 
     </span>
    </p>
   </div>
   <div class='ocr_carea' id='block_1_108' title="bbox 319 5257 1903 5342">
    <p class='ocr_par' dir='ltr' id='par_1_108' title="bbox 319 5258 1896 5335">
     <span class='ocr_line' id='line_1_108' title="bbox 319 5258 1896 5335; baseline 0.007 -24"><span class='ocrx_word' id='word_1_882' title='bbox 319 5258 535 5312; x_wconf 87' lang='lat' dir='ltr'><strong>deserto</strong></span> <span class='ocrx_word' id='word_1_883' title='bbox 597 5259 774 5314; x_wconf 87' lang='lat' dir='ltr'><strong>vicina</strong></span> <span class='ocrx_word' id='word_1_884' title='bbox 827 5259 1018 5316; x_wconf 87' lang='lat' dir='ltr'><strong>civitas</strong></span> <span class='ocrx_word' id='word_1_885' title='bbox 1094 5262 1364 5334; x_wconf 85' lang='lat' dir='ltr'><strong>prraim,</strong></span> <span class='ocrx_word' id='word_1_886' title='bbox 1409 5265 1478 5318; x_wconf 91' lang='lat' dir='ltr'><strong>ad</strong></span> <span class='ocrx_word' id='word_1_887' title='bbox 1533 5280 1697 5335; x_wconf 91' lang='lat' dir='ltr'><strong>quam</strong></span> <span class='ocrx_word' id='word_1_888' title='bbox 1748 5268 1896 5322; x_wconf 86' lang='lat' dir='ltr'><strong>venit</strong></span> 
     </span>
    </p>
   </div>
   <div class='ocr_carea' id='block_1_109' title="bbox 2072 5257 3542 5342">
    <p class='ocr_par' dir='ltr' id='par_1_109' title="bbox 2081 5257 3542 5342">
     <span class='ocr_line' id='line_1_109' title="bbox 2081 5257 3542 5342; baseline 0.001 -20"><span class='ocrx_word' id='word_1_889' title='bbox 2081 5282 2096 5297; x_wconf 86' lang='lat'><strong><em>°</em></strong></span> <span class='ocrx_word' id='word_1_890' title='bbox 2122 5266 2304 5338; x_wconf 77' lang='grc' dir='ltr'>ῥῆξον,</span> <span class='ocrx_word' id='word_1_891' title='bbox 2329 5269 2421 5322; x_wconf 76' lang='grc' dir='ltr'><strong>καὶ</strong></span> <span class='ocrx_word' id='word_1_892' title='bbox 2455 5269 2648 5342; x_wconf 87' lang='grc' dir='ltr'>βόησον</span> <span class='ocrx_word' id='word_1_893' title='bbox 2674 5272 2710 5342; x_wconf 82' lang='grc' dir='ltr'><strong>ἡ</strong></span> <span class='ocrx_word' id='word_1_894' title='bbox 2735 5271 2837 5323; x_wconf 81' lang='grc' dir='ltr'><strong>οὐκ</strong></span> <span class='ocrx_word' id='word_1_895' title='bbox 2866 5268 3151 5322; x_wconf 84' lang='grc' dir='ltr'>ὠδίνουσα.</span> <span class='ocrx_word' id='word_1_896' title='bbox 3189 5285 3209 5319; x_wconf 74' lang='grc' dir='ltr'><strong>ι</strong></span> <span class='ocrx_word' id='word_1_897' title='bbox 3247 5267 3398 5320; x_wconf 85' lang='grc' dir='ltr'>Ἔστι</span> <span class='ocrx_word' id='word_1_898' title='bbox 3424 5264 3476 5317; x_wconf 78' lang='grc' dir='ltr'>δὲ</span> <span class='ocrx_word' id='word_1_899' title='bbox 3517 5257 3542 5324; x_wconf 68' lang='grc' dir='ltr'>ἡ</span> 
     </span>
    </p>
   </div>
   <div class='ocr_carea' id='block_1_110' title="bbox 389 5421 1903 5507">
    <p class='ocr_par' dir='ltr' id='par_1_110' title="bbox 389 5425 1903 5507">
     <span class='ocr_line' id='line_1_110' title="bbox 389 5425 1903 5507; baseline 0.012 -31"><span class='ocrx_word' id='word_1_900' title='bbox 389 5426 432 5507; x_wconf 54' lang='grc' dir='ltr'><strong>ξξ</strong></span> <span class='ocrx_word' id='word_1_901' title='bbox 465 5425 618 5507; x_wconf 76' lang='lat' dir='ltr'><strong>J_oan.</strong></span> <span class='ocrx_word' id='word_1_902' title='bbox 673 5443 831 5507; x_wconf 53' lang='lat' dir='ltr'><strong>xviii,</strong></span> <span class='ocrx_word' id='word_1_903' title='bbox 881 5428 933 5507; x_wconf 49' lang='lat'><strong>1.</strong></span> <span class='ocrx_word' id='word_1_904' title='bbox 967 5427 1218 5507; x_wconf 29' lang='grc' dir='ltr'><strong>..ξ’-ἰωὰ·</strong></span> <span class='ocrx_word' id='word_1_905' title='bbox 1240 5431 1296 5486; x_wconf 81' lang='grc'><strong>5.</strong></span> <span class='ocrx_word' id='word_1_906' title='bbox 1368 5431 1416 5464; x_wconf 73' lang='grc'><strong><em>’⁵</em></strong></span> <span class='ocrx_word' id='word_1_907' title='bbox 1443 5429 1640 5504; x_wconf 87' lang='lat' dir='ltr'><strong>Philip.</strong></span> <span class='ocrx_word' id='word_1_908' title='bbox 1667 5449 1730 5502; x_wconf 85' lang='lat' dir='ltr'><strong>ll,</strong></span> <span class='ocrx_word' id='word_1_909' title='bbox 1759 5433 1813 5492; x_wconf 88' lang='lat'><strong>8.</strong></span> <span class='ocrx_word' id='word_1_910' title='bbox 1888 5435 1903 5468; x_wconf 64' lang='grc'>⁸</span> 
     </span>
    </p>
   </div>
   <div class='ocr_carea' id='block_1_111' title="bbox 2072 5421 3532 5507">
    <p class='ocr_par' dir='ltr' id='par_1_111' title="bbox 2078 5421 3532 5507">
     <span class='ocr_line' id='line_1_111' title="bbox 2078 5421 3532 5507; baseline -0.008 -17"><span class='ocrx_word' id='word_1_911' title='bbox 2078 5453 2132 5491; x_wconf 93' lang='lat' dir='ltr'><strong>n.</strong></span> <span class='ocrx_word' id='word_1_912' title='bbox 2168 5451 2322 5504; x_wconf 82' lang='lat' dir='ltr'><strong>xvnt,</strong></span> <span class='ocrx_word' id='word_1_913' title='bbox 2347 5435 2382 5490; x_wconf 71' lang='grc'>4</span> <span class='ocrx_word' id='word_1_914' title='bbox 2419 5451 2572 5507; x_wconf 85' lang='lat' dir='ltr'><strong>seqq.</strong></span> <span class='ocrx_word' id='word_1_915' title='bbox 2647 5435 2696 5466; x_wconf 81' lang='lat'>&quot;</span> <span class='ocrx_word' id='word_1_916' title='bbox 2736 5434 2866 5490; x_wconf 89' lang='lat' dir='ltr'><strong>ibid.</strong></span> <span class='ocrx_word' id='word_1_917' title='bbox 2918 5430 3005 5486; x_wconf 79' lang='grc'><strong>12.</strong></span> <span class='ocrx_word' id='word_1_918' title='bbox 3083 5431 3127 5463; x_wconf 78' lang='grc'><strong>⁸⁷</strong></span> <span class='ocrx_word' id='word_1_919' title='bbox 3184 5427 3339 5484; x_wconf 83' lang='lat' dir='ltr'><strong>Joan.</strong></span> <span class='ocrx_word' id='word_1_920' title='bbox 3370 5441 3441 5492; x_wconf 81' lang='lat' dir='ltr'><strong>v1,</strong></span> <span class='ocrx_word' id='word_1_921' title='bbox 3469 5421 3532 5478; x_wconf 76' lang='lat' dir='ltr'><strong>l5</strong></span> 
     </span>
    </p>
   </div>
   <div class='ocr_carea' id='block_1_112' title="bbox 321 5493 1098 5562">
    <p class='ocr_par' dir='ltr' id='par_1_112' title="bbox 321 5493 1098 5562">
     <span class='ocr_line' id='line_1_112' title="bbox 321 5493 1098 5562; baseline 0.009 -14"><span class='ocrx_word' id='word_1_922' title='bbox 321 5493 365 5524; x_wconf 80' lang='grc'><strong>⁸³</strong></span> <span class='ocrx_word' id='word_1_923' title='bbox 393 5495 567 5550; x_wconf 74' lang='lat' dir='ltr'><strong>Calui.</strong></span> <span class='ocrx_word' id='word_1_924' title='bbox 606 5513 681 5562; x_wconf 77' lang='lat' dir='ltr'><strong>Iv,</strong></span> <span class='ocrx_word' id='word_1_925' title='bbox 723 5498 814 5553; x_wconf 75' lang='grc'><strong>27.</strong></span> <span class='ocrx_word' id='word_1_926' title='bbox 888 5500 933 5533; x_wconf 84' lang='grc'><strong>⁹⁹</strong></span> <span class='ocrx_word' id='word_1_927' title='bbox 967 5499 1098 5555; x_wconf 79' lang='lat' dir='ltr'><strong>ibid.</strong></span> 
     </span>
    </p>
   </div>
   <div class='ocr_carea' id='block_1_113' title="bbox 395 5614 1474 5685">
    <p class='ocr_par' dir='ltr' id='par_1_113' title="bbox 395 5614 1474 5685">
     <span class='ocr_line' id='line_1_113' title="bbox 395 5614 1474 5685; baseline 0.006 -22"><span class='ocrx_word' id='word_1_928' title='bbox 395 5614 505 5682; x_wconf 65' lang='lat'><strong>(6&#39;2)</strong></span> <span class='ocrx_word' id='word_1_929' title='bbox 539 5617 717 5670; x_wconf 82' lang='lat' dir='ltr'><strong>Codex</strong></span> <span class='ocrx_word' id='word_1_930' title='bbox 744 5616 1086 5685; x_wconf 86' lang='lat' dir='ltr'><strong>Bodleianus,</strong></span> <span class='ocrx_word' id='word_1_931' title='bbox 1115 5615 1474 5680; x_wconf 75' lang='grc' dir='ltr'>ταπεινώσας.</span> 
     </span>
    </p>
   </div>
   <div class='ocr_carea' id='block_1_114' title="bbox 398 5678 1903 5751">
    <p class='ocr_par' dir='ltr' id='par_1_114' title="bbox 398 5678 1903 5751">
     <span class='ocr_line' id='line_1_114' title="bbox 398 5678 1903 5751; baseline 0.007 -16"><span class='ocrx_word' id='word_1_932' title='bbox 398 5678 507 5745; x_wconf 61' lang='lat'><strong>(03&#39;)</strong></span> <span class='ocrx_word' id='word_1_933' title='bbox 539 5687 647 5740; x_wconf 78' lang='grc' dir='ltr'><strong>Καὶ</strong></span> <span class='ocrx_word' id='word_1_934' title='bbox 678 5686 796 5742; x_wconf 80' lang='grc' dir='ltr'>ἀπὸ</span> <span class='ocrx_word' id='word_1_935' title='bbox 827 5686 937 5750; x_wconf 72' lang='grc' dir='ltr'>τῆρ</span> <span class='ocrx_word' id='word_1_936' title='bbox 966 5678 1130 5751; x_wconf 71' lang='grc' dir='ltr'>θείας</span> <span class='ocrx_word' id='word_1_937' title='bbox 1155 5689 1360 5744; x_wconf 86' lang='grc' dir='ltr'>αὐτοῦ.</span> <span class='ocrx_word' id='word_1_938' title='bbox 1429 5678 1551 5745; x_wconf 68' lang='lat' dir='ltr'><strong>llaec</strong></span> <span class='ocrx_word' id='word_1_939' title='bbox 1586 5689 1780 5746; x_wconf 87' lang='lat' dir='ltr'><strong>desunt</strong></span> <span class='ocrx_word' id='word_1_940' title='bbox 1806 5688 1860 5746; x_wconf 88' lang='lat' dir='ltr'><strong>in</strong></span> <span class='ocrx_word' id='word_1_941' title='bbox 1889 5705 1903 5745; x_wconf 83' lang='grc'><strong><em>‹</em></strong></span> 
     </span>
    </p>
   </div>
   <div class='ocr_carea' id='block_1_115' title="bbox 2072 5678 3388 5751">
    <p class='ocr_par' dir='ltr' id='par_1_115' title="bbox 2072 5678 3388 5750">
     <span class='ocr_line' id='line_1_115' title="bbox 2072 5678 3388 5750; baseline -0.007 -7"><span class='ocrx_word' id='word_1_942' title='bbox 2072 5701 2130 5743; x_wconf 73' lang='lat' dir='ltr'><strong>ne</strong></span> <span class='ocrx_word' id='word_1_943' title='bbox 2170 5682 2374 5750; x_wconf 83' lang='lat' dir='ltr'><strong>lluetii,</strong></span> <span class='ocrx_word' id='word_1_944' title='bbox 2401 5683 2494 5740; x_wconf 88' lang='lat' dir='ltr'><strong>sed</strong></span> <span class='ocrx_word' id='word_1_945' title='bbox 2529 5692 2746 5741; x_wconf 83' lang='lat' dir='ltr'><strong>exstant</strong></span> <span class='ocrx_word' id='word_1_946' title='bbox 2769 5682 2821 5738; x_wconf 91' lang='lat' dir='ltr'><strong>in</strong></span> <span class='ocrx_word' id='word_1_947' title='bbox 2853 5681 3042 5739; x_wconf 87' lang='lat' dir='ltr'><strong>codice</strong></span> <span class='ocrx_word' id='word_1_948' title='bbox 3071 5678 3388 5738; x_wconf 80' lang='lat' dir='ltr'><strong>Bodleiano.</strong></span> 
     </span>
    </p>
   </div>
  </div>
