3712 6138
186 248 300 303 7-33
1187 243 1547 301 COMMENT.
1593 242 1657 296 IN
1697 241 1890 300 JOAN.
1930 240 2168 299 TOMUS
2200 240 2439 297 XXVIII.
3335 237 3441 293 7'54

184 362 370 429 ἐγγὺς
395 361 491 432 τῆς
532 362 742 433 ἐρήμου
791 361 941 426 πόλις
975 359 1233 434 Ἐφραίμ,
1258 362 1337 425 είς
1373 362 1440 432 ἢν
1472 357 1633 432 ἦλθεν

1974 375 2056 425 us,
2116 373 2224 413 non
2285 357 2517 426 amplius
2569 352 2849 424 propalam
2907 349 3254 405 obambulans
3301 349 3440 406 inter

185 453 348 518 σοῦς,
385 453 568 506 οὐκέτι
601 456 883 526 παρρησίᾳ
902 453 1218 527 περιπατῶν
1241 455 1299 507 ἐν
1324 457 1436 517 τοῖς
1475 454 1651 506 Ἰουδαη

1979 465 2107 506 aeos.
2138 447 2310 502 Sonat
2333 454 2513 500 autem
2543 443 2826 513 Epliraim,
2855 439 3019 511 400
3047 439 3091 494 si
3121 441 3443 510 interprete-

197 543 605 616 Ἑρμηνεύεται
639 545 695 601 δὲ
729 545 970 619 Ἑφραῒμ
999 545 1108 617 (64)
1127 546 1516 614 καρποφορία,
1547 544 1663 598 ἀδελ

2041 542 2576 615 fertilitas:l‘uitque
2633 538 2889 609 Ephraim
2950 540 3118 590 frater
3175 533 3440 601 Manasse,

183 633 265 688 ὢν
301 636 569 707 Μανασσῆ
601 636 971 708 πρεσϐυτέρου
1011 636 1104 690 τοῦ
1137 637 1243 690 ἀπὸ
1270 637 1440 709 λήθης
1462 635 1593 690 λαοῦ
1625 637 1649 706 (ι

1979 660 1981 685 ;
2024 645 2108 690 est
2136 633 2319 704 populi
2355 642 2486 686 natu
2542 629 2866 699 grandioris,
2921 625 3261 694 maximeque
3308 624 3445 679 obli-

186 725 338 796 μετὰ
364 725 471 798 γὰρ
492 725 581 780 τὸν
611 726 718 780 ἀπὸ
743 725 912 798 λήθης
925 727 1050 780 λαὸν
1075 726 1521 797 καταλειφθέντα,
1544 743 1652 796 γεγ;

1975 727 2023 781 ni
2053 725 2262 780 traditi.
2305 722 2476 784 Simul
2525 732 2689 799 atque
2722 720 2866 774 enim
2901 718 3192 773 «lerelictns
3225 725 3306 772 est
3343 731 3441 785 po-

182 833 280 871 ται
317 819 353 888 ὴ
393 818 452 884 ἐξ
495 818 664 872 ἐθνῶν
715 820 1076 892 καρποφορία,
1123 820 1213 874 ὅτε
1247 839 1266 872 «
1298 821 1578 892 ποταμοὺς
1613 839 1633 872 ι

1977 833 2032 872 us
2057 817 2318 872 oblivioni
2362 815 2613 878 traditus,
2646 821 2768 868 orta
2792 820 2876 865 est
2912 825 2976 863 ex
3006 806 3252 879 gentibus
3291 806 3443 859 ferti-

182 911 318 984 woba;
367 914 427 966 ἐν
459 911 536 982 τῷ
587 912 801 984 Ἰσραὴλ
833 931 852 965 ι
894 912 1046 967 έθετο
1081 931 1099 965 ι
1128 915 1156 967 6
1201 912 1336 976 Θεὸς
1367 932 1385 965 «
1425 914 1506 977 εἰς
1546 912 1643 984 έρη

1976 925 1998 965 s
2035 927 2049 964 :
2082 922 2276 978 nempe
2299 923 2420 962 cum
2449 923 2467 958 «
2502 903 2720 959 ﬂumina
2760 921 2779 955 ι
2809 901 3024 971 quidem
3044 940 3060 964 ,
3086 913 3204 969 quae
3231 907 3358 952 sunt
3391 897 3442 949 in

182 981 284 1053 κᾶὶ
333 981 603 1064 διεξόδους
809 1021 827 1054 ι
862 1003 979 1056 ἐκεῖ
1028 1021 1048 1056 «
1093 1003 1301 1057 ὑδάτων
1344 1005 1424 1067 είς
1448 981 1642 1072 δίψαν,-

1978 1000 2090 1063 ιειο,
2149 1015 2169 1050 ι
2210 998 2375 1053 vertit
2411 1016 2430 1050 ι
2485 995 2628 1051 Deus
2673 993 2775 1047 «in
2823 993 3138 1056 desertum;
3190 998 3244 1042 et
3282 1001 3444 1041 venas

182 1089 296 1160 γῆν
339 1109 359 1142 ι
394 1090 574 1146 αὐτῶν
607 1111 625 1144 ι
667 1093 1013 1166 καρποφόρον
1060 1095 1141 1158 είς
1177 1094 1378 1167 ἅλμην,
1432 1093 1540 1148 ἀπὸ
1575 1112 1646 1148 κα

1975 1107 2141 1146 larum
2176 1110 2195 1144 ι
2236 1090 2350 1146 illic
2383 1087 2782 1154 exsistentium,
2828 1103 2845 1134 «
2875 1084 2926 1138 in
2960 1081 3076 1137 loca
3128 1079 3441 1147 siticulosa;

180 1182 299 1234 τῶν
365 1182 765 1238 κατοικούντων
810 1185 868 1238 ἐν
916 1186 1054 1257 αὐτῇ
1075 1202 1088 1216 ’
1123 1204 1143 1237 ι
1200 1185 1308 1240 ἀπὸ
1353 1185 1410 1239 δέ
1451 1184 1558 1239 τῶν
1603 1185 1646 1238 ἐ(

1974 1191 2162 1238 terram
2190 1201 2209 1234 ι
2266 1196 2454 1236 eorum
2495 1178 2837 1248 «frugiferam
2863 1215 2879 1240 ,
2913 1176 2965 1228 in
3012 1173 3196 1228 sterile
3245 1170 3440 1236 solum,

187 1291 210 1324 «
247 1273 465 1346 ἔρημον
497 1275 646 1329 ἔθετο
672 1278 752 1340 είς
771 1276 966 1348 λίμνας
995 1277 1222 1344 ὑδάτων,
1253 1279 1347 1332 καὶ
1371 1278 1474 1348 γῆν
1501 1278 1653 1349 ἄνυδε

1977 1283 2096 1342 pter
2164 1270 2464 1326 incolarum
2523 1267 2919 1330 vitiositatem;
2958 1282 2976 1315 ι
3013 1262 3258 1333 gentium
3312 1273 3442 1315 vero

181 1364 374 1418 αὐτῶν
400 1365 510 1436 (66)
545 1368 648 1439 γῆν
705 1386 725 1420 «
789 1370 868 1432 εἰς
908 1367 1173 1434 διεξόδους
1219 1369 1462 1424 ὑδάτων
1519 1370 1647 1424 καὶτ

1971 1373 2197 1419 esertum
2227 1363 2392 1416 vertit
2439 1361 2492 1415 in
2538 1370 2727 1430 stagna
2763 1370 3044 1426 aquarum,
3082 1363 3387 1422 terramque
3417 1369 3437 1402 ι

179 1454 395 1526 ᾤκισεν
418 1460 534 1512 ἐκεῖ
555 1459 870 1525 πεινῶντας,
889 1461 983 1514 καὶ
1004 1461 1398 1532 συνεστήσαντο
1413 1461 1565 1516 πόλιν
1595 1480 1645 1516 κι

1977 1472 2062 1512 um
2119 1455 2521 1519 «siticulosam,
2570 1453 2622 1506 in
2657 1465 2824 1506 venas
2872 1462 3134 1518 aquarum
3194 1464 3208 1502 :
3265 1445 3443 1532 ibique

184 1546 412 1614 κεσίας,
448 1566 467 1598 ι
497 1548 594 1620 τήν
629 1549 986 1621 Ἐκκλησίαν”
1017 1548 1146 1604 ἔνθα
1185 1567 1204 1601 ι
1238 1549 1490 1623 ἔσπειρεν
1521 1552 1650 1622 ὰγρο

1977 1547 2161 1602 ηοεεινίι
2188 1545 2493 1608 famelicos,
2545 1553 2600 1598 et
2649 1547 3039 1597 exstruxerunt
3074 1538 3261 1592 urbem
3303 1535 3443 1590 celeo

185 1638 334 1692 κατὰ
367 1639 461 1694 τὸν
487 1639 720 1694 πεσόντα
756 1642 955 1712 σπόρον
989 1643 1080 1696 ἐπὶ
1113 1641 1210 1714 τήν
1237 1643 1407 1715 καλὴν
1433 1646 1526 1698 καὶ
1560 1645 1651 1713 ἀγι

1968 1654 2029 1692 :m
2061 1638 2099 1703 ⁸,
2136 1657 2156 1691 ι
2187 1653 2380 1708 nempe
2398 1636 2720 1698 Ecclesium,
2759 1634 2846 1689 ubi
2876 1652 2895 1686 «
2920 1631 3434 1696 seminavitagros,»

181 1731 314 1801 γῆν,
344 1732 444 1786 καὶ
473 1731 731 1786 ποιοῦσαν
769 1733 1298 1789 ἑκατονταπλασίονα
1317 1752 1332 1767 ο
1367 1737 1463 1790 καὶ
1493 1755 1511 1786 «
1540 1735 1647 1806 septi

1973 1739 2020 1783 ta
2057 1745 2277 1793 semen,
2327 1727 2472 1796 quod
2528 1726 2726 1780 cecidit
2762 1725 2812 1778 in
2853 1734 3052 1778 terram
3104 1721 3439 1792 praeclaram,

183 1837 278 1875 σεν
306 1822 669 1892 ἀμπελῶνας⁸
704 1844 724 1876 ι
759 1823 1010 1896 κλήματα
1030 1825 1138 1898 γάρ
1167 1829 1304 1880 είσιν
1344 1829 1393 1880 οἱ
1421 1827 1627 1900 Κυρίου

1975 1837 2144 1876 ιοηιιιη
2173 1862 2190 1889 ,
2225 1830 2280 1876 et
2309 1821 2598 1874 facientem
2639 1819 2869 1872 fructum
2902 1815 3259 1870 centesimum
3295 1813 3348 1879 ’;
3386 1822 3441 1866 et

179 1913 375 1984 θηται,
427 1915 622 1980 οἵτινες
672 1916 767 1969 καὶ
815 1935 833 1969 ι
874 1917 1137 1988 ἐποίησαν
1170 1918 1377 1988 καρπὸν
1414 1921 1645 1990 γεννήμα

1980 1914 2187 1968 antavit
2218 1913 2427 1972 vineas.
2464 1930 2482 1963 ι
2528 1911 2682 1980 cujus
2715 1910 2963 1980 palmites
3011 1917 3168 1964 erant
3198 1904 3440 1976 discipuli

179 2003 282 2055 καὶ
309 2003 610 2076 εὐλόγησεν
647 2007 864 2072 αὐτοὺς,
901 2009 994 2061 καὶ
1023 2007 1430 2080 ἐπληθύνθησαν
1467 2009 1645 2080 σφόδρι

1975 2004 2106 2069 ιιίιιί,
2133 2004 2222 2072 qui
2259 2003 2421 2058 etiam
2460 2000 2741 2054 «fecerunt
2776 2000 3010 2054 fructum
3058 1999 3356 2066 copiosum,
3387 2007 3441 2050 et

191 2095 340 2148 Ἀλλ’
373 2096 498 2148 οὐδὲ
523 2096 646 2160 τοὺς
667 2098 723 2150 ἐν
749 2097 955 2162 τούτοις
977 2098 1333 2170 ἀλογωτέροις
1369 2099 1596 2170 μικροὺς
1628 2095 1657 2152 ε

1973 2094 2143 2148 edixit
2175 2093 2256 2148 eis
2280 2136 2297 2160 ,
2331 2102 2386 2147 et
2409 2092 2752 2162 multiplicati
2784 2102 2912 2146 sunt
2954 2091 3108 2145 valde
3141 2091 3181 2142 ³.
3213 2108 3232 2140 ι
3267 2087 3439 2155 Quin-

178 2185 478 2256 ἐλογίσατο
504 2189 602 2242 ὁδέ
627 2188 758 2260 (66⁹)
777 2188 1092 2260 ἀνθρώπους
1119 2192 1214 2244 καὶ
1240 2191 1408 2263 κτήνη
1434 2191 1620 2254 σώζων

1979 2201 2028 2240 m
2087 2201 2155 2241 ne
2208 2187 2308 2241 ltos
2359 2185 2603 2256 quidem,
2659 2184 2750 2252 qui
2803 2198 2833 2236 a
2891 2183 3100 2236 ratione
3153 2181 3439 2236 alieniores

182 2294 325 2350 ριος’
357 2278 664 2351 γέγραπται
697 2281 829 2350 γάρ·
870 2299 889 2332 ι
927 2282 1035 2336 Καὶ
1059 2281 1127 2335 τὰ
1155 2283 1326 2353 κτήνη
1353 2281 1528 2335 αὐτῶν
1554 2283 1648 2336 οὐκ

1974 2288 2042 2343 ιιι,
2077 2293 2276 2350 parvos
2319 2292 2440 2332 esse
2469 2277 2729 2347 cogitavit
2767 2275 2858 2329 ille
2883 2315 2898 2339 ,
2953 2276 3042 2342 qni
3084 2274 3330 2327 homines
3385 2281 3440 2325 et

187 2368 450 2440 μίκρυνε.
497 2388 516 2421 ι
548 2371 658 2423 Καὶ
686 2372 734 2424 οἱ
766 2371 864 2441 μὲν
901 2371 1141 2426 Ἰουδαῖοι
1178 2391 1197 2424 ι
1249 2372 1625 2444 ώλιγώθησαν,

1972 2380 2110 2424 lenta
2136 2379 2316 2424 servat
2344 2372 2365 2400 ⁴
2387 2386 2402 2434 ;
2423 2369 2681 2438 scriptum
2713 2376 2796 2422 est
2822 2365 2966 2420 enim
2995 2365 3017 2397 ³
3040 2383 3054 2419 :
3081 2365 3176 2417 «Et
3199 2363 3438 2433 jun'tcnta

182 2455 551 2529 ἐκακώθησαν
591 2458 698 2511 ἀπὸ
755 2458 985 2529 θλίψεως
1026 2459 1232 2526 κακῶν,
1285 2460 1377 2514 καὶ¹
1411 2460 1600 2533 ὀδύνης
1624 2479 1637 2492 ·

1971 2477 2050 2514 ιιιιι
2081 2475 2185 2513 non
2225 2460 2442 2515 minuit.
2469 2479 2487 2512 ι
2531 2461 2607 2513 Ac
2635 2456 2806 2512 Judaei
2844 2456 3060 2527 quidem
3115 2473 3134 2506 ι
3170 2453 3437 2508 imminuti

183 2545 422 2616 ἐξεχύθη
475 2545 820 2612 ἐξουδένωσις
857 2549 951 2602 ἐπὶ
1000 2551 1128 2612 τοὺς
1177 2569 1196 2602 ι
1246 2548 1337 2603 διὰ
1385 2550 1477 2603 τὸν
1515 2549 1649 2622 Ἀὁρ

1976 2561 2016 2616 t,
2055 2561 2109 2607 et
2138 2549 2321 2605 amicti
2372 2551 2522 2606 fuere
2574 2567 2602 2604 a
2653 2549 3000 2604 tribulatione
3031 2547 3332 2608 malorum,
3384 2554 3439 2598 et

190 2655 210 2690 «
243 2639 550 2711 ἄρχοντας’
588 2640 683 2695 καὶ
730 2641 1032 2713 ἐπλάνησεν
1069 2644 1266 2706 αὐτοὺς
1311 2644 1369 2696 ἐν
1421 2643 1625 2715 ἀϐάτῳ,

1971 2659 2089 2710 are;
2131 2645 2429 2715 elfuditqne
2461 2640 2674 2713 (Deus)
2711 2650 3077 2709 contemptum
3133 2639 3184 2690 in
3229 2637 3437 2707 prjnci-

183 2726 308 2796 οὐχὶ
335 2727 396 2779 ἐν
610 2748 628 2780 ι
665 2731 782 2799 μετ’
812 2731 1052 2796 ἐκείνους
1083 2732 1140 2785 δέ
1169 2735 1197 2785 6
1223 2731 1356 2796 Θεὸς
1387 2750 1406 2784 «
1439 2732 1649 2805 ἐϐοήθηι

1975 2755 1994 2787 ι
2026 2747 2250 2805 pr0pter
2275 2735 2570 2796 Abraham;
2607 2741 2689 2786 «et
2715 2732 2901 2786 errare
2927 2729 3055 2782 fecit
3077 2744 3170 2783 eos
3190 2729 3241 2780 in
3269 2729 3435 2793 invio,

184 2817 262 2889 τῷ
283 2819 394 2872 ἀπὸ
417 2819 530 2875 τῶν
553 2821 723 2875 ἐθνῶν
749 2841 768 2874 «
793 2822 1000 2892 ,πένητι
1047 2841 1066 2876 ι
1101 2823 1214 2894 λαῷ
1243 2827 1308 2878 ἐκ
1338 2827 1631 2898 πτωχείας,

1966 2843 2061 2881 non
2094 2827 2147 2880 in
2176 2829 2287 2880 via.
2323 2843 2344 2877 ι
2388 2825 2529 2878 Deus
2557 2824 2723 2893 igitur
2759 2830 2878 2892 post
2909 2820 3148 2883 .ludaaos,
3178 2821 3432 2888 populum

187 2910 336 2964 ἔθετο
364 2931 383 2964 ι
426 2912 508 2976 ὡς
537 2913 786 2984 πρόϐατα
841 2913 1098 2986 πατριὰν,
1143 2914 1236 2979 οὒς
1272 2915 1493 2987 ὄψονται
1540 2937 1561 2970 ι
1602 2921 1653 2972 εἰ

1977 2919 2124 2973 tilem
2167 2932 2488 2987 «pauperem
2518 2916 2802 2970 exemitex
2835 2911 3206 2979 mendicitate,
3237 2921 3437 2966 tracta-

186 3001 297 3114 (θη
324 3000 575 3071 ἄγγελοι,
611 3021 630 3054 «
667 3003 762 3057 atati.
801 3003 1280 3075 εὐφρανθήσονται,
1312 3007 1405 3060 καὶ
1449 3011 1598 3063 πᾶσα
1642 3028 1652 3064 ι

1970 3024 2052 3079 [ne
2102 3008 2334 3062 familias
2373 3007 2518 3062 velut
2571 3021 2720 3071 oves,
2772 3020 2909 3075 quos
2953 3005 3209 3058 videbunt
3239 3023 3259 3058 ι
3312 3019 3436 3060 mox

188 3090 283 3160 μία
314 3091 593 3162 ἐμφράξει
619 3093 680 3145 τὸ
720 3092 894 3163 στόμα
939 3091 1134 3163 αὐτῆς.
1171 3113 1192 3145 ι
1229 3094 1452 3160 Τούτοις
1478 3097 1535 3150 δὲ
1571 3117 1654 3169 μυ‹

1977 3103 2063 3166 eli,
2093 3121 2112 3154 «
2134 3111 2187 3157 et
2216 3100 2561 3160 laetabuntur,
2595 3107 2650 3151 et
2671 3096 2852 3152 omnis
2878 3097 3141 3165 iniquitas
3167 3095 3438 3152 obturabit

182 3181 293 3245 κῶς
315 3182 825 3254 προφητευομένοις
856 3185 913 3237 ἐν
938 3183 1212 3256 ἑκατοστῷ
1237 3185 1380 3257 ἕκτῳ
1407 3187 1604 3260 ψαλμῷ
1643 3193 1648 3240 ι

1967 3208 2137 3248 suum.
2172 3211 2192 3244 ι
2255 3191 2351 3245 His
2386 3190 2438 3243 in
2464 3187 2671 3258 psalmo
2699 3197 2854 3242 sexto
2877 3201 3039 3256 supra
3079 3188 3433 3241 centesimum

182 3273 450 3345 φέρεται·
487 3292 506 3325 «
544 3275 640 3338 Τίς
670 3275 850 3344 σοφὸς,
883 3277 975 3329 καὶ
1006 3277 1230 3346 φυλάξει
1273 3278 1468 3344 ταῦτα,
1509 3282 1602 3334 καὶ
1643 3304 1648 3330 ι

1971 3285 2100 3340 stice
2131 3281 2474 3354 prophetatis
2507 3279 2855 3350 subiungitur
2886 3296 2902 3333 :
2938 3279 3099 3345 «Quis
3123 3279 3358 3348 sapiens,
3383 3289 3437 3335 et

187 3363 376 3428 ήσουσι
393 3365 470 3420 τὰ
493 3366 617 3436 ἐλέη
645 3367 740 3420 τοῦ
769 3367 1003 3439 Κυρίου;
1041 3387 1060 3420 ι
1089 3369 1391 3453 Ἐλεοῢθντος
1405 3370 1510 3442 γάρ
1538 3370 1631 3425 τοῦ

1967 3376 2131 3432 todiet
2169 3376 2303 3440 haec,
2334 3384 2386 3429 et
2419 3373 2684 3444 intelliget
2707 3370 3110 3426 misericordias
3135 3369 3383 3425 Domini?
3409 3389 3429 3421 ι

193 3455 305 3525 ρίου
332 3458 461 3522 τοὺς
486 3457 594 3512 άπὸ
610 3458 719 3512 τῶν
743 3457 932 3524 ἐθνῶν,
949 3461 976 3513 6
999 3461 1160 3529 σοφὸς
1185 3462 1358 3516 ταῦτα
1376 3463 1622 3534 φυλάξει,
1642 3482 1659 3518 c

1971 3468 2106 3524 eﬁco
2128 3467 2270 3522 enim
2297 3466 2596 3521 exsistente
2624 3465 2848 3520 Domino
2876 3463 2928 3516 in
2957 3461 3205 3530 gentiles,
3223 3463 3437 3528 sapiens

196 3548 292 3612 ιεὶς
330 3550 396 3604 τὰ
425 3550 552 3622 ἐλέη
596 3551 690 3604 τοῦ
728 3553 954 3624 Κυρίου.
999 3553 1206 3608 Οὐκοῦν
1244 3575 1262 3608 ι
1305 3555 1513 3627 Ἰησοῦς
1544 3558 1643 3612 οὐκ

1963 3558 2294 3620 :custodiet,
2329 3556 2638 3626 intelligens
2671 3554 2933 3608 beneficia
2973 3552 3206 3606 Domini.
3243 3549 3429 3606 «Iesus

192 3641 473 3714 παρρησίᾳ
505 3645 797 3714 περιπατεῖ
815 3645 872 3699 ἐν
895 3648 1007 3710 τοῖς
1046 3646 1337 3713 Ἰουδαίοις,
1362 3647 1496 3703 ἀλλὰ
1521 3650 1658 3721 ἀπή)

1971 3663 2031 3700 ιιι·
2079 3662 2184 3700 non
2235 3645 2467 3715 amplius
2505 3646 2559 3698 in
2599 3642 2815 3713 publico
2871 3641 3255 3697 obambulabat
3295 3641 3437 3696 Inter

193 3732 394 3787 ἐκεῖθεν
427 3736 513 3798 είς
538 3734 636 3807 τὴν
663 3734 846 3808 χώραν
881 3753 898 3786 ι
935 3737 1030 3790 τοῦ
1075 3737 1196 3790 ὅλου
1244 3739 1468 3810 κόσμου,
1527 3761 1546 3794 «
1595 3743 1659 3811 ἐγ

1971 3753 2106 3803 :eos,
2137 3739 2230 3793 sed
2259 3738 2383 3792 inde
2412 3737 2544 3811 abiit
2582 3735 2634 3790 in
2669 3734 2848 3789 locum
2870 3753 2889 3786 ι
2924 3734 3087 3788 totius
3110 3734 3292 3797 orbis,
3336 3733 3437 3788 Ec-

191 3824 286 3894 τῆς
316 3827 525 3898 ἐρήμου
565 3846 584 3879 ι
625 3807 974 3900 Ἐκκλησίας,
1011 3849 1028 3881 «
1060 3833 1140 3895 είς
1182 3807 1420 3903 Ἐφραίμ
1455 3853 1474 3885 ι
1500 3807 1657 3905 τὴνκ

1969 3831 2043 3885 ιῑω
2104 3848 2123 3882 ι
2164 3831 2382 3884 deserto
2438 3807 2746 3893 vicinump
2819 3840 3011 3896 nempe
3071 3826 3175 3880 «in
3249 3826 3435 3881 urbem

192 3918 534 3988 ποφοροῦσαν
577 3918 877 3992 λεγομένην
920 3922 1094 3985 πόλιν,
1141 3941 1160 3974 «
1204 3925 1366 3978 κάκεῖ
1411 3924 1588 3996 ἔμεινε
1625 3945 1658 3998 μ

1970 3922 2143 3988 ιταίιιι,
2169 3940 2188 3974 ι
2223 3936 2341 3992 qua:
2369 3921 2568 3976 dicitur
2606 3917 2864 3991 frugifera
2902 3918 3128 3986 civitas;
3170 3937 3189 3970 «
3221 3917 3436 3988 illicque

191 4006 296 4060 τῶν
322 4009 607 4082 μαθητῶν·
645 4030 664 4063 ι
698 4013 793 4067 καὶ
821 4012 935 4066 ἐστι
967 4014 1126 4085 μέχρι
1152 4014 1246 4068 τοῦ
1276 4015 1434 4088 δεῦρο
1475 4017 1613 4088 μετὰ
1652 4039 1657 4053 ε

1971 4015 2182 4070 sabatur
2209 4028 2333 4068 cum
2354 4013 2676 4083 discipulis:
2712 4030 2732 4064 ι
2767 4020 2963 4082 estque
2986 4013 3053 4066 ad
3088 4010 3233 4065 hunc
3266 4024 3437 4080 usque

196 4099 448 4170 μαθητῶν
511 4103 678 4156 αύτοῦ
731 4104 938 4176 Ἰησοῦς
993 4108 1159 4175 ἐγγὺς
1226 4109 1325 4179 τῆς
1388 4111 1620 4180 ἐρήμου,

1968 4121 2003 4159 ιι
2049 4103 2208 4160 Iesus
2261 4119 2385 4158 cum
2439 4102 2719 4173 discipulis
2771 4103 2884 4157 suis
2940 4101 2994 4156 in
3052 4101 3221 4167 urbe,
3272 4115 3434 4170 quam

207 4191 436 4263 Ἐφραῒμ
462 4193 763 4266 λεγομένην
786 4195 967 4251 πόλινο
998 4196 1226 4267 πάρεστι
1264 4196 1370 4269 γὰρ
1396 4201 1461 4270 τῇ
1485 4217 1673 4272 καρποι

1969 4203 2056 4247 ant
2125 4193 2431 4262 Ephraim,
2500 4193 2717 4247 deserto
2776 4192 3056 4247 vicinam:
3095 4207 3218 4245 nam
3281 4190 3435 4247 adest

199 4281 302 4354 ρίᾳ,
346 4286 438 4339 καὶ
472 4286 566 4339 ἐπὶ
587 4290 652 4357 τῇ
678 4287 891 4355 γενέσει
919 4304 982 4356 γε
1008 4287 1104 4341 τοῦ
1135 4287 1374 4360 Ἐφραῒμ
1403 4290 1594 4345 τούτου
1616 4291 1665 4345 εί

1969 4285 2134 4340 ilitati
2168 4306 2179 4340 :
2212 4296 2267 4340 et
2319 4286 2375 4340 in
2423 4294 2545 4341 ortu
2600 4300 2733 4340 sane
2788 4283 2947 4353 hujus
2994 4283 3252 4352 Ephraim
3292 4285 3435 4338 dicet

195 4371 256 4426 ἂν
275 4376 303 4428 6
321 4379 586 4449 γεννήσας
601 4377 760 4430 αὐτὸν
779 4378 1101 4450 σιτομέτρης
1122 4379 1276 4450 ήμῶν
1292 4379 1514 4451 Κύριος,
1527 4384 1555 4434 6
1570 4399 1661 4435 τατ

1965 4395 2023 4432 us
2059 4379 2271 4448 genitor
2315 4378 2572 4433 Dominus
2623 4387 2806 4433 noster
2857 4378 3115 4432 lrumenti
3159 4389 3431 4447 erogator,

195 4463 363 4530 νώσας
387 4469 598 4536 ἐαυτὸν,
629 4470 724 4524 καὶ
751 4471 1040 4540 γενόμενος
1070 4471 1305 4542 ὑπήκοος
1327 4471 1487 4546 μέχρι
1505 4472 1661 4528 θανάτ

1986 4471 2218 4540 seipsum
2247 4471 2508 4526 humilem
2527 4473 2754 4542 pmbuit
2777 4470 2951 4525 lactus
2975 4469 3236 4524 obediens
3265 4485 3435 4540 usque

198 4552 416 4610 θανάτου
447 4559 504 4612 δέ
563 4557 796 4630 σταυροῦ
816 4575 830 4588 ο
869 4578 888 4610 ι
942 4557 1157 4631 Ηῦξησέ
1185 4578 1252 4632 με
1288 4563 1317 4614 6
1345 4561 1475 4627 Θεὸς
1503 4565 1558 4617 ἐν
1586 4567 1652 4636 τῇ

1968 4575 2214 4628 mortem,
2274 4575 2504 4617 mortem
2556 4571 2732 4617 autem
2779 4561 2960 4616 crucis
3000 4561 3061 4614 ἰ
3095 4560 3302 4614 «Auxit
3352 4576 3434 4614 me

198 4644 288 4716 τῆς
313 4648 690 4714 ταπεινώσεώς
719 4667 838 4720 μου.
876 4669 895 4703 ι

1864 4655 2004 4710 Deus
2037 4657 2087 4709 in
2118 4666 2264 4710 terra
2295 4653 2598 4710 alﬂictionis
2631 4670 2763 4709 mea:
2791 4655 2833 4709 ".
2861 4671 2880 4705 ι

261 4736 346 4790 20.
385 4758 404 4792 «
430 4735 538 4794 Ἦν
574 4741 630 4800 δὲ
657 4743 821 4812 ἐγγὺς
848 4742 909 4796 τὸ
942 4743 1133 4814 Πάσχα
1184 4741 1294 4796 τῶν
1351 4743 1635 4812 Ἰουδαίων,
1663 4764 1727 4802 κα

1970 4745 2089 4819 L01
2130 4746 2220 4800 20.
2277 4764 2296 4798 «
2336 4745 2578 4801 Instabat
2628 4755 2806 4799 autem
2847 4743 3051 4799 Pascha
3101 4741 3436 4808 Judmorum,

198 4826 456 4902 ἀνέϐησαν
502 4834 688 4887 πολλοὶ
712 4834 819 4888 τῶν
854 4834 1122 4888 Ἰουδαίων
1173 4838 1254 4900 είς
1314 4836 1660 4908 Ἰεροσόλυμα

1965 4841 2296 4895 ιεοειιύειοιιιιι
2323 4839 2474 4893 multi
2506 4835 3219 4906 IudaeorumJerosolytnam
3246 4851 3312 4890 ex
3348 4852 3431 4890 re-

197 4918 292 4988 τῆς
319 4922 498 4995 χώρας
532 4925 638 4997 πρὸ
672 4924 768 4978 τοῦ
801 4925 1010 4996 Πάσχα,
1063 4926 1152 4981 ἵνα
1185 4928 1478 4995 ἁγνίσωσιν
1507 4930 1663 4984 ἐαυτο

1961 4948 2019 4987 ne
2048 4943 2172 4986 ante
2221 4931 2452 4995 Pascha,
2499 4940 2559 4984 ut
2592 4929 2938 5000 puriﬁcarent
2968 4942 3046 4982 se.
3099 4925 3427 4992 Qumrebant

211 5009 452 5079 Ἐζήτουν
484 5013 576 5072 οὖν
607 5017 698 5070 τὸν
735 5017 940 5089 Ἰησοῦν
961 5059 976 5084 ,
1012 5019 1106 5071 καὶ
1136 5018 1320 5087 ἔλεγον
1356 5021 1474 5090 μετ’
1506 5021 1677 5091 ἀλλήλ

1960 5021 2214 5090 nJesum,
2261 5031 2314 5078 et
2359 5021 2812 5091 ‘colloquehantur
2847 5021 2992 5073 inter
3037 5032 3094 5072 se
3139 5018 3191 5071 in
3229 5017 3426 5085 templo

265 5103 282 5133 ¹
329 5104 466 5185 Psal.
504 5125 611 5172 ενι,
644 5110 714 5164 55
757 5125 872 5178 seq.
963 5111 984 5141 '
1037 5109 1169 5164 an.
1204 5126 1321 5174 vui,
1361 5111 1413 5168 8.
1522 5113 1544 5144 ³
1585 5113 1669 5170 Ps:

203 5170 414 5206 .Dlnl:n
464 5195 496 5206 ..
559 5179 590 5206 0
687 5181 849 5206 τμη...
909 5195 994 5206 ...-
1056 5181 1120 5206 EO

1957 5115 2042 5184 57,
2098 5113 2188 5170 58.
2292 5113 2484 5171 ‘Psal.
2535 5129 2700 5182 xxxv,
2741 5112 2794 5167 7.
2899 5107 3423 5173 ‘Psal.cvr,38-43.

249 5170 438 5246 Philip.
464 5195 520 5244 ιι,
558 5170 611 5236 8.
687 5181 707 5212 ⁷
738 5170 872 5234 Gen.
909 5195 1018 5246 xu,
1053 5181 1139 5234 52.

251 5261 372 5344 ,(6⁴)
431 5269 835 5344 Ἑρμηνεύεται
859 5271 978 5344 --δὲ
1056 5273 1108 5324 Ἐ
1112 5273 1294 5344 φραῒμ
1352 5273 1717 5344 Καρποφορίι

1499 5273 1754 5344 τοφορία.
1867 5291 1885 5324 «
1922 5271 2190 5344 Manasse,
2234 5269 2500 5344 )_oblitt_ts,
2535 5269 2647 5344 sive
2663 5271 2965 5344 necessitas.

205 5327 546 5415 Iiiero'nytlibs
572 5327 648 5415 De
678 5358 818 5394 nom.
837 5339 1039 5415 _Hebr.,
1071 5327 1408 5415 «Ἐριιὶθιιὶἶ,
1436 5327 1468 5395 ἰ
1504 5327 1671 5415 Ῑνῖιρῖί

1959 5342 2040 5412 [56)
2068 5327 2372 5415 secundum
2423 5327 2567 5395 istud
2623 5339 2728 5411 γῆν
2776 5341 2990 5397 videtur
3026 5340 3328 5415 παρέλκειν
3368 5355 3425 5400 et

206 5413 565 5482 εινεειξεεξειιε,
582 5413 620 5463 Α
641 5419 758 5482 mg
779 5429 797 5462 «
832 5411 1064 5482 fructum
1080 5413 1247 5467 dedit.
1270 5433 1287 5464 ι
1307 5411 1638 5482 Genes.xr.t,
1661 5411 1751 5481 52.
1859 5413 2154 5482 resecando
2166 5427 2240 5482 m_.

271 5471 372 5553 (65)
414 5479 520 5532 Τοῦ
538 5481 658 5553 ἀπὸ
680 5471 871 5548 ,λήθης
888 5480 1062 5553 λαοῦέ
1089 5482 1331 5536 Manasse
1380 5485 1540 5553 enim,
1577 5471 1737 5553 dictu:

1955 5482 2067 5553 66‘)
2116 5481 2170 5534 '0
2202 5479 2289 5534 δέ.
2330 5477 2455 5553 Haec
2495 5479 2665 5553 verba
2693 5489 2838 5534 stare
2879 5481 2957 5553 sic
2995 5497 3100 5536 non
3143 5496 3367 5552 possunt
3404 5505 3419 5541 :

205 5547 281 5590 εει
314 5557 341 5592 3
371 5553 482 5627 rm
520 5567 539 5600 «
577 5551 775 5605 oblitus
805 5547 925 5616 fuit,
965 5569 984 5602 ι
1018 5551 1215 5606 Genes.
1262 5569 1372 5620 xu,
1405 5555 1494 5607 51.
1524 5552 1601 5606 Ita
1631 5552 1748 5606 Ma-
1853 5547 2138 5618 legendum
2161 5561 2244 5607 est
2269 5550 2354 5604 vel
2381 5551 2496 5618 ὅγε,
2525 5551 2668 5620 quod
2702 5561 2758 5604 et
2807 5551 3017 5617 melius,
3069 5547 3158 5608 vel
3205 5553 3291 5608 ὅδε
3328 5568 3425 5611 aut

206 5621 351 5662 nasse
382 5629 514 5662 fama
540 5619 674 5662 lmln
709 5636 901 5662 nnmpn
929 5636 957 5662 Sa
992 5621 1082 5662 “ni
1113 5623 1382 5662 nhlivimm
1403 5625 1605 5662 .lintnm
1649 5635 1743 5662 vn-
1849 5623 1933 5662 κερ
1962 5626 1990 5662 Α
2040 5623 2192 5662 lim-lu

210 5621 351 5664 nasse
382 5619 514 5682 regis
539 5619 675 5674 Iuda
709 5636 902 5676 nomen
929 5636 958 5672 ιι
992 5621 1082 5674 Dei
1113 5619 1382 5678 oblivione
1403 5625 1605 5678 dictum
1649 5637 1676 5673 v

210 5673 316 5730 lunt
362 5681 714 5745 Tbalmudici.
778 5690 1136 5763 Hieronymus
1196 5693 1273 5749 De
1338 5709 1477 5748 nom.
1531 5689 1676 5748 Hebr

1955 5626 2028 5765 367.)
2039 5623 2232 5751 [33:61
2255 5691 2601 5760 Bodleianus,
2621 5690 2712 5745 εύο
2721 5689 2798 5756 ύς·
2820 5691 2984 5747 editio
3006 5692 3208 5762 lluetii,
3225 5691 3421 5762 560ch
