3712 6138
400 241 508 301 ’123

1856 245 2176 304 ORIGENIS
3547 243 3631 301 72l

400 379 485 422 ee:
524 362 690 435 igitur
725 364 815 419 hic
841 363 1005 420 homo
1047 378 1151 434 pro
1192 364 1427 437 populo,
1469 373 1525 422 et
1568 375 1790 438 propter
1821 368 1906 424 hu]

2095 366 2238 421 ιόνον
2266 364 2406 437 ὑπὲρ
2426 363 2521 418 τοῦ
2554 360 2708 430 λαοῦ,
2744 361 2857 418 ἀλλ’
2893 361 2980 416 ῖνα
3008 361 3106 417 καὶ
3144 358 3222 435 μὴ
3259 359 3386 417 ὅλον
3414 359 3478 416 τὸ
3499 360 3627 429 ἔθνος

403 472 510 510 non
554 464 666 511 tota
709 470 840 526 gens
881 455 1057 528 periit.
1090 456 1169 514 Ac
1222 458 1345 515 vide
1386 475 1514 514 num
1553 460 1735 531 populi
1770 474 1906 515 nom:

2095 457 2364 530 ιπόληται,
2412 455 2544 511 ὡσεὶ
2595 456 2770 526 ἔλεγε,
2800 453 2862 508 τὸ
2890 452 3227 526 χρηματιζον
3250 452 3314 508 τὸ
3343 453 3495 519 ἔθνος
3528 456 3625 527 (42)

405 547 616 602 referre
689 546 872 616 possis
943 548 1010 603 ad
1078 562 1172 604 eos
1218 550 1311 619 qui
1376 559 1503 606 sunt
1567 565 1636 606 ex
1676 551 1969 608 circumci-

2073 551 2170 607 καὶ
2192 550 2394 615 πάντες
2414 551 2471 604 ὀἱ
2498 548 2705 604 ἐθνικοὶ
2724 547 3056 603 ἀπόλωνται.

400 645 574 710 sione,
611 645 791 713 gentis
846 658 977 701 vero
1027 645 1094 701 ad
1144 657 1398 704 caeteros.
1435 647 1676 706 Mortuus
1724 649 1923 706 etenim
1958 656 2044 704 est
2075 649 2167 706 hic
2203 650 2393 715 homo,
2440 660 2547 702 non
2607 653 2814 699 tantum
2853 658 2951 713 pro
2992 642 3212 712 populo,
3251 643 3350 698 sed
3391 642 3545 698 etiam
3575 660 3629 702 ne

403 747 515 793 tota
572 754 705 802 gens
755 747 972 810 pereat;
1024 749 1281 811 tanquam
1338 742 1385 800 si
1418 743 1666 812 dixisset,
1709 759 1778 800 ne
1816 745 1908 814 qui
1939 752 2201 800 vocantur
2249 757 2382 814 gens
2424 741 2567 796 inter
2598 738 2813 795 Iudaeos
2843 745 2897 793 et
2926 753 3120 793 omnes
3147 737 3378 808 gentiles
3408 749 3627 807 pereant.

390 840 393 841 '
476 833 565 888 15.
604 834 700 890 llis
756 835 1067 906 proximum
1105 844 1191 893 est
1228 854 1243 892 :
1273 855 1294 891 ι
1327 837 1494 895 [ioca
1521 839 1813 910 semetipso
1861 856 1968 895 non

404 925 543 980 dixit
568 925 636 981 ⁷⁸.
673 945 692 979 ι
732 925 847 983 Hoc
878 926 1026 984 dicto
1059 943 1157 984 nos
1193 929 1407 985 discere
1449 930 1687 1001 opinor,
1719 933 1969 1001 quaedam

407 1010 778 1075 nos'homines
806 1035 836 1075 a
866 1021 1277 1091 nobismetipsis
1306 1020 1571 1091 proferre,
1605 1022 1755 1078 nullo
1777 1022 1970 1093 spiritu

409 1117 507 1162 nos
530 1107 596 1162 ad
619 1107 672 1161 id
699 1108 1039 1177 impellente,
1076 1108 1181 1163 alia
1210 1123 1364 1174 vero,
1392 1108 1560 1164 veluti
1588 1109 1878 1164 insonante
1905 1122 1969 1163 ac

409 1207 729 1270 suggerente
782 1200 939 1255 nobis
988 1201 1186 1270 spiritu
1241 1202 1493 1270 quopiam
1540 1215 1662 1271 quae
1701 1201 1970 1266 dicamus,

406 1292 620 1346 etiamsi
644 1291 866 1346 omnino
888 1307 917 1346 a
948 1292 1105 1348 nobis
1137 1306 1242 1347 non
1280 1292 1607 1358 alienemur,
1629 1302 1687 1348 et
1718 1292 1969 1346 inconse-

409 1391 639 1449 quenter
682 1381 860 1439 affecti
897 1397 1026 1454 erga
1065 1384 1181 1454 ipsa
1228 1397 1349 1452 quae
1394 1383 1647 1451 dicimus,
1686 1383 1972 1438 videamur

411 1474 500 1528 illa
540 1474 783 1545 assequi.
828 1474 1104 1546 Contingit
1146 1485 1358 1542 autem,
1401 1485 1461 1531 ut
1508 1483 1860 1546 assequentcs
1902 1488 1969 1530 ea

407 1581 532 1637 quae
566 1567 813 1636 dicimus,
863 1583 970 1623 non
1003 1583 1360 1640 assequamur
1391 1569 1726 1624 voluntatem
1757 1575 1815 1623 et
1838 1582 1971 1623 con-

409 1636 588 1713 silium
632 1673 820 1714 eorum
859 1674 978 1729 quae
1011 1636 1302 1727 dicuntur;
1341 1659 1802 1731 quemadmodum
1832 1673 1974 1714 nunc
2003 1636 2047 1693 Β

407 1749 675 1820 Caiapbas
707 1750 973 1821 pontifex,
995 1753 1089 1821 qui
1116 1766 1217 1807 nec
1243 1767 1273 1806 a
1311 1750 1600 1821 semetipso
1621 1749 1839 1806 locutus
1865 1757 1973 1817 est,

411 1856 512 1896 nec
536 1856 754 1897 sensum
786 1842 998 1899 locutus
1029 1853 1132 1909 est,
1176 1851 1235 1897 ut
1271 1841 1644 1912 prophetiam,
1684 1840 1810 1911 quia
1849 1854 1977 1910 pro-

410 1930 648 2002 phetiam
682 1945 870 1987 eorum
890 1947 1011 2003 quae
1024 1931 1345 2002 loquebatur
1376 1946 1485 1986 non
1513 1929 1798 1987 intellexit.
1833 1929 1975 1996 Quin

410 2022 551 2091 apud
602 2020 829 2077 Paulum
884 2022 1051 2079 etiam
1084 2029 1213 2085 sunt
1237 2022 1457 2092 quidam
1508 2021 1645 2092 legis
1699 2022 1973 2089 doctores,

411 2113 1000 2185 «nequeintelligentes
1041 2129 1162 2185 qua:
1213 2115 1422 2182 dicunt,
1457 2127 1636 2185 neque
1675 2112 1743 2169 de
1779 2112 1977 2183 quibus

410 2204 684 2259 aliirmant
710 2206 780 2261 ".
814 2225 834 2259 ι
869 2206 941 2262 At
972 2220 1102 2263 vero
1133 2207 1351 2277 sapiens
1374 2221 1478 2261 non
1517 2218 1600 2261 est
1636 2204 1973 2277 hujusmodi,

407 2297 475 2350 dc
497 2310 602 2364 quo
626 2295 864 2366 loquitur
896 2298 948 2351 in
980 2296 1294 2355 Proverbiis
1339 2295 1594 2354 Salomon
1638 2296 1770 2354 ille:
1807 2314 1829 2349 ι
1871 2296 1974 2353 Sa-

409 2387 565 2456 piens
618 2388 883 2460 intelliget
931 2403 1052 2461 quae
1097 2404 1165 2445 ex
1202 2403 1302 2445 ore
1346 2403 1447 2446 suo
1477 2390 1794 2460 prodibant,
1830 2399 1886 2446 et
1919 2391 1974 2445 in

406 2477 570 2536 labiis
602 2481 717 2536 suis
751 2483 993 2551 portabit
1024 2481 1357 2552 agnitionem
1381 2483 1449 2534 ⁷⁸.
1493 2501 1514 2536 ι
1543 2483 1625 2539 Ac
1645 2498 1823 2539 meum
1846 2498 1976 2554 pro-

406 2568 549 2625 lecto
576 2581 662 2626 est
677 2572 958 2641 judicium,
986 2589 1172 2630 casum
1222 2573 1512 2645 aliquoties
1553 2574 1608 2629 in
1647 2588 1812 2630 causa
1849 2590 1974 2632 esse

406 2663 792 2731 prophetandi,
840 2674 900 2721 ut
945 2679 1087 2721 nunc
1125 2664 1381 2737 Caiapba:
1410 2665 1464 2722 in
1491 2681 1658 2723 causa
1693 2666 1797 2722 fuit
1829 2666 1974 2738 quod

411 2755 656 2829 pontifex
688 2765 835 2812 eSset
862 2758 987 2811 anni
1015 2757 1182 2824 illius,
1198 2773 1307 2829 quo
1337 2759 1631 2814 moriturus
1652 2767 1771 2814 erat
1788 2757 1973 2826 Jesus,

409 2869 515 2907 nun
560 2860 768 2906 tantum
816 2865 916 2922 pro
965 2849 1193 2922 populo,
1224 2851 1321 2907 sed
1346 2867 1416 2908 ne
1458 2860 1572 2907 tota
1599 2866 1734 2923 gens
1761 2861 1971 2923 pereat.

406 2946 543 3001 Cum
565 2943 711 2999 enim
751 2942 840 2997 alii
876 2957 1091 3015 quoque
1116 2943 1400 3014 pontifices
1437 2952 1644 3013 essent,
1681 2946 1973 3015 utperspi-
1999 2973 2045 3033 α

408 3051 571 3092 cuum
606 3043 692 3090 est
718 3049 785 3089 ex
816 3033 898 3089 his
921 3049 1040 3103 qua:
1069 3034 1126 3090 in
1156 3034 1389 3090 medium
1417 3035 1762 3105 protulimus,
1796 3037 1976 3093 nullus

407 3126 721 3199 prophetat,
775 3124 879 3181 nisi
909 3124 1152 3197 pontifex
1187 3127 1313 3182 anni
1360 3125 1507 3183 illius
1556 3142 1666 3198 quo
1713 3143 1974 3198 passurus

406 3233 532 3275 erat
580 3218 739 3275 Jesus
796 3234 1041 3274 summus
1085 3218 1351 3288 pontifex.
1404 3216 1592 3275 itidem
1646 3233 1806 3276 casus
1847 3218 1977 3275 fecit

407 3314 628 3369 nuntios
659 3310 934 3367 Saulis-ad
969 3310 1227 3366 Davidem
1259 3311 1472 3379 missos,
1519 3310 1809 3382 ipsumque
1835 3310 1976 3366 Sau-

408 3407 538 3473 lem,
568 3406 937 3476 prophetare:
980 3403 1097 3460 fere
1129 3403 1278 3462 enim
1326 3405 1453 3475 quia
1494 3404 1826 3476 quaesierunt
1872 3405 1976 3460 Da-

413 3500 524 3567 vid,
558 3497 777 3554 obvenit
799 3507 857 3551 ut
884 3496 1292 3567 prophetarent,
1318 3496 1414 3552 sed
1441 3510 1507 3552 eo
1533 3495 1691 3552 modo
1710 3511 1819 3567 quo
1845 3495 1977 3553 scri-

408 3601 558 3661 ptum
593 3598 697 3646 est.
733 3588 872 3656 Quin
911 3596 968 3642 et
997 3587 1236 3653 Balaam,
1287 3597 1560 3659 assumpta
1589 3588 1847 3659 parabola
1876 3603 1974 3643 sua

408 3699 518 3736 non
549 3681 778 3737 dixisset
805 3695 819 3733 :
858 3698 877 3732 ι
912 3679 991 3736 Ex
1023 3680 1411 3751 Mesopotamia
1439 3681 1726 3737 accersivit
1755 3695 1843 3737 me
1866 3681 1967 3748 ",9

404 3784 459 3829 et
491 3788 613 3844 quae
643 3780 967 3842 sequuntur,
992 3771 1047 3826 ni
1080 3772 1303 3827 vidisset
1331 3772 1582 3828 lsraelem
1612 3782 1973 3830 castrameta-

408 3874 522 3918 tum
573 3861 741 3917 fuisse
783 3877 799 3916 :
837 3869 893 3918 et
952 3875 1169 3930 semper
1216 3860 1377 3916 aliam
1430 3870 1641 3933 partem
1695 3863 1974 3919 exercitus

405 3954 619 4018 videns,
660 3967 728 4007 ex
778 3953 1020 4010 novitate
1061 3952 1141 4008 rei
1190 3962 1496 4027 conspectae
1543 3955 1866 4011 movebatur
1904 3957 1975 4013 ad

409 4045 697 4100 dicendum
729 4060 828 4114 pro
860 4042 1082 4102 Israele.

477 4136 639 4209 395
679 4136 768 4192 16.
803 4136 1099 4193 Moriturus
1128 4151 1261 4209 ergo
1291 4149 1413 4197 erat
1449 4141 1607 4198 Jesus
1640 4158 1738 4215 pro
1776 4152 1973 4214 gente,

404 4243 528 4297 quae
571 4227 788 4283 diversa
820 4235 940 4282 erat
966 4241 994 4280 a
1034 4224 1160 4283 ﬁliis
1209 4229 1302 4283 Dei
1352 4230 1638 4301 dispersis,
1668 4239 1727 4286 ut
1754 4232 1970 4303 perspi-

2151 837 2239 894 15.
2284 835 2441 908 Ἑξῆς
2461 834 2634 906 τούτῳ
2668 829 2780 905 (45)
2816 830 2937 886 ἔστι
2952 831 3049 885 τόδ
3087 851 3107 884 ι
3147 830 3321 886 Τοῦτο
3346 830 3626 899 ἀφ’ἔαυτοῦ

2076 929 2177 984 οὐκ
2195 924 2366 982 εἶπεν.
2404 945 2424 980 ι
2469 927 2587 995 Ἀφ’
2615 917 2676 979 οὗ
2713 923 3003 996 μανθάνειν
3034 919 3188 995 οἶμαι
3225 923 3397 994 ἡμᾶς,
3429 921 3506 975 ὃτι
3528 922 3631 975 τινὰ

2081 1021 2184 1093 μὲν
2214 1021 2265 1073 oi
2293 1017 2566 1090 ἄνθρωποι
2588 1017 2680 1088 ἀφ’
2707 1017 2915 1073 ἑαυτῶν
2937 1015 3187 1086 λέγομεν,
3215 1014 3486 1086 μηδεμιᾶς
3506 1015 3629 1085 ἡμᾶς

2077 1106 2406 1179 ἐνεργούσης
2448 1107 2527 1171 εἰς
2582 1104 2645 1160 τὸ
2677 1105 2855 1176 λέγειν
2886 1105 3190 1178 δυνάμεως,
3235 1104 3404 1175 ἔτερα
3443 1103 3499 1157 δὲ
3542 1106 3630 1157 ὠσ-

2075 1200 2234 1273 περεὶ
2276 1197 2610 1271 ὑπηχούσης,
2654 1200 2748 1254 καὶ
2768 1198 3173 1270 ὑποϐαλλούσης
3201 1197 3485 1268 δυνάμεώς
3507 1213 3630 1262 τινος

2074 1294 2209 1364 ἡμῖν
2234 1291 2305 1346 τὰ
2338 1290 2627 1362 λεγόμενα·
2664 1290 2768 1346 κᾶν
2820 1291 2896 1363 μὴ
2943 1290 3125 1345 τέλεον
3167 1288 3520 1360 ὲξιστάμεθα,
3552 1290 3629 1344 καὶ

2075 1382 2603 1456 ἀπαρακολουθήτως
2646 1382 2842 1455 ἔχομεν
2898 1384 3112 1447 ἑαυτοῖς
3132 1420 3149 1447 ,
3220 1380 3361 1436 ἀλλὰ
3414 1381 3629 1453 δοκῶμεν

2073 1473 2496 1548 παρακολουθεῖν
2553 1466 2635 1537 οἷς
2675 1473 2924 1544 λέγομεν,
2985 1472 3259 1544 ἐνδέχεται
3318 1470 3629 1542 παρακολου-

2075 1567 2303 1632 θοῦντας
2338 1567 2488 1639 ἡμᾶς
2518 1566 2732 1629 ἑαυτοῖς
2760 1559 2794 1640 ᾖ
2820 1564 3075 1637 λέγομεν,
3113 1564 3189 1637 μὴ
3222 1563 3627 1636 παρακολουθεῖν

2073 1659 2153 1732 τῷ
2181 1659 2482 1732 βουλήματι
2507 1657 2616 1714 τῶν
2651 1657 2987 1730 λεγομένων·
3019 1656 3209 1730 ὥσπερ
3255 1656 3356 1710 νῦν
3400 1656 3630 1725 Καϊάφας

2074 1758 2104 1810 6
2128 1757 2417 1828 ἀρχιερεὺς
2453 1754 2547 1810 καὶ
2588 1753 2682 1824 ἀφ’
2727 1751 2922 1808 ἑαυτοῦ
2956 1753 3057 1807 οὐκ
3087 1748 3229 1820 εἷπε,
3268 1752 3368 1806 καὶ
3402 1751 3498 1805 οὐκ
3530 1746 3627 1804 sim

2074 1849 2166 1903 τὸν
2193 1848 2340 1913 νοῦν,
2379 1848 2457 1912 ὡς
2498 1847 2852 1919 προφητείαν,
2903 1845 2999 1901 καὶ
3036 1846 3135 1918 τὴν
3179 1844 3515 1917 προφητείαν
3550 1842 3626 1898 τοῦ

2074 1941 2370 2012 λεγομένου
2395 1940 2507 2012 (44)
2540 1940 2638 1993 οὐκ
2668 1939 2901 2011 ἐδέχετο.
2935 1939 3046 1993 Καὶ
3079 1937 3233 2009 παρά
3256 1937 3456 2010 Παύλῳ
3483 1937 3535 1991 δὲ
3565 1954 3629 1992 νο-

2078 2031 2455 2105 μοδιδάσκαλοι
2474 2031 2617 2095 τινές
2633 2032 2738 2085 sict
2763 2050 2782 2084 ι
2814 2031 2889 2103 μὴ
2916 2029 3335 2102 νοοῦντες,μήτε
3359 2029 3397 2084 ἃ
3417 2028 3625 2097 λέγουσι,

2079 2125 2219 2197 μήτε
2251 2124 2381 2197 περὶ
2398 2122 2558 2178 τίνων
2576 2121 3036 2178 διαϐεϐαιοῦνται.
3077 2142 3097 2176 ι
3145 2121 3286 2176 Ἀλλ’
3312 2122 3411 2193 οὐχ
3433 2123 3462 2175 6
3491 2120 3625 2189 σοφὸς

2073 2215 2335 2281 τοιοῦτος,
2367 2215 2493 2288 περὶ
2521 2207 2582 2269 οὗ
2638 2232 2799 2287 φησιν
2839 2216 2898 2270 ἔν
2943 2215 3271 2287 Παροιμίαις
3300 2215 3331 2267 6
3375 2214 3623 2284 Σολομῶν*

2080 2322 2100 2358 ι
2130 2304 2302 2375 Σοφὸς
2323 2305 2506 2378 νοήσει
2540 2305 2608 2359 τὰ
2641 2304 2747 2360 ἀπὸ
2775 2304 2902 2360 ἰδίου
2936 2306 3225 2376 στόματος,
3250 2307 3348 2359 ἐπὶ
3372 2304 3431 2360 δὲ
3452 2304 3624 2375 χείλεσι

2077 2396 2299 2468 φορήσει
2320 2393 2786 2466 ὲπιγνωμοσύνην.
2816 2415 2835 2448 ι
2867 2396 3023 2450 Δοκεῖ
3047 2396 3103 2450 δέ
3141 2413 3256 2467 μοι,
3298 2395 3383 2449 ὅτι
3429 2396 3519 2448 καὶ
3546 2411 3624 2446 πε-

2077 2487 2324 2559 ρίστασις
2342 2487 2488 2542 αἰτία
2517 2487 2647 2540 ποτὲ
2670 2486 2878 2557 γίνεται
2908 2486 3003 2543 τοῦ
3046 2486 3435 2559 προφητεύειν,
3463 2485 3624 2551 Hiemi:

2075 2578 2172 2633 καὶ
2200 2577 2296 2634 νῦν
2335 2577 2414 2650 τῷ
2453 2578 2701 2650 Καῖάφᾳ,
2739 2577 2801 2631 τὸ
2841 2573 2981 2633 εἶναι
3033 2577 3193 2634 αὐτὸν
3251 2576 3512 2650 ἀρχιερέα
3547 2574 3623 2627 τοῦ

2075 2667 2322 2724 ἐνιαυτοῦ
2372 2668 2580 2723 ἐκείνου
2610 2662 2654 2739 ᾧ
2686 2668 2912 2741 ἔμελλεν
2951 2671 2980 2723 6
3034 2669 3241 2741 Ἰησοῦς
3285 2668 3626 2739 ἀποθνήσκειν

2077 2760 2219 2832 ὑπὲρ
2246 2759 2340 2814 τοῦ
2373 2760 2525 2827 λαοῦ,
2558 2760 2645 2816 ἵνα
2702 2760 2778 2834 μὴ
2807 2760 2928 2817 ὅλον
2964 2761 3025 2816 τὸ
3062 2761 3211 2825 ἔθνος
3245 2760 3535 2832 ἀπόληται·
3562 2758 3626 2811 6v-

2086 2870 2195 2908 των
2217 2852 2326 2924 γὰρ
2348 2853 2440 2907 καὶ
2476 2852 2651 2909 ἄλλων
2682 2853 3006 2924 ἀρχιερέων,
3048 2855 3123 2918 ὡς
3150 2853 3309 2924 δῆλον
3335 2852 3394 2919 ἔξ
3417 2847 3487 2906 ὧν
3512 2866 3623 2922 προ-

2077 2943 2450 3016 ωρεθέμεθα,
2507 2944 2680 3009 οὐδεὶς
2723 2942 3058 3016 προφητεύει
3097 2942 3131 3015 ἢ
3162 2945 3190 2997 ὁ
3228 2942 3329 2996 τοῦ
3369 2939 3621 3005 ἐνιαυτοῦ,

2074 3030 2120 3106 ᾧ
2138 3037 2330 3109 ἔμελλε
2350 3037 2580 3109 πάσχειν
2598 3040 2627 3092 6
2660 3037 2886 3110 Ἰησοῦς,
2910 3034 3216 3110 ἀρχιερεύς.
3247 3036 3562 3107 Περίστασις
3576 3031 3621 3085 δὲ

2075 3128 2439 3200 προφητεύειν
2467 3130 2729 3200 πεποίηκε
2770 3130 2864 3184 καὶ
2893 3128 2987 3183 τοῦ
3013 3127 3186 3183 Σαοὺλ
3213 3126 3477 3197 ἀγγέλους
3506 3141 3623 3194 πεμ-

2074 3219 2307 3289 φθέντας
2328 3221 2421 3274 ἐπὶ
2443 3219 2535 3275 τὸν
2568 3220 2754 3289 Δαὸὶδ,
2782 3220 2876 3275 καὶ
2906 3220 3066 3275 αὐτὸν
3110 3219 3202 3273 τὸν
3236 3217 3439 3272 Σαούλ·
3483 3215 3622 3270 οἱονεὶ

2072 3311 2184 3383 γὰρ
2210 3310 2271 3365 τὸ
2298 3310 2481 3384 ζητεῖν
2516 3313 2715 3376 αὐτοὺς
2749 3312 2840 3366 τὸν
2889 3311 3056 3364 Δαϐὶδ
3091 3312 3262 3365 αἴτιον
3292 3311 3478 3379 γέγονε
3512 3324 3621 3379 προ-

2074 3402 2322 3473 φητείας,
2355 3402 2491 3458 ἀλλὰ
2523 3404 2798 3476 τοιαύτης,
2829 3403 2987 3458 ὁποία
3012 3403 3449 3474 ἀναγέγραπται.
3488 3397 3622 3452 Ἀλλὰ

2074 3494 2170 3549 καὶ
2197 3493 2424 3566 Βαλαὰμ
2453 3494 2554 3549 οὐκ
2587 3495 2673 3563 ἂν,
2711 3493 2995 3550 ἀναλαϐὼν
3039 3493 3137 3566 τὴν
3174 3492 3491 3566 παραϐολὴν
3524 3490 3617 3559 (45)

2075 3584 2264 3652 αὐτοῦ,
2312 3580 2434 3661 εἶπε
2488 3586 2619 3653 τδ,‹
2648 3587 2743 3641 Ἐκ
2789 3584 3213 3656 Μεσοποταμίας
3265 3581 3621 3657 μετεπέμψατό

2078 3699 2167 3754 με,
2203 3702 2223 3736 ι
2256 3684 2350 3738 καὶ
2379 3686 2448 3739 τὰ
2478 3682 2622 3754 ἑξῆς,
2655 3682 2730 3754 μή
2769 3682 2892 3737 ἰδὼν
2943 3680 3036 3736 τὸν
3081 3681 3297 3754 Ἰσραὴλ
3333 3683 3620 3750 ἐστρατοπε-

2073 3775 2320 3843 δευκότα,
2359 3776 2454 3831 καὶ
2500 3776 2587 3833 ἀεὶ
2627 3776 2754 3831 ἄλλο
2795 3775 2957 3847 μέρος
3003 3773 3370 3847 στρατοπέδου
3415 3771 3616 3844 βλέπων,

2076 3866 2184 3920 ἀπὸ
2208 3868 2309 3939 τῆς
2339 3868 2657 3939 καινότητος
2682 3866 2775 3920 τοῦ
2809 3865 3138 3944 βλεπομένου
3161 3866 3392 3919 ἐκινεῖτο
3423 3862 3546 3935 πρὸς
3570 3858 3616 3912 τὸ

2074 3959 2251 4031 λέγειν
2273 3959 2514 4037 περὶτοῦ
2551 3958 2785 4032 Ἰσραήλ.

2147 4144 2235 4200 16.
2263 4144 2495 4216 Ἔμελλε
2522 4142 2700 4198 τοίνυν
2749 4140 2957 4214 Ἰησοῦς
2990 4138 3355 4210 ἀποθνήσκειν
3381 4135 3513 4204 ὑπὲρ
3533 4129 3611 4186 τοῦ

2075 4236 2279 4302 ἔθνους,
2308 4237 2445 4308 ὅπερ
2471 4234 2654 4307 ἔτερον
2681 4229 2749 4306 ἦν
2768 4232 2876 4287 τῶν
2909 4230 3409 4303 διεσκορπισμένων
3436 4227 3613 4281 τέκνων

402 4333 566 4373 cuum
589 4328 675 4373 est
696 4317 802 4373 hoc
829 4316 973 4372 dicto
1002 4335 1016 4371 :
1051 4334 1074 4370 ς
1104 4316 1370 4375 Futurum
1393 4331 1529 4387 erat,
1561 4330 1622 4376 ut
1648 4319 1806 4378 Iesus
1848 4338 1906 4375 ml

2095 4326 2234 4391 9305,
2264 4326 2341 4390 ὡς
2381 4325 2538 4396 δῆλον
2580 4325 2645 4378 ἔκ
2671 4323 2765 4378 τοῦ
2786 4341 2799 4354 ·
2842 4342 2860 4375 ι
2915 4322 3121 4395 Ἰησοῦς
3157 4321 3380 4393 ἔμελλεν
3412 4316 3616 4385 ἀποθνή-

403 4420 616 4466 reretur
644 4426 748 4466 non
785 4420 991 4466 tantum
1040 4425 1140 4482 pro
1187 4423 1375 4482 gente,
1405 4412 1498 4469 sed
1532 4416 1698 4470 etiam
1733 4425 1792 4471 ut
1827 4415 1906 4469 [ἱΙί‹

2095 4437 2223 4475 ικειν
2260 4420 2362 4490 οὐχ
2397 4417 2535 4491 ὑπὲρ
2574 4415 2669 4472 τοῦ
2714 4416 2900 4480 ἔθνους
2930 4415 3110 4488 μόνον,
3156 4414 3270 4468 ἀλλ’
3310 4414 3395 4467 ῐνα
3435 4411 3520 4465 καὶ
3558 4406 3614 4460 τὰ

403 4502 528 4567 Dei,
552 4503 645 4573 qui
674 4502 902 4573 dispersi
936 4516 1113 4569 erant,
1149 4514 1505 4576 eortgregaret
1538 4506 1591 4560 in
1627 4521 1791 4559 unum
1826 4507 1894 4562 ’⁸.

2095 4511 2237 4565 ῖέκνα
2261 4510 2354 4564 τοῦ
2381 4509 2516 4563 Θεοῦ
2539 4508 2609 4563 τὰ
2629 4507 3085 4579 διεσκορπισμένα
3114 4503 3394 4577 συναγάγῃ
3416 4504 3489 4566 εἰς
3504 4501 3571 4553 ἓν.
3592 4516 3607 4549 ι

401 4594 635 4661 Quinam
665 4608 797 4650 vero
828 4592 942 4659 alii,
978 4603 1177 4665 prater
1217 4605 1428 4665 gentes,
1467 4595 1561 4651 filii
1593 4595 1688 4651 Dei
1732 4597 1906 4667 dispet

2095 4600 2206 4653 Γίνα
2260 4600 2317 4653 δὲ
2365 4599 2437 4652 τὰ
2498 4598 2649 4671 παρά
2689 4596 2752 4652 τὸ
2805 4598 2955 4662 ἔθνος
2993 4594 3446 4668 διεσκορπισμένα
3472 4590 3610 4644 τέκνα

399 4694 587 4742 essent
621 4699 767 4740 nunc
803 4693 1016 4755 tempus
1060 4694 1145 4740 est
1184 4700 1428 4754 quaerere
1459 4703 1474 4741 :
1511 4687 1577 4741 de
1607 4688 1825 4756 quibus,
1868 4704 1901 4758 q

2095 4690 2228 4755 D506,
2249 4690 2346 4746 νῦν
2374 4691 2563 4763 καιρὸς
2587 4691 2689 4762 ἥδη
2720 4690 2923 4762 ζητεῖν.
2951 4689 3087 4761 Περὶ
3123 4688 3328 4742 τούτων
3365 4687 3426 4758 δή
3453 4686 3497 4739 οἱ
3531 4681 3612 4754 μὲν

399 4785 625 4832 naturas
651 4777 1021 4842 introducunt,
1064 4777 1262 4832 dicturi
1304 4788 1430 4834 sunt
1464 4778 1584 4834 illos
1633 4780 1726 4851 qui
1757 4780 1906 4849 judic

2095 4781 2175 4847 τὰς
2200 4782 2392 4853 φύσεις
2411 4782 2721 4852 εἰσάγοντες
2748 4781 2883 4853 (46),
2924 4783 3051 4847 τοὺς
3091 4780 3209 4835 κατ’
3252 4778 3449 4842 αὐτοὺς
3486 4790 3611 4830 πνευ-

398 4882 583 4923 eorum
612 4877 740 4922 sunt
773 4868 1101 4937 spirituales,
1130 4868 1269 4926 filios
1303 4883 1424 4926 esse
1459 4872 1575 4939 Dei,
1606 4872 1906 4946 spiritualit

2095 4876 2336 4940 ιατικοὺς
2374 4876 2639 4947 φήσουσιν
2675 4870 2910 4929 εἶναιτὰ
2935 4873 3101 4927 τέκνα
3139 4872 3231 4927 τοῦ
3273 4871 3428 4938 Θεοῦ,
3469 4882 3606 4922 πνευ-

398 4975 506 5015 ιιοιι
534 4957 894 5028 dijudicantes
941 4963 1148 5016 omnia.
1200 4961 1315 5018 Hoc
1368 4963 1512 5018 enim
1559 4964 1742 5019 dicere
1770 4980 1965 5022 conse-

398 5066 568 5123 quens
583 5038 771 5107 est'eos
783 5051 873 5122 qui
889 5059 1108 5109 naturas
1118 5066 1239 5109 esse
1255 5054 1589 5123 existimant,
1607 5055 1966 5128 intelligentes

501 5235 551 5269 "
579 5235 737 5292 Joan.
759 5251 838 5305 xl,
867 5236 958 5293 51.

470 5329 582 5402 (42)
610 5331 786 5405 Editio
811 5328 988 5405 H__u_etii
1021 5345 1305 5405 perperam
1331 5335 1383 5388 in
1411 5344 1558 5389 textu
1575 5335 1757 5399 habet,
1784 5333 1968 5405 ἔλεγον

482 5398 815 5473 ’χρηματίζω
844 5398 1239 5468 ἔθνος,ἐοιιιι“ε
1269 5404 1428 5460 ﬁdem
1463 5405 1666 5462 codicis
1718 5398 1967 5462 Bodleia-

402 5489 587 5611 “”(ιξ›)
608 5540 788 5611 codex
804 5539 1042 5611 Regius,
1069 5541 1249 5607 τοῦτο,
1275 5543 1436 5601 male.
1804 5574 1807 5579 ι

470 5607 582 5678 (44)
608 5609 702 5663 Sic
725 5607 1087 5684 liabet—codex
1110 5612 1459 5679 Bodleianus;
1492 5614 1545 5668 in
1588 5614 1757 5684 Regio
1785 5622 1962 5672 autem

405 5679 775 5737 tantummodo
802 5679 1017 5752 legitur,
1050 5681 1126 5747 ὡς
1151 5684 1483 5752 προφητείαν
1510 5679 1824 5752 λεγομένου.

1055 5239 1101 5272 ’⁵
1123 5239 1143 5294 l
1169 5238 1311 5295 Tim.
1344 5257 1383 5307 ι,
1417 5241 1469 5296 7.
1541 5241 1588 5274 ⁷⁸
1609 5238 1770 5296 Prov.
1800 5257 1911 5309 xvt,
1933 5242 2025 5302 2'5.
2122 5242 2167 5274 "
2190 5239 2351 5296 Num.
2380 5255 2537 5307 χχιιι,
2568 5239 2622 5294 7.

2075 4967 2318 5039 ματικῶς
2365 4969 2467 5021 οὐκ
2509 4966 2896 5038 ἀνακρίναντες
2937 4965 3173 5030 πάντας”
3206 4963 3361 5018 τοῦτο
3387 4962 3483 5034 γὰρ
3507 4960 3606 5013 ἁκο-

2070 5059 2249 5115 λουθεῖ
2309 5061 2485 5131 λέγειν
2540 5061 2654 5123 τοῖς
2731 5059 2921 5130 φύσεις
2979 5055 3118 5114 εἶναι
3173 5057 3462 5129 οἰομένοις,
3528 5049 3605 5104 καὶ

2724 5239 2769 5272 ⁷⁸
2789 5238 2944 5295 Joan.
2972 5254 3046 5303 ιιι,
3075 5238 3134 5293 51
3150 5278 3165 5305 ,
3187 5238 3275 5293 5‘3.

2145 5292 2271 5405 (65)—
2699 5292 2806 5388 Sicv
2822 5292 2981 5407 recte
2991 5292 3165 5407 codex
3190 5331 3384 5407 Regius
3398 5328 3599 5407 ;_Ferra:

2074 5401 2193 5460 rius
2224 5401 2351 5458 vero
2380 5403 2574 5471 legisse
2601 5401 2817 5456 videtur
2845 5401 3135 5465 ἀναόοΗιν,
3163 5404 3323 5456 vertit
3348 5402 3501 5461 enim,
3527 5401 3597 5448 cui

2077 5476 2371 5544 recepisset
2395 5473 2729 5538 dilationem,
2757 5472 3007 5539 dixisset,
3045 5493 3064 5526 ι
3095 5483 3229 5539 etc.,
3264 5485 3319 5527 ut
3341 5472 3392 5525 iu
3437 5477 3598 5523 nostro

2076 5553 2256 5686 mitia
2276 5615 2340 5667 οι
2359 5612 2475 5683 μὲν
2504 5615 2613 5682 τὰς
2639 5614 2853 5685 φύσεις
2875 5611 3233 5683 εῑσάΐίητεσ·
3252 5604 3592 5671 ν³¹⁰¹¹ίί¹¹ί³“ί’

2075 5686 2141 5741 de
2167 5687 2365 5753 quibus
2389 5700 2573 5754 supra.
