3712 6138
128 315 235 372 7‘35

1131 320 1490 377 COMMENT.
1534 321 1601 377 IN
1639 320 1830 378 JOAN.
1867 319 2105 378 TOMUS
2138 317 2377 377 XXVIII.
3289 315 3391 371 7‘26

119 437 276 511 παρά
312 437 375 492 τὸ
405 439 500 493 τοῦ
529 439 642 513 (47)
688 440 1012 497 ’Δποστόλου
1062 443 1310 516 βούλημα
1343 447 1543 499 ἐννοεῖν
1585 446 1679 499 τοὺ

1853 459 1918 500 oc
1949 442 2274 500 vocabulum
2314 439 2627 510 spirituales
2656 445 2856 509 praeter
2886 434 3218 493 voluntatem
3245 438 3392 508 Apo-

121 549 258 584 πνευ
275 535 557 604 ματικοὺς,
610 533 988 600 διδάσκοντος,
1043 538 1126 590 ὅτι
1164 557 1182 588 ι
1232 539 1290 591 '0
1344 538 1682 609 πνευματικὸ

1851 537 1938 592 loli
1980 537 2211 592 dicentis
2232 535 2322 587 "z
2362 553 2382 586 ι
2416 530 2730 603 Spiritualis
2778 531 2961 585 omnia
2998 527 3292 598 diiudicat,
3330 538 3388 586 et

120 625 408 699 ἀνακρίνει
457 626 654 691 πάντα,
701 627 795 680 καὶ
848 628 939 681 ὐπ’
993 628 1204 694 οὐδενὸς
1248 632 1631 702 ἀνακρίνεται·

1851 645 1928 685 )sc
1966 645 1995 683 a
2032 629 2178 683 nullo
2215 627 2578 696 diiudicatur;
2611 643 2630 676 ι
2663 623 2861 694 quibus
2893 623 3074 678 verbis
3117 621 3386 685 edicitur.

117 715 211 768 τού
224 736 304 789 τῳ
331 717 388 772 δὲ
417 717 716 783 ἀκολουθεῖ,
765 719 855 774 τὸν
908 719 982 792 μὴ
1027 720 1388 792 ἀνακρίνοντα
1425 724 1601 778 πάντα
1635 724 1711 794 μὴ

119 804 266 864 εἶναι
321 814 721 885 πνευματικὸν,
768 813 803 884 ἢ
866 812 1090 886 μηδέπω
1136 809 1276 873 εἶναι
1322 817 1710 888 πνευματικόν,

133 901 300 958 Ἀλλά
323 906 416 958 καὶ
447 906 501 960 εῖ
528 924 610 971 τις
633 907 738 960 ὑπό
759 924 904 971 τινος
937 906 1310 980 ἀνακρίνεται,
1338 909 1460 962 ἐπεὶ
1489 910 1518 962 ὁ
1550 926 1710 964 πνευ-

125 996 357 1066 ματικὸς
399 999 489 1051 ὑπ’
520 998 731 1062 οὐδενὸς
765 1000 1135 1070 ἀνακρίνεται,
1169 1001 1269 1054 οὐκ
1309 999 1423 1054 ἔστι
1461 1018 1708 1073 πνευμα-

121 1087 295 1151 τικὸς,
321 1087 480 1158 οὐκ
506 1089 622 1143 ἐστι
675 1108 761 1144 πω
794 1091 1178 1163 πνευματικός.
1214 1092 1432 1165 Μήποτ’
1470 1089 1562 1148 οῦν
1588 1094 1709 1166 βέλε-

121 1195 235 1233 τιον
258 1179 459 1248 λέγειν,
487 1181 568 1234 ὅτι
589 1182 797 1250 γίνεταί
817 1200 902 1247 τις
929 1184 1317 1255 πνευματικὸς,
1349 1185 1411 1238 ού
1445 1185 1708 1257 πρότερον

122 1270 217 1334 ὣν,
249 1271 399 1335 ὅστις
428 1273 526 1346 ήδη
563 1274 661 1327 καὶ·
689 1275 896 1347 κυρίως
935 1277 1083 1331 ἐστὶν
1115 1277 1229 1341 υἱὸς
1267 1275 1423 1331 Θεοῦ.
1459 1277 1593 1332 Τίνα
1615 1275 1707 1332 οῦν

121 1363 236 1416 ἐστι
272 1363 344 1416 τά
373 1363 640 1436 λεγόμενα
677 1365 772 1420 νῦν
818 1366 984 1422 τέκνα
1027 1368 1187 1437 Θεοῦ,
1235 1370 1283 1422 εἰ
1320 1370 1393 1442 μή
1428 1371 1535 1423 εἰσι
1565 1369 1707 1424 κατά

120 1455 248 1518 τοὺς
279 1456 599 1524 εἰσάγοντας
640 1457 740 1522 τάς
785 1459 976 1528 φύσεις
1021 1465 1396 1534 πνευματικοὶ,
1432 1462 1550 1536 ὥρα
1590 1481 1707 1517 σκο-

122 1550 276 1600 πεῖν’
318 1551 413 1602 καὶ
445 1549 546 1621 ὅρα
572 1551 621 1603 εἰ
653 1551 820 1604 τέκνα
865 1551 999 1606 Θεοῦ
1043 1553 1506 1628 διεσκορπισμένα
1542 1557 1706 1630 ἕτερα

1814 731 1872 775 ιιι
1897 722 1989 790 qui
2020 722 2200 776 omnia
2245 735 2352 776 non
2391 718 2668 789 dijudicet,
2703 716 2786 770 vel
2818 731 2923 770 non
2949 715 3021 770 sit
3059 716 3382 785 spiritualis,

1811 813 1898 868 vel
1930 815 2165 869 nondum
2197 814 2273 868 sit
2303 811 2630 884 spiritualis.
2661 808 2802 877 Quin
2840 808 2886 864 si
2908 808 3030 878 quis
3057 806 3392 877 diiudicatur.

1810 906 1878 961 ab
1899 905 2098 972 aliquo,
2136 905 2396 974 quoniam
2425 900 2729 973 spiritualis
2756 915 2787 954 a
2840 899 2986 955 nullo
3027 898 3377 968 diiudicatur,

1810 997 1897 1052 vcl
1929 1013 2032 1052 non
2059 1006 2146 1052 est
2177 995 2494 1066 spiritualis,
2531 993 2615 1047 vel
2635 993 2870 1048 nondum
2891 991 3211 1061 spiritualis.
3247 991 3392 1047 Vide

1810 1105 1937 1144 vero
1989 1105 2058 1144 an
2107 1103 2213 1143 non
2260 1087 2455 1143 meiius
2495 1085 2781 1140 dicendum
2837 1084 2910 1139 sit
2962 1082 3101 1138 eﬁici
3144 1082 3385 1154 aliquem

1807 1181 2168 1252 Spiritualem,
2208 1181 2299 1252 qui
2337 1187 2508 1235 antea.
2531 1193 2637 1234 non
2682 1185 2849 1243 esset,
2884 1175 2978 1246 qui
3013 1175 3232 1244 proprie
3265 1174 3377 1244 jam

1809 1276 1951 1330 [ilius
1998 1275 2161 1330 etiam
2195 1273 2289 1328 Dei
2325 1280 2427 1327 est.
2467 1271 2700 1338 Quinam
2751 1268 2918 1338 igitur
2955 1268 3065 1322 sint
3107 1268 3199 1336 qui
3234 1281 3380 1320 nunc

1806 1367 2059 1420 dicuntur
2083 1365 2180 1421 lilii
2211 1364 2330 1430 Dei,
2363 1363 2408 1418 si
2435 1377 2542 1418 non
2568 1371 2694 1416 sunt
2715 1359 2771 1414 hi
2795 1359 2888 1430 qui
2920 1357 3233 1429 spirituales
3249 1364 3378 1412 sunt

1799 1456 2002 1526 judicio
2033 1473 2218 1513 eorum
2242 1457 2333 1527 qui
2376 1465 2600 1510 naturas
2635 1453 3012 1517 introducunt,
3053 1460 3265 1520 tempus
3293 1456 3380 1504 est

1803 1550 2158 1606 considerare
2187 1568 2200 1604 :
2235 1559 2294 1604 et
2323 1547 2448 1602 vide
2476 1562 2544 1600 an
2594 1544 2736 1600 filios
2791 1544 2884 1599 Dei
2911 1543 3210 1613 dispersos,
3239 1540 3377 1599 alios

121 1640 272 1713 παρά
312 1641 374 1695 τὸ
413 1639 565 1706 ἐθνος
600 1642 826 1697 δύνασαι
861 1649 1001 1700 νοεῖν
1049 1649 1176 1711 τοὺς
1220 1648 1342 1721 ήδη,
1392 1649 1480 1702 ὅτε
1529 1649 1682 1703 ταῦτα

1862 1642 2130 1714 gentibus,
2157 1639 2462 1710 intelligere
2489 1635 2670 1706 possis
2707 1649 2800 1690 eos
2821 1649 2942 1691 esse
2977 1634 3069 1703 qui
3097 1632 3209 1703 jam
3237 1631 3372 1703 justi

120 1733 356 1802 ἐλέγετο,
417 1735 659 1800 δικαίους
702 1739 759 1791 ὲν
807 1737 949 1810 Θεῷ,
997 1739 1108 1794 εἴτε
1158 1743 1682 1814 προκεκοιμημένους

1851 1744 1958 1789 rant
1997 1735 2052 1789 in
2098 1733 2233 1800 Deo,
2277 1748 2400 1788 cum
2434 1733 2552 1786 haec
2591 1737 2802 1786 tantum
2851 1727 3196 1793 dicerentur;
3257 1725 3375 1782 sive

120 1828 482 1899 πατριάρχας.
543 1827 577 1900 ἢ
637 1803 955 1903 προφήτας,
1013 1833 1048 1904 ἦ
1095 1803 1247 1897 τινας
1304 1803 1518 1899 ἀλλο-υς.
1545 1803 1682 1888 ἐκλεέ

1851 1827 2149 1882 ιιῐίιιιιοιιιιε
2183 1827 2273 1896 qui
2303 1825 2414 1894 jam
2443 1835 2605 1879 antea
2661 1837 2693 1878 e
2735 1821 2847 1876 vita
2883 1828 3250 1884 excesserant,
3286 1817 3370 1872 vel

118 1919 278 1982 κτοὺς
315 1919 410 1973 τοῦ
454 1919 610 1986 Θεοῦ,
665 1922 775 1974 εἴτε
835 1923 932 1977 καὶ
991 1925 1116 1988 τοὺς
1165 1926 1266 1997 ήδη
1321 1925 1440 1979 τότε
1487 1927 1682 2000 ἰσχύον-

1851 1919 2212 1991 -ophetas,vel
2241 1921 2507 1989 quosdam
2530 1917 2666 1972 alios
2692 1917 2788 1972 Dei
2814 1915 3036 1981 electos,
3064 1912 3179 1968 sive
3204 1913 3368 1968 etiam

115 2027 242 2074 τας·
293 2011 373 2075 ὡς
425 2012 534 2083 γὰρ
591 2013 946 2086 ὑπαρχόντων
1021 2016 1128 2070 τῶν
1186 2019 1475 2089 ἰσχυόντων
1499 2059 1514 2085 ,
1601 2019 1682 2074 κατ

1851 2029 1890 2069 ιε
1935 2013 2025 2084 qui
2067 2027 2164 2084 per
2210 2012 2262 2066 id
2312 2011 2573 2082 temporis
2617 2008 2737 2065 sani
2779 2016 2973 2073 erant;
3018 2005 3174 2076 quasi
3223 2005 3366 2060 enim

120 2105 251 2175 μηδὲ
303 2106 626 2171 νοσούντων,
677 2108 874 2180 φησίν⁸
935 2128 955 2161 ι
1023 2111 1097 2164 Οὐ
1143 2111 1335 2183 χρείαν
1389 2111 1601 2182 ἔχουσιν
1647 2118 1682 2167 oi

1851 2106 1960 2176 iqui
1983 2106 2099 2160 sani
2132 2113 2334 2171 essent,
2368 2113 2422 2160 et
2454 2119 2561 2158 non
2584 2110 2930 2169 aagrotantes,
2963 2099 3173 2169 inquit:
3205 2118 3223 2151 ι
3247 2098 3366 2153 Non

120 2197 393 2267 ἰσχύοντες
438 2199 645 2271 ἰατροῦ,
685 2200 801 2254 ἀλλ’
837 2202 886 2254 οἰ
930 2203 1118 2267 κακῶς
1152 2203 1397 2274 έχοντεςυ
1434 2223 1453 2257 ι
1489 2207 1583 2258 καὶ
1615 2205 1682 2270 ὡς

1851 2214 1930 2252 ius
1963 2197 2181 2262 habent,
2207 2197 2300 2266 qui
2335 2195 2454 2250 sani
2483 2203 2634 2262 sunt,
2662 2191 2894 2257 medico,
2925 2191 3018 2247 sed
3058 2205 3201 2261 aegre
3229 2188 3366 2245 all'e—

115 2289 279 2344 δντων
332 2291 559 2346 δικαίων
605 2292 784 2362 λέγει’
839 2311 858 2346 ι
908 2295 1023 2349 Οὐκ
1071 2296 1306 2368 ἐλήλυθα
1353 2297 1580 2351 καλέσαι
1622 2299 1682 2352 δι·

1854 2293 1976 2358 ἱ⁸⁰;
2008 2310 2028 2344 ›
2062 2301 2116 2346 et
2160 2291 2313 2361 quasi
2347 2299 2532 2346 essent
2577 2289 2746 2345 etiam
2789 2285 2954 2358 aliqui
2996 2285 3152 2358 justi,
3180 2284 3314 2339 dicit
3348 2299 3365 2336 :

116 2382 316 2446 καίους,
342 2383 481 2437 ἀλλά
512 2384 872 2457 ἁμαρτωλοὺς
906 2388 987 2450 είς
1025 2389 1330 2458 μετάνοιαν.
1373 2409 1392 2442 ι
1429 2391 1682 2463 Ἐμελλεν

1851 2385 1956 2440 Non
1987 2385 2107 2439 veni
2141 2397 2335 2438 vocare
2356 2383 2555 2451 justos,
2598 2382 2694 2438 sed
2727 2389 3043 2450 peccatores
3079 2377 3146 2433 ad
3183 2376 3362 2449 pinni-

114 2469 202 2528 οῦν
247 2476 456 2547 Ἰησοῦς
495 2477 859 2549 ἀποθνήσκειν
900 2479 1043 2552 ὑπὲρ
1086 2480 1184 2552 μὲν
1227 2481 1322 2535 τοῦ
1351 2482 1558 2549 ἔθνους,
1606 2484 1682 2539 ἵνα

1851 2477 2019 2533 ntiam
2033 2477 2099 2532 ω.
2141 2493 2162 2528 ι
2189 2475 2483 2531 Moriturus
2510 2475 2696 2544 itaque
2717 2473 2876 2528 Jesus
2903 2479 3024 2527 erat
3051 2486 3148 2540 pro
3177 2477 3364 2540 gente,

119 2566 188 2637 μὴ
220 2567 522 2640 ἀπόληται·
553 2571 692 2643 ὑπὲρ
729 2571 787 2626 δὲ
819 2572 927 2626 τῶν
953 2574 1158 2629 τέκνων
1192 2574 1286 2629 τοῦ
1341 2575 1476 2629 Θεοῦ
1523 2576 1682 2630 ὅντων

1851 2585 1986 2624 χηοη
2019 2569 2252 2638 periret;
2298 2582 2399 2638 pro
2438 2566 2565 2622 ﬁliis
2611 2581 2744 2621 vero
2775 2565 2892 2633 Dei,
2936 2564 3028 2634 qui
3064 2565 3117 2617 in
3147 2564 3362 2632 disper-

116 2657 170 2710 ἐν
199 2658 636 2734 διασκορπισμῷ,
668 2664 756 2718 ἵνα
787 2666 1125 2737 ωναχθῶσιν
1157 2670 1237 2732 εἰς
1274 2668 1370 2723 ἐνα
1397 2669 1572 2739 λόγον,
1598 2673 1682 2725 καὶ

1851 2677 1947 2717 one
1964 2671 2143 2725 erant,
2167 2669 2228 2714 ιιι
2257 2668 2728 2730 congregarentur
2750 2659 2804 2712 in
2836 2672 3004 2711 unum
3029 2669 3362 2717 sermonem,

116 2752 445 2823 γενήσωνται
481 2753 591 2826 (48)
623 2756 722 2826 μία
753 2757 980 2830 ποίμνη,
1009 2755 1091 2822 εἷς
1121 2762 1326 2833 ποιμήν
1349 2779 1361 2792 ·
1405 2763 1496 2816 ὅτε
1539 2759 1682 2836 οἶμαι

1851 2764 2088 2822 :rentque
2135 2766 2274 2806 unus
2309 2765 2438 2820 grex
2461 2791 2476 2819 ,
2525 2765 2666 2805 unus
2703 2757 2930 2819 pastor:
2959 2749 3196 2819 quando,
3239 2760 3363 2802 mea

118 2843 456 2914 πληροῦσθαι
478 2845 576 2918 τὴν
597 2849 691 2902 τοῦ
717 2850 971 2922 Σωτῆρος
999 2852 1186 2924 εὐχὴν,
1212 2852 1480 2924 λέγοντοςο
1517 2874 1536 2907 ι
1571 2857 1682 2910 Ἵνα

1853 2846 2085 2908 ntentia,
2111 2843 2422 2899 Servatoris
2448 2842 2690 2912 precatio
2717 2840 3031 2911 implebitur
3071 2839 3306 2894 dicentis
3342 2856 3358 2895 :

117 2932 220 3018 ἐγὼ
247 2938 430 2990 καὶσὺ
458 2937 569 3009 (49)
604 2939 661 2992 ἓν
696 2939 884 3010 ἐσμεν,
921 2941 1008 2994 ἵνα
1040 2943 1134 2996 καὶ
1175 2945 1330 2998 αὐτοὶ
1358 2947 1416 2999 ἐν
1460 2948 1590 3018 ἡμῖν
1629 2947 1682 3002 ἓν

1851 2937 2032 3008 Utego
2049 2946 2104 2992 et
2125 2949 2178 2992 tu
2211 2951 2374 2990 unum
2405 2950 2611 3000 sumus,
2636 2945 2696 2988 ut
2727 2943 2783 2988 et
2810 2933 2910 3003 ipsi
2947 2947 3108 2987 unum
3133 2932 3355 2988 sint“.s

117 3017 257 3080 ὦσιν.
301 3047 320 3079 ι
348 3029 414 3081 Εἰ
437 3028 493 3081 δέ
519 3047 570 3083 τι
609 3033 702 3084 καί
737 3031 1034 3105 βαθύτερόν
1063 3037 1178 3088 ἐστι
1204 3037 1332 3107 περὶ
1374 3017 1587 3111 Ἰσραὴλ
1624 3039 1682 3095 οὐ

1853 3045 1885 3082 n
1925 3045 2054 3084 vero
2085 3030 2150 3085 de
2187 3028 2404 3084 lsraelis
2436 3042 2542 3083 non
2583 3036 2800 3094 natura,
2831 3027 2924 3083 sed
2962 3041 3164 3098 genere
3195 3026 3360 3081 altius

118 3117 338 3188 φύσεως,
389 3120 529 3175 ἀλλά
583 3122 772 3190 γένους
817 3126 1011 3187 εἰπεῖν,
1066 3127 1194 3198 περὶ
1242 3120 1303 3180 οὗ
1343 3129 1682 3203 γέγραπται,

1851 3120 1988 3190 iquid
2017 3121 2306 3177 dicendum
2347 3121 2452 3186 sit;
2496 3121 2562 3176 de
2590 3133 2699 3189 quo
2745 3133 2868 3174 cum
2913 3118 2967 3173 in
3021 3118 3359 3187 dispersione

122 3229 140 3261 ι
171 3211 291 3274 Υἱὸς
319 3211 666 3284 πρωτότοκός
704 3230 806 3284 μου
843 3215 1062 3288 Ἰσραήλ
1093 3218 1231 3282 ἐστι,
1264 3237 1282 3270 ι
1310 3222 1601 3292 γενομένου
1626 3225 1682 3278 ἐν

1852 3223 1949 3277 set,
2008 3213 2271 3284 scriptum
2309 3223 2393 3269 est
2429 3229 2443 3266 :
2487 3230 2508 3264 ι
2551 3211 2952 3282 Primogenitus
3003 3226 3159 3266 meus
3211 3209 3355 3267 ﬁlius

117 3301 543 3375 δωσκορπισμῷ,
576 3307 670 3359 καῖ
699 3306 859 3370 αὐτὸς
906 3308 1239 3378 ἐπιστήσεις,
1270 3310 1346 3375 ὡς
1379 3307 1519 3367 εἶναι
1565 3315 1682 3368 τού-

1851 3307 1953 3361 rael
1977 3304 2167 3370 est",i
2186 3305 2286 3360 boc
2301 3306 2459 3361 etiam
2478 3304 2592 3376 ipse
2606 3305 2838 3371 notabis,
2864 3305 3018 3375 quasi
3045 3304 3098 3359 hi
3127 3304 3236 3359 sint
3260 3304 3354 3359 filii

117 3413 236 3481 τους
268 3397 335 3451 τὰ
371 3400 541 3452 τέκνα
573 3400 667 3454 τοῦ
723 3400 859 3455 Θεοῦ
905 3400 975 3454 τὰ
1018 3401 1499 3476 διεσκορπισμένα,
1545 3406 1682 3481 ὑπὲρ

1851 3399 1883 3453 :i
1918 3399 2172 3469 dispersi,
2199 3415 2298 3470 pro
2324 3399 2522 3468 quibus
2551 3399 2850 3466 moriturus
2882 3399 2956 3454 sit
2981 3397 3161 3466 Jesus,
3185 3405 3243 3454 ut
3261 3411 3359 3454 eos

118 3478 186 3539 ὧν
215 3486 437 3558 ἔμελλεν
465 3492 828 3564 ἀποθνήσκειν
865 3493 1092 3567 Ἰησοῦς,
1121 3495 1208 3550 ἵνα
1235 3497 1373 3551 αὐτά
1403 3478 1683 3574 συναγάγή
1787 3491 1842 3545 in
1871 3506 2038 3550 unum
2072 3498 2448 3562 congregaret.
2533 3509 2538 3524 ε

119 3580 190 3643 εἰς
218 3580 291 3634 ἓν.

182 3669 264 3730 I7.
302 3692 321 3726 ι
373 3674 498 3729 Ἀπ’
534 3676 749 3750 ἐκείνης
780 3674 872 3734 οὖν
924 3682 1024 3752 τῆς
1072 3683 1282 3756 ἡμέρας
1334 3686 1683 3741 συνεϐουλεύ-

119 3780 284 3834 σαντο,
319 3767 409 3820 ἵνα
435 3769 827 3825 ἀποκτείνωσιν
882 3774 1064 3828 αὐτόν.
1108 3795 1127 3827 ι
1176 3779 1238 3831 Ui
1271 3777 1548 3850 ἀρχιερεῖς
1589 3781 1684 3834 καὶ

117 3857 170 3909 οἰ
191 3858 488 3930 Φαρισαῖοι,
543 3864 940 3934 συναγαγόντες
989 3867 1283 3940 συνέδριον,
1339 3871 1437 3924 καὶ
1481 3873 1684 3943 σκεψά-

119 3965 256 4019 μενοι
299 3954 429 4024 περὶ
472 3954 566 4024 τοῦ
620 3957 870 4028 Σωτῆρος
907 3958 1064 4030 ήμῶν
1108 3961 1164 4013 τί
1212 3962 1362 4034 αὐτῷ
1405 3967 1678 4037 ποιητέον,

118 4041 282 4106 αὐτοῖς
325 4044 554 4114 Καῖάφα
609 4045 702 4099 τοῦ
754 4047 1056 4118 ἀρχιερέως
1100 4047 1170 4102 τά
1220 4053 1682 4126 προεκτεθειμένα

117 4132 362 4196 εἰπόντος,
411 4135 509 4188 καὶ
543 4133 653 4205 (50)
705 4136 807 4190 ὑπὸ
850 4136 959 4190 τῶν
1000 4137 1173 4206 λόγων
1209 4139 1375 4192 αὑτοῦ
1421 4142 1682 4213 παροξυν-

119 4220 322 4288 θέντες,
378 4225 866 4280 συνεϐουλεύσαντο
908 4228 998 4282 ἵνα
1037 4229 1401 4284 ἀποκτείνωσι
1444 4232 1535 4286 τὸν
1574 4232 1681 4286 Κύ-

1856 3675 2130 3748 39617.
2170 3694 2190 3728 ι
2230 3677 2312 3731 Ab
2339 3675 2429 3731 illo
2463 3689 2593 3746 ergo
2628 3673 2714 3729 die
2735 3673 3112 3730 consultarunt
3133 3685 3262 3736 una,
3296 3679 3354 3724 ut

1785 3769 2152 3826 interﬁcerent
2171 3782 2293 3823 eum
2311 3767 2376 3822 “.
2391 3785 2412 3820 ι
2434 3766 2722 3823 Pontiﬁces
2740 3780 2791 3822 et
2807 3765 3091 3830 Pbarisai,
3109 3764 3199 3834 qui
3217 3778 3351 3818 conu-
3365 3783 3381 3789 -

1785 3862 1970 3917 cilium
1997 3861 2349 3931 collegerant,
2398 3870 2454 3916 et
2505 3861 2982 3917 oonsideraverant
3015 3858 3143 3927 quid
3171 3855 3354 3912 facere

1783 3953 2043 4009 deberent
2081 3952 2366 4008 Servatori-
2403 3963 2589 4009 nostro
2621 3953 2767 4022 (cum
2805 3951 3077 4021 Caiaphas
3109 3947 3357 4020 pontifex.

1783 4062 1905 4118 quae
1938 4048 2193 4118 superius
2211 4047 2562 4116 exposuimus
2592 4046 2840 4110 dixisset,
2870 4055 2926 4100 et
2953 4043 3111 4114 hujus
3143 4054 3352 4097 sermo-

1783 4142 1944 4197 nibus
1971 4143 2198 4197 fuissent
2219 4140 2471 4205 incitati),
2503 4138 2885 4195 consultarunt
2917 4152 3026 4190 una
3053 4146 3112 4189 nt
3139 4136 3352 4188 interli-

1781 4244 1970 4289 cerent
1997 4233 2304 4288 Dominum.
2330 4233 2597 4300 Quocirca
2635 4246 2846 4302 quaeres
2876 4245 2984 4300 quo
3012 4228 3206 4299 spiritu
3231 4242 3350 4296 pro-

123 4331 240 4384 ριον.
271 4317 469 4389 Διόπερ
499 4315 755 4389 ζητήσεις
786 4319 894 4372 ἀπὸ
920 4321 1073 4374 ποίου
1109 4321 1418 4392 πνεύματος
1445 4327 1680 4398 προεφή-

1851 4325 2022 4380 ηοιιινίι
2065 4323 2250 4380 Jesum
2308 4327 2625 4379 moriturum
2672 4339 2771 4394 pro
2813 4334 3012 4392 gente;
3065 4330 3122 4376 et
3165 4329 3346 4374 utrum

119 4421 311 4472 τευσεν,
348 4409 428 4463 ὃτι
462 4408 684 4480 ἔμελλεν
745 4411 953 4483 Ἰησοῦς
1009 4412 1372 4484 ἀποθνήσκειν
1409 4415 1549 4488 ὑπὲρ
1580 4419 1674 4472 τοῦ

1851 4422 2000 4469 nctus
2015 4414 2244 4484 Spiritus
2265 4415 2401 4469 hanc
2422 4414 2582 4468 etiam
2597 4415 2650 4467 in
2674 4429 2732 4468 re
2751 4420 3004 4482 operatus
3025 4411 3115 4473 sit,
3131 4419 3342 4463 auctor-

121 4495 285 4562 ἔθνους
302 4517 315 4530 ·
353 4503 449 4554 καὶ
474 4502 699 4575 πότερον
724 4503 785 4556 τὸ
814 4503 968 4571 ἆγιον
997 4504 1222 4576 Πνεῦμα
1249 4507 1341 4558 καὶ
1365 4507 1423 4560 ἐν
1447 4509 1671 4582 τοιούτῳ

1851 4523 1890 4563 ιθ
1907 4505 2070 4562 fuerit
2084 4505 2290 4562 consilii
2306 4505 2564 4562 adversus
2583 4505 2790 4569 Jesum;
2810 4518 2880 4557 an
2895 4500 3217 4571 illequidem
3241 4514 3351 4554 non

121 4588 389 4663 ἐνήργησε,
423 4597 518 4647 καὶ
541 4595 711 4648 αἴτιον
743 4597 1032 4667 γεγένηται
1063 4598 1162 4668 τῆς
1186 4600 1326 4654 κατά
1355 4600 1450 4655 τοῦ
1501 4603 1674 4673 Ἰησοῦ

1851 4601 1967 4665 erit,
1987 4599 2082 4655 sed
2102 4598 2239 4654 alius
2256 4599 2503 4669 spiritus,
2521 4598 2707 4653 valens
2724 4598 2779 4652 in
2800 4595 2966 4665 impio
2987 4596 3154 4649 etiam
3174 4592 3346 4661 loqui,

123 4681 428 4754 συμϐουλῆς,
452 4683 485 4755 ἢ
509 4685 610 4736 οὐκ
627 4687 802 4738 ἐκεῖνο
826 4687 922 4757 μὲν
940 4683 1054 4750 οὖν,
1072 4688 1197 4742 ἄλλο
1218 4689 1294 4755 δὲ,
1313 4689 1373 4743 τὸ
1397 4692 1507 4762 (51)
1525 4693 1677 4747 δυνά-

1851 4692 1994 4761 )ἰῳιο
2025 4689 2232 4744 similes
2273 4690 2560 4744 adversum
2585 4685 2769 4742 Jesum
2804 4699 3042 4748 movere,
3071 4680 3348 4737 nihilomi-

123 4789 266 4841 μενον
293 4775 384 4828 καὶ
416 4777 475 4828 ἐν
508 4776 585 4846 τῷ
616 4777 802 4830 ἀσεϐεῖ
847 4778 1094 4849 λαλῆσαι,
1141 4782 1234 4834 καὶ
1284 4785 1412 4847 τοὺς
1452 4786 1672 4855 ὁμοίους

1855 4799 1880 4837 s
1900 4783 2062 4837 etiam
2091 4781 2298 4836 videret
2327 4780 2532 4850 aliquid
2558 4793 2684 4848 erga
2700 4777 2905 4841 Iesum,
2928 4785 2987 4832 ut
3023 4790 3122 4846 pro
3145 4773 3352 4827 viribus

123 4864 293 4937 ἐκείνῳ
325 4869 465 4922 κατά
514 4869 607 4923 τοῦ
663 4870 836 4940 Ἰησοῦ
881 4872 1134 4943 κινῆσαι,
1182 4875 1334 4928 οὐδὲν
1374 4871 1535 4948 ἦττον
1580 4881 1673 4934 καὶ

1851 4878 2028 4947 peritis
2075 4877 2488 4946 exquisivimus.
2519 4874 2697 4942 Atque
2745 4872 2968 4926 omnino
2995 4869 3085 4939 qui
3122 4881 3349 4939 respon-

123 4954 251 5026 ἐώρα
290 4960 400 5032 (52)
451 4979 503 5014 τι
543 4963 624 5025 εἰς
667 4961 758 5015 τὸν
815 4964 1054 5033 Ἰησοῦν,
1107 4965 1182 5028 ὠς
1237 4966 1380 5020 κατά
1443 4968 1670 5041 δύναμιν

1851 4966 1924 5025 re
1953 4969 2186 5024 voluerit
2231 4967 2494 5040 Spiritum
2542 4975 2792 5020 sanctum
2839 4973 3122 5018 auctorem
3176 4962 3347 5016 videri

180 5047 220 5076 ⁷³
251 5048 264 5099 I
295 5049 414 5103 Cor.
446 5067 502 5106 ιι.
539 5068 629 5106 xv.
703 5053 756 5084 δα
775 5051 963 5108 Matth.
992 5071 1072 5123 ix,
1102 5056 1189 5111 12.
1299 5056 1344 5087 ⁸⁸
1372 5058 1538 5116 Marc.
1566 5077 1627 5128 ιι,
1659 5062 1682 5115 1

121 5115 160 5148 ⁸⁵
181 5114 324 5174 Joan.
360 5136 438 5185 xi,
465 5122 551 5176 55.

1853 5061 1992 5117 atth.
2024 5078 2102 5130 Ix,
2130 5061 2218 5117 i5.
2295 5060 2339 5093 ⁸⁸
2361 5058 2520 5116 Joan.
2555 5073 2688 5125 xvn,
2716 5058 2809 5112 21.
2883 5055 2930 5088 ⁸³
2959 5055 3131 5112 Exod.
3157 5071 3231 5121 iv,
3254 5055 3346 5112 23.

186 5210 482 5290 _(47)I‘;ditio
535 5216 910 5290 IIuetii,jrobq
956 5218 1144 5286 φύσεις
1190 5215 1328 5275 εἶναι
1381 5219 1682 5290 οἰομένοις,.

127 5281 206 5332 καὶ
224 5281 357 5337 κατὰ
385 5287 446 5339 τὸ
474 5287 588 5352 τοῦ,
619 5281 748 5343 ειοζ
767 5288 872 5343 Sed
901 5281 1070 5344 codex
1105 5281 1430 5346 Bodleianns
1467 5281 1670 5344 'lectioé

129 5365 232 5433 tiein
262 5361 724 5433 quainsequimnr
770 5359 1010 5433 eghibet,
1046 5376 1146 5433 nec
1188 5361 1346 5416 aliter
1373 5361 1501 5430 legit
1536 5360 1670 5433 Fer-
1819 5362 1959 5433 7(50)
1995 5359 2308 5428 Εἰπόντος,
2337 5363 2455 5419 και.
2481 5359 2712 5417 Haedina:
2745 5378 2904 5418 voces
2932 5363 2985 5416 in
3017 5361 3207 5416 codice
3243 5360 3348 5415 Re-

129 5423 304 5502 I‘a‘rius.
337 5423 750 5502 QodeerRegius
780 5430 941 5484 aliter
971 5430 1152 5502 habet,
1175 5433 1254 5502 sic
1281 5423 1492 5500 nemp'e,
1518 5429 1674 5484 τοῦτο
1777 5423 1867 5502 gio
1895 5423 2058 5501 atque
2084 5437 2222 5487 adeo
2255 5423 2306 5485 in
2346 5435 2584 5488 editione
2603 5433 2780 5488 l‘lnetii
2806 5435 3022 5500 desunt,
3046 5433 3142 5488 sed
3178 5435 3348 5489 resti-

129 5487 221 5574 γὰρ
261 5494 564 5574 ᾲκολθουθλεῖν
598 5487 775 5574 λέγειν
795 5503 908 5574 τοῖς
943 5487 1150 5574 φύσειςέ
1190 5497 1329 5555 εἷναι
1384 5487 1669 5574 οἰομένοις,

1851 5487 2057 5574 intu're
2088 5503 2272 5574 codice
2301 5487 2611 5574 Boilleiano.

129 5560 208 5610 καὶ
236 5563 404 5643 τὸ-τοῦ
434 5560 767 5643 [ᾼποστόλου
793 5560 1037 5643 βούλημά
1072 5560 1332 5643 τῖἐννοεῖν
1356 5560 1481 5636 τοὺς
1511 5560 1673 5626 meo;

1851 5571 1960 5643 (51)
1983 5572 2164 5643 Codex
2195 5572 2418 5642 Regius,
2444 5572 2557 5626 ἀλλ’
2580 5573 2609 5625 ὃ
2636 5573 2692 5626 δὲ
2728 5573 2807 5633 τὸ,
2839 5583 2948 5628 etc.

133 5633 735 5715 μῆιξῷεδξδάσκογτος,
769 5633 888 5710 quae
910 5633 1206 5715 manifeste
1234 5633 1486 5712 corrupta
1524 5652 1670 5715 sunt.

1851 5633 1961 5715 (52)
1984 5633 2513 5715 Ὲοντοτὶιιεῖιεςοιιει
2549 5644 2672 5715 ὅρα,
2698 5645 2857 5698 vertit
2889 5643 3054 5710 enim,
3092 5661 3114 5697 ι
3149 5645 3346 5700 nihiln-

191 5698 422 5784 (ἦ81Καὶ
476 5698 862 5779 rer-vimineae.
897 5712 1079 5770 Codex
1131 5713 1349 5784 Regius,
1384 5698 1553 5781 male,
1592 5711 1670 5783 τῷ

1856 5698 1956 5768 nus
1987 5715 2127 5768 vide.
2169 5734 2187 5765 ι
2234 5698 2534 5784 (Ιίἰουιοοιιε
2565 5698 2751 5783 aperte
2795 5698 3087 5783 COI'I‘llpllIS
3150 5698 3358 5775 cst—{Vm

133 5771 446 5842 γενήσονται.
484 5771 497 5779 ’
604 5771 614 5777 ’
1210 5771 1240 5784 “’
1337 5771 1349 5782 ’
1529 5771 1543 5781 ’
1642 5771 1655 5783 ’

1851 5771 2399 5858 tttutrisiprmfe‘ratur
2425 5771 2657 5840 Fet-rain
2690 5786 2874 5840 lectio.
2913 5771 3100 5859 Enn.)

1847 5218 1963 5291 (49)
1995 5220 2118 5274 Ἵνα
2143 5218 2258 5290 ἐγὼ
2279 5221 2500 5286 καὶσὺ,
2534 5226 2640 5277 etc.
2671 5219 2846 5291 Lego,
2869 5221 2976 5290 ἵνα,
3004 5218 3186 5284 καθὼς
3236 5219 3348 5289 ἐγὼ

1775 5287 1870 5344 καὶ
1893 5291 1959 5342 σὺ
1995 5291 2054 5344 ἓν
2078 5287 2263 5362 ἐσμεν,
2290 5293 2443 5344 αὐτοὶ
2474 5293 2533 5345 ἐν
2562 5292 2694 5362 ἡμῖν
2725 5287 2782 5342 ἐν
2814 5287 2968 5347 ὦσιν,
