  <div class='ocr_page' id='page_1' title='image "/cluster/home/n/w/nwhite01/storage/ocr_20150623/14/mdp.39015052831362/413.png"; bbox 0 0 3712 6138; ppageno 0'>
   <div class='ocr_carea' id='block_1_1' title="bbox 396 289 502 347">
    <p class='ocr_par' dir='ltr' id='par_1_1' title="bbox 396 289 502 347">
     <span class='ocr_line' id='line_1_1' title="bbox 396 289 502 347; baseline -0.028 0"><span class='ocrx_word' id='word_1_1' title='bbox 396 289 502 347; x_wconf 66' lang='grc' dir='ltr'><strong><em>ῊἹ</em></strong></span> 
     </span>
    </p>
   </div>
   <div class='ocr_carea' id='block_1_2' title="bbox 1850 281 2170 338">
    <p class='ocr_par' dir='ltr' id='par_1_2' title="bbox 1850 281 2170 338">
     <span class='ocr_line' id='line_1_2' title="bbox 1850 281 2170 338; baseline -0.006 0"><span class='ocrx_word' id='word_1_2' title='bbox 1850 281 2170 338; x_wconf 79' lang='lat' dir='ltr'><strong>ORIGENIS</strong></span> 
     </span>
    </p>
   </div>
   <div class='ocr_carea' id='block_1_3' title="bbox 3528 276 3616 332">
    <p class='ocr_par' dir='ltr' id='par_1_3' title="bbox 3528 276 3616 332">
     <span class='ocr_line' id='line_1_3' title="bbox 3528 276 3616 332; baseline 0.023 -2"><span class='ocrx_word' id='word_1_3' title='bbox 3528 276 3616 332; x_wconf 72' lang='lat'><strong>728</strong></span> 
     </span>
    </p>
   </div>
   <div class='ocr_carea' id='block_1_4' title="bbox 397 380 1954 469">
    <p class='ocr_par' dir='ltr' id='par_1_4' title="bbox 397 394 1954 468">
     <span class='ocr_line' id='line_1_4' title="bbox 397 394 1954 468; baseline -0.005 -9"><span class='ocrx_word' id='word_1_4' title='bbox 397 404 586 467; x_wconf 77' lang='lat' dir='ltr'><strong>fuisse,</strong></span> <span class='ocrx_word' id='word_1_5' title='bbox 618 408 677 454; x_wconf 91' lang='lat' dir='ltr'><strong>ut</strong></span> <span class='ocrx_word' id='word_1_6' title='bbox 713 394 995 468; x_wconf 93' lang='lat' dir='ltr'><strong>pontlﬁces</strong></span> <span class='ocrx_word' id='word_1_7' title='bbox 1030 405 1086 453; x_wconf 90' lang='lat' dir='ltr'><strong>et</strong></span> <span class='ocrx_word' id='word_1_8' title='bbox 1130 394 1391 453; x_wconf 66' lang='lat' dir='ltr'><strong>Pharisaei</strong></span> <span class='ocrx_word' id='word_1_9' title='bbox 1425 396 1557 451; x_wconf 88' lang='lat' dir='ltr'><strong>moti</strong></span> <span class='ocrx_word' id='word_1_10' title='bbox 1588 410 1655 451; x_wconf 90' lang='lat' dir='ltr'><strong>ex</strong></span> <span class='ocrx_word' id='word_1_11' title='bbox 1690 400 1954 453; x_wconf 86' lang='lat' dir='ltr'><strong>sermoni-</strong></span> 
     </span>
    </p>
   </div>
   <div class='ocr_carea' id='block_1_5' title="bbox 2136 380 3616 469">
    <p class='ocr_par' dir='ltr' id='par_1_5' title="bbox 2136 380 3616 466">
     <span class='ocr_line' id='line_1_5' title="bbox 2136 380 3616 466; baseline -0.004 -16"><span class='ocrx_word' id='word_1_12' title='bbox 2136 395 2527 466; x_wconf 83' lang='grc' dir='ltr'>οεξητάσαμεν.</span> <span class='ocrx_word' id='word_1_13' title='bbox 2575 395 2635 449; x_wconf 87' lang='lat'><strong>&#39;0</strong></span> <span class='ocrx_word' id='word_1_14' title='bbox 2668 392 2851 466; x_wconf 80' lang='grc' dir='ltr'>μέντοι</span> <span class='ocrx_word' id='word_1_15' title='bbox 2894 391 3215 464; x_wconf 82' lang='grc' dir='ltr'>βουλόμενος</span> <span class='ocrx_word' id='word_1_16' title='bbox 3255 380 3616 458; x_wconf 78' lang='grc' dir='ltr'>ἀπολογεῖσθαι</span> 
     </span>
    </p>
   </div>
   <div class='ocr_carea' id='block_1_6' title="bbox 399 487 1958 562">
    <p class='ocr_par' dir='ltr' id='par_1_6' title="bbox 399 487 1958 562">
     <span class='ocr_line' id='line_1_6' title="bbox 399 487 1958 562; baseline -0.005 -11"><span class='ocrx_word' id='word_1_17' title='bbox 399 497 501 551; x_wconf 85' lang='lat' dir='ltr'><strong>bus</strong></span> <span class='ocrx_word' id='word_1_18' title='bbox 533 492 783 562; x_wconf 73' lang='lat' dir='ltr'><strong>Caiaplta:</strong></span> <span class='ocrx_word' id='word_1_19' title='bbox 831 504 940 545; x_wconf 88' lang='lat' dir='ltr'><strong>una</strong></span> <span class='ocrx_word' id='word_1_20' title='bbox 979 488 1355 546; x_wconf 89' lang='lat' dir='ltr'><strong>consultarent</strong></span> <span class='ocrx_word' id='word_1_21' title='bbox 1399 487 1958 555; x_wconf 62' lang='lat' dir='ltr'><strong>interﬁcerelesum,</strong></span> 
     </span>
    </p>
   </div>
   <div class='ocr_carea' id='block_1_7' title="bbox 401 581 1962 651">
    <p class='ocr_par' dir='ltr' id='par_1_7' title="bbox 401 581 1962 651">
     <span class='ocr_line' id='line_1_7' title="bbox 401 581 1962 651; baseline -0.004 -9"><span class='ocrx_word' id='word_1_22' title='bbox 401 588 548 642; x_wconf 85' lang='lat' dir='ltr'><strong>dicet</strong></span> <span class='ocrx_word' id='word_1_23' title='bbox 578 600 682 641; x_wconf 92' lang='lat' dir='ltr'><strong>non</strong></span> <span class='ocrx_word' id='word_1_24' title='bbox 714 583 949 638; x_wconf 86' lang='lat' dir='ltr'><strong>alienum</strong></span> <span class='ocrx_word' id='word_1_25' title='bbox 980 596 1101 637; x_wconf 84' lang='lat' dir='ltr'><strong>esse</strong></span> <span class='ocrx_word' id='word_1_26' title='bbox 1131 581 1237 636; x_wconf 84' lang='lat' dir='ltr'><strong>tale</strong></span> <span class='ocrx_word' id='word_1_27' title='bbox 1265 595 1399 651; x_wconf 87' lang='lat' dir='ltr'><strong>opus</strong></span> <span class='ocrx_word' id='word_1_28' title='bbox 1424 595 1454 634; x_wconf 91' lang='lat' dir='ltr'><strong>a</strong></span> <span class='ocrx_word' id='word_1_29' title='bbox 1484 581 1794 645; x_wconf 86' lang='lat' dir='ltr'><strong>sanctitate,</strong></span> <span class='ocrx_word' id='word_1_30' title='bbox 1828 597 1962 650; x_wconf 87' lang='lat' dir='ltr'><strong>quo—</strong></span> 
     </span>
    </p>
   </div>
   <div class='ocr_carea' id='block_1_8' title="bbox 399 672 1960 744">
    <p class='ocr_par' dir='ltr' id='par_1_8' title="bbox 399 672 1960 744">
     <span class='ocr_line' id='line_1_8' title="bbox 399 672 1960 744; baseline -0.003 -12"><span class='ocrx_word' id='word_1_31' title='bbox 399 679 543 732; x_wconf 85' lang='lat' dir='ltr'><strong>niam</strong></span> <span class='ocrx_word' id='word_1_32' title='bbox 578 690 647 731; x_wconf 89' lang='lat' dir='ltr'><strong>ne</strong></span> <span class='ocrx_word' id='word_1_33' title='bbox 679 673 838 732; x_wconf 82' lang='lat' dir='ltr'><strong>Jesus</strong></span> <span class='ocrx_word' id='word_1_34' title='bbox 864 674 1081 744; x_wconf 85' lang='lat' dir='ltr'><strong>quidem</strong></span> <span class='ocrx_word' id='word_1_35' title='bbox 1119 688 1231 729; x_wconf 91' lang='lat' dir='ltr'><strong>rem</strong></span> <span class='ocrx_word' id='word_1_36' title='bbox 1261 687 1321 727; x_wconf 88' lang='lat' dir='ltr'><strong>se</strong></span> <span class='ocrx_word' id='word_1_37' title='bbox 1359 673 1635 743; x_wconf 76' lang='lat' dir='ltr'><strong>indignam</strong></span> <span class='ocrx_word' id='word_1_38' title='bbox 1664 672 1871 737; x_wconf 82' lang='lat' dir='ltr'><strong>fecerit,</strong></span> <span class='ocrx_word' id='word_1_39' title='bbox 1907 674 1960 728; x_wconf 91' lang='lat' dir='ltr'><strong>in</strong></span> 
     </span>
    </p>
   </div>
   <div class='ocr_carea' id='block_1_9' title="bbox 401 764 1963 835">
    <p class='ocr_par' dir='ltr' id='par_1_9' title="bbox 401 764 1963 835">
     <span class='ocr_line' id='line_1_9' title="bbox 401 764 1963 835; baseline -0.003 -12"><span class='ocrx_word' id='word_1_40' title='bbox 401 770 617 824; x_wconf 87' lang='lat' dir='ltr'><strong>ruinam</strong></span> <span class='ocrx_word' id='word_1_41' title='bbox 649 778 705 823; x_wconf 91' lang='lat' dir='ltr'><strong>et</strong></span> <span class='ocrx_word' id='word_1_42' title='bbox 737 767 1188 823; x_wconf 86' lang='lat' dir='ltr'><strong>resurrectionem</strong></span> <span class='ocrx_word' id='word_1_43' title='bbox 1227 765 1515 819; x_wconf 88' lang='lat' dir='ltr'><strong>multarum</strong></span> <span class='ocrx_word' id='word_1_44' title='bbox 1550 764 1791 835; x_wconf 72' lang='lat' dir='ltr'><strong>gentium</strong></span> <span class='ocrx_word' id='word_1_45' title='bbox 1841 780 1963 835; x_wconf 77' lang='lat' dir='ltr'><strong>qua:</strong></span> 
     </span>
    </p>
   </div>
   <div class='ocr_carea' id='block_1_10' title="bbox 398 857 1962 928">
    <p class='ocr_par' dir='ltr' id='par_1_10' title="bbox 398 857 1962 928">
     <span class='ocr_line' id='line_1_10' title="bbox 398 857 1962 928; baseline -0.003 -12"><span class='ocrx_word' id='word_1_46' title='bbox 398 870 559 916; x_wconf 85' lang='lat' dir='ltr'><strong>erant</strong></span> <span class='ocrx_word' id='word_1_47' title='bbox 587 862 639 917; x_wconf 93' lang='lat' dir='ltr'><strong>in</strong></span> <span class='ocrx_word' id='word_1_48' title='bbox 663 859 830 917; x_wconf 84' lang='lat' dir='ltr'><strong>Israel</strong></span> <span class='ocrx_word' id='word_1_49' title='bbox 857 860 925 923; x_wconf 81' lang='grc'>⁸⁸,</span> <span class='ocrx_word' id='word_1_50' title='bbox 947 859 1173 915; x_wconf 88' lang='lat' dir='ltr'><strong>veniens</strong></span> <span class='ocrx_word' id='word_1_51' title='bbox 1197 867 1251 912; x_wconf 90' lang='lat' dir='ltr'><strong>et</strong></span> <span class='ocrx_word' id='word_1_52' title='bbox 1273 858 1458 913; x_wconf 87' lang='lat' dir='ltr'><strong>dicens</strong></span> <span class='ocrx_word' id='word_1_53' title='bbox 1489 875 1502 910; x_wconf 93' lang='lat'><strong>:</strong></span> <span class='ocrx_word' id='word_1_54' title='bbox 1540 875 1559 908; x_wconf 83' lang='lat' dir='ltr'><strong>I</strong></span> <span class='ocrx_word' id='word_1_55' title='bbox 1596 857 1706 928; x_wconf 82' lang='lat' dir='ltr'><strong>Ego</strong></span> <span class='ocrx_word' id='word_1_56' title='bbox 1733 857 1786 911; x_wconf 94' lang='lat' dir='ltr'><strong>in</strong></span> <span class='ocrx_word' id='word_1_57' title='bbox 1814 857 1962 926; x_wconf 87' lang='lat' dir='ltr'><strong>judi-</strong></span> 
     </span>
    </p>
   </div>
   <div class='ocr_carea' id='block_1_11' title="bbox 399 950 1964 1016">
    <p class='ocr_par' dir='ltr' id='par_1_11' title="bbox 399 950 1964 1016">
     <span class='ocr_line' id='line_1_11' title="bbox 399 950 1964 1016; baseline -0.005 -6"><span class='ocrx_word' id='word_1_58' title='bbox 399 955 546 1010; x_wconf 89' lang='lat' dir='ltr'><strong>cium</strong></span> <span class='ocrx_word' id='word_1_59' title='bbox 586 953 641 1009; x_wconf 90' lang='lat' dir='ltr'><strong>in</strong></span> <span class='ocrx_word' id='word_1_60' title='bbox 672 954 819 1010; x_wconf 88' lang='lat' dir='ltr'><strong>hunc</strong></span> <span class='ocrx_word' id='word_1_61' title='bbox 862 953 1120 1008; x_wconf 91' lang='lat' dir='ltr'><strong>mundum</strong></span> <span class='ocrx_word' id='word_1_62' title='bbox 1165 951 1327 1016; x_wconf 90' lang='lat' dir='ltr'><strong>veni,</strong></span> <span class='ocrx_word' id='word_1_63' title='bbox 1372 959 1433 1004; x_wconf 90' lang='lat' dir='ltr'><strong>ut</strong></span> <span class='ocrx_word' id='word_1_64' title='bbox 1467 966 1569 1005; x_wconf 91' lang='lat' dir='ltr'><strong>non</strong></span> <span class='ocrx_word' id='word_1_65' title='bbox 1610 951 1854 1006; x_wconf 89' lang='lat' dir='ltr'><strong>videntes</strong></span> <span class='ocrx_word' id='word_1_66' title='bbox 1886 950 1964 1003; x_wconf 87' lang='lat' dir='ltr'><strong>vi-</strong></span> 
     </span>
    </p>
   </div>
   <div class='ocr_carea' id='block_1_12' title="bbox 399 1041 1963 1111">
    <p class='ocr_par' dir='ltr' id='par_1_12' title="bbox 399 1041 1963 1111">
     <span class='ocr_line' id='line_1_12' title="bbox 399 1041 1963 1111; baseline -0.001 -10"><span class='ocrx_word' id='word_1_67' title='bbox 399 1046 582 1111; x_wconf 86' lang='lat' dir='ltr'><strong>deant,</strong></span> <span class='ocrx_word' id='word_1_68' title='bbox 635 1054 691 1101; x_wconf 79' lang='grc' dir='ltr'><strong>ει</strong></span> <span class='ocrx_word' id='word_1_69' title='bbox 743 1046 988 1100; x_wconf 83' lang='lat' dir='ltr'><strong>videntes</strong></span> <span class='ocrx_word' id='word_1_70' title='bbox 1033 1043 1159 1098; x_wconf 73' lang='grc' dir='ltr'><strong>«εωοί</strong></span> <span class='ocrx_word' id='word_1_71' title='bbox 1212 1041 1440 1098; x_wconf 80' lang='lat' dir='ltr'><strong>ﬁant&quot;.</strong></span> <span class='ocrx_word' id='word_1_72' title='bbox 1473 1061 1493 1094; x_wconf 76' lang='grc' dir='ltr'><strong>ι</strong></span> <span class='ocrx_word' id='word_1_73' title='bbox 1536 1041 1609 1098; x_wconf 88' lang='lat' dir='ltr'><strong>Ut</strong></span> <span class='ocrx_word' id='word_1_74' title='bbox 1640 1043 1783 1097; x_wconf 89' lang='lat' dir='ltr'><strong>enim</strong></span> <span class='ocrx_word' id='word_1_75' title='bbox 1826 1056 1963 1111; x_wconf 79' lang='lat' dir='ltr'><strong>Opus</strong></span> 
     </span>
    </p>
   </div>
   <div class='ocr_carea' id='block_1_13' title="bbox 398 1135 1966 1206">
    <p class='ocr_par' dir='ltr' id='par_1_13' title="bbox 398 1135 1966 1206">
     <span class='ocr_line' id='line_1_13' title="bbox 398 1135 1966 1206; baseline -0.003 -12"><span class='ocrx_word' id='word_1_76' title='bbox 398 1138 664 1194; x_wconf 84' lang='lat' dir='ltr'><strong>habemus</strong></span> <span class='ocrx_word' id='word_1_77' title='bbox 690 1154 945 1195; x_wconf 87' lang='lat' dir='ltr'><strong>sermone</strong></span> <span class='ocrx_word' id='word_1_78' title='bbox 974 1137 1274 1206; x_wconf 82' lang='lat' dir='ltr'><strong>sapientiae,</strong></span> <span class='ocrx_word' id='word_1_79' title='bbox 1307 1150 1415 1205; x_wconf 89' lang='lat' dir='ltr'><strong>quo</strong></span> <span class='ocrx_word' id='word_1_80' title='bbox 1444 1135 1806 1191; x_wconf 82' lang='lat' dir='ltr'><strong>defendamus</strong></span> <span class='ocrx_word' id='word_1_81' title='bbox 1836 1150 1966 1205; x_wconf 88' lang='lat' dir='ltr'><strong>quo-</strong></span> 
     </span>
    </p>
   </div>
   <div class='ocr_carea' id='block_1_14' title="bbox 402 1227 1964 1299">
    <p class='ocr_par' dir='ltr' id='par_1_14' title="bbox 402 1227 1964 1299">
     <span class='ocr_line' id='line_1_14' title="bbox 402 1227 1964 1299; baseline -0.002 -14"><span class='ocrx_word' id='word_1_82' title='bbox 402 1230 563 1285; x_wconf 90' lang='lat' dir='ltr'><strong>modo</strong></span> <span class='ocrx_word' id='word_1_83' title='bbox 591 1245 704 1285; x_wconf 90' lang='lat' dir='ltr'><strong>rem</strong></span> <span class='ocrx_word' id='word_1_84' title='bbox 736 1246 795 1286; x_wconf 88' lang='lat' dir='ltr'><strong>se</strong></span> <span class='ocrx_word' id='word_1_85' title='bbox 829 1230 1107 1299; x_wconf 80' lang='lat' dir='ltr'><strong>indignam</strong></span> <span class='ocrx_word' id='word_1_86' title='bbox 1137 1227 1231 1283; x_wconf 90' lang='lat' dir='ltr'><strong>ille</strong></span> <span class='ocrx_word' id='word_1_87' title='bbox 1257 1243 1363 1282; x_wconf 92' lang='lat' dir='ltr'><strong>non</strong></span> <span class='ocrx_word' id='word_1_88' title='bbox 1394 1228 1605 1295; x_wconf 81' lang='lat' dir='ltr'><strong>fecerit,</strong></span> <span class='ocrx_word' id='word_1_89' title='bbox 1637 1229 1726 1297; x_wconf 88' lang='lat' dir='ltr'><strong>qui</strong></span> <span class='ocrx_word' id='word_1_90' title='bbox 1752 1242 1813 1282; x_wconf 89' lang='lat' dir='ltr'><strong>se</strong></span> <span class='ocrx_word' id='word_1_91' title='bbox 1840 1227 1964 1282; x_wconf 88' lang='lat' dir='ltr'><strong>huic</strong></span> 
     </span>
    </p>
   </div>
   <div class='ocr_carea' id='block_1_15' title="bbox 399 1318 1961 1390">
    <p class='ocr_par' dir='ltr' id='par_1_15' title="bbox 399 1318 1961 1390">
     <span class='ocr_line' id='line_1_15' title="bbox 399 1318 1961 1390; baseline -0.002 -15"><span class='ocrx_word' id='word_1_92' title='bbox 399 1322 597 1377; x_wconf 85' lang='lat' dir='ltr'><strong>mundo</strong></span> <span class='ocrx_word' id='word_1_93' title='bbox 624 1321 919 1377; x_wconf 85' lang='lat' dir='ltr'><strong>accessisse</strong></span> <span class='ocrx_word' id='word_1_94' title='bbox 947 1322 999 1375; x_wconf 91' lang='lat' dir='ltr'><strong>in</strong></span> <span class='ocrx_word' id='word_1_95' title='bbox 1026 1320 1290 1390; x_wconf 87' lang='lat' dir='ltr'><strong>judicium</strong></span> <span class='ocrx_word' id='word_1_96' title='bbox 1321 1318 1559 1384; x_wconf 80' lang='lat' dir='ltr'><strong>fatetur;</strong></span> <span class='ocrx_word' id='word_1_97' title='bbox 1602 1319 1684 1373; x_wconf 90' lang='lat' dir='ltr'><strong>sic</strong></span> <span class='ocrx_word' id='word_1_98' title='bbox 1709 1320 1874 1373; x_wconf 89' lang='lat' dir='ltr'><strong>etiam</strong></span> <span class='ocrx_word' id='word_1_99' title='bbox 1910 1321 1961 1372; x_wconf 91' lang='lat' dir='ltr'><strong>in</strong></span> 
     </span>
    </p>
   </div>
   <div class='ocr_carea' id='block_1_16' title="bbox 398 1410 1960 1481">
    <p class='ocr_par' dir='ltr' id='par_1_16' title="bbox 398 1410 1960 1481">
     <span class='ocr_line' id='line_1_16' title="bbox 398 1410 1960 1481; baseline -0.003 -13"><span class='ocrx_word' id='word_1_100' title='bbox 398 1413 522 1479; x_wconf 87' lang='lat' dir='ltr'><strong>hoc,</strong></span> <span class='ocrx_word' id='word_1_101' title='bbox 576 1422 637 1467; x_wconf 91' lang='lat' dir='ltr'><strong>ut</strong></span> <span class='ocrx_word' id='word_1_102' title='bbox 686 1413 1039 1468; x_wconf 88' lang='lat' dir='ltr'><strong>ostendamus</strong></span> <span class='ocrx_word' id='word_1_103' title='bbox 1091 1410 1374 1481; x_wconf 88' lang='lat' dir='ltr'><strong>pontiﬁces</strong></span> <span class='ocrx_word' id='word_1_104' title='bbox 1423 1420 1479 1465; x_wconf 93' lang='lat' dir='ltr'><strong>et</strong></span> <span class='ocrx_word' id='word_1_105' title='bbox 1526 1410 1838 1465; x_wconf 78' lang='lat' dir='ltr'><strong>Pharisaeos</strong></span> <span class='ocrx_word' id='word_1_106' title='bbox 1895 1425 1960 1464; x_wconf 81' lang='lat' dir='ltr'><strong>ex</strong></span> 
     </span>
    </p>
   </div>
   <div class='ocr_carea' id='block_1_17' title="bbox 399 1503 1964 1574">
    <p class='ocr_par' dir='ltr' id='par_1_17' title="bbox 399 1503 1964 1574">
     <span class='ocr_line' id='line_1_17' title="bbox 399 1503 1964 1574; baseline -0.003 -14"><span class='ocrx_word' id='word_1_107' title='bbox 399 1504 652 1574; x_wconf 69' lang='lat' dir='ltr'><strong>Caiaplm</strong></span> <span class='ocrx_word' id='word_1_108' title='bbox 704 1503 882 1562; x_wconf 83' lang='lat' dir='ltr'><strong>verbis</strong></span> <span class='ocrx_word' id='word_1_109' title='bbox 933 1519 1035 1558; x_wconf 89' lang='lat' dir='ltr'><strong>una</strong></span> <span class='ocrx_word' id='word_1_110' title='bbox 1088 1504 1429 1559; x_wconf 80' lang='lat' dir='ltr'><strong>consultasse</strong></span> <span class='ocrx_word' id='word_1_111' title='bbox 1487 1512 1546 1556; x_wconf 91' lang='lat' dir='ltr'><strong>ut</strong></span> <span class='ocrx_word' id='word_1_112' title='bbox 1590 1503 1964 1556; x_wconf 87' lang='lat' dir='ltr'><strong>interﬁcerent</strong></span> 
     </span>
    </p>
   </div>
   <div class='ocr_carea' id='block_1_18' title="bbox 397 1589 1963 1664">
    <p class='ocr_par' dir='ltr' id='par_1_18' title="bbox 397 1589 1963 1664">
     <span class='ocr_line' id='line_1_18' title="bbox 397 1589 1963 1664; baseline -0.003 -15"><span class='ocrx_word' id='word_1_113' title='bbox 397 1594 605 1651; x_wconf 82' lang='lat' dir='ltr'><strong>.lesum.</strong></span> <span class='ocrx_word' id='word_1_114' title='bbox 633 1596 808 1664; x_wconf 84' lang='lat' dir='ltr'><strong>Atque</strong></span> <span class='ocrx_word' id='word_1_115' title='bbox 844 1595 911 1649; x_wconf 93' lang='lat' dir='ltr'><strong>de</strong></span> <span class='ocrx_word' id='word_1_116' title='bbox 949 1608 1014 1649; x_wconf 93' lang='lat' dir='ltr'><strong>eo</strong></span> <span class='ocrx_word' id='word_1_117' title='bbox 1060 1594 1276 1664; x_wconf 89' lang='lat' dir='ltr'><strong>quidem</strong></span> <span class='ocrx_word' id='word_1_118' title='bbox 1322 1593 1464 1663; x_wconf 88' lang='lat' dir='ltr'><strong>quod</strong></span> <span class='ocrx_word' id='word_1_119' title='bbox 1505 1602 1633 1647; x_wconf 90' lang='lat' dir='ltr'><strong>est:</strong></span> <span class='ocrx_word' id='word_1_120' title='bbox 1677 1610 1695 1643; x_wconf 82' lang='grc' dir='ltr'><strong>ι</strong></span> <span class='ocrx_word' id='word_1_121' title='bbox 1732 1589 1789 1644; x_wconf 88' lang='lat' dir='ltr'><strong>lu</strong></span> <span class='ocrx_word' id='word_1_122' title='bbox 1815 1590 1963 1660; x_wconf 79' lang='lat' dir='ltr'><strong>judi-</strong></span> 
     </span>
    </p>
   </div>
   <div class='ocr_carea' id='block_1_19' title="bbox 400 1683 1961 1755">
    <p class='ocr_par' dir='ltr' id='par_1_19' title="bbox 400 1683 1961 1755">
     <span class='ocr_line' id='line_1_19' title="bbox 400 1683 1961 1755; baseline -0.003 -15"><span class='ocrx_word' id='word_1_123' title='bbox 400 1686 543 1741; x_wconf 89' lang='lat' dir='ltr'><strong>cium</strong></span> <span class='ocrx_word' id='word_1_124' title='bbox 570 1700 669 1755; x_wconf 76' lang='lat' dir='ltr'><strong>ego</strong></span> <span class='ocrx_word' id='word_1_125' title='bbox 698 1689 750 1741; x_wconf 90' lang='lat' dir='ltr'><strong>in</strong></span> <span class='ocrx_word' id='word_1_126' title='bbox 785 1686 928 1740; x_wconf 89' lang='lat' dir='ltr'><strong>hunc</strong></span> <span class='ocrx_word' id='word_1_127' title='bbox 950 1686 1207 1740; x_wconf 90' lang='lat' dir='ltr'><strong>mundum</strong></span> <span class='ocrx_word' id='word_1_128' title='bbox 1250 1685 1390 1747; x_wconf 80' lang='lat' dir='ltr'><strong>veni,</strong></span> <span class='ocrx_word' id='word_1_129' title='bbox 1427 1704 1445 1737; x_wconf 85' lang='grc' dir='ltr'><strong>ι</strong></span> <span class='ocrx_word' id='word_1_130' title='bbox 1482 1685 1535 1738; x_wconf 90' lang='lat' dir='ltr'><strong>in</strong></span> <span class='ocrx_word' id='word_1_131' title='bbox 1564 1683 1961 1752; x_wconf 82' lang='lat' dir='ltr'><strong>explanationi—</strong></span> 
     </span>
    </p>
   </div>
   <div class='ocr_carea' id='block_1_20' title="bbox 2064 482 3614 560">
    <p class='ocr_par' dir='ltr' id='par_1_20' title="bbox 2064 482 3614 560">
     <span class='ocr_line' id='line_1_20' title="bbox 2064 482 3614 560; baseline -0.005 -18"><span class='ocrx_word' id='word_1_132' title='bbox 2064 490 2191 560; x_wconf 76' lang='grc' dir='ltr'>περὶ</span> <span class='ocrx_word' id='word_1_133' title='bbox 2219 487 2311 542; x_wconf 73' lang='grc' dir='ltr'><strong>τοῦ</strong></span> <span class='ocrx_word' id='word_1_134' title='bbox 2345 487 2502 556; x_wconf 80' lang='grc' dir='ltr'><strong>ἁγίου</strong></span> <span class='ocrx_word' id='word_1_135' title='bbox 2533 486 2872 557; x_wconf 88' lang='grc' dir='ltr'>Πνεύματος,</span> <span class='ocrx_word' id='word_1_136' title='bbox 2899 484 3183 546; x_wconf 74' lang='grc' dir='ltr'><strong>δοκοῦντος</strong></span> <span class='ocrx_word' id='word_1_137' title='bbox 3214 482 3385 536; x_wconf 75' lang='grc' dir='ltr'>αἰτίου</span> <span class='ocrx_word' id='word_1_138' title='bbox 3414 484 3614 551; x_wconf 85' lang='grc' dir='ltr'>γεγονέ-</span> 
     </span>
    </p>
   </div>
   <div class='ocr_carea' id='block_1_21' title="bbox 2061 573 3618 651">
    <p class='ocr_par' dir='ltr' id='par_1_21' title="bbox 2061 573 3618 651">
     <span class='ocr_line' id='line_1_21' title="bbox 2061 573 3618 651; baseline -0.004 -17"><span class='ocrx_word' id='word_1_139' title='bbox 2061 597 2170 645; x_wconf 88' lang='grc' dir='ltr'>ναι,</span> <span class='ocrx_word' id='word_1_140' title='bbox 2201 581 2287 633; x_wconf 81' lang='grc' dir='ltr'>ἵνα</span> <span class='ocrx_word' id='word_1_141' title='bbox 2314 578 2818 651; x_wconf 79' lang='grc' dir='ltr'>συμϐουλεύσωνται</span> <span class='ocrx_word' id='word_1_142' title='bbox 2841 578 3158 630; x_wconf 84' lang='grc' dir='ltr'>ἀποκτεῖναι</span> <span class='ocrx_word' id='word_1_143' title='bbox 3188 575 3279 628; x_wconf 71' lang='grc' dir='ltr'><strong>τὸν</strong></span> <span class='ocrx_word' id='word_1_144' title='bbox 3318 573 3543 645; x_wconf 82' lang='grc' dir='ltr'>Ἰ-ησοῦν,</span> <span class='ocrx_word' id='word_1_145' title='bbox 3567 577 3618 628; x_wconf 81' lang='grc' dir='ltr'><strong>ἐκ</strong></span> 
     </span>
    </p>
   </div>
   <div class='ocr_carea' id='block_1_22' title="bbox 2061 668 3617 742">
    <p class='ocr_par' dir='ltr' id='par_1_22' title="bbox 2061 668 3617 742">
     <span class='ocr_line' id='line_1_22' title="bbox 2061 668 3617 742; baseline -0.001 -18"><span class='ocrx_word' id='word_1_146' title='bbox 2061 672 2170 725; x_wconf 88' lang='grc' dir='ltr'>τῶν</span> <span class='ocrx_word' id='word_1_147' title='bbox 2194 671 2364 740; x_wconf 90' lang='grc' dir='ltr'>λόγων</span> <span class='ocrx_word' id='word_1_148' title='bbox 2390 671 2703 742; x_wconf 82' lang='grc' dir='ltr'><strong>κινηθέντες</strong></span> <span class='ocrx_word' id='word_1_149' title='bbox 2733 670 2827 723; x_wconf 83' lang='grc' dir='ltr'><strong>τοῦ</strong></span> <span class='ocrx_word' id='word_1_150' title='bbox 2851 668 3077 739; x_wconf 85' lang='grc' dir='ltr'>Καῖάφα</span> <span class='ocrx_word' id='word_1_151' title='bbox 3107 670 3451 740; x_wconf 86' lang='grc' dir='ltr'>οἱάρχιερεῖς</span> <span class='ocrx_word' id='word_1_152' title='bbox 3472 668 3555 722; x_wconf 78' lang='grc' dir='ltr'>καὶ</span> <span class='ocrx_word' id='word_1_153' title='bbox 3577 672 3617 723; x_wconf 81' lang='grc' dir='ltr'><strong>οἱ</strong></span> 
     </span>
    </p>
   </div>
   <div class='ocr_carea' id='block_1_23' title="bbox 2062 762 3618 839">
    <p class='ocr_par' dir='ltr' id='par_1_23' title="bbox 2062 762 3618 839">
     <span class='ocr_line' id='line_1_23' title="bbox 2062 762 3618 839; baseline -0.004 -17"><span class='ocrx_word' id='word_1_154' title='bbox 2062 762 2360 839; x_wconf 70' lang='grc' dir='ltr'><strong>Φαρισαῖοι,</strong></span> <span class='ocrx_word' id='word_1_155' title='bbox 2394 770 2575 839; x_wconf 79' lang='grc' dir='ltr'>φησὶν,</span> <span class='ocrx_word' id='word_1_156' title='bbox 2621 769 2704 821; x_wconf 80' lang='grc' dir='ltr'>ὅτι</span> <span class='ocrx_word' id='word_1_157' title='bbox 2736 767 2837 820; x_wconf 87' lang='grc' dir='ltr'>οὐκ</span> <span class='ocrx_word' id='word_1_158' title='bbox 2878 765 3155 837; x_wconf 83' lang='grc' dir='ltr'>ἀλλότριόν</span> <span class='ocrx_word' id='word_1_159' title='bbox 3184 768 3301 818; x_wconf 88' lang='grc' dir='ltr'>ἐστι</span> <span class='ocrx_word' id='word_1_160' title='bbox 3333 764 3396 817; x_wconf 83' lang='grc' dir='ltr'>τὺ</span> <span class='ocrx_word' id='word_1_161' title='bbox 3431 764 3618 817; x_wconf 69' lang='grc' dir='ltr'>τοιοῦτο</span> 
     </span>
    </p>
   </div>
   <div class='ocr_carea' id='block_1_24' title="bbox 2063 856 3618 935">
    <p class='ocr_par' dir='ltr' id='par_1_24' title="bbox 2063 856 3618 935">
     <span class='ocr_line' id='line_1_24' title="bbox 2063 856 3618 935; baseline -0.003 -22"><span class='ocrx_word' id='word_1_162' title='bbox 2063 861 2221 935; x_wconf 74' lang='grc' dir='ltr'>ἔργον</span> <span class='ocrx_word' id='word_1_163' title='bbox 2242 862 2343 932; x_wconf 82' lang='grc' dir='ltr'>τῆς</span> <span class='ocrx_word' id='word_1_164' title='bbox 2376 860 2680 932; x_wconf 82' lang='grc' dir='ltr'><strong>ἁγιότητος,</strong></span> <span class='ocrx_word' id='word_1_165' title='bbox 2706 860 2829 912; x_wconf 76' lang='grc' dir='ltr'>ἐπεὶ</span> <span class='ocrx_word' id='word_1_166' title='bbox 2863 859 2997 930; x_wconf 84' lang='grc' dir='ltr'>μηδὲ</span> <span class='ocrx_word' id='word_1_167' title='bbox 3043 856 3251 928; x_wconf 79' lang='grc' dir='ltr'>Ἰησοῦς</span> <span class='ocrx_word' id='word_1_168' title='bbox 3280 856 3498 923; x_wconf 82' lang='grc' dir='ltr'>ἀνάξιον</span> <span class='ocrx_word' id='word_1_169' title='bbox 3517 857 3618 909; x_wconf 79' lang='grc' dir='ltr'>ἐαυ-</span> 
     </span>
    </p>
   </div>
   <div class='ocr_carea' id='block_1_25' title="bbox 2061 946 3618 1024">
    <p class='ocr_par' dir='ltr' id='par_1_25' title="bbox 2061 946 3618 1024">
     <span class='ocr_line' id='line_1_25' title="bbox 2061 946 3618 1024; baseline -0.005 -16"><span class='ocrx_word' id='word_1_170' title='bbox 2061 955 2157 1008; x_wconf 80' lang='grc' dir='ltr'><strong>τοῦ</strong></span> <span class='ocrx_word' id='word_1_171' title='bbox 2197 952 2518 1024; x_wconf 87' lang='grc' dir='ltr'>πεποίηκεν,</span> <span class='ocrx_word' id='word_1_172' title='bbox 2566 953 2646 1015; x_wconf 84' lang='grc' dir='ltr'>εἰς</span> <span class='ocrx_word' id='word_1_173' title='bbox 2696 950 2902 1005; x_wconf 80' lang='grc' dir='ltr'><strong>πτῶσιν</strong></span> <span class='ocrx_word' id='word_1_174' title='bbox 2945 949 3037 1003; x_wconf 75' lang='grc' dir='ltr'><strong>καὶ</strong></span> <span class='ocrx_word' id='word_1_175' title='bbox 3078 949 3375 1003; x_wconf 79' lang='grc' dir='ltr'><strong>ἀνάστασιν</strong></span> <span class='ocrx_word' id='word_1_176' title='bbox 3432 946 3618 1000; x_wconf 68' lang='grc' dir='ltr'>πολλῶν</span> 
     </span>
    </p>
   </div>
   <div class='ocr_carea' id='block_1_26' title="bbox 2063 1038 3619 1113">
    <p class='ocr_par' dir='ltr' id='par_1_26' title="bbox 2063 1038 3619 1113">
     <span class='ocr_line' id='line_1_26' title="bbox 2063 1038 3619 1113; baseline -0.004 -16"><span class='ocrx_word' id='word_1_177' title='bbox 2063 1043 2232 1097; x_wconf 89' lang='grc' dir='ltr'>ἐθνῶν</span> <span class='ocrx_word' id='word_1_178' title='bbox 2261 1042 2369 1095; x_wconf 89' lang='grc' dir='ltr'>τῶν</span> <span class='ocrx_word' id='word_1_179' title='bbox 2402 1044 2460 1097; x_wconf 85' lang='grc' dir='ltr'>ἐν</span> <span class='ocrx_word' id='word_1_180' title='bbox 2484 1041 2561 1113; x_wconf 84' lang='grc' dir='ltr'>τῷ</span> <span class='ocrx_word' id='word_1_181' title='bbox 2598 1040 2810 1113; x_wconf 79' lang='grc' dir='ltr'>Ἰσραὴλ</span> <span class='ocrx_word' id='word_1_182' title='bbox 2839 1039 3026 1105; x_wconf 85' lang='grc' dir='ltr'>ἐλθὼν,</span> <span class='ocrx_word' id='word_1_183' title='bbox 3076 1040 3170 1092; x_wconf 77' lang='grc' dir='ltr'>καὶ</span> <span class='ocrx_word' id='word_1_184' title='bbox 3201 1039 3461 1107; x_wconf 80' lang='grc' dir='ltr'><strong>φάσκων·</strong></span> <span class='ocrx_word' id='word_1_185' title='bbox 3493 1056 3512 1089; x_wconf 81' lang='grc' dir='ltr'><strong>ι</strong></span> <span class='ocrx_word' id='word_1_186' title='bbox 3541 1038 3619 1100; x_wconf 81' lang='grc' dir='ltr'><strong>Εἰς</strong></span> 
     </span>
    </p>
   </div>
   <div class='ocr_carea' id='block_1_27' title="bbox 2062 1126 3619 1207">
    <p class='ocr_par' dir='ltr' id='par_1_27' title="bbox 2062 1126 3619 1207">
     <span class='ocr_line' id='line_1_27' title="bbox 2062 1126 3619 1207; baseline -0.004 -19"><span class='ocrx_word' id='word_1_187' title='bbox 2062 1133 2237 1207; x_wconf 88' lang='grc' dir='ltr'>κρίμα</span> <span class='ocrx_word' id='word_1_188' title='bbox 2272 1133 2383 1203; x_wconf 88' lang='grc' dir='ltr'>ἐγὼ</span> <span class='ocrx_word' id='word_1_189' title='bbox 2423 1137 2503 1197; x_wconf 81' lang='grc' dir='ltr'><strong>είς</strong></span> <span class='ocrx_word' id='word_1_190' title='bbox 2531 1133 2622 1186; x_wconf 81' lang='grc' dir='ltr'><strong>τὸν</strong></span> <span class='ocrx_word' id='word_1_191' title='bbox 2648 1133 2851 1203; x_wconf 84' lang='grc' dir='ltr'><strong>κόσμον</strong></span> <span class='ocrx_word' id='word_1_192' title='bbox 2893 1130 3081 1184; x_wconf 80' lang='grc' dir='ltr'>τοῦτον</span> <span class='ocrx_word' id='word_1_193' title='bbox 3126 1126 3309 1202; x_wconf 81' lang='grc' dir='ltr'>ἦλθον,</span> <span class='ocrx_word' id='word_1_194' title='bbox 3346 1130 3436 1183; x_wconf 83' lang='grc' dir='ltr'>ἵνα</span> <span class='ocrx_word' id='word_1_195' title='bbox 3482 1130 3527 1182; x_wconf 78' lang='lat' dir='ltr'><strong>oi</strong></span> <span class='ocrx_word' id='word_1_196' title='bbox 3558 1131 3619 1200; x_wconf 83' lang='grc' dir='ltr'>μὴ</span> 
     </span>
    </p>
   </div>
   <div class='ocr_carea' id='block_1_28' title="bbox 2065 1221 3619 1297">
    <p class='ocr_par' dir='ltr' id='par_1_28' title="bbox 2065 1221 3619 1297">
     <span class='ocr_line' id='line_1_28' title="bbox 2065 1221 3619 1297; baseline -0.003 -18"><span class='ocrx_word' id='word_1_197' title='bbox 2065 1227 2349 1297; x_wconf 81' lang='grc' dir='ltr'>βλέποντες</span> <span class='ocrx_word' id='word_1_198' title='bbox 2382 1226 2641 1297; x_wconf 81' lang='grc' dir='ltr'><strong>βλέπωσι,</strong></span> <span class='ocrx_word' id='word_1_199' title='bbox 2687 1226 2781 1279; x_wconf 78' lang='grc' dir='ltr'><strong>καὶ</strong></span> <span class='ocrx_word' id='word_1_200' title='bbox 2812 1226 2860 1278; x_wconf 83' lang='grc' dir='ltr'><strong>οἱ</strong></span> <span class='ocrx_word' id='word_1_201' title='bbox 2894 1223 3175 1295; x_wconf 81' lang='grc' dir='ltr'>βλέποντες</span> <span class='ocrx_word' id='word_1_202' title='bbox 3213 1222 3408 1291; x_wconf 76' lang='grc' dir='ltr'>τυφλοὶ</span> <span class='ocrx_word' id='word_1_203' title='bbox 3441 1221 3619 1289; x_wconf 73' lang='grc' dir='ltr'><strong>γένιιιν⁹</strong></span> 
     </span>
    </p>
   </div>
   <div class='ocr_carea' id='block_1_29' title="bbox 2062 1313 3619 1391">
    <p class='ocr_par' dir='ltr' id='par_1_29' title="bbox 2062 1313 3619 1391">
     <span class='ocr_line' id='line_1_29' title="bbox 2062 1313 3619 1391; baseline -0.004 -18"><span class='ocrx_word' id='word_1_204' title='bbox 2062 1337 2152 1373; x_wconf 90' lang='grc' dir='ltr'><strong>ται</strong></span> <span class='ocrx_word' id='word_1_205' title='bbox 2175 1337 2188 1349; x_wconf 91' lang='grc'><strong>·</strong></span> <span class='ocrx_word' id='word_1_206' title='bbox 2227 1339 2247 1370; x_wconf 75' lang='grc' dir='ltr'><strong>ι</strong></span> <span class='ocrx_word' id='word_1_207' title='bbox 2279 1320 2353 1383; x_wconf 84' lang='grc' dir='ltr'>ὡς</span> <span class='ocrx_word' id='word_1_208' title='bbox 2382 1319 2490 1390; x_wconf 87' lang='grc' dir='ltr'>γὰρ</span> <span class='ocrx_word' id='word_1_209' title='bbox 2516 1318 2746 1391; x_wconf 84' lang='grc' dir='ltr'>δεόμεθα</span> <span class='ocrx_word' id='word_1_210' title='bbox 2778 1318 2936 1388; x_wconf 87' lang='grc' dir='ltr'>λόγου</span> <span class='ocrx_word' id='word_1_211' title='bbox 2967 1317 3155 1387; x_wconf 81' lang='grc' dir='ltr'>σοφίας</span> <span class='ocrx_word' id='word_1_212' title='bbox 3176 1316 3255 1379; x_wconf 89' lang='grc' dir='ltr'><strong>είς</strong></span> <span class='ocrx_word' id='word_1_213' title='bbox 3284 1314 3346 1369; x_wconf 78' lang='grc' dir='ltr'><strong>τὸ</strong></span> <span class='ocrx_word' id='word_1_214' title='bbox 3368 1313 3619 1385; x_wconf 80' lang='grc' dir='ltr'>ἀπολογή-</span> 
     </span>
    </p>
   </div>
   <div class='ocr_carea' id='block_1_30' title="bbox 2065 1404 3619 1480">
    <p class='ocr_par' dir='ltr' id='par_1_30' title="bbox 2065 1404 3619 1480">
     <span class='ocr_line' id='line_1_30' title="bbox 2065 1404 3619 1480; baseline -0.003 -18"><span class='ocrx_word' id='word_1_215' title='bbox 2065 1409 2261 1463; x_wconf 88' lang='grc' dir='ltr'>σασθαι</span> <span class='ocrx_word' id='word_1_216' title='bbox 2297 1409 2429 1480; x_wconf 81' lang='grc'><strong>(55),</strong></span> <span class='ocrx_word' id='word_1_217' title='bbox 2462 1408 2579 1473; x_wconf 84' lang='grc' dir='ltr'><strong>πῶς</strong></span> <span class='ocrx_word' id='word_1_218' title='bbox 2613 1412 2641 1463; x_wconf 90' lang='grc' dir='ltr'><strong>ό</strong></span> <span class='ocrx_word' id='word_1_219' title='bbox 2679 1408 2955 1480; x_wconf 84' lang='grc' dir='ltr'>ὁμολογῶν</span> <span class='ocrx_word' id='word_1_220' title='bbox 3005 1409 3085 1470; x_wconf 88' lang='grc' dir='ltr'><strong>είς</strong></span> <span class='ocrx_word' id='word_1_221' title='bbox 3133 1404 3308 1479; x_wconf 84' lang='grc' dir='ltr'>κρίμα</span> <span class='ocrx_word' id='word_1_222' title='bbox 3340 1404 3419 1476; x_wconf 85' lang='grc' dir='ltr'>τῷ</span> <span class='ocrx_word' id='word_1_223' title='bbox 3452 1404 3619 1475; x_wconf 80' lang='grc' dir='ltr'>κόσμῳ</span> 
     </span>
    </p>
   </div>
   <div class='ocr_carea' id='block_1_31' title="bbox 2062 1499 3621 1573">
    <p class='ocr_par' dir='ltr' id='par_1_31' title="bbox 2062 1499 3621 1573">
     <span class='ocr_line' id='line_1_31' title="bbox 2062 1499 3621 1573; baseline -0.003 -19"><span class='ocrx_word' id='word_1_224' title='bbox 2062 1500 2234 1571; x_wconf 82' lang='grc' dir='ltr'>τούτῳ</span> <span class='ocrx_word' id='word_1_225' title='bbox 2266 1501 2737 1573; x_wconf 84' lang='grc' dir='ltr'>ἐπιδεδημηκέναι,</span> <span class='ocrx_word' id='word_1_226' title='bbox 2764 1503 2864 1555; x_wconf 78' lang='grc' dir='ltr'>οὐκ</span> <span class='ocrx_word' id='word_1_227' title='bbox 2907 1500 3123 1565; x_wconf 77' lang='grc' dir='ltr'><strong>ἀνάξιον</strong></span> <span class='ocrx_word' id='word_1_228' title='bbox 3160 1499 3354 1552; x_wconf 69' lang='grc' dir='ltr'>ἐαυτοῦ</span> <span class='ocrx_word' id='word_1_229' title='bbox 3414 1500 3621 1567; x_wconf 79' lang='grc' dir='ltr'>πεποίη-</span> 
     </span>
    </p>
   </div>
   <div class='ocr_carea' id='block_1_32' title="bbox 2066 1590 3618 1658">
    <p class='ocr_par' dir='ltr' id='par_1_32' title="bbox 2066 1590 3618 1658">
     <span class='ocr_line' id='line_1_32' title="bbox 2066 1590 3618 1658; baseline -0.003 -11"><span class='ocrx_word' id='word_1_230' title='bbox 2066 1611 2161 1648; x_wconf 89' lang='grc' dir='ltr'>κεν</span> <span class='ocrx_word' id='word_1_231' title='bbox 2185 1633 2199 1658; x_wconf 95' lang='grc'><strong>,</strong></span> <span class='ocrx_word' id='word_1_232' title='bbox 2230 1592 2404 1658; x_wconf 71' lang='grc' dir='ltr'>οὕτως</span> <span class='ocrx_word' id='word_1_233' title='bbox 2432 1596 2525 1649; x_wconf 74' lang='grc' dir='ltr'><strong>καὶ</strong></span> <span class='ocrx_word' id='word_1_234' title='bbox 2558 1597 2639 1657; x_wconf 87' lang='grc' dir='ltr'><strong>είς</strong></span> <span class='ocrx_word' id='word_1_235' title='bbox 2674 1594 2734 1647; x_wconf 84' lang='grc' dir='ltr'>τὸ</span> <span class='ocrx_word' id='word_1_236' title='bbox 2763 1596 2826 1648; x_wconf 88' lang='grc' dir='ltr'><strong>ἐκ</strong></span> <span class='ocrx_word' id='word_1_237' title='bbox 2861 1593 2969 1647; x_wconf 89' lang='grc' dir='ltr'><strong>τῶν</strong></span> <span class='ocrx_word' id='word_1_238' title='bbox 3011 1593 3101 1646; x_wconf 79' lang='grc' dir='ltr'>διὰ</span> <span class='ocrx_word' id='word_1_239' title='bbox 3140 1590 3232 1645; x_wconf 77' lang='grc' dir='ltr'><strong>τοῦ</strong></span> <span class='ocrx_word' id='word_1_240' title='bbox 3275 1591 3504 1658; x_wconf 83' lang='grc' dir='ltr'>Καῖἀφα</span> <span class='ocrx_word' id='word_1_241' title='bbox 3543 1590 3618 1643; x_wconf 82' lang='grc' dir='ltr'>λό-</span> 
     </span>
    </p>
   </div>
   <div class='ocr_carea' id='block_1_33' title="bbox 2067 1683 3615 1757">
    <p class='ocr_par' dir='ltr' id='par_1_33' title="bbox 2067 1683 3615 1757">
     <span class='ocr_line' id='line_1_33' title="bbox 2067 1683 3615 1757; baseline -0.003 -18"><span class='ocrx_word' id='word_1_242' title='bbox 2067 1702 2181 1754; x_wconf 91' lang='grc' dir='ltr'><strong>γων</strong></span> <span class='ocrx_word' id='word_1_243' title='bbox 2209 1685 2318 1757; x_wconf 71' lang='grc'><strong>(54)</strong></span> <span class='ocrx_word' id='word_1_244' title='bbox 2361 1685 2857 1757; x_wconf 68' lang='grc' dir='ltr'>ωμϐεϐουλεῦσθαι</span> <span class='ocrx_word' id='word_1_245' title='bbox 2904 1687 3029 1749; x_wconf 84' lang='grc' dir='ltr'>τοὺς</span> <span class='ocrx_word' id='word_1_246' title='bbox 3071 1685 3348 1756; x_wconf 80' lang='grc' dir='ltr'>ἀρχιερεῖς</span> <span class='ocrx_word' id='word_1_247' title='bbox 3387 1683 3481 1735; x_wconf 66' lang='grc' dir='ltr'><strong>καὶ</strong></span> <span class='ocrx_word' id='word_1_248' title='bbox 3508 1685 3615 1744; x_wconf 72' lang='grc' dir='ltr'>τοὺς</span> 
     </span>
    </p>
   </div>
   <div class='ocr_carea' id='block_1_34' title="bbox 398 1746 1954 1849">
    <p class='ocr_par' dir='ltr' id='par_1_34' title="bbox 398 1776 1954 1846">
     <span class='ocr_line' id='line_1_34' title="bbox 398 1776 1954 1846; baseline -0.002 -14"><span class='ocrx_word' id='word_1_249' title='bbox 398 1776 498 1833; x_wconf 87' lang='lat' dir='ltr'><strong>bus</strong></span> <span class='ocrx_word' id='word_1_250' title='bbox 526 1776 669 1832; x_wconf 90' lang='lat' dir='ltr'><strong>illius</strong></span> <span class='ocrx_word' id='word_1_251' title='bbox 689 1777 792 1832; x_wconf 92' lang='lat' dir='ltr'><strong>loci</strong></span> <span class='ocrx_word' id='word_1_252' title='bbox 818 1792 919 1846; x_wconf 89' lang='lat' dir='ltr'><strong>pro</strong></span> <span class='ocrx_word' id='word_1_253' title='bbox 956 1778 1158 1833; x_wconf 83' lang='lat' dir='ltr'><strong>viribus</strong></span> <span class='ocrx_word' id='word_1_254' title='bbox 1186 1776 1544 1832; x_wconf 89' lang='lat' dir='ltr'><strong>disseruimus</strong></span> <span class='ocrx_word' id='word_1_255' title='bbox 1575 1793 1589 1829; x_wconf 88' lang='lat'><strong>:</strong></span> <span class='ocrx_word' id='word_1_256' title='bbox 1625 1791 1767 1830; x_wconf 91' lang='lat' dir='ltr'><strong>nunc</strong></span> <span class='ocrx_word' id='word_1_257' title='bbox 1812 1790 1954 1840; x_wconf 89' lang='lat' dir='ltr'><strong>verol</strong></span> 
     </span>
    </p>
   </div>
   <div class='ocr_carea' id='block_1_35' title="bbox 2136 1746 3618 1849">
    <p class='ocr_par' dir='ltr' id='par_1_35' title="bbox 2136 1774 3618 1849">
     <span class='ocr_line' id='line_1_35' title="bbox 2136 1774 3618 1849; baseline -0.001 -20"><span class='ocrx_word' id='word_1_258' title='bbox 2136 1777 2409 1849; x_wconf 77' lang='grc' dir='ltr'>ιρισαίους,</span> <span class='ocrx_word' id='word_1_259' title='bbox 2442 1779 2528 1831; x_wconf 79' lang='grc' dir='ltr'><strong>ἵνα</strong></span> <span class='ocrx_word' id='word_1_260' title='bbox 2562 1777 2922 1831; x_wconf 79' lang='grc' dir='ltr'>ἀποκτείνωσι</span> <span class='ocrx_word' id='word_1_261' title='bbox 2958 1775 3050 1828; x_wconf 84' lang='grc' dir='ltr'>τὸν</span> <span class='ocrx_word' id='word_1_262' title='bbox 3100 1774 3329 1846; x_wconf 75' lang='grc' dir='ltr'>Ἰησοῦν.</span> <span class='ocrx_word' id='word_1_263' title='bbox 3369 1774 3503 1844; x_wconf 73' lang='grc' dir='ltr'>Περὶ</span> <span class='ocrx_word' id='word_1_264' title='bbox 3536 1774 3618 1843; x_wconf 82' lang='grc' dir='ltr'>μὲν</span> 
     </span>
    </p>
   </div>
   <div class='ocr_carea' id='block_1_36' title="bbox 400 1868 1959 1939">
    <p class='ocr_par' dir='ltr' id='par_1_36' title="bbox 400 1868 1959 1939">
     <span class='ocr_line' id='line_1_36' title="bbox 400 1868 1959 1939; baseline -0.002 -17"><span class='ocrx_word' id='word_1_265' title='bbox 400 1869 545 1939; x_wconf 87' lang='lat' dir='ltr'><strong>quod</strong></span> <span class='ocrx_word' id='word_1_266' title='bbox 578 1870 771 1924; x_wconf 87' lang='lat' dir='ltr'><strong>attinet</strong></span> <span class='ocrx_word' id='word_1_267' title='bbox 800 1870 867 1924; x_wconf 88' lang='lat' dir='ltr'><strong>ad</strong></span> <span class='ocrx_word' id='word_1_268' title='bbox 920 1870 973 1924; x_wconf 91' lang='lat' dir='ltr'><strong>id</strong></span> <span class='ocrx_word' id='word_1_269' title='bbox 1019 1885 1127 1939; x_wconf 91' lang='lat' dir='ltr'><strong>quo</strong></span> <span class='ocrx_word' id='word_1_270' title='bbox 1172 1869 1239 1923; x_wconf 92' lang='lat' dir='ltr'><strong>de</strong></span> <span class='ocrx_word' id='word_1_271' title='bbox 1291 1868 1497 1939; x_wconf 75' lang='lat' dir='ltr'><strong>agitur,</strong></span> <span class='ocrx_word' id='word_1_272' title='bbox 1530 1869 1644 1922; x_wconf 55' lang='lat' dir='ltr'><strong>hac</strong></span> <span class='ocrx_word' id='word_1_273' title='bbox 1674 1868 1959 1921; x_wconf 88' lang='lat' dir='ltr'><strong>dicentur:</strong></span> 
     </span>
    </p>
   </div>
   <div class='ocr_carea' id='block_1_37' title="bbox 399 1961 1959 2030">
    <p class='ocr_par' dir='ltr' id='par_1_37' title="bbox 399 1961 1959 2030">
     <span class='ocr_line' id='line_1_37' title="bbox 399 1961 1959 2030; baseline 0 -17"><span class='ocrx_word' id='word_1_274' title='bbox 399 1973 591 2029; x_wconf 87' lang='lat' dir='ltr'><strong>nempe</strong></span> <span class='ocrx_word' id='word_1_275' title='bbox 636 1961 782 2028; x_wconf 90' lang='lat' dir='ltr'><strong>quod</strong></span> <span class='ocrx_word' id='word_1_276' title='bbox 812 1961 1267 2029; x_wconf 87' lang='lat' dir='ltr'><strong>quemadmodum</strong></span> <span class='ocrx_word' id='word_1_277' title='bbox 1302 1975 1516 2016; x_wconf 89' lang='lat' dir='ltr'><strong>sacram</strong></span> <span class='ocrx_word' id='word_1_278' title='bbox 1556 1961 1959 2030; x_wconf 82' lang='lat' dir='ltr'><strong>Scripturarum</strong></span> 
     </span>
    </p>
   </div>
   <div class='ocr_carea' id='block_1_38' title="bbox 396 2050 1958 2120">
    <p class='ocr_par' dir='ltr' id='par_1_38' title="bbox 396 2050 1958 2120">
     <span class='ocr_line' id='line_1_38' title="bbox 396 2050 1958 2120; baseline -0.001 -13"><span class='ocrx_word' id='word_1_279' title='bbox 396 2050 837 2120; x_wconf 78' lang='lat' dir='ltr'><strong>intelligentiam,</strong></span> <span class='ocrx_word' id='word_1_280' title='bbox 875 2052 944 2107; x_wconf 92' lang='lat' dir='ltr'><strong>ob</strong></span> <span class='ocrx_word' id='word_1_281' title='bbox 983 2067 1172 2106; x_wconf 87' lang='lat' dir='ltr'><strong>eorum</strong></span> <span class='ocrx_word' id='word_1_282' title='bbox 1210 2051 1496 2106; x_wconf 91' lang='lat' dir='ltr'><strong>utilitatem</strong></span> <span class='ocrx_word' id='word_1_283' title='bbox 1528 2053 1728 2106; x_wconf 87' lang='lat' dir='ltr'><strong>dictam</strong></span> <span class='ocrx_word' id='word_1_284' title='bbox 1766 2051 1856 2120; x_wconf 90' lang='lat' dir='ltr'><strong>qui</strong></span> <span class='ocrx_word' id='word_1_285' title='bbox 1895 2067 1958 2105; x_wconf 88' lang='lat' dir='ltr'><strong>cx</strong></span> 
     </span>
    </p>
   </div>
   <div class='ocr_carea' id='block_1_39' title="bbox 324 2139 1963 2212">
    <p class='ocr_par' dir='ltr' id='par_1_39' title="bbox 324 2139 1963 2212">
     <span class='ocr_line' id='line_1_39' title="bbox 324 2139 1963 2212; baseline -0.004 -15"><span class='ocrx_word' id='word_1_286' title='bbox 324 2144 329 2149; x_wconf 77' lang='grc'><strong>’</strong></span> <span class='ocrx_word' id='word_1_287' title='bbox 397 2157 463 2197; x_wconf 88' lang='lat' dir='ltr'><strong>ea</strong></span> <span class='ocrx_word' id='word_1_288' title='bbox 489 2141 671 2212; x_wconf 64' lang='lat' dir='ltr'><strong>iuvari</strong></span> <span class='ocrx_word' id='word_1_289' title='bbox 701 2150 965 2211; x_wconf 61' lang='lat' dir='ltr'><strong>quarunt,</strong></span> <span class='ocrx_word' id='word_1_290' title='bbox 1001 2141 1405 2196; x_wconf 87' lang='lat' dir='ltr'><strong>calumniantur</strong></span> <span class='ocrx_word' id='word_1_291' title='bbox 1436 2140 1491 2194; x_wconf 82' lang='lat' dir='ltr'><strong>lti</strong></span> <span class='ocrx_word' id='word_1_292' title='bbox 1515 2140 1606 2209; x_wconf 90' lang='lat' dir='ltr'><strong>qui</strong></span> <span class='ocrx_word' id='word_1_293' title='bbox 1635 2154 1753 2193; x_wconf 89' lang='lat' dir='ltr'><strong>eam</strong></span> <span class='ocrx_word' id='word_1_294' title='bbox 1784 2139 1838 2192; x_wconf 93' lang='lat' dir='ltr'><strong>in</strong></span> <span class='ocrx_word' id='word_1_295' title='bbox 1871 2139 1963 2191; x_wconf 80' lang='lat' dir='ltr'><strong>de-</strong></span> 
     </span>
    </p>
   </div>
   <div class='ocr_carea' id='block_1_40' title="bbox 395 2231 1961 2304">
    <p class='ocr_par' dir='ltr' id='par_1_40' title="bbox 395 2231 1961 2304">
     <span class='ocr_line' id='line_1_40' title="bbox 395 2231 1961 2304; baseline -0.003 -15"><span class='ocrx_word' id='word_1_296' title='bbox 395 2234 652 2290; x_wconf 85' lang='lat' dir='ltr'><strong>teriorem</strong></span> <span class='ocrx_word' id='word_1_297' title='bbox 696 2242 906 2303; x_wconf 86' lang='lat' dir='ltr'><strong>partem</strong></span> <span class='ocrx_word' id='word_1_298' title='bbox 959 2233 1300 2304; x_wconf 80' lang='lat' dir='ltr'><strong>intelligunt,</strong></span> <span class='ocrx_word' id='word_1_299' title='bbox 1359 2247 1467 2303; x_wconf 90' lang='lat' dir='ltr'><strong>quo</strong></span> <span class='ocrx_word' id='word_1_300' title='bbox 1518 2247 1704 2285; x_wconf 86' lang='lat' dir='ltr'><strong>ansam</strong></span> <span class='ocrx_word' id='word_1_301' title='bbox 1760 2231 1961 2285; x_wconf 87' lang='lat' dir='ltr'><strong>habere</strong></span> 
     </span>
    </p>
   </div>
   <div class='ocr_carea' id='block_1_41' title="bbox 394 2324 1959 2396">
    <p class='ocr_par' dir='ltr' id='par_1_41' title="bbox 394 2324 1959 2396">
     <span class='ocr_line' id='line_1_41' title="bbox 394 2324 1959 2396; baseline -0.001 -19"><span class='ocrx_word' id='word_1_302' title='bbox 394 2325 684 2380; x_wconf 83' lang='lat' dir='ltr'><strong>videantur</strong></span> <span class='ocrx_word' id='word_1_303' title='bbox 707 2325 925 2396; x_wconf 89' lang='lat' dir='ltr'><strong>impiam</strong></span> <span class='ocrx_word' id='word_1_304' title='bbox 950 2326 1304 2380; x_wconf 89' lang='lat' dir='ltr'><strong>conﬁrmandi</strong></span> <span class='ocrx_word' id='word_1_305' title='bbox 1323 2325 1624 2379; x_wconf 83' lang='lat' dir='ltr'><strong>doctrinam</strong></span> <span class='ocrx_word' id='word_1_306' title='bbox 1654 2338 1838 2377; x_wconf 90' lang='lat' dir='ltr'><strong>eorum</strong></span> <span class='ocrx_word' id='word_1_307' title='bbox 1869 2324 1959 2391; x_wconf 89' lang='lat' dir='ltr'><strong>qui</strong></span> 
     </span>
    </p>
   </div>
   <div class='ocr_carea' id='block_1_42' title="bbox 394 2413 1956 2485">
    <p class='ocr_par' dir='ltr' id='par_1_42' title="bbox 394 2413 1956 2485">
     <span class='ocr_line' id='line_1_42' title="bbox 394 2413 1956 2485; baseline -0.001 -18"><span class='ocrx_word' id='word_1_308' title='bbox 394 2413 767 2485; x_wconf 82' lang='lat' dir='ltr'><strong>loquunturiu</strong></span> <span class='ocrx_word' id='word_1_309' title='bbox 806 2414 1145 2469; x_wconf 89' lang='lat' dir='ltr'><strong>altitudinem</strong></span> <span class='ocrx_word' id='word_1_310' title='bbox 1176 2414 1600 2482; x_wconf 77' lang='lat' dir='ltr'><strong>injustitiam&quot;;</strong></span> <span class='ocrx_word' id='word_1_311' title='bbox 1650 2415 1730 2468; x_wconf 91' lang='lat' dir='ltr'><strong>sic</strong></span> <span class='ocrx_word' id='word_1_312' title='bbox 1773 2416 1956 2483; x_wconf 85' lang='lat' dir='ltr'><strong>ponti-</strong></span> 
     </span>
    </p>
   </div>
   <div class='ocr_carea' id='block_1_43' title="bbox 392 2504 1955 2576">
    <p class='ocr_par' dir='ltr' id='par_1_43' title="bbox 392 2504 1955 2576">
     <span class='ocr_line' id='line_1_43' title="bbox 392 2504 1955 2576; baseline -0.001 -14"><span class='ocrx_word' id='word_1_313' title='bbox 392 2504 525 2562; x_wconf 83' lang='lat' dir='ltr'><strong>ﬁces</strong></span> <span class='ocrx_word' id='word_1_314' title='bbox 575 2508 736 2562; x_wconf 87' lang='lat' dir='ltr'><strong>etiam</strong></span> <span class='ocrx_word' id='word_1_315' title='bbox 790 2517 845 2562; x_wconf 91' lang='lat' dir='ltr'><strong>et</strong></span> <span class='ocrx_word' id='word_1_316' title='bbox 895 2506 1175 2575; x_wconf 72' lang='lat' dir='ltr'><strong>Pharisrci,</strong></span> <span class='ocrx_word' id='word_1_317' title='bbox 1232 2522 1335 2563; x_wconf 91' lang='lat' dir='ltr'><strong>non</strong></span> <span class='ocrx_word' id='word_1_318' title='bbox 1390 2517 1538 2562; x_wconf 90' lang='lat' dir='ltr'><strong>recte</strong></span> <span class='ocrx_word' id='word_1_319' title='bbox 1591 2506 1955 2576; x_wconf 80' lang='lat' dir='ltr'><strong>intelligentes</strong></span> 
     </span>
    </p>
   </div>
   <div class='ocr_carea' id='block_1_44' title="bbox 395 2597 1952 2670">
    <p class='ocr_par' dir='ltr' id='par_1_44' title="bbox 395 2597 1952 2670">
     <span class='ocr_line' id='line_1_44' title="bbox 395 2597 1952 2670; baseline -0.001 -17"><span class='ocrx_word' id='word_1_320' title='bbox 395 2598 597 2653; x_wconf 78' lang='lat' dir='ltr'><strong>factam</strong></span> <span class='ocrx_word' id='word_1_321' title='bbox 627 2612 655 2652; x_wconf 89' lang='lat' dir='ltr'><strong>a</strong></span> <span class='ocrx_word' id='word_1_322' title='bbox 683 2598 925 2670; x_wconf 87' lang='lat' dir='ltr'><strong>Caiaplta</strong></span> <span class='ocrx_word' id='word_1_323' title='bbox 960 2599 1026 2653; x_wconf 89' lang='lat' dir='ltr'><strong>de</strong></span> <span class='ocrx_word' id='word_1_324' title='bbox 1058 2597 1354 2654; x_wconf 81' lang='lat' dir='ltr'><strong>Servatore</strong></span> <span class='ocrx_word' id='word_1_325' title='bbox 1401 2608 1587 2653; x_wconf 82' lang='lat' dir='ltr'><strong>nostro</strong></span> <span class='ocrx_word' id='word_1_326' title='bbox 1615 2613 1796 2653; x_wconf 80' lang='lat' dir='ltr'><strong>veram</strong></span> <span class='ocrx_word' id='word_1_327' title='bbox 1829 2614 1952 2667; x_wconf 85' lang='lat' dir='ltr'><strong>pro-</strong></span> 
     </span>
    </p>
   </div>
   <div class='ocr_carea' id='block_1_45' title="bbox 393 2689 1957 2760">
    <p class='ocr_par' dir='ltr' id='par_1_45' title="bbox 393 2689 1957 2760">
     <span class='ocr_line' id='line_1_45' title="bbox 393 2689 1957 2760; baseline 0.001 -17"><span class='ocrx_word' id='word_1_328' title='bbox 393 2689 657 2759; x_wconf 87' lang='lat' dir='ltr'><strong>phetiam,</strong></span> <span class='ocrx_word' id='word_1_329' title='bbox 689 2703 880 2760; x_wconf 91' lang='lat' dir='ltr'><strong>nempe</strong></span> <span class='ocrx_word' id='word_1_330' title='bbox 909 2692 1051 2759; x_wconf 91' lang='lat' dir='ltr'><strong>quod</strong></span> <span class='ocrx_word' id='word_1_331' title='bbox 1076 2690 1352 2760; x_wconf 89' lang='lat' dir='ltr'><strong>expediret</strong></span> <span class='ocrx_word' id='word_1_332' title='bbox 1369 2691 1526 2745; x_wconf 89' lang='lat' dir='ltr'><strong>nobis</strong></span> <span class='ocrx_word' id='word_1_333' title='bbox 1544 2700 1601 2745; x_wconf 92' lang='lat' dir='ltr'><strong>ut</strong></span> <span class='ocrx_word' id='word_1_334' title='bbox 1629 2705 1765 2756; x_wconf 87' lang='lat' dir='ltr'><strong>unus</strong></span> <span class='ocrx_word' id='word_1_335' title='bbox 1794 2690 1957 2745; x_wconf 85' lang='lat' dir='ltr'><strong>homo</strong></span> 
     </span>
    </p>
   </div>
   <div class='ocr_carea' id='block_1_46' title="bbox 393 2782 1955 2853">
    <p class='ocr_par' dir='ltr' id='par_1_46' title="bbox 393 2782 1955 2853">
     <span class='ocr_line' id='line_1_46' title="bbox 393 2782 1955 2853; baseline 0.001 -18"><span class='ocrx_word' id='word_1_336' title='bbox 393 2792 700 2836; x_wconf 85' lang='lat' dir='ltr'><strong>moreretur</strong></span> <span class='ocrx_word' id='word_1_337' title='bbox 749 2796 846 2852; x_wconf 87' lang='lat' dir='ltr'><strong>pro</strong></span> <span class='ocrx_word' id='word_1_338' title='bbox 892 2782 1087 2853; x_wconf 91' lang='lat' dir='ltr'><strong>populo</strong></span> <span class='ocrx_word' id='word_1_339' title='bbox 1124 2791 1178 2837; x_wconf 91' lang='lat' dir='ltr'><strong>et</strong></span> <span class='ocrx_word' id='word_1_340' title='bbox 1229 2790 1334 2836; x_wconf 91' lang='lat' dir='ltr'><strong>tota</strong></span> <span class='ocrx_word' id='word_1_341' title='bbox 1385 2797 1517 2853; x_wconf 76' lang='lat' dir='ltr'><strong>gens</strong></span> <span class='ocrx_word' id='word_1_342' title='bbox 1576 2797 1682 2837; x_wconf 90' lang='lat' dir='ltr'><strong>non</strong></span> <span class='ocrx_word' id='word_1_343' title='bbox 1734 2783 1955 2851; x_wconf 86' lang='lat' dir='ltr'><strong>periret,</strong></span> 
     </span>
    </p>
   </div>
   <div class='ocr_carea' id='block_1_47' title="bbox 389 2873 1956 2946">
    <p class='ocr_par' dir='ltr' id='par_1_47' title="bbox 389 2873 1956 2946">
     <span class='ocr_line' id='line_1_47' title="bbox 389 2873 1956 2946; baseline 0.001 -17"><span class='ocrx_word' id='word_1_344' title='bbox 389 2873 554 2946; x_wconf 74' lang='lat'><strong>397</strong></span> <span class='ocrx_word' id='word_1_345' title='bbox 586 2875 679 2929; x_wconf 87' lang='lat' dir='ltr'><strong>sed</strong></span> <span class='ocrx_word' id='word_1_346' title='bbox 728 2874 885 2927; x_wconf 89' lang='lat' dir='ltr'><strong>aliam</strong></span> <span class='ocrx_word' id='word_1_347' title='bbox 924 2874 1334 2941; x_wconf 78' lang='lat' dir='ltr'><strong>intelligentiam</strong></span> <span class='ocrx_word' id='word_1_348' title='bbox 1371 2888 1494 2930; x_wconf 90' lang='lat' dir='ltr'><strong>esse</strong></span> <span class='ocrx_word' id='word_1_349' title='bbox 1540 2874 1646 2929; x_wconf 86' lang='lat' dir='ltr'><strong>rati</strong></span> <span class='ocrx_word' id='word_1_350' title='bbox 1683 2875 1737 2929; x_wconf 93' lang='lat' dir='ltr'><strong>in</strong></span> <span class='ocrx_word' id='word_1_351' title='bbox 1769 2876 1956 2930; x_wconf 89' lang='lat' dir='ltr'><strong>volun-</strong></span> 
     </span>
    </p>
   </div>
   <div class='ocr_carea' id='block_1_48' title="bbox 394 2963 1952 3035">
    <p class='ocr_par' dir='ltr' id='par_1_48' title="bbox 394 2963 1952 3035">
     <span class='ocr_line' id='line_1_48' title="bbox 394 2963 1952 3035; baseline 0 -16"><span class='ocrx_word' id='word_1_352' title='bbox 394 2974 502 3019; x_wconf 82' lang='lat' dir='ltr'><strong>tate</strong></span> <span class='ocrx_word' id='word_1_353' title='bbox 537 2964 747 3020; x_wconf 88' lang='lat' dir='ltr'><strong>consilii</strong></span> <span class='ocrx_word' id='word_1_354' title='bbox 773 2963 1046 3035; x_wconf 69' lang='lat' dir='ltr'><strong>Caiaphae,</strong></span> <span class='ocrx_word' id='word_1_355' title='bbox 1084 2963 1152 3018; x_wconf 90' lang='lat' dir='ltr'><strong>ab</strong></span> <span class='ocrx_word' id='word_1_356' title='bbox 1187 2964 1278 3018; x_wconf 90' lang='lat' dir='ltr'><strong>illo</strong></span> <span class='ocrx_word' id='word_1_357' title='bbox 1311 2965 1399 3020; x_wconf 91' lang='lat' dir='ltr'><strong>die</strong></span> <span class='ocrx_word' id='word_1_358' title='bbox 1428 2980 1530 3018; x_wconf 87' lang='lat' dir='ltr'><strong>una</strong></span> <span class='ocrx_word' id='word_1_359' title='bbox 1558 2965 1952 3031; x_wconf 88' lang='lat' dir='ltr'><strong>consultarunt,</strong></span> 
     </span>
    </p>
   </div>
   <div class='ocr_carea' id='block_1_49' title="bbox 2062 1862 3612 1941">
    <p class='ocr_par' dir='ltr' id='par_1_49' title="bbox 2062 1862 3612 1941">
     <span class='ocr_line' id='line_1_49' title="bbox 2062 1862 3612 1941; baseline -0.004 -20"><span class='ocrx_word' id='word_1_360' title='bbox 2062 1865 2158 1923; x_wconf 79' lang='grc' dir='ltr'><strong>οὖν</strong></span> <span class='ocrx_word' id='word_1_361' title='bbox 2186 1868 2300 1934; x_wconf 79' lang='grc' dir='ltr'>τοῦ,</span> <span class='ocrx_word' id='word_1_362' title='bbox 2348 1886 2367 1919; x_wconf 74' lang='grc' dir='ltr'><strong>ι</strong></span> <span class='ocrx_word' id='word_1_363' title='bbox 2402 1870 2496 1933; x_wconf 81' lang='grc' dir='ltr'><strong>Εἰς</strong></span> <span class='ocrx_word' id='word_1_364' title='bbox 2521 1871 2695 1941; x_wconf 89' lang='grc' dir='ltr'>κρίμα</span> <span class='ocrx_word' id='word_1_365' title='bbox 2720 1870 2800 1932; x_wconf 87' lang='grc' dir='ltr'>εἰς</span> <span class='ocrx_word' id='word_1_366' title='bbox 2832 1868 2923 1921; x_wconf 84' lang='grc' dir='ltr'>τὸν</span> <span class='ocrx_word' id='word_1_367' title='bbox 2955 1867 3157 1936; x_wconf 80' lang='grc' dir='ltr'><strong>κόσμον</strong></span> <span class='ocrx_word' id='word_1_368' title='bbox 3185 1866 3374 1918; x_wconf 74' lang='grc' dir='ltr'>τοῦτον</span> <span class='ocrx_word' id='word_1_369' title='bbox 3401 1862 3573 1935; x_wconf 75' lang='grc' dir='ltr'>ἦλθον,</span> <span class='ocrx_word' id='word_1_370' title='bbox 3599 1887 3612 1915; x_wconf 83' lang='grc' dir='ltr'><strong>ι</strong></span> 
     </span>
    </p>
   </div>
   <div class='ocr_carea' id='block_1_50' title="bbox 2062 1956 3617 2032">
    <p class='ocr_par' dir='ltr' id='par_1_50' title="bbox 2062 1956 3617 2032">
     <span class='ocr_line' id='line_1_50' title="bbox 2062 1956 3617 2032; baseline -0.005 -19"><span class='ocrx_word' id='word_1_371' title='bbox 2062 1961 2163 2013; x_wconf 86' lang='grc' dir='ltr'><strong>ὅσα</strong></span> <span class='ocrx_word' id='word_1_372' title='bbox 2206 1960 2536 2032; x_wconf 78' lang='grc' dir='ltr'><strong>δεδυνήμεθα</strong></span> <span class='ocrx_word' id='word_1_373' title='bbox 2582 1962 2639 2013; x_wconf 90' lang='grc' dir='ltr'>ἐν</span> <span class='ocrx_word' id='word_1_374' title='bbox 2682 1963 2793 2021; x_wconf 82' lang='grc' dir='ltr'>τοῖς</span> <span class='ocrx_word' id='word_1_375' title='bbox 2836 1961 2915 2021; x_wconf 85' lang='grc' dir='ltr'>εἰς</span> <span class='ocrx_word' id='word_1_376' title='bbox 2955 1959 3048 2011; x_wconf 85' lang='grc' dir='ltr'>τὸν</span> <span class='ocrx_word' id='word_1_377' title='bbox 3095 1957 3257 2010; x_wconf 86' lang='grc' dir='ltr'>τόπον</span> <span class='ocrx_word' id='word_1_378' title='bbox 3292 1956 3617 2025; x_wconf 78' lang='grc' dir='ltr'><strong>ἐξηγητικοῖς</strong></span> 
     </span>
    </p>
   </div>
   <div class='ocr_carea' id='block_1_51' title="bbox 2063 2047 3616 2125">
    <p class='ocr_par' dir='ltr' id='par_1_51' title="bbox 2063 2047 3616 2125">
     <span class='ocr_line' id='line_1_51' title="bbox 2063 2047 3616 2125; baseline -0.005 -20"><span class='ocrx_word' id='word_1_379' title='bbox 2063 2053 2361 2125; x_wconf 72' lang='grc' dir='ltr'>εἰρήκαμεν</span> <span class='ocrx_word' id='word_1_380' title='bbox 2380 2070 2393 2083; x_wconf 90' lang='grc'><strong>·</strong></span> <span class='ocrx_word' id='word_1_381' title='bbox 2429 2052 2556 2123; x_wconf 81' lang='grc' dir='ltr'>περὶ</span> <span class='ocrx_word' id='word_1_382' title='bbox 2582 2052 2639 2104; x_wconf 88' lang='grc' dir='ltr'><strong>δέ</strong></span> <span class='ocrx_word' id='word_1_383' title='bbox 2667 2051 2761 2105; x_wconf 80' lang='grc' dir='ltr'>τοῦ</span> <span class='ocrx_word' id='word_1_384' title='bbox 2784 2050 2879 2104; x_wconf 79' lang='grc' dir='ltr'><strong>νῦν</strong></span> <span class='ocrx_word' id='word_1_385' title='bbox 2919 2048 3281 2121; x_wconf 76' lang='grc' dir='ltr'><strong>προκειμένου</strong></span> <span class='ocrx_word' id='word_1_386' title='bbox 3315 2047 3535 2101; x_wconf 79' lang='grc' dir='ltr'>τοιαῦτα</span> <span class='ocrx_word' id='word_1_387' title='bbox 3564 2048 3616 2098; x_wconf 72' lang='grc' dir='ltr'>ἂν</span> 
     </span>
    </p>
   </div>
   <div class='ocr_carea' id='block_1_52' title="bbox 2062 2130 3618 2215">
    <p class='ocr_par' dir='ltr' id='par_1_52' title="bbox 2062 2130 3618 2215">
     <span class='ocr_line' id='line_1_52' title="bbox 2062 2130 3618 2215; baseline -0.003 -19"><span class='ocrx_word' id='word_1_388' title='bbox 2062 2130 2289 2213; x_wconf 79' lang='grc' dir='ltr'>λέγοιτο,</span> <span class='ocrx_word' id='word_1_389' title='bbox 2316 2145 2419 2209; x_wconf 84' lang='grc' dir='ltr'>ὅτι,</span> <span class='ocrx_word' id='word_1_390' title='bbox 2450 2145 2637 2215; x_wconf 85' lang='grc' dir='ltr'>ῶσπερ</span> <span class='ocrx_word' id='word_1_391' title='bbox 2676 2145 2765 2197; x_wconf 76' lang='grc' dir='ltr'>τὸν</span> <span class='ocrx_word' id='word_1_392' title='bbox 2796 2142 2939 2213; x_wconf 75' lang='grc' dir='ltr'>ἱερὸν</span> <span class='ocrx_word' id='word_1_393' title='bbox 2968 2141 3091 2195; x_wconf 78' lang='grc' dir='ltr'><strong>νοῦν</strong></span> <span class='ocrx_word' id='word_1_394' title='bbox 3115 2140 3220 2193; x_wconf 89' lang='grc' dir='ltr'><strong>τῶν</strong></span> <span class='ocrx_word' id='word_1_395' title='bbox 3257 2141 3297 2191; x_wconf 87' lang='grc' dir='ltr'><strong>Γ</strong></span> <span class='ocrx_word' id='word_1_396' title='bbox 3306 2139 3510 2212; x_wconf 86' lang='grc' dir='ltr'>ραφῶν,</span> <span class='ocrx_word' id='word_1_397' title='bbox 3542 2140 3618 2192; x_wconf 76' lang='grc' dir='ltr'>ἐπὶ</span> 
     </span>
    </p>
   </div>
   <div class='ocr_carea' id='block_1_53' title="bbox 2060 2232 3618 2308">
    <p class='ocr_par' dir='ltr' id='par_1_53' title="bbox 2060 2232 3618 2308">
     <span class='ocr_line' id='line_1_53' title="bbox 2060 2232 3618 2308; baseline -0.003 -21"><span class='ocrx_word' id='word_1_398' title='bbox 2060 2235 2296 2308; x_wconf 75' lang='grc' dir='ltr'>ὠφελείᾳ</span> <span class='ocrx_word' id='word_1_399' title='bbox 2344 2236 2633 2307; x_wconf 87' lang='grc' dir='ltr'>λεγόμενον</span> <span class='ocrx_word' id='word_1_400' title='bbox 2669 2235 2778 2290; x_wconf 88' lang='grc' dir='ltr'><strong>τῶν</strong></span> <span class='ocrx_word' id='word_1_401' title='bbox 2822 2236 3127 2307; x_wconf 75' lang='grc' dir='ltr'><strong>ζητούντων</strong></span> <span class='ocrx_word' id='word_1_402' title='bbox 3162 2235 3255 2287; x_wconf 79' lang='grc' dir='ltr'>ἀπ’</span> <span class='ocrx_word' id='word_1_403' title='bbox 3300 2232 3466 2286; x_wconf 74' lang='grc' dir='ltr'>αὐτοῦ</span> <span class='ocrx_word' id='word_1_404' title='bbox 3498 2232 3618 2299; x_wconf 76' lang='grc' dir='ltr'>ὡφε-</span> 
     </span>
    </p>
   </div>
   <div class='ocr_carea' id='block_1_54' title="bbox 2059 2324 3617 2401">
    <p class='ocr_par' dir='ltr' id='par_1_54' title="bbox 2059 2324 3617 2401">
     <span class='ocr_line' id='line_1_54' title="bbox 2059 2324 3617 2401; baseline -0.003 -22"><span class='ocrx_word' id='word_1_405' title='bbox 2059 2326 2308 2398; x_wconf 79' lang='grc' dir='ltr'>ληθῆναι,</span> <span class='ocrx_word' id='word_1_406' title='bbox 2339 2329 2387 2381; x_wconf 76' lang='lat' dir='ltr'><strong>oi</strong></span> <span class='ocrx_word' id='word_1_407' title='bbox 2420 2329 2513 2381; x_wconf 81' lang='grc' dir='ltr'><strong>ἐπὶ</strong></span> <span class='ocrx_word' id='word_1_408' title='bbox 2543 2330 2602 2381; x_wconf 83' lang='grc' dir='ltr'>τὺ</span> <span class='ocrx_word' id='word_1_409' title='bbox 2638 2332 2817 2401; x_wconf 85' lang='grc' dir='ltr'>χεῖρον</span> <span class='ocrx_word' id='word_1_410' title='bbox 2858 2327 3335 2399; x_wconf 82' lang='grc' dir='ltr'>παρεκδεχόμενοι,</span> <span class='ocrx_word' id='word_1_411' title='bbox 3374 2324 3511 2377; x_wconf 78' lang='grc' dir='ltr'>ὥστε</span> <span class='ocrx_word' id='word_1_412' title='bbox 3542 2324 3617 2375; x_wconf 75' lang='grc' dir='ltr'>καὶ</span> 
     </span>
    </p>
   </div>
   <div class='ocr_carea' id='block_1_55' title="bbox 2061 2417 3617 2493">
    <p class='ocr_par' dir='ltr' id='par_1_55' title="bbox 2061 2417 3617 2493">
     <span class='ocr_line' id='line_1_55' title="bbox 2061 2417 3617 2493; baseline -0.006 -17"><span class='ocrx_word' id='word_1_413' title='bbox 2061 2419 2312 2491; x_wconf 76' lang='grc' dir='ltr'>ἀφορμὴν</span> <span class='ocrx_word' id='word_1_414' title='bbox 2347 2419 2457 2491; x_wconf 81' lang='grc'><strong>(55)</strong></span> <span class='ocrx_word' id='word_1_415' title='bbox 2483 2420 2625 2491; x_wconf 72' lang='grc' dir='ltr'>ἔχειν</span> <span class='ocrx_word' id='word_1_416' title='bbox 2648 2421 2822 2474; x_wconf 84' lang='grc' dir='ltr'><strong>δοκεῖν</strong></span> <span class='ocrx_word' id='word_1_417' title='bbox 2851 2420 2985 2493; x_wconf 70' lang='grc' dir='ltr'>πρὸς</span> <span class='ocrx_word' id='word_1_418' title='bbox 3018 2419 3364 2489; x_wconf 75' lang='grc' dir='ltr'>κατασκευὴν</span> <span class='ocrx_word' id='word_1_419' title='bbox 3409 2417 3617 2480; x_wconf 71' lang='grc' dir='ltr'>ἀσεϐοῦς</span> 
     </span>
    </p>
   </div>
   <div class='ocr_carea' id='block_1_56' title="bbox 2058 2509 3616 2580">
    <p class='ocr_par' dir='ltr' id='par_1_56' title="bbox 2058 2509 3616 2580">
     <span class='ocr_line' id='line_1_56' title="bbox 2058 2509 3616 2580; baseline -0.003 -16"><span class='ocrx_word' id='word_1_420' title='bbox 2058 2511 2402 2575; x_wconf 80' lang='grc' dir='ltr'>διδασκαλίας</span> <span class='ocrx_word' id='word_1_421' title='bbox 2447 2512 2553 2565; x_wconf 90' lang='grc' dir='ltr'><strong>τῶν</strong></span> <span class='ocrx_word' id='word_1_422' title='bbox 2614 2511 2823 2566; x_wconf 84' lang='grc' dir='ltr'>ἀδικίαν</span> <span class='ocrx_word' id='word_1_423' title='bbox 2880 2514 2958 2575; x_wconf 86' lang='grc' dir='ltr'>εἰς</span> <span class='ocrx_word' id='word_1_424' title='bbox 3010 2510 3069 2564; x_wconf 86' lang='grc' dir='ltr'><strong>τὸ</strong></span> <span class='ocrx_word' id='word_1_425' title='bbox 3117 2511 3247 2580; x_wconf 60' lang='grc' dir='ltr'>ὕψος</span> <span class='ocrx_word' id='word_1_426' title='bbox 3302 2509 3616 2571; x_wconf 76' lang='grc' dir='ltr'><strong>λαλούντων,</strong></span> 
     </span>
    </p>
   </div>
   <div class='ocr_carea' id='block_1_57' title="bbox 2061 2600 3616 2671">
    <p class='ocr_par' dir='ltr' id='par_1_57' title="bbox 2061 2600 3616 2671">
     <span class='ocr_line' id='line_1_57' title="bbox 2061 2600 3616 2671; baseline -0.003 -15"><span class='ocrx_word' id='word_1_427' title='bbox 2061 2603 2509 2671; x_wconf 68' lang='grc' dir='ltr'>συκοφαντοῦσιν·</span> <span class='ocrx_word' id='word_1_428' title='bbox 2566 2602 2736 2666; x_wconf 73' lang='grc' dir='ltr'>οὕτως</span> <span class='ocrx_word' id='word_1_429' title='bbox 2788 2604 2887 2670; x_wconf 84' lang='grc' dir='ltr'><strong>τήν</strong></span> <span class='ocrx_word' id='word_1_430' title='bbox 2936 2620 2996 2655; x_wconf 88' lang='grc' dir='ltr'><strong>τε</strong></span> <span class='ocrx_word' id='word_1_431' title='bbox 3045 2602 3139 2655; x_wconf 76' lang='grc' dir='ltr'><strong>τοῦ</strong></span> <span class='ocrx_word' id='word_1_432' title='bbox 3188 2602 3444 2671; x_wconf 74' lang='grc' dir='ltr'>Σωτῆρος</span> <span class='ocrx_word' id='word_1_433' title='bbox 3482 2600 3616 2669; x_wconf 76' lang='grc' dir='ltr'>ἡμῶν</span> 
     </span>
    </p>
   </div>
   <div class='ocr_carea' id='block_1_58' title="bbox 2059 2694 3617 2766">
    <p class='ocr_par' dir='ltr' id='par_1_58' title="bbox 2059 2694 3617 2766">
     <span class='ocr_line' id='line_1_58' title="bbox 2059 2694 3617 2766; baseline -0.003 -16"><span class='ocrx_word' id='word_1_434' title='bbox 2059 2696 2164 2750; x_wconf 77' lang='grc' dir='ltr'>ὑπὸ</span> <span class='ocrx_word' id='word_1_435' title='bbox 2190 2695 2279 2750; x_wconf 79' lang='grc' dir='ltr'><strong>τοῦ</strong></span> <span class='ocrx_word' id='word_1_436' title='bbox 2307 2697 2527 2763; x_wconf 83' lang='grc' dir='ltr'>Καῖάφα</span> <span class='ocrx_word' id='word_1_437' title='bbox 2553 2694 2848 2766; x_wconf 76' lang='grc' dir='ltr'><strong>γενομένην</strong></span> <span class='ocrx_word' id='word_1_438' title='bbox 2889 2695 3222 2766; x_wconf 80' lang='grc' dir='ltr'>προφητείαν</span> <span class='ocrx_word' id='word_1_439' title='bbox 3265 2694 3617 2765; x_wconf 80' lang='grc' dir='ltr'>ἀληθεύούσαν</span> 
     </span>
    </p>
   </div>
   <div class='ocr_carea' id='block_1_59' title="bbox 2058 2782 3614 2859">
    <p class='ocr_par' dir='ltr' id='par_1_59' title="bbox 2058 2782 3614 2859">
     <span class='ocr_line' id='line_1_59' title="bbox 2058 2782 3614 2859; baseline -0.003 -18"><span class='ocrx_word' id='word_1_440' title='bbox 2058 2789 2116 2841; x_wconf 87' lang='grc' dir='ltr'>ἐν</span> <span class='ocrx_word' id='word_1_441' title='bbox 2160 2788 2237 2859; x_wconf 81' lang='grc' dir='ltr'>τῷ</span> <span class='ocrx_word' id='word_1_442' title='bbox 2281 2787 2581 2858; x_wconf 80' lang='grc' dir='ltr'>συμφέρειν</span> <span class='ocrx_word' id='word_1_443' title='bbox 2631 2789 2781 2857; x_wconf 82' lang='grc' dir='ltr'>ἡμῖν,</span> <span class='ocrx_word' id='word_1_444' title='bbox 2817 2788 2902 2839; x_wconf 85' lang='grc' dir='ltr'>ἴνα</span> <span class='ocrx_word' id='word_1_445' title='bbox 2946 2782 3025 2848; x_wconf 80' lang='grc' dir='ltr'><strong>εἷς</strong></span> <span class='ocrx_word' id='word_1_446' title='bbox 3070 2786 3358 2857; x_wconf 81' lang='grc' dir='ltr'>ἄνθρωπος</span> <span class='ocrx_word' id='word_1_447' title='bbox 3392 2786 3614 2855; x_wconf 71' lang='grc' dir='ltr'>ἀποθάνῃ</span> 
     </span>
    </p>
   </div>
   <div class='ocr_carea' id='block_1_60' title="bbox 2058 2876 3613 2953">
    <p class='ocr_par' dir='ltr' id='par_1_60' title="bbox 2058 2876 3613 2953">
     <span class='ocr_line' id='line_1_60' title="bbox 2058 2876 3613 2953; baseline -0.005 -18"><span class='ocrx_word' id='word_1_448' title='bbox 2058 2882 2198 2953; x_wconf 81' lang='grc' dir='ltr'>ὑπὲρ</span> <span class='ocrx_word' id='word_1_449' title='bbox 2241 2880 2334 2934; x_wconf 79' lang='grc' dir='ltr'>τοῦ</span> <span class='ocrx_word' id='word_1_450' title='bbox 2386 2880 2536 2945; x_wconf 79' lang='grc' dir='ltr'>λαοῦ,</span> <span class='ocrx_word' id='word_1_451' title='bbox 2590 2880 2682 2933; x_wconf 81' lang='grc' dir='ltr'><strong>καὶ</strong></span> <span class='ocrx_word' id='word_1_452' title='bbox 2735 2876 2808 2950; x_wconf 84' lang='grc' dir='ltr'>μὴ</span> <span class='ocrx_word' id='word_1_453' title='bbox 2864 2878 2984 2932; x_wconf 82' lang='grc' dir='ltr'>ὅλον</span> <span class='ocrx_word' id='word_1_454' title='bbox 3035 2879 3096 2931; x_wconf 83' lang='grc' dir='ltr'><strong>τὸ</strong></span> <span class='ocrx_word' id='word_1_455' title='bbox 3141 2879 3292 2943; x_wconf 79' lang='grc' dir='ltr'>ἔθνος</span> <span class='ocrx_word' id='word_1_456' title='bbox 3347 2879 3613 2947; x_wconf 74' lang='grc' dir='ltr'>ἀπόληται,</span> 
     </span>
    </p>
   </div>
   <div class='ocr_carea' id='block_1_61' title="bbox 2056 2972 3613 3045">
    <p class='ocr_par' dir='ltr' id='par_1_61' title="bbox 2056 2972 3613 3045">
     <span class='ocr_line' id='line_1_61' title="bbox 2056 2972 3613 3045; baseline -0.003 -19"><span class='ocrx_word' id='word_1_457' title='bbox 2056 2974 2155 3045; x_wconf 73' lang='grc' dir='ltr'><strong>οὐχ</strong></span> <span class='ocrx_word' id='word_1_458' title='bbox 2182 2972 2349 3042; x_wconf 81' lang='grc' dir='ltr'>ὑγιῶς</span> <span class='ocrx_word' id='word_1_459' title='bbox 2383 2973 2707 3037; x_wconf 85' lang='grc' dir='ltr'>ἀκούσαντες</span> <span class='ocrx_word' id='word_1_460' title='bbox 2733 2976 2781 3025; x_wconf 76' lang='grc' dir='ltr'><strong>οἱ</strong></span> <span class='ocrx_word' id='word_1_461' title='bbox 2804 2974 3085 3044; x_wconf 84' lang='grc' dir='ltr'>Φαρισαῖοι</span> <span class='ocrx_word' id='word_1_462' title='bbox 3116 2972 3209 3025; x_wconf 72' lang='grc' dir='ltr'>καὶ</span> <span class='ocrx_word' id='word_1_463' title='bbox 3244 2973 3295 3024; x_wconf 89' lang='grc' dir='ltr'><strong>οἱ</strong></span> <span class='ocrx_word' id='word_1_464' title='bbox 3326 2973 3613 3043; x_wconf 78' lang='grc' dir='ltr'>ἀρχιερεῖς,</span> 
     </span>
    </p>
   </div>
   <div class='ocr_carea' id='block_1_62' title="bbox 389 3053 1954 3144">
    <p class='ocr_par' dir='ltr' id='par_1_62' title="bbox 389 3053 1954 3127">
     <span class='ocr_line' id='line_1_62' title="bbox 389 3053 1954 3127; baseline 0.003 -20"><span class='ocrx_word' id='word_1_465' title='bbox 389 3065 450 3109; x_wconf 82' lang='grc' dir='ltr'><strong>ιιι</strong></span> <span class='ocrx_word' id='word_1_466' title='bbox 486 3053 670 3111; x_wconf 85' lang='lat' dir='ltr'><strong>Jesum</strong></span> <span class='ocrx_word' id='word_1_467' title='bbox 720 3055 1111 3111; x_wconf 84' lang='lat' dir='ltr'><strong>interﬁcerent.</strong></span> <span class='ocrx_word' id='word_1_468' title='bbox 1160 3054 1285 3111; x_wconf 69' lang='lat' dir='ltr'><strong>Haec</strong></span> <span class='ocrx_word' id='word_1_469' title='bbox 1324 3066 1503 3110; x_wconf 90' lang='lat' dir='ltr'><strong>autem</strong></span> <span class='ocrx_word' id='word_1_470' title='bbox 1554 3057 1678 3111; x_wconf 90' lang='lat' dir='ltr'><strong>dico</strong></span> <span class='ocrx_word' id='word_1_471' title='bbox 1724 3071 1954 3127; x_wconf 89' lang='lat' dir='ltr'><strong>sequens</strong></span> 
     </span>
    </p>
   </div>
   <div class='ocr_carea' id='block_1_63' title="bbox 2136 3053 3612 3144">
    <p class='ocr_par' dir='ltr' id='par_1_63' title="bbox 2136 3058 3612 3134">
     <span class='ocr_line' id='line_1_63' title="bbox 2136 3058 3612 3134; baseline -0.003 -17"><span class='ocrx_word' id='word_1_472' title='bbox 2136 3065 2195 3119; x_wconf 80' lang='grc' dir='ltr'><strong>λὰ</strong></span> <span class='ocrx_word' id='word_1_473' title='bbox 2231 3064 2389 3118; x_wconf 81' lang='grc' dir='ltr'>ἄλλον</span> <span class='ocrx_word' id='word_1_474' title='bbox 2413 3063 2536 3117; x_wconf 84' lang='grc' dir='ltr'><strong>νοῦν</strong></span> <span class='ocrx_word' id='word_1_475' title='bbox 2573 3064 2894 3134; x_wconf 89' lang='grc' dir='ltr'>νομίσαντες</span> <span class='ocrx_word' id='word_1_476' title='bbox 2941 3058 3080 3116; x_wconf 78' lang='grc' dir='ltr'>εἶναι</span> <span class='ocrx_word' id='word_1_477' title='bbox 3105 3063 3246 3115; x_wconf 84' lang='grc' dir='ltr'>κατὰ</span> <span class='ocrx_word' id='word_1_478' title='bbox 3276 3061 3339 3115; x_wconf 79' lang='grc' dir='ltr'>τὸ</span> <span class='ocrx_word' id='word_1_479' title='bbox 3388 3063 3612 3131; x_wconf 71' lang='grc' dir='ltr'>βούλημα</span> 
     </span>
    </p>
   </div>
   <div class='ocr_carea' id='block_1_64' title="bbox 388 3147 1953 3219">
    <p class='ocr_par' dir='ltr' id='par_1_64' title="bbox 388 3147 1953 3219">
     <span class='ocr_line' id='line_1_64' title="bbox 388 3147 1953 3219; baseline 0.001 -16"><span class='ocrx_word' id='word_1_480' title='bbox 388 3148 533 3204; x_wconf 88' lang='lat' dir='ltr'><strong>hanc</strong></span> <span class='ocrx_word' id='word_1_481' title='bbox 566 3148 1010 3218; x_wconf 74' lang='lat' dir='ltr'><strong>intelligentiam,</strong></span> <span class='ocrx_word' id='word_1_482' title='bbox 1071 3156 1131 3203; x_wconf 84' lang='lat' dir='ltr'><strong>ut</strong></span> <span class='ocrx_word' id='word_1_483' title='bbox 1178 3147 1419 3219; x_wconf 88' lang='lat' dir='ltr'><strong>Spiritus</strong></span> <span class='ocrx_word' id='word_1_484' title='bbox 1475 3158 1699 3205; x_wconf 89' lang='lat' dir='ltr'><strong>sanctus</strong></span> <span class='ocrx_word' id='word_1_485' title='bbox 1750 3151 1821 3205; x_wconf 92' lang='lat' dir='ltr'><strong>sit</strong></span> <span class='ocrx_word' id='word_1_486' title='bbox 1866 3151 1953 3204; x_wconf 90' lang='lat' dir='ltr'><strong>ille</strong></span> 
     </span>
    </p>
   </div>
   <div class='ocr_carea' id='block_1_65' title="bbox 391 3241 1953 3312">
    <p class='ocr_par' dir='ltr' id='par_1_65' title="bbox 391 3241 1953 3312">
     <span class='ocr_line' id='line_1_65' title="bbox 391 3241 1953 3312; baseline 0.001 -18"><span class='ocrx_word' id='word_1_487' title='bbox 391 3243 486 3312; x_wconf 91' lang='lat' dir='ltr'><strong>qui</strong></span> <span class='ocrx_word' id='word_1_488' title='bbox 520 3241 860 3312; x_wconf 86' lang='lat' dir='ltr'><strong>prophetarit</strong></span> <span class='ocrx_word' id='word_1_489' title='bbox 906 3241 960 3295; x_wconf 89' lang='lat' dir='ltr'><strong>in</strong></span> <span class='ocrx_word' id='word_1_490' title='bbox 1000 3241 1233 3311; x_wconf 80' lang='lat' dir='ltr'><strong>Caiapha</strong></span> <span class='ocrx_word' id='word_1_491' title='bbox 1272 3256 1423 3296; x_wconf 88' lang='lat' dir='ltr'><strong>:non</strong></span> <span class='ocrx_word' id='word_1_492' title='bbox 1476 3242 1703 3297; x_wconf 91' lang='lat' dir='ltr'><strong>omnino</strong></span> <span class='ocrx_word' id='word_1_493' title='bbox 1751 3245 1953 3298; x_wconf 80' lang='lat' dir='ltr'><strong>contir-</strong></span> 
     </span>
    </p>
   </div>
   <div class='ocr_carea' id='block_1_66' title="bbox 392 3325 1949 3403">
    <p class='ocr_par' dir='ltr' id='par_1_66' title="bbox 392 3325 1949 3403">
     <span class='ocr_line' id='line_1_66' title="bbox 392 3325 1949 3403; baseline 0.003 -21"><span class='ocrx_word' id='word_1_494' title='bbox 392 3345 549 3385; x_wconf 90' lang='lat' dir='ltr'><strong>mans</strong></span> <span class='ocrx_word' id='word_1_495' title='bbox 573 3331 678 3387; x_wconf 90' lang='lat' dir='ltr'><strong>hoc</strong></span> <span class='ocrx_word' id='word_1_496' title='bbox 710 3333 783 3386; x_wconf 89' lang='lat' dir='ltr'><strong>ita</strong></span> <span class='ocrx_word' id='word_1_497' title='bbox 830 3346 891 3387; x_wconf 86' lang='lat' dir='ltr'><strong>se</strong></span> <span class='ocrx_word' id='word_1_498' title='bbox 935 3325 1160 3397; x_wconf 82' lang='lat' dir='ltr'><strong>liabere,</strong></span> <span class='ocrx_word' id='word_1_499' title='bbox 1213 3334 1308 3387; x_wconf 89' lang='lat' dir='ltr'><strong>sed</strong></span> <span class='ocrx_word' id='word_1_500' title='bbox 1354 3331 1645 3388; x_wconf 86' lang='lat' dir='ltr'><strong>lectoribus</strong></span> <span class='ocrx_word' id='word_1_501' title='bbox 1688 3333 1949 3403; x_wconf 84' lang='lat' dir='ltr'><strong>judicium</strong></span> 
     </span>
    </p>
   </div>
   <div class='ocr_carea' id='block_1_67' title="bbox 389 3421 1950 3501">
    <p class='ocr_par' dir='ltr' id='par_1_67' title="bbox 389 3421 1950 3501">
     <span class='ocr_line' id='line_1_67' title="bbox 389 3421 1950 3501; baseline 0.003 -26"><span class='ocrx_word' id='word_1_502' title='bbox 389 3421 707 3491; x_wconf 86' lang='lat' dir='ltr'><strong>relinquens</strong></span> <span class='ocrx_word' id='word_1_503' title='bbox 734 3433 913 3477; x_wconf 89' lang='lat' dir='ltr'><strong>utrum</strong></span> <span class='ocrx_word' id='word_1_504' title='bbox 938 3424 1149 3477; x_wconf 89' lang='lat' dir='ltr'><strong>admitti</strong></span> <span class='ocrx_word' id='word_1_505' title='bbox 1187 3433 1440 3492; x_wconf 91' lang='lat' dir='ltr'><strong>oporteat</strong></span> <span class='ocrx_word' id='word_1_506' title='bbox 1461 3424 1527 3479; x_wconf 90' lang='lat' dir='ltr'><strong>de</strong></span> <span class='ocrx_word' id='word_1_507' title='bbox 1555 3424 1789 3501; x_wconf 88' lang='lat' dir='ltr'><strong>Caiapha</strong></span> <span class='ocrx_word' id='word_1_508' title='bbox 1811 3426 1950 3493; x_wconf 90' lang='lat' dir='ltr'><strong>quod</strong></span> 
     </span>
    </p>
   </div>
   <div class='ocr_carea' id='block_1_68' title="bbox 386 3512 1575 3583">
    <p class='ocr_par' dir='ltr' id='par_1_68' title="bbox 386 3512 1575 3583">
     <span class='ocr_line' id='line_1_68' title="bbox 386 3512 1575 3583; baseline 0.004 -21"><span class='ocrx_word' id='word_1_509' title='bbox 386 3512 542 3583; x_wconf 86' lang='lat' dir='ltr'><strong>quasi</strong></span> <span class='ocrx_word' id='word_1_510' title='bbox 574 3522 793 3582; x_wconf 91' lang='lat' dir='ltr'><strong>repente</strong></span> <span class='ocrx_word' id='word_1_511' title='bbox 832 3514 1032 3582; x_wconf 81' lang='lat' dir='ltr'><strong>Spiritu</strong></span> <span class='ocrx_word' id='word_1_512' title='bbox 1062 3523 1254 3568; x_wconf 89' lang='lat' dir='ltr'><strong>sancto</strong></span> <span class='ocrx_word' id='word_1_513' title='bbox 1277 3514 1349 3569; x_wconf 88' lang='lat' dir='ltr'><strong>sit</strong></span> <span class='ocrx_word' id='word_1_514' title='bbox 1376 3523 1575 3569; x_wconf 89' lang='lat' dir='ltr'><strong>motus.</strong></span> 
     </span>
    </p>
   </div>
   <div class='ocr_carea' id='block_1_69' title="bbox 2058 3153 3614 3225">
    <p class='ocr_par' dir='ltr' id='par_1_69' title="bbox 2058 3153 3614 3225">
     <span class='ocr_line' id='line_1_69' title="bbox 2058 3153 3614 3225; baseline -0.003 -18"><span class='ocrx_word' id='word_1_515' title='bbox 2058 3156 2155 3225; x_wconf 79' lang='grc' dir='ltr'>τῆς</span> <span class='ocrx_word' id='word_1_516' title='bbox 2179 3153 2275 3206; x_wconf 77' lang='grc' dir='ltr'><strong>τοῦ</strong></span> <span class='ocrx_word' id='word_1_517' title='bbox 2302 3153 2525 3223; x_wconf 84' lang='grc' dir='ltr'>Καῖάφα</span> <span class='ocrx_word' id='word_1_518' title='bbox 2552 3153 2861 3223; x_wconf 75' lang='grc' dir='ltr'>συμϐουλῆς</span> <span class='ocrx_word' id='word_1_519' title='bbox 2912 3153 3045 3224; x_wconf 80' lang='grc'>(56),</span> <span class='ocrx_word' id='word_1_520' title='bbox 3090 3154 3181 3205; x_wconf 83' lang='grc' dir='ltr'>ἀπ’</span> <span class='ocrx_word' id='word_1_521' title='bbox 3239 3153 3458 3222; x_wconf 79' lang='grc' dir='ltr'>ἐκείνης</span> <span class='ocrx_word' id='word_1_522' title='bbox 3510 3169 3614 3203; x_wconf 74' lang='grc' dir='ltr'>συν-</span> 
     </span>
    </p>
   </div>
   <div class='ocr_carea' id='block_1_70' title="bbox 2058 3244 3613 3317">
    <p class='ocr_par' dir='ltr' id='par_1_70' title="bbox 2058 3244 3613 3317">
     <span class='ocr_line' id='line_1_70' title="bbox 2058 3244 3613 3317; baseline -0.002 -19"><span class='ocrx_word' id='word_1_523' title='bbox 2058 3245 2441 3299; x_wconf 80' lang='grc' dir='ltr'>εϐουλεύσαντο</span> <span class='ocrx_word' id='word_1_524' title='bbox 2484 3248 2581 3315; x_wconf 85' lang='grc' dir='ltr'><strong>τῆς</strong></span> <span class='ocrx_word' id='word_1_525' title='bbox 2618 3244 2852 3317; x_wconf 79' lang='grc' dir='ltr'>ἡμέρας,</span> <span class='ocrx_word' id='word_1_526' title='bbox 2897 3246 2982 3298; x_wconf 85' lang='grc' dir='ltr'>ἵνα</span> <span class='ocrx_word' id='word_1_527' title='bbox 3015 3246 3378 3297; x_wconf 81' lang='grc' dir='ltr'>ἀποκτείνωσι</span> <span class='ocrx_word' id='word_1_528' title='bbox 3408 3245 3496 3297; x_wconf 70' lang='grc' dir='ltr'>τὸν</span> <span class='ocrx_word' id='word_1_529' title='bbox 3526 3244 3613 3313; x_wconf 81' lang='grc' dir='ltr'><strong>ἰη-</strong></span> 
     </span>
    </p>
   </div>
   <div class='ocr_carea' id='block_1_71' title="bbox 2058 3333 3611 3407">
    <p class='ocr_par' dir='ltr' id='par_1_71' title="bbox 2058 3333 3611 3407">
     <span class='ocr_line' id='line_1_71' title="bbox 2058 3333 3611 3407; baseline -0.003 -17"><span class='ocrx_word' id='word_1_530' title='bbox 2058 3337 2202 3391; x_wconf 76' lang='grc' dir='ltr'><strong>σοῦν.</strong></span> <span class='ocrx_word' id='word_1_531' title='bbox 2241 3336 2423 3389; x_wconf 79' lang='grc' dir='ltr'>Ταῦτα</span> <span class='ocrx_word' id='word_1_532' title='bbox 2455 3336 2511 3388; x_wconf 80' lang='grc' dir='ltr'>δέ</span> <span class='ocrx_word' id='word_1_533' title='bbox 2538 3353 2678 3405; x_wconf 89' lang='grc' dir='ltr'>φημι</span> <span class='ocrx_word' id='word_1_534' title='bbox 2708 3335 2847 3389; x_wconf 87' lang='grc' dir='ltr'><strong>κατά</strong></span> <span class='ocrx_word' id='word_1_535' title='bbox 2877 3336 2937 3389; x_wconf 85' lang='grc' dir='ltr'><strong>τὸ</strong></span> <span class='ocrx_word' id='word_1_536' title='bbox 2962 3335 3250 3389; x_wconf 83' lang='grc' dir='ltr'>ἀκόλουθον</span> <span class='ocrx_word' id='word_1_537' title='bbox 3278 3339 3348 3406; x_wconf 82' lang='grc' dir='ltr'>τῇ</span> <span class='ocrx_word' id='word_1_538' title='bbox 3382 3336 3506 3407; x_wconf 80' lang='grc' dir='ltr'>περὶ</span> <span class='ocrx_word' id='word_1_539' title='bbox 3534 3333 3611 3386; x_wconf 79' lang='grc' dir='ltr'><strong>τοῦ</strong></span> 
     </span>
    </p>
   </div>
   <div class='ocr_carea' id='block_1_72' title="bbox 2057 3420 3611 3497">
    <p class='ocr_par' dir='ltr' id='par_1_72' title="bbox 2057 3420 3611 3497">
     <span class='ocr_line' id='line_1_72' title="bbox 2057 3420 3611 3497; baseline -0.003 -18"><span class='ocrx_word' id='word_1_540' title='bbox 2057 3424 2210 3493; x_wconf 71' lang='grc' dir='ltr'>ἅγιον</span> <span class='ocrx_word' id='word_1_541' title='bbox 2236 3420 2374 3478; x_wconf 83' lang='grc' dir='ltr'>εἶναι</span> <span class='ocrx_word' id='word_1_542' title='bbox 2404 3424 2627 3495; x_wconf 83' lang='grc' dir='ltr'>Πνεῦμα</span> <span class='ocrx_word' id='word_1_543' title='bbox 2653 3424 2714 3476; x_wconf 87' lang='grc' dir='ltr'><strong>τὸ</strong></span> <span class='ocrx_word' id='word_1_544' title='bbox 2741 3424 2828 3477; x_wconf 76' lang='grc' dir='ltr'>διὰ</span> <span class='ocrx_word' id='word_1_545' title='bbox 2861 3424 2954 3478; x_wconf 81' lang='grc' dir='ltr'>τοῦ</span> <span class='ocrx_word' id='word_1_546' title='bbox 2992 3426 3215 3495; x_wconf 83' lang='grc' dir='ltr'>Καῖάφα</span> <span class='ocrx_word' id='word_1_547' title='bbox 3245 3425 3611 3497; x_wconf 80' lang='grc' dir='ltr'>προφητεύσαν</span> 
     </span>
    </p>
   </div>
   <div class='ocr_carea' id='block_1_73' title="bbox 2061 3516 3609 3589">
    <p class='ocr_par' dir='ltr' id='par_1_73' title="bbox 2061 3516 3609 3589">
     <span class='ocr_line' id='line_1_73' title="bbox 2061 3516 3609 3589; baseline 0 -20"><span class='ocrx_word' id='word_1_548' title='bbox 2061 3516 2271 3586; x_wconf 86' lang='grc' dir='ltr'>ἐκδοχῇ,</span> <span class='ocrx_word' id='word_1_549' title='bbox 2299 3516 2358 3568; x_wconf 83' lang='grc' dir='ltr'>ού</span> <span class='ocrx_word' id='word_1_550' title='bbox 2391 3516 2606 3579; x_wconf 84' lang='grc' dir='ltr'>πάντως</span> <span class='ocrx_word' id='word_1_551' title='bbox 2636 3517 2897 3569; x_wconf 90' lang='grc' dir='ltr'>συνιστῶν</span> <span class='ocrx_word' id='word_1_552' title='bbox 2931 3517 3041 3589; x_wconf 82' lang='grc'><strong>(57)</strong></span> <span class='ocrx_word' id='word_1_553' title='bbox 3070 3518 3215 3570; x_wconf 77' lang='grc' dir='ltr'>τοῦθ’</span> <span class='ocrx_word' id='word_1_554' title='bbox 3247 3518 3424 3582; x_wconf 70' lang='grc' dir='ltr'>οὕτως</span> <span class='ocrx_word' id='word_1_555' title='bbox 3466 3518 3609 3589; x_wconf 82' lang='grc' dir='ltr'>ἔχειν,</span> 
     </span>
    </p>
   </div>
   <div class='ocr_carea' id='block_1_74' title="bbox 385 3607 3609 3684">
    <p class='ocr_par' dir='ltr' id='par_1_74' title="bbox 385 3607 3609 3684">
     <span class='ocr_line' id='line_1_74' title="bbox 385 3607 3609 3684; baseline -0 -19"><span class='ocrx_word' id='word_1_556' title='bbox 385 3607 523 3665; x_wconf 75' lang='grc' dir='ltr'><strong>ἀλλά</strong></span> <span class='ocrx_word' id='word_1_557' title='bbox 567 3608 911 3663; x_wconf 81' lang='grc' dir='ltr'>καταλείπων</span> <span class='ocrx_word' id='word_1_558' title='bbox 939 3610 1169 3672; x_wconf 80' lang='grc' dir='ltr'>καὶτοῖς</span> <span class='ocrx_word' id='word_1_559' title='bbox 1214 3610 1596 3679; x_wconf 75' lang='grc' dir='ltr'>ἐντυγχάνουσι</span> <span class='ocrx_word' id='word_1_560' title='bbox 1642 3609 1868 3683; x_wconf 87' lang='grc' dir='ltr'>κρίνειν,</span> <span class='ocrx_word' id='word_1_561' title='bbox 1924 3611 2179 3684; x_wconf 83' lang='grc' dir='ltr'>ὁπότερον</span> <span class='ocrx_word' id='word_1_562' title='bbox 2204 3610 2309 3683; x_wconf 82' lang='grc' dir='ltr'><strong>χρὴ</strong></span> <span class='ocrx_word' id='word_1_563' title='bbox 2367 3610 2769 3681; x_wconf 78' lang='grc' dir='ltr'>παραδέξασθαι</span> <span class='ocrx_word' id='word_1_564' title='bbox 2822 3613 2949 3683; x_wconf 82' lang='grc' dir='ltr'>περὶ</span> <span class='ocrx_word' id='word_1_565' title='bbox 2987 3612 3081 3665; x_wconf 77' lang='grc' dir='ltr'>τοῦ</span> <span class='ocrx_word' id='word_1_566' title='bbox 3130 3613 3379 3682; x_wconf 81' lang='grc' dir='ltr'>Καῖάφα,</span> <span class='ocrx_word' id='word_1_567' title='bbox 3424 3612 3512 3665; x_wconf 62' lang='grc' dir='ltr'><strong>καὶ¹</strong></span> <span class='ocrx_word' id='word_1_568' title='bbox 3547 3611 3609 3674; x_wconf 82' lang='grc' dir='ltr'>ὡς</span> 
     </span>
    </p>
   </div>
   <div class='ocr_carea' id='block_1_75' title="bbox 385 3702 1572 3777">
    <p class='ocr_par' dir='ltr' id='par_1_75' title="bbox 385 3702 1572 3777">
     <span class='ocr_line' id='line_1_75' title="bbox 385 3702 1572 3777; baseline 0.002 -18"><span class='ocrx_word' id='word_1_569' title='bbox 385 3704 494 3759; x_wconf 78' lang='grc' dir='ltr'>ὑπὸ</span> <span class='ocrx_word' id='word_1_570' title='bbox 530 3703 698 3768; x_wconf 85' lang='grc' dir='ltr'>πόδας</span> <span class='ocrx_word' id='word_1_571' title='bbox 727 3702 819 3757; x_wconf 79' lang='grc' dir='ltr'><strong>τοῦ</strong></span> <span class='ocrx_word' id='word_1_572' title='bbox 854 3704 1171 3776; x_wconf 86' lang='grc' dir='ltr'>Πνεύματος</span> <span class='ocrx_word' id='word_1_573' title='bbox 1194 3705 1572 3777; x_wconf 82' lang='grc' dir='ltr'>κεκινημένου.</span> 
     </span>
    </p>
   </div>
   <div class='ocr_carea' id='block_1_76' title="bbox 456 3796 1954 3869">
    <p class='ocr_par' dir='ltr' id='par_1_76' title="bbox 456 3796 1954 3869">
     <span class='ocr_line' id='line_1_76' title="bbox 456 3796 1954 3869; baseline 0.003 -18"><span class='ocrx_word' id='word_1_574' title='bbox 456 3796 567 3853; x_wconf 55' lang='grc'><strong>184</strong></span> <span class='ocrx_word' id='word_1_575' title='bbox 587 3796 743 3854; x_wconf 82' lang='lat' dir='ltr'><strong>Jesus</strong></span> <span class='ocrx_word' id='word_1_576' title='bbox 765 3814 891 3868; x_wconf 80' lang='lat' dir='ltr'><strong>ergo</strong></span> <span class='ocrx_word' id='word_1_577' title='bbox 908 3797 1019 3867; x_wconf 86' lang='lat' dir='ltr'><strong>jam</strong></span> <span class='ocrx_word' id='word_1_578' title='bbox 1045 3814 1148 3854; x_wconf 88' lang='lat' dir='ltr'><strong>non</strong></span> <span class='ocrx_word' id='word_1_579' title='bbox 1176 3801 1450 3869; x_wconf 86' lang='lat' dir='ltr'><strong>propalam</strong></span> <span class='ocrx_word' id='word_1_580' title='bbox 1473 3799 1783 3855; x_wconf 87' lang='lat' dir='ltr'><strong>ambulabat</strong></span> <span class='ocrx_word' id='word_1_581' title='bbox 1815 3803 1954 3855; x_wconf 90' lang='lat' dir='ltr'><strong>inter</strong></span> 
     </span>
    </p>
   </div>
   <div class='ocr_carea' id='block_1_77' title="bbox 384 3884 1949 3960">
    <p class='ocr_par' dir='ltr' id='par_1_77' title="bbox 384 3884 1949 3960">
     <span class='ocr_line' id='line_1_77' title="bbox 384 3884 1949 3960; baseline 0.004 -20"><span class='ocrx_word' id='word_1_582' title='bbox 384 3884 625 3953; x_wconf 64' lang='lat' dir='ltr'><strong>Judaeos,</strong></span> <span class='ocrx_word' id='word_1_583' title='bbox 670 3890 765 3943; x_wconf 86' lang='lat' dir='ltr'><strong>sed</strong></span> <span class='ocrx_word' id='word_1_584' title='bbox 811 3888 945 3944; x_wconf 85' lang='lat' dir='ltr'><strong>abiit</strong></span> <span class='ocrx_word' id='word_1_585' title='bbox 982 3889 1133 3945; x_wconf 90' lang='lat' dir='ltr'><strong>illinc</strong></span> <span class='ocrx_word' id='word_1_586' title='bbox 1168 3891 1220 3944; x_wconf 91' lang='lat' dir='ltr'><strong>in</strong></span> <span class='ocrx_word' id='word_1_587' title='bbox 1255 3890 1527 3960; x_wconf 78' lang='lat' dir='ltr'><strong>regionem</strong></span> <span class='ocrx_word' id='word_1_588' title='bbox 1560 3891 1779 3946; x_wconf 90' lang='lat' dir='ltr'><strong>deserto</strong></span> <span class='ocrx_word' id='word_1_589' title='bbox 1816 3891 1949 3946; x_wconf 87' lang='lat' dir='ltr'><strong>vici-</strong></span> 
     </span>
    </p>
   </div>
   <div class='ocr_carea' id='block_1_78' title="bbox 391 3980 1949 4055">
    <p class='ocr_par' dir='ltr' id='par_1_78' title="bbox 391 3980 1949 4055">
     <span class='ocr_line' id='line_1_78' title="bbox 391 3980 1949 4055; baseline 0.003 -20"><span class='ocrx_word' id='word_1_590' title='bbox 391 3995 537 4049; x_wconf 85' lang='lat' dir='ltr'><strong>nam,</strong></span> <span class='ocrx_word' id='word_1_591' title='bbox 595 3980 649 4035; x_wconf 91' lang='lat' dir='ltr'><strong>in</strong></span> <span class='ocrx_word' id='word_1_592' title='bbox 710 3981 985 4036; x_wconf 81' lang='lat' dir='ltr'><strong>civitatem</strong></span> <span class='ocrx_word' id='word_1_593' title='bbox 1017 3997 1138 4051; x_wconf 75' lang='lat' dir='ltr'><strong>quae</strong></span> <span class='ocrx_word' id='word_1_594' title='bbox 1187 3983 1386 4038; x_wconf 91' lang='lat' dir='ltr'><strong>dicitur</strong></span> <span class='ocrx_word' id='word_1_595' title='bbox 1437 3983 1714 4055; x_wconf 78' lang='lat' dir='ltr'><strong>Ephraim,</strong></span> <span class='ocrx_word' id='word_1_596' title='bbox 1766 3985 1949 4055; x_wconf 90' lang='lat' dir='ltr'><strong>ibique</strong></span> 
     </span>
    </p>
   </div>
   <div class='ocr_carea' id='block_1_79' title="bbox 385 4077 1947 4148">
    <p class='ocr_par' dir='ltr' id='par_1_79' title="bbox 385 4077 1947 4148">
     <span class='ocr_line' id='line_1_79' title="bbox 385 4077 1947 4148; baseline 0.006 -21"><span class='ocrx_word' id='word_1_597' title='bbox 385 4077 711 4131; x_wconf 85' lang='lat' dir='ltr'><strong>versabatur</strong></span> <span class='ocrx_word' id='word_1_598' title='bbox 737 4092 861 4133; x_wconf 90' lang='lat' dir='ltr'><strong>cum</strong></span> <span class='ocrx_word' id='word_1_599' title='bbox 914 4078 1197 4148; x_wconf 86' lang='lat' dir='ltr'><strong>discipulis</strong></span> <span class='ocrx_word' id='word_1_600' title='bbox 1231 4081 1344 4137; x_wconf 90' lang='lat' dir='ltr'><strong>suis</strong></span> <span class='ocrx_word' id='word_1_601' title='bbox 1385 4079 1453 4135; x_wconf 82' lang='grc'><strong>⁸⁸.</strong></span> <span class='ocrx_word' id='word_1_602' title='bbox 1484 4098 1504 4132; x_wconf 82' lang='grc' dir='ltr'><strong>ι</strong></span> <span class='ocrx_word' id='word_1_603' title='bbox 1564 4080 1688 4135; x_wconf 72' lang='lat' dir='ltr'><strong>Haec</strong></span> <span class='ocrx_word' id='word_1_604' title='bbox 1747 4091 1802 4135; x_wconf 87' lang='lat' dir='ltr'><strong>et</strong></span> <span class='ocrx_word' id='word_1_605' title='bbox 1864 4081 1947 4136; x_wconf 85' lang='lat' dir='ltr'><strong>his</strong></span> 
     </span>
    </p>
   </div>
   <div class='ocr_carea' id='block_1_80' title="bbox 382 4167 1949 4239">
    <p class='ocr_par' dir='ltr' id='par_1_80' title="bbox 382 4167 1949 4239">
     <span class='ocr_line' id='line_1_80' title="bbox 382 4167 1949 4239; baseline 0.004 -18"><span class='ocrx_word' id='word_1_606' title='bbox 382 4167 581 4222; x_wconf 77' lang='lat' dir='ltr'><strong>similia</strong></span> <span class='ocrx_word' id='word_1_607' title='bbox 643 4170 843 4239; x_wconf 87' lang='lat' dir='ltr'><strong>scripta</strong></span> <span class='ocrx_word' id='word_1_608' title='bbox 903 4169 1073 4224; x_wconf 76' lang='lat' dir='ltr'><strong>fuisse</strong></span> <span class='ocrx_word' id='word_1_609' title='bbox 1110 4186 1343 4235; x_wconf 87' lang='lat' dir='ltr'><strong>censeo,</strong></span> <span class='ocrx_word' id='word_1_610' title='bbox 1400 4172 1613 4226; x_wconf 90' lang='lat' dir='ltr'><strong>volente</strong></span> <span class='ocrx_word' id='word_1_611' title='bbox 1664 4171 1789 4228; x_wconf 86' lang='lat' dir='ltr'><strong>Jesu</strong></span> <span class='ocrx_word' id='word_1_612' title='bbox 1851 4189 1949 4228; x_wconf 93' lang='lat' dir='ltr'><strong>nos</strong></span> 
     </span>
    </p>
   </div>
   <div class='ocr_carea' id='block_1_81' title="bbox 2136 3794 3609 3873">
    <p class='ocr_par' dir='ltr' id='par_1_81' title="bbox 2136 3794 3609 3873">
     <span class='ocr_line' id='line_1_81' title="bbox 2136 3794 3609 3873; baseline -0.002 -21"><span class='ocrx_word' id='word_1_613' title='bbox 2136 3799 2218 3855; x_wconf 77' lang='grc'><strong>18.</strong></span> <span class='ocrx_word' id='word_1_614' title='bbox 2260 3817 2277 3849; x_wconf 81' lang='grc' dir='ltr'><strong>ι</strong></span> <span class='ocrx_word' id='word_1_615' title='bbox 2325 3798 2381 3853; x_wconf 85' lang='grc' dir='ltr'>Ὀ</span> <span class='ocrx_word' id='word_1_616' title='bbox 2411 3794 2503 3852; x_wconf 80' lang='grc' dir='ltr'><strong>οὖν</strong></span> <span class='ocrx_word' id='word_1_617' title='bbox 2543 3798 2750 3871; x_wconf 77' lang='grc' dir='ltr'>Ἰησοῦς</span> <span class='ocrx_word' id='word_1_618' title='bbox 2773 3800 2955 3853; x_wconf 81' lang='grc' dir='ltr'>οὐκέτι</span> <span class='ocrx_word' id='word_1_619' title='bbox 2994 3800 3276 3872; x_wconf 71' lang='grc' dir='ltr'>παρρησίᾳ</span> <span class='ocrx_word' id='word_1_620' title='bbox 3311 3799 3609 3873; x_wconf 77' lang='grc' dir='ltr'>περιεπάτει</span> 
     </span>
    </p>
   </div>
   <div class='ocr_carea' id='block_1_82' title="bbox 2057 3890 3608 3964">
    <p class='ocr_par' dir='ltr' id='par_1_82' title="bbox 2057 3890 3608 3964">
     <span class='ocr_line' id='line_1_82' title="bbox 2057 3890 3608 3964; baseline -0.002 -19"><span class='ocrx_word' id='word_1_621' title='bbox 2057 3893 2116 3946; x_wconf 89' lang='grc' dir='ltr'>ἐν</span> <span class='ocrx_word' id='word_1_622' title='bbox 2164 3894 2276 3954; x_wconf 90' lang='grc' dir='ltr'>τοῖς</span> <span class='ocrx_word' id='word_1_623' title='bbox 2320 3891 2594 3955; x_wconf 83' lang='grc' dir='ltr'>Ἰουδαίοις</span> <span class='ocrx_word' id='word_1_624' title='bbox 2620 3931 2634 3956; x_wconf 93' lang='grc'><strong>,</strong></span> <span class='ocrx_word' id='word_1_625' title='bbox 2685 3890 2819 3945; x_wconf 83' lang='grc' dir='ltr'>ἀλλὰ</span> <span class='ocrx_word' id='word_1_626' title='bbox 2867 3891 3106 3963; x_wconf 77' lang='grc' dir='ltr'>ἀπῆλθεν</span> <span class='ocrx_word' id='word_1_627' title='bbox 3151 3895 3232 3956; x_wconf 84' lang='grc' dir='ltr'><strong>είς</strong></span> <span class='ocrx_word' id='word_1_628' title='bbox 3287 3894 3392 3964; x_wconf 75' lang='grc' dir='ltr'>τὴν</span> <span class='ocrx_word' id='word_1_629' title='bbox 3448 3891 3608 3963; x_wconf 82' lang='grc' dir='ltr'>χώραν</span> 
     </span>
    </p>
   </div>
   <div class='ocr_carea' id='block_1_83' title="bbox 2055 3982 3607 4058">
    <p class='ocr_par' dir='ltr' id='par_1_83' title="bbox 2055 3982 3607 4058">
     <span class='ocr_line' id='line_1_83' title="bbox 2055 3982 3607 4058; baseline -0.003 -20"><span class='ocrx_word' id='word_1_630' title='bbox 2055 3984 2220 4053; x_wconf 82' lang='grc' dir='ltr'>ἐγγὺς</span> <span class='ocrx_word' id='word_1_631' title='bbox 2244 3982 2345 4053; x_wconf 84' lang='grc' dir='ltr'>τῆς</span> <span class='ocrx_word' id='word_1_632' title='bbox 2367 3984 2598 4056; x_wconf 81' lang='grc' dir='ltr'>ἐρήμου,</span> <span class='ocrx_word' id='word_1_633' title='bbox 2624 3986 2701 4047; x_wconf 86' lang='grc' dir='ltr'><strong>είς</strong></span> <span class='ocrx_word' id='word_1_634' title='bbox 2738 3984 2974 4058; x_wconf 83' lang='grc' dir='ltr'>Ἐφραῖμ</span> <span class='ocrx_word' id='word_1_635' title='bbox 3005 3986 3300 4057; x_wconf 81' lang='grc' dir='ltr'>λεγομένην</span> <span class='ocrx_word' id='word_1_636' title='bbox 3330 3986 3499 4049; x_wconf 85' lang='grc' dir='ltr'>πόλιν,</span> <span class='ocrx_word' id='word_1_637' title='bbox 3529 3983 3607 4037; x_wconf 81' lang='grc' dir='ltr'>καὶ</span> 
     </span>
    </p>
   </div>
   <div class='ocr_carea' id='block_1_84' title="bbox 2053 4073 3607 4147">
    <p class='ocr_par' dir='ltr' id='par_1_84' title="bbox 2053 4073 3607 4147">
     <span class='ocr_line' id='line_1_84' title="bbox 2053 4073 3607 4147; baseline -0.001 -21"><span class='ocrx_word' id='word_1_638' title='bbox 2053 4075 2167 4129; x_wconf 87' lang='grc' dir='ltr'>ἐκεῖ</span> <span class='ocrx_word' id='word_1_639' title='bbox 2218 4074 2397 4146; x_wconf 80' lang='grc' dir='ltr'>ἔμεινε</span> <span class='ocrx_word' id='word_1_640' title='bbox 2445 4075 2583 4147; x_wconf 79' lang='grc' dir='ltr'>μετὰ</span> <span class='ocrx_word' id='word_1_641' title='bbox 2628 4074 2735 4128; x_wconf 91' lang='grc' dir='ltr'>τῶν</span> <span class='ocrx_word' id='word_1_642' title='bbox 2789 4074 3062 4146; x_wconf 85' lang='grc' dir='ltr'>μαθητῶν.</span> <span class='ocrx_word' id='word_1_643' title='bbox 3122 4096 3139 4128; x_wconf 77' lang='grc' dir='ltr'><strong>ι</strong></span> <span class='ocrx_word' id='word_1_644' title='bbox 3170 4076 3356 4131; x_wconf 79' lang='grc' dir='ltr'>Ταῦτα</span> <span class='ocrx_word' id='word_1_645' title='bbox 3409 4076 3498 4130; x_wconf 75' lang='grc' dir='ltr'><strong>καὶ</strong></span> <span class='ocrx_word' id='word_1_646' title='bbox 3550 4073 3607 4126; x_wconf 71' lang='grc' dir='ltr'>τὰ</span> 
     </span>
    </p>
   </div>
   <div class='ocr_carea' id='block_1_85' title="bbox 2051 4165 3605 4240">
    <p class='ocr_par' dir='ltr' id='par_1_85' title="bbox 2051 4165 3605 4240">
     <span class='ocr_line' id='line_1_85' title="bbox 2051 4165 3605 4240; baseline -0.002 -19"><span class='ocrx_word' id='word_1_647' title='bbox 2051 4166 2261 4231; x_wconf 82' lang='grc' dir='ltr'>τούτοις</span> <span class='ocrx_word' id='word_1_648' title='bbox 2289 4167 2644 4239; x_wconf 80' lang='grc' dir='ltr'>παραπλήσια</span> <span class='ocrx_word' id='word_1_649' title='bbox 2673 4168 3086 4240; x_wconf 77' lang='grc' dir='ltr'>ἀναγεγράφθαι</span> <span class='ocrx_word' id='word_1_650' title='bbox 3110 4170 3338 4240; x_wconf 75' lang='grc' dir='ltr'>νομίζω,</span> <span class='ocrx_word' id='word_1_651' title='bbox 3368 4165 3605 4238; x_wconf 83' lang='grc' dir='ltr'>βουλομὲ-</span> 
     </span>
    </p>
   </div>
   <div class='ocr_carea' id='block_1_86' title="bbox 383 4258 1954 4334">
    <p class='ocr_par' dir='ltr' id='par_1_86' title="bbox 383 4258 1946 4325">
     <span class='ocr_line' id='line_1_86' title="bbox 383 4258 1946 4325; baseline 0.003 -11"><span class='ocrx_word' id='word_1_652' title='bbox 383 4258 688 4325; x_wconf 83' lang='lat' dir='ltr'><strong>advertere,</strong></span> <span class='ocrx_word' id='word_1_653' title='bbox 718 4275 785 4314; x_wconf 89' lang='lat' dir='ltr'><strong>ne</strong></span> <span class='ocrx_word' id='word_1_654' title='bbox 808 4261 1122 4315; x_wconf 90' lang='lat' dir='ltr'><strong>iracundius</strong></span> <span class='ocrx_word' id='word_1_655' title='bbox 1151 4277 1213 4317; x_wconf 87' lang='lat' dir='ltr'><strong>ac</strong></span> <span class='ocrx_word' id='word_1_656' title='bbox 1245 4263 1703 4319; x_wconf 87' lang='lat' dir='ltr'><strong>inconsideratius</strong></span> <span class='ocrx_word' id='word_1_657' title='bbox 1738 4266 1946 4320; x_wconf 90' lang='lat' dir='ltr'><strong>insilia-</strong></span> 
     </span>
    </p>
   </div>
   <div class='ocr_carea' id='block_1_87' title="bbox 2136 4258 3603 4334">
    <p class='ocr_par' dir='ltr' id='par_1_87' title="bbox 2136 4258 3603 4334">
     <span class='ocr_line' id='line_1_87' title="bbox 2136 4258 3603 4334; baseline 0.001 -25"><span class='ocrx_word' id='word_1_658' title='bbox 2136 4278 2143 4309; x_wconf 74' lang='grc' dir='ltr'><strong>ι</strong></span> <span class='ocrx_word' id='word_1_659' title='bbox 2177 4258 2270 4312; x_wconf 83' lang='grc' dir='ltr'><strong>τοῦ</strong></span> <span class='ocrx_word' id='word_1_660' title='bbox 2296 4259 2469 4328; x_wconf 86' lang='grc' dir='ltr'>Λόγου</span> <span class='ocrx_word' id='word_1_661' title='bbox 2491 4259 2836 4332; x_wconf 76' lang='grc' dir='ltr'>ἐπιστρέφειν</span> <span class='ocrx_word' id='word_1_662' title='bbox 2859 4263 3004 4331; x_wconf 78' lang='grc' dir='ltr'>ἡμᾶς</span> <span class='ocrx_word' id='word_1_663' title='bbox 3027 4262 3136 4314; x_wconf 82' lang='grc' dir='ltr'><strong>ἀπὸ</strong></span> <span class='ocrx_word' id='word_1_664' title='bbox 3164 4266 3258 4315; x_wconf 83' lang='grc' dir='ltr'><strong>τοῦ</strong></span> <span class='ocrx_word' id='word_1_665' title='bbox 3300 4261 3603 4334; x_wconf 81' lang='grc' dir='ltr'>θερμότερον</span> 
     </span>
    </p>
   </div>
   <div class='ocr_carea' id='block_1_88' title="bbox 384 4351 1954 4424">
    <p class='ocr_par' dir='ltr' id='par_1_88' title="bbox 384 4352 1943 4424">
     <span class='ocr_line' id='line_1_88' title="bbox 384 4352 1943 4424; baseline 0.006 -20"><span class='ocrx_word' id='word_1_666' title='bbox 384 4366 507 4404; x_wconf 86' lang='lat' dir='ltr'><strong>mus</strong></span> <span class='ocrx_word' id='word_1_667' title='bbox 536 4352 588 4405; x_wconf 93' lang='lat' dir='ltr'><strong>in</strong></span> <span class='ocrx_word' id='word_1_668' title='bbox 617 4362 892 4407; x_wconf 86' lang='lat' dir='ltr'><strong>certamen</strong></span> <span class='ocrx_word' id='word_1_669' title='bbox 923 4354 1113 4408; x_wconf 90' lang='lat' dir='ltr'><strong>mortis</strong></span> <span class='ocrx_word' id='word_1_670' title='bbox 1138 4395 1153 4419; x_wconf 92' lang='lat'><strong>,</strong></span> <span class='ocrx_word' id='word_1_671' title='bbox 1186 4372 1281 4424; x_wconf 87' lang='lat' dir='ltr'><strong>pro</strong></span> <span class='ocrx_word' id='word_1_672' title='bbox 1315 4358 1541 4413; x_wconf 85' lang='lat' dir='ltr'><strong>veritate</strong></span> <span class='ocrx_word' id='word_1_673' title='bbox 1574 4358 1943 4415; x_wconf 90' lang='lat' dir='ltr'><strong>testimonium</strong></span> 
     </span>
    </p>
   </div>
   <div class='ocr_carea' id='block_1_89' title="bbox 2136 4351 3601 4424">
    <p class='ocr_par' dir='ltr' id='par_1_89' title="bbox 2136 4351 3601 4424">
     <span class='ocr_line' id='line_1_89' title="bbox 2136 4351 3601 4424; baseline 0 -21"><span class='ocrx_word' id='word_1_674' title='bbox 2136 4370 2145 4403; x_wconf 88' lang='grc' dir='ltr'><strong>ι</strong></span> <span class='ocrx_word' id='word_1_675' title='bbox 2174 4351 2582 4422; x_wconf 86' lang='grc' dir='ltr'>ἁλογιστότερον</span> <span class='ocrx_word' id='word_1_676' title='bbox 2614 4352 2882 4424; x_wconf 80' lang='grc' dir='ltr'>ἐπιπηδᾷν</span> <span class='ocrx_word' id='word_1_677' title='bbox 2914 4352 2991 4424; x_wconf 82' lang='grc' dir='ltr'>τῷ</span> <span class='ocrx_word' id='word_1_678' title='bbox 3010 4353 3114 4417; x_wconf 76' lang='grc' dir='ltr'><strong>ἕως</strong></span> <span class='ocrx_word' id='word_1_679' title='bbox 3146 4353 3239 4406; x_wconf 77' lang='grc' dir='ltr'>τοῦ</span> <span class='ocrx_word' id='word_1_680' title='bbox 3264 4353 3491 4407; x_wconf 78' lang='grc' dir='ltr'>θανάτου</span> <span class='ocrx_word' id='word_1_681' title='bbox 3505 4352 3601 4422; x_wconf 68' lang='lat'><strong>(58)</strong></span> 
     </span>
    </p>
   </div>
   <div class='ocr_carea' id='block_1_90' title="bbox 382 4440 1954 4517">
    <p class='ocr_par' dir='ltr' id='par_1_90' title="bbox 382 4440 1943 4516">
     <span class='ocr_line' id='line_1_90' title="bbox 382 4440 1943 4516; baseline 0.006 -22"><span class='ocrx_word' id='word_1_682' title='bbox 382 4440 684 4511; x_wconf 64' lang='lat' dir='ltr'><strong>praebituri.</strong></span> <span class='ocrx_word' id='word_1_683' title='bbox 718 4443 933 4499; x_wconf 88' lang='lat' dir='ltr'><strong>Etenim</strong></span> <span class='ocrx_word' id='word_1_684' title='bbox 964 4444 1247 4501; x_wconf 89' lang='lat' dir='ltr'><strong>honestum</strong></span> <span class='ocrx_word' id='word_1_685' title='bbox 1279 4450 1496 4516; x_wconf 89' lang='lat' dir='ltr'><strong>quidem</strong></span> <span class='ocrx_word' id='word_1_686' title='bbox 1524 4458 1625 4514; x_wconf 89' lang='lat' dir='ltr'><strong>est,</strong></span> <span class='ocrx_word' id='word_1_687' title='bbox 1657 4451 1701 4503; x_wconf 85' lang='lat' dir='ltr'><strong>si</strong></span> <span class='ocrx_word' id='word_1_688' title='bbox 1732 4450 1943 4505; x_wconf 85' lang='lat' dir='ltr'><strong>incide-</strong></span> 
     </span>
    </p>
   </div>
   <div class='ocr_carea' id='block_1_91' title="bbox 2136 4440 3595 4517">
    <p class='ocr_par' dir='ltr' id='par_1_91' title="bbox 2136 4442 3595 4517">
     <span class='ocr_line' id='line_1_91' title="bbox 2136 4442 3595 4517; baseline 0.001 -22"><span class='ocrx_word' id='word_1_689' title='bbox 2136 4442 2412 4507; x_wconf 65' lang='grc' dir='ltr'>»νίζεσθαι</span> <span class='ocrx_word' id='word_1_690' title='bbox 2442 4443 2695 4513; x_wconf 75' lang='grc' dir='ltr'>περὶτῆς</span> <span class='ocrx_word' id='word_1_691' title='bbox 2725 4444 3002 4515; x_wconf 83' lang='grc' dir='ltr'>ἀληθείας,</span> <span class='ocrx_word' id='word_1_692' title='bbox 3038 4446 3130 4499; x_wconf 76' lang='grc' dir='ltr'><strong>καὶ</strong></span> <span class='ocrx_word' id='word_1_693' title='bbox 3159 4448 3483 4517; x_wconf 87' lang='grc' dir='ltr'>μαρτυρεῖν·</span> <span class='ocrx_word' id='word_1_694' title='bbox 3513 4461 3595 4497; x_wconf 79' lang='grc' dir='ltr'>κα-</span> 
     </span>
    </p>
   </div>
   <div class='ocr_carea' id='block_1_92' title="bbox 383 4531 1954 4609">
    <p class='ocr_par' dir='ltr' id='par_1_92' title="bbox 383 4531 1941 4604">
     <span class='ocr_line' id='line_1_92' title="bbox 383 4531 1941 4604; baseline 0.006 -22"><span class='ocrx_word' id='word_1_695' title='bbox 383 4531 454 4582; x_wconf 92' lang='lat' dir='ltr'><strong>rit</strong></span> <span class='ocrx_word' id='word_1_696' title='bbox 482 4540 757 4587; x_wconf 84' lang='lat' dir='ltr'><strong>certamen</strong></span> <span class='ocrx_word' id='word_1_697' title='bbox 788 4548 886 4604; x_wconf 86' lang='lat' dir='ltr'><strong>pro</strong></span> <span class='ocrx_word' id='word_1_698' title='bbox 920 4535 1227 4592; x_wconf 82' lang='lat' dir='ltr'><strong>conﬁtendo</strong></span> <span class='ocrx_word' id='word_1_699' title='bbox 1274 4535 1457 4592; x_wconf 84' lang='lat' dir='ltr'><strong>Jesum</strong></span> <span class='ocrx_word' id='word_1_700' title='bbox 1478 4575 1496 4603; x_wconf 88' lang='lat'><strong>,</strong></span> <span class='ocrx_word' id='word_1_701' title='bbox 1543 4538 1941 4594; x_wconf 79' lang='lat' dir='ltr'><strong>confessionem</strong></span> 
     </span>
    </p>
   </div>
   <div class='ocr_carea' id='block_1_93' title="bbox 2136 4531 3597 4609">
    <p class='ocr_par' dir='ltr' id='par_1_93' title="bbox 2178 4535 3597 4609">
     <span class='ocr_line' id='line_1_93' title="bbox 2178 4535 3597 4609; baseline -0.003 -21"><span class='ocrx_word' id='word_1_702' title='bbox 2178 4536 2275 4606; x_wconf 83' lang='grc' dir='ltr'>μὲν</span> <span class='ocrx_word' id='word_1_703' title='bbox 2304 4535 2433 4608; x_wconf 82' lang='grc' dir='ltr'>γὰρ,</span> <span class='ocrx_word' id='word_1_704' title='bbox 2468 4537 2779 4606; x_wconf 78' lang='grc' dir='ltr'>ἐμπεσόντα</span> <span class='ocrx_word' id='word_1_705' title='bbox 2816 4537 2905 4589; x_wconf 78' lang='grc' dir='ltr'>τὸν</span> <span class='ocrx_word' id='word_1_706' title='bbox 2935 4538 3064 4609; x_wconf 76' lang='grc' dir='ltr'>περὶ</span> <span class='ocrx_word' id='word_1_707' title='bbox 3097 4537 3189 4591; x_wconf 70' lang='grc' dir='ltr'><strong>τοῦ</strong></span> <span class='ocrx_word' id='word_1_708' title='bbox 3221 4538 3499 4608; x_wconf 90' lang='grc' dir='ltr'>ὁμολογεῖν</span> <span class='ocrx_word' id='word_1_709' title='bbox 3521 4535 3597 4586; x_wconf 69' lang='grc' dir='ltr'><strong>τὸν</strong></span> 
     </span>
    </p>
   </div>
   <div class='ocr_carea' id='block_1_94' title="bbox 382 4622 1954 4703">
    <p class='ocr_par' dir='ltr' id='par_1_94' title="bbox 382 4622 1943 4698">
     <span class='ocr_line' id='line_1_94' title="bbox 382 4622 1943 4698; baseline 0.007 -23"><span class='ocrx_word' id='word_1_710' title='bbox 382 4637 487 4675; x_wconf 88' lang='lat' dir='ltr'><strong>non</strong></span> <span class='ocrx_word' id='word_1_711' title='bbox 525 4622 758 4691; x_wconf 83' lang='lat' dir='ltr'><strong>dillerre,</strong></span> <span class='ocrx_word' id='word_1_712' title='bbox 798 4641 971 4697; x_wconf 89' lang='lat' dir='ltr'><strong>neque</strong></span> <span class='ocrx_word' id='word_1_713' title='bbox 1011 4631 1226 4683; x_wconf 86' lang='lat' dir='ltr'><strong>tardare</strong></span> <span class='ocrx_word' id='word_1_714' title='bbox 1278 4638 1505 4683; x_wconf 86' lang='lat' dir='ltr'><strong>mortem</strong></span> <span class='ocrx_word' id='word_1_715' title='bbox 1564 4644 1661 4698; x_wconf 93' lang='lat' dir='ltr'><strong>pro</strong></span> <span class='ocrx_word' id='word_1_716' title='bbox 1712 4632 1943 4687; x_wconf 89' lang='lat' dir='ltr'><strong>veritate</strong></span> 
     </span>
    </p>
   </div>
   <div class='ocr_carea' id='block_1_95' title="bbox 2136 4622 3592 4703">
    <p class='ocr_par' dir='ltr' id='par_1_95' title="bbox 2137 4628 3592 4703">
     <span class='ocr_line' id='line_1_95' title="bbox 2137 4628 3592 4703; baseline 0.001 -22"><span class='ocrx_word' id='word_1_717' title='bbox 2137 4628 2260 4683; x_wconf 83' lang='grc' dir='ltr'><strong>σοῦν</strong></span> <span class='ocrx_word' id='word_1_718' title='bbox 2288 4630 2493 4697; x_wconf 88' lang='grc' dir='ltr'>ἀγῶνα,</span> <span class='ocrx_word' id='word_1_719' title='bbox 2546 4629 2621 4701; x_wconf 83' lang='grc' dir='ltr'>μὴ</span> <span class='ocrx_word' id='word_1_720' title='bbox 2649 4630 2970 4685; x_wconf 84' lang='grc' dir='ltr'>ἀναδύεσθαι</span> <span class='ocrx_word' id='word_1_721' title='bbox 3012 4632 3109 4703; x_wconf 84' lang='grc' dir='ltr'><strong>τὴν</strong></span> <span class='ocrx_word' id='word_1_722' title='bbox 3151 4633 3441 4703; x_wconf 83' lang='grc' dir='ltr'>ὁμολογίαν</span> <span class='ocrx_word' id='word_1_723' title='bbox 3476 4631 3592 4701; x_wconf 80' lang='grc'><strong>(59),</strong></span> 
     </span>
    </p>
   </div>
   <div class='ocr_carea' id='block_1_96' title="bbox 380 4720 1954 4795">
    <p class='ocr_par' dir='ltr' id='par_1_96' title="bbox 380 4720 1944 4787">
     <span class='ocr_line' id='line_1_96' title="bbox 380 4720 1944 4787; baseline 0.006 -22"><span class='ocrx_word' id='word_1_724' title='bbox 380 4721 636 4780; x_wconf 77' lang='lat' dir='ltr'><strong>appetere</strong></span> <span class='ocrx_word' id='word_1_725' title='bbox 672 4732 686 4769; x_wconf 91' lang='lat'><strong>:</strong></span> <span class='ocrx_word' id='word_1_726' title='bbox 724 4724 780 4769; x_wconf 89' lang='lat' dir='ltr'><strong>at</strong></span> <span class='ocrx_word' id='word_1_727' title='bbox 828 4731 933 4770; x_wconf 84' lang='lat' dir='ltr'><strong>nun</strong></span> <span class='ocrx_word' id='word_1_728' title='bbox 984 4720 1162 4772; x_wconf 88' lang='lat' dir='ltr'><strong>minus</strong></span> <span class='ocrx_word' id='word_1_729' title='bbox 1189 4734 1351 4787; x_wconf 89' lang='lat' dir='ltr'><strong>quam</strong></span> <span class='ocrx_word' id='word_1_730' title='bbox 1395 4721 1494 4775; x_wconf 91' lang='lat' dir='ltr'><strong>hoc</strong></span> <span class='ocrx_word' id='word_1_731' title='bbox 1545 4720 1830 4774; x_wconf 85' lang='lat' dir='ltr'><strong>honestum</strong></span> <span class='ocrx_word' id='word_1_732' title='bbox 1861 4732 1944 4777; x_wconf 87' lang='lat' dir='ltr'><strong>est</strong></span> 
     </span>
    </p>
   </div>
   <div class='ocr_carea' id='block_1_97' title="bbox 2136 4720 3591 4795">
    <p class='ocr_par' dir='ltr' id='par_1_97' title="bbox 2136 4720 3591 4795">
     <span class='ocr_line' id='line_1_97' title="bbox 2136 4720 3591 4795; baseline 0.001 -23"><span class='ocrx_word' id='word_1_733' title='bbox 2136 4721 2179 4772; x_wconf 73' lang='grc' dir='ltr'><strong>Βέ</strong></span> <span class='ocrx_word' id='word_1_734' title='bbox 2211 4720 2424 4792; x_wconf 86' lang='grc' dir='ltr'>μέλλειν</span> <span class='ocrx_word' id='word_1_735' title='bbox 2456 4723 2582 4794; x_wconf 77' lang='grc' dir='ltr'>περὶ</span> <span class='ocrx_word' id='word_1_736' title='bbox 2614 4722 2675 4774; x_wconf 85' lang='grc' dir='ltr'>τὸ</span> <span class='ocrx_word' id='word_1_737' title='bbox 2700 4723 3134 4794; x_wconf 84' lang='grc' dir='ltr'>ὐπεραποθανεῖν</span> <span class='ocrx_word' id='word_1_738' title='bbox 3178 4724 3280 4794; x_wconf 79' lang='grc' dir='ltr'>τῆς</span> <span class='ocrx_word' id='word_1_739' title='bbox 3324 4723 3591 4795; x_wconf 84' lang='grc' dir='ltr'>ἀληθείας’</span> 
     </span>
    </p>
   </div>
   <div class='ocr_carea' id='block_1_98' title="bbox 380 4801 1954 4886">
    <p class='ocr_par' dir='ltr' id='par_1_98' title="bbox 380 4801 1940 4875">
     <span class='ocr_line' id='line_1_98' title="bbox 380 4801 1940 4875; baseline 0.009 -23"><span class='ocrx_word' id='word_1_740' title='bbox 380 4801 472 4852; x_wconf 82' lang='lat' dir='ltr'><strong>tali</strong></span> <span class='ocrx_word' id='word_1_741' title='bbox 503 4809 773 4872; x_wconf 66' lang='lat' dir='ltr'><strong>tantaeque</strong></span> <span class='ocrx_word' id='word_1_742' title='bbox 800 4807 1081 4861; x_wconf 86' lang='lat' dir='ltr'><strong>teutationi</strong></span> <span class='ocrx_word' id='word_1_743' title='bbox 1110 4809 1458 4864; x_wconf 87' lang='lat' dir='ltr'><strong>occasionem</strong></span> <span class='ocrx_word' id='word_1_744' title='bbox 1501 4825 1607 4864; x_wconf 89' lang='lat' dir='ltr'><strong>non</strong></span> <span class='ocrx_word' id='word_1_745' title='bbox 1652 4810 1801 4875; x_wconf 89' lang='lat' dir='ltr'><strong>dare,</strong></span> <span class='ocrx_word' id='word_1_746' title='bbox 1847 4812 1940 4866; x_wconf 86' lang='lat' dir='ltr'><strong>sed</strong></span> 
     </span>
    </p>
   </div>
   <div class='ocr_carea' id='block_1_99' title="bbox 2136 4801 3592 4886">
    <p class='ocr_par' dir='ltr' id='par_1_99' title="bbox 2136 4813 3592 4886">
     <span class='ocr_line' id='line_1_99' title="bbox 2136 4813 3592 4886; baseline -0.003 -20"><span class='ocrx_word' id='word_1_747' title='bbox 2136 4856 2139 4866; x_wconf 43' lang='grc' dir='ltr'><strong>ν</strong></span> <span class='ocrx_word' id='word_1_748' title='bbox 2190 4813 2407 4867; x_wconf 82' lang='grc' dir='ltr'>ἔλαττον</span> <span class='ocrx_word' id='word_1_749' title='bbox 2464 4814 2520 4867; x_wconf 78' lang='grc' dir='ltr'><strong>δὲ</strong></span> <span class='ocrx_word' id='word_1_750' title='bbox 2569 4815 2757 4868; x_wconf 89' lang='grc' dir='ltr'>τούτου</span> <span class='ocrx_word' id='word_1_751' title='bbox 2808 4815 2991 4880; x_wconf 86' lang='grc' dir='ltr'>καλὸν,</span> <span class='ocrx_word' id='word_1_752' title='bbox 3047 4815 3137 4868; x_wconf 78' lang='grc' dir='ltr'><strong>καὶ</strong></span> <span class='ocrx_word' id='word_1_753' title='bbox 3187 4816 3249 4868; x_wconf 89' lang='grc' dir='ltr'>τὸ</span> <span class='ocrx_word' id='word_1_754' title='bbox 3301 4816 3375 4886; x_wconf 85' lang='grc' dir='ltr'>μὴ</span> <span class='ocrx_word' id='word_1_755' title='bbox 3418 4814 3592 4868; x_wconf 83' lang='grc' dir='ltr'>διδόναι</span> 
     </span>
    </p>
   </div>
   <div class='ocr_carea' id='block_1_100' title="bbox 376 4890 1954 4980">
    <p class='ocr_par' dir='ltr' id='par_1_100' title="bbox 376 4890 1939 4970">
     <span class='ocr_line' id='line_1_100' title="bbox 376 4890 1939 4970; baseline 0.01 -28"><span class='ocrx_word' id='word_1_756' title='bbox 376 4890 692 4947; x_wconf 87' lang='lat' dir='ltr'><strong>omnimodo</strong></span> <span class='ocrx_word' id='word_1_757' title='bbox 726 4895 900 4951; x_wconf 84' lang='lat' dir='ltr'><strong>vitare</strong></span> <span class='ocrx_word' id='word_1_758' title='bbox 935 4913 1073 4964; x_wconf 85' lang='lat' dir='ltr'><strong>eam,</strong></span> <span class='ocrx_word' id='word_1_759' title='bbox 1101 4914 1205 4953; x_wconf 91' lang='lat' dir='ltr'><strong>non</strong></span> <span class='ocrx_word' id='word_1_760' title='bbox 1258 4900 1431 4954; x_wconf 90' lang='lat' dir='ltr'><strong>solum</strong></span> <span class='ocrx_word' id='word_1_761' title='bbox 1471 4903 1597 4970; x_wconf 91' lang='lat' dir='ltr'><strong>quia</strong></span> <span class='ocrx_word' id='word_1_762' title='bbox 1649 4912 1812 4957; x_wconf 65' lang='lat' dir='ltr'><strong>tantm</strong></span> <span class='ocrx_word' id='word_1_763' title='bbox 1860 4903 1939 4958; x_wconf 90' lang='lat' dir='ltr'><strong>rei</strong></span> 
     </span>
    </p>
   </div>
   <div class='ocr_carea' id='block_1_101' title="bbox 2136 4890 3591 4980">
    <p class='ocr_par' dir='ltr' id='par_1_101' title="bbox 2136 4905 3591 4980">
     <span class='ocr_line' id='line_1_101' title="bbox 2136 4905 3591 4980; baseline -0.003 -17"><span class='ocrx_word' id='word_1_764' title='bbox 2136 4907 2299 4979; x_wconf 69' lang='grc' dir='ltr'>ιρμὴν</span> <span class='ocrx_word' id='word_1_765' title='bbox 2328 4906 2405 4978; x_wconf 84' lang='grc' dir='ltr'><strong>τῷ</strong></span> <span class='ocrx_word' id='word_1_766' title='bbox 2437 4907 2738 4979; x_wconf 76' lang='grc' dir='ltr'>τηλικούτῳ</span> <span class='ocrx_word' id='word_1_767' title='bbox 2755 4909 3065 4980; x_wconf 83' lang='grc' dir='ltr'>πειρασμῷ,</span> <span class='ocrx_word' id='word_1_768' title='bbox 3091 4908 3227 4962; x_wconf 75' lang='grc' dir='ltr'>ἀλλὰ</span> <span class='ocrx_word' id='word_1_769' title='bbox 3250 4910 3410 4965; x_wconf 79' lang='grc' dir='ltr'>παντὶ</span> <span class='ocrx_word' id='word_1_770' title='bbox 3428 4905 3591 4979; x_wconf 80' lang='grc' dir='ltr'>τρόπῳ</span> 
     </span>
    </p>
   </div>
   <div class='ocr_carea' id='block_1_102' title="bbox 376 4985 1954 5073">
    <p class='ocr_par' dir='ltr' id='par_1_102' title="bbox 376 4985 1939 5057">
     <span class='ocr_line' id='line_1_102' title="bbox 376 4985 1939 5057; baseline 0.008 -19"><span class='ocrx_word' id='word_1_771' title='bbox 376 4985 558 5041; x_wconf 78' lang='lat' dir='ltr'><strong>exitus</strong></span> <span class='ocrx_word' id='word_1_772' title='bbox 582 4985 820 5045; x_wconf 88' lang='lat' dir='ltr'><strong>incertus</strong></span> <span class='ocrx_word' id='word_1_773' title='bbox 844 4991 916 5046; x_wconf 92' lang='lat' dir='ltr'><strong>sit</strong></span> <span class='ocrx_word' id='word_1_774' title='bbox 938 4992 1110 5057; x_wconf 88' lang='lat' dir='ltr'><strong>nobis,</strong></span> <span class='ocrx_word' id='word_1_775' title='bbox 1145 5009 1333 5048; x_wconf 92' lang='lat' dir='ltr'><strong>verum</strong></span> <span class='ocrx_word' id='word_1_776' title='bbox 1364 4995 1527 5049; x_wconf 89' lang='lat' dir='ltr'><strong>etiam</strong></span> <span class='ocrx_word' id='word_1_777' title='bbox 1554 5010 1621 5049; x_wconf 91' lang='lat' dir='ltr'><strong>ne</strong></span> <span class='ocrx_word' id='word_1_778' title='bbox 1654 5011 1750 5051; x_wconf 91' lang='lat' dir='ltr'><strong>nos</strong></span> <span class='ocrx_word' id='word_1_779' title='bbox 1779 5011 1939 5052; x_wconf 83' lang='lat' dir='ltr'><strong>occa-</strong></span> 
     </span>
    </p>
   </div>
   <div class='ocr_carea' id='block_1_103' title="bbox 2136 4985 3588 5073">
    <p class='ocr_par' dir='ltr' id='par_1_103' title="bbox 2136 4998 3588 5073">
     <span class='ocr_line' id='line_1_103' title="bbox 2136 4998 3588 5073; baseline 0.003 -23"><span class='ocrx_word' id='word_1_780' title='bbox 2136 4998 2426 5053; x_wconf 74' lang='grc' dir='ltr'>ιιῖστασθαι</span> <span class='ocrx_word' id='word_1_781' title='bbox 2471 5000 2654 5064; x_wconf 84' lang='grc' dir='ltr'>αὐτὸν,</span> <span class='ocrx_word' id='word_1_782' title='bbox 2701 5001 2761 5053; x_wconf 83' lang='grc' dir='ltr'>ού</span> <span class='ocrx_word' id='word_1_783' title='bbox 2806 5001 2965 5072; x_wconf 87' lang='grc' dir='ltr'>μόνον</span> <span class='ocrx_word' id='word_1_784' title='bbox 3012 5002 3100 5057; x_wconf 80' lang='grc' dir='ltr'>διὰ</span> <span class='ocrx_word' id='word_1_785' title='bbox 3147 5003 3209 5055; x_wconf 85' lang='grc' dir='ltr'>τὺ</span> <span class='ocrx_word' id='word_1_786' title='bbox 3256 5002 3503 5073; x_wconf 77' lang='grc' dir='ltr'>περὶτῆς</span> <span class='ocrx_word' id='word_1_787' title='bbox 3542 5000 3588 5050; x_wconf 83' lang='grc' dir='ltr'><strong>ὲν</strong></span> 
     </span>
    </p>
   </div>
   <div class='ocr_carea' id='block_1_104' title="bbox 443 5127 1954 5206">
    <p class='ocr_par' dir='ltr' id='par_1_104' title="bbox 443 5127 1954 5206">
     <span class='ocr_line' id='line_1_104' title="bbox 443 5127 1954 5206; baseline 0.005 -22"><span class='ocrx_word' id='word_1_788' title='bbox 443 5128 488 5160; x_wconf 85' lang='grc'>⁸⁸</span> <span class='ocrx_word' id='word_1_789' title='bbox 514 5127 645 5185; x_wconf 86' lang='lat' dir='ltr'><strong>Luc.</strong></span> <span class='ocrx_word' id='word_1_790' title='bbox 680 5145 743 5196; x_wconf 88' lang='grc' dir='ltr'><strong>ιι,</strong></span> <span class='ocrx_word' id='word_1_791' title='bbox 774 5131 866 5187; x_wconf 73' lang='grc'><strong>54.</strong></span> <span class='ocrx_word' id='word_1_792' title='bbox 970 5133 1015 5164; x_wconf 78' lang='grc'>⁸⁸</span> <span class='ocrx_word' id='word_1_793' title='bbox 1039 5132 1194 5189; x_wconf 83' lang='lat' dir='ltr'><strong>Joan.</strong></span> <span class='ocrx_word' id='word_1_794' title='bbox 1230 5151 1302 5200; x_wconf 86' lang='lat' dir='ltr'><strong>Ix,</strong></span> <span class='ocrx_word' id='word_1_795' title='bbox 1334 5137 1423 5193; x_wconf 79' lang='grc'><strong>59.</strong></span> <span class='ocrx_word' id='word_1_796' title='bbox 1498 5138 1540 5169; x_wconf 80' lang='grc'><strong>⁸⁷</strong></span> <span class='ocrx_word' id='word_1_797' title='bbox 1567 5138 1706 5193; x_wconf 79' lang='lat' dir='ltr'><strong>Psal.</strong></span> <span class='ocrx_word' id='word_1_798' title='bbox 1742 5155 1911 5206; x_wconf 77' lang='lat' dir='ltr'><strong>mn,</strong></span> <span class='ocrx_word' id='word_1_799' title='bbox 1946 5143 1954 5192; x_wconf 75' lang='lat'><strong>1</strong></span> 
     </span>
    </p>
   </div>
   <div class='ocr_carea' id='block_1_105' title="bbox 2136 5127 2541 5206">
    <p class='ocr_par' dir='ltr' id='par_1_105' title="bbox 2146 5140 2541 5206">
     <span class='ocr_line' id='line_1_105' title="bbox 2146 5140 2541 5206; baseline 0.005 -11"><span class='ocrx_word' id='word_1_800' title='bbox 2146 5140 2305 5197; x_wconf 81' lang='lat' dir='ltr'><strong>Joan.</strong></span> <span class='ocrx_word' id='word_1_801' title='bbox 2336 5158 2411 5206; x_wconf 82' lang='grc' dir='ltr'>ιιι,</span> <span class='ocrx_word' id='word_1_802' title='bbox 2452 5142 2541 5197; x_wconf 73' lang='grc' dir='ltr'><strong>δι.</strong></span> 
     </span>
    </p>
   </div>
   <div class='ocr_carea' id='block_1_106' title="bbox 441 5266 1954 5346">
    <p class='ocr_par' dir='ltr' id='par_1_106' title="bbox 441 5266 1820 5346">
     <span class='ocr_line' id='line_1_106' title="bbox 441 5266 1820 5346; baseline 0.004 -25"><span class='ocrx_word' id='word_1_803' title='bbox 441 5266 555 5346; x_wconf 47' lang='lat' dir='ltr'><strong>(ﬁ?)</strong></span> <span class='ocrx_word' id='word_1_804' title='bbox 584 5266 764 5346; x_wconf 78' lang='lat' dir='ltr'><strong>C_od_ex</strong></span> <span class='ocrx_word' id='word_1_805' title='bbox 789 5266 1011 5346; x_wconf 68' lang='lat' dir='ltr'><strong>Regius,</strong></span> <span class='ocrx_word' id='word_1_806' title='bbox 1048 5270 1503 5346; x_wconf 46' lang='grc' dir='ltr'>ἀπολογίσασθαι,</span> <span class='ocrx_word' id='word_1_807' title='bbox 1565 5345 1572 5346; x_wconf 16' lang='grc' dir='ltr'><strong>γ</strong></span> <span class='ocrx_word' id='word_1_808' title='bbox 1688 5344 1732 5346; x_wconf 31' lang='grc' dir='ltr'><strong>Α</strong></span> <span class='ocrx_word' id='word_1_809' title='bbox 1815 5345 1820 5346; x_wconf 14' lang='grc' dir='ltr'><strong>γ</strong></span> 
     </span>
    </p>
   </div>
   <div class='ocr_carea' id='block_1_107' title="bbox 2136 5266 3579 5346">
    <p class='ocr_par' dir='ltr' id='par_1_107' title="bbox 2136 5275 3579 5346">
     <span class='ocr_line' id='line_1_107' title="bbox 2136 5275 3579 5346; baseline 0.001 -20"><span class='ocrx_word' id='word_1_810' title='bbox 2136 5275 2433 5331; x_wconf 66' lang='grc' dir='ltr'>ιυλεύσαντο</span> <span class='ocrx_word' id='word_1_811' title='bbox 2455 5277 2649 5346; x_wconf 84' lang='lat' dir='ltr'><strong>legisse</strong></span> <span class='ocrx_word' id='word_1_812' title='bbox 2683 5279 2898 5333; x_wconf 84' lang='lat' dir='ltr'><strong>videtur</strong></span> <span class='ocrx_word' id='word_1_813' title='bbox 2942 5279 3225 5336; x_wconf 81' lang='lat' dir='ltr'><strong>Ferrarius</strong></span> <span class='ocrx_word' id='word_1_814' title='bbox 3271 5279 3579 5334; x_wconf 71' lang='grc' dir='ltr'>συνεϐουλευ-</span> 
     </span>
    </p>
   </div>
   <div class='ocr_carea' id='block_1_108' title="bbox 441 5337 1954 5433">
    <p class='ocr_par' dir='ltr' id='par_1_108' title="bbox 441 5337 1938 5433">
     <span class='ocr_line' id='line_1_108' title="bbox 441 5337 1938 5433; baseline 0.005 -42"><span class='ocrx_word' id='word_1_815' title='bbox 441 5337 1289 5433; x_wconf 27' lang='lat' dir='ltr'><strong>(sgngouexraequas”?!</strong></span> <span class='ocrx_word' id='word_1_816' title='bbox 1330 5343 1452 5433; x_wconf 45' lang='grc' dir='ltr'>τοῦ]</span> <span class='ocrx_word' id='word_1_817' title='bbox 1481 5345 1635 5425; x_wconf 77' lang='grc' dir='ltr'>ἀγίου</span> <span class='ocrx_word' id='word_1_818' title='bbox 1658 5344 1938 5433; x_wconf 56' lang='grc' dir='ltr'><strong>1ίΙνεΞμα-</strong></span> 
     </span>
    </p>
   </div>
   <div class='ocr_carea' id='block_1_109' title="bbox 2136 5337 3580 5433">
    <p class='ocr_par' dir='ltr' id='par_1_109' title="bbox 2136 5337 3580 5433">
     <span class='ocr_line' id='line_1_109' title="bbox 2136 5337 3580 5433; baseline 0.002 -34"><span class='ocrx_word' id='word_1_819' title='bbox 2136 5364 2226 5400; x_wconf 76' lang='grc' dir='ltr'><strong>ρτο.</strong></span> <span class='ocrx_word' id='word_1_820' title='bbox 2258 5337 2645 5433; x_wconf 61' lang='grc' dir='ltr'>(Ιξςροδηῧηιιε</span> <span class='ocrx_word' id='word_1_821' title='bbox 2672 5347 2912 5405; x_wconf 86' lang='lat' dir='ltr'><strong>Ferrarii</strong></span> <span class='ocrx_word' id='word_1_822' title='bbox 2961 5351 3248 5405; x_wconf 88' lang='lat' dir='ltr'><strong>lectionem</strong></span> <span class='ocrx_word' id='word_1_823' title='bbox 3298 5361 3475 5422; x_wconf 85' lang='lat' dir='ltr'><strong>utpote</strong></span> <span class='ocrx_word' id='word_1_824' title='bbox 3505 5368 3580 5404; x_wconf 82' lang='lat' dir='ltr'><strong>sa-</strong></span> 
     </span>
    </p>
   </div>
   <div class='ocr_carea' id='block_1_110' title="bbox 369 5409 1954 5563">
    <p class='ocr_par' dir='ltr' id='par_1_110' title="bbox 369 5409 1937 5563">
     <span class='ocr_line' id='line_1_110' title="bbox 369 5409 1937 5478; baseline 0.004 -15"><span class='ocrx_word' id='word_1_825' title='bbox 369 5409 481 5472; x_wconf 79' lang='grc' dir='ltr'>τος,</span> <span class='ocrx_word' id='word_1_826' title='bbox 513 5409 699 5478; x_wconf 82' lang='lat' dir='ltr'><strong>sicque</strong></span> <span class='ocrx_word' id='word_1_827' title='bbox 733 5409 899 5464; x_wconf 91' lang='lat' dir='ltr'><strong>editio</strong></span> <span class='ocrx_word' id='word_1_828' title='bbox 930 5409 1105 5465; x_wconf 84' lang='lat' dir='ltr'><strong>lluetii</strong></span> <span class='ocrx_word' id='word_1_829' title='bbox 1134 5409 1327 5476; x_wconf 85' lang='lat' dir='ltr'><strong>habet;</strong></span> <span class='ocrx_word' id='word_1_830' title='bbox 1362 5414 1453 5469; x_wconf 84' lang='lat' dir='ltr'><strong>sed</strong></span> <span class='ocrx_word' id='word_1_831' title='bbox 1490 5409 1542 5467; x_wconf 81' lang='lat' dir='ltr'><strong>in</strong></span> <span class='ocrx_word' id='word_1_832' title='bbox 1574 5414 1766 5471; x_wconf 89' lang='lat' dir='ltr'><strong>codice</strong></span> <span class='ocrx_word' id='word_1_833' title='bbox 1796 5409 1937 5469; x_wconf 76' lang='lat' dir='ltr'><strong>Bod-</strong></span> 
     </span>
     <span class='ocr_line' id='line_1_111' title="bbox 370 5478 1933 5563; baseline 0.003 -29"><span class='ocrx_word' id='word_1_834' title='bbox 370 5478 547 5563; x_wconf 67' lang='lat' dir='ltr'><strong>leiauo</strong></span> <span class='ocrx_word' id='word_1_835' title='bbox 568 5481 723 5533; x_wconf 86' lang='lat' dir='ltr'><strong>deest</strong></span> <span class='ocrx_word' id='word_1_836' title='bbox 744 5479 837 5563; x_wconf 67' lang='grc' dir='ltr'><strong>τοῦ</strong></span> <span class='ocrx_word' id='word_1_837' title='bbox 869 5479 1023 5549; x_wconf 79' lang='grc' dir='ltr'>ἁγίου</span> <span class='ocrx_word' id='word_1_838' title='bbox 1043 5482 1379 5554; x_wconf 88' lang='grc' dir='ltr'>Πνεύματος,</span> <span class='ocrx_word' id='word_1_839' title='bbox 1420 5484 1562 5555; x_wconf 86' lang='lat' dir='ltr'><strong>quod</strong></span> <span class='ocrx_word' id='word_1_840' title='bbox 1593 5485 1753 5538; x_wconf 83' lang='lat' dir='ltr'><strong>etiam</strong></span> <span class='ocrx_word' id='word_1_841' title='bbox 1785 5487 1933 5540; x_wconf 84' lang='lat' dir='ltr'><strong>vide-</strong></span> 
     </span>
    </p>
   </div>
   <div class='ocr_carea' id='block_1_111' title="bbox 2136 5409 3575 5563">
    <p class='ocr_par' dir='ltr' id='par_1_111' title="bbox 2136 5409 3575 5563">
     <span class='ocr_line' id='line_1_112' title="bbox 2142 5409 3373 5483; baseline 0.009 -16"><span class='ocrx_word' id='word_1_842' title='bbox 2142 5409 2275 5470; x_wconf 49' lang='lat' dir='ltr'><strong>rem;</strong></span> <span class='ocrx_word' id='word_1_843' title='bbox 2312 5409 2496 5483; x_wconf 81' lang='grc' dir='ltr'>Εὐιτ.)</span> <span class='ocrx_word' id='word_1_844' title='bbox 3359 5409 3373 5422; x_wconf 79' lang='grc'><em>’</em></span> 
     </span>
     <span class='ocr_line' id='line_1_113' title="bbox 2136 5486 3575 5563; baseline 0.005 -23"><span class='ocrx_word' id='word_1_845' title='bbox 2256 5487 2435 5563; x_wconf 65' lang='grc' dir='ltr'>ροιιοιι</span> <span class='ocrx_word' id='word_1_846' title='bbox 2456 5487 2798 5563; x_wconf 69' lang='lat' dir='ltr'><strong>l}_odl_eianus,</strong></span> <span class='ocrx_word' id='word_1_847' title='bbox 2823 5490 3093 5563; x_wconf 69' lang='grc' dir='ltr'>συνιστῶν</span> <span class='ocrx_word' id='word_1_848' title='bbox 3113 5507 3126 5521; x_wconf 73' lang='grc' dir='ltr'><strong><em>ο</em></strong></span> <span class='ocrx_word' id='word_1_849' title='bbox 3161 5492 3357 5563; x_wconf 69' lang='lat' dir='ltr'><strong>llcgius</strong></span> <span class='ocrx_word' id='word_1_850' title='bbox 3381 5532 3395 5556; x_wconf 91' lang='lat'><strong>,</strong></span> <span class='ocrx_word' id='word_1_851' title='bbox 3424 5490 3575 5563; x_wconf 78' lang='grc' dir='ltr'>ίστάς.</span> 
     </span>
    </p>
   </div>
   <div class='ocr_carea' id='block_1_112' title="bbox 375 5486 1954 5633">
    <p class='ocr_par' dir='ltr' id='par_1_112' title="bbox 375 5486 1933 5633">
     <span class='ocr_line' id='line_1_114' title="bbox 375 5486 1933 5555; baseline 0.006 -25"><span class='ocrx_word' id='word_1_852' title='bbox 375 5486 547 5534; x_wconf 86' lang='lat' dir='ltr'><strong>Ieiauo</strong></span> <span class='ocrx_word' id='word_1_853' title='bbox 568 5486 723 5533; x_wconf 90' lang='lat' dir='ltr'><strong>deest</strong></span> <span class='ocrx_word' id='word_1_854' title='bbox 744 5486 837 5533; x_wconf 80' lang='grc' dir='ltr'>τοῦ</span> <span class='ocrx_word' id='word_1_855' title='bbox 869 5486 1023 5549; x_wconf 81' lang='grc' dir='ltr'>ἁγίου</span> <span class='ocrx_word' id='word_1_856' title='bbox 1043 5486 1379 5554; x_wconf 86' lang='grc' dir='ltr'>Πνεύματος,</span> <span class='ocrx_word' id='word_1_857' title='bbox 1420 5486 1562 5555; x_wconf 89' lang='lat' dir='ltr'><strong>quod</strong></span> <span class='ocrx_word' id='word_1_858' title='bbox 1593 5486 1753 5538; x_wconf 87' lang='lat' dir='ltr'><strong>etiam</strong></span> <span class='ocrx_word' id='word_1_859' title='bbox 1785 5487 1933 5540; x_wconf 87' lang='lat' dir='ltr'><strong>vide-</strong></span> 
     </span>
     <span class='ocr_line' id='line_1_115' title="bbox 375 5549 1388 5633; baseline 0.001 -1"><span class='ocrx_word' id='word_1_860' title='bbox 375 5557 482 5633; x_wconf 69' lang='lat'><strong>&quot;&quot;1.</strong></span> <span class='ocrx_word' id='word_1_861' title='bbox 499 5549 874 5633; x_wconf 61' lang='lat' dir='ltr'><strong>E?829a.“d&quot;!!&#39;-</strong></span> <span class='ocrx_word' id='word_1_862' title='bbox 894 5618 927 5633; x_wconf 92' lang='lat'><strong>..</strong></span> <span class='ocrx_word' id='word_1_863' title='bbox 966 5621 979 5633; x_wconf 94' lang='lat'><strong>.</strong></span> <span class='ocrx_word' id='word_1_864' title='bbox 1186 5622 1198 5633; x_wconf 94' lang='lat'><em>.</em></span> <span class='ocrx_word' id='word_1_865' title='bbox 1374 5624 1388 5633; x_wconf 89' lang='lat'><em>.</em></span> 
     </span>
    </p>
   </div>
   <div class='ocr_carea' id='block_1_113' title="bbox 2136 5486 3576 5633">
    <p class='ocr_par' dir='ltr' id='par_1_113' title="bbox 2136 5486 3576 5632">
     <span class='ocr_line' id='line_1_116' title="bbox 2136 5486 3575 5627; baseline 0.005 -87"><span class='ocrx_word' id='word_1_866' title='bbox 2136 5486 2225 5627; x_wconf 47' lang='lat'><strong>57;</strong></span> <span class='ocrx_word' id='word_1_867' title='bbox 2256 5487 2435 5541; x_wconf 83' lang='lat' dir='ltr'><strong>Codex</strong></span> <span class='ocrx_word' id='word_1_868' title='bbox 2456 5487 2798 5556; x_wconf 86' lang='lat' dir='ltr'><strong>Bodleianus,</strong></span> <span class='ocrx_word' id='word_1_869' title='bbox 2830 5490 3093 5543; x_wconf 86' lang='grc' dir='ltr'>συνιστῶν</span> <span class='ocrx_word' id='word_1_870' title='bbox 3113 5507 3126 5521; x_wconf 72' lang='grc' dir='ltr'><strong><em>ο</em></strong></span> <span class='ocrx_word' id='word_1_871' title='bbox 3161 5492 3357 5563; x_wconf 76' lang='lat' dir='ltr'><strong>Regius</strong></span> <span class='ocrx_word' id='word_1_872' title='bbox 3381 5532 3395 5556; x_wconf 91' lang='lat'><strong>,</strong></span> <span class='ocrx_word' id='word_1_873' title='bbox 3424 5490 3575 5552; x_wconf 82' lang='grc' dir='ltr'>ίστάς.</span> 
     </span>
     <span class='ocr_line' id='line_1_117' title="bbox 2136 5557 3576 5632; baseline 0.003 -21"><span class='ocrx_word' id='word_1_874' title='bbox 2136 5557 2200 5611; x_wconf 82' lang='grc'><strong>58</strong></span> <span class='ocrx_word' id='word_1_875' title='bbox 2250 5557 2429 5614; x_wconf 79' lang='lat' dir='ltr'><strong>Codex</strong></span> <span class='ocrx_word' id='word_1_876' title='bbox 2460 5558 2686 5629; x_wconf 76' lang='lat' dir='ltr'><strong>Regius,</strong></span> <span class='ocrx_word' id='word_1_877' title='bbox 2728 5561 2898 5625; x_wconf 85' lang='lat' dir='ltr'><strong>male,</strong></span> <span class='ocrx_word' id='word_1_878' title='bbox 2941 5560 3021 5632; x_wconf 80' lang='grc' dir='ltr'>τῷ</span> <span class='ocrx_word' id='word_1_879' title='bbox 3046 5564 3103 5616; x_wconf 85' lang='grc' dir='ltr'>ἐν</span> <span class='ocrx_word' id='word_1_880' title='bbox 3152 5562 3229 5630; x_wconf 85' lang='grc' dir='ltr'><strong>τῷ</strong></span> <span class='ocrx_word' id='word_1_881' title='bbox 3284 5563 3383 5629; x_wconf 75' lang='grc' dir='ltr'><strong>ἕως</strong></span> <span class='ocrx_word' id='word_1_882' title='bbox 3437 5562 3576 5616; x_wconf 57' lang='grc' dir='ltr'>θανὼ-</span> 
     </span>
    </p>
   </div>
   <div class='ocr_carea' id='block_1_114' title="bbox 443 5615 1954 5697">
    <p class='ocr_par' dir='ltr' id='par_1_114' title="bbox 443 5615 1893 5697">
     <span class='ocr_line' id='line_1_118' title="bbox 443 5615 1893 5697; baseline 0.003 0"><span class='ocrx_word' id='word_1_883' title='bbox 443 5615 557 5697; x_wconf 54' lang='lat' dir='ltr'><strong>iiii.)</strong></span> <span class='ocrx_word' id='word_1_884' title='bbox 584 5617 763 5697; x_wconf 61' lang='grc' dir='ltr'><strong>ροιὲθι</strong></span> <span class='ocrx_word' id='word_1_885' title='bbox 792 5618 1443 5697; x_wconf 54' lang='grc' dir='ltr'><strong>,Βοάἔείδηιιεοέφορμάςε</strong></span> <span class='ocrx_word' id='word_1_886' title='bbox 1868 5692 1893 5697; x_wconf 83' lang='lat'><strong><em>_</em></strong></span> 
     </span>
    </p>
   </div>
   <div class='ocr_carea' id='block_1_115' title="bbox 2136 5615 2870 5697">
    <p class='ocr_par' dir='ltr' id='par_1_115' title="bbox 2139 5615 2870 5682">
     <span class='ocr_line' id='line_1_119' title="bbox 2203 5615 2685 5629; baseline -0.006 -2"><span class='ocrx_word' id='word_1_887' title='bbox 2203 5615 2217 5627; x_wconf 85' lang='grc' dir='ltr'><em>ι</em></span> <span class='ocrx_word' id='word_1_888' title='bbox 2543 5615 2573 5629; x_wconf 85' lang='grc' dir='ltr'><strong><em>υ</em></strong></span> <span class='ocrx_word' id='word_1_889' title='bbox 2672 5615 2685 5624; x_wconf 73' lang='grc' dir='ltr'><em>υ</em></span> 
     </span>
     <span class='ocr_line' id='line_1_120' title="bbox 2859 5645 2870 5658; baseline 0 0"><span class='ocrx_word' id='word_1_890' title='bbox 2859 5645 2870 5658; x_wconf 70' lang='grc' dir='ltr'><strong>ο</strong></span> 
     </span>
     <span class='ocr_line' id='line_1_121' title="bbox 2139 5669 2153 5682; baseline 0 0"><span class='ocrx_word' id='word_1_891' title='bbox 2139 5669 2153 5682; x_wconf 75' lang='grc' dir='ltr'><strong>ο</strong></span> 
     </span>
    </p>
   </div>
   <div class='ocr_carea' id='block_1_116' title="bbox 444 5684 1954 5774">
    <p class='ocr_par' dir='ltr' id='par_1_116' title="bbox 444 5684 1926 5769">
     <span class='ocr_line' id='line_1_122' title="bbox 444 5684 1926 5769; baseline 0.005 -26"><span class='ocrx_word' id='word_1_892' title='bbox 444 5684 555 5757; x_wconf 77' lang='lat'><strong>(56)</strong></span> <span class='ocrx_word' id='word_1_893' title='bbox 586 5685 768 5744; x_wconf 86' lang='lat' dir='ltr'><strong>Codex</strong></span> <span class='ocrx_word' id='word_1_894' title='bbox 792 5688 1016 5762; x_wconf 78' lang='lat' dir='ltr'><strong>Regius,</strong></span> <span class='ocrx_word' id='word_1_895' title='bbox 1051 5684 1475 5763; x_wconf 44' lang='lat' dir='ltr'><strong>pauimento</strong></span> <span class='ocrx_word' id='word_1_896' title='bbox 1514 5703 1642 5769; x_wconf 87' lang='lat' dir='ltr'><strong>post</strong></span> <span class='ocrx_word' id='word_1_897' title='bbox 1690 5711 1788 5768; x_wconf 87' lang='lat' dir='ltr'><strong>pro</strong></span> <span class='ocrx_word' id='word_1_898' title='bbox 1834 5692 1926 5751; x_wconf 78' lang='grc' dir='ltr'>οὖν</span> 
     </span>
    </p>
   </div>
   <div class='ocr_carea' id='block_1_117' title="bbox 2136 5684 3355 5774">
    <p class='ocr_par' dir='ltr' id='par_1_117' title="bbox 2136 5696 3355 5774">
     <span class='ocr_line' id='line_1_123' title="bbox 2136 5696 3355 5774; baseline 0.004 -21"><span class='ocrx_word' id='word_1_899' title='bbox 2136 5697 2221 5771; x_wconf 82' lang='lat'><strong>59)</strong></span> <span class='ocrx_word' id='word_1_900' title='bbox 2249 5696 2394 5756; x_wconf 87' lang='lat' dir='ltr'><strong>Idem</strong></span> <span class='ocrx_word' id='word_1_901' title='bbox 2416 5701 2585 5758; x_wconf 81' lang='lat' dir='ltr'><strong>codex</strong></span> <span class='ocrx_word' id='word_1_902' title='bbox 2612 5698 2833 5771; x_wconf 80' lang='lat' dir='ltr'><strong>Regius,</strong></span> <span class='ocrx_word' id='word_1_903' title='bbox 2856 5702 3027 5774; x_wconf 83' lang='grc' dir='ltr'>αὐτὴν</span> <span class='ocrx_word' id='word_1_904' title='bbox 3052 5703 3355 5773; x_wconf 84' lang='grc' dir='ltr'>ὁμολογίαν.</span> 
     </span>
    </p>
   </div>
  </div>
