3712 6138
159 252 277 309 729

1165 249 1524 307 COMMENT.
1570 250 1636 305 IN
1675 248 1869 306 JOAN.
1910 249 2147 307 TOMUS
2183 251 2423 308 XXVIII.

3329 249 3432 308 τ’οο

156 366 319 440 αὒτῷ
344 362 626 432 ἐκϐάσεως
655 365 851 441 ἄδηλον
881 369 1038 440 ἡμῖν,
1083 367 1222 422 ἀλλὰ
1269 369 1365 423 xui
1404 368 1493 423 ἵνα
1532 368 1608 440 μὴ

1964 370 2136 425 simus
2165 379 2221 425 ut
2248 370 2426 441 magis
2448 377 2771 439 peccatores
2809 367 3094 438 magisque
3120 366 3268 437 impii
3298 383 3428 423 eva-

157 464 329 533 ἡμεῖς
356 459 634 532 πρόφασις
663 459 955 532 γενώμεθα
978 459 1073 514 τοῦ
1104 461 1456 533 ἁμαρτωλοτέ
1465 479 1578 533 ροις
1602 462 1755 532 γενέ-

164 554 300 608 σθαι
332 556 425 608 xui
465 554 846 626 άσεῦεστέροις
876 558 989 620 τοῖς
1017 557 1117 608 οὐκ
1143 554 1209 609 ἂν
1247 556 1347 627 μὲν
1377 554 1457 626 τῷ
1492 555 1637 627 ἔργῳ
1657 555 1752 608 τοῦ

160 646 327 718 ήμῶν
348 646 679 719 ἐκκεχῦσθαί
709 648 771 701 τὸ
803 642 943 719 αἷμα
963 647 1277 720 γενομένοις
1310 648 1539 718 ἐνόχοις,
1593 649 1642 700 εί
1684 646 1755 700 τὰ

160 739 297 809 παρ’
335 740 563 803 ἑαυτοὺς
594 738 877 805 ποιοῦντες
901 739 1217 811 ἐκκλίνομεν
1245 739 1373 803 τοὺς
1405 739 1566 810 μέχρι
1598 739 1756 792 θανά-

159 847 260 884 του
289 833 422 902 ἡμῖν
440 831 912 896 ἐπιϐουλεύοντας,
942 831 1225 902 ἐσομένοις
1252 831 1310 885 δέ
1337 832 1395 885 ἐν
1414 831 1639 895 πλείονι,
1661 832 1754 884 xui

164 922 449 996 βαρυτέρᾳ
494 924 714 978 κολάσει
755 925 888 995 παρ’
934 926 1101 995 ἡμᾶς,
1151 924 1199 976 εί
1243 923 1625 993 φιλαυτοῦντες
1659 923 1754 977 xui

166 1012 244 1083 μὴ
271 1012 416 1067 κατὰ
449 1013 674 1066 ἐκείνων
700 1012 1029 1077 σκοποῦντες
1062 1012 1315 1084 ἐπιδιδῲη
1324 1030 1422 1084 μεν
1452 1014 1653 1077 αὐτοὺς
1674 1012 1752 1085 τῷ

163 1102 536 1174 ἀναιρεῖσθαι,
571 1103 632 1156 ού
664 1103 763 1173 τῆς
820 1105 1067 1175 ἀνάγκης
1110 1104 1192 1167 είς
1231 1102 1388 1157 τοῦτο
1417 1103 1753 1157 καταλαϐού-

164 1211 288 1266 σης.
319 1194 492 1267 Εἴπερ
522 1194 631 1266 γάρ
654 1195 748 1249 xui
769 1198 797 1250 ὁ
821 1196 1092 1268 πρόφασίς
1122 1213 1228 1250 τινι
1250 1197 1540 1266 γενόμενος
1572 1198 1753 1269 ἀμαρ-

162 1287 307 1352 τίας,
331 1287 410 1359 τῷ
435 1288 597 1351 αὐτὸς
617 1289 709 1341 ἐπὶ
733 1288 935 1360 ταύτην
964 1289 1311 1361 κεκινηκέναι
1335 1290 1425 1343 τὸν
1447 1291 1755 1361 ἁμαρτάνο-

163 1396 283 1443 ντα,
306 1380 446 1433 τίσει
462 1379 617 1444 δίκας
636 1381 729 1433 ἐπὶ
742 1385 854 1444 τοῖς
871 1380 937 1433 δι’
956 1381 1118 1434 αὑτὸν
1136 1380 1438 1452 ἀνθρώπων
1455 1382 1559 1434 τινὶ
1578 1384 1756 1452 ήμαρ-

161 1491 229 1545 τη
239 1474 442 1544 μένοις,
467 1473 584 1538 πῶς
605 1475 724 1546 ούχὶ
752 1475 845 1528 xui
870 1473 899 1525 ὁ
923 1472 1111 1548 παρὼν
1155 1473 1220 1545 [Ῑ.
1254 1473 1450 1546 παρὸν]
1488 1474 1751 1536 ἐκκλῖναι,

164 1566 254 1619 ῖνα
280 1565 357 1639 μὴ
375 1569 402 1620 ό
422 1567 571 1621 δεῖνα
599 1567 867 1639 προδότης
888 1568 1217 1639 Χριστιανοῦ
1242 1567 1488 1639 γένηται,
1524 1569 1617 1621 καὶ
1638 1568 1757 1620 ἐπί-

164 1658 356 1724 ϐουλος
384 1660 484 1731 τῆς
514 1660 655 1714 κατά
684 1661 777 1714 τὸν
829 1660 1035 1732 Ἰησοῦν
1064 1659 1373 1724 θεοσεϐείας
1402 1662 1475 1733 μὴ
1505 1663 1755 1726 ἐκκλίνας

1855 464 1984 517 dant
2012 462 2112 528 illi,
2163 464 2255 532 qui
2306 462 2540 517 nomium
2572 460 2888 531 sanguinem
2936 469 3178 516 nostrum
3210 461 3428 531 quidem

1856 557 2032 626 reipsa
2059 556 2319 612 effudisse
2361 556 2438 611 rei
2489 567 2614 610 sunt
2639 554 2801 620 facti;
2829 554 2873 607 si
2898 569 3018 622 quae
3041 554 3092 607 in
3118 554 3273 609 nobis
3304 564 3431 608 sunt

1853 647 2151 713 facientes,
2202 647 2656 703 declinaverimus
2702 662 2798 701 eos
2850 646 2944 715 qui
2996 645 3223 700 insidias
3272 646 3430 699 nobis

1852 741 1938 795 vel
1999 742 2068 796 ad
2117 750 2348 796 mortem
2401 754 2572 809 usque
2619 739 2958 801 moliuntur;
3023 738 3118 792 sed
3171 738 3428 808 puniendi

1854 834 2094 902 alioquin
2126 830 2321 899 majori
2352 832 2701 901 graviorique
2737 844 2899 899 poma
2946 829 3114 882 nostri
3156 843 3345 895 causa,
3383 831 3428 883 si

1855 930 2027 984 nostri
2057 938 2323 989 amantes,
2356 928 2518 981 rebus
2542 925 2757 980 illorum
2785 923 3131 993 posthabitis,
3159 938 3428 993 eXposue-

1855 1019 2029 1071 rimus
2062 1030 2163 1072 nos
2192 1016 2341 1085 ipsos
2366 1014 2768 1085 interﬁciendo,
2798 1011 2943 1066 nulla
2973 1027 3072 1067 nos
3105 1014 3431 1068 necessitate

1856 1113 2100 1175 urgente.
2159 1103 2289 1158 Nam
2324 1104 2369 1159 si
2404 1104 2569 1157 etiam
2600 1104 2691 1172 qui
2738 1102 2898 1156 alicui
2953 1102 3172 1158 occasio
3219 1103 3428 1173 peccati

1853 1179 2031 1251 factus
2060 1196 2246 1261 fuerit,
2301 1196 2345 1250 is
2382 1197 2571 1264 pren'as
2620 1194 2769 1250 dabit
2807 1194 2876 1250 ob
2914 1210 2976 1249 ea
3003 1209 3122 1264 quae
3150 1196 3231 1249 sui
3266 1209 3429 1249 causa

1856 1291 2201 1359 peccaverint
2256 1288 2422 1358 aliqui
2474 1288 2764 1354 homines;
2818 1289 3091 1357 quomodo
3123 1303 3229 1342 non
3265 1289 3428 1342 etiam

1855 1393 2048 1449 pinnas
2079 1380 2310 1433 daturus
2332 1389 2438 1442 est,
2491 1378 2580 1445 qui
2617 1392 2739 1429 cum
2782 1372 3085 1429 declinandi
3119 1373 3429 1427 facultatem

1859 1471 2078 1535 habeat,
2113 1484 2180 1525 ne
2208 1470 2452 1537 proditor
2485 1468 2575 1523 ille
2605 1467 2900 1522 Christiani
2947 1468 3017 1521 sit
3062 1464 3329 1529 hominis,
3377 1473 3432 1518 et

1856 1560 2148 1614 insidiator
2176 1561 2360 1615 cultus
2389 1558 2558 1612 divini
2585 1573 2712 1627 erga
2748 1554 2953 1621 .lesum,
2989 1571 3093 1609 non
3126 1554 3429 1609 declinave-

1858 1654 1963 1715 rit;
2035 1653 2144 1707 imo
2202 1652 2380 1721 potius
2450 1651 2848 1713 concitaverit,
2898 1647 3109 1703 etiamsi
3164 1649 3305 1715 quod
3364 1644 3431 1699 ad

169 1752 290 1824 μὲν,
326 1754 425 1807 xui
454 1730 907 1827 προσπαροξύνας
936 1754 1014 1817 δὲ,
1058 1754 1178 1825 ούχτ⁹
1205 1754 1296 1807 xui.
1321 1730 1571 1826 περὶ-τῆς
1606 1756 1632 1805 ἐ

1966 1748 2341 1815 mptitudinem
2378 1746 2576 1798 attinet
2603 1743 3112 1810 lortitndinemque,
3153 1741 3335 1795 hacin
3373 1754 3432 1792 re

165 1864 256 1902 νου
280 1848 557 1919 ἁμαρτίας
586 1847 746 1901 δώσει
772 1848 951 1917 λόγον,
992 1848 1117 1913 κᾶν,
1146 1848 1207 1901 τὸ
1232 1848 1356 1903 ὅσον
1376 1849 1468 1901 ἐπὶ
1490 1850 1556 1919 τῇ
1583 1849 1663 1911 εἰς
1693 1848 1754 1901 τὸ

170 1943 471 2012 μαρτυρεῖν
495 1940 772 2013 προθυμίᾳ
803 1941 897 1995 xui
919 1944 983 2012 τῇ
1020 1943 1099 2004 είς
1130 1940 1288 1994 τοῦτο
1316 1939 1555 2011 ἀνδρείᾳ,
1590 1940 1754 2010 τιμῆς

165 2033 261 2087 xui
297 2034 574 2106 ἀποδοχῆς
604 2034 751 2101 ἄξιος
886 2034 1032 2104 παρά
1067 2032 1146 2104 τῷ
1194 2032 1572 2103 εύσεϐουμένῳ
1612 2031 1751 2101 Θεῷ,

166 2126 261 2180 xui
280 2126 700 2198 ὁμολογουμένῳ
722 2127 811 2180 ὑπ’
846 2126 1009 2179 αὐτοῦ
1045 2125 1297 2197 Σωτῆρι;
1332 2126 1455 2177 Ὅτι
1497 2123 1554 2176 δὲ
1593 2123 1750 2194 ἡμῶν

167 2218 352 2273 ἕνεκεν
374 2219 444 2273 τὰ
477 2219 702 2273 τοιαῦτα
726 2219 1058 2290 γέγραπται,
1087 2217 1154 2269 ἵν’
1193 2219 1378 2288 ἡμεῖς,
1404 2216 1755 2286 παράδειγμα

170 2307 387 2379 ἔχοντες
409 2307 500 2362 τὸν
533 2308 761 2379 Ἰησοῦν,
800 2308 895 2360 xui
935 2309 993 2359 ἐν
1019 2310 1131 2370 τοῖς
1154 2308 1415 2370 τοιούτοις
1460 2306 1623 2359 αὐτοῦ
1662 2323 1756 2375 μι-

173 2402 340 2471 μηταὶ
390 2399 700 2471 γενώμεθα,
765 2401 1107 2472 παραστήσει
1155 2404 1188 2471 ἢ
1241 2399 1473 2468 λέγουσα
1526 2400 1750 2471 Γραφή’

179 2510 198 2544 ι
235 2491 494 2564 Ἐζήτουν
524 2488 618 2547 οὖν
657 2493 819 2547 αὑτὸν
870 2494 1085 2556 πιάσαι,
1144 2493 1241 2545 xui
1282 2491 1459 2554 οὐδεὶς
1493 2491 1756 2545 ἐπέϐαλεν

172 2586 256 2638 ἐπ’
284 2585 449 2639 αὐτὸν
483 2586 581 2657 τὴν
628 2589 808 2657 χεῖρα,
851 2586 933 2639 ὅτι
968 2584 1121 2638 οὔπω
1174 2584 1419 2655 ἐληλύθει
1452 2587 1484 2654 ή
1515 2584 1632 2655 ὥρα
1662 2585 1758 2637 αύ-

172 2675 283 2730 τοῦ.
316 2696 335 2728 ι
375 2678 465 2740 Ὡς
488 2678 615 2750 γὰρ,
644 2678 788 2731 κατὰ
805 2678 863 2731 τὸ
883 2676 1042 2749 ῥητὸν
1065 2675 1245 2738 τοῦτο,
1272 2674 1360 2728 διὰ
1376 2675 1553 2739 τοῦτο,
1584 2674 1757 2737 οὐδεὶς

174 2768 436 2823 ἐπέϐαλεν
461 2770 547 2823 ἐπ’
574 2771 737 2824 αὑτὸν
767 2770 864 2841 τὴν
902 2772 1080 2841 χεῖρα,
1113 2767 1355 2841 παρόντα
1378 2767 1474 2820 xui
1511 2767 1586 2836 μὴ
1625 2765 1757 2833 φεύ-

176 2878 353 2931 γοντα,
387 2863 516 2915 ἐπεὶ
550 2864 714 2934 μήπω
748 2861 995 2932 ἐληλύθει
1030 2864 1063 2931 ή
1092 2859 1212 2931 ὥρα
1240 2858 1427 2923 αὐτοῦ,
1472 2857 1644 2920 οὕτως
1666 2858 1758 2909 xui.

177 2957 337 3027 χωρὶς
369 2955 464 3010 τοῦ
494 2956 799 3028 ἀναχωρεῖν
832 2956 889 3008 ἐν
925 2953 1002 3025 τῷ
1049 2952 1228 3024 καιρῷ
1261 2950 1355 3005 τού
1395 2950 1618 3022 μηδέπω
1662 2949 1760 3003 αύ-

1856 1841 2062 1894 honore
2090 1853 2151 1892 ac
2175 1837 2333 1891 laude
2361 1838 2430 1891 sit
2473 1838 2667 1906 dignus
2711 1835 2850 1903 apml
2900 1836 3091 1896 Deum,
3138 1848 3296 1901 quem
3348 1833 3433 1900 pie

1855 1933 2004 1996 colit,
2032 1933 2281 2000 apudque
2309 1930 2685 1993 Servatorem,
2723 1943 2883 1996 quem
2914 1927 3198 1980 confessus
3231 1923 3432 1979 fuerit?

1855 2022 2026 2077 Porro
2060 2022 2202 2092 quod
2234 2021 2405 2074 nostri
2450 2035 2617 2074 causa
2664 2021 2778 2073 haec
2827 2019 3028 2086 scripta
3063 2016 3287 2081 fuerint,
3324 2030 3432 2085 quo

1855 2110 2040 2166 Jesum
2072 2111 2398 2165 haberemus
2425 2111 2724 2177 exemplar,
2763 2108 2931 2179 398
2976 2108 3128 2177 cujus
3163 2109 3214 2160 in
3246 2107 3434 2177 hujus-

1856 2203 2067 2258 cemodi
2105 2201 2273 2255 rebus
2304 2200 2610 2254 imitatores
2636 2214 2904 2263 essemus,
2946 2199 3102 2251 docet
3151 2197 3433 2265 Scriptura

1857 2295 2085 2349 dicens:
2119 2292 2485 2362 (Qumrebant
2509 2292 2678 2361 igitur
2703 2308 2826 2346 eum
2864 2291 3347 2359 comprehendere,
3381 2299 3437 2342 et

1858 2388 2042 2442 nullus
2088 2388 2142 2441 in
2200 2402 2324 2440 eum
2380 2384 2614 2452 conjccit
2662 2400 2937 2448 manum,
2993 2383 3138 2452 quod
3196 2382 3433 2434 nondum

1858 2480 2097 2535 venisset
2125 2482 2260 2533 hora
2288 2478 2406 2548 ejus
2431 2478 2531 2529 ⁸⁸.»
2566 2476 2633 2532 Ut
2662 2477 2830 2540 enim,
2855 2477 3010 2545 juxta
3038 2475 3179 2526 hunc
3206 2482 3431 2532 textum,

1859 2572 2039 2625 nullus
2069 2571 2122 2624 in
2147 2585 2269 2625 eum
2300 2569 2535 2637 coniecit
2559 2583 2800 2630 manum,
2834 2576 3156 2636 praesentem
3185 2605 3201 2628 ,
3232 2573 3287 2617 et
3325 2580 3434 2615 non

1857 2663 2185 2733 fugientem,
2228 2662 2356 2731 quia
2397 2663 2629 2714 nomium
2685 2660 2922 2715 venisset
2962 2658 3094 2711 hora
3151 2657 3296 2721 ejus;
3355 2656 3435 2708 sic

1859 2758 2021 2811 etiam
2076 2756 2118 2809 si
2172 2772 2277 2809 non
2331 2754 2653 2808 secessisset
2687 2753 2738 2805 in
2768 2767 2832 2805 eo
2868 2762 3131 2819 tempore,
3162 2764 3269 2815 quo
3302 2762 3434 2799 non-

1859 2850 1984 2900 dum
2014 2847 2253 2900 instabat
2285 2849 2415 2900 hora
2451 2847 2588 2916 ejus,
2618 2860 2742 2899 eum
2788 2844 3205 2911 haudquaquam
3239 2839 3432 2893 deleti-

1862 2941 1965 2993 turi
2019 2939 2272 3004 fuissent,
2322 2949 2374 2993 et
2414 2939 2667 2992 similiter
2715 2938 2896 2991 nullus
2935 2937 2987 2989 in
3033 2951 3156 2988 eum
3206 2931 3437 3001 conjecit

176 3046 264 3100 τοῦ
309 3047 668 3119 ἐφεστηκέναι
713 3046 811 3119 τὴν
862 3046 1032 3119 ὥραν,
1067 3046 1127 3099 ού
1171 3045 1475 3116 κατέσχητο
1525 3044 1623 3115 μὲν

1965 3047 2108 3087 num.
2163 3031 2431 3097 Quocirca
2482 3029 2890 3099 intelligendum
2937 3038 3019 3081 est
3065 3042 3171 3080 non
3223 3036 3431 3078 tantum

179 3142 315 3213 ὅμως
346 3143 402 3196 δὲ
428 3143 531 3196 οὐκ
564 3140 827 3195 ἐπέϐαλεν
858 3139 1005 3211 αύτῷ
1031 3139 1204 3202 οὐδεὶς
1232 3138 1330 3210 τὴν
1360 3140 1538 3208 χεῖρα.
1558 3135 1755 3207 Διόπερ

162 3231 284 3303 .(lil)
315 3233 611 3287 ἀκουστέον
633 3234 694 3285 ού
730 3232 888 3303 μόνον
918 3231 1035 3295 τοῦ,
1089 3250 1107 3281 ι
1157 3230 1283 3283 Ἐὰν
1310 3228 1579 3283 διώκωσιν
1612 3229 1756 3299 ὑμᾶς

181 3326 236 3378 ἐν
255 3330 319 3398 τῇ
351 3327 504 3380 πόλει
536 3326 731 3398 ταύτῃ,
759 3324 992 3393 φεύγετε
1028 3325 1108 3387 εὶς
1130 3322 1228 3393 τὴν
1254 3321 1472 3394 ἐτέραν,
1494 3341 1511 3372 ι
1532 3318 1756 3373 καὶτῶν

186 3420 322 3491 ἑξῆς,
356 3418 495 3472 ἀλλά
520 3418 615 3472 xui.
640 3420 721 3471 ὅτι
750 3417 916 3490 ήνίκα
951 3415 1458 3478 συνεϐουλεύσαντο,
1499 3415 1588 3468 ἵνα
1619 3415 1756 3467 ἀπο-

183 3510 423 3565 κτείνωσι
460 3510 553 3563 τὸν
596 3508 807 3579 Ἰησοῦν
850 3509 898 3560 οἱ
938 3509 1216 3579 ἀρχιερεῖς
1248 3507 1341 3559 xui
1370 3507 1418 3559 οί
1448 3507 1752 3577 Φαρισαῖοι,

182 3604 238 3657 τδ
264 3603 571 3673 εὐλόγιστον
613 3599 818 3672 τηρῶν,
874 3599 1060 3652 οὐκέτι
1112 3598 1395 3668 παρρησίᾳ.
1433 3597 1755 3667 περιεπάτει

184 3690 239 3742 ἐν
277 3693 386 3754 τοῖς
455 3688 748 3751 Ἰουδαίοις
816 3687 931 3740 ἀλλ’
970 3686 1091 3739 οὐδὲ
1133 3688 1213 3748 εἰς
1242 3685 1407 3756 ἀλλην
1462 3687 1615 3739 πόλιν
1659 3687 1756 3739 ἀν-

186 3780 455 3854 εχώρησεν
483 3781 655 3851 δχλων
683 3779 1145 3850 πεπληρωμένην,
1170 3778 1305 3833 ἀλλά
1328 3795 1448 3831 τινα
1474 3780 1724 3850 ἀνακεχω
1740 3808 1757 3820 ο

190 3877 439 3945 ρηκυῖανο
488 3872 801 3945 γέγραπται
843 3871 985 3942 γάρ’
1020 3890 1038 3922 ι
1086 3872 1144 3922 '0
1185 3866 1277 3923 οὖν
1322 3869 1528 3940 Ἰησοῦς
1575 3871 1756 3924 οὐκέτι

189 3967 462 4038 παρρησίᾳ
488 3966 809 4037 περιεπάτει
837 3965 894 4016 ἐν
923 3967 1035 4026 τοῖς
1080 3962 1376 4028 Ἰουδαίοις,
1421 3962 1557 4016 ἀλλά
1584 3963 1758 4034 ἀπῆλ-

188 4058 272 4113 θεν
303 4059 509 4113 ἐκεῖθεν
550 4059 629 4122 είς
661 4056 760 4128 τὴν
811 4056 996 4128 χώραν
1045 4056 1213 4125 ἐγγὺς
1260 4056 1358 4127 τῆς
1401 4056 1633 4127 ἐρήμου,
1677 4059 1758 4120 εἰς

200 4155 427 4227 Ἐφραίμ
458 4154 759 4225 λεγομένην
802 4153 975 4207 πόλιν.
1020 4172 1038 4203 ι
1085 4136 1196 4206 Καὶ
1235 4152 1296 4205 ού
1344 4152 1502 4223 μόνος
1532 4168 1595 4220 γε
1642 4155 1761 4206 ἐκεῖ

192 4245 537 4318 ἀπελήλυθεν,
570 4244 705 4298 ἀλλὰ
736 4245 1006 4316 μηδεμίαν
1028 4242 1283 4316 ἀφορμὴν
1314 4242 1493 4305 διδοὺς
1519 4245 1634 4307 τοῖς
1660 4242 1758 4314 ζη-

191 4336 361 4390 τοῦσιν
380 4337 562 4401 αὐτὸν,
599 4336 694 4390 xui.
736 4336 863 4399 τοὺς
900 4334 1149 4407 μαθητὰς
1183 4333 1301 4405 μεθ’
1336 4334 1528 4388 ἑαυτοῦ
1565 4334 1758 4406 παρεί-

1862 3123 1989 3176 illud
2023 3123 2109 3177 9°:
2149 3139 2166 3173 ι
2199 3121 2253 3174 Si
2296 3121 2568 3190 persecuti
2602 3135 2696 3171 vos
2737 3118 2934 3171 l‘ucrint
2977 3119 3029 3169 in
3063 3132 3164 3171 una
3194 3115 3433 3180 civitate,

1858 3214 2026 3285 fugite
2061 3216 2127 3268 ad
2160 3213 2390 3279 aliam”
2427 3222 2481 3266 et
2508 3226 2571 3266 ea
2606 3226 2726 3279 quae
2758 3219 3090 3278 sequuntur;
3129 3208 3221 3261 sed
3267 3207 3434 3259 etiam

1859 3309 1982 3370 hoc,
2008 3306 2153 3375 quod
2183 3306 2400 3374 quando
2448 3320 2551 3357 una
2589 3303 3037 3357 consultaverunt
3065 3300 3350 3369 pontiﬁces
3383 3309 3437 3351 et

1859 3398 2121 3453 Pharisaei
2163 3408 2223 3451 ut
2263 3394 2451 3450 .lesum
2486 3393 2860 3449 interﬁcerent
2887 3432 2904 3457 ,
2956 3391 3006 3445 id
3052 3391 3195 3460 quod
3241 3387 3433 3442 rationi

1858 3501 1981 3545 erat
2014 3490 2249 3543 maxime
2278 3497 2706 3543 consentaneum
2739 3499 2966 3539 servans
2988 3524 3004 3548 ,
3037 3482 3301 3537 Servator
3328 3495 3434 3534 non

1860 3583 2097 3653 amplius
2124 3581 2427 3652 propalam-
2458 3576 2778 3631 ambulabat
2839 3578 2981 3629 inter
3036 3571 3289 3638 Judazos;
3340 3573 3433 3625 sed

1861 3692 2038 3746 neque
2091 3676 2142 3730 in
2178 3675 2337 3728 aliam
2374 3672 2562 3726 urbem
2604 3670 2831 3726 secessit
2863 3669 3035 3722 turbis
3073 3666 3304 3737 plenam,
3343 3666 3437 3719 sed

1860 3768 1913 3820 in
1952 3768 2238 3836 quamdam
2300 3764 2490 3816 urbem
2543 3776 2790 3815 seorsum
2834 3760 3093 3830 positam.
3146 3756 3431 3826 Scriptum

1859 3875 1942 3915 cst
1971 3861 2114 3916 enim
2151 3878 2165 3914 :
2201 3878 2219 3910 ι
2248 3858 2409 3914 Jesus
2451 3856 2616 3926 igitur
2646 3855 2757 3923 jam
2801 3870 2904 3907 non
2935 3851 3211 3921 propalam
3246 3852 3436 3905 ambu-

1861 3951 2005 4005 labat
2044 3951 2183 4003 inter
2228 3949 2473 4010 Judzeos;
2517 3950 2611 4002 sed
2664 3948 2796 4002 abiit
2834 3949 2979 4003 illinc
3018 3948 3070 4002 in
3124 3950 3300 4003 locum
3340 3948 3436 4001 de-

1860 4051 2008 4096 serto
2055 4040 2393 4110 proximum;
2442 4055 2637 4109 nempe
2680 4039 2736 4093 in
2781 4041 3051 4093 civitatem
3095 4056 3214 4108 qua:
3239 4039 3436 4094 dicitur

1861 4134 2141 4203 Ephraim.
2171 4151 2191 4184 ι
2228 4129 2338 4185 Nec
2366 4144 2497 4184 sane
2527 4129 2676 4184 solus
2713 4143 2780 4183 eo
2806 4127 3099 4193 concessit,
3131 4144 3316 4180 verum
3372 4144 3438 4183 ne

1859 4226 2021 4280 ullam
2059 4223 2404 4279 occasionem
2434 4236 2493 4275 se
2531 4221 2905 4290 quaerentibus
2928 4220 3104 4284 daret,
3141 4218 3437 4287 discipulos

1860 4319 2021 4372 etiam
2060 4330 2244 4369 secum
2276 4312 2615 4380 assumpsit,
2657 4330 2675 4362 ι
2708 4311 2931 4379 illicque
2962 4310 3282 4364 versabatur
3311 4324 3435 4362 eum

192 4425 340 4497 ληφε,
378 4447 396 4480 ι
429 4427 522 4482 xui
544 4398 661 4480 ἐκεῖ
696 4425 876 4495 ἔμεινε
900 4398 1047 4496 ’μετά
1077 4398 1195 4476 1:th
1210 4422 1486 4495 μαθητῶν.
1526 4441 1545 4473 ι
1574 4398 1658 4474 Toi

1971 4409 2164 4480 :ipulis.
2198 4426 2216 4459 ι
2249 4405 2378 4458 Tale
2414 4406 2670 4474 quiddam
2698 4414 2780 4457 est
2802 4404 2965 4457 etiam
2997 4400 3140 4471 quod
3169 4400 3220 4453 in
3261 4398 3437 4453 Evan-

194 4515 278 4567 τόν
308 4519 419 4570 ἐστι
457 4518 552 4571 xui
575 4516 636 4569 τὺ
662 4518 719 4571 ἐν
748 4514 826 4585 τῷ
852 4514 994 4568 κατά
1032 4513 1310 4568 Ματθαῖον
1342 4511 1751 4587 γεγραμμένονο

197 4606 297 4672 ὅτε,
337 4629 354 4661 ι
382 4611 641 4673 ἀκούσας,
667 4609 749 4661 ὅτι
782 4607 1035 4677 Ἰωάννης
1073 4604 1363 4677 παρεδόθη,
1404 4602 1752 4675 ἀνεχώρησεν

197 4700 271 4763 είς
295 4702 387 4773 τὴν
415 4701 727 4766 Γαλιλαίαν,
757 4700 850 4753 xui
881 4697 1194 4753 καταλιπὼν
1221 4698 1321 4768 τὴν
1361 4695 1635 4767 Ναζαρὲθ,
1669 4695 1756 4749 ἐλ-

198 4788 296 4844 θὼν
329 4794 640 4865 κατῴκησεν
662 4795 741 4857 είς
757 4791 1136 4863 Καφαρναοὺμ
1163 4789 1259 4861 τὴν
1285 4788 1755 4862 παραθαλασσίαν,

198 4885 250 4936 ἐν
277 4886 436 4955 ὁρίοις
458 4884 741 4939 Ζαϐουλὼν
786 4884 882 4937 xui
935 4881 1289 4952 Νεφθαλείμ·
1335 4901 1352 4932 ι
1404 4882 1499 4932 xui
1537 4879 1629 4932 ἐπὶ
1664 4879 1755 4933 τὸν

200 4976 374 5048 καιρὸν
405 4978 460 5031 δὲ
486 4977 697 5048 φθάσας
725 4975 821 5030 τοῦ
847 4973 1237 5046 συλληφθῆναι,
1274 4972 1563 5043 ἐτήρησεν,
1614 4970 1757 5042 ὑπὲρ

200 5063 284 5116 τοῦ
311 5068 382 5139 μὴ
410 5073 535 5141 παρ’
562 5069 755 5123 ἐαυτὸν
794 5068 953 5122 τοῦτο
986 5066 1199 5130 παθεῖν,
1245 5067 1382 5137 μήτε
1430 5069 1487 5120 ἐν
1532 5066 1759 5136 Ἰεροσο-

202 5151 376 5226 λύμοις
424 5161 735 5234 εὑρεθῆναι,
767 5162 905 5232 μήτε
936 5162 994 5213 ἐν
1036 5158 1113 5230 τῷ
1140 5157 1287 5229 ἱερῷ,
1331 5157 1458 5212 ἔνθα
1512 5157 1759 5210 ἐδίδασκε

205 5248 466 5321 πολλάκις,
518 5260 655 5329 μήτε
693 5256 752 5309 ἐν
791 5255 936 5326 ἄλλῳ
969 5254 1199 5324 τοιούτῳ
1239 5253 1392 5323 τόπῳ
1416 5268 1430 5282 ’
1469 5269 1488 5301 ι
1538 5248 1759 5320 Ἐξῆλθε

266 5389 310 5422 ⁸⁸
343 5391 495 5450 Joan.
532 5400 629 5461 vit,
670 5397 759 5453 50.
831 5396 878 5428 '°
913 5396 1103 5451 Matth.
1140 5412 1197 5461 ι,
1226 5395 1317 5450 25.

274 5505 518 5585 (ﬁoini.
547 5517 705 5572 Deest
760 5516 812 5569 in
857 5514 1047 5570 codice
1076 5512 1267 5585 Regio,
1325 5510 1421 5567 sed
1463 5516 1647 5565 exstat
1704 5508 1756 5561 in

211 5571 505 5640 Bodleiano.

219 5713 253 5767 ὅ
279 5647 383 5719 (61)
428 5656 507 5709 θὺ
531 5656 868 5742 κατέσχητο
896 5654 1014 5744 μὲν
1052 5655 1150 5736 tif,
1178 5650 1427 5738 ὅμωςρὲ
1458 5653 1570 5706 οὐκ
1617 5648 1755 5735 ἐπέ-

250 5719 386 5773 ιιιεν
411 5726 563 5773 οὑτω
614 5726 813 5773 ηυδεὶρ
851 5744 963 5773 nw
1009 5740 1207 5773 γειοα·
1261 5722 1486 5773 διοπεο.
1519 5731 1627 5773 etc.
1676 5721 1755 5773 bit

411 5725 563 5794 αὐτῷ
614 5721 813 5794 οὐδεὶς
851 5721 963 5796 τὴν
1004 5721 1220 5795 χεᾷπικ⁷
1261 5722 1486 5792 διόπερ,
1519 5731 1627 5778 etc.
1676 5721 1768 5777 Sic

1864 4506 2004 4576 gelio
2042 4518 2072 4557 a
2112 4501 2366 4555 Matthato
2409 4498 2606 4552 tradito
2662 4497 2926 4566 scriptum
2982 4509 3066 4548 eSt
3092 4495 3174 4560 ⁹¹;
3218 4492 3437 4561 quando

1870 4616 1889 4648 ι
1914 4595 2140 4651 audiens
2162 4592 2425 4647 Joannem
2454 4589 2712 4642 traditum
2749 4602 2891 4649 esse,
2931 4585 3155 4640 secessit
3199 4586 3251 4638 in
3290 4584 3437 4639 Gali-

1866 4693 2063 4758 laeam,
2124 4688 2419 4756 relictaque
2482 4684 2775 4746 Nazareth,
2845 4681 3118 4752 profectus
3176 4679 3439 4734 habitavit

1866 4784 2245 4853 Capharuaum
2272 4781 2550 4834 civitatem
2592 4777 2945 4838 maritimam,
3002 4774 3053 4827 in
3100 4772 3297 4827 linibtts
3330 4770 3439 4825 Za-

1865 4875 2025 4929 tmlon
2052 4912 2068 4939 ,
2100 4881 2154 4926 et
2185 4870 2528 4941 Nephthalim
2551 4887 2598 4937 ;›
2633 4879 2688 4923 et
2724 4883 2847 4922 cum
2902 4876 3111 4935 tempus
3161 4870 3439 4934 appeteret

1866 4977 1926 5020 nt
1990 4963 2582 5033 comprehenderetur,_
2624 4959 2939 5014 observavit
2994 4974 3063 5013 ne
3111 4956 3256 5010 ultro
3309 4954 3438 5008 illml

1866 5068 2165 5129 pateretur,
2198 5069 2373 5124 neque
2403 5056 2456 5107 in
2490 5051 2882 5122 Hierosolymis
2902 5049 3254 5112 inveniretur,
3276 5046 3360 5100 vel
3387 5047 3438 5099 in

1869 5152 2092 5220 templo,
2132 5150 2224 5205 ubi
2261 5150 2570 5217 frequenter
2610 5146 2827 5209 docuit,
2880 5158 3057 5213 neque
3098 5143 3151 5195 in
3189 5139 3297 5193 ullo
3330 5137 3440 5191 alio

1867 5246 2031 5299 simili
2086 5244 2204 5300 loco
2240 5262 2252 5297 :
2285 5262 2304 5295 ι
2338 5242 2519 5296 Exivit
2593 5241 2738 5295 enim
2805 5252 2929 5293 cum
2990 5231 3271 5304 discipulis
3321 5231 3439 5284 suis

1394 5395 1438 5426 ’⁸
1482 5392 1674 5447 Matth.
1726 5407 1808 5456 tv,
1861 5390 1948 5453 li,
2005 5388 2092 5442 15.

1866 5508 2013 5562 hunc
2051 5505 2229 5559 locum
2263 5504 2467 5575 optime
2494 5501 2736 5575 restituit
2789 5498 2965 5575 codex.
3005 5492 3439 5575 Bodleianus._lu

1868 5578 2055 5632 codice
2088 5575 2259 5643 Regio
2300 5564 2510 5631 'vitiose
2563 5573 2778 5643 legitur,
2834 5567 3145 5638 κατέσχητο
3194 5564 3294 5638 μὲν
3350 5564 3439 5630 ἂν,

1868 5648 2028 5716 ἡμεῖς
2062 5645 2272 5720 διόπερ.
