3712 6138
350 253 452 310 73!

1832 252 2152 310 OlllGENlS
2237 277 2246 285 -

3498 251 3588 308 73?.

353 388 501 431 trans
529 389 825 435 torrentem
860 380 1098 445 Cedron,
1145 381 1234 438 ubi
1273 394 1395 438 erat
1428 383 1642 448 hortus,
1671 382 1724 437 in
1763 398 1888 452 quer

2059 375 2137 446 ’ἀρ
2169 375 2265 428 σὺν
2316 377 2429 438 τοῖς
2464 374 2730 446 μαθηταῖς
2761 373 2928 429 αὑτοῦ
2961 373 3132 445 πέραν
3163 373 3257 426 τοῦ
3298 372 3586 444 χειμάρρου

309 463 316 505 ἱ
351 469 574 525 intravit
596 472 732 541 ipse,
763 483 818 527 et
839 473 1088 544 discipuli
1115 475 1231 545 ejus
1253 476 1351 531 ³⁸.»
1380 476 1471 532 Sic
1495 485 1675 531 autem
1698 479 1926 532 secessit

295 557 313 588 λ
350 577 446 630 per
477 563 526 616 id
558 566 838 633 temporis,
876 576 930 620 et
975 567 1028 620 in
1068 568 1284 637 publico
1327 584 1436 625 non
1488 569 1824 633 ambulabat,
1867 581 1925 625 nt

350 654 633 720 pontiﬁces
675 664 729 710 et
767 654 1032 713 Pharisaii
1065 662 1310 716 volentes
1357 660 1508 714 illum
1561 664 1922 729 comprehen-

349 747 497 810 dere,
515 758 740 816 egerent
770 747 926 813 Juda,
959 760 1244 820 propterea
1270 752 1411 821 quod
1437 752 1735 822 discipulus
1757 753 1924 822 ipsius

349 852 472 891 enm
507 849 671 906 esset,
709 840 878 910 probe
914 843 1087 896 sciret
1132 842 1248 897 loca
1281 859 1528 900 secessus
1563 845 1724 900 illius.
1773 845 1921 911 Quo-

347 930 490 983 circa
530 939 658 985 tunc
697 951 715 982 ι
740 930 905 986 Judas
929 948 1051 988 cum
1076 935 1384 1004 accepisset
1403 935 1718 1001 cohortem,
1763 948 1817 990 et
1855 949 1920 990 ex

346 1023 683 1091 principibus
736 1026 1106 1092 sacerdotum,
1162 1042 1226 1080 ac
1267 1028 1559 1083 Pharisaais
1620 1029 1919 1096 ministros,

327 1115 478 1174 _illnc
505 1117 653 1170 venit
685 1131 806 1171 cum
852 1117 1096 1179 laternis.
1138 1128 1190 1172 et
1220 1118 1464 1184 facibus,
1495 1129 1550 1174 et
1587 1121 1753 1174 armis
1789 1120 1856 1177 ".
1895 1139 1914 1172 ι

325 1207 614 1286 ,ϐωιει-υιη
649 1208 751 1263 hoc
786 1209 908 1264 loco
931 1208 1210 1280 Evangelii
1241 1211 1549 1265 declaratur
1571 1212 1714 1281 quod
1747 1211 1914 1280 siqui-

324 1289 466 1378 ;dem
499 1300 762 1357 noluisset
787 1302 928 1371 capi,
967 1303 1385 1373 haudquaquam
1417 1306 1667 1360 detentus
1695 1305 1915 1362 fuisset:

329 1392 597 1448 ’detentus
622 1405 800 1449 autem
826 1396 944 1458 luit,
971 1410 1092 1449 cum
1117 1397 1372 1451 humilem
1407 1397 1914 1468 praebuitseipsum,

341 1495 400 1540 et
438 1485 613 1541 factus
635 1486 892 1541 obedieus
913 1487 1077 1558 399
1103 1488 1470 1544 detinentibus
1505 1488 1589 1544 vel
1631 1505 1801 1561 usque
1850 1494 1916 1546 ad

324 1567 557 1631 'crucem
581 1578 648 1630 ".
675 1577 901 1644 Quando
932 1578 1099 1646 igitur
1127 1581 1314 1644 exivit,
1339 1589 1394 1634 et
1422 1579 1556 1636 dicit
1600 1581 1684 1636 his
1713 1582 1803 1651 qui
1849 1583 1916 1636 ad

340 1665 559 1722 hortum
585 1677 844 1722 venerant
879 1687 894 1723 :
933 1688 952 1721 ι
982 1670 1150 1737 Quem
1186 1670 1468 1741 quaaritis?
1491 1693 1508 1721 ι
1540 1681 1596 1726 et
1621 1675 1915 1742 responde-

2026 471 2133 525 τῶν
2164 469 2406 541 Κέδρων,
2437 468 2569 521 ὅπου
2601 464 2670 539 ἦν
2708 467 2904 537 κῆπος,
2934 469 3014 529 είς
3038 466 3097 520 ὃν
3138 465 3388 535 εἰσῆλθεν
3419 465 3585 531 αὐτὸς,

2025 566 2120 618 καὶ
2172 563 2220 615 οῖ
2278 560 2516 632 μαθηταὶ
2569 560 2753 613 αὐτοῦ.
2789 579 2808 610 ι
2853 559 3010 613 Οῦτω
3059 559 3116 611 δὲ
3159 557 3427 629 ἀνεχώρει
3480 558 3587 612 κατ’

2024 656 2202 708 ἐκεῖνο
2251 651 2466 723 καιροῦ,
2499 652 2594 705 καὶ
2621 651 2720 704 οὐκ
2751 651 3120 723 ἐδημοσίευεν,
3146 649 3221 713 ὡς
3240 649 3449 703 δεῖσθαι
3475 650 3589 714 τοὺς

2023 746 2299 816 ἀρχιερεῖς
2337 745 2430 796 καὶ
2473 745 2600 807 τοὺς
2634 743 2980 814 Φαρισαίους,
3032 741 3392 812 βουλομένους
3438 740 3585 794 αὑτὸν

2024 837 2328 902 συλλαϐεῖν,
2355 835 2449 889 τοῦ
2488 836 2679 902 Ἰούδα,
2713 836 2802 889 διὰ
2849 836 2908 889 τὺ
2963 836 3411 906 μεμαθητεῦσθαι
3451 834 3586 906 αὐτῷ

2023 929 2525 1002 περιεργαζομένου
2558 929 2652 982 καὶ
2691 930 2816 991 τοὺς
2838 929 3038 991 τόπους
3068 928 3166 998 τῆς
3197 928 3586 1001 ἀναχωρήσεως

2020 1022 2182 1075 αὑτοῦ
2203 1039 2214 1050 ·
2246 1021 2326 1073 διὸ
2352 1021 2473 1074 τότε
2504 1039 2522 1071 ι
2552 1021 2581 1072 ὁ
2623 1019 2844 1084 Ἰούδας,
2879 1017 3058 1072 λαϐὼν
3081 1020 3180 1088 τὴν
3218 1022 3475 1090 σπεῖραν,
3503 1019 3588 1072 καὶ

2021 1117 2085 1168 ἐκ
2116 1115 2224 1167 τῶν
2251 1113 2553 1184 ἀρχιερέων
2587 1117 2682 1165 καὶ
2711 1111 3016 1182 Φαρισαίων
3046 1109 3344 1181 ὑπηρέτας.
3381 1111 3588 1180 ἔρχεται

2020 1207 2139 1258 ἐκεῖ
2168 1205 2305 1275 μετὰ
2334 1204 2539 1274 φανῶν,
2571 1205 2664 1256 καὶ
2683 1203 3002 1274 λαμπάδων,
3036 1202 3128 1254 καὶ
3151 1201 3350 1254 ὃπλων.
3389 1221 3409 1253 ι
3442 1201 3590 1255 Κατά

2018 1296 2208 1350 τοῦτον
2239 1297 2296 1350 δὲ
2325 1297 2416 1351 τὸν
2437 1297 2598 1350 τόπον
2628 1296 2720 1350 τοῦ
2748 1295 3077 1364 Εὑαγγελίου
3107 1293 3383 1366 δηλοῦται,
3413 1294 3516 1358 ὅτι,
3547 1295 3590 1346 εί

2022 1389 2121 1458 μὲν
2153 1388 2404 1442 ἐϐούλετο
2439 1387 2513 1459 μὴ
2539 1388 2766 1452 ἁλῶναι,
2825 1388 2924 1440 οὐκ
2954 1387 3020 1441 ἂν
3068 1385 3375 1457 κατεσχέθη
3397 1404 3410 1416 ο
3462 1403 3587 1439 κατ-

2018 1479 2215 1550 εσχέθη
2249 1479 2307 1531 δέ
2339 1479 2608 1533 ταπεινῶν
2631 1478 2740 1548 (62)
2767 1477 2978 1541 ἐαυτὸν,
3027 1477 3124 1530 καὶ
3169 1475 3462 1547 γινόμενος
3498 1475 3588 1527 ὑπ-

2019 1571 2182 1641 ήκοος
2207 1575 2320 1636 τοῖς
2342 1571 2651 1641 κατέχουσι,
2681 1571 2776 1623 καὶ
2808 1569 2968 1641 μέχρι
2997 1569 3090 1622 τοῦ
3119 1568 3376 1642 σταυροῦ.
3417 1568 3594 1620 ’οπότ”

2016 1659 2110 1718 οῦν
2142 1663 2354 1734 ἐξῆλθε,
2380 1665 2474 1717 καὶ
2495 1663 2640 1732 λέγει
2677 1664 2789 1726 τοῖς
2834 1661 3078 1715 ἐλθοῦσιν
3111 1663 3192 1724 είς
3239 1661 3329 1714 τὸν
3372 1659 3548 1729 κῆπον
3571 1675 3584 1688 ·

336 1767 466 1813 runt
489 1759 589 1829 ipsi
611 1759 844 1815 :cJesum
869 1761 1015 1815 illum
1044 1761 1438 1829 Nazarenump
1465 1777 1587 1819 cum
1613 1764 1722 1819 illis
1744 1765 1888 1820 dixis

2079 1733 2490 1828 Τίναζητείτε;
2533 1777 2549 1808 ι
2579 1755 2955 1828 ἀπεκρίθησαν
2990 1755 3156 1826 αὐτῷ·
3192 1773 3211 1806 ι
3259 1751 3474 1824 Ἰησοῦν
3503 1751 3586 1804 τὸν

333 1859 419 1904 set
449 1867 463 1903 :
499 1851 644 1922 «Ego
675 1868 815 1916 sum,
844 1873 862 1905 ι
903 1854 1107 1910 virtute
1142 1870 1237 1909 sua
1274 1855 1458 1911 divina
1491 1876 1510 1908 ι
1530 1858 1715 1913 abiere
1743 1867 1910 1923 retro,

333 1939 593 2011 humique
637 1944 955 1999 ceciderunt
1006 1945 1073 1999 ⁸⁸.
1107 1965 1126 1997 ι
1193 1945 1396 2003 Deinde
1439 1957 1560 2019 post
1623 1950 1726 2005 hoc
1787 1966 1909 2006 cum

331 2031 600 2087 voluisset
647 2034 892 2104 recipere
930 2036 1422 2106 dispensationem,
1482 2050 1644 2110 atque
1689 2056 1913 2098 oecono-

333 2125 500 2178 miam
548 2141 646 2195 per
676 2127 980 2195 passionem
1001 2169 1018 2197 ,
1072 2148 1090 2181 ι
1116 2146 1333 2186 rursum
1381 2132 1734 2205 interrogavit
1764 2151 1859 2190 eos
1893 2153 1906 2189 :

331 2215 503 2282 Quem
551 2217 838 2286 quaeritis?
880 2231 937 2274 at
982 2220 1060 2275 illi
1110 2223 1408 2278 dixerunt:
1441 2224 1623 2281 Iesum
1672 2226 1910 2283 Nazare-

330 2323 488 2362 num.
519 2327 539 2360 ι
579 2309 644 2363 Ει
677 2320 797 2379 post
822 2326 993 2380 pauca
1022 2314 1092 2378 ",
1126 2333 1145 2365 ι
1171 2316 1391 2382 cohors,
1414 2326 1469 2371 et
1498 2318 1748 2375 tribunus
1775 2321 1908 2376 mili-

330 2409 471 2463 tum,
516 2410 570 2456 et
619 2402 857 2458 ministri
899 2402 1210 2459 Judworum
1250 2409 1775 2477 comprehenderunt
1813 2411 1907 2468 Je-

329 2505 449 2544 sum
477 2510 496 2543 ι
540 2491 831 2561 volentem,
869 2513 887 2546 ι
923 2495 1296 2566 etligavcrunt
1325 2499 1533 2567 ipsunu
1575 2516 1634 2555 se
1657 2502 1906 2570 praeben-

2013 1850 2356 1921 Ναζωραῖον·
2395 1869 2414 1902 )
2441 1849 2532 1903 καὶ
2557 1851 2586 1902 ὁ
2617 1849 2716 1920 μὲν
2742 1844 2895 1902 εἶπεν
2928 1848 3130 1912 αὐτοῖς,
3164 1865 3183 1898 ‹
3235 1843 3382 1914 Ἐγώ
3404 1846 3539 1915 είμι,
3563 1862 3579 1894 ι

2011 1943 2106 1995 καὶ
2135 1943 2242 1996 ἀπὸ
2272 1942 2374 2012 τῆς
2406 1941 2558 2006 θείας
2609 1941 2772 1996 αὑτοῦ
2815 1941 2929 2014 (65)
2963 1941 3246 2010 δυνάμεως
3285 1959 3302 1991 ι
3345 1938 3584 2008 ἀπῆλθον

2010 2037 2092 2098 είς
2117 2033 2184 2088 τά
2212 2034 2408 2097 ὀπίσω.
2443 2036 2534 2088 καὶ
2562 2035 2756 2088 ἐπεσον
2787 2034 2981 2104 χαμαί.
3020 2053 3037 2085 ι
3068 2029 3202 2086 Εἶτα
3237 2030 3381 2102 μετὰ
3414 2031 3587 2093 τοῦτο,

2008 2127 2090 2180 ὄτι
2117 2126 2179 2198 [ί.
2204 2126 2316 2199 ὅτε]
2338 2127 2601 2198 ἐϐουλήθη
2625 2127 2983 2193 ἀναδέξασθαι
3008 2127 3106 2196 τὴν
3130 2129 3186 2179 ἐν
3212 2125 3290 2196 τῷ
3317 2124 3486 2179 πάθει
3510 2123 3582 2176 οξ-

2009 2220 2287 2290 κονομίαν,
2323 2239 2340 2271 ι
2371 2219 2530 2274 πάλιν
2553 2218 2834 2290 ἠρώτησεν
2858 2217 3070 2281 αὐτούς·
3098 2219 3232 2270 Τίνα
3262 2216 3511 2289 (meite;
3537 2217 3582 2269 οί

2006 2310 2065 2366 δὲ
2095 2306 2267 2374 εἷπον,
2312 2311 2517 2382 Ἰησοῦν
2551 2310 2640 2363 τὸν
2672 2307 2987 2380 Ναζωραῖον
3007 2326 3020 2338 ·
3063 2327 3082 2361 ι
3113 2309 3208 2362 καὶ
3244 2309 3364 2378 μετ’
3399 2307 3578 2375 ὀλίγα·

2013 2419 2034 2452 ‹
2069 2401 2134 2452 Ἦ
2163 2402 2382 2471 σπεῖρα,
2429 2401 2522 2454 καὶ
2554 2402 2582 2452 ὁ
2610 2398 2905 2471 χιλίαρχος,
2939 2400 3033 2452 καὶ
3073 2401 3121 2451 oi
3161 2399 3440 2469 ὑπηρέται
3482 2395 3582 2449 τῶν

2020 2493 2289 2546 Ἰουδαίων
2336 2492 2627 2546 συνέλαϐον
2679 2493 2770 2546 τὸν
2826 2492 3033 2562 Ἰησοῦν
3085 2510 3103 2543 ι
3156 2492 3372 2553 ἐκόντα,
3427 2508 3446 2540 ι
3496 2489 3582 2542 καὶ

329 2589 437 2634 tem
481 2581 733 2638 vinculis.
780 2585 914 2639 Nam
956 2585 1003 2640 si
1057 2587 1168 2656 pati
1203 2586 1489 2654 noluisset,
1526 2606 1650 2644 num
1690 2607 1888 2646 rursun

2059 2589 2204 2654 ἰησαν
2236 2582 2418 2644 αὑτὸν,
2466 2601 2484 2634 ι
2528 2583 2836 2653 παρέχοντα
2864 2581 3053 2636 ἐαυτὸν
3086 2583 3197 2642 τοῖς
3237 2579 3462 2649 δεσμοῖς
3485 2595 3497 2606 ·
3537 2578 3580 2630 εί

327 2671 573 2738 dixisset,
609 2692 626 2724 ι
667 2675 779 2745 Ego
823 2691 964 2742 sum,
1021 2698 1039 2730 ι
1080 2688 1134 2734 et
1194 2681 1460 2736 abiissent
1526 2682 1611 2749 hi,
1652 2692 1726 2738 tot
1775 2699 1888 2754 qum

2059 2674 2114 2746 ltp
2150 2674 2223 2746 μὴ
2275 2673 2524 2727 ἐϐούλετο
2566 2672 2778 2739 παθεῖν,
2813 2669 2964 2726 εἶπεν
3018 2672 3082 2725 ἂν
3135 2670 3331 2732 πάλιν,
3382 2688 3402 2720 ‹
3449 2667 3581 2735 Ἐγώ

323 2777 530 2832 essent,
589 2777 760 2832 retro,
814 2784 1110 2842 omnesque
1156 2773 1302 2827 humi
1335 2776 1590 2842 prosuati
1636 2776 1888 2832 l‘uissent‘:

2061 2784 2151 2838 μι;
2191 2786 2209 2818 ι
2238 2768 2332 2821 καὶ
2354 2767 2594 2838 ἀπῆλθον
2626 2766 2691 2820 ἂν
2714 2768 2762 2820 οί
2791 2765 3032 2819 τοσοῦτοι
3060 2766 3138 2827 είς
3161 2763 3230 2816 τά
3250 2763 3463 2827 ὀπίσω;
3495 2761 3580 2815 καὶ

328 2857 399 2912 Ut
425 2868 605 2914 autem
653 2861 848 2916 talibus
883 2866 1047 2918 rebus
1078 2867 1233 2920 docet
1274 2882 1373 2921 nos
1405 2870 1660 2924 secedere
1692 2870 1743 2924 in
1775 2885 1888 2939 per-

2059 2861 2206 2924 ὶντες
2234 2860 2426 2913 ἔπεσον
2457 2858 2522 2914 ἂν
2554 2859 2726 2931 χαμαί
2745 2876 2760 2924 ;
2781 2860 2987 2929 ’Ὠσπερ
3009 2857 3065 2910 δέ
3081 2855 3169 2909 διὰ
3194 2854 3301 2909 τῶν
3324 2854 3584 2907 τοιούτων,

324 2949 694 3005 seculionihus
766 2961 820 3007 et
874 2953 928 3007 in
985 2955 1196 3011 insidiis
1263 2973 1384 3028 quas
1434 2960 1723 3015 adversum
1798 2977 1888 3016 nos

2059 2951 2248 3006 δάσκει
2281 2954 2429 3023 ἡμᾶς
2453 2953 2510 3004 ἐν
2533 2952 2810 3022 διωγμοῖς,
2850 2949 2944 3003 καὶ
2973 2951 3090 3011 ταῖς
3116 2946 3237 3001 καθ’
3279 2947 3443 3018 ἡμῶν
3466 2949 3579 3000 ἐπι-

327 3047 649 3106 struuntur;
690 3042 771 3096 sic
819 3043 984 3098 etiam
1029 3045 1160 3100 alibi
1205 3049 1444 3116 reperias
1492 3066 1611 3105 eum
1649 3053 1888 3108 secedere

2059 3046 2226 3108 ιυλαῖς
2255 3047 2581 3116 ἀναχωρεῖν,
2632 3043 2803 3106 οὓτως
2829 3044 2888 3095 ἐν
2920 3040 3099 3105 ἄλλοις
3141 3039 3323 3112 εῦροις
3377 3040 3446 3094 ἂν
3490 3039 3584 3092 καὶ

321 3131 393 3187 ab
429 3131 513 3188 his
542 3148 662 3203 quae
686 3135 828 3190 bona
859 3137 1094 3192 mundus
1137 3139 1310 3205 ducit,
1357 3151 1419 3194 ut
1447 3156 1544 3210 per
1571 3141 1689 3198 haec
1731 3146 1888 3199 etiam

2059 3136 2114 3190 τὸ
2131 3136 2240 3189 τῶν
2263 3135 2632 3207 νομιζομένων
2659 3130 2800 3189 εἶναι
2833 3137 2890 3187 ἐν
2919 3135 3108 3205 κόσμῳ
3139 3133 3319 3185 καλῶν
3365 3133 3575 3202 ἀναχω-

320 3224 517 3280 doceat
539 3242 639 3281 nos
668 3228 850 3282 mundi
883 3227 1176 3298 dignitates
1201 3230 1388 3301 fugere
1419 3234 1888 3306 excellentiasque

2059 3229 2219 3291 νῦντα,
2258 3229 2343 3283 ἵνα
2372 3228 2465 3282 καὶ
2487 3228 2574 3281 διὰ
2600 3227 2804 3281 τούτων
2830 3226 3012 3298 διδάξῃ
3053 3224 3273 3294 φεύγειν
3303 3225 3376 3278 τὰ
3401 3227 3460 3277 ἐν
3488 3223 3574 3277 κό-

321 3316 376 3371 in
427 3317 545 3387 ipso
592 3319 942 3376 exsistentes.
981 3319 1186 3377 «Jesus
1227 3324 1370 3378 enim
1427 3341 1550 3381 cum
1608 3328 1888 3398 aliquando

2059 3337 2125 3390 ιῳ
2145 3316 2429 3389 ἀξιώματα
2449 3317 2544 3371 καὶ⁵
2574 3316 2674 3380 τὰς
2703 3319 2760 3370 ἐν
2790 3317 2939 3387 αὐτῷ
2967 3315 3260 3386 ὑπεροχάς.
3303 3333 3322 3366 ι
3374 3315 3576 3384 Ἰησοῦς

318 3408 668 3479 cognovisset
693 3409 937 3464 futurum
980 3421 1038 3466 ut
1067 3414 1346 3481 venirent,
1370 3426 1426 3471 et
1459 3428 1715 3486 raperent
1748 3435 1894 3486 eum,

319 3511 378 3555 ut
401 3500 549 3555 illum
583 3518 764 3570 regem
793 3503 1057 3572 facerent,
1085 3511 1312 3564 secessit
1339 3510 1393 3564 in
1425 3521 1661 3567 montem
1683 3551 1700 3578 ,
1730 3531 1750 3564 ι
1801 3513 1896 3570 sed

317 3606 426 3647 non
453 3607 575 3647 cum
602 3592 899 3664 discipulis,
932 3596 1025 3650 sed
1064 3616 1083 3650 ι
1111 3599 1261 3654 solus
1287 3600 1354 3667 ⁸⁷,
1397 3619 1417 3653 ι
1442 3617 1510 3658 ne
1532 3602 1616 3657 his
1642 3605 1895 3659 occasio-

319 3699 444 3738 nem
475 3685 691 3754 quidem
717 3687 986 3756 prtebens,
1032 3699 1287 3760 tanquam
1340 3693 1512 3762 ipsum
1565 3697 1892 3765 amantibus,

314 3784 370 3830 et
398 3775 490 3845 qui
520 3776 816 3832 voluissent
845 3795 966 3835 cum
993 3783 1209 3836 caeteris
1243 3783 1416 3846 ipsum
1449 3783 1631 3840 facere
1683 3791 1891 3858 regem,

309 3864 426 3937 jam
453 3870 723 3925 mundane
751 3870 993 3940 ipsorum
1015 3872 1182 3928 etiam
1216 3890 1311 3929 rex
1337 3884 1504 3930 esset.

384 4050 472 4104 19.
522 4048 649 4105 Hac
696 4053 910 4120 quidem
953 4054 1007 4109 in
1071 4063 1302 4123 textum,
1351 4067 1408 4114 et
1465 4060 1518 4114 in
1563 4061 1888 4128 doctrinam,

312 4157 436 4212 quae
471 4153 644 4198 estex
676 4146 987 4215 evangelica
1021 4147 1225 4215 littera,
1269 4151 1336 4205 de
1376 4165 1618 4208 secessu.
1655 4156 1727 4210 At
1759 4171 1890 4212 vero

311 4231 367 4286 in
403 4247 681 4306 anagogen
717 4236 844 4290 talia
887 4239 1147 4296 dicuntur
1175 4260 1188 4296 :
1214 4242 1397 4300 Jesum
1439 4247 1569 4303 olim
1605 4250 1887 4320 propalam

313 4325 456 4378 inter
497 4323 710 4382 Judaaos
758 4331 1156 4401 obambulasse,
1199 4339 1416 4407 quando
1449 4355 1632 4397 sermo
1661 4341 1755 4398 Dei
1791 4359 1888 4413 per

1998 3410 2109 3480 γάρ
2134 3425 2268 3463 ποτε
2293 3410 2474 3477 γνοὺς,
2504 3409 2587 3462 ὅτι
2637 3409 2918 3480 μέλλουσιν
2960 3407 3240 3479 ἔρχεσθαι,
3271 3407 3369 3458 καὶ
3397 3405 3573 3476 ἁρπά-

1998 3500 2109 3566 ζειν
2142 3500 2324 3565 αὐτὸν,
2369 3500 2456 3553 ίνα
2503 3500 2772 3572 ποιήσωσι
2803 3499 3049 3570 βασιλέα,
3101 3496 3451 3568 ἀνεχώρησεν
3497 3497 3579 3559 είς

1995 3593 2057 3648 τὸ
2079 3592 2224 3665 ὅρος,
2256 3611 2275 3644 ›
2306 3591 2422 3646 ἀλλ’
2443 3591 2504 3644 οὐ
2544 3591 2682 3663 μετὰ
2709 3590 2815 3644 τῶν
2840 3588 3120 3661 μαθητῶν,
3147 3588 3281 3642 ἀλλὰ
3303 3607 3320 3639 ι
3354 3588 3566 3658 μόνος,»

1998 3689 2074 3760 μὴ
2108 3688 2362 3760 παρέχων
2392 3688 2526 3759 μηδὲ
2553 3687 2762 3751 τούτοις
2790 3685 3064 3758 ἀφορμὴν,
3098 3684 3175 3748 ὡς
3212 3683 3460 3750 φιλοῦσιν
3488 3681 3570 3736 αὺ-

1993 3779 2107 3842 τὸν,
2131 3780 2223 3832 καὶ
2256 3777 2594 3850 βουληθεῖσιν
2620 3777 2685 3832 ἂν
2714 3777 2852 3849 μετὰ
2892 3775 3001 3829 τῶν
3047 3774 3310 3827 θελόντων
3343 3773 3567 3844 ποιῆσαι

1994 3871 2155 3924 αὑτὸν
2187 3870 2431 3941 βασιλέα,
2459 3871 2526 3923 ἵν’
2552 3871 2653 3942 ἤδη
2679 3870 2904 3940 γένηται
2945 3869 3038 3922 καὶ
3071 3865 3352 3936 κοσμικῶς
3391 3864 3568 3921 αὐτῶν

1994 3956 2268 4027 βασιλεύς.
2436 4015 2442 4019 _

2059 4049 2151 4116 ~l9.
2184 4049 2368 4102 Ταῦτα
2390 4049 2486 4121 μὲν
2512 4051 2590 4112 εἰς
2615 4049 2675 4102 τὸ
2697 4047 2876 4122 ῥητὸν,
2901 4047 2993 4102 καὶ
3016 4047 3115 4120 τὴν
3137 4047 3243 4100 ἀπὸ
3268 4047 3363 4100 τοῦ
3394 4047 3564 4116 Εὐαγ-

1989 4139 2206 4209 γελικοῦ
2237 4144 2561 4215 γράμματος
2597 4143 2724 4214 περὶ
2768 4143 3164 4213 ἀναχωρήσεως
3194 4138 3559 4195 διδασκαλίαν.

1989 4235 2082 4297 Et;
2103 4235 2161 4288 δὲ
2190 4234 2286 4306 τὴν
2315 4235 2604 4308 ἀναγωγὴν
2628 4236 2841 4307 λεχθείη
2871 4235 2936 4288 ἂν
2965 4235 3206 4289 τοιαῦτα·
3239 4237 3322 4289 ὅτι
3361 4232 3560 4305 Ἰησοῦς

1989 4330 2157 4385 πάλαι
2191 4330 2289 4400 μὲν
2322 4331 2602 4402 παρρησίᾳ
2639 4334 2752 4396 τοῖς
2789 4331 3063 4395 Ἰουδαίοις
3101 4331 3442 4402 περιεπάτει,
3475 4332 3556 4383 ὅτε

311 4419 604 4485 prophetas
659 4419 804 4474 inter
867 4435 963 4477 eos
1017 4429 1340 4483 versabatur
1371 4431 1537 4488 :Jesu
1584 4437 1732 4490 enim
1766 4445 1885 4492 erat

2062 4422 2215 4490 λόγος
2240 4421 2334 4474 τοῦ
2367 4423 2498 4475 Θεοῦ
2533 4423 2621 4476 διὰ
2655 4424 2947 4496 προφητῶν
2975 4425 3158 4487 αὐτοῖς
3196 4422 3554 4476 ἐνεπολιτεύε-

310 4509 586 4580 propalam
620 4527 725 4567 vox
756 4512 845 4568 illa
874 4532 890 4567 :
929 4532 948 4565 ι
975 4514 1100 4571 Haec
1127 4518 1256 4575 dicit
1278 4521 1590 4592 Doniinusp
1616 4529 1708 4581 sed
1737 4543 1883 4584 nunc

308 4616 416 4654 non
449 4604 678 4670 amplius
706 4603 865 4662 Jesus
889 4607 1031 4664 inter
1056 4608 1274 4667 Iudaeos
1297 4614 1574 4684 propalam
1613 4619 1879 4674 obambu-

306 4689 404 4754 lat,
434 4693 528 4746 sed
559 4693 682 4748 inde
716 4695 868 4761 abiit,
901 4713 1002 4753 nec
1025 4709 1109 4754 est
1132 4700 1225 4755 Dei
1261 4717 1442 4759 sermo
1469 4705 1610 4760 inter
1638 4705 1873 4764 Judaaos:

307 4783 545 4852 indeque
581 4786 881 4856 digressus,
913 4806 1105 4863 nempe
1125 4809 1156 4847 a
1181 4793 1401 4859 Judzeis,
1441 4797 1587 4851 venit
1619 4800 1670 4852 in
1701 4798 1874 4856 locum

305 4873 522 4928 deserto
572 4875 831 4942 vicinum,
890 4881 956 4934 de
997 4896 1105 4950 quo
1153 4883 1351 4937 dicitur
1394 4883 1441 4914 ⁸⁸
1475 4901 1490 4936 :
1527 4883 1720 4940 «Multi
1780 4887 1874 4941 lilii

305 4963 556 5030 desertae,
585 4967 754 5036 magis
776 4983 937 5036 quam
961 4969 1080 5039 ejus
1106 4985 1222 5041 quae
1261 4972 1435 5026 virum
1465 4973 1690 5040 habent
1733 4985 1787 5030 et
1810 4977 1877 5031 ad

304 5070 467 5125 quam
499 5056 697 5112 dicitur
727 5076 740 5112 :
774 5075 793 5110 ι
822 5057 1050 5125 Laetare,
1092 5065 1288 5119 sterilis
1313 5103 1326 5126 ,
1386 5079 1507 5134 quae
1536 5081 1640 5119 non
1687 5067 1873 5136 paris;

303 5160 545 5217 erumpe,
576 5157 630 5202 et
649 5148 841 5216 clama,
877 5167 996 5221 quae
1015 5168 1122 5208 non
1161 5156 1398 5223 parturis
1426 5156 1491 5210 '9.
1533 5175 1553 5208 ι
1583 5157 1876 5214 Estautem

303 5239 518 5294 deserto
579 5241 757 5296 vicina
810 5242 1001 5298 civitas
1077 5245 1346 5317 Ephraim,
1392 5249 1461 5302 ad
1516 5265 1680 5320 quam
1731 5253 1879 5308 venit

372 5408 416 5438 θ’
447 5407 601 5461 Joan.
657 5425 814 5474 xvm,
864 5410 916 5464 1.

304 5474 348 5505 ⁸⁸
376 5476 550 5531 Calui.
588 5495 665 5544 IV,
706 5480 796 5534 27.
871 5482 916 5515 ’³
949 5481 1080 5538 ibid.

378 5595 490 5726 (62;
521 5599 700 5651 Codex
728 5598 1069 5667 Bodleiauus,
1097 5599 1457 5664 ταπεινώσας.

381 5665 470 5723 l05
522 5668 631 5721 Καί
661 5668 779 5723 ἀπὸ
808 5668 919 5726 τῆυ
949 5672 1112 5726 θείας
1137 5672 1342 5726 αὐτοῦ.
1411 5672 1452 5726 ιι

438 5679 470 5717 ὁ

1981 4530 2073 4567 το·
2127 4513 2302 4584 Ἰησοῦ
2329 4514 2437 4585 γὰρ
2470 4511 2538 4586 ἦν
2577 4517 2879 4588 παρρησία,
2907 4517 2973 4586 ἡ·
3011 4534 3030 4568 ι
3064 4515 3202 4570 Τάδε
3249 4515 3395 4584 λέγει
3446 4514 3552 4568 Κύ-

1985 4622 2129 4674 ριοςο
2173 4624 2191 4659 ι
2229 4606 2364 4660 ἀλλὰ
2396 4606 2491 4660 νῦν
2527 4609 2710 4661 οὐκέτι
2739 4609 3020 4680 παρρησίᾳ
3058 4611 3115 4661 ἐν
3146 4611 3258 4672 τοῖς
3292 4607 3552 4670 Ἰουδαίοις

1992 4697 2198 4768 Ἰησοῦς
2237 4703 2547 4771 περιπατεῖ,
2583 4700 2718 4753 ἀλλὰ
2766 4699 3008 4770 ἀπῆλθεν
3047 4700 3276 4764 ἐκεῖθεν,
3336 4700 3429 4754 καὶ
3459 4699 3549 4751 οὐν

1978 4789 2091 4844 ἐστι
2117 4792 2250 4845 Θεοῦ
2294 4793 2446 4862 λόγος
2477 4795 2537 4846 ἐν
2580 4793 2866 4859 Ἰουδαίοις·
2905 4795 3000 4846 καὶ
3035 4792 3282 4848 ἀπελθὼν
3331 4791 3548 4852 ἐκεῖθεν,

1979 4883 2122 4952 λέγω
2147 4884 2202 4936 δὲ
2231 4886 2337 4938 ἀπὸ
2363 4885 2473 4940 τῶν
2513 4886 2801 4952 Ἰουδαίων,
2844 4887 2924 4950 είς
2957 4885 3054 4957 τὴν
3086 4885 3252 4954 ἐγγὺς
3294 4884 3394 4954 τῆς
3427 4883 3550 4952 ἐρή-

1983 4992 2082 5044 μου
2108 4972 2239 5046 ἦλθε
2271 4976 2472 5049 χώραν,
2504 4979 2630 5049 περὶ
2656 4974 2724 5049 ἦς
2751 4977 2968 5046 λέγεται
2986 4995 3000 5008 ο
3028 4998 3047 5029 ι
3087 4977 3265 5030 Πολλὰ
3294 4976 3362 5029 τά
3389 4975 3543 5028 τέκνα

1977 5065 2076 5135 τῆς
2100 5067 2326 5137 ἐρήμου,
2365 5069 2562 5138 μᾶλλον
2587 5070 2620 5140 ἢ
2654 5070 2753 5139 τῆς
2775 5068 3004 5139 ἐχούσης
3032 5067 3122 5120 τὸν
3158 5067 3327 5137 ἄνδρα
3349 5083 3362 5096 ·
3402 5084 3418 5115 ι
3454 5065 3541 5118 καὶ

1978 5158 2116 5229 πρὸς
2143 5158 2210 5230 ἢν
2241 5161 2482 5232 εἴρηται·
2520 5182 2537 5213 ι
2579 5161 2926 5234 Εὐφράνθητι
2960 5161 3210 5232 στείραή
3241 5162 3302 5214 οὐ
3335 5160 3537 5212 τίκτου-

1980 5268 2079 5304 σα·
2104 5253 2286 5324 ρἧον,
2311 5256 2403 5308 καὶ
2437 5255 2630 5329 βόησον
2656 5259 2693 5328 ἡ
2718 5258 2820 5310 οὐκ
2849 5255 3133 5309 ὠδίνουσα.
3172 5273 3191 5307 ι
3230 5255 3383 5308 Ἐστι
3409 5252 3464 5305 δὲ
3507 5247 3534 5316 ἠ

994 5410 1201 5493 ’fibid.‘
1223 5415 1278 5469 δ.
1351 5416 1399 5448 οι
1424 5414 1622 5489 Philip.
1650 5435 1713 5487 ιι,
1742 5419 1796 5478 8.
1871 5421 1888 5453 ε

2060 5438 2114 5477 n.
2149 5437 2304 5490 xvm,
2328 5421 2362 5476 4
2399 5437 2554 5493 seqq.
2629 5421 2678 5452 ⁸⁸
2718 5421 2848 5477 ibid.
2900 5417 2987 5473 12.
3065 5418 3109 5450 ³⁷
3165 5414 3322 5472 Joan.
3353 5429 3425 5482 Vl,
3454 5410 3523 5467 l5

522 5668 631 5721 Kal.
661 5668 779 5723 ἀπὸ
808 5668 919 5732 nio
949 5665 1112 5734 θείας
1137 5672 1342 5728 αὐτοῦ.
1411 5672 1534 5729 llaec
1568 5673 1762 5730 desunt
1788 5673 1841 5730 in
1871 5690 1888 5731 ι

2059 5686 2110 5729 ie
2151 5668 2354 5736 lluetii,
2382 5670 2474 5727 sed
2509 5678 2729 5728 exstant
2752 5669 2803 5724 in
2834 5667 3023 5726 codice
3052 5665 3372 5726 Bodleiano.
