3712 6138
244 253 354 308 7'53

1236 249 1597 306 COMMENT.
1643 248 1707 302 IN
1747 248 1940 306 .IOAN.
1979 247 2218 306 TOMUS
2249 247 2488 305 XXVIII.

3384 246 3492 302 734

241 367 416 434 ἐγγὺς
442 365 540 437 τῆς
581 367 791 438 ἐρήμου
840 366 991 431 πόλις
1025 364 1283 439 Ἐφραῒμ,
1308 368 1387 431 είς
1423 367 1490 438 ἢν
1523 364 1682 438 ἦλθεν
1723 367 1797 438 Ἰη

1971 380 2106 432 esus,
2166 379 2275 420 non
2335 364 2566 434 amplius
2618 361 2898 433 propalam
2957 358 3304 414 obambulans
3351 359 3491 415 inter

242 458 397 523 σοῦς,
432 457 617 512 οὐκέτι
649 460 932 531 παρρησίᾳ
951 459 1268 531 περιπατῶν
1291 461 1348 513 ἐν
1374 463 1486 522 τοῖς
1525 459 1818 522 Ἰουδαίοις.

256 549 654 621 Ἑρμηνεύεται
688 549 745 606 δὲ
779 549 1019 623 Ἐφραῒμ
1049 551 1566 621 (64)καρποφορία,
1597 549 1823 620 ἀδελφὸς

240 639 322 694 ὣν
357 641 618 712 Μανασσῆ
649 641 1021 713 πρεσϐυτέρου
1061 641 1154 695 τοῦ
1186 642 1292 696 ἀπὸ
1319 642 1490 714 λήθης
1511 641 1643 695 λαοῦ
1675 642 1818 713 (65)·

245 730 389 802 μετὰ
412 729 519 802 γὰρ
539 730 630 783 τὸν
659 730 768 784 ἀπὸ
792 729 961 802 λήθης
975 731 1100 785 λαὸν
1124 731 1570 802 καταλειφθέντα,
1594 731 1824 804 γεγένη-

241 839 338 876 ται
370 824 404 893 ή
440 822 500 889 ἐξ
543 822 712 876 ἐθνῶν
764 824 1126 896 καρποφορία,
1173 825 1262 878 ὅτε
1297 844 1316 876 «
1347 827 1628 897 ποταμοὺς
1663 845 1682 877 ι
1723 825 1822 897 μὲν

239 916 372 991 cui);
417 918 474 970 ἐν
507 915 584 987 τῷ
635 916 850 988 Ἰσραὴλ
882 935 901 968 «
943 915 1096 971 ἔθετο
1130 935 1148 969 ι
1177 919 1204 971 6
1251 917 1384 982 Θεὸς
1416 938 1434 971 «
1475 919 1555 982 εἰς
1595 918 1819 991 ἔρημον,

241 986 343 1058 κάὶ
386 986 650 1069 διεξόδους
857 1025 875 1058 ι
911 1007 1028 1060 ἐκεῖ
1077 1025 1096 1059 t
1142 1008 1350 1062 ὑδάτων
1393 1010 1473 1072 είς
1497 986 1822 1078 δίψαν,ηκαὶ

241 1095 352 1165 γῆν
391 1114 410 1147 ι
442 1095 621 1150 αὑτῶν
655 1115 673 1148 ι
715 1097 1062 1170 καρποφόρον
1108 1099 1189 1163 εἰς
1227 1098 1426 1172 ἅλμην,
1481 1099 1589 1154 ἀπὸ
1624 1100 1823 1164 κακίας

239 1187 356 1240 τῶν
415 1187 813 1242 κατοικούντων
859 1189 917 1242 ἐν
965 1190 1136 1261 αὐτῇ·
1171 1208 1191 1242 t
1249 1190 1357 1246 ἀπὸ
1401 1191 1458 1244 δὲ
1499 1189 1607 1245 τῶν
1651 1190 1822 1246 ἐθνῶν

245 1296 267 1329 ι
307 1277 512 1351 ἔρημον
544 1279 694 1334 ἔθετο
720 1283 800 1345 είς
819 1280 1014 1352 λίμνας
1043 1282 1270 1350 ὑδάτων,
1302 1283 1395 1337 καὶ
1418 1283 1522 1354 γῆν
1549 1283 1772 1355 ἄνυδρον
1796 1302 1815 1337 ι

237 1370 425 1424 αὐτῶν
449 1370 558 1441 (66)
593 1373 696 1443 γῆν
753 1390 773 1424 «
837 1375 916 1437 είς
955 1372 1221 1438 διεξόδους
1267 1374 1510 1429 ὑδάτων·
1567 1376 1661 1430 καὶ
1691 1393 1822 1429 κατ-

235 1459 444 1532 ῴκισεν
465 1465 582 1517 ἐκεῖ
603 1463 918 1530 πεινῶντας,
936 1466 1030 1520 καὶ
1052 1467 1444 1538 συνεστήσαντο
1460 1467 1612 1522 πόλιν
1640 1486 1824 1522 κατοι-

241 1551 460 1618 κεσίας,
497 1571 516 1603 ι
544 1552 643 1624 τὴν
677 1553 1032 1626 Ἐκκλησίαν·
1064 1553 1194 1610 ἔνθα
1231 1573 1250 1607 «
1285 1555 1537 1629 ἔσπειρεν
1567 1558 1769 1628 ἀγροὺς
1797 1577 1816 1611 ι

1922 455 2156 526 ειυᾱαξοε.
2189 454 2360 510 Sonat
2383 461 2562 507 autem
2592 451 2875 521 Ephraim,
2905 448 3067 520 400
3097 448 3140 504 si
3171 451 3493 519 interprete-

1924 555 2024 620 ris,
2090 549 2625 622 fertilitas:fuitque
2682 547 2938 618 Ephraim
2999 549 3167 600 frater
3224 543 3490 611 Manasse,

1925 645 2030 698 hoc
2074 652 2157 698 est
2185 640 2368 711 populi
2405 650 2535 694 natu
2591 637 2940 707 grandioris,
2970 635 3310 704 maximeque
3357 634 3495 689 obli-

1923 734 2071 788 vioni
2101 733 2311 788 traditi.
2354 730 2526 786 Simul
2574 740 2738 808 atque
2771 729 2914 783 enim
2950 727 3240 782 derelictus
3273 735 3354 782 est
3391 741 3491 795 po-

1921 825 2080 895 pulus
2107 823 2366 880 oblivioni
2410 822 2662 887 traditus,
2694 829 2817 876 orta
2841 828 2924 874 est
2961 834 3026 872 ex
3055 816 3300 889 gentibus
3340 816 3493 868 ferti-

1922 917 2046 972 litas
2083 935 2097 971 :
2131 929 2325 986 nempe
2347 929 2468 970 cum
2497 931 2516 965 «
2550 911 2768 967 ﬂumina
2807 931 2828 964 ι
2857 910 3072 979 quidem
3092 949 3108 973 ,
3135 923 3253 978 qua:
3280 917 3405 962 sunt
3439 907 3491 958 in

1922 1006 2138 1070 lsraele,
2198 1023 2218 1057 «
2258 1006 2423 1060 vertit
2459 1024 2479 1057 ι
2533 1003 2676 1058 Deus
2721 1019 2739 1053 «
2771 1001 2823 1055 in
2871 1002 3187 1065 desertum;
3238 1007 3292 1051 et
3330 1010 3492 1051 venas

1923 1114 2189 1169 aquarum
2224 1117 2243 1150 ι
2284 1097 2399 1152 illic
2432 1095 2830 1162 exsistentinm,
2876 1111 2893 1143 «
2923 1092 2974 1146 in
3008 1089 3124 1146 loca
3176 1088 3490 1156 siticulosa;

1923 1197 1975 1245 et
2009 1197 2210 1244 terram
2237 1207 2257 1240 ι
2314 1203 2501 1244 eorum
2543 1186 2885 1256 «frugiferam
2911 1223 2927 1248 ,
2961 1185 3013 1236 in
3060 1181 3245 1238 sterile
3293 1179 3488 1244 solum,

1920 1289 2143 1350 propter
2211 1277 2511 1333 incolarum
2570 1275 2967 1338 vitiositatem;
3006 1290 3024 1323 ι
3062 1271 3306 1342 gentium
3360 1281 3491 1324 vero

1927 1390 1946 1424 «
1974 1374 2245 1426 desertum
2275 1370 2439 1424 vertit
2487 1368 2539 1422 in
2585 1377 2774 1438 stagna
2810 1379 3092 1435 aquarum,
3131 1371 3436 1431 terramque
3465 1377 3486 1411 ι

1921 1478 2108 1519 eorum
2166 1462 2568 1527 «siticulosam,
2617 1461 2669 1515 in
2703 1473 2871 1514 venas
2920 1471 3182 1527 aquarum
3241 1473 3256 1510 :
3311 1453 3492 1528 ibique

1921 1553 2207 1609 collocavit
2235 1552 2540 1617 famelicos,
2591 1561 2646 1606 et
2695 1556 3086 1605 exstruxerunt
3122 1546 3309 1600 urbem
3350 1533 3491 1599 cele-

240 1643 389 1697 κατὰ
418 1645 509 1698 τὸν
534 1644 766 1699 πεσόντα
803 1647 1001 1718 σπόρον
1035 1648 1127 1701 ἐπὶ
1159 1647 1257 1720 τὴν
1284 1649 1453 1722 καλὴν
1480 1652 1573 1705 καὶ
1607 1651 1799 1723 ἀγαθήε

1971 1660 2076 1700 rem
2108 1645 2145 1711 ί,
2183 1665 2202 1698 ι
2233 1661 2426 1716 nempe
2443 1645 2767 1707 Ecclesium,
2805 1643 2892 1697 ubi
2922 1660 2941 1694 «
2967 1639 3482 1705 seminavitagros,»

236 1736 370 1806 γῆν,
397 1737 492 1790 καὶ
520 1735 777 1791 ποιοῦσαν
816 1739 1344 1794 ἑκατονταπλασίονα
1364 1759 1378 1773 ·
1413 1744 1509 1797 καὶ
1539 1761 1558 1793 ι
1587 1742 1799 1812 ἐφύτευ-

1979 1747 2066 1790 xta
2103 1752 2323 1801 semen,
2366 1715 2519 1805 quod
2575 1735 2772 1789 cecidit
2808 1734 2858 1786 in
2899 1743 3098 1786 terram
3150 1730 3487 1800 pratclaram,

239 1843 337 1881 σεν
363 1827 716 1897 ἀμπελῶνας
751 1848 770 1881 ι
805 1829 1055 1902 κλήματα
1075 1831 1184 1904 γάρ
1213 1834 1350 1887 είσιν
1391 1836 1440 1886 οί
1469 1835 1674 1907 Κυρίου
1716 1853 1818 1906 μα-

235 1918 425 1990 θηταὶ,
474 1920 668 1984 οἵτινες
718 1921 813 1974 καὶ¹
861 1941 879 1974 «
919 1923 1184 1994 ἐποίησαν
1217 1925 1424 1996 καρπὸν
1461 1928 1814 1998 γεννήματος,

234 2008 340 2060 καὶ
365 2008 656 2080 εὐλόγησεν
692 2012 910 2077 αὐτοὺς,
946 2014 1040 2067 καὶ
1069 2015 1476 2087 ἐπληθύνθησαν
1515 2017 1738 2088 σφόδρα.
1790 2036 1811 2070 ι

249 2100 393 2153 Ἀλλ’
423 2101 544 2154 οὐδὲ
568 2101 692 2165 τοὺς
713 2103 768 2156 ἐν
795 2102 1002 2168 τούτοις
1024 2104 1380 2178 ἀλογωτέροις
1416 2108 1643 2178 μικροὺς
1675 2102 1815 2162 εἶναι

234 2190 523 2261 ἐλογίσατο
549 2194 648 2248 ὀδὲ
673 2194 804 2266 (66⁴”)
824 2194 1140 2267 ἀνθρώπους
1167 2199 1261 2251 καὶ
1288 2199 1456 2270 κτήνη
1481 2198 1666 2262 σώζων
1700 2199 1814 2253 Κύ-

238 2300 379 2356 ριος
407 2283 710 2356 γέγραπται
744 2288 876 2356 γάρ·
918 2306 936 2339 «
975 2289 1082 2342 Καὶ
1106 2289 1175 2342 τὰ
1203 2290 1374 2361 κτήνη
1400 2289 1576 2344 αὐτῶν
1601 2291 1704 2344 οὑκ
1725 2293 1814 2344 ἐσ-

239 2374 498 2446 μίκρυνε.
544 2395 563 2427 ι
595 2377 706 2430 Καὶ
733 2379 782 2430 οἱ
814 2379 913 2448 μὲν
948 2378 1188 2433 Ἰουδαῖοι
1226 2399 1245 2432 «
1297 2379 1672 2450 ὠλιγώθησαν,
1720 2381 1815 2435 καὶ

233 2462 599 2536 ἐκακώθησαν
639 2465 746 2518 ἀπὸ
802 2465 1033 2536 θλίψεως
1073 2467 1279 2533 κακῶν,
1333 2468 1424 2522 καὶ
1458 2467 1646 2540 ὀδύνης
1671 2487 1684 2500 ·
1719 2469 1814 2524 καὶ

232 2551 472 2623 ἐξεχύθη
523 2551 868 2618 ἐξουδένωσις
905 2556 998 2608 ἐπὶ
1047 2558 1175 2620 τοὺς
1224 2576 1243 2610 ι
1293 2555 1383 2610 διὰ
1431 2557 1524 2611 τὸν
1561 2557 1814 2630 Ἀϐραὰμ

241 2662 265 2696 ¢
299 2645 597 2717 ἄρχοντας’
636 2647 730 2701 καὶ
777 2647 1079 2720 ἐπλάνησεν
1116 2651 1313 2714 αὑτοὺς
1357 2653 1416 2705 ἐν
1467 2650 1672 2722 ἀϐάτῳ,
1718 2653 1813 2706 καὶ

231 2733 364 2803 οὐχὶ
390 2735 448 2786 ἐν
656 2754 675 2786 ι
711 2738 829 2806 μετ’
859 2737 1098 2803 ἐκείνους
1129 2739 1186 2792 δέ
1215 2741 1243 2792 6
1269 2739 1402 2803 Θεὸς
1432 2758 1452 2792 «
1485 2740 1750 2813 ἐϐοήθησε
1787 2761 1806 2794 ι

233 2824 318 2896 τῷ
339 2825 448 2879 ἀπὸ
469 2826 576 2882 τῶν
601 2828 769 2882 ἐθνῶν
795 2847 814 2881 ι
839 2829 1045 2900 ¹πένητι
1093 2849 1112 2883 ι
1147 2830 1259 2902 λαῷ
1290 2835 1354 2886 ἐκ
1383 2836 1677 2906 πτωχείας,
1718 2837 1814 2890 καὶ

236 2918 392 2971 ἔθετο
419 2938 438 2970 «
478 2919 554 2983 ὡς
584 2920 832 2991 πρόϐατα
887 2921 1144 2993 πατριὰν,
1189 2922 1282 2987 οὓς
1318 2923 1539 2995 ὄψονται
1585 2946 1606 2978 ›
1648 2928 1811 2993 εὐθὺς

237 3008 354 3077 (67)
381 3007 622 3078 ἄγγελοι,
657 3027 676 3061 «
712 3011 807 3064 καὶ⁵
846 3011 1326 3082 εὐφρανθήσονται,
1357 3015 1451 3068 καὶ
1495 3019 1643 3071 πᾶσα
1688 3019 1812 3072 ἀνο-

239 3097 341 3167 μία
373 3097 639 3170 ἐμφράξει
665 3099 726 3152 τὸ
766 3099 939 3170 στόμα
985 3099 1180 3170 αὑτῆς.
1218 3120 1237 3153 ι
1275 3101 1497 3168 Τούτοις
1524 3105 1580 3158 δὲ
1617 3125 1809 3176 μυστι-

233 3188 353 3252 κῶς
375 3189 871 3261 προφητεύομένοις
902 3193 959 3244 ἐν
984 3191 1258 3263 ἑκατοστῷ
1283 3193 1425 3265 ’ἐκτῳ
1453 3195 1650 3268 ψαλμῷ
1689 3199 1810 3253 ἐπι-

235 3280 496 3351 φέρεταιο
533 3299 551 3332 ι
589 3282 686 3346 Τίς
715 3282 896 3352 σοφὸς,
928 3284 1021 3336 καὶ
1052 3284 1276 3353 φυλάξει
1319 3285 1514 3352 ταῦτα,
1555 3289 1647 3342 καὶ
1689 3307 1812 3345 συν-

236 3369 432 3436 ήσουσι
451 3371 519 3426 τὰ
540 3373 662 3443 ἐλέη
691 3374 785 3427 τοῦ
815 3374 1050 3446 Κυρίου;
1087 3395 1106 3428 ›
1135 3377 1436 3442 Ἐλεοῢντος
1450 3378 1556 3450 γὰρ
1583 3379 1676 3433 τοῦ
1701 3383 1812 3437 Κυ-

238 3461 357 3534 ρίου
385 3465 510 3529 τοὺς
533 3464 640 3519 ἀπὸ
656 3465 764 3520 τῶν
789 3465 978 3532 ἐθνῶν,
994 3468 1022 3520 ὁ
1045 3468 1206 3536 σοφὸς
1231 3453 1404 3523 ταῧτα
1421 3471 1667 3541 φυλάξει,
1687 3490 1812 3532 συν-

237 3556 342 3620 ιεὶς
381 3556 448 3611 τὰ
477 3557 598 3630 ἐλέη
642 3558 736 3611 τοῦ
773 3560 1000 3632 Κυρίου.
1045 3560 1252 3615 Οὐκοῦν
1289 3582 1308 3615 «
1351 3563 1558 3635 Ἰησοῦς
1590 3566 1689 3620 οὐκ
1733 3567 1808 3621 ἔτι

233 3647 522 3720 παρρησίᾳ
551 3653 842 3722 περιπατεῖ
859 3653 917 3707 ἐν
940 3655 1053 3717 τοῖς
1091 3653 1382 3722 Ἰουδαίοις,
1408 3655 1542 3711 ἀλλὰ
1567 3658 1808 3729 ἀπῆλθεν

232 3740 445 3794 ἐκεῖθεν
478 3743 559 3806 είς
584 3741 681 3814 τήν
708 3741 890 3816 χώραν
925 3761 944 3794 t
981 3743 1076 3798 τοῦ
1121 3745 1241 3798 ὅλου
1289 3747 1513 3818 κόσμου,
1573 3769 1591 3801 «
1641 3751 1808 3820 ἐγγὺς

229 3833 335 3903 τῆς
366 3833 571 3904 ἐρήμου
611 3853 630 3886 ι
670 3835 1019 3908 Ἐκκλησίας,
1055 3857 1074 3888 «
1105 3840 1186 3903 είς
1227 3839 1466 3912 Ἐφραῖμ
1501 3861 1518 3893 ι
1545 3842 1644 3914 τὴν
1669 3861 1806 3916 καρ-

228 3924 579 3996 ποφοροῦσαν
623 3926 922 4000 λεγομένην
965 3930 1139 3994 πόλιν,
1187 3950 1205 3982 «
1249 3933 1412 3986 κάκεῖ
1457 3931 1634 4004 ἔμεινε
1671 3935 1808 4005 μετά

226 4015 343 4068 τῶν
371 4016 652 4088 μαθητῶν·
691 4037 708 4070 ι
743 4021 838 4074 καὶ
866 4020 980 4074 ἐστι
1011 4022 1171 4093 μέχρι
1197 4022 1290 4076 τοῦ
1321 4023 1479 4096 δεῦρο
1521 4026 1658 4096 μετά
1697 4026 1807 4082 τῶν

230 4107 498 4180 μαθητῶν
557 4110 723 4163 αὑτοῦ
775 4111 982 4184 Ἰησοῦς
1038 4115 1204 4183 ἐγγὺς
1271 4117 1370 4187 τῆς
1433 4119 1664 4189 ἐρήμου,
1727 4122 1808 4185 είς

243 4198 486 4271 Ἐφραίμ
510 4199 808 4274 λεγομένην
831 4203 1012 4258 πόλινο
1043 4205 1271 4275 πάρεστι
1309 4205 1415 4277 γὰρ
1441 4209 1506 4278 τῇ
1531 4225 1807 4280 καρποφο-

231 4292 348 4366 ρίᾳ,
393 4293 487 4345 καὶ
518 4293 611 4346 ἐπὶ
632 4296 697 4365 τῇ
723 4295 936 4364 γενέσει
963 4312 1026 4363 γε
1053 4295 1148 4350 τοῦ
1180 4296 1419 4368 Ἐφραῒμ
1449 4299 1638 4353 τούτου
1661 4300 1804 4355 είποι

1918 1841 1971 1886 et
1995 1832 2190 1885 bonam
2219 1871 2236 1898 ,
2271 1838 2326 1884 et
2356 1829 2644 1882 facientem
2684 1828 2916 1880 fructum
2948 1825 3305 1879 centesimum
3341 1821 3395 1887 ’;
3433 1830 3489 1874 et

1922 1942 1940 1974 «
1969 1923 2234 1991 plantavit
2264 1921 2473 1980 vineas.
2511 1939 2528 1972 ›
2575 1919 2729 1988 cujus
2762 1919 3008 1988 palmites
3056 1925 3214 1972 erant
3244 1913 3488 1984 discipuli

1915 2012 2152 2076 Domini,
2179 2012 2269 2080 qui
2305 2011 2467 2066 etiam
2507 2008 2788 2063 «fecerunt
2822 2009 3056 2064 fructum
3104 2009 3402 2076 copiosum,
3433 2016 3488 2060 et

1912 2103 2189 2158 benedixit
2222 2103 2302 2156 eis
2327 2144 2343 2169 ,
2379 2111 2432 2155 et
2455 2100 2798 2170 multiplicati
2831 2111 2958 2154 sunt
3000 2100 3154 2154 valde
3187 2099 3228 2152 ³.
3259 2117 3278 2150 ι
3314 2097 3486 2165 Quin-

1913 2194 2075 2250 etiam
2134 2209 2201 2249 ne
2255 2195 2354 2250 hos
2407 2193 2650 2264 quidem,
2707 2192 2797 2260 qui
2850 2207 2880 2244 a
2938 2191 3146 2245 ratione
3200 2191 3487 2245 alieniores

1912 2295 2088 2351 erant,
2123 2302 2322 2357 parvos
2366 2301 2486 2340 esse
2516 2285 2776 2355 cogitavit
2814 2283 2905 2338 ille
2930 2323 2945 2348 ,
2999 2285 3089 2352 qni
3130 2283 3377 2336 homines
3431 2291 3487 2334 et

1907 2377 2156 2448 jumenta
2183 2388 2362 2432 servat
2391 2381 2412 2408 ⁸
2434 2394 2448 2443 ;
2469 2377 2728 2446 scriptum
2759 2385 2843 2430 est
2868 2375 3012 2429 enim
3042 2374 3100 2428 5:
3129 2374 3224 2426 «Et
3246 2373 3486 2442 iumenta

1913 2484 2096 2523 eorum
2127 2484 2231 2522 non
2271 2468 2488 2524 minuit.
2515 2488 2533 2520 ι
2577 2470 2652 2522 Ac
2681 2464 2852 2521 Judmi
2890 2465 3106 2536 quidem
3162 2483 3179 2515 «
3217 2463 3484 2517 imminuti

1912 2569 2061 2626 sunt,
2101 2569 2156 2615 et
2183 2557 2367 2614 afﬂicti
2417 2560 2567 2615 fuere
2619 2575 2648 2612 a
2698 2557 3045 2612 tribulatione
3077 2556 3378 2618 malorum,
3430 2563 3487 2608 et

1913 2653 2134 2718 dolore;
2177 2638 2474 2724 etfuditqne
2505 2649 2720 2722 (Deus)
2757 2659 3122 2718 contemptum
3179 2649 3229 2700 in
3274 2647 3484 2718 prjnci-

1911 2758 2039 2813 pes»
2071 2755 2296 2814 propter
2319 2744 2616 2805 Abraham;
2652 2750 2735 2794 «et
2761 2741 2947 2795 errare
2971 2739 3101 2792 fecit
3122 2739 3287 2793 eosin
3315 2739 3482 2803 invio,

1910 2845 1964 2892 et
2000 2852 2106 2890 non
2139 2837 2192 2889 in
2221 2838 2332 2888 via.
2369 2853 2389 2886 ι
2433 2834 2574 2888 Deus
2603 2832 2768 2902 igitur
2805 2838 2924 2900 post
2953 2829 3193 2894 .Iudaaos,
3223 2832 3479 2898 populum

1911 2927 2170 2999 gentiletn
2212 2941 2533 2996 «pauperem
2563 2925 2846 2979 exetnitex
2881 2921 3251 2989 mendicitate,
3283 2931 3483 2976 tracta-

1913 3020 2098 3088 vitque
2147 3017 2378 3071 familias
2418 3016 2564 3070 velut
2616 3030 2764 3079 oves,
2817 3029 2955 3084 quos
2999 3013 3255 3067 videbunt
3285 3033 3304 3067 ι
3357 3029 3483 3070 mox

1913 3112 2108 3183 angeli,
2138 3129 2156 3162 «
2179 3119 2232 3166 et
2260 3109 2606 3168 lwtabuntur,
2640 3117 2694 3160 et
2716 3106 2897 3162 omnis
2923 3105 3186 3174 iniquitas
3212 3105 3484 3161 oblurabit

1909 3217 1972 3256 os
2001 3217 2182 3256 suum.
2217 3219 2237 3253 ι
2300 3199 2395 3254 llis
2431 3199 2482 3252 in
2509 3196 2716 3267 psalmo
2743 3206 2899 3252 sexto
2922 3210 3084 3266 supra
3124 3197 3479 3250 centesimum

1913 3293 2145 3365 mystice
2177 3290 2518 3362 prophetatis
2551 3288 2899 3359 subiungitur
2931 3305 2947 3342 :
2983 3288 3144 3354 «Quis
3167 3289 3402 3357 sapiens,
3428 3297 3483 3343 et

1909 3385 2177 3441 custodiet
2214 3385 2348 3448 haec.
2379 3392 2432 3438 et
2464 3382 2729 3452 intelliget
2752 3379 3154 3435 misericordias
3180 3378 3428 3434 Domini?
3454 3397 3475 3430 ο

1909 3476 2151 3532 henelico
2173 3476 2316 3530 enim
2342 3474 2641 3530 exsistente
2668 3473 2892 3528 Domino
2921 3472 2974 3525 in
3001 3471 3249 3539 gentiles,
3268 3472 3483 3536 sapiens

1909 3567 2025 3622 haec
2053 3567 2340 3629 custodiet,
2375 3565 2683 3635 intelligens
2715 3563 2978 3617 beneficia
3018 3561 3252 3616 Domini.
3287 3558 3475 3615 «Iesus

1909 3656 2077 3727 igitur
2125 3670 2229 3709 non
2281 3653 2512 3724 amplius
2551 3655 2604 3707 in
2644 3651 2860 3722 publico
2915 3649 3299 3706 obambulabat
3340 3651 3483 3705 inter

1907 3746 2152 3812 Iudaeos,
2182 3748 2276 3802 sed
2304 3747 2428 3800 inde
2457 3745 2589 3800 abiit
2627 3745 2678 3798 in
2714 3742 2892 3798 locum
2915 3761 2933 3795 ι
2968 3743 3131 3797 totius
3154 3743 3336 3807 orbis,
3379 3741 3483 3796 Ec-

1907 3839 2088 3895 clesiae
2149 3857 2168 3890 «
2209 3839 2427 3892 deserto
2483 3815 2791 3902 vicinum“
2863 3849 3055 3904 nempe
3115 3835 3219 3889 «in
3293 3835 3481 3890 urbem

1907 3931 2188 4001 Ephraim,
2215 3948 2233 3982 ι
2268 3945 2387 4000 qua:
2415 3930 2614 3984 dicitur
2651 3926 2908 4000 frugifera
2946 3927 3172 3995 civitas;
3214 3947 3233 3978 «
3265 3926 3481 3996 illicqne

1905 4024 2226 4078 versabatur
2253 4037 2378 4076 cum
2399 4021 2721 4092 discipulis:
2757 4040 2777 4074 ι
2812 4029 3007 4091 estque
3030 4021 3096 4075 ad
3133 4020 3278 4074 hunc
3311 4033 3483 4089 usque

1906 4113 2048 4169 diem
2094 4111 2252 4168 Jesus
2306 4127 2430 4167 cum
2484 4111 2764 4182 discipulis
2815 4111 2928 4166 suis
2984 4110 3038 4166 in
3097 4110 3266 4176 urbe,
3316 4124 3479 4179 quam

1907 4213 2100 4256 vocant
2169 4201 2476 4271 Ephraim,
2546 4202 2762 4256 deserto
2820 4202 3101 4256 vicinam:
3139 4216 3262 4254 nam
3325 4199 3481 4256 adest

1906 4292 2178 4348 fertilitati
2212 4315 2224 4349 :
2257 4305 2312 4348 et
2365 4295 2421 4348 in
2468 4303 2590 4350 ortu
2645 4309 2778 4350 sane
2832 4292 2992 4362 hujus
3039 4292 3296 4362 Ephraim
3336 4294 3480 4347 dicet

227 4383 299 4438 ἂν
319 4385 348 4436 6
367 4385 631 4456 γεννήσας
646 4385 804 4438 αὑτὸν
824 4386 1146 4458 σιτομέτρης
1167 4387 1320 4458 ήμῶν
1337 4387 1558 4460 Κύριος,
1572 4392 1600 4443 6
1615 4407 1799 4445 ταπει-

1971 4388 2067 4440 lius
2103 4388 2316 4456 genitor
2360 4387 2617 4442 Dominus
2667 4395 2851 4443 noster
2902 4387 3159 4442 frumenti
3203 4399 3476 4456 erogator,

226 4473 409 4539 νώσας
433 4476 642 4544 ἐαυτὸν,
675 4477 769 4535 καὶ
797 4478 1084 4548 γενόμενος
1114 4479 1350 4550 ὑπήκοος
1371 4480 1531 4554 μέχρι
1550 4481 1800 4550 θανάτου,

227 4564 463 4619 θανάτου
494 4565 550 4618 δὲ
608 4565 842 4637 σταυροῦ
861 4583 874 4596 ο
914 4585 932 4618 «
986 4565 1202 4638 Ηὺξησέ
1230 4586 1296 4640 με
1333 4570 1361 4622 ὁ
1389 4569 1520 4636 Θεὸς
1547 4574 1604 4626 ἐν
1630 4575 1697 4644 τῇ
1731 4576 1799 4646 γῇ

225 4656 328 4728 τῆς
355 4655 734 4721 ταπεινώσεως
764 4675 883 4728 μου.
921 4676 940 4711 ι

297 4746 388 4801 20.
430 4767 450 4800 «
474 4743 582 4801 Ἦν
619 4748 675 4808 δέ
702 4750 866 4820 ἐγγὺς
893 4749 954 4803 τὸ
986 4751 1176 4822 Πάσχα
1228 4750 1338 4805 τῶν
1396 4752 1679 4820 Ἰουδαίων,
1708 4756 1803 4810 καὶ

223 4841 502 4912 ἀνέϐησαν
547 4841 732 4894 πολλοὶ
757 4841 864 4896 τῶν
899 4842 1166 4896 Ἰουδαίων
1218 4845 1298 4908 είς
1358 4844 1704 4916 Ἰεροσόλυμα
1737 4849 1801 4901 ἐκ

221 4932 328 5002 τῆς
359 4931 544 5003 χώρας
577 4932 682 5004 πρὸ
717 4932 812 4986 τοῦ
845 4932 1055 5004 Πάσχα,
1108 4934 1196 4988 ἵνα
1229 4935 1522 5003 ἁγνίσωσιν
1551 4938 1798 5002 ἑαυτούς.

235 5025 495 5091 Ἐζήτουν
528 5021 620 5079 οὖν
651 5024 743 5078 τὸν
779 5024 986 5097 Ἰησοῦν
1006 5067 1021 5092 ,
1057 5026 1150 5079 καὶ
1181 5026 1365 5095 ἔλεγον
1401 5029 1518 5098 μετ’
1551 5030 1799 5100 ἀλλήλων

296 5117 314 5147 ¹
369 5115 510 5171 Psal.
547 5132 655 5179 ενι,
689 5117 758 5171 55
801 5133 917 5186 seq.
1007 5119 1028 5148 ¹
1081 5117 1213 5172 Luc.
1249 5134 1365 5183 vm.
1405 5119 1457 5175 8.

224 5193 248 5225 ⁸
275 5186 480 5256 Philip.
505 5203 565 5250 ιι,
602 5187 655 5244 8.
731 5188 751 5218 "
782 5189 916 5242 Gen.
953 5203 1063 5254 xm,
1097 5188 1184 5241 52.

295 5276 410 5348 (64)
473 5278 879 5347 Ἑρμηνεύεται
903 5279 1022 5351 --δὲ
1100 5281 1338 5351 Ἐφραῒμ
1397 5281 1798 5350 Καρποφορία.

223 5347 590 5420 Hieronymus
616 5351 692 5402 De
723 5365 862 5401 nom.
883 5347 1083 5420 _Hebr.,
1115 5368 1136 5401 ι
1162 5347 1452 5418 Εριιίοιιὶιιι,
1481 5347 1512 5402 ⁷ι
1548 5347 1798 5420 frugifer,

223 5419 604 5488 sivecrescens.
626 5420 664 5471 Α
684 5427 802 5488 m5
823 5436 841 5469 ι
876 5418 1108 5472 fructum
1124 5421 1291 5474 dedit.
1314 5440 1332 5472 ι
1352 5418 1796 5488 Genes.ni,52.

295 5487 408 5556 (65)
453 5486 564 5540 Τοῦ
582 5488 700 5541 ἀπὸ
725 5487 915 5555 λήθης
932 5488 1106 5542 λαοῦ.
1133 5490 1375 5544 Manasse
1424 5493 1568 5545 enim
1621 5486 1796 5546 dictus

219 5567 306 5612 est
342 5573 372 5609 a
404 5564 521 5628 nm
563 5558 819 5628 «_oblitus
849 5560 969 5624 fuit,
1009 5577 1028 5610 ι
1063 5558 1258 5614 Cenes.
1305 5576 1416 5628 xu,
1449 5562 1536 5616 5L
1569 5560 1645 5614 Ita
1675 5560 1792 5614 Ma-

221 5642 382 5681 uassc
417 5627 556 5692 regis
583 5626 720 5680 Jnda
753 5643 945 5683 nomen
973 5644 1002 5680 ιι
1036 5629 1126 5682 Dei
1157 5626 1426 5686 oblivione
1447 5633 1650 5686 dictum
1693 5643 1787 5683 vo-

223 5697 343 5751 lunt
394 5695 758 5752 Thalmudici.
822 5697 1180 5770 Hieronymus
1240 5701 1317 5757 De
1382 5718 1521 5756 nom.
1574 5697 1784 5757 Helm:

481 5715 758 5752 υιιιιυιιιρι.
822 5715 1180 5757 ιιιθΐοιιγιιηιε
1240 5715 1317 5757 νε
1382 5718 1521 5756 ηοηι.
1574 5715 1784 5757 ueor.:

1566 5121 1588 5153 ³
1629 5121 1776 5178 Psal.
1837 5137 1944 5188 avt,
1997 5123 2085 5192 37,
2142 5122 2232 5178 '58.

1910 4482 2002 4551 qui
2030 4479 2262 4548 seipsum
2291 4479 2552 4534 humilem
2572 4482 2798 4550 prazbuit
2822 4479 2996 4534 factus
3020 4479 3280 4533 obediens
3310 4494 3480 4549 usque

1909 4572 1976 4625 ad
2009 4583 2258 4636 mortem,
2319 4583 2550 4626 mortem
2601 4580 2777 4625 autem
2823 4569 3005 4624 crucis
3045 4569 3106 4623 ἰ
3140 4568 3346 4622 «Auxit
3395 4585 3480 4623 nte

1907 4664 2049 4718 Deus
2080 4665 2132 4717 in
2162 4673 2308 4719 terra
2340 4661 2643 4719 alllictionis
2675 4678 2807 4718 meae
2835 4663 2878 4717 ".
2905 4672 2931 4713 t‘

1976 4754 2134 4828 401
2174 4755 2264 4810 20.
2322 4772 2341 4806 «
2381 4754 2622 4810 Instabat
2673 4763 2850 4808 autem
2891 4752 3096 4807 Pascha
3146 4749 3482 4817 Judaeorum,

1908 4858 1963 4904 et
1984 4850 2341 4904 ascenderunt
2367 4847 2519 4902 multi
2551 4847 2858 4902 Iudaeorum
2877 4843 3263 4915 Jerosolymam
3290 4859 3356 4898 ex
3392 4861 3476 4898 re-

1904 4941 2063 5011 gione
2092 4951 2217 4995 ante
2265 4939 2496 5004 Pascha,
2544 4949 2604 4992 ut
2637 4938 2983 5009 purificarent
3013 4951 3092 4990 se.
3145 4934 3473 5002 Qnaerebant

1900 5047 2028 5102 ergo
2054 5029 2258 5098 Jesum,
2305 5039 2359 5086 et
2403 5030 2857 5100 'colloquebantnr
2891 5029 3036 5082 inter
3083 5041 3139 5081 se
3185 5027 3236 5080 in
3274 5025 3472 5102 templo

2337 5123 2360 5154 δ
2386 5121 2529 5180 Psal.
2581 5138 2745 5192 xxxv,
2786 5121 2838 5175 7.
2944 5121 2966 5153 ⁸
2995 5117 3251 5182 Psal.cvr,
3276 5116 3468 5171 58-43-

1911 5299 1929 5333 «
1966 5279 2234 5345 Manasse,
2278 5297 2298 5331 ι
2332 5278 2544 5342 oblitus,
2580 5279 2691 5333 sive
2713 5281 3010 5334 necessitas.

1973 5350 2084 5420 (66)
2112 5350 2417 5424 Secundum
2469 5350 2610 5404 istud
2667 5349 2772 5420 γῆν
2820 5351 3034 5406 videtur
3069 5350 3373 5424 παρέλκειν
3412 5363 3472 5409 et

1903 5422 2283 5475 resecandum.

1975 5490 2111 5561 (66‘)
2161 5490 2214 5542 Ὀ
2247 5488 2334 5542 δέ.
2375 5486 2500 5562 Ilaec
2540 5488 2710 5562 verba
2737 5498 2883 5542 stare
2923 5490 3001 5562 sic
3039 5507 3144 5546 non
3187 5505 3411 5562 possunt
3449 5514 3464 5551 :

1897 5559 2182 5626 legendum
2205 5570 2289 5616 est
2314 5559 2398 5613 vel
2425 5560 2541 5627 ὅγε,
2570 5559 2712 5628 quod
2747 5570 2802 5612 et
2851 5561 3060 5626 melius,
3113 5559 3201 5617 vel
3250 5563 3336 5617 ὅδε
3372 5577 3469 5620 aut

1893 5632 1979 5685 ὅδε
2006 5633 2053 5686 6.
2083 5631 2239 5686 Em'r.

1961 5703 2072 5774 (67)
2097 5703 2276 5760 Codex
2299 5699 2645 5768 Bodleianus,
2666 5697 2842 5765 εὐθύς·
2865 5699 3028 5756 editio
3049 5701 3252 5771 lluetii,
3270 5701 3466 5770 εύθιῖς.
