3712 6138
321 272 426 333 T59

1776 264 2096 322 ORIGENIS
3464 268 3550 322 7m

319 406 460 458 cem,
503 402 684 445 rerum
726 385 944 444 ratione
991 387 1292 443 carentium
1341 388 1566 443 dantem
1607 388 1854 442 mandata

2007 389 2135 440 ναῖον
2158 379 2319 448 εἶναι,
2355 383 2450 437 καὶ
2485 382 2587 436 οὐκ
2618 381 2821 453 ἀγαθὸν
2859 381 3140 454 ἀρχιερέα,
3168 383 3353 441 ἄλλων
3399 383 3551 454 λόγων

320 485 518 555 quibus
558 483 836 538 existimat
885 496 944 537 se
988 483 1184 536 docere
1209 481 1420 546 Jesum,
1480 490 1538 535 ut
1569 481 1744 550 ipsum
1777 480 1881 534 sibi

320 577 614 632 indicatum
660 575 1088 644 comprehendat
1142 583 1196 628 et
1234 573 1579 628 contumeliis
1634 571 1884 627 affectum

315 667 554 722 occidat.
606 664 804 720 Verum
852 680 973 720 cum
1023 665 1157 720 satis
1201 663 1569 731 amplitudinis
1615 661 1889 730 acceperit

315 759 608 814 vicesimus
634 768 862 812 octavus
904 766 1084 811 tomus
1131 755 1574 824 explanationnm
1623 753 1675 807 in
1711 752 1886 806 Evan-

316 851 510 921 gelium
532 867 562 905 a
587 849 800 905 Joanne
825 851 1103 914 traditum,
1130 849 1232 902 hoc
1263 848 1316 903 in
1343 846 1464 901 loco
1491 846 1739 900 ﬁniemus
1763 860 1887 900 ora-

318 942 539 1008 tionem,
568 944 619 996 in
649 943 904 998 vicesimo
928 955 1070 997 nono
1089 954 1209 1010 quae
1227 948 1547 1009 sequuntur,
1575 937 1681 992 Deo
1704 938 1883 1002 dante,

316 1035 680 1103 prosecuturi.

1987 475 2197 530 διδόντα
2233 474 2450 538 ἐντολὰς
2483 514 2498 539 ,
2551 469 2633 538 οἷς
2677 475 2848 528 οἴεται
2879 474 3108 538 διδάξειν
3143 477 3311 530 αὑτὸν
3345 477 3416 530 τά
3447 481 3556 548 περὶ

1988 569 2078 620 τὸν
2091 567 2318 637 Ἰησοῦν,
2337 567 2422 621 ἵνα
2437 564 2738 638 μηνυθέντα
2753 565 2914 620 αὐτὸν
2931 565 3078 639 αὐτῷ
3093 567 3286 638 πιάσῃ,
3305 568 3406 620 καὶ
3423 567 3557 638 ὐὸρξ-

1993 673 2092 719 σας
2149 656 2463 728 ἀποκτείνῃ.
2509 656 2668 709 Ἀλλά
2715 657 2823 728 γὰρ
2847 699 2863 722 ,
2913 658 3164 731 αὐτάρκη
3219 661 3556 732 περιγραφὴν

1990 747 2270 819 εἰληφότος
2305 749 2397 802 καὶ
2428 749 2521 802 τοῦ
2562 749 2746 818 ὀγδόου
2787 752 2880 804 καὶ
2914 752 3158 805 εἰκοστοῦ
3202 753 3255 823 (Ἰ
3266 753 3320 823 1)
3358 751 3463 805 τῶν
3492 754 3559 816 εἰς

1992 840 2054 894 τὸ
2091 841 2233 894 κατά
2282 841 2534 911 Ἰωάννην
2579 842 2910 911 Εὐαγγέλιον
2960 844 3304 916 ὲξηγητικῶν
3359 845 3556 915 τόμον,

1993 931 2157 988 αὑτοῦ
2229 934 2668 1005 καταπαύσωμεν
2741 936 2831 991 τὸν
2886 937 3043 1006 λόγον
3070 979 3084 1004 ,
3145 939 3205 993 ἐν
3257 934 3337 1003 τῷ
3371 939 3558 1009 ὲννάτῳ

1991 1027 2085 1079 καὶ
2130 1027 2356 1098 εῒκοστῷ
2409 1027 2542 1098 (72),
2601 1027 2737 1082 Θεοῦ
2803 1029 3028 1095 διδόντος
3048 1071 3064 1098 ,
3107 1021 3412 1104 ἀρχόμενοι
3464 1030 3558 1085 τῶν

1987 1116 2115 1188 ἑξῆς
2145 1117 2281 1188 (75).

619 1240 946 1292 Λείπουσιν-
982 1239 1034 1291 ol
1066 1238 1230 1307 τόμοι
1262 1237 1475 1303 ἔνατος
1503 1235 1602 1290 καὶ
1638 1234 1934 1301 εἰκοστὸς,
1963 1235 2336 1304 τριακοστὸς,
2370 1235 2466 1290 καὶ
2494 1233 2724 1304 πρῶτος
2752 1237 2851 1292 καί
2884 1239 3256 1307 τριακοστός.

1465 1533 2407 1667 ΩΡΙΓΕΝΟΥΣ

907 1770 1044 1824 ΤΩΝ
1077 1769 1201 1822 ΕΙΣ
1243 1771 1326 1822 T0
1362 1769 1551 1822 KATA
1591 1766 1928 1820 ῙΩΑΝΝΗΝ
1968 1766 2447 1819 ΕΥΑΓΓΕΛΙΟΝ
2497 1764 2968 1822 ΕΞΗΙἮΤῙΚΩΝ

1633 1927 2014 2015 ΤΟΜΟΣ
2051 1922 2231 2013 ΛΒ’.

1591 2225 2268 2341 ORIGENIS

742 2447 1514 2515 COMMENTARIOBUM
1558 2445 1640 2508 IN
1682 2446 2208 2510 EVANGELIUM
2251 2447 2673 2511 SECUNDUM
2713 2449 3089 2513 JOANNEM

1022 2628 1273 2722 TOM
1295 2629 1433 2720 US
1469 2630 2042 2721 TRICESIM
2065 2631 2202 2720 US
2239 2631 2880 2723 SECUNDUS.

377 2937 621 3012 4041.
658 2937 770 2992 Deo
797 2936 954 2991 nobis
993 2950 1090 3006 per
1137 2933 1320 2991 Jesnm
1365 2934 1639 2991 Christum
1681 2936 1785 2992 iter
1811 2951 1864 2992 ei

2052 2937 2105 2991 1.
2134 2937 2266 2991 Ἀπὸ
2293 2936 2427 2993 Θεοῦ
2457 2935 2545 2990 διά
2582 2936 2760 3008 Ἰησοῦ
2797 2936 3034 3010 Χριστοῦ
3078 2936 3428 3010 εὐοδούμενοι
3473 2943 3555 3012 ἐρ-

309 3031 476 3085 animi
527 3029 793 3085 sententia
843 3027 1123 3098 largiente,
1151 3027 1430 3098 gradimur
1475 3043 1573 3097 per
1604 3026 1876 3097 Evangelii

307 3120 478 3175 sancti
509 3119 651 3172 viam
675 3132 946 3188 magnam,
971 3131 1199 3186 eamque
1223 3117 1515 3181 viventem,
1533 3127 1592 3170 ut
1613 3117 1680 3170 ad
1705 3118 1878 3188 ipsius

303 3213 468 3266 etiam
499 3211 652 3264 linem
690 3209 1093 3278 perveniamus,
1119 3209 1163 3262 si
1192 3224 1287 3277 per
1321 3223 1441 3262 eam
1465 3224 1495 3261 a
1531 3210 1688 3263 nobis
1719 3211 1880 3280 agni-

307 3311 416 3358 tam
441 3301 914 3356 ambulaverimus.
943 3301 1116 3367 Atque
1150 3300 1357 3353 utinam
1389 3313 1509 3353 cum
1539 3315 1683 3355 nunc
1709 3301 1877 3355 veluti

307 3394 599 3448 secundam
627 3402 682 3446 et
725 3392 1048 3447 tricesimam
1079 3392 1388 3454 stationem,
1427 3392 1478 3445 in
1523 3391 1609 3446 his
1646 3406 1766 3461 qua:
1799 3391 1878 3444 di-

307 3487 476 3540 cenda
510 3492 657 3550 sunt,
690 3483 896 3553 ingredi
936 3497 1216 3544 conemur,
1262 3482 1415 3537 nobis
1445 3481 1587 3536 adsit
1627 3481 1878 3536 columna

307 3582 396 3636 illa
426 3580 616 3635 lucida:
649 3579 806 3633 nubis
825 3577 975 3644 Jesu,
1012 3592 1131 3646 quae
1157 3590 1256 3630 nos
1278 3576 1569 3644 prmeedat,
1595 3591 1718 3631 cum
1743 3592 1878 3646 opus

305 3673 434 3733 erit,
473 3684 764 3738 rursusque
790 3677 896 3723 stet
939 3683 1062 3723 cum
1109 3667 1411 3736 oportebit;
1459 3667 1652 3730 donec,
1683 3682 1717 3721 ο
1748 3666 1878 3721 Arn-

307 3761 454 3816 brosi
495 3762 656 3815 homo
682 3773 858 3824 sacer,
890 3758 1142 3827 idemque
1187 3758 1376 3823 frater,
1437 3765 1609 3812 totum
1643 3757 1877 3827 copiosis

304 3849 858 3907 commentationibus
943 3848 1416 3917 explanaverimus
1488 3847 1873 3916 Evangelium;

305 3960 414 3999 non
463 3943 876 4000 succumbentes
921 3942 991 3996 ob
1038 3940 1426 4010 longitudinem
1474 3940 1576 3993 vite
1627 3939 1872 4010 prolixaa,

307 4051 482 4105 neque
507 4033 783 4105 defatigati
832 4033 902 4087 ob
943 4041 1182 4087 nosuam
1221 4029 1617 4096 inﬁrmitatem,
1659 4031 1752 4085 sed
1785 4045 1876 4086 co-

307 4137 498 4181 nantes
550 4126 806 4181 incedere
858 4139 955 4193 per
1008 4123 1234 4192 vestigia
1289 4122 1550 4178 columna:
1605 4123 1872 4177 veritatis.

306 4218 495 4274 Utrum
522 4229 700 4273 autem
737 4218 867 4272 velit
896 4216 1033 4270 Deus
1073 4224 1306 4268 mentem
1338 4223 1582 4269 nostram
1613 4214 1717 4268 iter
1759 4229 1876 4284 per-

1980 3028 2204 3102 χώμεθα
2234 3030 2344 3102 (74)
2372 3031 2472 3101 τὴν
2503 3029 2743 3101 μεγάλην
2784 3029 2878 3082 τοῦ
2922 3029 3254 3099 Εὐαγγελίου
3285 3031 3438 3094 ὁδὸν,
3469 3029 3554 3082 καὶ

1980 3123 2159 3188 ζῶσαν
2212 3125 2378 3193 ἡμῖν,
2442 3123 2491 3174 εί
2546 3122 2640 3174 καὶ
2696 3121 3001 3192 γνωσθείη,
3045 3121 3139 3175 καὶ
3181 3122 3430 3194 όδευθείη
3470 3123 3550 3192 ὑφ’

1979 3215 2156 3286 ἡμῶν,
2210 3214 2410 3283 φθάσαι
2452 3213 2620 3284 αὐτῆς
2666 3215 2760 3268 καὶ
2808 3214 2901 3266 ἐπὶ
2959 3212 3020 3264 τὸ
3058 3213 3231 3276 τέλος.
3276 3215 3397 3267 Νῦν
3433 3215 3552 3285 μὲν-

1975 3321 2125 3372 τοιγε
2179 3298 2339 3356 οἱονεὶ
2380 3303 2637 3376 δευτέρας
2687 3305 2782 3359 καὶ
2825 3305 3152 3375 τριακοστῆς
3203 3306 3548 3376 παρεμϐολῆς

1979 3401 2036 3452 ὲν
2061 3401 2172 3462 τοῖς
2200 3398 2620 3469 λεχθησομένοις
2652 3399 2907 3470 ἐπιϐῆναι
2942 3397 3258 3468 πειρώμεθα
3284 3417 3296 3429 ·
3327 3399 3424 3453 καὶ
3456 3416 3552 3451 πα-

1981 3489 2099 3559 ρείη
2134 3506 2198 3557 γε
2237 3490 2367 3558 ἡμῖν
2411 3490 2439 3542 ὁ
2473 3488 2663 3552 στῦλος
2715 3489 2814 3557 τῆς
2867 3487 3133 3557 φωτεινῆς
3185 3489 3421 3560 νεφέλης
3458 3488 3549 3559 Ἰη-

1978 3578 2093 3643 σοῦ,
2139 3581 2395 3650 προάγων
2426 3581 2573 3652 ἡμᾶς
2602 3580 2690 3633 ὅτε
2718 3579 2815 3642 δεῖ,
2835 3579 2938 3632 καὶ
2971 3578 3121 3641 ἱστὰς
3158 3578 3244 3631 ὅτε
3297 3579 3425 3649 χρὴ,
3453 3578 3547 3640 ἕως

1977 3671 2117 3736 ὅλον,
2149 3670 2244 3724 καὶ
2291 3672 2356 3742 τῇ
2398 3671 2765 3742 ὑπαγορεύσει
2809 3669 2916 3722 τῶν
2950 3671 3030 3733 είς
3079 3669 3139 3722 τὺ
3171 3669 3501 3738 Εὐαγγέλιον
3529 3707 3544 3732 ,

1977 3762 2089 3833 ἱερὲ
2109 3760 2359 3833 ἄνθρωπε
2380 3762 2475 3814 καὶ
2501 3761 2695 3830 ἀδελφὲ
2729 3759 3036 3831 ’Λμϐρόσιε,
3066 3759 3424 3830 διεξέλθωμεν
3441 3758 3544 3827 (75)

1973 3853 2036 3906 τὸ
2069 3852 2421 3920 Εὑαγγὲλιον,
2453 3851 2527 3922 μὴ
2559 3852 2922 3914 ὲκκακοῦντες
2943 3851 3052 3904 ἀπὸ
3079 3850 3175 3903 τοῦ
3204 3851 3419 3922 μακροῦ
3454 3851 3543 3918 τῆς

1973 3944 2299 4015 ὁδοιπορίας,
2339 3943 2477 4013 μηδὲ
2527 3944 2933 4014 ἀποκάμνοντες
2980 3941 3068 3995 διὰ
3122 3941 3219 4013 τὴν
3274 3940 3542 4012 ἡμετέραν

1973 4034 2274 4100 ἀσθένειαν,
2303 4035 2416 4089 ἀλλ’
2451 4035 2828 4106 ἐκϐιαζόμενοι
2871 4034 2992 4088 κατ’
3027 4033 3147 4105 ίχνη
3208 4032 3414 4103 βαίνειν
3451 4030 3538 4084 τοῦ

1975 4126 2162 4178 στύλου
2188 4127 2286 4198 τῆς
2316 4125 2574 4197 ἀληθείας
2602 4127 2614 4178 !
2649 4126 2882 4198 Πότερον
2913 4125 2970 4178 δὲ
3005 4125 3247 4196 βούλεται
3273 4125 3365 4178 τὸν
3395 4122 3538 4194 ὑμῶν

1973 4215 2037 4288 [ι.
2073 4216 2275 4288 ὴμῶν],
2309 4217 2433 4271 νοῦν
2455 4217 2669 4270 τελέσαι
2703 4216 2789 4269 διά
2831 4215 2939 4270 τῶν
2991 4212 3409 4285 ὑπαγορεύσεων
3445 4211 3536 4282 τὴν

305 4311 465 4365 licere
517 4309 811 4377 Scriptura:
845 4307 1003 4362 totius
1044 4299 1317 4375 Evangelii
1369 4320 1400 4359 a
1447 4303 1657 4361 Joanne
1684 4307 1864 4360 traditi

2007 4307 2275 4380 δοιπορίαν
2312 4310 2410 4381 τῆς
2436 4309 2557 4363 ὅλου
2626 4307 2774 4379 [add.
2814 4305 2933 4378 τοῦ]
2964 4306 3106 4360 κατὰ
3155 4306 3248 4358 τὸν
3289 4306 3533 4375 Ἰωάννην

302 4401 790 4469 explanationibus,
830 4415 899 4453 an
933 4414 1059 4463 non,
1103 4399 1218 4468 ipse
1241 4397 1407 4452 novit.
1464 4395 1693 4450 Tantum
1723 4397 1866 4452 domi

301 4493 623 4547 exsistentes
655 4493 706 4546 in
736 4506 980 4562 corpore,
1014 4500 1070 4546 et
1097 4490 1165 4543 ab
1197 4489 1315 4558 ipso
1348 4487 1779 4558 peregrinantes,
1807 4497 1869 4544 ut

302 4591 595 4651 przesentes
618 4582 859 4636 adsimus
887 4582 1030 4649 apud
1075 4579 1358 4634 Dominum
1389 4578 1455 4643 "’,
1500 4589 1652 4631 extra
1685 4577 1865 4632 Evan-

302 4674 500 4744 gelium
576 4689 680 4727 non
733 4688 941 4737 eamus,
996 4683 1055 4726 ut
1107 4670 1364 4739 operibus
1417 4669 1867 4738 sermonibusque

302 4765 658 4820 licatitudines
695 4764 1014 4832 ferentibus,
1060 4765 1114 4818 in
1142 4761 1395 4830 paradiso
1419 4759 1732 4814 deliciarum
1765 4760 1860 4816 Dei

300 4857 566 4911 fruamur.

291 4944 306 4957 ’
374 4953 418 4986 ³⁷
445 4952 642 5008 ll'Cor.
674 4969 728 5017 v,
758 4952 811 5016 6,
844 4952 901 5006 8.

373 5046 486 5118 (71)
516 5046 694 5101 Codex
731 5043 1408 5118 Βοάιείεηυεπριακοστοῦ
1435 5043 1673 5118 πρώτου.

513 5118 654 5171 idem
688 5119 881 5174 codex
917 5112 1257 5180 Bodleianus,
1315 5116 1372 5168 ἐν
1428 5112 1506 5184 τῷ
1559 5112 1864 5184 τριακοστῷ

375 5205 424 5240 ›τ
458 5205 552 5240 om.

299 5190 552 5242 δευτέρω.

371 5205 846 5326 ἷῆἓςᾞιξρχόμενοι
869 5253 986 5309 τῶν
1013 5254 1176 5323 ἑξῆς.
1207 5251 1864 5326 Tres,deincepsdesitle-

304 5322 492 5382 rantur
516 5322 691 5388 toinif
725 5329 792 5380 de
839 5341 1066 5395 quorum
1111 5322 1295 5391 aliquo
1348 5325 1462 5377 hazc
1518 5322 1863 5390 intelligenda

302 5409 594 5477 §lllll,'t1ll:8
619 5396 779 5477 liabet
799 5395 1059 5477 Origenes
1100 5396 1156 5477 iit
1181 5395 1526 5477 Matt/tatem.
1563 5408 1862 5477 st-num.

305 5469 370 5522 19
401 5487 414 5521 :
450 5462 594 5536 Πλὴν
626 5465 680 5518 ἕν
709 5484 813 5520 τινι
843 5462 950 5536 τῶν
983 5468 1071 5536 εἰς,
1107 5465 1168 5517 τὸ
1193 5463 1336 5536 κατά
1379 5463 1632 5536 Ἰωάννην
1684 5462 1864 5530 Εὐαγ-

300 5538 479 5604 γέλιον
499 5533 591 5617 επὶ
624 5537 784 5617 ποσὸν
809 5535 950 5617 κατά
988 5535 1159 5589 ταῦτα
1182 5533 1676 5617 ὲξητάσαμεν·.ὃτε
1735 5549 1865 5602 προν-

302 5600 860 5678 ξκειτοδιηγήσασθαι
892 5607 952 5659 τό
977 5624 990 5636 ·
1024 5608 1103 5678 Τῇ
1135 5600 1524 5678 ἐπαύριονμρὗν
1554 5602 1707 5678 ὄχλος
1768 5600 1864 5653 πο-

303 5675 398 5737 λὺς
424 5677 453 5725 ὁ
486 5671 756 5750 ὲλθὼνείς
786 5679 883 5750 τὴν
910 5671 1122 5750 ἑορτὴν,
1153 5675 1248 5750 καὶ
1270 5671 1339 5726 τὰ
1572 5671 1592 5723 t
1633 5671 1862 5750 Verum-

317 5753 497 5798 tamen
555 5745 608 5798 in
665 5740 891 5813 quodam
939 5740 1115 5819 super
1157 5740 1509 5814 Evangelium
1568 5740 1861 5797 secundum

1973 4401 2305 4469 Εύαγγελίου
2332 4402 2568 4472 γραφῆς,
2599 4403 2649 4454 εί
2697 4400 2803 4471 μὴ,
2843 4399 3005 4464 αὐτὸς
3036 4399 3103 4452 ἂν
3132 4398 3296 4468 εἰδείη
3331 4399 3360 4450 ό
3391 4397 3531 4458 Θεός.

1971 4492 2149 4546 Μόνον
2175 4492 2269 4546 καὶ
2296 4492 2652 4564 ἐνδημοῦντες
2678 4495 2736 4546 ὲν
2756 4491 2834 4562 τῷ
2868 4489 3100 4560 σώματι,
3123 4490 3215 4542 καὶ
3245 4488 3532 4559 ἐκδημοῦν-

1971 4601 2062 4646 τες
2094 4583 2278 4650 αὑτοῦ,
2323 4586 2414 4638 ἐπὶ
2447 4584 2526 4654 τῷ
2549 4583 2851 4654 ἐνδημῆσαι
2881 4582 3018 4653 πρὸς
3055 4583 3144 4634 τὸν
3179 4581 3406 4651 Κύριον,
3438 4577 3532 4641 ἔξω

1970 4674 2063 4727 τοῦ
2084 4676 2413 4745 Εὑαγγελίου
2447 4677 2521 4748 μὴ
2546 4678 2839 4749 βαίνοιμεν,
2869 4675 2956 4728 ἵνα
2984 4674 3076 4727 καὶ
3095 4673 3201 4725 τῶν
3216 4674 3342 4756 τοὺς
3366 4686 3531 4742 μακα-

1977 4771 2200 4838 ρισμοὺς
2225 4771 2495 4843 φερόντων
2518 4771 2692 4844 ἔργων
2723 4770 2814 4824 καὶ
2840 4769 3011 4837 λόγων
3043 4770 3102 4822 ὲν
3130 4768 3206 4840 τῷ
3232 4767 3529 4838 παραδείσῳ

1979 4858 2076 4928 τῆς
2107 4861 2316 4932 τρυφῆς
2344 4861 2438 4915 τοῦ
2470 4860 2604 4915 Θεοῦ
2641 4859 3052 4931 ἀπολαύσωμεν.

1969 5045 2231 5100 Joannem
2263 5045 2693 5111 Commentario,
2721 5059 2780 5097 ea
2813 5058 3025 5114 quoque
3053 5042 3242 5114 aliqua
3279 5055 3341 5114 ex
3392 5049 3524 5109 parte

1971 5133 1998 5168 a
2029 5118 2182 5171 nobis
2211 5131 2447 5185 expensa
2481 5126 2640 5182 sunt;
2671 5112 2889 5185 quando
2914 5113 3163 5185 videlicet
3191 5112 3319 5165 illud
3369 5124 3522 5178 espo-

1971 5192 2208 5238 nendum
2242 5182 2397 5240 nobis
2427 5182 2760 5255 propositum
2786 5195 2902 5238 erat
2935 5201 2947 5235 :
2985 5182 3064 5255 In
3109 5185 3402 5255 crastinum
3432 5197 3518 5232 au-

1971 5269 2070 5308 tem
2095 5257 2248 5307 turba
2274 5249 2460 5316 multa,
2491 5249 2606 5322 qua:
2631 5265 2833 5310 venerat
2860 5257 2927 5306 ad
2959 5253 3097 5307 diem
3127 5257 3320 5325 festum
3351 5249 3500 5306 (λοσε

1973 5342 2068 5386 xu,
2106 5327 2213 5390 ω).
2245 5337 2298 5379 et
2329 5327 2558 5394 reliqua.
2600 5345 2618 5376 ι

2040 5385 2153 5464 (74)
2179 5385 2361 5449 Codex
2391 5385 2734 5456 Bodleianus,
2763 5392 3079 5463 ἐρχὼμεθα·
3108 5391 3349 5464 Regius,

1971 5456 2158 5588 p.631"
2223 5465 2506 5521 Pet-ionius
2577 5476 2755 5518 autem
2798 5456 3033 5517 'v'id'etur
3108 5456 3303 5530 legisse
3373 5456 3513 5528 εὐχέσ-

1971 5553 2035 5588 με
2075 5554 2128 5588 α.

2011 5553 2128 5589 ευα.
3517 5553 3522 5574 2

1969 5553 2149 5676 μεῖῗέ)
2181 5605 2363 5677 Codex
2394 5605 2612 5677 Regius,
2643 5603 2754 5676 ἱερὲ
2785 5603 2977 5674 ἀδελφὲ
3005 5602 3256 5674 ἄνθρωπε
3298 5592 3512 5671 ’Δμὸρό-

1969 5693 2068 5742 σιε,
2104 5675 2474 5747 διεξέλθωμεν,
