3712 6138
95 291 219 348 741

1080 289 1436 347 COMMENT.
1482 290 1546 345 IN
1595 288 1792 348 JOAN.
1822 281 2064 347 TOMUS
2111 282 2331 340 XXXII.

3287 295 3392 351 742

175 407 249 464 2.
286 426 306 458 ι
344 407 456 461 Καὶ
473 406 692 461 δείπνου
713 405 1007 479 γενομένου
1029 406 1188 480 (75‘),
1212 409 1306 463 τοῦ
1335 409 1581 463 διαϐόλου
1602 409 1683 480 ἧδι

1878 408 1937 464 2.
1978 428 1996 460 ι
2032 407 2097 462 Ει
2135 421 2290 463 coena
2318 404 2482 475 facta,
2527 422 2652 464 cum
2697 407 2946 465 diabolus
2982 409 3095 480 jam
3122 409 3389 468 immisis-

93 497 456 572 βεϐληκότος
511 501 593 564 είς
643 500 742 572 τὴν
799 503 1027 575 καρδίαν
1105 501 1274 556 Ἰούδα
1319 502 1564 574 Σίμωνος
1609 500 1706 553 τοῦ

107 591 485 665 Ἰσκαριώτου
539 595 628 649 ἵνα
685 594 915 667 παραδῷ
966 595 1166 661 αὑτὸν,
1218 595 1413 662 εἰδὼς,
1455 597 1538 650 ὅτι
1593 595 1704 667 (76)

95 686 303 738 πάντα
360 685 616 739 δέδωκεν·
657 686 806 758 αὑτῷ
850 690 878 741 ὀ
933 687 1124 760 Πατὴρ
1176 691 1257 752 είς
1322 689 1422 753 τὰς
1478 691 1705 762 χεῖρας,

94 779 210 832 καὶ
275 779 358 832 ὅτι
419 777 530 832 ἀπὸ
605 778 741 832 Θεοῦ
795 779 984 852 ἐξῆλθε
1010 821 1024 844 ,
1074 781 1169 834 καὶ
1231 781 1368 854 πρὸς
1426 782 1518 836 τὸν
1575 782 1707 836 Θεὸν

97 871 368 940 ὑπάγει,
430 870 705 943 ἐγείρεται
777 874 842 926 ὲκ
895 872 989 926 τοῦ
1037 873 1294 941 δείπνου,
1359 877 1454 931 καὶ
1522 877 1706 949 τίθησι

94 965 176 1017 τὰ
265 964 456 1036 ἱμάτια
485 1004 500 1030 ,
563 965 657 1019 καὶ
729 964 910 1020 λαϐὼν
969 965 1178 1022 λέντιον
1246 968 1502 1034 διέζωσεν
1575 972 1704 1025 ἐαυ-

96 1056 244 1110 τόν·
312 1053 432 1111 εἷτα
490 1057 673 1128 βάλλει
749 1059 896 1133 ὕδωρ
951 1061 1032 1124 είς
1101 1061 1194 1115 τὸν
1264 1062 1547 1136 νιπτῆρα,
1611 1064 1707 1119 καὶ

95 1150 326 1222 ἤρξατο
391 1151 601 1205 νίπτειν
653 1153 782 1217 τοὺς
849 1153 1018 1218 πόδας
1074 1153 1185 1208 τῶν
1239 1155 1499 1226 μαθητῶν
1526 1197 1541 1223 ,
1611 1157 1706 1212 καὶ¹

99 1245 424 1316 ἐκμάσσειν
468 1244 546 1315 τῷ
592 1245 784 1316 λεντίῳ
849 1239 894 1314 ᾧ
955 1242 1024 1317 ἦν
1097 1246 1476 1320 διεζωσμένος.
1526 1269 1544 1301 ι
1619 1251 1705 1305 Ἐν

99 1341 243 1403 ταῖς
317 1339 417 1408 είς,
462 1339 523 1392 τὸ
582 1337 721 1393 κατὰ
795 1338 1010 1392 Λουκᾶν
1077 1339 1316 1410 ὁμιλίαις
1391 1342 1707 1413 συνεκρίνα-

106 1449 221 1503 μεν
271 1432 532 1504 ἀλλήλαις
583 1432 695 1504 (77)
737 1431 837 1495 τὰς
885 1431 1239 1503 παραϐολὰς,
1289 1433 1382 1488 καὶ
1436 1434 1706 1508 ἐζητήσα-

106 1542 246 1595 μεν,
282 1525 334 1578 τί
359 1526 457 1596 μὲν
510 1525 766 1597 σημαίνει
823 1523 884 1578 τὸ
935 1524 1079 1578 κατά
1134 1525 1235 1590 τάς
1283 1527 1434 1592 θείας
1483 1530 1706 1601 Γραφάς

103 1618 381 1689 ἄριστον,
428 1618 481 1672 τί
527 1619 584 1672 δὲ
630 1618 926 1691 παρίστησι
970 1617 1031 1671 τὺ
1075 1622 1199 1674 κατ’
1249 1620 1418 1685 αὑτὰς
1471 1623 1702 1680 δεῖπνον.

103 1712 228 1765 Καὶ
251 1711 348 1766 νῦν
367 1711 546 1764 τοίνυν
571 1711 829 1783 λελέχθω,
859 1713 942 1766 ὅτι
969 1711 1190 1784 ἄριστον
1218 1713 1316 1782 μὲν
1333 1713 1478 1767 ἐστιν
1495 1716 1529 1786 ἡ
1556 1716 1706 1788 πρώ-

100 1822 178 1876 τη
213 1805 316 1858 καὶ
348 1805 455 1878 πρὸ
479 1805 578 1876 τῆς
603 1805 909 1869 συντελείας
938 1805 1040 1876 τῆς
1055 1807 1112 1858 ὲν
1141 1805 1218 1875 τῷ
1249 1805 1348 1876 βίῳ
1372 1807 1545 1878 τούτῳ
1573 1808 1708 1879 ὴμέ-

105 1914 216 1969 ρας
255 1897 632 1967 πνευματικῆς
651 1899 762 1960 τοῖς
781 1898 1152 1969 είσαγομένοις
1178 1898 1490 1968 ἁρμόζουσα
1505 1901 1701 1972 τροφή·

101 1989 330 2044 δεῖπνον
357 1989 432 2056 δὲ,
460 1991 494 2060 ἡ
527 1988 812 2043 τελευταία
843 1991 938 2044 καὶ
967 1991 1080 2053 τοῖς
1105 1990 1206 2061 ἤδη
1247 1989 1358 2060 (78)
1393 1991 1486 2044 ἐπὶ
1523 1991 1706 2047 πλεῖον

104 2081 486 2154 προκεκοφόσι
522 2081 931 2154 παρατιθεμὲνη
974 2081 1114 2136 κατὰ
1163 2082 1339 2151 λόγον.
1382 2084 1492 2136 Καὶ
1529 2083 1706 2148 ἄλλως

101 2173 166 2228 δὲ
189 2176 342 2228 εῐποι
384 2175 448 2230 ἄν
477 2192 579 2238 τις,
604 2173 823 2246 ἄριστον
857 2173 957 2244 μὲν
988 2169 1127 2228 εἶναι
1164 2175 1256 2228 τὸν
1290 2174 1414 2229 νοῦν
1445 2174 1552 2229 τῶν
1599 2192 1705 2230 πα-

102 2267 284 2323 λαιῶν
327 2266 693 2340 Γραμμάτων,
723 2267 937 2322 δεῖπνον
972 2266 1030 2320 δὲ
1069 2266 1138 2322 τά
1174 2268 1702 2340 ὲναποκεκρυμμένα

102 2363 174 2431 τῇ
207 2363 373 2431 καινῇ
400 2361 640 2434 Διαθήκῃ
680 2361 972 2433 μυστήρια.
1010 2358 1196 2415 Ταῦτα
1223 2361 1280 2414 δὲ
1309 2362 1404 2416 καὶ
1424 2363 1482 2414 ὲν
1517 2379 1703 2433 προοι-

109 2450 224 2521 μίῳ
252 2450 502 2505 λέλεκται
525 2451 851 2518 ὲξετάζοντι,
871 2450 989 2515 πῶς
1007 2451 1299 2523 γενομένου
1321 2451 1534 2505 δείπνου
1557 2451 1700 2520 ἐγεί-

108 2559 272 2612 ρεται
301 2544 332 2596 ὁ
381 2542 588 2616 Ἰησοῦς
616 2543 679 2595 ὲκ
706 2539 800 2595 τοῦ
846 2543 1084 2608 δείπνου,
1122 2544 1215 2597 καὶ
1243 2541 1420 2614 βαλὼν
1451 2542 1594 2615 ὕδωρ
1621 2545 1700 2608 είς

103 2635 198 2688 τὸν
234 2635 477 2707 νιπτῆρα
510 2636 736 2707 ἄρχεται
774 2636 905 2699 τοὺς
936 2635 1046 2688 τῶν
1080 2634 1338 2707 μαθητῶν
1363 2635 1571 2688 νίπτειν
1604 2635 1703 2688 πό-

101 2727 224 2791 δας·
261 2722 419 2798 οἶμαι
454 2729 580 2800 γὰρ,
620 2729 700 2782 ὅτι
729 2729 776 2782 oi
812 2727 952 2799 μετὰ
989 2726 1084 2780 τοῦ
1123 2726 1297 2799 Ἰησοῦ
1331 2725 1697 2792 δειπνοῦντες,

108 2818 206 2872 καὶ
245 2821 304 2872 ὲν
335 2821 402 2891 τῇ
422 2820 513 2872 ἐπὶ
542 2819 684 2872 τέλει
708 2818 802 2872 τοῦ
838 2819 954 2890 βίου
982 2817 1172 2871 τούτου
1208 2818 1390 2890 ἡμέρᾳ
1425 2818 1702 2890 μεταλαμ-

107 2910 368 2975 ϐάνοντες
407 2911 503 2964 σὺν
551 2911 698 2982 αὑτῷ
741 2912 968 2983 τροφῆς,
1006 2909 1214 2964 δέονται
1257 2909 1354 2980 μὲν
1399 2908 1699 2981 καθαρσίου

106 3003 275 3069 τινὸς,
313 3005 373 3057 οὐ
428 3004 532 3075 μὴν
582 3004 710 3075 περί
734 3021 786 3056 τι
822 3003 934 3058 τῶν
977 3001 1208 3074 πρώτων
1235 3001 1328 3056 τοῦ
1358 3001 1458 3073 τῆς
1498 3001 1696 3076 ψυχῆς,

1806 513 1892 556 set
1938 502 1990 555 in
2043 516 2142 556 cor
2167 501 2321 556 Judze
2381 500 2623 558 Simonis
2669 503 2968 570 lscariotae,
3021 512 3080 558 ut
3133 505 3392 572 proderet

1806 610 1951 660 eum,
2013 596 2195 650 sciens
2239 593 2398 650 Jesus
2439 597 2622 651 omnia
2670 597 2882 653 dedisse
2912 597 3014 654 sibi
3067 596 3283 653 Patrem
3331 596 3388 651 in

1807 700 2018 753 manus,
2044 701 2212 757 seque
2246 703 2276 742 a
2312 689 2420 743 Deo
2450 688 2647 752 exisse,
2677 698 2732 744 et
2765 690 2830 744 ad
2860 689 3026 744 Deum
3063 691 3236 756 abire,
3268 705 3389 746 sur-

1805 775 1881 844 git
1909 793 1937 830 a
1963 791 2139 842 ctena,
2177 787 2231 833 et
2260 780 2410 848 ponit
2437 779 2795 843 vestimenta;
2825 795 3059 850 cumque
3084 782 3390 849 accepisset

1806 867 2054 931 linteum,
2083 871 2372 940 praecinxit
2419 886 2517 928 se:
2548 872 2743 927 deinde
2772 873 2924 928 misit
2965 889 3160 942 aquam
3197 873 3250 926 in
3281 875 3390 944 pel-

1807 963 1936 1026 vim,
1970 974 2025 1017 et
2053 964 2218 1036 cmpit
2243 969 2432 1022 lavare
2456 966 2624 1036 pedes
2646 966 3062 1035 discipulorum,
3105 978 3160 1022 et
3207 978 3390 1022 exter-

1804 1069 1932 1125 gere
1969 1055 2137 1111 linteo
2184 1071 2290 1126 quo
2330 1058 2652 1126 prmciuctus
2683 1067 2802 1112 erat
2825 1057 2892 1113 ’⁸.
2959 1077 2978 1110 ι
3040 1057 3096 1112 1η
3150 1058 3390 1114 homiliis

1807 1163 1939 1217 quas
1968 1147 2020 1202 in
2053 1147 2254 1203 Lucam
2278 1149 2568 1214 edidimus,
2595 1150 2870 1220 parabolis
2896 1151 3036 1205 inter
3059 1165 3117 1205 se
3151 1151 3386 1214 collatis,

1803 1240 2190 1311 .inquisivimus
2214 1243 2341 1311 quid
2374 1243 2426 1295 in
2473 1244 2674 1299 divinis
2706 1242 3008 1312 Scriptnris
3055 1245 3390 1314 signiﬁcaret

1806 1336 2117 1404 prandium,
2148 1337 2386 1406 quidque
2419 1353 2608 1393 rursus
2633 1339 2683 1391 in
2723 1339 2810 1394 his
2851 1338 3182 1408 signiﬁcaret
3206 1353 3385 1396 ctBna.

1804 1423 1965 1496 M5
2007 1425 2226 1481 Dicatur
2249 1442 2379 1493 ergo
2424 1429 2585 1483 etiam
2617 1443 2760 1482 nunc
2808 1431 2952 1498 quod
2983 1431 3269 1499 prandium
3311 1431 3403 1485 sit.

1809 1516 1895 1572 ille
1924 1518 2131 1588 primus
2177 1521 2330 1575 cibus
2373 1520 2466 1590 qui
2517 1522 2585 1576 iis
2614 1523 2702 1591 qni
2734 1522 3158 1578 introducuntur
3189 1538 3387 1578 conve-

1808 1608 1906 1669 nit,
1938 1619 2100 1678 alque
2127 1613 2291 1666 etiam
2329 1623 2621 1682 antequam
2664 1616 2889 1670 ﬁniatur
2924 1617 3040 1671 dies
3085 1617 3386 1684 spiritualis

1807 1700 1897 1768 qui
1944 1702 2048 1754 hac
2097 1703 2206 1757 vita
2251 1705 2521 1773 obtingit;
2558 1719 2769 1760 cmnam
2813 1723 2942 1761 vero
2974 1724 3095 1764 esse
3136 1709 3385 1764 ultimum

1812 1789 1960 1844 illum
2013 1792 2194 1846 cibum
2243 1795 2335 1864 qui
2392 1797 2792 1852 rationabiliter
2842 1801 3134 1868 apponitur
3169 1801 3254 1855 his
3289 1803 3384 1869 qui

1809 1880 1929 1950 plus
1983 1881 2354 1951 profecerunt.
2407 1886 2520 1940 Nisi
2574 1889 2718 1942 dicat
2763 1890 2928 1943 etiam
2989 1891 3186 1962 aliquis
3217 1907 3384 1962 pran-

1807 1971 1947 2024 dium
1965 1986 2085 2027 esse
2104 1973 2512 2043 intelligentiam
2534 1987 2774 2031 veterum
2804 1977 3231 2047 Scripturarum,
3265 1993 3384 2035 etn-

1807 2078 1933 2116 nam
1982 2078 2110 2118 vero
2147 2065 2404 2134 mysteria
2437 2081 2556 2135 quae
2585 2067 2638 2120 in
2676 2066 2825 2122 Novo
2854 2067 3204 2124 Testamento
3256 2080 3385 2124 sunt

1807 2154 2108 2209 recondita.
2136 2155 2262 2210 Hzec
2287 2165 2472 2210 autem
2501 2157 2553 2210 in
2584 2157 2854 2227 prowmio
2881 2159 3026 2213 dicta
3063 2161 3196 2215 mihi
3229 2159 3386 2216 fuere

1804 2244 2113 2312 exquirenti
2163 2247 2438 2315 quomodo
2491 2245 2636 2302 facta
2682 2263 2836 2303 coena
2885 2251 3058 2319 surgit
3100 2248 3279 2315 Jesus,
3331 2261 3386 2305 et

1805 2335 1972 2389 missa
2004 2349 2146 2406 aqua
2189 2337 2241 2392 in
2289 2338 2485 2407 pelvim
2533 2338 2700 2409 etrapit
2731 2338 2916 2394 lavare
2946 2341 3111 2409 pedes
3139 2340 3385 2410 discipu-

1804 2429 2006 2484 lorum.
2062 2431 2320 2487 Arbitror
2368 2432 2515 2488 enim
2567 2447 2670 2502 ego
2705 2447 2800 2488 eos
2831 2433 2924 2502 qui
2960 2448 3082 2488 cum
3114 2432 3242 2490 Jesu
3271 2449 3385 2490 cat-

1804 2533 1958 2590 nant,
1989 2525 2170 2580 cibum
2199 2541 2324 2579 cum
2365 2526 2482 2595 ipso
2527 2528 2890 2596 percipientes
2929 2527 2980 2581 in
3013 2527 3204 2583 ultimo
3228 2529 3385 2597 hujus

1801 2617 1928 2673 vita;
1963 2619 2050 2672 die
2076 2659 2092 2686 ,
2133 2617 2513 2688 puriﬁcatione
2544 2620 2764 2690 quidem
2803 2620 2984 2691 aliqua
3029 2635 3165 2691 opus
3215 2622 3386 2678 habe-

1803 2724 1900 2776 re;
1937 2724 2061 2769 cum
2093 2722 2270 2764 tamen
2309 2727 2415 2765 non
2448 2727 2584 2782 opus
2629 2712 2866 2767 habeant
2928 2723 2987 2768 ut
3023 2717 3210 2785 primae
3253 2731 3383 2784 par-

1806 2809 1888 2855 tes
1922 2802 2167 2871 corporis
2215 2804 2431 2868 animae,
2483 2812 2542 2858 ut
2571 2805 2646 2858 ita
2697 2805 2910 2874 loquar,
2947 2805 3159 2862 illorum
3191 2807 3382 2863 laven-

1805 2901 1935 2958 tur;
1980 2893 2096 2958 sed,
2145 2901 2204 2948 ut
2259 2894 2458 2963 aliquis
2483 2895 2710 2964 diceret,
2764 2897 2853 2951 illa
2886 2897 2992 2952 illis
3028 2907 3238 2952 tantum
3300 2898 3382 2953 la-

1805 2985 1982 3038 vanda
2009 2984 2123 3040 sint
2162 3001 2284 3056 quae
2315 2996 2440 3041 sunt
2471 2986 2658 3041 ultima
2691 2995 2744 3042 et
2772 3001 3042 3054 extrema,
3076 2998 3131 3043 et
3166 3004 3286 3058 qua:
3324 2989 3382 3045 in

108 3096 174 3150 ἵν’
201 3095 378 3160 οὕτως
410 3095 679 3166 ὀνομάσω,
712 3094 981 3166 σώματος,
1018 3093 1154 3157 ἀλλ’,
1196 3092 1272 3156 ὡς
1305 3092 1370 3146 ἂν
1403 3094 1546 3147 εἴποι
1591 3111 1683 3158 τις

1865 3090 1950 3128 rra
1980 3077 2292 3148 necessario
2311 3086 2635 3144 versantur;
2669 3077 2914 3148 hancque
2943 3081 3378 3149 puriﬁcationem

107 3188 406 3261 χρῄζουσιν
429 3186 843 3242 ἀποπλύνασθαι
862 3186 930 3239 τὰ
951 3185 1258 3249 τελευταῖα,
1283 3185 1376 3238 καὶ
1387 3183 1455 3239 τὰ
1472 3184 1695 3256 ἔσχατα,

63 3341 73 3347 ,
107 3284 202 3336 καὶ
224 3285 296 3354 τῇ
325 3284 396 3353 γῇ
422 3281 734 3351 ἀναγκαίως
759 3280 1067 3351 ὁμιλοῦντα·
1096 3279 1193 3334 καὶ
1218 3278 1377 3333 τοῦτο
1402 3279 1464 3332 τὸ
1495 3279 1700 3352 καθάρ-

111 3392 223 3428 σιον
249 3374 469 3446 πρῶτον
493 3375 589 3445 μὲν
618 3374 710 3426 ὑπ’
733 3372 945 3436 οὐδενὸς
969 3371 1002 3443 ἢ
1031 3372 1125 3424 τοῦ
1157 3369 1330 3442 Ἰησοῦ
1360 3371 1520 3442 μόνου
1547 3370 1700 3439 γενέ-

110 3467 233 3522 σθαι
255 3466 503 3529 δύναται,
521 3464 772 3538 δεύτερον
801 3465 857 3518 δὲ
872 3464 965 3518 καὶ
981 3463 1042 3516 τὸ
1056 3463 1190 3534 (78⁴)
1207 3464 1311 3517 ὑπὸ
1321 3463 1428 3517 τῶν
1442 3462 1697 3535 μαθητῶν

109 3557 300 3622 αὑτοῦ,
326 3558 462 3630 πρὸς
485 3556 580 3621 οὒς
603 3554 744 3610 εἶπε·
781 3575 798 3607 ι
828 3556 939 3609 Καὶ
973 3556 1132 3627 ὑμεῖς
1170 3555 1414 3626 ὀφείλετε
1443 3557 1570 3619 τοὺς
1602 3555 1700 3609 πό-

108 3645 202 3709 δας
218 3645 468 3717 ἀλλήλων
485 3645 711 3698 νίπτειν·
743 3643 1046 3714 ὑπόδειγμα
1070 3643 1179 3714 γὰρ
1197 3643 1375 3696 ἔδωκα
1401 3644 1551 3714 ὑμῖν,
1586 3644 1694 3710 ἴνα,

108 3735 294 3801 καθὼς
314 3736 429 3806 ἐγὼ
464 3736 695 3806 ἐποίησα
723 3737 871 3806 ὑμῖν,
907 3735 1002 3788 καὶ
1043 3735 1200 3807 ὑμεῖς
1238 3735 1449 3806 ποιῆτε.
1481 3755 1500 3788 ι
1544 3736 1697 3790 Καὶό

109 3822 516 3895 Εὑαγγελιστής
529 3841 593 3893 γε
611 3826 669 3877 ὲν
693 3823 904 3886 τούτοις
933 3841 1021 3894 μοι
1043 3823 1208 3889 δοκεῖ,
1238 3825 1523 3898 διεγείρων
1539 3825 1696 3896 ἡμῶν

107 3915 197 3968 τὸν
218 3915 348 3971 νοῦν
370 3917 462 3969 ἐπὶ
475 3916 537 3970 τὺ
564 3916 753 3986 νοητὸν
775 3916 887 3988 (79)
907 3916 1016 3970 τῶν
1032 3917 1174 3970 κατὰ
1197 3916 1287 3970 τὸν
1307 3917 1493 3980 τόπον,
1518 3916 1592 3989 μὴ
1609 3935 1696 3971 τε-

108 4011 405 4083 τηρηκέναι
429 4011 528 4083 μὲν
553 4011 871 4083 σωματικὴν
903 4011 1030 4084 περὶ
1051 4010 1146 4065 τοῦ
1166 4010 1423 4082 νίψασθαι
1446 4011 1544 4083 τὴν
1568 4013 1696 4066 ἀκο-

111 4101 348 4169 λουθίαν,
381 4104 470 4157 ὅτε
498 4103 608 4176 (80)
639 4104 746 4176 πρὸ
762 4103 857 4157 τοῦ
880 4104 1096 4157 δείπνου
1121 4103 1216 4156 καὶ
1247 4102 1348 4174 τῆς
1373 4104 1464 4156 ἐπὶ
1495 4104 1558 4156 τὸ
1587 4104 1697 4158 δει-

111 4199 260 4250 πνεῖν
285 4196 619 4261 ἀνακλίσεως
644 4198 692 4249 οἱ
720 4197 963 4268 δεόμενοι
983 4195 1077 4250 τοῦ
1095 4196 1350 4267 νίψασθαι
1375 4196 1501 4259 τοὺς
1528 4195 1694 4260 πόδας

113 4289 406 4344 νίπτονται·
456 4289 702 4362 ὑπερϐὰς
739 4290 796 4343 δὲ
833 4290 923 4343 τὸν
956 4290 1147 4363 καιρὸν
1180 4293 1383 4345 ἐκεῖνον
1425 4289 1502 4362 τῷ
1525 4291 1690 4362 λόγῳ,

114 4382 208 4453 ἤδη
233 4383 592 4437 ἀνακλιθέντα
622 4385 714 4439 τὸν
756 4385 962 4457 Ἰησοῦν
985 4386 1076 4438 ἐπὶ
1101 4385 1163 4438 τὸ
1192 4385 1428 4439 δειπνεῖν
1456 4386 1691 4457 ἐγηγερ-

115 4473 259 4528 κέναι
304 4477 372 4528 ἐκ
417 4475 512 4529 τοῦ
540 4477 779 4540 δείπνου,
806 4477 892 4531 ἵνα
925 4477 1329 4548 δειπνησάντων
1365 4476 1596 4549 ἄρξηται
1617 4477 1696 4530 νί-

1805 3167 2040 3236 primum
2076 3168 2296 3236 quidem
2333 3184 2363 3223 a
2409 3168 2559 3224 nullo
2607 3181 2973 3242 przeterquam
3026 3189 3056 3227 a
3088 3174 3204 3229 solo
3245 3173 3379 3231 Jesu

1805 3259 1920 3313 ﬁeri
1970 3274 2172 3330 posse;
2231 3261 2427 3315 deinde
2477 3277 2609 3318 vero
2640 3263 2808 3318 etiam
2849 3280 2877 3317 a
2926 3264 3210 3334 discipulis
3239 3267 3375 3334 suis,

1802 3349 1998 3420 quibus
2027 3351 2164 3405 dixit
2196 3368 2210 3405 :
2252 3369 2272 3403 ι
2307 3351 2526 3408 Debetis
2550 3366 2601 3408 et
2636 3368 2733 3408 vos
2767 3365 2951 3407 mutuo
2975 3355 3158 3409 lavare
3176 3358 3374 3425 pedes:

1799 3442 2108 3512 exemplum
2144 3444 2289 3499 enim
2328 3445 2451 3499 dedi
2480 3446 2657 3511 vobis,
2700 3455 2760 3499 ut
2789 3447 3251 3516 quemadmodum
3275 3464 3378 3520 ego

1799 3533 1903 3589 feci
1930 3534 2104 3601 vobis,
2134 3537 2210 3591 sic
2235 3547 2292 3590 et
2323 3550 2420 3590 vos
2449 3535 2665 3592 faciatis
2693 3537 2761 3590 ²⁹.
2818 3555 2837 3588 ι
2872 3537 3012 3604 Quin
3041 3539 3377 3610 evangelista

1798 3628 1961 3683 etiam
2015 3629 2233 3683 videtur
2269 3629 2428 3697 mihi,
2476 3629 2723 3684 excitans
2751 3641 2984 3685 mentem
3013 3640 3255 3685 nostram
3308 3632 3376 3686 ad

1800 3718 2217 3791 intelligentiam
2259 3721 2592 3791 spiritualem
2629 3723 2916 3792 praesentis
2933 3723 3036 3778 loci
3053 3740 3160 3778 non
3186 3725 3378 3779 obser—

1799 3826 1957 3867 vasse
2007 3812 2196 3866 hocin
2231 3812 2350 3869 loco
2396 3815 2742 3883 corporalem
2781 3817 2994 3870 lavandi
3033 3831 3375 3886 consequen-

1799 3901 1931 3956 tiam
1961 3911 2018 3958 et
2046 3902 2293 3957 ordinem
2323 3919 2338 3966 ;
2391 3904 2830 3974 quandoquidem
2859 3905 2950 3975 qui
2999 3920 3136 3975 opus
3168 3907 3374 3962 habent

1797 3992 1999 4061 lavari,
2053 4005 2180 4049 ante
2210 4009 2444 4060 ctenam,
2476 4004 2710 4065 anteque
2737 4010 2907 4052 ccente
2937 3999 3240 4053 accubitum
3275 4013 3374 4070 pe-

1797 4086 1894 4141 des
1923 4086 2146 4153 lavent;
2175 4087 2268 4142 sed
2299 4087 2350 4140 id
2395 4088 2655 4156 temporis
2679 4105 2800 4144 cum
2837 4104 3091 4146 sermone
3119 4106 3376 4146 consum-

1794 4181 2018 4252 psisset,
2057 4180 2346 4250 scripsisse
2374 4178 2581 4245 Jesnm,
2617 4183 2708 4250 qui
2755 4182 2866 4254 jam
2898 4186 3228 4240 accubuerat
3258 4199 3374 4242 cae-

1797 4272 1964 4328 nandi
1993 4287 2183 4336 causa,
2212 4287 2242 4326 a
2274 4287 2432 4328 caena
2474 4276 2804 4342 surrexisse,
2852 4285 2910 4330 ut
2958 4278 3370 4348 discipulorum,

1795 4367 1887 4436 qui
1918 4363 2032 4432 jam
2064 4373 2373 4430 cmnarant,
2417 4364 2675 4437 Magister
2730 4375 2784 4421 et
2818 4367 3078 4423 Dominus
3105 4369 3374 4439 inciperet

1803 4460 1967 4530 pedes
1994 4459 2217 4524 lavare;
2273 4475 2510 4530 namque
2557 4471 2683 4516 ante
2725 4476 2938 4517 coenam
2975 4461 3070 4516 loti
3101 4472 3279 4528 erant,
3317 4473 3373 4518 et

116 4579 262 4619 πτειν
293 4566 422 4629 τοὺς
464 4564 630 4630 πόδας
661 4565 770 4618 τῶν
819 4564 1075 4636 μαθητῶν
1108 4547 1139 4617 ῦὸ
1165 4547 1500 4627 Διδάσκαλος
1523 4564 1617 4618 καὶ
1661 4565 1683 4617 ό

1860 4555 1924 4611 cti
1971 4556 2156 4612 mundi
2185 4555 2305 4620 toti,
2336 4563 2557 4624 propter
2585 4553 2710 4608 illud
2743 4571 2758 4608 :
2801 4572 2819 4605 ι
2850 4553 3154 4619 Lavamini,
3181 4557 3370 4611 mundi

119 4655 312 4728 Κύριος
337 4658 468 4728 (81)·
509 4659 615 4730 πρὸ
646 4659 743 4728 μὲν
761 4657 870 4730 γὰρ
897 4656 988 4710 τοῦ
1018 4657 1232 4710 δείπνου
1259 4652 1400 4728 ἦσαν
1432 4655 1688 4726 λελουμέ-

119 4763 213 4811 νοι,
235 4751 328 4803 καὶ
348 4750 627 4822 γενόμενοι
647 4750 758 4802 ὅλοι
791 4749 1040 4822 καθαροὶ,
1070 4749 1211 4804 κατά
1232 4749 1312 4801 τό·
1349 4767 1368 4800 t
1387 4748 1690 4815 Λούσασθε,

121 4841 340 4912 καθαροὶ
375 4841 615 4909 γένεσθε,
642 4842 870 4910 ἀφέλετε
903 4842 1002 4905 τὰς
1035 4840 1296 4912 πονηρίας
1328 4841 1436 4894 ἀπὸ
1461 4841 1571 4893 τῶν
1593 4841 1694 4911 ψυ-

123 4930 222 4998 χῶν
252 4930 405 5003 ὑμῶν
439 4931 726 4984 κατέναντι
762 4931 871 4984 τῶν
900 4930 1195 5002 ὀφθαλμῶν
1220 4929 1395 5001 ὑμῶν,
1435 4948 1452 4981 ι
1488 4929 1584 4983 καὶ
1624 4927 1694 4981 τὰ

124 5025 259 5095 ἑξῆς·
307 5026 446 5098 μετά
487 5027 542 5082 δὲ
564 5027 626 5082 τὸ
649 5027 870 5098 λουτρὸν
895 5025 1071 5078 ἐκεῖνο
1118 5022 1415 5090 ἐδεήθησαν
1439 5022 1692 5092 δευτέρου

955 5183 999 5214 ³³
1033 5180 1188 5236 Joan.
1224 5195 1344 5245 xm,
1376 5180 1467 5244 14,
1496 5179 1584 5235 15.

191 5299 320 5368 (75‘)
379 5300 740 5371 Γενομένου.
793 5300 872 5354 lta
917 5299 1256 5371 correximus
1295 5298 1385 5352 hic
1435 5307 1490 5352 et
1538 5296 1682 5352 infra

131 5370 557 5443 quodlegebatnr
587 5371 893 5443 γινομένου.
923 5370 1083 5443 Eutr.

195 5440 296 5513 (76)
319 5438 496 5498 Codex
524 5438 745 5511 Regius,
785 5445 864 5504 είς
895 5441 992 5510 τὴν
1033 5440 1408 5513 καρδίαννίζνα
1445 5438 1684 5513 παραδῷ

225 5184 268 5214 ³⁸
293 5183 450 5240 Joan.
481 5198 602 5249 xm,
637 5183 672 5238 2
697 5199 814 5254 seq.

1795 4658 1992 4714 estote,
2032 4647 2245 4702 auferte
2289 4646 2420 4700 vitia
2477 4643 2546 4698 ab
2577 4643 2866 4697 animabus
2914 4644 3132 4708 vestris,
3177 4659 3367 4699 coram

1790 4742 1964 4797 oculis
2009 4740 2210 4796 vestris
2240 4738 2310 4803 ³⁸,
2349 4757 2368 4792 ι
2397 4745 2454 4792 et
2495 4752 2614 4807 qua:
2649 4744 2990 4805 sequuntur;
3042 4747 3164 4806 post
3222 4739 3367 4806 quod

1791 4831 2066 4889 lavacrum
2103 4833 2336 4888 secunda
2353 4831 2516 4885 etiam
2555 4843 2694 4898 aqua
2738 4829 2973 4897 egebant
3004 4828 3070 4882 ad
3101 4829 3242 4884 solos
3273 4845 3371 4899 pe-

1797 4928 1916 4991 des,
1942 4927 2046 4982 boc
2081 4935 2167 4981 est
2212 4923 2279 4978 ad
2303 4939 2395 4980 eas
2425 4922 2572 4978 solas
2604 4921 2848 4990 corporis
2884 4933 3066 4990 partes
3098 4937 3218 4992 qua:
3242 4923 3364 4975 inﬁ-

1793 5036 1894 5074 ma:
1929 5030 2075 5076 sunt.
2109 5019 2244 5074 Nam
2294 5018 2410 5073 ﬁeri
2440 5031 2544 5070 non
2600 5028 2760 5085 posse
2795 5015 3052 5076 arbitror,
3095 5024 3156 5069 ut
3185 5015 3364 5069 anima

1690 5183 1735 5215 ³⁸
1759 5182 1862 5239 Isa.
1899 5194 1942 5244 ι,
1981 5177 2067 5232 l6.

1860 5297 1996 5367 (78‘)
2033 5296 2197 5349 Forte
2215 5293 2514 5367 legendum
2546 5291 2618 5346 sit
2643 5291 2763 5367 sine
2790 5287 3169 5367 hocarticulo.
3202 5287 3357 5343 Eon.

1858 5360 2178 5440 (79)Codex
2195 5360 2554 5440 _Regius,_rbv
2578 5362 2786 5440 νοητόν,
2816 5360 2974 5440 male.

1860 5435 1971 5508 (80)
2011 5440 2158 5508 Ὅτε.
2190 5436 2547 5508 scribendum
2577 5435 2917 5508 νωοιιιιχότι.

131 5500 291 5584 ab?!
313 5513 514 5576 Ἰούδας
548 5500 789 5584 Σίμωνος
819 5500 1204 5584 ξ’Ῑσκᾶριώτης,
1239 5500 1412 5584 είδῲς,
1438 5500 1553 5576 ὅτι,
1574 5500 1680 5566 ειέ.

1860 5500 1964 5580 (81)
2006 5507 2216 5584 C_odex_
2246 5505 2462 5572 Regius,
2505 5504 2666 5584 male,
2719 5501 2812 5555 xui.
2854 5501 2913 5584 δν
2950 5500 3176 5582 Κόριος.
3214 5500 3362 5568 (llaec

321 5584 464 5658 idem
490 5573 660 5658 codex
687 5573 925 5658 lie-gius,
953 5573 1208 5658 ὀίλλῇλοίς,
1238 5573 1407 5658 male}:
1474 5653 1487 5658 _
1515 5573 1537 5658 ς
1781 5573 1918 5658 Reg.
1946 5573 2069 5634 cod.
2114 5577 2382 5658 scriptura
2429 5583 2622 5658 potest.
2662 5588 2808 5658 esse,
2863 5573 3130 5658 levissima
3178 5587 3363 5658 corrc-

334 5654 392 5707 Ἡ
424 5654 738 5708 τελευταία
769 5643 863 5706 ἰαί
894 5651 1018 5718 τοῖς
1050 5643 1202 5722 ἤδη,
1223 5663 1326 5708 etc.
1355 5653 1444 5707 Sic
1474 5652 1680 5724 hiatum

1860 5643 1964 5704 one
1994 5665 2058 5703 ae
2092 5643 2417 5724 mutatione,
2445 5661 2564 5714 pro,
2601 5645 2629 5695 ὁ
2660 5643 2980 5724 διδάσκαλος
2996 5643 3087 5724 ιῶν
3126 5645 3221 5696 καὶ
3251 5644 3364 5696 Κύ-

131 5712 214 5798 qui
250 5712 299 5774 iu
334 5727 522 5781 codice
554 5725 722 5795 llegio
747 5712 1027 5792 comparet
1074 5712 1250 5795 replet
1303 5727 1472 5780 codex
1536 5723 1676 5778 Bod-
1782 5739 1917 5794 ριος,
1951 5731 2004 5777 ct
2031 5720 2152 5777 ideo
2181 5718 2358 5774 minus
2387 5712 2804 5772 contemnenda.
2829 5712 3013 5782 150.1.)

132 5794 342 5850 teianus.
