3712 6138
422 285 527 342 ιιι

1892 283 2215 342 ORICENIS

3545 289 3612 345 nt

423 397 733 459 declaratur
780 415 847 457 ex
877 400 964 458 his
1010 417 1131 474 quae
1172 416 1302 459 mox
1357 402 1485 459 huic
1531 403 1698 472 dicto,
1751 421 1770 456 ι
1809 404 1903 459 Sic
1954 403 1963 456 i

2113 402 2393 472 συγχεῖται
2438 400 2473 473 ή
2500 398 2815 470 δικαιοσύνη
2848 396 2943 452 τοῦ
2971 395 3128 463 Θεοῦ,
3157 397 3252 452 καὶ
3281 398 3340 452 rb
3372 401 3477 454 κατ’
3508 402 3613 469 ἀξίαν

421 494 643 552 Christo
691 508 887 549 omnes
948 494 1419 562 vivificabuntur,
1483 516 1503 550 ι
1558 494 1999 567 subjunguntur,

423 599 640 655 nempe,
691 602 713 636 ι
767 584 1159 656 Unusquisque
1195 595 1372 642 autem
1403 586 1456 642 in
1507 602 1606 643 suo
1636 588 1828 642 ordine
1854 586 1921 639 ‘7.
1977 605 1997 639 ι

422 673 745 747 Rursusque
777 678 928 733 varie
959 678 1104 749 ipsos
1138 679 1514 735 considerabis
1557 680 1780 738 ordines
1808 698 2001 739 eorum

420 770 514 841 qui
566 769 618 824 in
672 768 891 826 Christo
920 781 1049 826 sunt
1098 770 1428 837 viviﬁcandi,
1479 773 1699 843 quando
1745 774 2003 844 impletur

422 860 578 928 illud,
649 880 668 914 ι
710 861 903 918 Omnia
937 863 1084 918 dedit
1138 864 1188 919 ei
1214 861 1380 919 Pater
1406 864 1459 919 in
1495 881 1688 922 manus
1711 865 1780 934 ⁸⁸,
1816 886 1835 920 ι
1870 867 2002 924 illud

422 961 664 1009 notans:
704 973 724 1008 ι
765 954 1054 1025 Primitiae}
1080 953 1333 1011 Christus
1364 972 1381 1014 :
1413 956 1606 1012 deinde
1647 959 1700 1013 hi
1728 959 1819 1028 qui
1873 968 2000 1015 sunt

421 1043 650 1111 Christi,
697 1045 749 1099 in
774 1046 1009 1101 adventu
1038 1045 1158 1117 ejus
1201 1065 1217 1116 ;
1267 1042 1461 1101 deinde
1508 1041 1634 1101 linis
1691 1067 1706 1117 ;
1756 1070 1775 1103 ι
1814 1052 1906 1122 qui
1938 1051 2000 1105 ﬁ-

420 1136 510 1192 nis
542 1152 663 1192 cum
710 1136 930 1193 Christo
982 1139 1034 1193 in
1075 1138 1311 1195 adventu
1367 1139 1488 1209 ejus
1524 1141 1766 1209 instabit,
1800 1163 1820 1196 ι
1875 1159 1997 1199 cum

423 1229 710 1285 tradiderit
756 1244 980 1299 regnum
1015 1228 1126 1286 Deo
1158 1242 1213 1286 et
1244 1231 1389 1287 Patri
1418 1250 1432 1299 ;
1479 1234 1629 1303 prius
1672 1236 1817 1290 omni
1847 1236 1998 1306 prin-

422 1321 606 1391 cipatu
636 1361 652 1386 ,
687 1329 742 1377 et
770 1321 917 1376 omni
971 1331 1265 1392 potestate,
1317 1340 1382 1380 ac
1426 1322 1931 1381 virtuteabolilis".
1972 1347 1990 1380 ι

424 1411 565 1488 [(87)
601 1412 727 1469 llaec
756 1422 935 1468 autem
966 1423 1115 1481 sunt,
1144 1422 1203 1469 ut
1235 1414 1493 1482 arbitror,
1529 1432 1652 1472 eum
1682 1417 1878 1488 quibus
1908 1418 1994 1474 lu-

421 1517 514 1560 cta
551 1513 658 1568 est,
693 1515 752 1559 ut
779 1505 891 1572 jam
940 1519 1048 1559 non
1091 1504 1163 1560 sit
1192 1506 1551 1578 principatus,
1585 1525 1690 1564 non
1732 1520 1993 1580 potestas,

423 1612 531 1652 non
556 1598 721 1651 etiam
746 1599 940 1661 virtus,
967 1612 1088 1653 eum
1118 1597 1318 1669 quibus
1364 1609 1448 1655 est
1469 1600 1615 1656 lucta
1652 1611 1703 1656 et
1732 1603 1995 1659 collucta-

423 1689 500 1744 tio
525 1690 572 1723 ⁵⁸
610 1691 722 1745 :ob
750 1704 980 1759 eamque
1027 1704 1247 1744 causam
1274 1690 1388 1760 jam
1449 1692 1607 1749 luetae
1651 1693 1833 1750 nullus
1885 1694 1993 1749 erit

2103 494 2331 547 ἕκαστον
2369 492 2790 563 οἰκονομεῖσθαι·
2823 492 2962 563 ὅπερ
2994 490 3246 562 δηλοῦται
3285 492 3613 567 ἐπιφερομένῃ,

2099 587 2198 658 τῷ,
2221 605 2242 638 ι
2278 586 2465 650 Οὕτως
2487 588 2544 640 ἐν
2564 585 2644 657 τῷ
2664 583 2887 658 Χριστῷ
2902 584 3102 648 πάντες
3129 584 3611 657 ζωοποιηθήσονται,ι

2099 675 2216 730 τοῦθ
2256 697 2274 729 ι
2310 678 2581 740 ’Ἕκαστος
2614 676 2671 730 δὲ
2703 677 2762 729 ἐν
2788 675 2869 747 τῷ
2905 675 3019 746 ἰδίῳ
3045 676 3307 747 τάγματι.
3352 694 3371 726 ι
3402 677 3542 733 Πάλιν
3576 699 3613 736 τε

2100 769 2241 824 αὑτὰ
2266 770 2539 841 διαφόρως
2559 772 2773 841 νοήσεις
2801 768 3059 840 τάγματα
3081 769 3191 823 τῶν
3222 771 3282 824 ἐν
3305 770 3510 841 Χριστῷ
3526 773 3615 836 ζωο-

2101 862 2568 935 ποιηθήσομένων,
2615 861 2704 915 ὅτε
2744 860 3045 934 πληροῦται
3089 861 3171 927 rb,
3208 880 3228 913 ι
3269 861 3450 916 Πάντα
3476 861 3615 917 ἔδωκεν

2099 953 2248 1026 αὑτῷ
2295 957 2323 1008 ὁ
2378 953 2570 1026 Πατὴρ
2621 955 2701 1018 είς
2756 952 2855 1017 τὰς
2907 955 3116 1026 χεῖρας,
3172 970 3191 1004 ι
3241 954 3523 1025 ἐπιστήσας
3548 955 3614 1025 τῷ·

2105 1067 2125 1099 ι
2155 1047 2403 1120 Ἀπαρχὴ
2431 1047 2684 1120 Χριστὸς,
2702 1047 2893 1101 ἔπειτα
2917 1052 2969 1104 oi
2994 1045 3088 1100 τοῦ
3118 1045 3356 1118 Χριστοῦ
3385 1048 3618 1119 ὲντῇςιαρ.

2097 1141 2253 1213 ουσία
2303 1138 2490 1205 αὑτοῦ,
2532 1136 2653 1194 εἶτα
2683 1139 2743 1192 rb
2776 1139 2947 1202 τέλος
2994 1158 3013 1192 ι
3052 1137 3375 1210 ὃπερτέλος
3413 1138 3530 1209 μετὰ
3555 1141 3617 1191 τοῦ

2097 1229 2335 1303 Χριστοῦ
2359 1233 2416 1284 ἐν
2440 1232 2507 1301 τῇ
2539 1228 2812 1300 παρουσίᾳ
2839 1225 3002 1281 αὑτοῦ
3037 1226 3379 1297 ἐνστήσεται,
3419 1245 3435 1276 ι
3457 1225 3531 1278 ὅτε
3550 1243 3620 1278 πι-

2100 1321 2329 1394 ραδώσει
2369 1322 2467 1393 τὴν
2515 1319 2788 1391 βασιλείαν
2820 1319 2899 1390 τῷ
2924 1316 3042 1389 Θεῷ
3068 1318 3161 1371 καὶ
3185 1316 3387 1389 Πατρὶ,
3416 1316 3618 1389 πρότερον

2096 1415 2448 1486 καταργήσας
2490 1415 2670 1467 πᾶσαν
2705 1412 2900 1484 ἀρχὴν,
2939 1411 3033 1465 καὶ
3058 1413 3237 1465 πᾶσαν
3268 1409 3521 1475 ἐξουσίαν,
3557 1412 3620 1465 ui

2095 1505 2342 1578 δύναμιν.
2386 1526 2405 1559 ι
2434 1505 2616 1559 Ταῦτα
2647 1505 2714 1572 δ’,
2738 1500 2912 1575 οἶμαι,
2943 1504 3060 1557 ἐστὶ
3090 1501 3228 1574 πρὸς
3249 1501 3285 1556 ἃ
3319 1505 3354 1575 ή
3387 1502 3535 1574 πάλη,
3561 1504 3620 1556 ἵνα

2101 1597 2295 1668 μηκέτι
2405 1597 2569 1669 ἀρχὴ,
2604 1598 2699 1650 καὶ
2738 1596 2977 1663 ἐξουσία,
3003 1598 3096 1649 καὶ
3128 1594 3385 1664 δύναμις·
3412 1593 3532 1666 πρὸς
3553 1594 3619 1665 hi}

2097 1690 2265 1762 πάλη,
2296 1691 2390 1746 καὶ
2417 1689 2505 1744 διὰ
2528 1688 2685 1743 τοῦτο
2721 1688 2916 1761 μηκέτι
2946 1688 3165 1759 ὑπάρχῃ
3192 1686 3366 1758 πάλη,
3394 1703 3621 1758 καταργη-

422 1785 643 1840 relictus
672 1783 846 1847 locus,
895 1787 1041 1840 omni
1089 1787 1421 1857 principatu,
1479 1796 1747 1856 potestate
1786 1797 1843 1843 et
1887 1787 1963 1842 vir

2096 1782 2283 1856 θείσης
2308 1784 2488 1855 πάσης
2514 1783 2690 1855 ἀρχῆς
2715 1800 2777 1835 τε
2827 1782 2922 1835 καὶ
2952 1780 3218 1848 ἐξουσίας,
3246 1780 3345 1835 καὶ
3375 1778 3620 1850 δυνάμεως.

424 1885 539 1931 tute
587 1876 805 1932 deletis.
836 1875 858 1949 ]
892 1876 1070 1931 Movet
1109 1886 1292 1932 autem
1329 1892 1415 1932 me
1444 1887 1504 1932 ut
1544 1880 1760 1934 credam
1795 1879 1995 1948 princi-

419 1976 604 2038 patum
632 1982 850 2023 onmem
881 2007 896 2032 ,
927 1977 981 2023 et
1011 1977 1336 2038 potestatem
1365 1983 1604 2036 onmem,
1648 1979 1705 2025 et
1741 1971 1992 2026 virtutem

420 2074 638 2115 omnem
669 2074 789 2128 quae
813 2058 1192 2125 destruuntur,
1220 2074 1283 2114 ea
1311 2075 1432 2115 esse
1471 2061 1731 2116 adversus
1756 2076 1876 2131 quae
1896 2078 1995 2117 no-

421 2151 506 2207 bis
553 2151 624 2205 sit
669 2165 868 2222 pugna,
900 2165 966 2206 eo
997 2151 1142 2221 quod
1174 2151 1260 2208 bis
1293 2167 1412 2223 quae
1459 2152 1658 2210 Paulus
1706 2154 1844 2210 dixit
1871 2171 1995 2210 mox

423 2244 784 2316 subjungatur
817 2260 833 2299 :
876 2262 894 2297 ι
933 2245 1160 2315 Oportet
1193 2245 1339 2300 enim
1387 2261 1510 2301 eum
1541 2262 1793 2319 regnare,
1822 2249 1996 2303 donec

421 2337 663 2408 posuerit
684 2351 874 2392 omnes
897 2336 1147 2392 inimicos
1167 2336 1268 2392 sub
1296 2338 1460 2407 pedes
1483 2354 1646 2395 suos:
1677 2339 1870 2396 deinde
1900 2356 1995 2395 no-

421 2429 677 2484 vissimus
723 2428 898 2483 hostis
941 2426 1225 2483 aboleatur
1257 2444 1402 2485 mors
1424 2430 1512 2497 ⁸¹;
1560 2452 1578 2485 ι
1614 2434 1757 2502 quod
1813 2435 1994 2503 profe-

422 2528 510 2573 cto
544 2533 666 2572 eum
718 2520 823 2574 hoc
873 2520 1043 2588 dicto,
1111 2539 1131 2573 ι
1184 2519 1377 2578 Omnia
1426 2522 1571 2578 dedit
1616 2523 1690 2578 illi
1723 2522 1887 2579 Pater
1933 2525 1989 2579 in

422 2623 615 2663 manus
648 2610 767 2681 ejus
793 2612 862 2677 δ’,
903 2630 922 2664 ι
964 2613 1252 2681 convenit;
1305 2614 1356 2669 id
1390 2615 1531 2684 quod
1563 2616 1802 2686 apertius
1827 2631 1993 2687 expo-

420 2716 558 2758 nens
588 2701 786 2758 Paulus
816 2704 995 2774 inquit
1026 2721 1041 2760 :
1074 2723 1093 2757 ι
1126 2703 1260 2760 Cntn
1303 2716 1484 2760 autem
1530 2706 1675 2762 dicat
1699 2708 1881 2763 omnia
1912 2708 1989 2763 illi

421 2794 664 2861 subjecta
700 2809 823 2851 esse
850 2835 866 2863 ,
904 2796 1086 2867 palam
1119 2805 1200 2852 est
1248 2798 1625 2868 excipiendum
1658 2813 1779 2855 esse
1823 2815 1945 2856 eum
1970 2843 1988 2868 ,

419 2889 509 2956 qui
529 2887 760 2959 subjecit
790 2890 865 2944 illi
898 2890 1081 2946 omnia
1101 2892 1167 2946 ⁵³.
1202 2910 1220 2944 ι
1253 2891 1348 2946 Sin
1379 2907 1507 2948 vero
1541 2893 1721 2949 omnia
1749 2894 1987 2965 subjecta

420 2980 574 3036 fuere
592 2990 790 3051 praeter
809 2997 929 3038 eum
955 2983 1047 3054 qui
1071 2984 1303 3053 subjecit
1320 2984 1396 3039 illi
1423 2985 1624 3050 omnia,
1641 2988 1986 3057 perspicuum

417 3082 503 3129 est
528 3073 671 3144 quod
690 3085 744 3128 et
769 3074 919 3130 is‘de
950 3090 1056 3146 quo
1086 3076 1347 3146 scriptum
1375 3085 1496 3142 est,
1525 3094 1544 3128 ι
1576 3076 1771 3133 Coram
1805 3077 1987 3135 Domi-
2011 3109 2054 3168 α

419 3180 491 3221 no
544 3166 916 3236 omnipotente
964 3167 1160 3222 collum
1209 3166 1372 3238 fregit
1422 3168 1490 3233 δι,
1547 3187 1566 3222 ι
1620 3170 1725 3224 erit
1774 3185 1843 3226 ex
1900 3172 1984 3227 his

418 3259 510 3330 qui
565 3260 868 3315 subduntur
900 3259 1017 3321 illi;
1058 3261 1235 3316 victus
1280 3269 1339 3315 ut
1385 3263 1543 3316 cedat
1589 3260 1861 3329 Sermoni,
1889 3265 1983 3320 Fi-

417 3351 493 3405 lio
536 3350 654 3416 Dei,
708 3359 763 3405 et
796 3361 855 3406 ut
889 3351 1154 3406 subdatur
1208 3352 1430 3421 imagini
1489 3353 1605 3419 Dei,
1657 3362 1712 3409 et
1751 3355 1822 3410 sit
1854 3357 1983 3412 sub-

417 3440 631 3496 sellium
687 3441 888 3496 Christi
952 3440 1171 3510 pedum.
1229 3439 1620 3497 (Economiam
1680 3444 1843 3515 igitur
1897 3461 1986 3500 as-

416 3532 623 3604 piciens
667 3533 733 3587 ad
788 3532 988 3587 bonum
1050 3531 1212 3588 linem
1263 3530 1374 3601 jam
1437 3536 1767 3602 tendentem,
1817 3536 1982 3608 409

417 3632 636 3695 propter
706 3623 833 3678 illud
883 3642 897 3679 :
951 3641 972 3676 ι
1032 3622 1166 3680 Cum
1205 3623 1319 3695 jam
1379 3625 1697 3683 immisisset
1741 3629 1986 3686 diabolus

416 3718 472 3772 in
521 3732 619 3772 cor
664 3715 812 3772 ludar
863 3717 1100 3774 Simonis
1165 3718 1475 3786 lscariotis,
1523 3728 1582 3775 ut
1619 3736 1741 3776 eum
1785 3724 1984 3792 prode-

415 3819 500 3865 ret
523 3810 593 3875 ⁵⁸,
624 3829 644 3863 ι
672 3821 896 3867 noverat
914 3813 1094 3866 omnia
1117 3810 1221 3867 sibi
1238 3811 1452 3868 Patrem
1478 3813 1686 3870 dedisse
1703 3855 1719 3881 ,
1742 3815 1983 3872 dedisse—

415 3916 521 3972 que
556 3902 608 3955 in
635 3917 825 3957 manus
849 3902 1029 3956 omnia
1054 3903 1332 3971 capientes
1351 3943 1367 3968 ,
1401 3914 1457 3959 ut
1482 3906 1665 3960 omnia
1691 3916 1871 3962 essent
1905 3908 1982 3963 illi

415 3995 719 4065 mancipia;
749 3996 833 4050 vel
858 3980 1041 4050 omnia
1064 3995 1279 4052 dedisse
1313 3996 1416 4052 sibi
1458 3995 1672 4052 Patrem
1709 3997 1762 4052 in
1793 4015 1984 4056 manus

416 4094 660 4151 noverat,
710 4086 811 4140 hoc
840 4095 924 4140 est
972 4086 1024 4140 in
1057 4087 1302 4143 actiones
1332 4103 1459 4144 suas
1502 4098 1557 4141 et
1601 4099 1751 4144 recte
1800 4088 1978 4155 facta;

416 4192 538 4230 nam
569 4195 588 4228 ς
618 4176 795 4241 Pater,
828 4194 847 4228 ι
880 4176 1086 4247 inquit,
1119 4196 1138 4230 ι
1170 4193 1325 4233 meus
1356 4181 1423 4233 ad
1451 4179 1553 4235 hoc
1586 4195 1754 4250 usque
1782 4188 1984 4249 tempo-

413 4270 491 4323 ris
519 4279 793 4339 operatur,
842 4278 899 4325 et
927 4285 1026 4340 ego
1061 4285 1256 4342 operor
1281 4271 1348 4325 ".
1382 4290 1400 4324 ι
1452 4270 1724 4327 Caeterum
1759 4284 1984 4343 propter

412 4360 501 4415 illa
524 4376 643 4430 quae
667 4376 695 4414 a
728 4360 836 4416 Deo
869 4362 1118 4416 exierant
1157 4363 1299 4418 facta
1336 4373 1489 4419 extra
1519 4365 1706 4431 Deum,
1739 4374 1795 4418 et
1821 4374 1976 4420 extra

411 4468 534 4508 eum
569 4453 655 4523 qui
689 4453 949 4509 noluisset
980 4453 1350 4523 principaliter
1391 4456 1545 4510 exire
1584 4470 1612 4509 a
1642 4454 1832 4520 Patre,
1859 4458 1975 4512 exi-
2004 4451 2049 4507 Β

410 4545 539 4600 vita
572 4546 677 4600 Deo
714 4544 893 4609 Jesus,
922 4554 979 4598 ut
1004 4561 1124 4615 quae
1149 4547 1396 4600 exierant
1421 4547 1666 4600 venirent
1697 4548 1747 4600 in
1785 4563 1974 4602 manus

409 4639 494 4691 via
528 4648 582 4693 et
609 4639 797 4693 ordine
825 4636 988 4705 Jesu,
1027 4648 1084 4693 et
1122 4640 1538 4708 disponerentur
1585 4640 1650 4692 ad
1682 4640 1848 4693 Deum
1896 4641 1974 4696 ire

410 4731 688 4798 sequentia
715 4729 929 4798 Iesum;
976 4740 1027 4784 et
1057 4731 1183 4800 quia
1226 4740 1584 4799 sequerentur
1623 4729 1839 4795 Iesum,
1883 4731 1972 4784 fu-

411 4831 527 4877 tura
562 4824 701 4891 apud
739 4823 908 4877 Deum
933 4862 946 4888 ,
972 4838 1039 4877 ex
1081 4838 1187 4890 quo
1226 4823 1424 4876 dictum
1451 4833 1532 4877 est
1557 4822 1751 4877 Petro:
1807 4841 1826 4875 (
1854 4821 1971 4889 Quo

406 4930 506 4985 ego
527 4916 682 4980 vado,
707 4930 810 4969 non
837 4924 990 4982 potes
1016 4930 1102 4969 me
1129 4930 1269 4969 nunc
1302 4913 1487 4984 sequi;
1516 4912 1762 4983 sequeris
1788 4923 1966 4967 autem

406 5016 593 5077 postea
622 5007 702 5060 ’τε
736 5024 755 5059 ι
795 5006 973 5061 adhuc
1010 5007 1155 5062 enim
1197 5006 1431 5060 habebat
1459 5004 1654 5059 Petrus
1686 5005 1827 5074 quod
1863 5019 1968 5059 non

405 5099 743 5168 permitteret
790 5096 937 5150 illum
964 5097 1114 5164 sequi
1150 5096 1323 5166 Λόγον
1370 5094 1447 5168 [et
1484 5094 1679 5151 Filium
1705 5094 1848 5167 Dei].
1881 5094 1967 5150 Si-

408 5189 531 5245 mile
555 5203 681 5243 vero
704 5203 849 5251 esse,
868 5186 962 5243 sed
981 5187 1133 5255 juxta
1148 5189 1431 5257 quamdam
1444 5187 1644 5259 justam
1663 5186 1964 5256 analogiam

496 5328 540 5361 "
569 5326 591 5382 Ι
624 5327 748 5384 Cor.
781 5344 871 5394 xv,
911 5327 1001 5382 25.
1095 5327 1142 5360 “'
1166 5328 1323 5385 Joan.
1360 5343 1479 5394 xm,
1502 5328 1556 5384 '5.
1633 5328 1721 5381 "l
1757 5330 1880 5382 Cor.
1915 5341 2008 5392 xv,
2065 5326 2158 5387 2'5.
2196 5328 2288 5383 24.

2095 1879 2250 1932 Κινεί
2278 1877 2336 1931 δέ
2364 1894 2432 1949 με
2465 1879 2545 1941 είς
2570 1877 2629 1931 rb
2646 1876 2745 1948 τὴν
2770 1880 3220 1946 καταργουμένην
3265 1875 3444 1928 πᾶσαν
3474 1874 3619 1945 ἀρχὴν,

2095 1974 2189 2028 καὶ⁴
2209 1973 2389 2027 πᾶσαν
2419 1972 2685 2039 ἐξουσίαν,
2722 1972 2816 2027 καὶ
2853 1971 3080 2040 δύναμιν
3118 1964 3260 2024 εἶναι
3291 1969 3365 2023 τά
3400 1969 3521 2040 πρὸς
3539 1968 3568 2022 ἃ
3598 1970 3622 2041 ή

2095 2065 2262 2136 πάλη,
2292 2064 2354 2118 rb
2391 2064 2786 2135 ἐπιφερόμενον
2830 2062 2980 2134 παρὰ
3007 2061 3085 2133 τῷ
3119 2060 3320 2134 Παύλῳ
3339 2061 3549 2126 τούτοις,
3565 2061 3620 2115 26'

2100 2176 2119 2208 ι
2158 2159 2251 2209 Δεῖ
2268 2154 2378 2226 γὰρ
2408 2155 2572 2208 αὑτὸν
2603 2153 2907 2225 βασιλεύειν
2926 2153 3084 2225 ἄχρις
3107 2147 3167 2207 οὗ
3201 2152 3269 2223 θῇ
3310 2152 3508 2215 πάντας
3532 2152 3622 2214 τοὺς

2094 2249 2324 2322 ἐχθροὺς
2348 2249 2453 2302 ὑπὸ
2468 2247 2634 2311 πόδας
2660 2245 2847 2300 αὑτοῦ·
2872 2242 2990 2300 εἶτα
3006 2245 3233 2317 ἔσχατος
3263 2244 3457 2318 ἐχθρὸς
3473 2259 3623 2315 καταρ-

2094 2345 2271 2410 γεῖται
2299 2342 2329 2394 ὁ
2362 2340 2610 2405 θάνατος·
2648 2358 2667 2391 ι
2692 2339 2787 2393 καὶ
2813 2338 3028 2410 συνᾴδει
3056 2355 3120 2408 γε
3143 2337 3242 2410 τῷο
3280 2357 3300 2390 ε
3340 2338 3513 2393 Πάντα
3531 2336 3625 2390 ἐδω-

2094 2450 2189 2487 κεν
2212 2432 2361 2504 αὑτῷ
2392 2436 2420 2487 ὁ
2450 2431 2639 2504 Πατὴρ
2664 2434 2743 2495 εἰς
2779 2435 2879 2494 τὰς
2906 2433 3093 2503 χεῖρας
3123 2430 3310 2484 αὑτοῦ·
3352 2449 3372 2482 ›
3405 2431 3527 2499 ὅπερ
3556 2445 3623 2481 σα-

2095 2524 2353 2595 φέστερον
2373 2522 2718 2593 ἐκτιθέμενός
2743 2537 2907 2593 φησιν
2932 2523 2962 2574 ὁ
2990 2519 3333 2584 Ἀπόστολος·
3367 2539 3387 2572 ι
3424 2520 3566 2572 Ὅταν
3584 2516 3624 2571 δέ

2093 2613 2241 2686 εἴπῃ,
2255 2614 2335 2667 ὅτι
2348 2613 2523 2668 πάντα
2543 2612 2923 2675 ὑποτέτακται,
2939 2609 3117 2681 δῆλον,
3134 2611 3217 2664 ὅτι
3245 2610 3405 2675 ἐκτὸς
3421 2609 3506 2663 τοῦ
3530 2610 3625 2661 ὑπι-

2091 2709 2349 2775 τάξαντος
2370 2706 2516 2777 αὑτῷ
2540 2705 2608 2759 τά
2624 2706 2821 2759 πάντα
2849 2724 2868 2756 ι
2884 2708 2933 2758 εί
2958 2704 3016 2758 δὲ
3044 2704 3260 2757 ἅπαντα
3283 2702 3624 2763 ὑποτέτακται,

2092 2799 2371 2855 καὶτοῦτο
2409 2798 2588 2872 δῆλον,
2626 2800 2707 2853 ὅτι
2751 2799 3114 2854 ὑποτέτακται
3163 2798 3345 2852 πάντα
3391 2797 3536 2861 ἐκτὸς
3557 2780 3624 2848 τοῦ

2093 2891 2455 2957 ὑποτάξαντος
2495 2890 2641 2962 αὑτῷ
2669 2891 2737 2945 τὰ
2777 2891 2976 2957 πάντα,
3006 2891 3102 2945 καὶ
3135 2882 3290 2954 οὗτος
3334 2891 3462 2962 περὶ
3483 2881 3537 2943 οὗ
3558 2886 3625 2956 γέ-

2090 3001 2352 3056 γραπται,
2394 3002 2413 3035 t
2454 2981 2714 3036 Ἐνώπιον
2746 2981 2952 3052 Κυρίου
2981 2981 3422 3054 παντοκράτορος
3445 2982 3627 3051 ἐτραχη·

2090 3075 2263 3140 λίασε,
2285 3093 2304 3125 ι
2337 3072 2446 3127 τῶν
2462 3072 2913 3142 ὑποτασσομένων
2940 3069 3089 3141 αὑτῷ
3113 3070 3288 3135 ἔσται,
3320 3067 3625 3142 νικηθεὶςὲπὶ

2085 3168 2165 3239 τῷ
2194 3163 2333 3234 εἴξαι
2354 3165 2431 3236 τῷ
2445 3164 2622 3235 Λόγῳ,
2646 3165 2739 3217 καὶ
2758 3162 3099 3233 ὑποταγῆναι
3117 3166 3182 3235 τῇ
3210 3165 3379 3218 εἰκόνι
3394 3165 3483 3217 τοῦ
3502 3160 3623 3223 Θεοῦ,

2086 3263 2181 3316 καὶ
2194 3259 2442 3331 γενέσθαι
2460 3258 2747 3312 ὑποπόδιον
2764 3256 2873 3311 τῶν
2887 3255 3122 3328 Χριστοῦ
3141 3256 3335 3312 ποδῶν.
3359 3257 3468 3329 Τὴν
3481 3255 3624 3309 τοίνυν

2085 3355 2260 3407 οίκονο
2267 3351 2394 3422 μίαν
2422 3350 2632 3421 βλέπων
2649 3350 2742 3402 ἐπὶ
2758 3348 2821 3402 rb
2835 3367 2936 3421 χρη
2944 3348 3066 3422 στὸν
3076 3348 3226 3413 τέλος
3238 3348 3521 3403 όδεύουσαν
3531 3348 3625 3419 ήδη,

2091 3444 2183 3498 διὰ
2222 3421 2307 3509 rb,
2348 3462 2367 3495 ι
2399 3441 2506 3496 Τοῦ
2538 3442 2783 3497 διαϐόλου
2820 3421 3143 3513 βεϐληκότος
3170 3444 3250 3507 είς
3277 3442 3378 3515 τὴν
3413 3442 3622 3514 καρδίαν.

2085 3536 2171 3589 ἵνα
2219 3534 2446 3608 παραδῷ
2489 3533 2650 3587 αὑτὸν
2695 3526 2893 3597 Ἰούδας
2937 3532 3178 3604 Σίμωνος
3223 3534 3620 3606 Ἰσκαριὼτης,ι

2083 3627 2219 3699 ᾔδει,
2262 3629 2344 3682 ὅτι.
2390 3626 2566 3680 πάντα
2613 3625 2810 3679 ἔδωκεν
2849 3622 2998 3695 αὑτῷ
3037 3625 3066 3678 ὁ
3095 3624 3305 3698 Πατὴρ,
3336 3626 3433 3680 καὶ
3462 3624 3626 3678 ἔδωκεν

2083 3722 2164 3783 είς
2194 3719 2290 3783 τὰς
2323 3717 2606 3791 χωρούσας
2637 3717 2705 3772 τά
2736 3718 2914 3772 πάντα
2946 3720 3154 3789 χεῖρας,
3192 3717 3278 3771 ἵνα
3386 3716 3454 3770 τά
3483 3717 3625 3770 πάντα

2088 3811 2236 3883 αὑτῷ
2270 3810 2576 3882 ὑποχείρια,
2620 3811 2654 3883 ἦ
2688 3810 2863 3865 πάντα
2895 3809 3094 3864 ἔδωκεν
3123 3808 3271 3880 αὑτῷ
3297 3810 3329 3862 ὁ
3362 3807 3541 3879 Πατὴρ
3566 3807 3625 3867 είς

2080 3904 2179 3969 τὰς
2227 3906 2445 3975 χεῖρας,
2487 3903 2762 3957 τουτέστιν
2802 3904 2884 3966 είς
2921 3902 3021 3965 τὰς
3054 3900 3279 3972 πράξεις
3324 3900 3521 3965 αὑτοῦ,
3555 3899 3626 3952 καὶ

2080 3995 2150 4050 τά
2197 3995 2693 4068 ἀνδραγαθήματα·
2732 4011 2753 4046 ι
2785 3994 2845 4047 '0
2887 3994 3078 4065 Πατήρ
3121 4011 3222 4064 μου
3256 4011 3275 4045 ι
3309 3993 3440 4065 γὰρ,
3469 3992 3623 4061 φησὶν.

2088 4107 2107 4139 ι
2135 4087 2241 4150 ἕως
2293 4088 2418 4158 ἄρτι
2453 4084 2778 4157 ἐργάζεται,
2829 4083 2984 4153 κάγὼ
3019 4083 3344 4157 ἐργάζομαι.
3373 4105 3392 4137 ι
3441 4084 3533 4137 Διὰ
3575 4083 3625 4134 τὰ

2080 4177 2361 4244 ἐξελθόντα
2400 4179 2459 4232 δὲ
2487 4178 2595 4232 άπὸ
2624 4176 2718 4231 τοῦ
2745 4176 2902 4242 Θεοῦ,
2939 4176 3044 4243 ἐξω
3072 4175 3341 4247 γενόμενα
3370 4175 3464 4230 τοῦ
3493 4173 3623 4231 Θεοῦ.

2080 4271 2174 4324 καλ⁹
2227 4269 2321 4324 τοῦ
2377 4269 2450 4341 μὴ
2520 4268 2868 4341 βουληθέντος
2938 4268 3367 4339 προηγουμένως
3420 4266 3624 4331 ἐξελθεῖν

2081 4363 2188 4417 ἀπὸ
2228 4362 2321 4416 τοῦ
2371 4362 2602 4433 Πατρὸς,
2648 4360 2871 4431 ἐξῆλθεν
2919 4360 3027 4414 ἀπὸ
3070 4358 3167 4414 τοῦ
3219 4358 3376 4421 Θεοῦ,
3406 4359 3491 4412 ἵνα
3518 4356 3624 4427 ἔλθῃ

2076 4454 2146 4509 τὰ
2174 4454 2284 4523 (88)
2314 4453 2595 4518 ἐξελθόντα
2621 4454 2701 4517 είς
2727 4452 2827 4516 τὰς
2867 4455 3054 4524 χεῖρας
3084 4451 3189 4523 όδῷ
3228 4452 3323 4505 καὶ
3366 4450 3513 4516 τάξει
3548 4447 3624 4503 τοῦ

2091 4549 2288 4619 Ἰησοῦ,
2323 4547 2417 4599 καὶ
2443 4545 2768 4618 οἰκονομηθῇ
2805 4544 2941 4616 πρὸς
2980 4545 3071 4598 τὸν
3099 4544 3231 4598 Θεὸν
3257 4544 3487 4613 ὑπάγειν
3516 4544 3622 4597 ἀκο-

2077 4638 2371 4694 λουθοῦντα
2420 4638 2588 4709 αὐτῷ,
2621 4638 2707 4691 διὰ
2750 4638 2816 4691 rb
2861 4637 3171 4692 ἀκολουθεῖν
3216 4638 3366 4708 αὑτῷ
3413 4637 3622 4704 ἐσόμενα

2077 4732 2213 4802 πρὸς
2256 4731 2347 4785 τὸν
2388 4731 2547 4785 Θεόν·
2579 4731 2770 4802 Πέτρῳ
2824 4729 2922 4800 μὲν
2974 4729 3187 4801 εἴρηταί
3222 4747 3385 4783 ποτεο
3426 4749 3445 4780 ι
3472 4729 3620 4782 Ὅπου

2075 4824 2187 4893 ἐγὼ
2221 4824 2436 4893 ὑπάγω,
2484 4825 2546 4877 οὑ
2581 4822 2802 4877 δύνασαί
2835 4839 2923 4893 μοι
2965 4820 3059 4875 νῦν
3091 4821 3457 4892 ἀκολουθῆσαι
3497 4818 3617 4891 (89)'

2058 4910 2460 4985 ¹ἀκολουθήσεις
2487 4915 2543 4968 δὲ
2566 4913 2788 4985 ὕστερον
2808 4930 2821 4943 ·
2846 4932 2864 4965 ι
2899 4913 2979 4966 ἔτι
3002 4912 3111 4984 γὰρ
3139 4910 3282 4985 εἶχεν
3300 4916 3334 4967 ό
3361 4912 3555 4984 Πέτρος
3570 4908 3619 4960 rb

2078 5009 2153 5081 μὴ
2185 5008 2475 5078 ἐπιτρέπον
2520 5005 2668 5077 αὑτῷ
2705 5005 3013 5060 ἀκολουθεῖν
3040 5005 3119 5077 τῷ
3157 5007 3313 5077 Λόγῳ
3348 5005 3451 5077 ήδη
3488 5000 3616 5055 ποτέ.

2074 5095 2147 5150 Τὸ
2173 5096 2217 5150 δ’
2242 5097 2425 5166 ὅμοιον
2465 5090 2600 5149 εἶναι
2628 5097 2768 5149 νοεῖν
2810 5111 2869 5148 σε
2897 5094 3009 5160 δεῖ,
3040 5094 3176 5149 ἀλλὰ
3219 5095 3361 5149 κατά
3406 5111 3522 5147 τινα
3559 5090 3617 5143 δι·

2071 5187 2231 5243 καίαν
2282 5187 2572 5282 ἀναλογίαν
2620 5187 3016 5259 λεχθησόμενον
3063 5189 3198 5261 πρὸς
3255 5188 3480 5242 ἕκαστον
3524 5182 3615 5237 τῶν

2388 5329 2435 5361 σο
2460 5328 2657 5398 Εριιθε,
2689 5345 2763 5394 vi,
2824 5328 2913 5385 12.
3014 5329 3059 5362 ⁸³
3086 5327 3107 5384 1
3136 5329 3261 5385 Cor.
3291 5345 3382 5391 κν.
3411 5327 3516 5398 Ξδι
3534 5324 3612 5398 ᾖδ’

402 5401 446 5437 ⁸⁸
474 5398 626 5456 Joan.
656 5414 772 5465 xm,
805 5400 857 5454 ’5.
935 5397 1021 5452 ³³1
1059 5398 1183 5454 Cor.
1219 5415 1311 5464 xv,
1336 5400 1427 5453 27.
1505 5399 1550 5430 “
1577 5397 1701 5452 Job.
1736 5414 1826 5464 xv,
1859 5398 1951 5453 25.
2026 5399 2073 5430 ⁸⁵
2100 5396 2259 5453 Joan.
2297 5414 2418 5464 xm,
2445 5396 2517 5453 ’ΞΣ
2577 5399 2624 5432 ⁸⁸
2652 5397 2807 5455 Joan.
2845 5416 2894 5464 v,
2926 5400 3012 5456 i7.
3088 5402 3133 5433 ⁵⁷
3164 5398 3320 5454 .lnan.
3346 5415 3469 5463 xm,
3491 5396 3572 5450 E6.

473 5513 585 5584 (87)
617 5514 743 5569 Haac
772 5513 1140 5584 supplevimns
1166 5530 1197 5569 e
1224 5514 1500 5570 Perionio.

473 5583 586 5649 (88)
625 5584 716 5638 Sic
747 5583 909 5639 habet
934 5587 1099 5640 codex
1130 5586 1455 5640 Bodleianus
1481 5601 1495 5649 ;
1523 5585 1578 5638 in
1629 5585 1815 5639 codice
1865 5601 1963 5638 an-

407 5657 531 5723 tem”
550 5652 713 5723 Regio
744 5654 928 5723 legitur
968 5673 982 5710 :
1034 5657 1134 5709 Διὰ
1154 5652 1224 5708 τὰ
1279 5654 1562 5721 ἐξελθόντα
1605 5654 1660 5707 δέ
1708 5655 1816 5707 ἀπὸ
1870 5656 1963 5709 τοῦ

2071 5513 2239 5591 Θερῦ,
2258 5517 2352 5591 καὶ
2377 5516 2471 5591 τοῌῦ
2486 5517 2600 5591 *μὴ
2631 5517 2982 5591 βουληθέντος
3035 5517 3455 5591 προηγουμένως
3486 5511 3612 5581 ἐξελ-

2072 5556 2470 5659 agragas“
2485 5556 2854 5659 [ιὲξῶἷὲὂῖΐῇ
2868 5556 2978 5648 ἶς’ἆῖ
2999 5556 3104 5642 ei:

2144 5656 2255 5731 (39)
2287 5656 2466 5731 Codex
2496 5651 2715 5729 Regius,
2749 5651 2909 5723 male,
2935 5660 2996 5712 οὑ
3027 5658 3253 5715 δύνασαί
3279 5673 3343 5731 με
3363 5654 3480 5720 νῦν,
3502 5651 3607 5709 ἁκο-

402 5717 555 5785 Θεοῦ,
602 5717 822 5791 ἐξῆλθεν
874 5724 981 5779 άπὸ
1029 5725 1122 5779 τοῦ
1172 5717 1336 5793 Θεοῦ,
1372 5724 1475 5789 ἐξω
1521 5725 1806 5795 γενόμενον
1866 5725 1959 5779 τοῦ
2067 5717 2345 5798 λουθήσεις
2363 5726 2566 5795 δὲ,θιο.
