3712 6138
210 330 313 388 749
1188 329 1544 388 COMMENT.
1585 330 1653 385 IN
1685 328 1878 387 JOAN.
1917 329 2153 400 TQMUS
2186 328 2402 389 XXXII.
3323 333 3432 389 750

205 451 414 503 πάντων
443 446 473 502 6
520 447 688 503 ἔδωκε
718 446 797 519 τῷ
839 447 954 518 Υίῷ
982 451 1011 503 6
1042 449 1233 523 Πατὴρ
1277 452 1358 515 είς
1403 451 1503 513 τὰς
1541 453 1725 522 χεῖρας

1877 461 1920 506 et
1940 452 2235 516 rationem,
2260 449 2391 504 illud
2422 448 2563 517 quod
2603 447 2889 504 dicendum
2923 455 3007 504 est
3050 449 3276 520 singulis
3324 451 3432 507 illis

199 541 407 611 ἑκάστῳ
432 539 530 611 μὲν
562 540 673 613 γὰρ
700 540 809 594 τῶν
837 540 1050 594 πάντων
1076 541 1395 613 λεχθήσεται
1416 542 1479 595 τό
1498 559 1511 572 ·
1550 560 1569 592 ι
1610 542 1736 598 ’Δκο

1877 543 2114 598 )mnibus
2158 555 2281 612 qua;
2323 540 2483 595 Pater
2525 539 2662 594 Filio
2710 540 2855 595 dedit
2908 541 2960 595 in
3008 540 3177 611 ipsius
3233 558 3430 599 manus

196 631 474 702 λουθήσεις
515 631 572 684 δέ
603 649 693 702 μοι
720 631 971 704 ὕστερον·
997 652 1016 685 ι
1050 632 1164 686 ἀλλ’
1194 635 1242 686 εί
1270 632 1345 704 μὴ
1382 633 1500 703 ἅμα
1540 631 1736 686 ἀκολου

1877 633 2112 704 {singulis
2164 632 2309 688 enim
2352 631 2601 687 omnibus
2645 631 2852 685 dicetur
2892 630 3057 686 illud:
3113 650 3133 683 ι
3169 631 3428 703 Sequeris

196 723 471 795 θήσουσιν,
497 724 597 777 οὐκ
627 725 721 778 ἐπὶ
774 723 866 777 τὸν
903 723 1062 778 αὐτὸν
1108 724 1438 796 ἀναφέρεται
1471 724 1661 796 καιρὸν
1701 724 1762 777 τὸ

195 817 406 887 ἑκάστῳ
459 815 569 869 τῶν
629 815 1107 887 ἀκολουθησάντων
1153 815 1335 871 αὐτῶν
1388 817 1628 891 ἁρμόζον
1699 815 1761 869 τὸ

193 910 447 978 ὕστερον
496 909 558 962 ὲν
588 907 722 979 τῷ’‹
746 906 1227 983 Ἀκολουθήσειςδέ
1246 928 1331 981 μοι
1353 910 1553 982 ὕστεροπ
1578 930 1626 964 ,ι
1664 909 1760 963 καὶ

193 1000 346 1054 τοῦτό
373 1017 462 1070 μοι
493 1000 600 1054 νόει
621 1000 716 1053 καὶ
748 998 876 1070 περὶ
901 997 1115 1053 πάντων
1130 998 1251 1056 ,τῶν
1278 1000 1755 1072 καταργουμένων,

192 1092 299 1146 εἴτε
331 1093 457 1146 ὅταν
488 1092 814 1166 καταργήσῃ
846 1093 1022 1146 πᾶσαν
1045 1093 1240 1164 ἀρχὴν,
1269 1092 1379 1145 εἴτε
1407 1094 1584 1146 πᾶσαν
1610 1092 1759 1158 ἐξου-

194 1185 331 1249 σίαν,
359 1184 470 1239 εἴτε
507 1186 688 1239 πᾶσαν
725 1185 971 1255 δύναμιν,
1013 1185 1107 1239 καὶ
1139 1183 1474 1251 ἁπαξαπλῶς
1505 1185 1662 1257 ἄχρις
1696 1181 1756 1242 οὗ

191 1278 255 1349 θῇ
312 1277 523 1341 πάντας
583 1278 707 1341 τοὺς
761 1276 987 1348 ἐχθροὺς
1045 1276 1210 1331 αὑτοῦ
1264 1277 1370 1330 ὑπὸ
1418 1278 1544 1341 τοὺς
1591 1278 1756 1343 πόδας

190 1368 378 1435 αὐτοῦ,
410 1369 636 1441 ἔσχατος
669 1369 862 1441 ἐχθρὸς
893 1372 1247 1441 καταργεῖται
1275 1372 1303 1424 6
1331 1370 1576 1433 θάνατος.
1623 1388 1642 1420 ι
1665 1371 1756 1423 Εί-

187 1460 289 1524 δὼς
310 1479 329 1512 ο
366 1455 460 1514 οὖν
494 1479 512 1511 ι
539 1462 568 1514 ὁ
604 1458 832 1531 Ἰησοῦς,
871 1459 951 1512 ὅτι
980 1460 1154 1513 πάντα
1182 1460 1380 1514 ἔδωκεν
1412 1459 1560 1530 αὐτῷ
1588 1460 1617 1512 6
1644 1460 1757 1513 Πα-

187 1550 285 1623 τὴρ
314 1554 397 1615 είς
426 1551 524 1616 τάς
563 1554 780 1622 χεῖρας,
819 1551 913 1605 καὶ
947 1551 1027 1604 ὅτι
1081 1551 1187 1604 ἀπὸ
1218 1550 1352 1604 Θεοῦ
1403 1550 1613 1622 ἐξῆλθε,
1660 1551 1754 1606 καί⁵

186 1642 320 1714 πρὸς
343 1642 436 1696 τὸν
463 1642 595 1695 Θεὸν
621 1640 843 1710 ὑπάγει,
869 1661 888 1693 ›
938 1641 1032 1694 καὶ
1077 1640 1230 1704 εἰδὼς
1273 1642 1396 1695 ὅσον
1442 1643 1526 1710 ἐφ’
1551 1636 1631 1704 οἷς
1664 1659 1754 1695 κε-

187 1731 472 1803 κινήμεθα,
498 1732 575 1796 ὡς
601 1731 979 1803 διηγησάμεθα
1006 1732 1365 1803 παριστάντες
1395 1731 1505 1803 (90)
1544 1732 1605 1785 τὸ
1648 1749 1752 1801 φα-

1861 731 2044 777 autem
2069 738 2155 776 me
2178 732 2364 793 postea
2393 740 2412 774 ι
2438 721 2459 792 )
2517 722 2866 777 considerare
2890 731 2943 777 te
2967 733 3214 792 oportet:
3240 739 3426 781 verum

1863 810 1907 865 si
1935 811 2096 866 simul
2140 828 2246 867 non
2291 820 2622 881 sequantur,
2664 826 2789 866 cum
2832 812 3064 881 dicitur,
3112 834 3130 866 t
3167 815 3426 886 Sequeris

1859 916 2038 960 autem
2083 919 2169 960 me
2204 915 2389 973 postea
2411 943 2426 969 ,
2456 921 2476 955 ο
2505 917 2611 957 vox
2652 913 2854 971 postea,
2879 905 3104 976 singulis
3126 907 3218 976 qui
3254 909 3426 964 secuti

1858 997 2060 1052 fuerint
2078 996 2444 1060 conveniens,
2492 1011 2597 1050 non
2624 995 2693 1049 ad
2735 996 2877 1051 idem
2905 1005 3118 1067 tempus
3148 997 3418 1064 refertur;

1857 1090 1909 1144 id
1937 1091 2078 1160 quod
2106 1089 2271 1144 etiam
2297 1088 2429 1143 mihi
2460 1089 2745 1143 considera
2774 1090 2840 1144 de
2863 1090 2951 1144 his
2975 1104 3095 1160 quae
3125 1090 3420 1145 destruun-

1859 1190 1964 1244 tur,
1994 1182 2107 1237 sive
2139 1196 2261 1236 cum
2290 1183 2626 1239 destruxerit
2650 1195 2863 1235 omnem
2892 1181 3277 1251 principatum,
3306 1183 3423 1239 sive

1856 1287 2067 1328 omnem
2093 1283 2417 1342 potestatem
2435 1315 2450 1340 ,
2476 1275 2589 1330 sive
2612 1286 2827 1327 omnem
2857 1273 3111 1328 virtutem
3135 1313 3151 1338 ,
3176 1282 3231 1329 et
3258 1288 3423 1345 gene-

1860 1364 2016 1417 ratim
2052 1363 2224 1419 donec
2248 1365 2487 1433 posuerit
2517 1379 2709 1419 omnes
2736 1364 2983 1419 inimicos
3021 1380 3148 1420 suos
3188 1366 3290 1420 sub
3327 1381 3422 1434 pe-

1854 1455 1948 1511 des
1970 1469 2128 1518 suos,
2161 1465 2323 1525 atque
2353 1456 2576 1511 ultimus
2618 1457 2789 1510 hostis
2817 1456 3120 1511 abolebitur
3169 1471 3314 1516 mors
3342 1458 3413 1512 ⁸⁸.

1858 1565 1877 1599 ι
1907 1546 2127 1603 Sciens»
2162 1549 2325 1618 igitur
2346 1548 2529 1604 «Iesus
2551 1548 2730 1603 omnia
2762 1548 2976 1604 dedisse
2992 1549 3091 1604 sibi
3119 1548 3333 1604 Patrem
3363 1552 3416 1606 in

1852 1657 2072 1709 manus,
2103 1658 2268 1713 seque
2293 1659 2323 1698 a
2354 1643 2464 1698 Deo
2493 1643 2670 1698 exisse
2690 1681 2705 1706 ,
2738 1651 2793 1697 et
2816 1644 2883 1696 ad
2928 1644 3090 1697 Deum
3120 1644 3270 1698 abire
3292 1644 3361 1708 δ’,
3391 1663 3411 1696 ›

1852 1743 1909 1789 et
1933 1734 2116 1789 sciens
2145 1746 2411 1805 quantum
2440 1734 2494 1788 in
2526 1735 2642 1788 haec
2672 1735 2801 1789 moti
2830 1750 3039 1799 sumus,
3064 1744 3124 1789 ut
3151 1750 3418 1805 exposue-

185 1824 270 1878 νὲν
297 1827 428 1896 ἡμῖν
454 1827 533 1888 είς
571 1826 668 1889 τὸ,
708 1845 725 1877 ι
770 1825 902 1878 Ἀπὸ
928 1823 1024 1878 τοῦ
1063 1822 1198 1878 Θεοῦ
1234 1822 1446 1893 ἐξῆλθε,
1472 1841 1491 1873 ι
1528 1823 1625 1876 καὶ⁵
1669 1825 1736 1886 εἰς

1882 1826 2023 1881 imus
2051 1826 2104 1881 in
2133 1827 2367 1882 medium
2394 1827 2719 1884 adducentes
2748 1829 3053 1898 opinionem
3091 1839 3328 1883 nostram
3359 1829 3412 1882 itt

184 1911 275 1974 16,
320 1930 339 1962 t
369 1911 512 1983 Πρὸς
532 1912 622 1966 τὸν
653 1913 782 1968 Θεὸν
818 1913 1034 1982 ὑπάγει·
1072 1913 1405 1984 ὲγείρεται,»
1444 1913 1629 1983 φησὶν,
1657 1914 1749 1966 «ἐκ

183 1998 274 2054 τοῦ
315 2001 553 2067 δείπνου,
579 2022 597 2055 ι
633 2005 769 2075 ὅπερ
800 2005 942 2059 κατά
971 2003 1127 2058 τοῦτο
1166 2004 1569 2075 κατανοήσομεν
1612 2006 1748 2075 μετὰ

183 2093 288 2146 τῶν
317 2093 462 2165 ἑξῆς.
504 2096 615 2149 Καὶ
653 2095 754 2166 ὅρα
792 2095 842 2148 εἰ
869 2095 1091 2149 δύνασαι
1120 2095 1177 2148 ὲν
1209 2095 1415 2158 τούτοις
1443 2094 1639 2164 λέγειν,
1667 2096 1747 2149 ὅτι

182 2184 557 2257 ἀπεριστάτως
596 2184 694 2256 μὲν
722 2184 883 2238 αὐτὸν
915 2184 1149 2256 εὔφραινε
1176 2185 1236 2237 τὸ
1268 2183 1405 2255 μετά
1430 2184 1539 2240 τῶν
1573 2183 1749 2256 μαθη-

184 2276 289 2330 τῶν
323 2273 582 2329 δειπνεῖν·
620 2275 1021 2348 περιστατικῶς
1068 2275 1124 2328 δὲ
1169 2275 1260 2327 καί⁵
1301 2274 1610 2343 ἀναγκαίως
1659 2274 1748 2328 διά

183 2370 302 2433 τοὺς
338 2367 586 2439 μαθητὰς
629 2364 738 2423 ἀπὺ
778 2366 873 2421 τοῦ
922 2367 1135 2420 δείπνου
1192 2364 1482 2435 ἐγείρεται,
1531 2365 1624 2419 καὶ
1655 2366 1746 2419 ἐπὶ

184 2461 347 2514 ποσὸν
397 2461 489 2514 τοῦ
522 2461 757 2515 δειπνεῖν
792 2460 1080 2523 παύσεται,
1109 2458 1212 2518 ἕως
1257 2456 1379 2518 τοὺς
1417 2457 1526 2509 τῶν
1573 2455 1747 2528 μαθη-

178 2551 284 2603 σιῶν
313 2549 582 2622 καθαρίσῃ
612 2549 800 2615 πόδας,
826 2550 884 2603 οὐ
918 2549 1227 2620 δυναμένων
1255 2549 1397 2621 ἔχειν
1431 2548 1592 2620 μέρος
1627 2549 1743 2617 μετ’

182 2642 364 2706 αὑτοῦ,
396 2641 490 2695 ὲάν
523 2642 596 2714 μὴ
630 2642 792 2706 αὐτὸς
820 2641 968 2713 νίψῃ.

246 2736 309 2789 4;
341 2736 410 2789 Τί
445 2731 536 2791 οὖν
575 2736 793 2805 λέγεται
842 2733 978 2806 μετά
1012 2735 1102 2800 16,
1149 2751 1167 2786 t
1207 2735 1506 2806 Ἐγείρεται
1555 2736 1619 2787 ὲκ
1646 2732 1743 2787 τοῦ

177 2829 412 2896 δείπνου,
437 2850 457 2883 ι
512 2830 952 2900 κατανοήσωμεν.
1023 2851 1042 2880 ι
1071 2829 1296 2899 Τίθησι,
1338 2847 1357 2880 ι
1404 2829 1568 2900 φησι,
1628 2845 1647 2879 ι
1676 2826 1745 2880 τά

188 2923 392 2995 ἱμάτια,
422 2924 515 2976 καὶ
550 2921 733 2976 λαϐὼν
758 2921 964 2974 λέντιον
994 2919 1303 2985 διεζώσατο.
1333 2938 1352 2971 ι
1393 2919 1500 2972 Καὶ
1532 2920 1591 2972 ὲν
1616 2917 1743 2971 τού-

178 3030 285 3078 τοις
322 3014 383 3069 δὲ
430 3016 678 3087 εἴποιμεν
719 3013 785 3067 ἂν
814 3015 928 3075 τοῖς
966 3012 1039 3082 μὴ
1093 3009 1430 3082 βουλομένοις
1480 3010 1588 3064 ἀπὸ
1636 3009 1743 3063 τῶν

180 3107 353 3178 ῥητῶν
398 3106 730 3172 ἀναϐαίνειν,
765 3106 859 3159 καὶ
910 3104 1115 3176 νοητῶς
1159 3106 1296 3157 νοεῖν
1340 3102 1408 3156 τὰ
1453 3100 1744 3173 παρατιθέ-

182 3216 315 3270 μενα
358 3201 416 3254 ὲν
449 3198 661 3261 τούτοις
691 3197 793 3268 τῆς
820 3196 1000 3268 ψυχῆς
1045 3194 1337 3267 βρώματαο
1374 3193 1438 3247 Τί
1470 3193 1579 3264 γὰρ
1618 3192 1741 3246 ἐλύ-

178 3306 266 3344 πει
303 3290 648 3361 ἐνδεδυμένον
672 3289 831 3342 αὐτὺν
850 3287 999 3357 νῖψαι
1043 3287 1168 3350 τοὺς
1213 3286 1375 3349 πόδας
1414 3284 1520 3338 τῶν
1566 3283 1743 3355 μαθη-

176 3382 313 3449 τῶν;
355 3381 517 3435 ’Λλλά
540 3379 770 3450 μήπως,
807 3380 904 3434 ὲάν
943 3379 1141 3450 ἴδωμεν
1174 3377 1283 3450 (9|)
1323 3376 1486 3443 ἀξίως
1512 3375 1607 3430 τοῦ
1648 3376 1745 3447 Ἰη-

177 3474 269 3529 σοῦ
297 3474 369 3529 τὰ
412 3472 684 3544 ἐνδύματα
722 3470 890 3526 αὑτοῦ
933 3471 970 3526 6.
1000 3470 1306 3543 περιέκειτο
1350 3468 1598 3533 δειπνῶν,
1646 3467 1742 3522 καὶ

174 3566 595 3640 εὐφραινόμενος
638 3564 780 3638 μετά
800 3564 909 3618 τῶν
938 3562 1213 3636 μαθητῶν,
1253 3562 1591 3633 ἐννοήσωμεν
1622 3560 1742 3612 τίνα

175 3658 373 3731 κόσμον
403 3658 713 3730 περίκειται
727 3660 756 3712 6
773 3655 1062 3727 γενόμενος
1078 3653 1216 3726 σὰρξ
1244 3654 1432 3721 Λόγος.
1466 3650 1666 3705 Τοῦτον
1682 3651 1742 3705 δὲ

175 3750 231 3805 ἐν
243 3769 349 3807 τινι
379 3749 873 3822 ὐφάσματιλέξεων
890 3747 1024 3818 πρὸς
1056 3746 1248 3814 λέξεις,
1268 3746 1360 3800 καί
1380 3744 1573 3815 φωνῶν
1605 3743 1742 3815 πρὸς

174 3844 354 3912 φωνὰς
427 3842 795 3913 συνεστηκότα
847 3839 1159 3895 ἀποτίθεται
1180 3878 1196 3899 ,
1254 3839 1356 3891 κᾶν
1414 3836 1742 3906 γυμνότερος

176 3935 311 4006 μετά
353 3932 599 3988 δουλικοῦ
647 3934 943 4006 σχήματος,
987 3933 1125 4004 ὅπερ
1171 3930 1424 4002 δηλοῦται
1476 3929 1564 3983 διὰ
1612 3927 1702 3982 τοῦ
1723 3968 1739 3992 ,

178 4045 197 4079 ι
223 4026 417 4081 Λαϐὼν
459 4026 684 4090 λέντιον,
732 4024 1042 4090 διεζώσατο,
1063 4043 1082 4075 ι
1132 4023 1363 4092 γίνεται,
1413 4021 1500 4076 ἵνα
1530 4022 1626 4075 καὶ
1663 4020 1739 4092 μὴ

172 4120 344 4191 πάντη
388 4118 625 4188 γυμνὸς,
660 4117 754 4171 καὶ
796 4115 933 4185 μετά
972 4115 1033 4170 16
1066 4115 1221 4185 νῖψαι
1252 4113 1561 4185 οίκειοτέρῳ
1605 4113 1741 4183 ὑφά-

173 4227 336 4284 σματι
364 4211 624 4283 ἀπομάξῃ
652 4211 776 4274 τοὺς
801 4208 909 4261 τῶν
937 4207 1188 4279 μαθητῶν
1217 4207 1397 4270 πόδας.
1424 4207 1534 4259 Καὶ
1555 4206 1655 4275 ὅρα
1682 4207 1740 4259 ὲν

169 4304 377 4367 τούτοις
426 4303 545 4367 πῶς
575 4302 765 4357 ἑαυτὸν
800 4299 1086 4371 σμικρύνει
1125 4299 1235 4370 (92)
1274 4300 1302 4352 6
1336 4299 1504 4370 μέγας
1531 4297 1626 4351 καὶ
1656 4297 1740 4350 δε-

169 4396 491 4466 δοξασμένος
537 4395 709 4463 Λόγος
758 4394 1045 4463 γενόμενος
1094 4389 1258 4461 σὰρξ,
1304 4390 1391 4443 ἵνα
1439 4389 1565 4461 νίψῃ
1609 4390 1737 4454 τοὺς

1850 1919 1956 1974 hoc
1980 1919 2180 1973 dictum
2201 1958 2216 1982 ,
2246 1937 2266 1970 t
2294 1920 2339 1972 Α
2381 1920 2490 1973 Deo
2523 1921 2747 1986 exivit,»
2770 1930 2823 1976 et
2849 1922 2901 1974 in
2932 1921 3055 1985 hoc,
3087 1939 3107 1972 t
3131 1921 3208 1974 Ad
3243 1922 3411 1976 Deum

1848 2004 2027 2070 vadit;
2068 2004 2278 2073 surgit,
2312 2022 2331 2056 ι
2372 2006 2575 2074 inquit,
2624 2027 2642 2058 ι
2668 2022 2697 2059 a
2747 2020 2935 2070 coena,
2978 2025 2996 2058 ι
3038 2011 3178 2076 quod
3212 2009 3416 2078 pariter

1849 2095 2309 2151 considerabimus
2330 2110 2451 2150 cum
2491 2096 2863 2165 sequentibus.
2897 2097 2961 2150 Et
2985 2098 3105 2153 vide
3129 2114 3197 2152 an
3238 2100 3417 2169 possis

1848 2188 1903 2243 in
1935 2189 2020 2244 his
2041 2189 2246 2254 dicere,
2284 2204 2630 2258 summopere
2660 2190 2878 2259 quidem
2907 2190 3056 2244 illum
3081 2191 3408 2247 oblectatum

1846 2277 2016 2334 fuisse
2051 2281 2318 2335 caanando
2350 2295 2471 2350 cum
2503 2280 2782 2350 discipulis
2808 2280 2960 2346 suis;
3000 2279 3234 2337 alllictim
3261 2298 3410 2347 vero,

1845 2379 1897 2429 et
1921 2373 2265 2438 necessario,
2294 2382 2518 2442 propter
2547 2372 2846 2443 discipulos
2872 2411 2888 2437 ,
2916 2388 2945 2426 a
2972 2387 3132 2428 ccena
3163 2389 3409 2444 surgere,

1844 2469 2175 2531 eatenusque
2203 2477 2233 2514 a
2263 2462 2527 2517 emnando
2561 2478 2682 2517 eum
2719 2477 2964 2526 cessare,
2999 2475 3268 2533 quatenus
3313 2480 3408 2532 pe-

1846 2553 1942 2606 des
1990 2551 2208 2605 mundet
2264 2549 2649 2620 discipulorum
2706 2568 2813 2607 non
2867 2553 3158 2609 valentium
3209 2556 3412 2611 habere

1844 2651 2053 2711 partem
2075 2657 2282 2709 secum,
2318 2643 2422 2697 nisi
2460 2643 2575 2712 ipse
2605 2643 2816 2699 illorum
2844 2646 3007 2713 pedes
3040 2645 3255 2703 laverit.

1912 2732 2076 2805 410
2128 2733 2183 2787 4.
2226 2733 2332 2789 Sed
2378 2735 2676 2805 diligenter
2709 2737 2838 2806 quid
2882 2737 3095 2792 dicatur
3134 2748 3256 2808 post
3295 2741 3411 2796 brce

1843 2827 2033 2892 verba,
2067 2846 2086 2879 ι
2116 2826 2301 2898 Surgit
2334 2844 2362 2882 a
2386 2844 2568 2894 coena,
2616 2848 2635 2881 ›
2669 2830 3094 2887 consideremus.
3129 2850 3150 2885 t
3188 2831 3404 2896 Ponit,»

1846 2918 2018 2988 inquit
2044 2958 2060 2981 .
2091 2937 2109 2983 ι
2140 2921 2492 2984 vestimenta.
2542 2936 2773 2992 cumque
2814 2924 3108 2994 accepisset
3157 2925 3405 2988 linteum.

1847 3008 2125 3077 praecinxit
2151 3024 2211 3064 se
2239 3010 2304 3063 ⁸ο.
2338 3030 2357 3062 ι
2393 3012 2643 3069 Dicamus
2685 3013 2848 3068 etiam
2897 3015 2949 3067 in
2997 3015 3100 3070 hoc
3151 3025 3406 3071 contextu

1843 3101 1908 3156 ad
1930 3115 2024 3155 eos
2049 3102 2142 3171 qui
2174 3101 2362 3156 nolunt
2389 3119 2421 3159 a
2454 3105 2634 3161 verbis
2657 3106 2967 3173 ascendere,
2996 3116 3050 3161 et
3073 3116 3253 3162 mente
3275 3123 3408 3163 con-

1846 3191 2089 3247 siderare
2135 3193 2335 3248 animat
2376 3194 2525 3249 cibos
2558 3196 2610 3248 in
2648 3195 2731 3251 his
2775 3197 2954 3253 verbis
2997 3200 3238 3267 positos:
3267 3198 3405 3267 Quid

1845 3282 2096 3340 obstabat
2131 3286 2419 3354 quominus
2470 3287 2688 3341 indutus
2731 3289 2846 3356 ipse
2883 3290 3265 3359 discipulorum
3302 3306 3401 3360 pe-

1844 3376 1940 3431 des
1962 3375 2200 3430 lavarct?
2226 3378 2298 3431 At
2328 3392 2454 3433 vero
2478 3377 2579 3433 nisi
2603 3379 2782 3448 aliquo
2810 3382 2967 3436 modo
2995 3381 3314 3446 viderimus,
3347 3393 3406 3437 ut

1844 3467 2064 3537 dignum
2106 3478 2190 3522 est
2229 3467 2396 3536 ipsius
2417 3466 2569 3535 Jesu,
2604 3471 2926 3525 vestimenta
2960 3473 3155 3540 quibus
3176 3472 3406 3529 circum-

1843 3559 2073 3615 dabatur
2114 3574 2339 3615 cmnans
2379 3577 2500 3614 cum
2546 3561 2858 3629 discipulis,
2899 3572 2953 3616 et
2987 3578 3045 3618 se
3071 3563 3400 3626 exhilarans,

1843 3653 2310 3708 considerabimus
2343 3656 2487 3724 quod
2515 3665 2895 3711 ornamentum
2942 3655 3088 3709 circa
3138 3670 3197 3711 se
3235 3655 3403 3712 babe-

1839 3743 1935 3799 bat
1983 3759 2113 3799 caro
2159 3745 2334 3801 lactus
2365 3747 2536 3803 Filius
2559 3749 2651 3802 Dei
2676 3747 2887 3802 Sermo.
2923 3747 3037 3804 Hoc
3080 3754 3261 3802 autem
3292 3746 3404 3803 for-

1841 3843 2044 3887 matum
2098 3835 2152 3889 in
2197 3839 2429 3907 quadam
2481 3846 2694 3893 textura
2739 3849 2799 3894 et
2846 3838 2948 3893 tela
2991 3839 3287 3893 dictionum
3335 3841 3402 3893 ad

1841 3924 2122 3990 dictiones,
2147 3937 2201 3982 et
2216 3944 2408 3984 vocum
2441 3932 2508 3984 ad
2532 3946 2695 3986 voces
2730 3932 2979 4001 deponit,
3012 3930 3177 4000 ﬁtque
3209 3932 3405 3985 nudior

1840 4030 1964 4070 cum
1996 4015 2166 4085 ﬁgura
2190 4019 2392 4084 servili,
2421 4020 2562 4087 quod
2590 4021 2896 4076 declaratur
2919 4036 3017 4090 per
3046 4021 3194 4088 illud,
3216 4040 3235 4073 t
3263 4022 3397 4077 Cum

1839 4109 2401 4179 accepissetlinteum,
2424 4112 2708 4181 praecinxit
2741 4129 2822 4177 se,
2852 4132 2871 4165 ›
2899 4123 2951 4166 ut
2976 4123 3029 4167 et
3050 4130 3154 4169 non
3178 4114 3402 4169 omnino

1839 4202 2011 4257 nudus
2035 4212 2199 4271 esset,
2231 4215 2432 4258 etcum
2460 4204 2700 4270 lavisset,
2729 4204 2830 4259 tela
2857 4205 2923 4261 ad
2941 4206 2992 4261 id
3023 4208 3400 4261 accommoda--

1840 4294 1978 4348 tiore
2027 4293 2417 4363 discipulorum
2469 4294 2802 4364 abstergeret
2850 4295 3028 4365 pedes.
3062 4296 3131 4352 Et
3174 4296 3295 4351 vide
3344 4297 3401 4351 in

1838 4385 1945 4454 his,
1972 4387 2242 4456 quomodo
2290 4402 2516 4457 magnus
2558 4397 2612 4443 et
2646 4387 2979 4459 glorificatus
3010 4388 3201 4445 Sermo
3228 4390 3400 4444 factus

171 4489 334 4553 πόδας
366 4487 479 4542 τῶν
513 4485 791 4559 μαθητῶν·
834 4505 853 4537 ι
881 4484 1073 4538 Βάλλει
1096 4503 1114 4534 ι
1147 4481 1276 4553 γὰρ,
1319 4484 1502 4553 φησὶν,
1543 4501 1561 4532 ι
1593 4481 1735 4554 ὕδωρ

1877 4495 1965 4534 aro
1997 4479 2231 4548 seipsum
2259 4480 2495 4544 minuat,
2532 4489 2591 4534 ut
2614 4480 2757 4534 lavet
2786 4480 2950 4550 pedes
2975 4479 3397 4550 discipulorum;

169 4582 244 4644 εἰς
285 4580 377 4635 τὸν
415 4578 674 4650 νιπτῆρα.
702 4597 720 4631 ι
771 4574 1024 4648 Ἀϐραὰμ
1074 4572 1170 4643 μὲν
1197 4569 1310 4637 οὖν,
1351 4571 1561 4643 «ἡνίκα
1604 4573 1734 4626 ἀνα-

169 4670 368 4741 ϐλέψας
415 4673 529 4734 τοῖς
574 4669 867 4740 ὀφθαλμοῖς
912 4666 1078 4722 αὐτοῦ
1120 4660 1226 4718 εἶδε
1245 4682 1258 4695 ’
1301 4665 1394 4718 καὶ
1447 4665 1553 4719 ἰδοὺ
1585 4666 1733 4737 τρεῖς

169 4761 356 4834 ἄνδρες
406 4761 516 4832 (95)
541 4761 892 4833 είστήκεισαν
951 4757 1136 4811 ἐπάνω
1200 4754 1362 4810 αὑτοῦ
1389 4772 1401 4784 ·
1461 4756 1556 4809 καὶ
1612 4754 1735 4810 ἰδὼν

1843 4587 1864 4621 t
1916 4569 2115 4624 Mittit»
2152 4570 2336 4636 enim,
2399 4569 2611 4639 inquit,
2649 4588 2668 4621 t
2702 4585 2896 4639 aquam
2925 4570 2978 4624 in
3024 4570 3222 4641 pelvim
3253 4571 3319 4626 “.
3373 4589 3393 4622 ι

1839 4663 2016 4733 Atque
2037 4663 2308 4718 Abraham
2335 4663 2586 4732 equidem
2624 4681 2643 4714 ι
2690 4679 2813 4718 cum
2856 4665 3184 4733 respexisset
3229 4664 3400 4720 oculis

1840 4753 1954 4808 suis
2002 4752 2137 4807 vidit
2174 4768 2190 4806 :
2225 4763 2280 4808 et
2319 4765 2446 4809 ecce
2488 4761 2596 4809 tres
2630 4753 2732 4808 viri
2771 4762 3039 4809 Steterunt
3056 4753 3210 4826 juxta
3238 4768 3399 4822 eum,

232 4940 280 4974 ⁸³
309 4939 331 4996 l
364 4941 494 5000 Cor.
528 4956 620 5010 xv,
641 4939 832 4996 24-26.
906 4940 953 4973 "
978 4937 1132 4995 Joan.
1160 4954 1280 5008 xm,
1308 4939 1361 4993 5.
1439 4935 1485 4969 ⁶⁰
1512 4935 1671 4993 Joan.
1697 4952 1730 4990 ι

1877 4952 1903 4988 ξ.
1981 4935 2024 4968 ⁶¹
2060 4934 2192 4990 ibid.
2219 4935 2273 4990 5.

235 5084 346 5164 (90)
384 5092 718 5164 Ιᾶεηιίοοιίεκ
750 5092 969 5164 Regius,
998 5090 1162 5164 male,
1199 5089 1575 5164 περιστάντες.

233 5159 345 5233 (91)
385 5163 560 5217 Ἀλλὰ
584 5161 658 5233 μή
681 5159 961 5229 πωςίέὰν
998 5160 1235 5233 ἴδωμεν,
1259 5159 1364 5216 etc.
1405 5160 1607 5215 Vitiosa
1636 5159 1729 5216 hic

165 5232 279 5286 erat
307 5232 631 5287 Ferrariana
650 5232 1069 5301 interpretatio,
1127 5247 1288 5301 quam
1346 5233 1723 5296 correximus;

166 5304 364 5358 rectior
397 5318 528 5357 vero
552 5301 895 5366 Perioniana,
930 5316 1235 5371 quanquam
1261 5301 1445 5371 aliqua
1471 5301 1637 5371 etiam
1668 5301 1722 5353 in

166 5385 225 5425 ea
255 5372 524 5428 desidero.
552 5371 700 5426 Talis
752 5383 928 5426 autem
963 5372 1048 5424 illa
1085 5382 1211 5426 est:
1252 5388 1270 5420 t
1315 5370 1420 5425 Sed
1464 5370 1507 5423 si
1550 5370 1727 5426 minus

165 5443 259 5509 p'ro
279 5440 405 5513 .lesu
429 5442 695 5513 dignitate
722 5452 901 5495 vestes
937 5441 1195 5513 vidimus,
1243 5442 1453 5513 quibus
1493 5440 1727 5513 amictus

166 5525 281 5564 cum
300 5510 588 5580 discipulis
622 5512 777 5567 laetus
810 5511 1085 5576 coenavit;
1112 5521 1261 5565 certe
1289 5511 1486 5564 animis
1519 5510 1727 5580 nostris

165 5579 459 5637 cernamus
485 5598 591 5651 quo
631 5591 826 5651 ornatu
865 5581 1100 5636 Verbum
1167 5582 1307 5649 quod
1347 5595 1474 5634 caro
1522 5579 1726 5651 factum

165 5659 267 5713 est,
303 5648 553 5705 indutum
577 5660 713 5706 erat.
748 5650 924 5713 Hunc,
976 5651 1067 5720 qui
1102 5648 1195 5704 ex’
1223 5660 1449 5720 textura
1490 5648 1725 5717 quadam

168 5721 459 5778 verborum
488 5736 607 5778 cum
642 5720 845 5786 verbis,
878 5730 932 5776 et
958 5719 1150 5776 vacum
1181 5735 1302 5775 eum
1341 5719 1565 5776 vocibus
1597 5732 1728 5774 cou-

1836 5094 2030 5159 stabat,
2063 5096 2316 5163 detrahit,
2354 5096 2657 5166 nudiorque
2701 5096 2761 5151 tit
2795 5075 2916 5151 cum
2959 5096 3139 5151 servili
3169 5098 3388 5164 habitu;

1836 5167 2285 5233 quemadmodum
2318 5183 2385 5222 ex
2434 5167 2525 5220 illo
2554 5169 2900 5235 perspicitur,
2940 5184 2959 5216 ι
2987 5177 3094 5223 etc.
3130 5167 3393 5221 Videntur

1836 5234 2029 5303 legisse
2063 5235 2348 5307 Ferrarius
2381 5247 2435 5291 et
2475 5234 2777 5302 Perionius,
2806 5238 2905 5307 καὶ
2931 5237 3262 5307 γυμνότερος
3307 5238 3392 5304 γί-

1834 5321 1982 5359 νεται
2018 5305 2290 5376 μετὰ,ειο.
2325 5307 2546 5361 Habitus
2573 5317 2751 5360 autem
2782 5306 3076 5372 ille,verbis
3107 5305 3384 5373 constans,

1829 5374 2008 5427 littera
2051 5375 2346 5427 Scriptura:
2375 5387 2492 5427 est:
2523 5377 2658 5427 alter
2689 5385 2890 5427 autem.
2930 5388 3196 5427 anaeone.
3228 5401 3235 5407 “

1852 5377 2008 5428 ittera
2051 5377 2346 5444 Scriptura;
2375 5387 2492 5442 est;
2523 5377 2658 5429 alter
2689 5385 2890 5438 autem,
2930 5388 3196 5444 anagoge.
3228 5401 3235 5407 ’

1901 5444 2013 5517 (92)
2043 5444 2223 5517 Codex
2252 5445 2592 5517 Bodleianus,
2612 5445 2898 5517 σμικρύνει
2921 5460 2935 5475 ·
2974 5445 3172 5514 Regius
3199 5460 3389 5515 perpe-

1829 5528 1946 5586 ram
1964 5515 2140 5586 habet
2164 5516 2372 5586 κρύνει.

1901 5584 2014 5670 (95)
2040 5584 2224 5642 Codei
2276 5585 2516 5657 Regius,
2567 5585 2673 5639 ἰδοὺ
2732 5585 2943 5655 ἄνδρες,
2999 5584 3201 5641 omissa
3260 5599 3390 5641 νοω

1824 5667 1989 5724 τρεις.
