3712 6138
130 319 266 374 755

1165 317 1520 373 COMMENT.
1565 317 1631 372 IN
1669 315 1862 374 JOAN.
1899 315 2136 372 TOMUS
2176 313 2386 369 XXXII.

3309 309 3410 364 754

122 431 430 504 λουμένος
451 430 549 486 οὑκ
575 432 688 504 ἔχει
718 433 907 504 χρείαν
933 433 982 484 εί
1016 431 1089 503 μὴ
1126 413 1442 496 τοὺςπόδας
1471 433 1703 503 νίψασθα

1907 431 1948 486 εδ
1971 438 2056 486 est
2081 430 2310 492 mundus
2339 436 2523 484 totus:
2555 430 2610 480 et
2633 437 2729 496 vos
2755 420 2940 478 mundi
2980 421 3130 487 estis,
3169 423 3262 478 scd
3305 439 3411 477 non

126 526 275 579 ἀλλ’
331 527 444 579 ἔστι
491 525 730 597 καθαρὸς
775 526 927 588 ὄλος⁶
972 526 1064 578 καὶ
1109 526 1265 596 ὑμεῖς
1311 525 1537 597 καθαροί
1587 527 1746 592 ἐστε,

123 617 273 672 ἀλλ’
353 619 474 690 οὐχὶ
546 617 782 683 πάντες·
864 618 980 689 ᾔδει
1061 618 1170 690 γὰρ
1240 619 1331 672 τὸν
1389 618 1748 690 παραδιδόντα

127 710 365 765 αὐτόν·
431 709 520 764 διά
587 710 746 764 τοῦτο
804 706 990 763 εἶπεν·
1064 711 1200 781 Οὐχὶ
1259 711 1458 774 πάντες
1520 710 1748 780 καθαροί

127 803 306 855 ἐστε.
328 821 347 854 ι
375 801 505 867 Τοῖς
529 801 625 856 νῦν
654 801 759 855 ὑπὸ
786 800 877 855 τοῦ
907 801 1116 873 Πέτρου
1149 802 1461 872 λεγομένοις
1483 802 1542 854 ἐν
1571 802 1747 874 καιρῷ

132 892 485 965 χρησόμεθα
531 892 972 964 παραδείγματος
1011 893 1218 959 ἕνεκεν,
1249 893 1304 945 ετ
1346 910 1448 947 που
1503 892 1632 957 δέοι,
1665 895 1748 947 ὅτι

131 983 273 1037 ἔστι
326 984 552 1039 δυνατόν
594 1002 714 1038 τινα
756 985 896 1039 κατά
942 985 1199 1057 πρόθεσιν
1243 987 1522 1060 βελτίστην
1570 989 1747 1057 λέγειν

132 1075 237 1129 διὰ
274 1077 348 1129 τὸ
373 1077 741 1149 ἀνεπιστῆμον
771 1078 833 1130 τὸ
866 1077 1130 1150 μηδαμῶς
1159 1080 1337 1151 ἐαυτῷ
1369 1082 1710 1153 συμφέροντα
1728 1098 1743 1113 ’

133 1169 192 1221 εί
233 1169 361 1239 γὰρ
414 1169 688 1241 συμφέρον
726 1171 822 1240 μὲν
851 1166 920 1242 ἦν
956 1173 1092 1245 πρὸς
1129 1173 1190 1226 τὸ
1224 1173 1367 1243 ἔχειν
1406 1174 1568 1245 μέρος
1607 1173 1744 1244 μετὰ

137 1260 246 1314 τοῦ
290 1259 476 1330 ’1ησοῦ
505 1262 566 1315 τὸ
596 1262 852 1332 νίψασθαι
893 1266 1019 1329 τοὺς
1069 1266 1236 1330 πόδας
1280 1267 1371 1320 ὑπ’
1408 1267 1606 1334 αὑτοῦ,
1641 1267 1745 1321 Πέ-

137 1369 288 1424 τρος
338 1353 396 1407 δέ
450 1355 524 1425 μὴ
577 1356 969 1428 ἐπιστάμενος,
1021 1359 1102 1413 ὅτι
1160 1360 1435 1432 συμφέρον
1466 1359 1623 1414 τοῦτο
1653 1356 1741 1433 ἦν,

137 1443 430 1516 πρότερον
473 1444 570 1515 μὲν
608 1441 780 1512 εἶπεν,
810 1449 972 1501 οἱονεὶ
1013 1449 1304 1521 ἐπαπορῶν
1330 1451 1741 1522 δυσωπητικῶς,

136 1534 236 1598 τὸ,
280 1556 302 1587 α
332 1534 530 1607 Κύριε,
559 1535 623 1589 σύ
669 1556 770 1608 μου
812 1539 1020 1604 νίπτεις
1049 1541 1176 1605 τοὺς
1213 1541 1406 1607 πόδας;
1432 1561 1449 1592 ι
1493 1541 1742 1613 δεύτερον

137 1630 200 1682 δὲ
224 1630 318 1696 τὸ,
355 1647 374 1680 ι
400 1631 476 1684 Οὐ
503 1631 577 1703 μὴ
599 1632 760 1706 νίψῃς
790 1651 891 1705 μου
916 1637 1041 1700 τοὺς
1073 1637 1240 1700 πόδας
1267 1638 1346 1700 είς
1379 1637 1468 1690 τὸν
1494 1636 1661 1691 αἰῶνα
1678 1678 1693 1703 ,
1717 1657 1735 1690 ι

1849 537 2068 579 omnes:
2093 521 2303 577 sciebat
2328 519 2496 583 enim,
2515 517 2762 586 quisnam
2788 522 2930 570 esset
2953 514 3198 585 proditor
3224 514 3410 584 ipsius:

1847 625 2137 686 prOpterea
2192 611 2366 666 dixit:
2399 609 2512 663 Non
2571 608 2702 663 estis
2765 605 2948 660 mundi
3006 620 3216 660 omnes.
3255 624 3276 659 ι
3321 604 3417 662 His

1847 721 1967 776 quas
2002 719 2146 760 nunc
2184 719 2213 758 a
2256 702 2415 758 Petro
2457 710 2586 756 sunt
2633 701 2798 766 dicta,
2847 708 3151 768 opportune
3199 707 3414 753 utemur

1846 799 2076 867 exempli
2101 811 2285 859 causa,
2319 793 2494 850 sicubi
2535 807 2669 860 Oplls
2707 790 2894 856 fuerit,
2932 801 3217 860 propterea
3267 793 3410 862 quod

1846 889 2005 946 facile
2046 890 2184 943 factu
2229 889 2319 952 sit,
2367 895 2425 940 ut
2473 885 2670 955 aliquis
2710 894 2932 956 propter
2993 885 3411 953 imprudentiam

1845 980 2050 1051 optimo
2073 978 2354 1048 proposito
2380 977 2525 1032 dicat
2551 990 2671 1045 quae
2695 975 2796 1030 sibi
2827 974 3052 1029 minime
3097 974 3208 1028 sint
3236 975 3406 1029 utilia.

1845 1072 1979 1127 Nam
2014 1073 2060 1128 si
2091 1071 2250 1126 Petro
2282 1071 2413 1125 utile
2451 1079 2571 1124 erat
2600 1069 2667 1123 ad
2695 1067 2999 1123 habendam
3045 1079 3250 1137 partem
3287 1084 3406 1123 cum

1844 1162 1992 1229 Jesu,
2034 1173 2094 1218 ut
2137 1164 2220 1218 sui
2256 1165 2424 1234 pedes
2454 1162 2767 1216 lavarentur
2799 1159 2868 1214 ab
2913 1164 3062 1230 ipso,
3116 1170 3169 1215 et
3222 1161 3410 1215 Petrus

1845 1255 2098 1309 nesciens
2136 1253 2267 1308 utile
2296 1255 2398 1309 hoc
2425 1268 2572 1319 esse,
2622 1253 2776 1322 prius
2809 1253 3027 1321 quidem
3060 1251 3209 1318 illud,
3245 1253 3408 1308 veluti

1844 1346 2184 1412 addubitans,
2242 1346 2381 1400 dixit
2414 1347 2722 1401 verecunde
2752 1386 2768 1410 ,
2805 1363 2826 1396 ι
2865 1343 3122 1410 Domine,
3172 1355 3227 1399 tu
3277 1345 3407 1398 mihi

1843 1437 1989 1492 lavas
2015 1437 2216 1508 pedes?
2250 1457 2270 1490 ι
2303 1452 2366 1493 ac
2393 1437 2570 1492 denuo
2603 1454 2615 1488 :
2653 1455 2672 1488 ι
2713 1435 2832 1491 Νοιι
2865 1435 3068 1490 lavabis
3095 1435 3222 1490 mihi
3250 1435 3412 1506 pedes

1843 1531 1897 1585 in
1929 1541 2213 1597 aeternum,
2254 1551 2272 1583 ι
2303 1541 2358 1586 et
2382 1531 2547 1603 412
2581 1545 2702 1601 qua:
2721 1529 2918 1585 Petrus
2953 1529 3190 1595 dicebat,
3226 1529 3411 1599 prohi-

1840 1623 2040 1678 hebant
2064 1639 2200 1693 opus
2229 1624 2371 1694 quod
2408 1639 2472 1678 eo
2493 1638 2614 1678 eum
2640 1623 2915 1690 eveheret,
2945 1632 3003 1676 ut
3034 1621 3259 1676 haberet
3283 1637 3410 1692 par-

135 1722 239 1774 καὶ
284 1721 366 1775 τὰ
406 1720 676 1794 λεγόμενα
715 1725 990 1780 κωλυτικά
1034 1722 1103 1798 ἦν
1139 1727 1300 1800 ἔργου
1351 1728 1446 1782 τοῦ
1489 1729 1706 1800 φέροντο

1907 1733 1952 1769 m
1992 1731 2115 1771 cum
2167 1715 2483 1781 Servatore,
2516 1715 2860 1784 perspicuum
2888 1725 2992 1781 est,
3030 1714 3244 1768 etiamsi
3275 1728 3408 1768 sano

136 1812 317 1867 αὑτὸν
343 1813 442 1868 ἐπὶ
464 1787 525 1868 τὸ
540 1787 691 1886 ’ἔχειν
724 1818 860 1889 μετά
887 1819 978 1872 τοῦ
1001 1787 1250 1893 Σωτῆρος
1269 1822 1329 1875 τὸ
1354 1787 1537 1894 μέρος,
1557 1787 1706 1894 δῆλον

1907 1809 2136 1879 oposito,
2159 1809 2532 1863 etvenerando
2557 1810 2625 1862 ad
2648 1808 3039 1878 Praeceptorem
3059 1806 3162 1862 hoc
3191 1805 3407 1872 dixerit,

134 1906 248 1969 ὅτι,
294 1908 350 1960 εί
397 1906 492 1961 καὶ
531 1908 675 1978 ὑγιεῖ
707 1910 964 1980 προθέσει
1001 1915 1097 1966 καὶ
1137 1913 1416 1984 σεϐασμίῳ
1470 1913 1604 1984 πρὸς
1646 1914 1736 1967 τὸν

142 1997 492 2056 Διδάσκτλον
530 1999 688 2055 τοῦτο
729 2002 933 2072 ἔλεγεν,
984 2003 1290 2069 ἐπιϐλαϐῶς
1329 2007 1509 2078 ἑαυτῷ
1561 2008 1731 2076 ἔλεγε.

139 2083 328 2139 Τοῦτο
367 2086 427 2141 δὲ
466 2089 710 2143 τοιούτου
757 2092 932 2157 είδους
968 2093 1076 2147 τῶν
1107 2095 1520 2166 ἁμαρτημάτων
1556 2097 1584 2148 ὁ
1624 2096 1738 2168 βίος

142 2176 517 2252 πεπλήρωται
547 2181 657 2236 τῶν
689 2185 746 2238 ἐν
772 2183 851 2256 τῷ
879 2187 1175 2251 πιστεύειν,
1205 2188 1608 2259 προτιθεμένων
1637 2187 1736 2259 μὲν

139 2269 212 2325 τὰ
260 2270 587 2343 κρείττονα,
633 2275 722 2330 διὰ
759 2275 816 2330 δὲ
859 2277 1084 2346 ἄγνοιαν
1119 2279 1188 2332 τὰ
1239 2283 1331 2334 ἐπὶ
1387 2281 1446 2334 τὸ
1496 2283 1736 2337 ἐναντίον

144 2358 396 2431 φέροντα
437 2361 723 2431 λεγόντων,
756 2367 789 2437 ἢ
820 2367 913 2420 καὶ
955 2370 1323 2441 πραττόντων.
1366 2372 1477 2425 Καὶ
1506 2371 1735 2426 τοιοῦτοί

139 2452 209 2520 γέ
250 2455 398 2508 εἰσιν
429 2457 479 2508 οί
523 2456 602 2522 τὸ,
653 2476 671 2509 ι
699 2459 791 2531 Μὴ
830 2459 972 2531 ἅψῃ,
1014 2463 1087 2532 μὴ
1139 2463 1330 2534 γεύσῃ,
1385 2465 1458 2537 μὴ
1505 2464 1681 2537 θίγῃς,
1711 2486 1728 2518 ι

145 2541 483 2612 φάσκοντες,
519 2563 538 2596 ι
566 2549 694 2619 περὶ
729 2549 946 2605 πάντων
975 2551 1082 2605 τῶν
1114 2554 1194 2615 είς
1231 2552 1456 2625 φθορὰν,
1483 2556 1576 2607 καὶ
1602 2556 1735 2608 ἀπόο

144 2649 350 2704 χρησιν
375 2655 394 2687 ι
427 2636 536 2691 τῶν
575 2638 898 2711 ἀνθρώπων,
932 2641 1075 2694 κατά
1111 2659 1234 2695 τινα
1273 2643 1408 2696 πολὺ
1450 2644 1549 2714 τῆς
1579 2645 1728 2709 θείας

143 2725 561 2798 ὑποσεσηκυίαν
600 2731 708 2786 τῶν
751 2730 826 2797 ὼς
867 2732 1152 2806 ἄνθρωπος
1197 2737 1438 2808 ἀποθάνῃ
1485 2738 1735 2792 διδασκα-

146 2816 264 2870 λίαν
295 2820 432 2892 (98).
467 2819 534 2872 Τί
569 2821 625 2876 δὲ
660 2823 900 2896 δεῖ-περὶ
940 2826 1048 2879 τῶν
1089 2831 1146 2882 ἐν
1186 2831 1300 2892 ταῖς
1329 2829 1570 2900 αἱρέσεσι
1603 2831 1732 2884 κλυ-

146 2909 527 2983 δωνιζομένων
576 2915 671 2969 καὶ
715 2919 1160 2990 περιφερομένων
1211 2923 1372 2975 παντὶ
1419 2923 1603 2994 ἀνέμῳ
1641 2924 1732 2977 ἐπὶ

147 3003 247 3073 τήν
276 3006 508 3062 κυϐείαν
531 3008 642 3063 τῶν
671 3008 972 3081 ἀνθρώπων
993 3011 1196 3081 λέγειν,
1214 3013 1602 3069 διαλαλούντων
1623 3015 1732 3087 (99)

150 3100 396 3170 σωτήρια
419 3100 489 3155 τὰ
525 3101 768 3175 ὀλέθρια,
794 3106 888 3159 καὶ
914 3110 989 3170 ὡς
1018 3108 1111 3161 ἐπὶ
1142 3109 1399 3181 σεϐασμῷ
1428 3109 1521 3163 τοῦ
1557 3109 1730 3182 Ἰησοῦ
1759 3127 1799 3185 C

148 3187 216 3241 τά
261 3189 438 3261 ψεύδη
481 3196 609 3264 περὶ
645 3196 808 3249 αὐτοῦ
851 3197 1216 3263 δοξαζόντων;
1263 3201 1530 3265 Πολλάκις
1557 3202 1614 3255 δὲ
1643 3203 1735 3257 τὸν

150 3280 356 3354 Πέτρον
412 3285 715 3360 τοιοῦτονὴ
751 3289 790 3341 Γ
797 3290 941 3362 ραφὴ
990 3293 1368 3364 ἐσημειώσατο
1409 3294 1734 3368 θερμότερον

151 3375 228 3438 είς
277 3375 341 3429 τὺ
399 3378 832 3448 ἐπαγγέλλεσθαι
879 3382 949 3436 τὰ
1001 3384 1298 3454 φαινόμενα
1357 3385 1504 3457 αὐτῷ
1552 3386 1734 3458 κρείτ-

149 3478 308 3517 τονα·
358 3467 610 3543 καθάπερ
660 3473 754 3524 καί⁵
814 3472 872 3527 ἐν
911 3473 990 3545 τῷ
1033 3473 1402 3540 ἀνεξετάστως
1459 3477 1733 3549 εἰρημένῳ

154 3555 245 3607 καὶ
273 3554 615 3629 ἀθετητικῶς
643 3561 743 3631 τῆς
785 3562 958 3634 Ἰησοῦ
993 3565 1121 3636 περὶ
1164 3565 1271 3618 τῶν
1307 3568 1564 3638 μαθητῶν
1597 3585 1732 3640 προ-

152 3648 379 3717 φητείας
413 3649 691 3714 εἰπόντος,
726 3671 744 3703 ι
775 3653 983 3717 Πάντες
1016 3655 1170 3726 ὑμεῖς
1206 3659 1729 3733 σκανδαλισθήσεσθε

152 3735 208 3788 ἐν
245 3738 370 3808 ἐμοὶ
415 3741 478 3793 ἐν
509 3743 574 3812 τῇ
611 3743 764 3796 νυκτὶ
802 3743 1010 3818 ταύτῃ,
1050 3764 1069 3797 ι
1107 3747 1200 3799 καὶ
1229 3747 1326 3818 τὴν
1367 3751 1544 3807 αἰτίαν
1584 3771 1730 3828 παρ-

154 3831 398 3896 ιστάντος
451 3834 525 3905 (1)
572 3836 630 3888 ἐν
693 3835 804 3907 τῷδ
861 3857 880 3888 ι
922 3838 1234 3910 Γέγραπται
1287 3843 1397 3915 γάρ
1431 3862 1445 3874 ⁸
1498 3847 1730 3913 Πατάξω

151 3921 242 3974 τὸν
273 3925 530 3996 ποιμένα,
559 3926 652 3980 καὶ
675 3926 1222 4002 διασκορπισθήσεται
1247 3933 1315 3987 τὰ
1355 3935 1602 4006 πρόϐατα
1631 3938 1730 4010 τῆς

154 4015 416 4087 ποίμνης·
446 4037 465 4069 ι
502 4018 870 4083 ἀνεξετάστως
895 4021 1002 4093 γὰρ
1035 4024 1171 4094 πρὸς
1199 4025 1376 4093 τοῦτο,
1419 4027 1512 4080 καὶ
1540 4029 1728 4101 ἀθετη-

151 4107 314 4171 τικῶς
340 4109 439 4180 τῆς
480 4111 653 4181 Ἰησοῦ
682 4112 1006 4182 ἀποφάσεως
1035 4111 1154 4168 εἷπε
1187 4117 1280 4170 τό·
1317 4136 1336 4172 ι
1369 4121 1430 4173 Ei
1465 4121 1560 4174 καὶ
1592 4123 1728 4177 πάν-

152 4213 240 4262 τες
275 4201 826 4274 σκανδαλισθήσονται
867 4207 925 4259 ἐν
959 4208 1041 4260 σοὶ
1074 4207 1170 4279 (2),
1203 4210 1313 4279 ἐγὼ
1340 4213 1398 4265 οὑ
1445 4213 1727 4268 σκανδαλι-

157 4289 450 4364 σθήσομαι·
484 4313 502 4344 ι
539 4295 634 4348 καὶ
665 4295 843 4361 τοῦτο,
886 4296 966 4351 ἔτι
997 4300 1117 4353 τότε
1157 4305 1425 4374 προπετὲς
1464 4305 1522 4359 ὃν
1561 4307 1619 4359 ἐν
1655 4309 1720 4379 τῇ

154 4379 292 4454 ψυχῇ
340 4386 526 4450 αὑτοῦ,
573 4388 742 4444 αἴτιον
789 4390 821 4461 ἢ
859 4391 952 4444 καὶ
1000 4392 1193 4461 γέγονε
1225 4395 1320 4448 τοῦ
1352 4397 1492 4468 ὑπὲρ
1523 4397 1584 4452 τὸ
1629 4399 1724 4470 μέ-

156 4486 276 4543 τρον
307 4477 512 4532 τούτων
541 4478 742 4533 λοιπῶν
784 4480 1183 4553 σκανδαλισμωῖῐ
1218 4486 1592 4557 ἡμαρτηκέναι
1624 4488 1719 4541 αὐ-
1750 4478 1794 4534 D

155 4560 260 4626 τὸν,
303 4565 679 4639 ἀρνησάμενον
721 4569 812 4623 τὸν
855 4570 1060 4642 Ἰησοῦν
1103 4573 1224 4645 τρὶς
1278 4576 1407 4645 πρὶν
1459 4578 1720 4649 ἀλεκτρο-

161 4655 386 4721 φωνίας·
421 4659 630 4733 διόπερ,
663 4661 963 4733 ἐπιστήσας
995 4665 1218 4740 τοιαύτῃ
1255 4667 1498 4740 προτέρᾳ
1525 4669 1716 4723 ἐαυτοῦ

159 4751 472 4822 προπετείᾳ,
510 4752 763 4827 ὠφελήθη
817 4754 994 4828 (5)τά
1045 4757 1307 4829 μέγιστα,
1358 4760 1434 4825 ὡς
1465 4762 1716 4829 γενέσθαι

163 4834 548 4909 στιϐαρώτατος
583 4843 677 4896 καὶ
723 4845 1234 4917 μακροθυμότατοςο
1266 4847 1402 4919 ὅπερ
1439 4847 1712 4919 δηλοῦται,

161 4923 360 4981 Παύλου
390 4933 486 5001 μὲν
514 4934 758 5000 είπόντος
799 4937 948 5008 αὐτῷ
981 4936 1291 5010 ἔμπροσθεν
1319 4937 1533 4992 πάντων
1552 4978 1566 5003 ,
1605 4959 1622 4987 σ
1653 4940 1715 4994 Et

165 5015 243 5081 σὺ,
279 5016 518 5090 Ἰουδαῖος
550 5027 831 5099 ὑπάρχων,
876 5029 1104 5095 ἐθνικῶς
1144 5033 1238 5086 καὶ
1273 5029 1370 5084 οὐκ
1415 5031 1717 5099 Ἰουδαϊκῶς

163 5104 273 5178 ζῇς,
305 5114 420 5179 πῶς
455 5117 524 5171 τά
569 5117 694 5190 ἔθνη
736 5121 1064 5190 ἀναγκάζεις
1105 5122 1440 5191 Ἰουδαῖξειν;
1467 5143 1486 5176 ι
1524 5127 1618 5180 καὶ
1647 5125 1716 5180 τὰ

166 5196 300 5271 ἑξῆς,
329 5206 422 5261 τοῦ
450 5209 506 5264 δὲ
539 5211 677 5282 μετά
706 5212 918 5278 στίϐους
958 5216 1350 5285 σιωπήσαντος,
1386 5219 1514 5289 περὶ
1553 5212 1613 5273 οὖ
1655 5219 1715 5274 ἐν

230 5321 275 5405 1'
299 5322 451 5405 ioan.
481 5345 605 5405 xm,
633 5331 666 5388 6
700 5349 816 5405 seq.

174 5390 396 5453 "Galat.
428 5415 487 5467 ll,
509 5390 595 5458 μζ

178 5483 1249 5601 n.f;?ﬁl..€‘§r.sa.ﬁt?:°szi?aHem
1260 5502 1702 5601 Ξέίῖξῗέἶέίέλέέῗὲ

219 5566 384 5646 agitus
409 5566 487 5620 sic
509 5566 798 5646 intelligit:
835 5569 988 5638 juxta
1023 5566 1308 5639 quamdam
1339 5574 1520 5628 divina
1553 5575 1709 5646 longe

177 5621 990 5756 menitzaegildoctriiiam,‘quae
1027 5621 1113 5696 res
1139 5654 1428 5710 monstrat,
1454 5660 1547 5715 per

243 5761 344 5837 (99)
381 5769 552 5830 Codex
576 5774 791 5849 Regius,
831 5781 992 5848 male,
1017 5778 1386 5838 διαλαλοῦντα.

1840 1911 2102 1958 nocenter
2134 1901 2236 1956 sibi
2268 1898 2695 1969 dixisse.ltaque
2724 1899 2826 1954 hac
2855 1898 3040 1969 specie
3063 1907 3406 1969 peccatorum

1837 1993 1947 2047 vita
1984 2006 2174 2048 eorum
2205 1990 2415 2060 repleta
2447 1998 2552 2056 est,
2587 1993 2678 2060 qui
2713 1992 2842 2046 dum
2867 1992 2934 2045 ad
2960 1990 3120 2044 ﬁdem
3154 1990 3406 2054 veniunt,

1837 2099 1928 2139 res
1979 2082 2202 2154 quidem
2257 2091 2568 2151 pr0ponunt
2618 2081 2722 2136 sibi
2771 2090 3140 2151 prmstantes:
3188 2090 3408 2151 propter

1837 2177 2196 2249 ignorantiam
2238 2183 2448 2242 tamen,
2488 2189 2612 2246 quae
2646 2175 2702 2230 in
2737 2175 3078 2231 contrarium
3103 2174 3409 2228 ducuntdi-

1837 2279 1988 2341 cunt,
2014 2273 2100 2328 vel
2126 2273 2292 2329 etiam
2327 2273 2552 2330 faciunt.
2593 2270 2772 2340 Atque
2819 2271 3126 2337 huiusmodi
3164 2268 3408 2339 profecto

1835 2377 1964 2422 sunt
1990 2366 2083 2436 qui
2110 2367 2304 2421 dicunt
2338 2382 2352 2420 :
2403 2384 2421 2418 ι
2451 2363 2528 2420 Ne
2559 2362 2830 2434 tetigeris,
2875 2376 3050 2432 neque
3088 2361 3405 2434 gustaveris,

1837 2472 2017 2527 neque
2043 2455 2501 2521 contrectaveris,
2537 2455 2604 2510 de
2632 2454 2884 2509 omnibus
2905 2469 3024 2523 qua:
3050 2461 3178 2508 sunt
3205 2453 3256 2506 in
3287 2466 3409 2507 cor-

1838 2549 2144 2616 ruptionem
2186 2556 2242 2604 et
2282 2547 2511 2602 abusum
2547 2563 2570 2600 ι
2608 2545 2980 2610 hominum“,
3023 2546 3177 2615 juxta
3219 2561 3407 2614 quam-

1837 2639 1960 2694 dam
1998 2639 2179 2696 divina
2225 2639 2384 2711 longe
2418 2636 2732 2694 inferiorem
2771 2639 3076 2694 doctrinam
3105 2652 3291 2694 earum
3319 2655 3406 2694 re-

1835 2747 1978 2800 rum,
2025 2746 2121 2801 per
2167 2747 2302 2802 quas
2343 2733 2506 2789 homo
2551 2733 2705 2803 quasi
2749 2733 3006 2789 moritur.
3051 2733 3191 2800 Quid
3224 2743 3402 2790 autem

1834 2823 2018 2879 dicere
2042 2832 2254 2896 oportet
2285 2825 2352 2881 de
2398 2826 2486 2880 his
2531 2824 2623 2894 qui
2676 2824 2729 2878 in
2766 2824 3068 2880 haeresibus
3119 2825 3403 2890 ﬂuctuant,

1834 2915 2037 2986 quique
2064 2917 2211 2972 omni
2237 2928 2401 2973 vento
2424 2917 2882 2973 circumferuntur
2907 2919 2951 2950 ⁷¹
2974 2933 3071 2988 per
3105 2918 3401 2973 versutiam

1835 3008 2117 3063 hominum
2161 3008 2557 3078 divulgantium
2589 3009 2850 3065 salutaria
2896 3024 3015 3066 esse
3057 3025 3178 3079 quae
3223 3011 3405 3079 perui-

1834 3098 1971 3154 ciem
1998 3097 2252 3166 afferunt,
2276 3115 2339 3156 ac
2371 3108 2627 3171 tanquam
2652 3102 2706 3157 in
2731 3103 2992 3156 honorem
3023 3098 3148 3155 Jesu
3181 3099 3315 3156 falsa
3337 3101 3404 3155 de

1835 3192 1954 3262 ipso
1982 3194 2362 3264 opinantium?
2384 3192 2602 3249 Petrum
2633 3197 2820 3266 itaque
2841 3209 3221 3266 saepenumero
3253 3195 3402 3252 Scri-

1832 3292 1990 3353 ptura
2023 3283 2180 3338 talem
2209 3285 2420 3340 notavit
2446 3283 2838 3342 ferventiorem
2882 3288 2949 3341 ad
2979 3287 3398 3356 promittendum

1832 3391 1952 3445 qua:
1975 3375 2078 3430 sibi
2105 3375 2430 3433 videbantur
2465 3377 2691 3432 meliora
2716 3394 2730 3444 ;
2755 3379 3210 3448 quemadmodum
3235 3379 3397 3434 etiam

1833 3467 1887 3522 iu
1915 3482 1981 3522 eo
2012 3469 2155 3537 quod
2186 3468 2325 3523 dixit
2345 3469 2552 3538 absque
2584 3469 2689 3523 ulla
2716 3470 3119 3525 examinatione
3146 3485 3210 3525 ac
3231 3469 3398 3525 veluti

1831 3576 2094 3629 spernens
2123 3564 2466 3634 prophetiam
2495 3561 2622 3618 Jesu
2674 3563 2740 3617 de
2787 3562 3069 3632 discipulis
3132 3563 3393 3627 dicentis,

1836 3672 1854 3704 ι
1887 3651 2090 3710 Omnes
2117 3671 2216 3711 vos
2239 3654 2590 3711 oti'endemini
2619 3669 2736 3709 mea
2759 3670 2926 3710 causa
2964 3665 3121 3710 nocte
3150 3657 3251 3711 hac
3275 3657 3341 3721 ",
3373 3677 3392 3708 ι

1829 3754 1885 3799 et
1921 3761 2140 3802 causam
2173 3747 2512 3802 ostendentis
2549 3747 2602 3802 in
2637 3761 2703 3803 eo
2742 3747 2883 3817 quod
2915 3749 3034 3802 ait:
3068 3767 3086 3800 ι
3126 3747 3395 3818 Scriptum

1829 3847 1917 3892 est
1966 3839 2153 3894 enim:
2196 3837 2506 3892 Percutiam
2558 3847 2860 3907 pastorem,
2912 3849 2968 3895 et
3023 3840 3397 3910 dispergentcr

1827 3942 1956 3984 oves
1988 3929 2253 4000 gregis";
2286 3948 2309 3984 ι
2348 3930 2551 3999 absque
2575 3930 2676 3984 ulla
2709 3931 2850 3984 enim
2879 3931 3300 3996 examinatione,
3344 3941 3400 3984 et

1827 4023 1983 4093 quasi
2013 4038 2276 4092 spernens
2323 4022 2758 4080 enuntiationem
2787 4021 2938 4086 Jesu,
2969 4023 3107 4078 dixit
3145 4024 3211 4078 ad
3243 4025 3345 4078 hoc
3378 4038 3388 4071 ε

1831 4133 1851 4167 ι
1889 4115 2112 4170 Etiamsi
2147 4129 2340 4170 omnes
2369 4113 2716 4171 oﬁ'endantur
2751 4125 2839 4171 tua
2866 4130 3053 4180 causa,
3084 4130 3184 4184 ego
3215 4125 3392 4170 tamen

1825 4221 2100 4276 nunquam
2131 4205 2476 4274 offendar";
2507 4226 2527 4260 ι
2555 4209 2608 4263 id
2629 4209 2772 4278 quod
2803 4217 2915 4262 tum
2949 4208 3207 4278 temporis
3228 4219 3398 4263 teme-

1825 4302 2031 4354 rarium
2060 4299 2332 4356 exsistens
2372 4301 2426 4355 in
2461 4302 2645 4357 animo
2689 4302 2884 4372 ipsius,
2925 4301 3089 4356 etiam
3133 4302 3188 4354 in
3229 4315 3392 4355 causa

1825 4389 1925 4445 fuit
1977 4398 2038 4446 ut
2077 4393 2478 4463 graviore'prae
2510 4397 2724 4452 caeteris
2755 4396 2906 4464 lapsu
2943 4393 3184 4463 peccarit
3239 4393 3353 4463 ipse
3377 4432 3391 4455 ,

1822 4481 2006 4540 Jesum
2031 4494 2112 4540 ter
2138 4488 2381 4556 negando
2405 4493 2532 4542 ante
2552 4488 2677 4558 galli
2711 4499 2954 4544 cantum.
2997 4488 3147 4543 Hanc
3174 4486 3244 4541 ob
3261 4502 3392 4541 cau-

1824 4589 1940 4632 sam
1976 4577 2135 4633 talem
2169 4580 2251 4634 sui
2285 4580 2456 4650 ipsius
2490 4581 2854 4638 temeritatem
2896 4581 3130 4651 priorem
3161 4580 3392 4650 diligen-

1827 4668 1938 4724 tius
1984 4684 2108 4725 cum
2148 4676 2534 4743 perspexisset,
2589 4675 2885 4729 maximum
2935 4690 3003 4730 ex
3057 4688 3122 4728 ea
3157 4671 3389 4728 fructum

1821 4759 2086 4830 percepit,
2131 4760 2267 4818 adeo
2320 4771 2382 4818 ut
2428 4771 2614 4833 postea
2667 4761 2845 4820 factus
2891 4765 2963 4821 sit
3016 4764 3387 4835 fortissimus,

1818 4860 1982 4922 atque
2026 4854 2097 4908 ad
2146 4855 2402 4924 quidquid
2442 4856 2736 4914 accidisset
2785 4859 3168 4929 aequanimiter
3211 4859 3385 4915 feren-

1816 4943 1943 4998 dum
1990 4945 2407 5015 paratissimus;
2463 4950 2607 5018 quod
2655 4951 2970 5006 declaratur
3019 4966 3086 5005 ex
3132 4965 3198 5005 eo
3246 4954 3388 5022 quod

1812 5033 1982 5092 Paulo
2009 5035 2222 5092 dicente
2241 5037 2315 5092 illi
2341 5051 2529 5092 coram
2555 5042 2824 5109 omnibus,
2845 5040 2933 5098 «Si
2953 5050 3012 5096 tu
3025 5039 3242 5096 Judaeus
3262 5054 3385 5094 cun.

1812 5127 1914 5194 sis,
1938 5130 2214 5199 gentiliter
2236 5133 2393 5203 vivis,
2412 5146 2600 5193 etnon
2623 5133 2873 5202 Judaiee,
2903 5137 3385 5206 quomodogentes

1812 5221 1964 5293 cogis
1999 5220 2309 5279 Judasorum
2343 5240 2494 5282 more
2520 5225 2811 5282 vivere"?
2849 5244 2871 5279 ι
2913 5235 2968 5282 et
2992 5241 3114 5296 qua:
3148 5238 3385 5290 sequun-

902 5336 944 5366 ⁷⁸
979 5335 1155 5394 Colos.
1195 5353 1255 5405 ιι,
1279 5338 1370 5407 21,
1396 5337 1486 5395 22.
1560 5341 1607 5372 ⁷³
1649 5341 1706 5411 Et

1907 5359 1951 5410 ν,
1989 5342 2074 5400 l4.
2152 5345 2199 5377 ⁷⁸
2227 5344 2588 5432 Matthdxw,
2620 5347 2711 5403 51.
2789 5348 2835 5380 ⁷⁸
2863 5345 2994 5403 ibid.
3068 5345 3115 5378 "
3145 5344 3276 5400 ibid.
3316 5344 3386 5398 55

1910 5508 1960 5583 ί)
1989 5507 2168 5583 {Iudex
2195 5508 2421 5583 Regius,
2441 5509 2602 5583 male,
2637 5507 3006 5583 περιστάντος.

1907 5575 1965 5651 2)
1994 5576 2136 5651 Idem
2173 5575 2364 5651 (ιυιιὶθιι⁸
2386 5578 2626 5651 Regius,
2674 5575 2951 5642 mendose,
2991 5575 3385 5649 σκανδαλισθή-

1815 5647 2090 5722 σεσθαι-ἐν
2106 5647 2408 5722 ἐμοὶ,ἐγιξ,
2431 5647 2537 5722 eic.

1887 5721 1964 5791 (5)
2007 5716 2151 5777 Ideni
2176 5716 2343 5778 codex
2365 5719 2587 5793 Regius,
2619 5720 2777 5784 male,
2800 5716 3168 5790 ὠφεληθῆναι.
