3712 6138
346 326 455 387 755

1798 317 2117 375 ORIGENIS
3471 303 3546 363 756

347 457 468 515 tur,
497 447 586 502 hic
616 459 738 501 cum
777 439 1091 499 fortitudine
1134 438 1341 505 tacuit,
1385 437 1465 510 [et
1504 436 1850 507 patientissin

1975 484 1977 493 ,
2006 436 2073 505 τῇ
2106 431 2243 503 πρὸς
2276 416 2522 492 Γαλάτας
2549 420 2984 500 οίκειότερόντις
3009 426 3349 500 διαλήψεται.
3379 427 3482 479 Καὶ
3503 430 3548 480 ἐν

346 542 489 613 quod
532 539 625 594 illo
678 536 905 615 inloco
942 549 1061 589 cum
1111 533 1319 586 ratione
1362 531 1563 584 factum
1592 528 1766 583 fuerat
1798 543 1905 582 non

345 628 575 701 docuil,]
607 644 713 699 qua
743 628 809 682 de
843 641 899 680 re
928 621 1391 679 accommodatius
1427 620 1550 690 quis
1584 619 1639 673 in
1666 619 1903 688 EpiStola

342 723 407 773 ad
431 719 652 776 Galatas
685 702 1004 785 disputabit.
1040 713 1178 781 Quin
1216 713 1270 766 in
1300 711 1667 782 apostolorum
1690 724 1906 781 quoque

339 812 491 866 Actis
516 811 817 866 constantia
848 807 1017 877 ipsius
1046 807 1109 859 ad
1132 803 1375 859 eamdem
1410 804 1698 874 imaginem
1719 811 1904 858 trans-

340 902 552 957 formati
595 901 796 972 patebit
839 897 1045 968 singula
1100 896 1516 952 observantibus
1561 905 1618 950 et
1669 907 1899 950 mentem

339 990 742 1046 adhibentibus.
779 989 944 1059 Igitur
973 987 1074 1040 hoc
1109 987 1273 1040 etiam
1303 987 1357 1040 in
1395 984 1531 1048 loco,
1575 983 1725 1051 Jesu,
1753 986 1897 1053 quia

335 1096 493 1136 coena
517 1090 848 1144 surrexerat,
871 1078 1031 1150 5.13
1057 1087 1111 1133 et
1131 1086 1385 1147 posuerat
1411 1078 1752 1141 vestimenta,
1778 1079 1901 1147 qui-

336 1187 440 1240 que
463 1172 826 1242 praecinxerat
860 1186 920 1225 se
948 1184 1013 1225 eo
1049 1169 1215 1224 linteo
1266 1169 1408 1239 quod
1436 1180 1744 1239 acceperat,
1776 1170 1899 1239 qui-

332 1277 439 1331 que
491 1272 744 1332 posuerat
800 1278 994 1332 aquam
1032 1263 1083 1315 in
1134 1260 1349 1331 pelvim,
1386 1269 1549 1330 atque
1599 1260 1900 1330 incmperat

331 1351 516 1408 lavare
546 1355 710 1423 pedes
739 1352 1125 1423 discipulorum
1157 1362 1210 1407 et
1252 1353 1568 1423 abstergere
1596 1352 1762 1408 linteo
1787 1369 1894 1423 quo

330 1452 449 1499 erat
499 1446 846 1514 praecinctus,
900 1458 1024 1499 cum
1053 1458 1245 1499 omnes
1289 1444 1660 1499 exhibuissent
1703 1444 1892 1514 pedes,

329 1546 726 1607 consequenter
745 1538 980 1606 Opinioni
1008 1552 1170 1607 quam
1205 1535 1317 1605 jam
1346 1545 1475 1591 ante
1507 1538 1574 1592 de
1598 1533 1723 1591 Jesu
1762 1551 1895 1592 con-

328 1637 610 1697 ceperant,
638 1628 884 1684 videntes
908 1629 1053 1699 quod
1086 1627 1209 1683 talis
1248 1642 1355 1682 non
1402 1628 1520 1683 sine
1550 1642 1736 1693 causa,
1764 1643 1888 1696 nec,

2008 526 2127 589 ταῖς
2184 520 2422 593 Πράξεσι
2474 520 2532 573 δὲ
2575 517 2683 572 τῶν
2727 518 3032 573 ἀποστόλων
3054 560 3070 585 ,
3116 519 3177 572 τὸ
3236 516 3547 589 καθεστηκὸς

2008 615 2171 670 αὐτοῦ
2217 617 2296 679 εἰς
2344 613 2441 686 τὴν
2490 612 2660 683 αὐτὴν
2693 611 2768 683 (4)
2820 610 3002 664 είκόνα
3056 610 3546 682 μεταμορφωθέντος

2004 707 2118 769 τοῖς
2145 704 2357 777 ἐκάστῳ
2384 704 2635 773 ἐφιστᾶσι
2661 704 2752 758 καὶ
2796 701 3120 774 προσέχουσι
3148 704 3420 771 φανεῖται.
3458 704 3547 757 Καὶ

2004 797 2191 852 ἐνθάδε
2230 798 2404 850 τοίνυν
2455 794 2732 867 ἐγερθέντι
2779 794 2859 866 τῷ
2892 794 3064 866 Ἰησοῦ
3098 796 3161 848 ἐκ
3201 793 3303 847 τοῦ
3334 794 3546 859 δείπνου,

2002 890 2096 943 καὶ
2129 888 2270 942 θέντι
2293 889 2361 942 τά
2382 868 2599 959 ίμάτια,
2641 887 2735 941 καὶ
2771 886 3156 957 διαζωσαμένῳ
3186 886 3216 939 ὃ
3240 885 3431 957 εἴληφε
3455 885 3551 940 λένο

2000 998 2136 1045 τιον,
2176 980 2269 1035 καὶ
2312 980 2554 1051 βάλλοντι
2589 978 2731 1050 ὕδωρ
2757 978 2837 1041 είς
2867 978 2958 1033 τὸν
2996 978 3255 1051 νιπτῆρα,
3291 979 3386 1032 καὶ
3412 978 3551 1050 ἀρξα·

2004 1073 2151 1144 μένῳ
2180 1074 2306 1137 τοὺς
2339 1071 2505 1135 πόδας
2538 1073 2744 1127 νίπτειν
2773 1071 2880 1125 τῶν
2925 1070 3200 1142 μαθητῶν,
3234 1071 3336 1125 καὶ¹
3368 1072 3549 1141 ἐκμάσ-

2001 1182 2114 1218 σειν
2144 1165 2219 1236 τῷ
2254 1165 2444 1236 λεντίῳ
2538 1161 2607 1236 ἦν
2647 1164 3023 1236 διεζωσμένος,
3066 1165 3269 1227 πάντες
3305 1164 3404 1235 μὲν
3428 1182 3551 1236 παρ-

1999 1259 2140 1327 εῖχον
2166 1259 2293 1322 τοὺς
2328 1257 2491 1321 πόδας
2540 1258 2829 1312 ἀκόλουθον
2853 1261 2919 1330 τῇ
2954 1257 3080 1329 περὶ
3105 1256 3199 1310 τοῦ
3238 1256 3419 1327 Ἰησοῦ
3439 1276 3552 1328 προ-

1997 1350 2175 1421 λήψει,
2204 1349 2558 1422 θεωροῦντες,
2588 1351 2669 1404 ὅτι
2700 1352 2799 1404 οὐκ
2834 1350 2899 1405 ἂν
2931 1352 2961 1403 ό
2983 1347 3301 1419 τηλικοῦτος
3339 1348 3549 1417 ἀλόγως,

1995 1441 2110 1503 καὶ,
2136 1441 2213 1505 ὡς
2253 1441 2318 1495 ἂν
2360 1443 2407 1494 οἱ
2448 1440 2628 1494 πολλοὶ
2657 1441 2884 1511 λέγοιεν,
2921 1439 3106 1512 βαρεῖν
3152 1442 3283 1504 τοὺς
3323 1440 3550 1511 μαθητὰς

1995 1533 2182 1599 θέλων,
2217 1534 2393 1587 νίπτοι
2421 1533 2600 1588 αὐτῶν
2632 1534 2759 1598 τοὺς
2796 1532 2988 1596 πόδας·
3022 1532 3159 1586 ἀλλά
3201 1550 3255 1586 τι
3299 1533 3549 1604 χρήσιμον

1992 1625 2274 1689 ἐπιτελῶν,
2307 1625 2335 1679 ὃ
2367 1625 2688 1698 περιέμενον
2712 1623 3013 1694 γνώσεσθαι
3040 1624 3291 1696 ὕστερον,
3323 1625 3549 1681 ἐννοοῦν-

327 1727 387 1772 ιιι
414 1718 567 1774 multi
601 1720 867 1785 dicerent,
896 1735 1124 1788 gravare
1162 1719 1348 1776 volens
1392 1720 1710 1790 discipulos,
1743 1720 1850 1776 lava

1991 1734 2084 1782 τες
2128 1719 2338 1790 μήποτε
2384 1719 2649 1790 σύμϐολόν
2686 1735 2831 1783 τινος
2860 1717 3032 1774 ταῦτα
3059 1719 3380 1791 πράττοιτο,
3410 1720 3550 1790 μόνος

327 1808 566 1877 ipsorum
612 1810 812 1879 pedes;
847 1810 940 1866 sed
981 1810 1110 1865 utile
1154 1809 1359 1880 aliquid
1392 1809 1702 1879 perficiens,
1743 1825 1850 1881 quo

1987 1812 2045 1865 δὲ
2058 1813 2088 1865 ό
2106 1812 2310 1883 Πέτρος
2327 1811 2404 1882 τῷ
2426 1811 2827 1883 προχειροτέρῳ
2842 1809 3027 1864 ἐνιδὼν
3048 1810 3169 1881 (ι’),
3192 1811 3293 1864 καὶ
3310 1811 3374 1864 οὐ
3410 1811 3548 1881 μόνος

324 1901 717 1972 exspectabant
775 1903 832 1957 in
869 1911 1141 1971 posterum
1197 1904 1669 1971 cognoscendum:
1707 1903 1889 1958 consi-

323 1993 579 2049 derantes
602 2009 669 2048 ne
704 1991 844 2048 forte
875 1994 989 2049 haec
1039 2005 1331 2064 agerentur
1384 1994 1687 2067 symbolum
1743 1995 1887 2050 exsi-

322 2093 469 2139 stens
491 2085 720 2155 alicujus
752 2086 850 2153 rei,
874 2085 1020 2141 solus
1048 2085 1244 2141 Petrus
1274 2087 1327 2142 id
1362 2086 1504 2155 quod
1552 2087 1603 2141 in
1638 2096 1885 2157 promptu

321 2185 438 2229 erat
466 2186 521 2230 et
558 2185 802 2245 apertum
829 2178 1079 2244 intuitus,
1115 2179 1262 2233 nullo
1295 2178 1403 2235 alio
1424 2179 1651 2234 consilio
1673 2178 1887 2234 adbibi-

322 2279 397 2332 to,
433 2269 599 2323 veluti
643 2269 915 2324 honorans
947 2271 1153 2339 Jesum,
1189 2286 1294 2326 non
1351 2271 1582 2341 praebuit
1628 2271 1704 2326 illi
1757 2286 1886 2327 suos

322 2359 490 2426 pedes
531 2358 818 2425 lavandos,
847 2361 938 2415 sed
971 2362 1206 2429 primum
1232 2362 1453 2431 quidem
1479 2347 1707 2416 tentavit
1734 2361 1882 2417 illum

318 2451 524 2519 pudore
553 2450 877 2520 perfundere
895 2453 1159 2509 dicens":
1192 2453 1470 2520 «Domine,
1501 2462 1555 2508 tu
1582 2454 1713 2509 mihi
1737 2454 1883 2510 lavas

318 2541 522 2609 pedes?
557 2560 576 2594 ι
631 2541 848 2607 deinde,
882 2557 1005 2598 cum
1063 2544 1338 2598 debuisset
1388 2559 1583 2613 parere
1656 2546 1879 2611 dicenti,

322 2649 341 2682 ι
376 2631 526 2699 Quod
570 2647 671 2704 ego
697 2632 857 2701 facio,
891 2644 947 2687 tu
980 2636 1160 2690 nescis
1206 2652 1377 2703 nunc;
1411 2636 1551 2692 scies
1578 2647 1756 2692 autem
1787 2653 1882 2708 po—

316 2732 453 2792 stea,
494 2743 514 2777 ι
543 2725 755 2794 inquit:
787 2746 805 2779 ι
843 2724 958 2781 Non
1000 2727 1131 2781 mihi
1175 2729 1380 2784 lavabis
1420 2730 1584 2800 pedes
1628 2731 1682 2785 in
1718 2741 1879 2786 aeter-

316 2833 466 2873 num.
503 2836 523 2872 »
557 2819 813 2890 Alioquin
856 2821 1018 2874 etiam
1050 2837 1170 2875 cum
1213 2823 1400 2877 caeteri
1434 2823 1682 2892 discipuli
1725 2838 1877 2878 com-

316 2911 590 2965 misissent
618 2912 828 2982 seipsos
856 2912 982 2967 Jesu
1008 2911 1154 2978 fidei,
1188 2915 1255 2969 de
1278 2931 1336 2969 re.
1361 2913 1504 2969 nulla
1532 2914 1610 2969 illi
1650 2921 1875 2970 contra-

313 3003 578 3065 dicentes,
606 3002 694 3058 bic
714 3018 780 3058 ex
803 3005 886 3059 his
907 3020 1026 3074 quae
1043 3004 1194 3069 dicit,
1210 3005 1426 3061 etiamsi
1454 3018 1601 3061 recte
1628 3021 1687 3062 se
1708 3006 1875 3062 verba

314 3093 495 3150 facere
522 3096 768 3165 putabat,
793 3111 898 3150 non
927 3096 1099 3151 solum
1131 3097 1316 3152 Jesum
1343 3100 1577 3165 incusat,
1611 3110 1870 3170 tanquam
1900 3130 1942 3188 ο

311 3183 404 3252 qui
434 3183 552 3239 sine
580 3200 742 3239 causa
780 3186 1165 3256 discipulorum
1207 3189 1372 3257 pedes
1399 3191 1581 3247 lavare
1629 3193 1868 3261 inempe-

311 3275 405 3341 rit,
432 3290 619 3337 verum
645 3277 806 3331 etiam
834 3279 1254 3349 condiscipulos.
1285 3280 1418 3335 Nam
1474 3283 1519 3337 si
1568 3284 1702 3352 ipse,
1755 3283 1870 3353 opi-

310 3367 473 3422 nione
527 3382 647 3431 sua,
684 3368 810 3424 dum
849 3370 1140 3440 prohibere
1198 3372 1399 3436 vellet,
1450 3373 1748 3431 ofﬁciosum
1811 3390 1872 3431 se

308 3460 557 3526 praebuit,
593 3460 700 3515 illis
746 3462 976 3533 idipsum
1010 3477 1116 3518 non
1165 3466 1660 3533 considerantibus,
1704 3470 1867 3523 etiam

308 3544 432 3599 illos
462 3548 738 3602 accusavit
766 3550 857 3618 qui
895 3560 1091 3614 praeter
1119 3553 1357 3608 oliicium
1405 3557 1567 3625 pedes
1617 3572 1752 3613 suos
1784 3557 1868 3611 la-

305 3639 509 3693 vandos
533 3639 658 3695 Jesu
694 3641 1077 3709 prmbuissent.
1127 3645 1307 3715 Atque
1348 3648 1600 3716 equidem
1632 3649 1676 3703 si
1719 3649 1869 3718 cogi-

307 3739 491 3800 tasset,
521 3732 598 3787 rei
638 3749 755 3802 qua:
782 3749 903 3788 cum
939 3737 1152 3793 ratione
1172 3737 1427 3819 edicitur,
1461 3755 1566 3794 nou
1593 3741 1869 3796 contradi-

302 3823 567 3890 cendum,
621 3825 1020 3896 cogitassetque
1072 3829 1396 3885 rationabile
1441 3847 1565 3887 esse
1616 3833 1667 3887 id
1721 3835 1864 3902 quod

304 3914 485 3981 fiebat,
519 3915 645 3971 dum
673 3917 986 3974 lavarentur
1023 3920 1413 3991 discipulorum
1448 3926 1612 3992 pedes
1654 3942 1682 3980 a
1714 3925 1863 3997 Jesu,

303 4003 719 4075 haudquaquam
759 4019 1115 4080 repugnasset
1153 4010 1320 4068 facto.
1365 4014 1725 4081 Quamobrem
1765 4034 1864 4089 ap-

299 4102 453 4159 paret
474 4093 591 4149 sine
611 4094 811 4161 judicio
843 4113 965 4152 eum
994 4100 1256 4171 cogitasse
1296 4102 1625 4159 voluntatem
1648 4104 1774 4162 Jcsu
1800 4109 1866 4164 de

299 4181 543 4236 lavandis
557 4185 779 4252 pedibus
798 4185 1179 4256 discipulorum
1214 4192 1408 4246 rationi
1443 4206 1863 4252 consentaneum

299 4289 407 4328 non
437 4274 627 4330 fuisse.
658 4275 810 4343 Quod
832 4277 878 4333 si
908 4294 1043 4346 opus
1058 4290 1141 4334 est
1166 4281 1503 4352 Scripturam
1532 4291 1861 4356 perscrutari

297 4378 469 4433 usque
516 4365 583 4418 ad
624 4380 687 4420 ea
740 4382 859 4436 qua
901 4368 1127 4425 minima
1162 4386 1282 4427 esse
1329 4384 1605 4444 putantur,
1655 4388 1861 4448 quazret

1987 1903 2046 1956 δέ
2082 1905 2110 1957 ὁ
2150 1902 2356 1974 Πέτρος
2401 1901 2480 1972 τῷ
2536 1902 2934 1973 προχειροτέρῳ
2982 1902 3190 1966 ἐνιδὼν,
3236 1904 3336 1957 καὶ
3377 1904 3547 1957 οὐδένα

1986 1994 2170 2067 ἕτερον
2221 1994 2476 2066 λογισμὸν
2518 1994 2708 2064 ἐκείνῳ
2751 1994 3090 2065 παρατιθεὶς,
3138 1995 3216 2060 ὡς
3255 1995 3432 2051 σέϐων
3469 1995 3546 2050 τὸν

1998 2084 2222 2155 Ἰησοῦν,
2266 2085 2327 2137 οὐ
2390 2089 2649 2156 παρεῖχεν
2694 2084 2857 2139 αὑτοῦ
2902 2088 2980 2149 είς
3027 2086 3088 2140 τὸ
3130 2087 3395 2157 νίψασθαι
3438 2089 3545 2151 τοὺς

1985 2177 2170 2242 πόδας,
2211 2176 2345 2231 ἀλλά
2374 2177 2637 2249 πρότερον
2671 2178 2768 2249 μὲν
2809 2177 3077 2232 δυσωπεῖν
3111 2179 3273 2233 αὑτὸν
3307 2182 3545 2250 ἐπειρᾶτο

1983 2272 2041 2324 ἐν
2064 2270 2174 2341 τῷ·
2216 2290 2234 2323 ι
2261 2269 2451 2342 Κύριε,
2487 2270 2549 2323 σύ
2598 2288 2699 2341 μου
2732 2272 2938 2336 νίπτεις
2974 2272 3101 2334 τοὺς
3133 2271 3336 2338 πόδας;
3364 2292 3382 2324 ι
3427 2273 3546 2344 μετὰ

1981 2364 2039 2418 δὲ
2083 2364 2240 2418 τοῦτο
2281 2364 2397 2419 δέον
2435 2365 2596 2419 αὐτὸν
2628 2365 2911 2437 πεισθῆναι
2952 2366 3045 2434 τὸ,
3088 2387 3107 2419 ι
3142 2370 3206 2421 '0
3248 2368 3369 2438 ἐγὼ
3403 2370 3541 2435 muli,

1985 2458 2048 2510 σὺ
2083 2458 2182 2510 ούκ
2212 2452 2359 2522 οἶδας
2389 2457 2545 2530 ἄρτι·
2579 2457 2765 2532 γνώσῃ
2791 2457 2848 2511 δὲ
2878 2459 3015 2529 μετά
3041 2459 3234 2525 ταῦτα,
3254 2481 3278 2514 ›
3312 2464 3446 2535 φησὶ
3466 2465 3542 2518 τό’

1987 2566 2005 2597 ι
2031 2549 2106 2600 Οὐ
2143 2547 2217 2619 μὴ
2250 2548 2410 2621 νίψῃς
2443 2566 2544 2619 μου
2577 2549 2704 2612 τοὺς
2733 2549 2898 2613 πόδας
2922 2551 3002 2614 είς
3038 2550 3129 2605 τὸν
3168 2553 3367 2608 αἰῶνα.
3390 2573 3409 2606 ι
3440 2554 3547 2608 ’Λλ-

1980 2636 2086 2700 λως
2110 2636 2165 2689 δὲ
2185 2637 2291 2691 τῶν
2314 2637 2512 2693 λοιπῶν
2545 2637 2800 2710 μαθητῶν
2824 2641 3307 2710 ἐμπιστευσάντων
3336 2644 3544 2708 ἑαυτοὺς

1978 2727 2055 2799 τῷ
2094 2728 2297 2801 Ἰησοῦ,
2346 2730 2439 2783 καὶ
2484 2731 2612 2803 περὶ
2674 2730 2897 2803 μηδενὸς
2956 2733 3347 2803 ἀντιλεγόντων
3390 2735 3539 2806 αὐτῷ,

1977 2814 2130 2885 οὗτος
2164 2821 2241 2893 (5)
2282 2821 2349 2874 δι’
2385 2815 2460 2877 ὧν
2503 2822 2687 2891 λέγει,
2734 2826 2782 2877 εἰ
2825 2825 2920 2879 καὶ
2974 2825 3143 2894 ὑγιῶς
3172 2824 3325 2892 εδοξε
3372 2828 3544 2899 προτί·

1977 2910 2182 2977 θεσθαι,
2227 2913 2285 2966 ού
2321 2913 2478 2984 μόνον
2536 2914 2630 2967 τοῦ
2671 2915 2845 2986 Ἰησοῦ
2894 2918 3320 2990 κατηγορεῖ,οὼς
3349 2920 3543 2989 ἀλόγως

1976 3004 2285 3076 ἀρξαμένου
2323 3004 2532 3059 νίπτειν
2574 3007 2701 3070 τοὺς
2742 3007 2852 3061 τῶν
2899 3007 3154 3081 μαθητῶν
3187 3010 3391 3078 πόδας,
3422 3012 3540 3066 ἀλλὰ

1975 3095 2201 3150 καὶτῶν
2235 3097 2615 3168 συμφοιτητῶν
2635 3116 2646 3128 ·
2681 3101 2728 3152 εί
2757 3101 2866 3172 γάρ
2896 3102 3057 3166 αὐτὸς
3097 3103 3218 3173 μὲν,
3249 3104 3331 3169 ὡς
3375 3105 3535 3177 ᾠήθη,

1975 3188 2034 3241 τὸ
2072 3186 2312 3258 καθῆκον
2344 3190 2400 3241 ἐν
2438 3188 2516 3259 τῷ
2548 3190 2772 3243 κωλύειν
2803 3191 3002 3246 ἐθέλειν
3035 3194 3289 3265 ἐποίησεν
3308 3234 3324 3256 ,
3361 3198 3538 3248 ἐκεῖνοι

1970 3277 2027 3335 δὲ
2068 3278 2142 3351 μὴ
2181 3279 2487 3350 ἑωράκασιν
2525 3280 2676 3341 αὐτὸ,
2718 3283 3091 3355 κατηγόρησεν
3125 3285 3355 3338 ἐκείνων

1969 3369 2031 3422 τὸ
2064 3370 2301 3441 καθῆκον
2335 3371 2543 3426 ἑαυτῶν
2593 3372 2717 3436 τοὺς
2747 3373 2912 3437 πόδας
2946 3377 3445 3448 ὲμπαρεσχηκότων
3473 3376 3539 3448 τῷ

1983 3462 2179 3535 Ἰησοῦ,
2222 3464 2317 3516 καὶ
2346 3465 2394 3516 εἰ
2425 3466 2699 3537 φρονείται
2727 3465 2804 3536 τῷ
2838 3465 3042 3538 εὐλόγῳ
3079 3469 3153 3541 μὴ
3183 3470 3298 3524 δεῖν
3346 3469 3537 3525 ἀντιλέ-

1969 3570 2109 3621 γειν,
2142 3554 2235 3608 καὶ
2268 3552 2488 3622 εὔλογον
2516 3552 2765 3625 ἐνόμιζεν
2792 3552 2931 3609 εἶναι
2965 3558 3026 3610 τὸ
3058 3560 3344 3631 γινόμενον
3379 3564 3435 3615 ἐν

1971 3646 2254 3700 νίπτεσθαι
2286 3647 2413 3710 τοὺς
2448 3648 2615 3711 πόδας
2646 3647 2754 3701 τῶν
2789 3647 3045 3720 μαθητῶν
3078 3650 3182 3704 ὑπὸ
3207 3651 3305 3706 τοῦ
3352 3652 3532 3724 Ἰησοῦ,

1967 3742 2067 3794 ούκ
2097 3741 2349 3812 ἀντέλεγε
2400 3740 2478 3812 τῷ
2525 3742 2821 3813 γινομένῳ·
2884 3745 3131 3812 φαίνεται
3171 3744 3265 3801 οὖν
3311 3748 3534 3820 ἀκρίτως

1971 3833 2044 3904 μὴ
2075 3832 2297 3902 εὔλογον
2325 3836 2664 3907 νενομικέναι
2703 3832 2842 3891 εἶναι
2885 3837 2946 3890 τὸ
2988 3839 3118 3911 περὶ
3160 3840 3253 3894 τοῦ
3291 3841 3531 3912 νίψασθαι

1965 3925 2091 3988 τοὺς
2136 3925 2299 3990 πόδας
2332 3927 2439 3981 τῶν
2474 3928 2732 4000 μαθητῶν
2761 3930 2822 3983 τὸ
2870 3932 3041 4003 Ἰησοῦ
3079 3932 3348 4005 βούλημα.
3384 3936 3444 3987 Ei
3479 3933 3530 3986 δὲ

1965 4017 2071 4088 χρὴ
2105 4017 2264 4090 μέχρι
2289 4019 2402 4072 τῶν
2425 4020 2719 4091 ἐλαχίστων
2758 4016 2893 4076 εἶναι
2918 4022 3286 4095 νομιζομένων
3316 4028 3529 4098 ἐρευνᾷν

1964 4108 2061 4180 τὴν
2098 4110 2339 4181 Γραφὴν,
2371 4112 2598 4185 ζητήσαι
2634 4132 2718 4179 τις
2750 4114 2816 4168 ἂν
2848 4116 2900 4169 τί
2948 4116 3165 4187 δήποτε,
3203 4117 3420 4190 πρώτου
3462 4117 3527 4189 (6)

1963 4203 2379 4280 κατειλεγμένου
2413 4204 2505 4257 τοῦ
2542 4206 2746 4279 Πέτρου
2779 4210 2859 4272 εἰς
2892 4209 2980 4261 τὸν
3014 4208 3242 4280 ἀριθμὸν
3285 4211 3395 4262 τῶν
3436 4208 3529 4261 δὼ-

1960 4289 2093 4344 δεκα
2139 4278 2299 4364 (τάχα
2350 4294 2429 4358 ὡς
2469 4295 2576 4348 τῶν
2616 4297 2815 4351 λοιπῶν
2864 4278 3347 4372 τιμιωτέρου,ἐπεὶ
3379 4301 3466 4355 καὶ
3500 4300 3527 4351 6

1962 4384 2175 4455 ἀληθῶς
2211 4387 2426 4445 πάντων
2455 4387 2680 4459 ἔσχατος
2713 4391 2913 4455 Ἰούδας
2941 4387 3009 4463 ἦν
3040 4391 3117 4463 (7)
3166 4392 3271 4447 ὑπὸ
3299 4394 3402 4463 τῆς
3440 4409 3528 4463 μο-

300 4454 497 4525 aliquis
535 4472 633 4511 cur
670 4459 884 4514 tandem
920 4477 1041 4515 cum
1093 4462 1146 4517 in
1191 4466 1543 4522 numerandis
1596 4469 1850 4537 apostolis

1975 4454 2170 4547 (θηρᾶς
2211 4476 2502 4542 διαθέσεως
2519 4454 2618 4531 ⁷ἐπὶ
2649 4479 2719 4532 τά
2757 4454 3060 4536 τελευταῖα.
3087 4454 3524 4557 άνταπερόιμμέ-

298 4542 533 4611 primum
576 4545 751 4603 locum
783 4548 1023 4606 obtineat
1059 4552 1251 4609 Petrus
1289 4554 1557 4626 (fortassis
1595 4561 1720 4627 quia
1754 4576 1858 4615 cat.

298 4632 430 4688 teris
480 4633 871 4705 bonorabilior,
928 4644 1180 4710 quoniam
1243 4647 1407 4699 etiam
1443 4662 1568 4703 vere
1617 4651 1855 4705 omnium

295 4724 515 4782 ultimus
543 4728 706 4785 ludas
733 4731 802 4786 ob
827 4735 1024 4789 malum
1054 4734 1303 4791 affectum
1328 4738 1381 4793 in
1412 4740 1655 4796 ultimum
1680 4743 1856 4799 locum

365 4820 409 4851 ""
440 4819 599 4878 Joan.
629 4840 752 4893 xm,
776 4827 830 4894 6,
855 4829 886 4881 '7

605 4919 721 5000 τὴν
734 4922 1358 5000 αψτὴνηειοληοοόἰοε
1378 4931 1543 4999 Regio
1574 4935 1725 4989 deest
1755 4936 1858 5000 εἰς.

364 4983 460 5075 (ς)
483 4983 593 5075 κρέξ
617 4983 689 5045 οὖ
718 4983 910 5075 μόνας
932 4983 1002 5075 δὲ
1026 5001 1062 5075 g
1085 4983 1419 5075 Πέτροςίτῷ
1435 4983 1859 5075 ἔρὸχὲὶρὸὲέῥξὶ

293 5054 674 5140 ένίδῴν.-Ηαιο
694 5054 763 5115 ἐκ
782 5054 1148 5140 {interioribus
1166 5054 1414 5138 répétita,
1435 5054 1735 5140 praat’tbtisrsis'
1749 5054 1858 5129 [Eni

299 5136 409 5213 tum
425 5129 633 5186 duobus
653 5134 931 5213 vocabulis
952 5150 1018 5190 ex
1051 5139 1115 5213 iis
1131 5129 1590 5213 quésequ'u'utur,
1610 5154 1857 5213 typogra-

294 5195 530 5282 phorum
559 5203 881 5282 negligentia
910 5195 1195 5282 irrepsisse
1225 5195 1857 5282 videntumqua't'nvi‘set

296 5271 349 5318 iu
370 5271 912 5349 [aliis‘rccentioribus
936 5271 1065 5349 imp.
1099 5278 1369 5349 legantur.
1404 5271 1561 5339 Eutr:

296 5394 299 5397 ,
364 5336 441 5412 (5)
480 5340 658 5412 Codex
684 5344 899 5412 Regius,
931 5336 1122 5411 οὕτως.

480 5409 624 5490 l_d_em
653 5409 823 5490 codéx
853 5409 1206 5490 Begius,ﬁrrpo
1228 5420 1344 5474 τοῦ.

482 5480 627 5563 idem
653 5486 820 5563 codex
853 5478 1075 5563 lie‘g'ius,
1109 5478 1291 5563 male,
1311 5493 1433 5563 τήν.

361 5547 438 5617 (8)
479 5550 625 5605 Idem
669 5556 837 5635 codex
868 5547 1089 5625 Belius,
1132 5547 1411 5641 mendose,
1438 5563 1504 5616 ἀν
1531 5562 1599 5617 τά
1620 5569 1855 5690 «epity-

364 5632 476 5690 νος,
499 5634 619 5672 cum
645 5637 868 5681 omnino
897 5627 1179 5690 legendum
1211 5639 1283 5683 stt
1319 5632 1708 5690 dwarrebdmu.
1740 5655 1847 5690 νος.

295 5615 476 5708 μέχςλς.
493 5634 619 5708 [cum
645 5615 1179 5708 omninoleﬁendum
1211 5630 1283 5683 sit
1319 5615 1830 5708 ἀάάπςρῥιρἔεῶὸέ

362 5686 439 5769 ιν)
490 5691 611 5744 Οὐκ
631 5692 757 5769 gae
798 5686 1024 5769 ηέτρόυ
1053 5698 1298 5769 ἤρξατο,
1344 5712 1449 5757 etc.
1496 5686 1578 5758 di‘
1606 5686 1852 5763 ὁὲἓᾶέέἑί

288 5749 545 5822 Origenes
573 5772 602 5813 a
631 5760 791 5820 Petro
819 5749 1031 5827 lavandi
1285 5749 1845 5847 inihihe'facihiﬁfe¥

1961 4582 2050 4629 νος
2098 4564 2235 4637 [8]),
2268 4569 2297 4619 ὁ
2334 4568 2567 4639 Ἰησοῦς,
2614 4570 2918 4642 ἀρξάμενος
2958 4573 3165 4629 νίπτειν
3198 4577 3326 4640 τοὺς
3371 4575 3523 4637 πόδας

1960 4654 2068 4707 τῶν
2101 4655 2375 4726 μαθητῶν,
2415 4660 2509 4712 καὶ
2551 4659 2845 4731 ἐκμάσσειν
2879 4661 2960 4734 τῷ
3005 4663 3195 4735 λεντίῳ
3237 4657 3281 4732 ᾧ
3320 4661 3389 4737 ἦν
3447 4663 3517 4716 δι-

1962 4744 2289 4817 εζωσμένος,
2319 4748 2418 4802 οὐκ
2444 4749 2552 4805 ἀπὸ
2579 4749 2785 4822 Πέτρου
2805 4751 3007 4823 ἧρξατο
3035 4752 3141 4825 (9)·
3177 4755 3274 4809 καὶ
3317 4753 3518 4809 λεκτέον

1968 4952 2034 4994 eo
2050 4938 2295 5023 inductus
2306 4944 2564 5023 es_t,quo_d
2583 4954 2866 5023 postquam
2879 4947 3026 5023 dixit
3042 4947 3299 5023 Joannes,
3325 4951 3517 5023 Ἤρξα-

1967 5026 2028 5062 το
2060 5009 2415 5095 νίεττεινετοὲς
2439 5009 2748 5095 ’πόδας-τῶν
2796 5017 3074 5095 μαθητῶν,
3110 5009 3297 5095 subdit
3332 5041 3346 5095 ς
3376 5009 3510 5095 ἐρέει

1964 5095 2053 5133 ται
2076 5076 2167 5157 οῦν
2187 5082 2322 5157 πρὸς
2353 5084 2572 5156 Σίμωνα
2594 5076 2818 5157 Πέτρονζ
2853 5076 3144 5157 At'quauto
3180 5076 3510 5147 verisimilius

1966 5161 2053 5204 est
2099 5151 2431 5228 lavationem
2460 5158 2656 5228 pedum
2704 5151 2876 5227 primo
2917 5151 3271 5228 generaliter,
3330 5173 3386 5216 ut
3422 5162 3504 5227 lit,

1964 5222 2276 5302 enuntiasse
2304 5222 2733 5302 evangelistam,
2777 5222 3176 5302 quaui__deinde
3208 5222 3505 5302 singulatim

1962 5292 2281 5374 descripsit.
2311 5293 2366 5348 ld
2382 5292 2611 5374 _vii_letur
2632 5292 2908 5374 insinuare
2941 5299 3106 5374 illud,
3136 5292 3354 5374 ἔρχετᾷι
3403 5297 3503 5369 οὖν.

1965 5361 2116 5440 Pi_x_it_
2129 5361 2306 5440 autem
2330 5382 2351 5440 Ξ
2378 5364 2577 5440 ἤρξατο
2601 5367 2828 5433 νίπτειν,
2849 5384 2969 5437 pro,
3000 5361 3179 5440 ἔνιψεξ
3200 5361 3261 5426 iit
3290 5372 3413 5428 Luc.
3431 5364 3501 5435 ιιι,

1962 5430 2130 5514 ὃεΚαί
2154 5433 2228 5514 μὴ
2251 5430 2487 5514 ἀρξηᾶοε
2520 5437 2784 5514 λέγειν’-ἐν
2816 5430 3027 5504 ἐὰντὸῖς
3043 5457 3059 5471 ·
3089 5430 3306 5514 Πατέρα
3328 5430 3502 5514 ἔχομεν

1960 5501 2054 5583 τὸν
2088 5501 2356 5629 Ἀϐραάμ
2378 5501 2458 5563 ἐι
2497 5501 2638 5578 saepe
2659 5508 2813 5574 alias,
2853 5520 2912 5563 ut
2941 5501 3101 5579 supra
3135 5501 3251 5582 ipse'
3277 5501 3500 5583 agnoscit

1961 5571 2242 5629 Origenes.
2318 5578 2441 5629 dem
2493 5587 2576 5629 est
2623 5593 2996 5629 smnenumem
3033 5583 3280 5629 vncalmli
3326 5583 3498 5629 ἱιιείιήο

1961 5571 2242 5641 Origenes.
2271 5571 2450 5652 _ld_em_
2493 5571 2590 5633 est'
2623 5571 3280 5648 saepenumero-vocabuli
3310 5571 3498 5652 ‘incipio

1835 5679 1847 5724 τ
1960 5656 2093 5724 usus
2145 5647 2284 5724 apud
2332 5645 2553 5724 Latinos
2600 5645 2873 5724 auctores,
2918 5660 2973 5707 et
3021 5655 3325 5721 praesertim
3373 5645 3498 5724 apud

1959 5721 2166 5781 poetas.
2200 5713 2387 5787 Horat.
2418 5716 2512 5771 lib.
2545 5734 2559 5771 ι
2592 5716 2784 5787 Epist.,
2811 5720 2879 5774 5:

2310 5784 2506 5843 Potare
2531 5801 2578 5845 et
2613 5784 2853 5861 spargere
2881 5788 3039 5862 [iores
