3712 6138
116 267 242 330 757

1131 274 1484 333 COMMENT.
1527 274 1592 330 IN
1623 274 1816 335 JOAN.
1855 275 2092 333 TOMUS
2126 273 2336 330 XXX".

3271 279 3370 336 758

117 395 279 466 πρὸς
316 393 490 462 τοῦτο,
526 395 632 462 ὅτι,
663 394 872 467 ’Ὥσπερ
899 395 1098 468 ἰατρὸς,
1143 399 1378 453 πλείοσιν
1411 397 1680 470 ἀρῥώστοι

1875 396 2287 468 ojectusjacet),
2312 410 2433 451 cum
2457 393 2613 451 Jesus
2643 396 2957 468 incoepisset
2993 397 3176 454 lavare
3208 403 3373 468 pedes

121 483 286 536 κατὰ
328 485 424 554 τὴν
469 485 716 556 ἰατρικὴν
768 485 1209 558 διακονούμενος,
1284 489 1391 542 ἀπὸ
1426 489 1534 541 τῶν
1583 505 1709 542 κατ-

118 577 468 644 επειγόντων
500 577 594 630 καὶ
620 577 838 648 χείρονα
876 579 1216 633 πεπονθότων
1247 581 1345 651 τὴν
1378 581 1551 651 ἀρχὴν
1589 597 1708 633 ποι-

119 673 278 723 εῖται
316 670 412 740 τῆς
461 668 788 740 θεραπείας,
834 670 1005 735 οὕτως
1047 674 1075 724 ό
1112 673 1531 743 ὲῤῥυπωμένους
1582 675 1708 737 τοὺς

121 761 307 824 πόδας
346 761 548 814 νίπτων
581 761 689 814 τῶν
724 761 981 832 μαθητῶν
1015 763 1234 834 ἄρχεται
1283 764 1390 818 ἀπὸ
1426 764 1532 817 τῶν
1575 765 1708 834 μᾶλ-

119 852 218 904 λον
269 853 705 924 ὲῤῥυπωμένων·
761 852 856 906 καὶ
906 853 1045 923 τάχα
1095 854 1184 906 ἐπὶ
1231 854 1531 908 τελευταῖον
1576 850 1706 925 ἦλθε

119 945 216 997 τὸν
252 945 481 1015 Πέτρον,
511 945 586 1008 ὼς
614 944 830 997 ἔλαττον
859 945 1072 1000 πάντων
1107 945 1355 1016 δεόμενον
1381 947 1477 1018 τῆς
1503 946 1699 1016 νίψεως

119 1035 237 1087 τῶν
272 1034 479 1089 ποδῶνο
521 1036 659 1106 τάχα
699 1036 757 1089 δὲ
790 1036 880 1088 καὶ
907 1037 986 1099 είς
1020 1037 1077 1089 τὸ
1105 1037 1277 1090 δοκεῖν
1320 1037 1617 1105 ἀντιλέγειν
1663 1038 1697 1106 ἡ

119 1127 303 1194 ἐγγὺς
355 1126 721 1197 καθαρότητος
770 1128 1099 1190 κατάστασις
1147 1129 1255 1183 τῶν
1315 1128 1486 1182 ποδῶν
1536 1128 1698 1182 αὑτοῦ

123 1218 502 1272 συνεϐάλλετο.

1810 491 2218 559 discipulorum,
2247 497 2301 541 et
2331 486 2639 554 abstergere
2672 487 2844 542 linteo
2871 504 2976 558 quo
3001 498 3119 544 erat
3145 493 3371 559 praecin-

1809 592 1949 648 ctus,
1978 580 2140 652 414
2175 596 2274 634 non
2332 595 2360 632 a
2409 577 2570 632 Petro
2632 579 2918 648 incteperit
2952 581 3075 651 [sed
3111 583 3177 636 ab
3217 582 3368 654 illo].

1808 671 1888 725 Ad
1913 673 2054 741 quod
2085 667 2516 738 respondendum
2548 674 2630 720 est
2659 683 2672 717 :
2716 665 2784 721 Ut
2834 669 3078 724 medicus
3123 670 3371 740 plurimis

1809 761 2038 817 infirmis
2083 758 2497 814 subministrans
2523 755 2672 823 juxta
2709 767 2876 811 artem
2925 760 3225 822 medicinae,
3266 761 3370 814 ini-

1811 855 1942 906 tium
1967 848 2212 903 medendi
2237 845 2366 900 facit
2396 846 2460 898 ab
2483 845 2674 913 bisqui
2707 849 3185 918 urgenturquique
3213 850 3368 918 pejus

1809 941 1987 996 aﬂ‘ecti
2016 952 2161 1006 sunt,
2194 940 2273 994 sic
2305 941 2686 1010 discipulorum
2727 939 2976 993 sordidos
2998 939 3162 1006 pedes
3185 940 3370 992 lavan-

1809 1045 1941 1100 tem,
1998 1034 2287 1104 incmpisse
2329 1051 2358 1088 a
2396 1037 2565 1106 magis
2616 1035 2886 1099 sordidis;
2915 1044 3076 1102 atque
3117 1033 3367 1102 equidem

1808 1126 2056 1180 fortassis
2103 1125 2167 1179 ad
2214 1125 2432 1179 Petrum
2475 1135 2750 1194 postremo
2798 1124 2964 1186 venit,
3017 1122 3141 1192 quia
3195 1123 3370 1176 minus

1807 1217 2016 1271 cteteris
2040 1216 2302 1287 indigeret
2333 1226 2390 1270 ut
2415 1218 2516 1271 sibi
2541 1216 2849 1270 lavarentur
2878 1214 3040 1283 pedes
3069 1229 3082 1264 :
3119 1211 3368 1266 fortassis

120 1316 297 1366 etiam
334 1321 507 1366 status
539 1313 732 1380 pedum
767 1330 1004 1382 suorum,
1048 1317 1137 1386 qui
1180 1316 1422 1386 proxime
1459 1313 1748 1370 accedebat
1772 1313 1841 1367 ad
1874 1309 2404 1370 munditiem,elfecit
2429 1320 2487 1365 ut
2516 1311 2889 1366 contradicere
2937 1309 3220 1378 cogitaret.

195 1405 254 1460 6.
299 1405 728 1479 Βασανιζόμενον
760 1410 818 1464 δὲ
862 1410 923 1463 τὺ
970 1411 1074 1464 ὑπὸ
1118 1411 1210 1465 τοῦ
1253 1410 1424 1482 Ἰησοῦ
1472 1409 1696 1482 εἰρημέ-

120 1515 235 1562 νον,
268 1498 365 1565 τὸ,
399 1518 418 1550 ι
453 1500 510 1553 '0
539 1501 858 1572 λελουμένος
899 1503 998 1556 οὐκ
1042 1501 1155 1574 ἔχει
1185 1503 1372 1576 χρείαν
1411 1502 1696 1573 νίψασθαι,

123 1589 241 1643 ἀλλ’
284 1591 403 1644 ἔστι
453 1592 690 1665 καθαρὸς
737 1595 886 1659 ὅλοςο
917 1596 1011 1650 καὶ⁹
1055 1596 1212 1666 ὑμεῖς
1265 1595 1491 1666 καθαροί
1540 1598 1696 1659 ἐστε,

1875 1406 1927 1461 6.
1959 1405 2126 1462 Porro
2153 1407 2197 1460 si
2216 1407 2588 1461 examinemus
2619 1407 2762 1474 quod
2781 1404 3109 1471 dixitJesus,
3136 1419 3326 1474 nempe
3347 1445 3364 1470 ,

1812 1516 1833 1550 ι
1861 1497 1963 1565 Qui
1989 1498 2128 1552 lotus
2152 1507 2254 1564 est,
2297 1497 2429 1551 nihil
2462 1513 2596 1566 opus
2626 1497 2788 1550 habet
2819 1503 3176 1565 praeterquam
3205 1495 3369 1565 pedes

1805 1587 2008 1652 lavare,
2048 1587 2143 1642 sed
2179 1597 2262 1642 est
2295 1590 2526 1642 mundus
2563 1596 2708 1644 totus
2737 1603 2752 1642 :
2786 1598 2839 1640 et
2867 1603 2960 1641 vos
2999 1588 3181 1640 mundi
3213 1589 3363 1653 estis,

123 1682 240 1735 ἀλλ’
266 1683 391 1752 οὐχὶ
414 1685 631 1750 πάντες,
659 1705 676 1737 ι
708 1687 847 1757 τάχα
872 1687 1160 1741 ὑποϐάλλει
1190 1686 1313 1743 νοῦν
1335 1687 1591 1753 τοιοῦτον,
1623 1687 1681 1747 ὡς

1875 1683 1898 1736 tl
1929 1697 2035 1736 non
2076 1697 2265 1736 omnes
2291 1682 2358 1745 ⁷⁸,
2390 1699 2407 1732 ι
2445 1680 2675 1735 fortasse
2713 1683 2870 1735 talem
2897 1682 3132 1749 suggerit
3167 1681 3364 1734 intelli-

122 1771 222 1844 ήδη
254 1773 569 1845 νιψαμένων
610 1777 735 1839 τοὺς
767 1777 930 1839 πόδας
963 1777 1067 1830 ὑπὸ
1108 1777 1202 1830 τοῦ
1243 1774 1414 1848 Ἰησοῦ
1456 1776 1564 1829 τῶν
1597 1793 1698 1846 μα-

122 1864 327 1935 θητῶν,
375 1866 469 1918 atat
516 1867 654 1938 πρὸς
707 1867 784 1938 τῷ
841 1867 1117 1921 λελοῦσθαι
1184 1869 1283 1922 οὐκ
1327 1868 1406 1920 ἔτι
1468 1867 1698 1938 ἐχόντων

119 1954 313 2025 χρείαν
357 1956 646 2024 νίψασθαιο
681 1957 760 2012 ἔτι
787 1959 842 2012 δὲ
874 1959 966 2012 καὶ
1007 1959 1170 2012 αὑτοῦ
1199 1959 1292 2012 τοῦ
1346 1960 1550 2032 Πέτρου
1597 1958 1695 2030 ἤδη

120 2048 274 2111 ὄντος
315 2047 582 2120 καθαροῦ,
623 2050 716 2102 καὶ
764 2051 891 2122 πρὶν
931 2052 1060 2125 νίψῃ
1101 2055 1226 2115 τοὺς
1259 2052 1424 2114 πόδας
1464 2050 1627 2105 αὐτοῦ
1669 2051 1698 2103 ὁ

133 2137 365 2208 Ἰησοῦς.
412 2139 534 2193 Ἐὰν
583 2140 640 2193 δέ
681 2158 763 2205 τις
817 2142 951 2213 πρὸς
1005 2143 1177 2198 ταῦτα
1213 2143 1370 2214 ζητῇ,
1401 2143 1465 2196 Τί
1508 2143 1696 2212 δήποτ’

121 2225 235 2294 οὖν,
277 2229 482 2294 εἰπὼν,
518 2251 536 2284 ι
577 2233 634 2285 '0
664 2232 979 2304 λελουμένος
1011 2235 1111 2288 οὐκ
1153 2235 1263 2305 ἔχει
1309 2235 1497 2305 χρείαν
1542 2234 1696 2303 νίψα-

123 2317 268 2380 σθαι,
311 2318 427 2370 ἀλλ’
454 2319 570 2372 ἔστι
617 2320 852 2390 καθαρὸς
893 2321 1032 2386 ὅλος,
1063 2341 1081 2373 ›
1123 2323 1196 2394 μὴ
1235 2324 1420 2392 χρείαν
1465 2324 1695 2394 ἐχόντων

121 2405 382 2475 νίψασθαι
416 2409 519 2462 τῶν
554 2409 826 2480 μαθητῶν,
873 2411 1046 2466 νίπτει
1100 2414 1225 2475 τοὺς
1271 2412 1434 2476 πόδας
1467 2413 1641 2466 αὐτῶν
1669 2416 1696 2467 ὁ

134 2497 379 2567 Ἰησοῦς;
423 2501 638 2556 λεκτέον
690 2504 836 2575 αὐτῷ
881 2506 974 2559 τόο
1016 2525 1034 2558 ι
1063 2507 1232 2560 Παντὶ
1283 2507 1359 2578 τῷ
1397 2509 1569 2579 ἔχοντι
1610 2509 1694 2562 δο-

124 2585 384 2657 θήσεται,
431 2594 522 2645 καὶ
573 2597 1016 2665 προστεθήσεται.
1045 2617 1062 2648 ι
1114 2599 1264 2652 Ἐπεὶ
1323 2601 1498 2652 τοίνυν
1551 2597 1693 2668 εἶχον

123 2679 215 2733 καὶ
246 2681 296 2733 οἱ
334 2681 574 2754 μαθηταὶ
617 2687 678 2739 τὸ
725 2683 862 2741 εἶναι
909 2689 1157 2760 καθαροὶ,
1198 2691 1550 2762 προστίθησιν
1589 2694 1693 2761 Ἰη-

127 2769 250 2834 σοῦς
288 2775 358 2843 τῇ
409 2774 736 2848 καθαρότητι
787 2780 964 2833 αὐτῶν
1011 2783 1102 2834 καλ⁸
1146 2782 1205 2834 τὸ
1256 2783 1462 2836 νίπτειν
1515 2783 1694 2838 αὐτῶν

122 2862 247 2926 τοὺς
269 2865 466 2930 πόδας·
501 2868 622 2922 οὔτε
651 2873 774 2934 τοὺς
793 2871 864 2942 μὴ
893 2872 1240 2944 λελουμένους
1263 2876 1427 2944 νῖψων
1452 2875 1540 2939 ἂν,
1571 2875 1693 2929 οὔτε

125 2953 247 3017 τοὺς
282 2956 360 3025 μὴ
392 2956 544 3022 ὅλους
584 2959 881 3030 καθαρούς·
917 2961 1029 3014 ἀλλ’
1064 2962 1233 3026 οὕτως
1265 2962 1391 3016 ὥστ’
1428 2963 1491 3016 ἂν
1522 2965 1692 3016 εἰπεῖν

1801 1776 2058 1843 gentiam,
2100 1775 2321 1844 perinde
2343 1773 2500 1842 quasi
2530 1775 2779 1844 discipuli
2811 1775 2947 1830 lotos
2967 1774 3079 1842 jam
3106 1775 3368 1829 baberent

1799 1867 1962 1936 pedes
2009 1882 2038 1920 a
2085 1865 2236 1932 Jesu,
2276 1878 2331 1921 et
2373 1869 2515 1935 quod
2547 1877 2665 1934 post
2707 1867 2849 1920 illam
2892 1867 3212 1922 lavationem
3257 1885 3363 1922 lmn

1799 1958 2028 2025 amplius
2051 1973 2189 2026 opus
2213 1959 2478 2012 baberent
2495 1955 2660 2010 lavari
2682 1973 2696 2022 ;
2718 1959 2965 2027 quodque
2985 1959 3173 2013 Petrus
3202 1961 3364 2014 etiam

1799 2048 2159 2117 mundusjam
2177 2049 2462 2102 exsisteret
2485 2058 2771 2116 antequam
2796 2049 2936 2103 illius
2968 2050 3128 2118 pedes
3158 2049 3366 2105 lavaret

1797 2134 1972 2191 Jesus.
2002 2135 2151 2202 Quod
2183 2138 2226 2192 si
2258 2145 2448 2191 contra
2491 2137 2606 2192 hare
2636 2146 2842 2207 quzerat
2877 2139 3092 2206 aliquis,
3122 2154 3217 2193 cur
3241 2155 3364 2195 cum

1797 2228 2040 2292 dixisset,
2105 2248 2122 2279 ι
2151 2228 2250 2294 Qui
2292 2227 2435 2283 lotus
2472 2237 2579 2294 est,
2629 2243 2734 2284 non
2770 2244 2903 2298 opus
2931 2231 3093 2284 habet
3132 2241 3188 2289 ut
3223 2232 3364 2286 lave-

1799 2327 1904 2382 tur,
1935 2320 2025 2373 sed
2054 2328 2136 2374 est
2160 2321 2390 2374 mundus
2421 2329 2583 2384 totus,
2607 2339 2626 2373 ι
2651 2319 2790 2376 lavet
2817 2331 2994 2376 tamen
3017 2321 3177 2377 Jesus
3203 2323 3366 2392 pedes

1798 2411 2204 2479 discipulorum,
2234 2413 2326 2482 qui
2371 2413 2610 2484 alioquin
2642 2428 2778 2482 opus
2819 2430 2924 2468 non
2961 2417 3231 2470 habebant
3261 2417 3361 2470 sibi

1797 2518 1892 2558 eos
1919 2502 2128 2558 lavari?
2164 2504 2286 2558 huic
2309 2504 2435 2558 illud
2461 2504 2744 2559 dicendum
2779 2512 2893 2558 est:
2919 2524 2934 2555 ι
2956 2504 3112 2559 Omni
3146 2506 3362 2562 habenti

1796 2596 2040 2661 dabitur,
2067 2607 2121 2652 et
2151 2597 2437 2666 adjicietur
2459 2599 2537 2665 7°;
2589 2617 2606 2650 ι
2636 2598 2778 2653 unde
2826 2598 3150 2653 habentibus
3198 2599 3359 2654 disci-

1795 2689 1935 2756 pulis
1989 2689 2328 2753 munditiem,
2379 2688 2584 2756 Jesum,
2651 2699 2711 2744 ut
2764 2690 3024 2759 adiiceret
3081 2691 3360 2744 munditiei

1795 2780 2029 2849 illorum,
2070 2782 2282 2836 illorum
2318 2783 2482 2850 pedes
2528 2781 2691 2836 etiam
2741 2781 2964 2846 lavare;
3003 2782 3123 2836 illos
3157 2783 3359 2854 alioqui

1795 2891 1900 2929 non
1927 2875 2223 2939 lavaturus,
2251 2873 2302 2926 ni
2333 2875 2423 2927 loti
2448 2873 2680 2928 fuissent
2707 2883 2869 2944 atque
2893 2875 3115 2928 omnino
3141 2877 3357 2934 mundi:

1795 2968 1868 3021 ita
1899 2975 2075 3020 tamen
2112 2974 2166 3018 ut
2191 2965 2435 3020 dicamus
2467 2965 2736 3020 neminem
2770 2981 2834 3019 ex
2861 2967 2945 3021 bis
2965 2967 3053 3036 qui
3080 2967 3181 3022 isto
3203 2969 3362 3023 modo

127 3048 250 3119 περὶ
281 3048 388 3102 τῶν
427 3050 597 3115 οὕτως
628 3053 902 3126 καθαρῶν,
946 3054 1048 3108 κᾶν
1081 3055 1187 3126 γάρ
1222 3072 1304 3118 τις
1403 3054 1601 3117 τέλειος
1639 3056 1681 3106 ἐι

1875 3065 1923 3109 nt
1950 3054 2154 3122 mundi,
2204 3053 2418 3107 etiamsi
2469 3051 2742 3120 perlectus
2789 3053 2911 3121 quis
2939 3052 3012 3106 sit
3045 3052 3186 3107 inter
3221 3053 3359 3108 lilios

127 3140 258 3204 υίοῖς
300 3141 624 3214 ἀνθρώπων,
665 3145 764 3216 τῆς
796 3147 903 3200 ἀπὸ
949 3147 1042 3200 σοῦ
1080 3148 1222 3217 (10),
1271 3148 1336 3200 ἵν’
1366 3147 1536 3210 οὕτως
1578 3147 1692 3200 όνο-

132 3232 301 3302 μάσω,
346 3233 713 3307 καθαρότητος
754 3238 1025 3308 ἀπούσης,
1063 3241 1139 3301 είς
1179 3237 1414 3309 καθαρὸν
1446 3238 1506 3290 οὑ
1550 3237 1693 3306 λογι-

131 3325 404 3396 σθήσεται.
448 3327 557 3380 Καὶ
577 3326 760 3388 ,ταῦτα
801 3329 857 3380 δὲ
901 3327 1123 3398 ὕστερον
1167 3326 1447 3396 ὲκτίθεμαι
1491 3328 1692 3379 ὑποπε-

130 3416 284 3469 σόντα
320 3417 460 3488 μετὰ
499 3418 558 3470 τὸ
598 3417 1031 3489 ὑπαγορευθῆναι
1076 3417 1142 3470 τὰ
1180 3419 1448 3489 πρότερα,
1498 3417 1692 3482 σωζόν-

128 3523 229 3559 των
257 3508 413 3578 ήμῶν
440 3511 533 3562 καὶ
557 3509 654 3580 τὴν
682 3510 830 3576 τάξιν
858 3511 963 3563 τῶν
995 3510 1417 3564 ὑπεισελθόντων
1443 3509 1585 3573 νοῦν,
1617 3509 1692 3573 ὡς

131 3600 386 3670 πρότερον
431 3601 528 3670 μὲν
565 3599 778 3670 βλέπειν
823 3599 1171 3671 ῥυπωθέντας
1219 3600 1342 3662 τοὺς
1389 3597 1554 3660 πόδας
1583 3596 1691 3649 τῶν

135 3690 384 3761 μαθητῶν
434 3691 714 3761 δεδεῆσθαι
770 3692 869 3762 τῆς
925 3692 1030 3745 ἀπὸ
1087 3691 1180 3744 τοῦ
1231 3689 1400 3761 Ἰησοῦ
1455 3689 1688 3758 νίψεως,

128 3781 216 3834 νῦν
249 3783 290 3836 δ’
333 3784 417 3837 ὅτι
454 3783 542 3836 διὰ
591 3784 734 3836 τοῦτ’
786 3783 963 3837 αὐτῶν
990 3783 1135 3852 ἔνιψε
1173 3784 1298 3846 τοὺς
1339 3781 1524 3844 πόδας,
1573 3780 1692 3833 ἐπεὶ

127 3867 258 3944 ἦσαν
290 3876 364 3940 ὡς
402 3877 458 3928 ὲν
492 3875 795 3948 ἀνθρώποις
835 3875 1087 3946 καθαροὶ,
1132 3874 1244 3928 ἀλλ’
1271 3874 1390 3943 οὐχ),
1425 3873 1518 3926 καὶ
1543 3872 1691 3942 παρὰ

129 3963 256 4035 θεῷ’
282 3966 448 4038 χωρὶς
481 3965 588 4036 γὰρ
626 3966 794 4036 Ἰησοῦ
832 3965 1004 4029 οὐδεὶς
1026 3966 1174 4037 παρὰ
1203 3963 1318 4035 Θεῷ
1346 3963 1578 4034 καθαρὸς
1605 3961 1690 4030 γί-

130 4069 286 4118 νεται,
321 4057 418 4110 καὶ
450 4057 554 4128 πρὸ
594 4056 756 4111 αὑτοῦ
801 4055 911 4126 (ll)
950 4056 1174 4127 νομισθῇ
1213 4056 1299 4108 διά
1339 4071 1480 4117 τινος
1510 4056 1692 4122 ἐπιμε-

129 4143 268 4209 λείας
291 4149 455 4201 αὑτὸν
491 4147 725 4220 καθαρὸν
758 4148 1130 4217 πεποιηκέναι.
1165 4149 1288 4210 Τοῖς
1329 4148 1372 4199 δ’
1401 4147 1475 4210 ὼς
1508 4147 1564 4197 ὲν
1597 4145 1690 4198 ἁν-

133 4231 354 4304 θρώποις
386 4237 644 4310 καθαροῖς
669 4239 767 4310 ήδη
797 4239 1199 4309 γεγενημένοις,
1229 4239 1323 4291 καὶ
1343 4236 1692 4306 λουσαμένοις

133 4322 188 4374 τὸ
219 4325 306 4377 τοῦ
351 4327 526 4398 Ἰησοῦ
557 4327 857 4399 βάπτισμα,
900 4331 993 4382 καὶ
1045 4328 1355 4399 νιψαμένοις
1389 4329 1479 4380 ὑπ’
1526 4327 1688 4382 αὑτοῦ

1799 3146 2104 3210 hominum,
2157 3144 2382 3198 absente
2418 3143 2707 3208 munditia,
2740 3151 2799 3197 ut
2847 3143 2919 3196 ita
2949 3141 3157 3211 loquar,
3207 3141 3354 3208 Jesu,

1799 3237 2055 3290 mundum
2096 3236 2452 3306 reputandum
2481 3249 2625 3288 esse.
2672 3233 2739 3288 Et
2773 3233 2888 3287 haec
2921 3233 3138 3302 quidem
3170 3234 3361 3288 ultimo

1799 3342 2010 3396 expono
2041 3341 2160 3396 qua:
2188 3333 2578 3380 succurrerunt
2623 3333 2744 3394 post
2785 3326 2968 3393 priora
2999 3325 3246 3392 superius
3275 3326 3358 3380 di-

1800 3430 1927 3487 cta,
1973 3420 2314 3474 servantibus
2367 3417 2525 3473 nobis
2575 3416 2819 3470 ordinem
2871 3433 3060 3472 eorum
3119 3431 3238 3486 quae
3306 3417 3358 3471 in

1800 3518 2030 3565 mentem
2080 3519 2347 3564 venerunt
2389 3513 2454 3579 et:
2487 3511 2898 3580 intelligentiam
2927 3529 2940 3564 :
2974 3509 3124 3563 verbi
3160 3509 3358 3577 gratia,

1799 3616 1918 3654 cum
1960 3600 2108 3669 prius
2163 3602 2604 3669 conspexerimus
2648 3602 2948 3655 sordidatos
2992 3603 3154 3672 pedes
3190 3600 3360 3655 disci-

1798 3689 2045 3756 pulorum
2081 3691 2293 3760 eguisse
2319 3698 2376 3744 ut
2415 3705 2443 3743 a
2485 3688 2611 3744 Jesu
2645 3689 2978 3754 lavarentur,
3024 3689 3185 3760 415
3219 3703 3359 3742 nunc

1799 3780 1999 3835 idcirco
2037 3781 2183 3835 illum
2229 3781 2444 3835 illorum
2503 3782 2664 3859 pedes
2718 3781 2913 3835 lavisse
2943 3783 3192 3849 dicimus,
3232 3782 3358 3850 quia

1798 3880 1979 3926 essent
2027 3870 2432 3938 comparatione
2486 3870 2760 3923 hominum
2820 3869 3040 3934 mundi,
3103 3870 3197 3922 sed
3253 3883 3358 3922 non

1799 3966 1961 4020 etiam
1992 3964 2131 4032 apud
2163 3963 2364 4029 Deum;
2415 3977 2514 4018 nec
2546 3965 2689 4017 enim
2737 3963 2853 4016 sine
2890 3960 3017 4016 Jesu
3061 3960 3256 4028 aliquis
3299 3959 3359 4012 fit

1800 4055 1940 4123 apud
1967 4054 2130 4107 Deum
2164 4055 2415 4119 mundus,
2458 4053 2668 4108 etiamsi
2707 4068 2888 4107 coram
2931 4069 2989 4107 se
3021 4051 3360 4106 existimetur

1801 4143 1996 4213 aliquis
2029 4144 2206 4211 aliqua
2236 4144 2515 4213 diligentia
2567 4144 2801 4213 seipsum
2850 4145 3104 4197 mundum
3140 4142 3357 4198 fecisse.

1798 4233 1914 4288 Jum
1943 4236 1996 4288 in
2029 4235 2112 4288 bis
2143 4236 2233 4303 qui
2270 4236 2549 4289 hominum
2578 4235 2982 4304 comparatione
3018 4233 3198 4288 mundi
3231 4245 3361 4289 sunt

1800 4326 1946 4389 facti,
1983 4329 2179 4397 quique
2212 4327 2304 4381 loti
2333 4336 2459 4383 sunt
2482 4327 2608 4383 Jesu
2636 4329 2900 4398 baptismo
2921 4368 2936 4392 ,
2963 4329 3162 4397 quique
3187 4329 3356 4382 etiam

135 4415 249 4478 τοὺς
290 4418 474 4484 πόδας,
507 4420 731 4472 ἐνοικεῖν
775 4421 956 4473 καὶτὸ
993 4421 1146 4489 ἆγιον
1186 4420 1404 4473 δύναται
1449 4418 1681 4490 Πνεῦμα,

1893 4417 2008 4487 ipso
2037 4417 2172 4472 lotos
2202 4419 2365 4487 pedes
2395 4417 2615 4483 habent,
2650 4418 2964 4474 inhabitare
2987 4427 3162 4487 potest
3192 4420 3357 4472 etiam

201 4508 396 4566 "Joan.
426 4528 547 4576 xm,
583 4513 668 4567 l0.
744 4516 787 4549 7’
817 4514 1005 4569 Matth.
1040 4531 1163 4579 xxv,
1189 4516 1277 4569 29.

201 4602 473 4674 Incipiam,
501 4610 775 4678 patiarque
808 4611 885 4664 vel
916 4613 1243 4666 inconsultus
1271 4610 1470 4667 haberi.

137 4666 433 4749 Propertius
460 4666 555 4733 'li'b.
584 4693 622 4732 ιι
663 4666 838 4749 Eleg.,
867 4681 934 4734 '12
967 4697 980 4732 :

204 4741 247 4824 1':
249 4746 546 4824 luminaque
579 4750 646 4802 ad
661 4820 672 4824 _
689 4741 846 4824 caput
876 4752 1121 4821 incipient
1145 4767 1386 4806 revocare
1401 4753 1648 4824 liquores.

142 4807 199 4862 Et
223 4807 491 4873 Juvenali's
518 4829 622 4872 sat.
653 4819 720 4872 10
745 4807 760 4873 ξ

202 4879 474 4966 {Eloquium
497 4900 591 4943 aut
637 4889 836 4959 famam
865 4889 1249 4957 Demosthenis,
1289 4900 1380 4945 aut
1420 4893 1683 4950 Ciceronis

165 4950 385 5033 "Incipit
409 4968 609 5033 optare.

141 5017 396 5100 fibristum
441 5017 626 5100 itaque
663 5029 955 5100 verisimile
973 5039 1055 5086 est
1108 5047 1136 5085 a
1173 5030 1332 5085 Petro
1363 5032 1682 5090 lavationem

143 5084 292 5171 fuisse
333 5084 691 5171 auspicatum,
739 5097 813 5152 Ita
864 5084 1408 5171 sentii'rAug’ustitius
1435 5084 1687 5158 iniiinii}

147 5155 304 5241 locum
329 5155 574 5241 Joannis,
611 5166 764 5241 cujus
796 5172 958 5224 verba
998 5155 1200 5241 referre
1237 5155 1412 5240 opera:
1450 5155 1682 5241 pretium

144 5237 296 5312 {3513}
339 5235 596 5302 Quamvis
627 5239 818 5312 itaque
837 5256 1044 5312 magnae
1071 5235 1521 5312 fuisset-audacite
1553 5258 1685 5296 con~

150 5302 395 5374 gadicere
419 5323 636 5361 servum
671 5302 1210 5371 Dbntino,h0minem
1228 5309 1357 5374 Deo,
1383 5321 1556 5365 tamen
1587 5315 1688 5366 hoc

1791 4610 2130 4680 accipiuntur
2159 4608 2260 4680 ista
2287 4610 2453 4664 verba
2475 4607 2779 4680 Evangelii,
2801 4609 2937 4680 quia
2979 4622 3098 4661 cum
3157 4609 3360 4662 dictum

1790 4678 1974 4744 esset,
2008 4679 2169 4746 (prit
2195 4679 2368 4733 lavare
2396 4680 2546 4747 pedes
2584 4678 2984 4746 discipulorum.
3013 4689 3059 4731 et
3099 4690 3365 4748 extergere

1791 4752 1947 4804 linteo
1971 4766 2074 4820 quo
2121 4751 2607 4820 eratinrmcinctns,
2647 4749 2839 4802 deinde
2865 4748 3206 4820 subiunctum
3243 4758 3356 4820 est,

1803 4820 1949 4875 Venit
1977 4817 2096 4890 ergo
2127 4819 2194 4872 ad
2229 4819 2492 4873 Simonem
2515 4817 2756 4882 Petrum,
2783 4819 2936 4890 quasi
2965 4817 3356 4890 aliquibusjam

1792 4888 2113 4953 lavisset,‘et
2141 4898 2261 4957 post
2289 4904 2380 4945 eos
2419 4891 2656 4943 venisset
2696 4890 2770 4943 ad
2792 4888 3032 4943 Petrum.
3058 4889 3187 4953 Quis
3209 4889 3352 4942 enim

1791 4961 2064 5014 nesciebat
2084 4961 2313 5028 primum
2334 4960 2698 5025 apostolorum
2719 4972 2837 5012 esse
2857 4958 3224 5011 beatissimum
3257 4957 3358 5011 Pe-

1792 5032 1974 5085 trum?
2023 5029 2127 5084 Sed
2162 5044 2264 5082 non
2297 5029 2370 5082 ita
2426 5029 2832 5096 intelligendum
2891 5038 3002 5090 est,
3060 5029 3204 5095 quod
3239 5037 3359 5094 post

1791 5101 2000 5169 aliquos
2035 5101 2101 5153 ad
2134 5099 2538 5169 illumvenerit,
2569 5099 2662 5153 sed
2696 5099 2838 5169 quod
2873 5098 2939 5150 ab
2967 5098 3071 5150 illis
3102 5098 3351 5169 coeperit.

1790 5166 2016 5251 Quando
2044 5184 2174 5238 ergo
2203 5168 2365 5249 pedes
2387 5168 2983 5251 discipulorumnlavare
3002 5168 3184 5251 cae-pit,
3213 5166 3361 5246 venit

1789 5241 1858 5293 ad
1887 5255 2007 5292 eum
2039 5255 2066 5293 a
2095 5237 2202 5307 quo
2221 5240 2402 5305 caapit,
2429 5239 2480 5292 id
2518 5249 2620 5301 est,
2665 5239 2729 5292 ad
2755 5238 3044 5307 Petrum._»
3072 5237 3358 5307 Ferrarius

1787 5311 2072 5379 Origeneut
2091 5304 2190 5363 hoc
2204 5304 2320 5361 loco
2345 5310 2752 5379 interpretatur,
2768 5308 2918 5375 quasi
2938 5323 2965 5358 a
2983 5304 3120 5379 Juda
3137 5305 3360 5379 incepis-

151 5362 322 5450 l’etrus
355 5375 528 5431 fecere
554 5377 775 5450 maluit,
805 5362 1227 5450 quaintpeipéu
1271 5362 1685 5450 di's’i‘bﬁieliéé
1785 5362 1842 5432 se
1860 5362 3160 5450 Christumscripserit.liocsiveruiuest,quodin
3176 5362 3359 5450 codice

151 5431 440 5519 iuvarentur
478 5431 780 5519 aADomino
811 5431 864 5501 ξι
907 5431 1044 5519 Deo.r
1210 5431 1684 5519 ρυιέιιτέἶιέυὲῐήῦἐ

153 5502 243 5589 hoc
269 5508 675 5589 Petrnminter
710 5529 940 5572 caeteros
983 5502 1685 5589 ιοηηίιιειὲέάω’(μίἑῖέέὗί

152 5585 307 5664 fili“.
341 5599 457 5664 cum
480 5586 547 5664 _i.d
576 5586 677 5664 alii
711 5597 846 5664 ante
876 5589 1046 5658 ipsum
1076 5588 1303 5664 libenter
1344 5585 1683 5664 velpzeqttani-

155 5653 300 5704 linter
338 5653 440 5712 sibi
474 5656 592 5713 fieri
630 5653 1021 5728 permisissent.
1075 5657 1311 5715 Facilius
1346 5653 1544 5732 quippe
1601 5663 1680 5718 sic

1787 5456 1964 5502 tamen
2000 5449 2163 5516 Regio
2197 5445 2299 5501 non
2339 5459 2640 5516 comparet,
2672 5448 3068 5501 consentientes
3111 5445 3356 5498 habuerit

1791 5519 2053 5588 0rigenes
2070 5520 2506 5588 Chrysostomum
2528 5517 3077 5588 et'l'heophylactum.
3098 5516 3356 5572 Hunnus.

1861 5586 1974 5661 (i0)
2004 5586 2296 5661 Ferrarius
2316 5589 2583 5661 legite-no
2616 5586 2821 5661 Ἰησοῦ.

1861 5654 1970 5733 (li)
2003 5658 2235 5732 Legebat
2258 5654 2540 5722 Ferrarius
2573 5654 2808 5732 κᾶνπρὸ
2841 5654 3027 5710 αὑτοῦ.
