3712 6138
317 211 420 266 759

1752 205 2079 263 ORIGENIS
3455 208 3542 265 760

314 326 552 397 Spiritus
592 334 835 390 sinctus,
880 325 1159 396 virtusque
1186 342 1252 380 ex
1289 324 1420 391 alto,
1446 341 1544 381 ceu
1585 327 1880 382 vestimen-

1992 327 2078 378 καὶ
2107 328 2140 396 ἡ
2174 325 2250 388 ὡς
2296 324 2496 394 ἔνδυμα
2544 323 2602 388 ἐξ
2627 323 2792 392 ὕψους
2825 323 3069 394 δύναμις.
3121 325 3178 378 ’θ
3208 324 3312 395 μὲν
3342 319 3432 377 οὖν
3455 326 3544 378 ILL-

317 427 453 474 tum.
484 420 661 488 Atque
687 416 878 472 Petrus
921 418 1165 486 quidem,
1196 432 1302 472 non
1335 418 1685 474 considerans
1710 420 1879 473 ratio-

316 525 438 565 nem
476 509 771 564 voluntatis
794 507 921 564 Iesu
945 549 962 572 ,
1005 510 1096 577 qui
1136 510 1437 577 iucuaperat
1484 508 1667 564 lavare
1722 513 1884 580 pedes

317 599 704 668 discipulorum
732 643 746 663 ,
792 609 849 654 et
887 599 1205 668 abstergere
1255 600 1422 654 linteo
1459 615 1566 668 quo
1595 611 1717 656 erat
1747 618 1883 672 prae-

316 688 549 750 cinctus,
585 687 712 742 dicit
746 686 845 751 illi,
906 705 925 738 ι
956 687 1205 754 Domine,
1232 698 1288 742 tu
1321 689 1456 743 mihi
1484 691 1632 747 lavas
1660 694 1876 760 pedes?)

318 780 635 845 dubitative,
665 791 720 835 et
776 780 945 836 veluti
976 783 1183 850 pudore
1221 782 1373 838 illum
1407 784 1623 840 allicere
1655 785 1839 839 volens
1861 827 1879 852 ,

317 871 421 926 hoc
448 873 635 928 dicens
675 889 689 925 :
712 882 770 927 at
793 887 920 929 vero
949 894 967 925 ι
996 873 1152 930 Iesus
1175 877 1471 945 respondit,
1495 888 1552 932 et
1578 878 1718 933 dixit
1743 878 1825 932 illi
1855 921 1872 944 ,

316 963 472 1031 Quod
532 981 632 1035 ego
697 966 856 1032 facio,
932 977 988 1020 tu
1044 983 1190 1022 nunc
1250 969 1446 1033 nescis,
1506 971 1651 1026 scies
1702 980 1882 1025 autem

322 1066 558 1124 postea,»
591 1060 790 1114 docens
818 1059 1131 1130 mysterium
1162 1060 1263 1116 hoe
1291 1076 1431 1116 esse.
1465 1060 1573 1116 Sed
1606 1063 1735 1130 quid
1765 1073 1886 1117 erat

323 1149 447 1202 illud
474 1150 614 1218 quod
642 1147 877 1205 faciebat
920 1148 1078 1204 Iesus
1111 1151 1341 1207 lavando
1385 1153 1549 1222 pedes
1587 1152 1884 1220 discipulo-

321 1240 483 1292 rum?
529 1241 610 1294 Au
639 1242 968 1309 operabatur
997 1240 1224 1297 lavando
1284 1243 1525 1311 ipsorum
1580 1245 1774 1312 pedes,
1832 1253 1889 1299 et

322 1331 680 1401 abstergendo
708 1332 877 1388 linteo
907 1348 1017 1403 quo
1051 1343 1170 1388 erat
1197 1335 1520 1403 prwcinctus
1540 1375 1555 1399 ,
1584 1337 1730 1405 ipsos
1757 1351 1886 1405 spe-

321 1420 520 1484 ciosos,
550 1436 673 1476 cum
697 1421 934 1476 futurum
967 1432 1131 1485 esset,
1164 1433 1223 1478 ut
1265 1426 1495 1493 apostoli
1542 1426 1682 1481 bona
1725 1442 1888 1482 evan-

320 1510 664 1577 gelizarent?
693 1510 829 1565 Nam
855 1513 1073 1582 quando
1107 1513 1238 1566 lavit
1283 1516 1450 1584 pedes
1496 1517 1885 1587 discipulorum

322 1601 500 1667 Iesus,
535 1612 661 1658 tunc
683 1603 876 1671 opinor
911 1603 1041 1658 illud
1077 1606 1388 1674 prophetici:
1411 1607 1612 1662 dictum
1650 1609 1716 1662 de
1758 1624 1889 1677 apo-

1981 438 2130 492 τρος,
2162 419 2237 489 μὴ
2285 416 2504 487 θεωρῶν
2532 416 2620 469 τὸν
2655 416 2812 484 λόγον
2854 416 2948 468 τοῦ
2998 415 3340 484 βουλήματος
3390 416 3542 486 Ἰησοῦ

1981 509 2287 581 ἀρξαμένου
2306 509 2512 562 νίπτειν
2539 509 2662 572 τοὺς
2694 507 2859 569 πόδας
2895 506 3002 559 τῶν
3037 506 3315 576 μαθητῶν,
3347 506 3440 557 καὶ
3468 510 3544 558 ἐκ·

1986 603 2212 673 μάσσειν
2253 602 2331 671 τῷ
2377 601 2588 670 λεντίῳ,
2695 595 2764 670 ἧν
2795 599 3170 669 διεζωσμένος,
3199 598 3354 666 λέγει
3394 599 3540 669 αὐτῷ,

1989 712 2007 743 ι
2035 694 2230 762 Κύριε,
2265 693 2329 746 σύ
2351 711 2453 762 μου
2478 693 2689 754 νίπτεις
2711 691 2835 754 τοὺς
2868 690 3065 753 πόδας;
3099 709 3117 741 ι
3141 691 3546 756 ὲπαπορητικῶς

1983 784 2077 836 καὶ
2106 781 2496 852 δυσωπητικῶς
2515 780 2671 833 τοῦτο
2701 779 2942 849 φάσκων·
2968 779 2996 830 ὁ
3015 779 3071 830 δὲ
3110 777 3323 850 Ἰησοῦς
3343 780 3547 849 ἀπεκρί-

1983 875 2072 945 θη,
2108 875 2200 926 καὶ
2229 869 2380 926 εἶπεν
2413 873 2583 944 αὐτῷ,
2624 872 2910 936 διδάσκων,
2950 870 3030 923 ὅτι
3072 872 3376 941 μυστήριον
3413 871 3548 923 τοῦτο

1982 961 2071 1036 ἦν,
2098 965 2177 1018 τό·
2217 983 2234 1015 ι
2279 967 2344 1018 Ὃ
2376 966 2488 1034 ἐγὼ
2515 965 2671 1029 ποιῶ,
2707 965 2771 1017 σὺ
2811 965 2912 1016 οὐκ
2942 957 3087 1025 οἶδας
3119 964 3263 1034 ἄρτι·

1988 1053 2125 1122 μετά
2148 1052 2338 1108 ταῦτα.
2391 1073 2410 1106 ι
2448 1054 2512 1106 Τί
2543 1053 2599 1106 δὲ
2630 1049 2697 1124 ἦν
2723 1053 2751 1104 ὃ
2791 1053 2968 1104 ἐποίει
3000 1053 3201 1104 νίπτων
3238 1054 3372 1115 τοὺς
3407 1053 3548 1116 afen;

1982 1143 2092 1196 τῶν
2127 1143 2383 1214 μαθητῶν
2406 1145 2435 1196 ό
2477 1144 2712 1213 Ἰησοῦς;
2745 1144 2817 1196 Ἦ
2836 1145 3117 1215 εἰργάζετο
3140 1143 3228 1196 διά
3245 1144 3346 1197 τοῦ
3362 1144 3550 1196 νίπτειν

1985 1233 2165 1286 αὐτῶν
2197 1235 2323 1296 τοὺς
2356 1233 2544 1298 πόδας,
2587 1236 2682 1286 καὶ
2723 1233 3022 1304 ἐκμάσσειν
3069 1233 3147 1302 τῷ
3173 1233 3372 1304 λεντίῳ
3403 1228 3446 1302 ᾧ
3494 1231 3549 1306 ἦν

1985 1326 2364 1396 διεζωσμένος,
2392 1324 2624 1396 ὡραίους
2644 1326 2860 1390 αὐτοὺς,
2890 1325 3186 1396 μελλόντων
3203 1325 3391 1378 αὐτῶν
3415 1328 3552 1395 εὐαγ-

1986 1417 2302 1486 γελίσασθαι
2328 1417 2395 1470 τὰ
2425 1417 2638 1486 ἀγαθά;
2671 1418 2799 1470 Ὅτε
2833 1417 2943 1488 γὰρ
2961 1416 3108 1485 ἕνιψε
3123 1419 3248 1480 τοὺς
3279 1435 3298 1468 ς

1991 1509 2247 1580 μαθητῶν
2280 1511 2308 1562 ό
2353 1507 2580 1580 Ἰησοῦς,
2610 1509 2752 1572 τότε,
2784 1507 2956 1579 οἶμαι,
2975 1508 3332 1582 πεπλήρωται
3359 1510 3422 1562 τὸ
3441 1512 3552 1582 περὶ

1988 1601 2099 1654 τῶν
2148 1600 2459 1654 ἀποστόλων
2488 1599 2656 1653 αὑτοῦ
2693 1600 3042 1672 προςρητικῶς
3069 1601 3386 1672 εἰρημένονο
3426 1619 3442 1651 ι
3479 1602 3550 1666 Ὡς

3383 1435 3445 1480 ας
3458 1419 3549 1470 τῶν

319 1695 474 1749 stolis
500 1695 615 1750 suis
645 1697 970 1765 completum
999 1697 1165 1753 fuisse
1197 1713 1212 1752 :
1245 1717 1264 1748 ι
1292 1698 1465 1765 Quam
1502 1701 1732 1769 speciosi
1758 1713 1884 1757 sunt

1992 1692 2177 1763 ὡραῖοι
2216 1694 2264 1744 οἱ
2311 1693 2470 1754 πόδες
2500 1690 2610 1744 τῶν
2648 1691 3148 1761 εὐαγγελιζομένων
3190 1691 3259 1744 τὰ
3291 1690 3497 1758 ἀγαθάί
3531 1711 3547 1741 ι

320 1793 480 1854 pedes
533 1788 1018 1856 evangelizantium
1053 1792 1191 1844 bona
1231 1791 1348 1832 ⁸⁶-⁸¹
1375 1794 1423 1846 Ξ»
1471 1794 1623 1859 Quod
1655 1794 1697 1847 si
1724 1794 1888 1861 pedes

322 1880 707 1948 discipulorum
736 1881 952 1946 lavaris,
979 1885 1232 1952 pulchros
1261 1901 1356 1941 eos
1375 1886 1667 1954 facit,quid
1689 1886 1886 1941 dicturi

320 1987 508 2026 sumus
540 1973 850 2043 ingenerari
885 1990 917 2029 a
947 1989 1073 2029 vera
1108 1976 1540 2045 pulchritudine,
1574 1979 1763 2046 bisqui
1793 1979 1886 2033 toti

321 2072 448 2116 sunt
501 2064 761 2132 haptizati
809 2078 838 2116 a
885 2062 1012 2118 Iesu
1048 2066 1102 2118 in
1153 2064 1355 2135 Spiritu
1397 2077 1585 2121 sancto
1630 2077 1684 2122 et
1735 2068 1890 2135 igni?

323 2148 558 2205 Proinde
606 2151 772 2218 pedes
818 2154 1305 2222 evangelizantium
1342 2154 1482 2209 bona
1529 2155 1739 2225 pulchri
1769 2155 1887 2210 fue-

321 2251 468 2304 rant,
510 2240 690 2296 utloti
725 2251 778 2297 et
810 2245 1052 2298 mundati
1095 2254 1152 2300 et
1197 2247 1428 2302 abstersi
1457 2246 1660 2302 Christi
1717 2248 1890 2301 mani-

320 2333 444 2399 bus,
480 2335 729 2389 incedere
759 2347 979 2406 possent
1009 2352 1105 2406 per
1131 2352 1374 2394 sanctam
1403 2341 1569 2406 viam,
1600 2351 1762 2410 atque
1789 2344 1891 2397 iter

321 2423 500 2479 facere
529 2440 626 2494 per
655 2425 802 2479 illum
831 2428 922 2496 qui
947 2427 1085 2481 dixit
1118 2448 1132 2482 :
1161 2430 1302 2500 «Ego
1329 2446 1446 2485 sum
1480 2433 1567 2485 via
1597 2432 1696 2486 ⁸³.»
1731 2433 1889 2488 Solus

322 2515 489 2581 enim,
520 2523 576 2569 et
606 2516 785 2570 omnis
839 2518 996 2586 cuius
1043 2520 1208 2588 pedes
1263 2521 1457 2577 laverit
1492 2521 1650 2578 Iesus
1677 2565 1693 2589 ,
1745 2525 1886 2578 viam

321 2607 659 2672 perambulat
705 2608 846 2662 hanc
891 2610 1159 2665 viventem
1208 2623 1262 2666 et
1319 2616 1386 2666 ad
1439 2613 1651 2670 Patrem
1686 2618 1889 2672 ducen-

323 2705 470 2760 tem;
503 2713 604 2753 nec
626 2700 769 2770 capit
798 2700 912 2756 haec
955 2704 1040 2757 via
1077 2705 1241 2772 pedes
1289 2707 1603 2775 inquinatos
1638 2717 1692 2762 et
1722 2710 1888 2779 pedes

321 2788 414 2855 qui
447 2790 685 2844 nondum
709 2804 836 2846 sunt
863 2796 1068 2850 mundi.
1109 2796 1283 2862 Atque
1313 2796 1490 2852 Moses
1516 2799 1730 2866 quidem
1753 2815 1886 2870 opus

324 2880 563 2937 habebat
608 2884 819 2939 solvere
872 2887 1297 2942 calceamentum
1350 2906 1414 2944 ex
1467 2891 1691 2960 pedibus
1745 2893 1882 2957 suis,

321 2973 576 3036 quoniam
631 2975 677 3028 is
711 2977 866 3030 locus
898 2979 964 3032 ad
993 2993 1154 3047 quem
1201 2993 1564 3050 pervenerat,
1609 2994 1661 3036 et
1690 2983 1743 3038 in
1779 3000 1885 3053 quo

323 3064 536 3132 stabat,
605 3075 751 3120 terra
807 3079 992 3123 sancta
1052 3080 1172 3124 erat
1195 3072 1282 3138 8l’;
1318 3073 1582 3130 'siutiliter
1624 3085 1679 3130 et
1729 3075 1886 3131 Iesus

324 3153 470 3211 Nave
509 3156 649 3213 ﬁlius
679 3159 744 3214 ⁸³.
783 3161 852 3214 At
884 3177 1014 3217 vero
1042 3161 1166 3218 Iesu
1190 3165 1466 3232 discipulis
1494 3207 1508 3230 ,
1545 3179 1603 3221 ut
1631 3183 1723 3238 per
1749 3169 1889 3222 hanc

325 3247 594 3302 viventem
643 3253 1046 3322 animatamque
1098 3255 1239 3308 viam
1292 3257 1702 3324 perambuleut,
1781 3275 1887 3312 non

326 3338 498 3393 solum
538 3341 672 3398 satis
699 3351 776 3396 est
813 3342 865 3398 in
891 3344 975 3398 via
1003 3345 1216 3402 calceos
1238 3362 1347 3400 non
1377 3349 1599 3416 habere,
1632 3366 1756 3404 cum
1787 3351 1889 3406 hoc

324 3431 480 3487 Iesus
508 3432 786 3503 discipulis
813 3435 928 3490 suis
953 3439 1274 3506 praeceperit
1326 3439 1415 3504 ⁸⁵;
1470 3441 1565 3494 sed
1620 3443 1686 3494 ad
1751 3443 1890 3498 hanc

326 3525 493 3593 ipsam
545 3524 687 3579 viam
765 3525 1160 3582 conﬁciendam
1223 3545 1357 3599 opus
1399 3532 1567 3586 etiam
1621 3533 1889 3587 habebant

328 3615 493 3670 lavari
525 3630 554 3668 a
588 3614 739 3680 Iesu,
772 3619 862 3688 qui
889 3619 1137 3689 deposuit
1179 3623 1521 3688 vestimenta,
1558 3623 1802 3679 fortassis
1831 3634 1890 3680 ut

330 3703 556 3757 mundos
581 3701 747 3774 416
769 3704 982 3760 ilior-um
1009 3710 1174 3777 pedes
1199 3710 1552 3776 exsistentes,
1576 3715 1889 3771 mundiores

326 3792 568 3848 faceret:
601 3795 852 3852 fortassis
873 3799 1058 3865 etiam,
1091 3809 1146 3854 ut
1183 3802 1604 3869 immunditiam,
1639 3821 1801 3875 quam
1830 3807 1886 3863 in

325 3885 546 3950 pedibus
569 3886 682 3942 suis
709 3887 975 3944 habebant
997 3891 1265 3962 discipuli,
1292 3894 1344 3949 in
1368 3911 1522 3950 suum
1554 3899 1719 3966 ipsius
1748 3901 1890 3956 reci-

325 3987 476 4044 peret
515 3994 730 4049 corpus,
765 3982 1040 4038 mediante
1072 3984 1240 4040 linteo
1268 4001 1332 4041 eo
1359 4003 1467 4056 quo
1491 3991 1609 4046 solo
1655 3993 1888 4060 praecin-

323 4081 442 4124 ctus
470 4071 742 4127 eratzl'ert
769 4073 882 4142 ipse
921 4091 1153 4146 namque
1195 4079 1536 4138 inﬁrmitates
1573 4096 1789 4140 nostras
1817 4087 1884 4140 ⁸⁸.

328 4161 464 4216 Vide
493 4162 656 4232 igitur
678 4166 820 4233 quod
847 4165 1128 4222 lavaturus
1163 4171 1327 4239 pedes
1353 4174 1740 4243 discipulorum
1766 4177 1886 4230 nul-

1988 1782 2052 1833 Εί
2085 1781 2140 1835 δὲ
2175 1781 2342 1844 πόδας
2386 1780 2641 1852 μαθητῶν
2671 1780 2873 1833 νίπτων
2897 1780 3132 1851 ὡραίους
3157 1781 3362 1844 αὐτοὺς
3407 1786 3546 1846 ποιεῖ,

1989 1874 2040 1926 τί
2069 1875 2311 1944 φήσομεν
2341 1874 2450 1927 ἀπὸ
2475 1873 2566 1926 τοῦ
2587 1872 2838 1944 ἀληθινοῦ
2869 1873 3091 1937 κάλλους
3119 1873 3431 1942 ἐγγίνεσθαι
3458 1878 3551 1938 τοῖς

1990 1964 2096 2018 ὑπὸ
2155 1962 2328 2034 Ἰησοῦ
2359 1963 2782 2034 βαπτισαμένοις
2819 1964 2961 2028 ὅλοις
3017 1968 3074 2019 ὲν
3108 1964 3395 2037 Πνεύμλατι
3428 1966 3548 2036 ἁγίῳ

1989 2057 2084 2110 καὶ
2110 2057 2242 2128 πυρί
2259 2073 2272 2120 ;
2313 2056 2513 2126 Ὧραῖοι
2537 2056 2594 2108 δῖε
2623 2057 2672 2108 οἱ
2702 2056 2859 2120 πόδες
2879 2058 3126 2124 ἐγένοντο
3144 2058 3252 2111 τῶν
3285 2061 3547 2129 εὐαγγελι-

1989 2149 2228 2219 ζομένων
2248 2148 2316 2201 τά
2335 2146 2536 2215 ἀγαθὰ,
2563 2149 2669 2207 ἵνα,
2702 2147 3005 2218 νιψάμενοι,
3038 2150 3132 2202 καὶ
3169 2150 3545 2222 καθηράμενοι,

1989 2241 2083 2293 καὶ
2123 2237 2491 2308 ἐκμαξάμενοι
2517 2237 2622 2290 ἀπὸ
2648 2237 2758 2291 τῶν
2780 2237 3016 2310 Χριστοῦ
3054 2240 3272 2310 χειρῶν,
3311 2240 3547 2310 ἐπιϐῆναι

1986 2331 2252 2403 δυνηθῶσι
2285 2330 2384 2400 τῆς
2408 2330 2568 2398 ἁγίας
2596 2329 2736 2395 όδοῦ,
2762 2331 2856 2384 καὶ¹
2883 2331 3086 2384 ὁδεύειν
3113 2332 3206 2384 τὸν
3219 2331 3546 2402 εἰπόντα(ίὲι

1987 2423 2068 2476 τό’
2102 2440 2121 2473 ι
2173 2421 2313 2489 Ἐγὼ
2344 2423 2456 2492 εἰμι
2483 2422 2517 2492 ή
2544 2421 2680 2485 ὁδός·
2722 2440 2740 2472 ι
2778 2423 2934 2492 μόνος
2957 2423 3065 2495 γάρ
3095 2425 3191 2477 καὶ
3217 2425 3332 2487 πᾶς
3353 2425 3383 2476 ό
3405 2423 3543 2490 νιψάο

1991 2530 2150 2582 μενος
2182 2515 2304 2576 τοὺς
2329 2513 2495 2577 πόδας
2527 2513 2634 2566 ἀπὸ
2658 2512 2751 2567 τοῦ
2798 2514 2969 2585 Ἰησοῦ
2992 2514 3161 2567 ὁδεύει
3183 2515 3282 2585 τὴν
3302 2514 3420 2568 ὁδὸν
3436 2513 3547 2568 ταὺ-

1987 2624 2084 2678 την
2118 2607 2214 2677 τὴν
2249 2605 2448 2670 ζῶσαν,
2485 2609 2578 2661 καὶ
2612 2607 2880 2678 φέρουσαν
2917 2607 3052 2678 πρὸς
3082 2607 3173 2659 τὸν
3198 2608 3436 2679 Πατέρα’
3469 2609 3547 2660 καὶ

1986 2699 2045 2751 οὐ
2082 2701 2249 2770 χωρεῖ
2271 2701 2304 2770 ή
2333 2699 2448 2763 ὁδὸς
2476 2700 2613 2769 αῦτη
2636 2699 2799 2761 πῶας
2839 2695 3301 2769 μεμολυσμένους,
3328 2701 3545 2760 καὶτοὺς

1987 2791 2066 2844 ἔτι
2102 2794 2176 2862 μὴ
2233 2791 2523 2863 καθαρούς.
2567 2791 2772 2862 Μωσῆς
2806 2791 2904 2862 μὲν
2955 2788 3048 2846 οῦν
3086 2792 3252 2845 ἐδεῖτο
3295 2792 3544 2846 ὑπολύσα-

1989 2883 2113 2938 σθαι
2137 2883 2198 2936 τὸ
2228 2885 2477 2955 ὑπόδημα
2515 2887 2622 2939 ἀπὺ
2647 2887 2753 2939 τῶν
2784 2886 2958 2940 ποδῶν
2999 2885 3185 2949 αὐτοῦ,
3216 2887 3446 2956 ἐπείπερ
3473 2884 3542 2952 ἐφ’

1986 2975 2044 3028 ὃν
2073 2975 2296 3043 ἐφθάκει
2332 2977 2492 3029 τόπον
2523 2978 2579 3028 ὲν
2672 2979 2932 3050 εἱστήκει,
2960 2978 3030 3048 γῆ
3067 2979 3198 3046 άγία
3238 2973 3332 3048 ἦν·
3369 2976 3544 3047 ὁμοίως

1991 3067 2047 3120 δὲ
2077 3070 2105 3121 ὁ
2130 3067 2222 3120 τοῦ
2247 3068 2401 3138 Ναυῆ
2447 3069 2672 3139 Ἰησοῦς.
2696 3071 2757 3123 ΟΞ
2782 3071 2836 3123 δὲ
2868 3071 3102 3140 μαθηταὶ
3121 3069 3213 3122 τοῦ
3251 3068 3445 3140 Ἰησοῦ,
3471 3068 3545 3120 ἵνα

1989 3159 2245 3212 ὁδεύσωσι
2267 3159 2365 3230 τήν
2391 3159 2570 3223 ζῶσαν
2595 3161 2686 3214 καὶ
2727 3161 2966 3231 ἔμψυχον
3001 3161 3136 3224 ὁδὸν,
3177 3160 3237 3212 ού
3277 3159 3433 3230 μόνον
3459 3159 3543 3229 ἀρ-

1990 3251 2208 3306 κοῦνται
2239 3252 2316 3323 τῷ
2343 3251 2417 3322 μὴ
2438 3251 2580 3323 ἔχειν
2608 3253 2930 3323 ὑποδήματα
2958 3254 3098 3306 κατά
3123 3253 3218 3324 τὴν
3239 3254 3380 3315 ὁδὸν,
3408 3251 3542 3304 τοῦτο

1988 3346 2103 3406 τοῖς
2128 3344 2442 3408 ἀποστόλοις
2464 3344 2628 3397 αὐτοῦ
2655 3344 3032 3414 ἐντειλαμένου
3065 3344 3156 3398 τοῦ
3202 3344 3397 3415 Ἰησοῦ·
3429 3343 3543 3394 ἀλλὰ

1988 3434 2098 3506 γὰρ
2125 3435 2226 3488 ἔδει
2259 3437 2393 3508 πρὸς
2426 3438 2485 3490 τὸ
2510 3438 2722 3490 ὁδεῦσαι
2751 3437 2845 3507 τὴν
2868 3438 2988 3490 ὁδὸν
3019 3437 3222 3507 ταύτην
3259 3438 3440 3499 αὐτοῖς

1987 3527 2050 3580 τὸ
2072 3527 2324 3596 νίψασθαι
2360 3529 2466 3581 ἀπὸ
2505 3531 2599 3582 τοῦ
2651 3530 2823 3600 Ἰησοῦ
2875 3529 3211 3599 ἀποθεμένου
3249 3529 3320 3582 τά
3354 3529 3537 3599 ἱμάτια·

1988 3617 2127 3688 τάχα
2157 3620 2253 3688 μὲν
2279 3620 2366 3674 ἵνα
2396 3619 2669 3691 καθαροὺς
2698 3621 2895 3684 αὐτοὺς
2919 3619 3031 3691 (15)
3062 3621 3186 3683 τοὺς
3214 3620 3382 3682 πόδας
3408 3617 3541 3686 ποιή-

1991 3727 2060 3783 σῃ
2089 3710 2521 3785 καθαρωτέρους·
2557 3713 2698 3782 τάχα
2729 3712 2786 3766 δὲ
2821 3712 2907 3765 ἵνα
2937 3711 3027 3765 τὸν
3067 3713 3124 3764 ἐν
3157 3715 3270 3775 τοῖς
3300 3712 3424 3764 ποσὶ
3451 3708 3540 3761 τῶν

1992 3801 2246 3874 μαθητῶν
2284 3803 2452 3874 ῥύπον
2481 3803 2728 3876 ἀναλάϐῃ
2747 3804 2826 3865 εἰς
2860 3805 2922 3857 τὸ
2941 3803 3133 3856 ἑαυτοῦ
3164 3803 3325 3874 σῶμα
3357 3802 3438 3856 διά
3461 3797 3539 3853 τοῦ

1988 3895 2216 3962 λεντίου,
2244 3888 2288 3964 ᾧ
2331 3895 2478 3966 μόνῳ
2512 3895 2949 3966 περιεζωσμένος
2985 3891 3071 3966 ἦν·
3124 3894 3283 3958 αὐτὸς
3317 3894 3422 3966 γὰρ
3459 3891 3539 3953 τὰς

1988 3986 2270 4050 ἀσθενείας
2299 3988 2454 4058 ἡμῶν
2477 3989 2650 4059 φέρει.
2683 3990 2824 4059 Ὅρα
2845 3987 2975 4060 γὰρ,
2997 3988 3100 4050 ὅτι,
3122 3987 3333 4057 μέλλων
3358 3987 3537 4039 νίπτειν

1988 4081 2113 4143 τοὺς
2140 4079 2302 4144 πόδας
2340 4079 2448 4133 τῶν
2482 4079 2878 4150 μαθητῶν,οὺκ
2904 4079 3060 4134 ἄλλον
3093 4079 3282 4150 καιρὸν
3311 4076 3539 4143 ἐπελέξα-

1987 4189 2068 4237 το,
2091 4172 2123 4243 ἦ
2150 4173 2237 4225 ὅτε
2273 4175 2302 4225 δ
2319 4171 2560 4235 διάϐολος
2572 4173 2670 4243 ήδη
2705 4171 2954 4243 βεϐλήκει
2978 4173 3057 4236 εἰς
3075 4172 3174 4242 τήν
3202 4171 3438 4242 καρδίαν,
3465 4169 3536 4222 ἵνα

324 4249 432 4304 Ιυιη
467 4251 610 4306 aliud
633 4262 841 4322 tempus
872 4254 1122 4325 elegerit,
1148 4259 1249 4314 nisi
1274 4263 1615 4332 quandojam
1644 4265 1888 4321 diabolus

1992 4263 2216 4334 παραδῷ
2253 4265 2415 4318 αὑτὸν
2451 4263 2649 4327 Ἰούδας
2701 4264 2944 4334 Σίμωνος
2989 4262 3360 4334 Ἰσκαριώτης,
3399 4261 3535 4327 καὶὴ

325 4343 642 4400 immisisset
674 4349 728 4401 in
758 4362 854 4402 cor
891 4345 1130 4405 Simonis
1157 4350 1307 4408 Iuda:
1336 4352 1612 4412 lscariotis
1653 4368 1711 4412 ut
1761 4373 1886 4428 pro-

1992 4353 2131 4424 ὑπὲρ
2152 4351 2453 4423 ἀνθρώπων
2482 4352 2672 4424 ἔμελλε
2705 4352 2949 4422 γίνεσθαι
2988 4353 3288 4423 οίκονομία’
3319 4353 3418 4425 πρὸ
3445 4350 3534 4447 γὰρ

325 4434 476 4489 deret
497 4451 641 4502 eum,
672 4448 727 4492 et
758 4442 976 4509 quando
1004 4441 1249 4498 facienda
1295 4458 1414 4501 erat
1456 4463 1554 4516 pro
1581 4451 1890 4509 hominibus

1992 4442 2172 4496 τούτου
2203 4443 2454 4517 εὓκαιρον
2487 4446 2588 4499 οὐκ
2618 4440 2686 4516 ἦν
2714 4445 2970 4515 νίψασθαι
2989 4448 3115 4510 τοὺς
3150 4445 3314 4509 πόδας
3344 4442 3439 4497 ὑπὸ
3457 4438 3534 4494 τοῦ

325 4530 623 4584 wconomia
657 4549 670 4584 :
704 4542 836 4588 ante
857 4535 996 4589 hanc
1021 4536 1221 4590 etenim
1250 4553 1355 4592 non
1391 4552 1746 4609 opportunum
1773 4552 1891 4598 erat

325 4620 621 4690 discipulos
652 4623 855 4680 habere
912 4627 1076 4694 pedes
1127 4641 1159 4680 a
1209 4625 1336 4683 Iesu
1383 4631 1561 4688 lotos:
1595 4634 1717 4703 quis
1745 4635 1889 4689 enim

325 4719 532 4767 loturus
555 4710 734 4768 fuerat
764 4716 958 4784 pedum
987 4717 1200 4772 illorum
1231 4721 1418 4774 sordes
1455 4721 1592 4775 intra
1619 4723 1720 4778 hoc
1751 4732 1882 4778 ten:-

325 4816 422 4871 pus
470 4817 641 4872 usque
668 4805 735 4858 ad
764 4805 1067 4874 passionem
1093 4805 1116 4860 ?
1161 4808 1268 4863 Sed
1295 4826 1364 4865 ne
1390 4821 1631 4882 tempore
1664 4813 1880 4882 quidem

325 4894 595 4963 passionis
624 4910 638 4947 :
666 4910 839 4964 neque
865 4898 1010 4951 enim
1039 4898 1176 4954 alius
1205 4913 1323 4956 erat
1348 4900 1508 4959 Iesus
1535 4905 1624 4975 qui
1665 4907 1882 4962 illorum

325 4995 530 5043 tavaret
550 4987 734 5056 pedes.
769 4989 845 5042 Ac
873 5004 942 5044 ne
974 5001 1094 5059 post
1117 4995 1472 5050 mconomiatn
1505 4997 1720 5065 quidem
1746 5001 1883 5068 :jam

326 5082 465 5136 enim
494 5080 683 5135 aderat
718 5081 847 5136 hora
875 5079 1112 5150 Spiritus
1134 5088 1304 5142 sancti
1343 5086 1408 5141 ad
1435 5088 1728 5156 discipulos
1759 5107 1885 5146 ven-

327 5172 428 5225 turi
479 5173 588 5241 jam
646 5170 823 5226 factos
872 5173 1123 5242 mundos,
1154 5187 1207 5232 et
1235 5178 1375 5233 lotos
1409 5180 1673 5236 habentes
1698 5183 1882 5250 pedes,

1999 4535 2170 4605 Ἰησοῦ
2196 4538 2321 4601 τοὺς
2365 4536 2629 4608 μαθητάςο
2662 4538 2748 4601 τίς
2775 4537 2882 4608 γάρ
2919 4537 2984 4590 ἂν
3028 4537 3119 4590 τὸν
3167 4541 3224 4591 ὲν
3255 4536 3329 4607 τῷ
3361 4531 3532 4607 μεταξῦ

1984 4625 2089 4689 ἓως
2113 4625 2206 4679 τοῦ
2242 4627 2443 4691 πάθους
2473 4628 2641 4698 ῥύπον
2660 4627 2766 4681 τῶν
2787 4627 2963 4682 ποδῶν
2989 4626 3167 4680 αυτῶν
3192 4627 3440 4696 άπὲνιψεν
3452 4624 3529 4683 ἆν;

1990 4719 2129 4772 Ἀλλ’
2157 4722 2279 4775 οὐδὲ
2320 4723 2377 4774 ὲν
2411 4721 2488 4792 τῷ
2521 4719 2695 4793 καιρῷ
2726 4720 2820 4774 τοῦ
2870 4720 3091 4783 πάθους·
3131 4719 3285 4783 ἀλλος
3326 4718 3425 4787 γάρ
3447 4715 3531 4782 Ἰη-

1990 4812 2115 4876 σοῦς
2145 4813 2244 4864 οὐκ
2273 4808 2338 4882 ἦν
2383 4815 2410 4865 ὁ
2442 4815 2643 4866 νίπτων
2683 4811 2860 4865 αὐτῶν
2888 4813 3012 4875 τοὺς
3037 4810 3223 4875 πόδας.
3267 4809 3398 4862 Ἀλλ’
3433 4803 3530 4860 οὐδὲ

1992 4903 2129 4976 μετά
2161 4903 2257 4976 τὴν
2290 4903 2617 4974 οἰκονομίαν·
2659 4903 2762 4973 ήδη
2785 4903 2892 4975 γὰρ
2927 4903 3044 4975 ὥρα
3083 4902 3174 4956 τοῦ
3209 4902 3361 4970 ἁγίου
3391 4893 3528 4952 Πνεὺ-

1993 5013 2160 5067 ματος
2214 4995 2645 5067 ἐπιδημήσαντος
2691 4998 2804 5058 τοῖς
2844 4995 3114 5066 μαθηταῖς
3152 4992 3218 5066 ἦν
3254 4990 3527 5063 γενομένοις

1990 5090 2248 5161 καθαροῖς
2273 5091 2365 5143 καὶ
2393 5089 2702 5159 νιψαμένοις
2732 5091 2856 5152 τοὺς
2889 5089 3072 5153 πόδας,
3103 5088 3195 5140 καὶ
3217 5087 3316 5157 ήδη
3349 5085 3525 5154 ἔχουσιν

1993 5181 2237 5251 ἑτοίμους
2267 5180 2461 5243 αὐτοὺς
2487 5179 2581 5232 καὶ
2608 5178 2841 5249 ὡραίους
2877 5178 3011 5249 πρὸς
3031 5178 3089 5229 τὸ
3116 5179 3174 5229 ὲν
3198 5175 3274 5246 τῷ
3290 5171 3524 5241 Πνεύματι

391 5289 505 5377 ’ξ’χω
672 5306 769 5377 EI},
799 5289 851 5344 7-
925 5290 973 5323 ⁸⁸
999 5293 1153 5351 Ioan.
1181 5314 1294 5363 xw,
1346 5299 1398 5352 6.
1480 5299 1526 5330 ⁸³
1555 5299 1728 5355 Exod.
1771 5315 1852 5368 tu,

2021 5301 2066 5332 ⁸⁵
2091 5299 2256 5356 Iosue
2297 5315 2348 5365 ν,
2393 5297 2476 5352 l6.
2553 5296 2599 5327 ⁸⁸
2629 5295 2819 5350 Matth.
2854 5313 2909 5359 χ,
2945 5295 3032 5377 10,
3106 5293 3152 5324 ⁸⁸
3183 5293 3285 5348 lsa.
3335 5304 3438 5354 ιω,
3468 5281 3518 5345 4ἱ

327 5357 511 5414 Matth.
541 5375 657 5426 VIII,
680 5361 767 5414 17.

395 5477 507 5543 (12)
546 5479 802 5533 Ὀδεύειν
828 5481 932 5533 τὸν
960 5480 1225 5534 εἰπόντα.
1269 5480 1529 5549 Origenes
1568 5480 1791 5548 Prw/at.
1838 5483 1892 5534 in

327 5545 608 5620 Joannem,
644 5559 772 5620 tom.
807 5567 822 5603 ι
865 5552 1105 5620 praeﬁxa,
1142 5566 1290 5603 num.
1327 5545 1393 5604 ίῧ
1423 5552 1533 5606 ιΤὸ
1560 5545 1752 5620 ὡραῖον
1799 5553 1893 5604 καὶ

325 5615 380 5666 ἐν
406 5617 581 5686 καιρῷ
607 5615 886 5689 γινόμενον
910 5621 1018 5677 τῶν
1045 5620 1356 5677 ἀποστόλων
1385 5615 1674 5676 ὁδευόντων
1703 5621 1790 5676 τὸν
1820 5625 1893 5674 εί·-

2001 5486 2184 5559 πόντα·
2241 5485 2378 5554 Ἐγώ
2409 5490 2520 5557 εἰμι
2547 5491 2577 5558 ἡ
2608 5488 2744 5551 ὁδὸς,
2776 5489 3034 5559 κήρυγμα
3052 5485 3268 5557 νοήσας.

2071 5558 2183 5627 (15)
2218 5556 2472 5624 Αὑτούςέ
2501 5556 2860 5614 δέιίικιιόυιιῖ
2897 5556 3093 5612 αὐτῶν.
