3712 6138
119 271 230 328 τοι
1123 271 1477 328 (ΣΟΜΜΕΝΓ.
1514 271 1580 326 ΙΝ

1921 272 2086 329 »Μυδ
2128 273 2340 331 XXXII.
3288 276 3387 332 762

115 382 575 454 εὐαγγελίζεσθαι
612 383 678 437 τὰ
707 384 904 452 ἀγαθά.
942 385 1189 440 Τοιοῦτον
1210 385 1304 441 οὖν
1331 391 1445 441 ἐστι
1470 389 1548 442 τό·

1917 405 2022 459 que
2055 399 2335 458 promptos
2385 395 2436 442 et
2484 388 2740 458 pulchros
2796 390 2861 445 ad
2909 390 3383 463 cvangelizandum

118 475 238 546 ἐγὼ
271 476 430 541 ποιῶ,
465 477 531 528 σὺ
555 477 656 529 οὐκ
687 474 832 540 οἶδας
865 478 1007 549 ἄρτν
1026 477 1210 552 γνώσῃ
1231 480 1286 533 δὲ
1314 482 1449 552 μετὰ
1477 481 1584 535 ταῦ

1931 480 2134 552 Spiritu
2204 490 2398 538 sancto
2452 482 2611 539 bona.
2677 482 2808 538 Tale
2851 483 3015 553 igitur
3077 484 3204 540 illud
3251 497 3381 542 est:

123 568 403 638 σύμϐολόν
435 569 550 622 ἐστι
581 567 642 621 τὸ
655 568 909 638 νίψασθαι
936 570 1090 640 ὑμῶν
1115 571 1240 635 τοὺς
1262 572 1426 636 πόδας
1442 574 1530 626 ὑπ’
1553 575 1589 641 ὲ]

1917 576 2017 628 uod
2078 589 2180 641 ego
2223 573 2387 640 facio,
2444 583 2496 628 tu
2559 589 2699 630 nunc
2741 576 2940 642 nescis,
3003 577 3142 632 scies
3201 589 3383 633 autem

115 660 216 712 τοῦ
253 659 596 731 καθαρθῆναι
615 660 718 723 τὰς
748 660 931 730 βάσεις
958 661 1066 715 τῶν
1095 663 1279 734 ψυχῶν
1303 663 1478 734 ὐμῶν,
1503 665 1581 717 ἵνα

1915 679 2016 726 tea.
2061 687 2080 720 ι
2125 668 2280 735 Quod
2308 681 2408 738 ego
2439 668 2614 722 lavem
2652 668 2814 737 pedes
2847 679 3059 724 vestros
3081 711 3097 738 ,
3131 679 3255 725 nota
3295 681 3381 726 est

113 769 324 805 νωνται
354 753 566 824 ὡραῖοι,
618 753 919 824 μελλόντων
952 755 1105 825 ὐμῶν
1143 756 1579 826 εὐαγγελίζεσθαι

1920 763 1950 816 d
1975 761 2281 815 animarum
2309 769 2616 815 vestrarum
2645 761 3010 829 puriliceutur
3051 776 3287 833 gressus,
3324 771 3384 815 ιιι

112 843 322 912 ἀγαθὰ,
360 842 456 900 καὶ
480 845 741 917 καθαροῖς
780 849 892 911 τοῖς
916 849 1074 901 ποσὶν
1100 848 1400 902 ἐπιϐαίνειν
1430 851 1550 913 ταῖς

1915 900 1916 909 χ
1945 855 2176 926 pulchri,
2215 856 2676 926 evangelizaturis
2705 855 2860 908 vobis
2885 857 3049 920 bona,
3078 866 3133 910 et
3165 855 3381 910 mundis

111 935 425 1008 ἀνθρώπιον
447 937 666 1008 ψυχαῖς.
703 938 873 992 Τοῦτο
898 940 956 993 δέ
980 941 1040 993 τὸ
1062 942 1358 1012 μυστήριον
1385 942 1448 996 σὺ
1482 941 1576 995 νῦν

1914 948 2035 1004 ibus
2103 949 2433 1018 ingressuris
2499 947 2554 1003 in
2617 947 2902 1003 hominum
2971 947 3202 1001 animas.
3267 945 3380 1003 Hoc

109 1027 213 1080 οὐκ
242 1024 415 1093 οἶδας,
447 1026 796 1100 ἆτεμηδέπω
826 1031 1017 1102 χωρῶν
1059 1031 1157 1103 τὴν
1181 1033 1383 1102 γνῶσιν
1415 1033 1578 1087 αὐτοῦ
1609 1034 1696 1086 εὐ-

109 1119 438 1192 καιρότερον
486 1122 755 1194 ἐσομένην
785 1125 843 1176 ἐν
880 1125 982 1189 σοὶ,
1019 1125 1158 1180 ἐπὰν
1204 1126 1332 1200 νίψῃ
1372 1129 1499 1192 τοὺς
1537 1129 1701 1193 πόδας

110 1212 203 1265 ἀπ’
239 1211 400 1282 ἐμοῦ·
439 1214 576 1284 μετά
612 1215 668 1268 δὲ
697 1213 868 1268 ταῦτα
893 1216 1079 1289 γνώσῃ
1133 1219 1191 1271 ἐν
1222 1218 1300 1290 τῷ
1321 1219 1494 1288 τούτῳ
1529 1223 1700 1275 συνιέ-

107 1319 217 1368 ναι,
256 1305 632 1376 φωτιζόμενος
670 1309 737 1378 τῇ
793 1309 922 1378 περὶ
955 1310 1052 1362 οὐκ
1085 1311 1561 1384 εὐκαταφρονήτου
1602 1315 1697 1369 καὶ

109 1393 347 1464 βραχέος
388 1396 530 1461 τινὸς
570 1398 786 1466 γνώσει.
824 1399 1008 1454 Ταῦτα
1035 1402 1092 1455 δὲ
1119 1403 1367 1472 λέγοντος
1393 1404 1470 1476 τῷ
1504 1407 1696 1479 Πέτρῳ

1803 1050 1986 1098 autem
2011 1043 2332 1114 mysterium
2364 1051 2417 1097 tu
2448 1055 2593 1096 nunc
2615 1042 2831 1110 quidem
2865 1041 3063 1106 nescis,
3090 1040 3214 1109 quia
3246 1055 3383 1094 non-3

1803 1137 1928 1190 dum
1969 1135 2206 1203 percipis
2257 1135 2624 1206 cognitionem
2681 1132 2798 1202 ejus
2825 1133 3178 1203 opportunius
3220 1131 3274 1186 in
3327 1139 3380 1185 te

1801 1226 2062 1293 futuram,
2093 1227 2254 1283 simul
2275 1238 2438 1298 atque
2468 1241 2568 1296 ego
2599 1225 2782 1280 lavero
2811 1225 2974 1294 pedes
2999 1231 3156 1288 tuos;
3188 1230 3371 1291 postea

1799 1336 1930 1376 vero
1993 1336 2290 1389 cognosces
2349 1321 2474 1375 dum
2535 1320 2639 1375 hoc
2699 1318 2978 1388 intelliges
3043 1315 3373 1370 illmniuatus

1798 1416 2113 1487 cognitione
2160 1431 2265 1469 non
2305 1429 2469 1484 parva
2505 1429 2680 1482 neque
2728 1411 2892 1466 facile
2953 1410 3371 1466 contemnenda.

105 1483 201 1538 τοῦ
237 1487 438 1556 Ἰησοῦ,
464 1491 494 1542 ό
511 1489 754 1561 μαθητὴς
770 1490 1120 1564 ἀποκρίνεται
1146 1495 1246 1549 οὐκ
1267 1497 1460 1568 ἐπιστη
1470 1515 1567 1568 μον

1907 1523 2064 1562 .erum
2098 1508 2213 1563 haec
2241 1483 2498 1578 loquente
2532 1504 2658 1560 Jesu
2691 1505 2851 1560 Petro
2877 1543 2892 1568 ,
2931 1503 3228 1573 discipulus
3261 1517 3373 1558 res-

107 1577 421 1651 ἀπόκρισιν,
454 1580 594 1654 πλὴν
617 1585 918 1653 φαντασίαν
933 1585 1425 1652 ἐξαποστέλλουσαν
1445 1591 1535 1644 τοῦ
1557 1611 1573 1644 1

1885 1602 1998 1655 Idet
2043 1577 2361 1670 responsum
2418 1582 2524 1654 non
2563 1599 2818 1668 peritum,
2876 1598 2970 1651 sed
3023 1595 3351 1651 sententiam

105 1670 196 1724 τὸν
241 1672 451 1744 Ἰησοῦν
468 1675 758 1745 τιμητικοῦ
781 1677 875 1730 καὶ
906 1678 1200 1750 σεϐασμίου
1221 1722 1236 1746 ,
1271 1684 1568 1750 φαντασίαν

1903 1691 2225 1747 ﬁcisccutem
2258 1691 2480 1762 quidem
2524 1691 2592 1746 ab
2622 1689 2818 1746 ati‘cctu
2844 1731 2860 1756 ,
2909 1699 2962 1746 et
3010 1707 3139 1764 erga
3187 1689 3369 1748 Jesutn

107 1763 468 1837 εψευσμένην.
504 1768 624 1820 Ἔτι
654 1768 861 1841 διόπερ,
880 1772 1004 1825 ἐπεὶ
1034 1772 1106 1846 μὴ
1144 1775 1494 1846 συμφέρουσα
1517 1773 1573 1849 ἦκ

1908 1785 2018 1839 oris
2047 1794 2103 1838 et
2131 1785 2451 1838 reverentiae
2483 1782 2717 1852 plenam,
2743 1783 2838 1838 sed
2868 1793 3045 1838 tamen
3077 1763 3183 1854 qua
3217 1783 3369 1838 falle-

107 1855 298 1927 Πέτρῳ
332 1858 366 1926 ή
401 1856 687 1930 ἀπόκρισις
741 1861 928 1925 αὐτοῦ,
970 1865 1071 1916 οὐκ
1120 1866 1185 1936 ἐᾷ
1225 1865 1394 1938 αὐτὴν
1435 1868 1573 1937 γενέ‹

1905 1893 1972 1930 Il'.
2004 1876 2273 1943 Quocirca
2306 1877 2561 1946 quoniam
2591 1876 2739 1930 utilis
2769 1874 2932 1931 Petro
2977 1891 3082 1931 non
3115 1888 3234 1930 erat
3255 1877 3371 1947 ejus

105 1947 276 2019 ἁληθῆ
302 1951 333 2003 ό
363 1949 434 2003 τὰ
463 1951 554 2004 ἐπὶ
584 1951 753 2026 βλάϐῃ
783 1953 1190 2027 ἀληθευσόμενα
1217 1961 1284 2029 τῇ
1310 1959 1402 2012 τοῦ
1441 1959 1571 2028 λέγοι

1901 1968 2107 2031 Jonsio,
2145 1983 2253 2022 non
2284 1967 2419 2021 sinit
2442 1982 2560 2020 eam
2587 1965 2674 2021 ille
2704 1982 2886 2020 veram
2906 1982 3044 2035 esse,
3075 1969 3164 2038 qui
3197 1983 3367 2024 nocua

106 2040 427 2109 πρεπόντως
474 2043 664 2096 ἑαυτοῦ
713 2047 778 2116 τῇ
831 2046 1158 2117 χρηστότητι
1204 2048 1447 2103 κωλύων.
1497 2050 1556 2103 Ὁ

1899 2061 2011 2115 itati
2045 2061 2274 2116 dicentis
2305 2070 2359 2114 et
2389 2076 2520 2116 vere
2552 2072 2813 2115 eventura
2835 2061 3108 2132 prohibet,
3143 2076 3241 2129 pro
3271 2077 3365 2116 sua

103 2131 208 2225 γᾴρ
240 2132 450 2225 Πέτρος
482 2137 665 2206 φησὶν,
703 2155 721 2188 ι
747 2139 822 2191 Οὐ
855 2139 930 2210 μὴ
958 2139 1118 2211 νίψῃς
1138 2157 1237 2210 μου
1269 2142 1396 2206 τοὺς
1414 2142 1569 2207 πόδας

1905 2155 2055 2208 itate.
2090 2155 2263 2223 Atque
2287 2155 2478 2210 Petrus
2509 2154 2727 2222 quidem
2765 2131 2982 2225 inquit,
3029 2172 3047 2205 ε
3077 2152 3192 2209 Νοη
3218 2154 3367 2208 lava-

103 2223 190 2275 τὸν
220 2224 413 2290 αίῶνα,
455 2245 473 2277 ι
509 2227 604 2281 καὶ
649 2228 985 2300 ἀπεφήνατο,
1033 2233 1314 2304 κρίναντος
1364 2234 1458 2288 τοῦ
1508 2236 1569 2288 Ἰτ

1909 2247 2037 2300 mihi
2073 2247 2236 2316 pedes
2284 2247 2336 2301 in
2387 2257 2709 2314 aeternum,»
2754 2247 3193 2317 enuntiavitque,
3240 2262 3363 2302 cum

101 2317 308 2370 νίπτειν
330 2318 496 2372 αὐτοῦ
521 2320 650 2384 τοὺς
678 2321 866 2386 πόδας,
893 2324 954 2376 τὸ
985 2323 1058 2395 μὴ
1078 2325 1432 2397 νιφθήσεσθαι
1463 2327 1555 2382 ὑπ’

1893 2353 1944 2393 us
1993 2338 2137 2394 illius
2192 2341 2356 2408 pedes
2410 2339 2592 2395 lavare
2639 2339 3002 2404 decrevisset,
3083 2355 3359 2409 nunquam

102 2411 213 2478 τοῦ,
247 2413 342 2466 καὶ
372 2413 446 2486 μὴ
481 2415 834 2486 νιφθήσεσθαι
864 2419 944 2482 είς
967 2419 1058 2472 τὸν
1087 2419 1301 2475 ἅπαντα
1326 2423 1518 2478 αίῶνα⁸
1549 2425 1568 2476 ἐ

1894 2445 2028 2484 trum
2059 2440 2117 2484 ut
2151 2431 2424 2486 lavaretur
2453 2432 2521 2487 ab
2569 2433 2705 2502 ipso,
2753 2447 2818 2488 ac
2867 2449 2934 2486 ne
2987 2435 3088 2489 hoc
3144 2435 3360 2504 quidem

106 2503 310 2572 βλέπων
337 2506 774 2582 λυσιτελέστερον
803 2506 943 2565 εἶναι
979 2512 1041 2565 τὸ
1073 2514 1132 2566 ἐν
1161 2515 1335 2586 τούτῳ
1373 2516 1572 2586 ψεύσαε

1922 2535 2161 2589 unquam
2199 2521 2400 2576 saeculo
2434 2522 2674 2574 futurum
2703 2540 2716 2588 ;
2775 2525 2868 2576 sed
2897 2522 2988 2577 ille
3020 2523 3112 2593 qui
3147 2503 3364 2578 videbat

103 2597 189 2651 τὸν
224 2597 431 2668 Πέτρον
455 2599 549 2653 τοῦ
572 2601 867 2673 ἀληθεῦσαι
899 2603 1082 2669 αὐτὸν,
1119 2607 1462 2662 ὑποδείκνυσι
1503 2609 1564 2664 τὸ

1897 2626 1954 2664 ro
1997 2614 2398 2668 conducibilius
2440 2627 2564 2670 esse
2599 2625 2658 2668 ut
2703 2613 2806 2669 hac
2851 2615 2904 2670 in
2949 2630 3009 2670 re
3039 2616 3363 2672 mentiretur

101 2686 174 2756 τῷ
197 2688 269 2759 μὴ
290 2689 402 2742 δεῖν
417 2690 704 2762 ἀληθεύειν
717 2693 876 2749 τοῦτο
891 2697 1148 2768 εἰρηκότα
1163 2697 1456 2764 λυσιτελὲς,
1476 2703 1567 2771 φή(

1896 2720 1946 2758 m
1997 2716 2056 2759 ut
2111 2723 2237 2761 vera
2289 2708 2518 2772 diceret,
2579 2708 2864 2763 utilitatem
2905 2711 3141 2766 ostendit
3191 2711 3242 2765 in
3271 2725 3357 2774 eo,

108 2795 126 2827 ι
165 2777 288 2870 Ἐὰν
306 2780 542 2851 μή·;ίψω
568 2800 648 2848 σε,
683 2785 783 2838 οὐκ
814 2785 958 2856 ἔχεις
992 2787 1156 2858 μέρος
1187 2792 1304 2860 μετ’
1331 2790 1487 2862 ἐμοῦ.
1526 2811 1544 2843 ι

1895 2798 1926 2851 d
1983 2812 2088 2852 non
2146 2813 2280 2868 Opus
2316 2810 2475 2864 erat,
2517 2813 2577 2856 ut
2615 2802 2706 2870 qui
2767 2801 2870 2856 hoc
2909 2802 3176 2866 dixisset,
3234 2819 3356 2857 vera

104 2882 201 2937 περ
230 2863 322 2922 οὖν
365 2872 394 2922 ό
433 2871 641 2942 Πέτρος
695 2873 936 2944 ἔμελλεν,
985 2877 1402 2949 ἀποφηνάμενος
1454 2881 1553 2952 μὲν

1889 2900 2116 2952 teretur,
2150 2890 2336 2944 dicens
2368 2906 2382 2944 :
2421 2909 2440 2943 ι
2470 2890 2581 2946 Nisi
2615 2891 2797 2946 lavero
2823 2901 2896 2958 te,
2929 2907 3034 2946 non
3061 2891 3224 2964 417
3259 2895 3355 2948 ha-

263 2961 335 3056 μή
367 2962 530 3036 νίψῃς
560 2983 662 3036 μου
696 2969 821 3031 τοὺς
864 2968 1031 3033 πόδας
1059 2972 1140 3034 εἰς
1162 2971 1252 3025 τὸν
1281 2973 1470 3038 αίῶνα,
1510 2994 1530 3027 ι

1904 2991 2116 3050 partem
2144 2996 2414 3037 mecum.»
2452 2985 2630 3052 Atque
2664 2983 2916 3053 equidem
2944 2984 2988 3039 si
3019 2959 3226 3053 ρρὶἇιὲ,
3261 2987 3357 3056 qui

103 3049 366 3144 αληθεύων
392 3057 452 3108 ἐν
483 3057 677 3129 τούτῳ,
707 3060 780 3132 μὴ
801 3059 942 3125 ἕξειν
977 3063 1114 3133 μετὰ
1136 3064 1230 3118 τοῦ
1277 3066 1451 3138 Ἰησοῦ
1486 3068 1569 3140 μέι

1889 3049 2087 3132 ntiarat
2113 3116 2128 3141 ,
2159 3092 2177 3125 ι
2208 3074 2321 3128 Νοιι
2347 3049 2557 3129 lavabis
2586 3075 2718 3129 mihi
2765 3077 2930 3144 pedes
2955 3077 3006 3131 iu
3031 3085 3350 3144 aeternum,»

102 3143 280 3212 ἔμελλε
307 3147 364 3199 δὲ
416 3147 560 3217 ἔχειν
596 3150 760 3224 μέρος
807 3153 882 3224 μὴ
927 3153 1224 3224 ἀληθεύων,
1269 3157 1354 3227 ἐφ’
1379 3152 1423 3226 ᾧ
1461 3159 1568 3229 φθά

1886 3188 1898 3224 I
1929 3172 2118 3224 dicens
2147 3168 2248 3221 hac
2284 3168 2336 3220 in
2366 3182 2425 3221 re
2460 3182 2568 3220 non
2598 3167 2886 3224 habiturus
2918 3179 3038 3224 erat
3064 3186 3188 3224 cum
3225 3169 3352 3226 Jesu

100 3232 210 3334 εἷπε
249 3238 556 3310 προπετῶς,
595 3241 646 3293 τί
676 3240 802 3294 ἄλλο
845 3242 1105 3313 πράττειν
1141 3247 1390 3318 ἐχρῆν,ἢ
1433 3250 1507 3320 μὴ
1541 3251 1566 3303 ἀ

1887 3277 1982 3317 tem
2009 3259 2232 3331 (alioqui
2257 3258 2546 3313 habiturus
2577 3258 2892 3331 mentiens),
2922 3276 2986 3316 eo
3013 3263 3155 3330 quod
3188 3270 3353 3317 teme-

101 3323 297 3393 θεύειν;
324 3329 411 3382 ἵνα
447 3330 511 3382 ἐκ
528 3328 622 3382 τοῦ
651 3329 934 3400 ἀληθεύειν
966 3332 1123 3387 τοῦτο
1151 3339 1370 3407 ποιήσαι
1402 3339 1562 3392 αὐτὸν

1889 3370 1919 3410 e
1943 3353 2283 3424 praeveniens
2313 3351 2530 3406 locutus
2579 3351 2771 3406 luisset
2795 3393 2810 3417 ,
2843 3354 2975 3423 quid
3009 3353 3153 3408 aliud
3185 3370 3349 3425 agerc

101 3414 232 3484 ἔχειν
263 3419 401 3488 μετὰ
433 3419 526 3473 τοῦ
583 3420 753 3492 Ἰησοῦ
792 3421 977 3494 μέρος,
999 3423 1238 3496 ψεύστην
1269 3428 1429 3482 αὐτὸν
1455 3431 1567 3483 ἀπα

1885 3462 1910 3500 s
1944 3453 2064 3500 erat
2096 3443 2201 3498 nisi
2233 3442 2582 3498 mentiri?ne
2611 3445 2731 3510 hoc,
2765 3448 2908 3515 quod
2939 3461 3127 3500 verum
3158 3445 3350 3503 Petrus

102 3506 276 3571 ξαντος
298 3512 355 3565 ἐν
399 3510 480 3581 τῷ
505 3511 763 3581 νίψασθαι
788 3515 913 3578 τοὺς
943 3515 1108 3580 πόδας
1134 3518 1318 3572 αὐτοῦ·
1362 3521 1568 3592 γέγρατι

1875 3546 1993 3604 πει,
2049 3538 2436 3607 impedimento
2466 3536 2570 3606 ipsi
2622 3537 2784 3592 Petro
2828 3547 2994 3604 esset,
3048 3540 3341 3607 quominus

99 3599 216 3671 γάρ·
251 3621 268 3652 ι
308 3605 427 3668 Πᾶς
449 3603 730 3678 ἄνθρωπος
767 3605 1025 3679 ψεύστης.
1069 3629 1088 3661 ›
1125 3609 1411 3683 Εὐκαίρως
1442 3613 1497 3666 δέ
1539 3632 1565 3666 τ

1881 3641 1992 3686 eret
2019 3640 2227 3700 partem
2253 3645 2376 3685 cum
2398 3628 2548 3696 Jesu,
2593 3629 2690 3699 qui
2715 3631 2959 3685 ostendit
3009 3630 3159 3686 illum
3193 3647 3347 3686 men-

98 3693 402 3765 χρησόμεθα
427 3695 503 3768 τῷ
529 3697 677 3768 ῥητῷ
692 3699 786 3752 ἐπὶ
799 3698 906 3752 τῶν
932 3701 1361 3774 προπετέστερον
1388 3705 1480 3758 καὶ
1510 3706 1564 3759 ἀι

1877 3737 1957 3776 em
2008 3723 2242 3778 lavando
2283 3722 2448 3790 pedes
2492 3722 2652 3792 ejus;
2704 3721 2968 3790 scriptum
3020 3735 3103 3777 est
3150 3723 3343 3779 enim:

97 3803 195 3850 τως
225 3788 486 3849 εἰπόντων
507 3791 774 3860 ποιήσειν,
793 3791 931 3862 ὅπερ
959 3791 1071 3862 (14)
1089 3793 1273 3856 αὐτοῖς
1304 3793 1378 3866 μὴ
1401 3794 1563 3849 λυσιτι

1877 3815 2007 3869 mnis
2043 3815 2206 3869 homo
2237 3815 2470 3869 mendax
2498 3813 2568 3869 ⁸⁷.
2596 3833 2614 3866 ι
2653 3813 2972 3884 Opportune
2998 3823 3183 3870 autem
3225 3827 3343 3872 ute-

97 3878 379 3949 ἐμμένουσι
411 3879 490 3952 τῷ
523 3881 708 3946 κακῶς
730 3884 1058 3955 κεκριμένῳο
1096 3885 1507 3952 ὐποδεικνύντες
1555 3906 1563 3918 ·

1877 3910 2010 3963 -hoc
2040 3909 2187 3962 dicto
2211 3905 2278 3961 ad
2304 3921 2400 3961 eos
2431 3907 2521 3976 qui
2564 3907 2828 3962 audacius
2869 3922 2934 3962 ac
2982 3907 3100 3964 sine
3132 3909 3343 3966 delectu

97 3970 285 4036 αὐτοῖς,
315 3973 399 4026 ὅτι
425 3974 526 4045 οὐχ
569 3973 749 4041 ἕξουσι
786 3977 888 4046 μὲν
933 3975 1071 4045 μετά
1118 3977 1211 4030 τοῦ
1253 3978 1427 4050 Ἰησοῦ
1478 3981 1563 4052 μέγ

1875 4015 1902 4054 e
1938 4000 2178 4056 facturos
2210 3999 2399 4055 dicunt
2441 3970 2587 4071 quod
2620 3998 2843 4054 minime
2897 3999 3006 4054 illis
3053 4001 3341 4070 conducat,

98 4059 185 4132 τὴν
210 4068 453 4137 προπετῆ
489 4068 546 4121 ἐν
579 4067 881 4140 ἐπαγγελίᾳ
906 4071 1241 4141 τηρήσαντες
1274 4072 1478 4142 φωνὴν,
1505 4073 1564 4126 δυ

1879 4093 2065 4149 sertim
2093 4094 2140 4148 si
2180 4094 2445 4149 desistere
2468 4091 2646 4148 nolint
2669 4091 2739 4146 ab
2780 4106 2846 4148 eo
2878 4093 3024 4162 quod
3053 4092 3194 4147 male
3220 4109 3345 4163 pro-

99 4166 266 4209 σονται
292 4156 348 4210 δὲ
381 4157 738 4228 ἀθετηθέντος
761 4158 855 4212 τοῦ
891 4161 1286 4232 προειρημένου
1307 4162 1498 4217 ἐλπίδα
1518 4163 1565 4234 ἐ)

1879 4186 2441 4241 arintzostendentes
2506 4185 2652 4240 enim
2695 4183 2803 4240 illis
2851 4185 2977 4256 quia
3037 4184 3345 4241 nullatenus

98 4246 309 4320 ἀγαθὴν,
335 4252 717 4324 ἀποστήσομεν
746 4254 941 4318 αὐτοὺς
958 4254 1049 4309 τοῦ
1067 4256 1323 4325 ἐμμένειν
1343 4259 1453 4320 τοῖς
1475 4273 1547 4312 κα

1877 4277 2002 4330 ituri
2028 4276 2138 4332 sint
2160 4285 2374 4346 partem
2394 4291 2516 4330 cum
2537 4274 2689 4342 Jesu,
2715 4276 2760 4330 si
2787 4289 2974 4330 vocem
2996 4275 3343 4335 temerariam

97 4342 444 4438 κεκριμένοις,
476 4345 579 4399 κᾶν
607 4346 746 4416 μετὰ
785 4347 949 4417 ὅρκου
982 4347 1070 4402 δια
1099 4348 1300 4420 πολλὴν
1331 4351 1563 4421 προπέτε

1875 4369 2217 4424 »τοιιιὶιιειιάο
2243 4369 2603 4436 servaverint,
2631 4369 2875 4424 futurum
2899 4381 3028 4424 vero
3059 4377 3116 4422 ut
3143 4368 3341 4424 bonam

96 4423 151 4474 τὸ
177 4428 407 4487 τοιοῦτόν
447 4449 576 4486 ποτε
613 4434 836 4502 γίνεταιο
888 4437 983 4492 καὶ
1017 4438 1280 4509 φήσομεν,
1309 4440 1412 4506 ὅτι,
1449 4442 1562 4495 Ὥστ

1878 4477 1916 4515 :n
1953 4461 2156 4518 habere
2181 4462 2390 4533 possint
2414 4504 2429 4529 ,
2456 4463 2501 4518 si
2538 4462 2680 4532 quod
2716 4462 2870 4531 prius
2901 4461 3158 4516 dixerant
3189 4476 3344 4532 spreo

95 4521 301 4625 6:!me
319 4525 544 4596 Πέτρος,
571 4547 589 4578 ι
622 4529 696 4582 Οὐ
719 4530 792 4601 μὴ
817 4529 976 4605 νίψῃς
1006 4548 1106 4600 μου
1131 4533 1258 4598 τοὺς
1280 4535 1442 4599 πόδας
1466 4537 1545 4600 είς

1886 4561 1964 4620 nt,
2029 4521 2362 4610 abducemus
2415 4521 2571 4609 eosa
2609 4521 2953 4625 persistendo
2997 4555 3053 4608 in
3093 4553 3180 4609 his
3218 4521 3343 4624 qua:

96 4607 267 4718 αίῶνα,
294 4631 313 4666 ι
351 4617 620 4674 κωλύεται
647 4621 905 4693 ἐμμένειν
931 4626 998 4696 τῇ
1027 4623 1120 4687 τοῦ
1147 4626 1438 4700 λεγομένου
1466 4630 1562 4702 ὁμο

1884 4661 1906 4702 3
1944 4647 2324 4718 judicassent,
2391 4607 2631 4703 etiamsi‘
2672 4645 2968 4717 aliquando
3019 4660 3142 4701 cum
3189 4607 3350 4717 jura-

96 4699 198 4804 γία,
233 4704 314 4808 (va.
335 4707 432 4782 ἔχῃ
465 4712 602 4808 μετὰ
632 4713 728 4768 τοῦ
773 4716 947 4785 Ἰησοῦ
977 4718 1158 4789 μέρος
1189 4719 1362 4785 οὕτως
1390 4723 1485 4776 καὶ
1503 4699 1562 4776 ⁷σῐ

1889 4699 2078 4793 ω’ωιθ
2109 4738 2202 4792 [lat
2226 4747 2448 4808 propter
2479 4741 2706 4792 multam
2750 4699 3116 4791 temeritatem
3151 4699 3351 4792 :tlicea

267 4795 528 4870 ἁμαρτὼν
567 4803 664 4874 τὴν
704 4805 1054 4875 προπέτειαν,
1082 4809 1176 4863 καὶ
1207 4813 1447 4884 ἀκρίτως
1491 4817 1561 4868 ἐπ

1879 4845 2011 4898 .que,
2077 4795 2532 4899 quem-admodum
2593 4829 2914 4898 prohibetur
2967 4827 3184 4896 Petrus,
3247 4829 3345 4898 qui,

96 4884 410 4993 γειλξῑμίενος.
429 4894 568 4963 τόδε,
605 4896 812 4966 βέλτιον
853 4898 920 4954 ἂν
953 4903 1154 4976 ποιήσῃ
1190 4905 1302 4976 (15)
1353 4908 1562 4980 μεταθέι

1975 4884 2122 4978 cNon
2148 4922 2357 4979 lavabis
2379 4923 2510 4977 mihi
2538 4923 2702 4993 pedes
2733 4921 2788 4975 in
2820 4930 3104 4989 aeternum,
3141 4942 3160 4976 ι
3215 4937 3348 4992 βοιέ

98 4987 170 5076 vis
199 4976 286 5032 ἐπὶ
299 4982 438 5084 ,τόδε
481 4987 688 5058 πρᾶξαι
724 4990 1088 5065 εὐλογώτερον
1126 4997 1235 5051 ἀπὸ
1267 4976 1365 5052 τοῦ
1391 4976 1564 5072 ἐμμέν

1879 4976 1953 5065 are
1984 5012 2038 5064 in
2067 5025 2133 5065 eo
2167 5012 2312 5080 quod
2345 4976 2564 5067 dixerat
2584 5052 2600 5080 ,
2637 5018 2698 5065 ut
2744 5011 2944 5066 habeat
2969 4976 3181 5082 partem
3210 4976 3345 5067 eum.

97 5077 363 5175 seritach
412 5077 673 5150 κριθέντι.
725 5084 1144 5158 Ἐπιστήσαντες
1174 5088 1230 5144 δὲ
1266 5091 1344 5163 τῷ
1402 5111 1485 5160 τε,
1521 5113 1540 5147 ‹

1871 5119 1922 5171 ι;
1984 5103 2063 5159 sic
2119 5077 2200 5158 ιιι-
2226 5104 2322 5174 qui
2378 5077 2621 5175 peccasti
2668 5114 2894 5174 propter
2944 5077 3337 5170 temeritatem,

100 5171 195 5269 εγξθ
215 5171 364 5265 ποιῶ,
395 5171 476 5226 σὺ’
486 5173 586 5227 οὐκ
607 5171 756 5240 οἶδας
785 5178 931 5250 ἄρτιο
959 5179 1142 5254 γνώσῃ
1158 5183 1216 5236 δὲ
1235 5185 1374 5255 μετὰ
1406 5186 1566 5243 ταῦτα

1869 5212 1924 5252 ιο
1944 5198 2108 5253 etiam
2138 5171 2444 5269 promisisti
2478 5200 2631 5255 nullo
2665 5171 2902 5265 delectu,
2931 5199 3126 5255 melius
3154 5197 3335 5253 lactu-

99 5247 292 5362 fatftp,
331 5276 364 5362 ι.
403 5261 539 5362 ’Πὰν
557 5247 835 5362 μη-νίψω
869 5285 950 5335 σε,
973 5247 1281 5345 ἡούκμέχείς
1321 5275 1485 5349 μέρος
1533 5297 1565 5350 μ

1868 5247 1920 5252 _-
1950 5247 2107 5253 πη---
2138 5247 2444 5269 ,_--_-_----
2478 5247 2626 5255 _-_-_-
2665 5247 2902 5265 __-----,
2932 5247 3124 5255 ___--_-
3154 5247 3303 5253 ,ηπ

1882 5288 1979 5355 sis,
2015 5288 2062 5344 si
2097 5290 2368 5347 desistens
2421 5305 2452 5346 a
2510 5293 2880 5362 permanendo
2929 5290 2986 5346 in
3039 5290 3143 5346 hoc
3187 5291 3334 5360 quod

101 5336 236 5454 ilict},
272 5365 290 5399 ι
319 5352 368 5405 οἱ
404 5354 480 5454 μη
513 5336 822 5431 βουλόμενοι
855 5362 1032 5430 τοῦτο,
1055 5366 1148 5419 καὶ
1166 5336 1246 5422 ’τὰ
1262 5336 1445 5444 *τούτῳ
1463 5336 1567 5446 erat;

1871 5393 1897 5434 e
1933 5379 2214 5450 iudicasti,
2251 5382 2321 5437 ad
2369 5383 2476 5441 hoc
2510 5336 2789 5454 lagendum
2835 5383 2980 5454 quod
3031 5336 3224 5451 magis.l
3249 5391 3337 5438 est

100 5428 278 5585 πλξιτσΐ
302 5447 661 5592 τιροπολογείν,
675 5428 1028 5521 ⁷αἰδεσθέντες
1062 5428 1566 5530 παραδεξάσθωσαν⁸

267 5550 320 5590 sa
347 5579 359 5592 .
395 5557 518 5602 cxv.
560 5549 645 5602 ll.

1871 5428 1894 5434 '
1933 5428 2214 5450 σ“““”“”“ι
2251 5428 2321 5437 ”“’
2369 5428 2476 5441 """
2521 5428 2789 5454 'U"""""’
2837 5428 2980 5454 1"“
3031 5428 3203 5451 ""ll"
3251 5428 3334 5438 "‘

1868 5481 2181 5529 sentaneum
2231 5483 2500 5532 transeas.
2549 5476 2651 5544 Qui
2718 5483 2905 5531 autem
2959 5474 3063 5531 hoc
3123 5473 3334 5533 dictum

293 5554 359 5592 at.
395 5557 518 5609 cxv,
560 5554 645 5606 ll.

291 5651 462 5755 Eadm
505 5663 948 5755 ldegitt‘samale,
996 5672 1091 5755 ἐπὶ
1138 5673 1226 5752 τὸν
1282 5675 1639 5755 προτέστερον

1539 5693 1639 5746 ρον
1667 5677 1760 5731 καὶ
1789 5677 2027 5755 ᾴκρίτως
2060 5682 2325 5735 εἰπόντων
2357 5684 2602 5754 ποίησον,
2648 5684 2856 5755 ὥσπερ,
2897 5698 3005 5742 etc.

189 5716 261 5789 15)
288 5723 421 5784 Idem
445 5716 618 5791 code:
643 5716 1655 5817 Regia-stulam,

1633 5716 1636 5721 ν
1668 5716 1760 5731 ω...
1789 5716 2024 5749 ...ηερ-ιω,
2060 5716 2325 5735 ςιιυυγυωγ
2363 5716 2602 5754 ιιυιηυυγ,
2648 5716 2856 5755 ωυιιιίδ,
2897 5716 3006 5742 cui.

1633 5764 1669 5806 e
1702 5749 1879 5806 male:
1906 5751 2047 5808 forte
2076 5756 2276 5811 rectius
2311 5755 2598 5825 legendum
2627 5757 2902 5828 ποιήσαις.
2941 5759 3099 5818 [iam
