3712 6138
384 309 488 366 763

1840 286 2161 348 ORIGENIS
3524 283 3607 341 766

383 432 830 490 observaverunt,
876 442 895 476 ι
931 421 1086 490 Quod
1110 434 1211 492 ego
1241 418 1402 482 facio,
1447 425 1504 471 tu
1557 429 1705 471 nunc
1749 412 1954 477 nescis,

2065 404 2295 460 τοιοῦτον
2328 398 2466 467 εἶδος
2511 401 2619 455 τῶν
2671 399 3040 469 εὐαγγελικῶν
3085 397 3404 467 ἐξετάσεων,
3459 400 3493 471 ἢ
3545 405 3608 473 μὴ

384 524 526 580 scies
555 529 732 576 autem
750 526 972 588 postea,
1003 534 1022 567 ι
1058 524 1113 570 et
1141 512 1293 579 illud,
1332 529 1351 562 ι
1387 509 1501 565 Nisi
1530 509 1716 563 lavero
1745 515 1816 573 te,
1846 518 1957 559 non

387 614 555 670 habes
589 619 799 682 partem
827 620 1094 669 mecumn
1125 603 1372 659 nolentes
1395 600 1523 656 illud
1554 600 1785 669 huicque
1808 597 1961 652 simi-

382 706 458 761 lia
517 705 586 760 ad
624 700 998 772 ,tropologiam
1047 697 1292 761 referre,
1347 691 1620 763 pndeiacti
1667 689 1959 745 admittant

386 797 552 853 talem
595 792 1040 864 evangelicarum
1087 786 1518 859 disputationum
1573 781 1826 846 formam,
1871 779 1956 834 vel

387 890 636 947 nolentes
687 885 979 942 ostendant
1034 881 1126 951 qui
1175 888 1597 935 consentaneum
1646 883 1792 931 esset
1827 889 1954 929 eum

384 984 475 1052 qui
500 989 728 1053 propter
753 976 1184 1039 venerationem,
1223 981 1280 1026 ut
1314 971 1404 1027 isti
1435 969 1632 1026 dicturi
1662 977 1811 1046 sunt,
1846 979 1955 1036 qua

383 1075 567 1133 Jesum
595 1071 1041 1145 prosequebatur,
1071 1066 1305 1130 dicebat,
1365 1083 1384 1115 ι
1416 1062 1529 1117 Non
1571 1061 1777 1117 lavabis
1818 1058 1952 1114 mihi

386 1170 548 1239 pedes
575 1167 628 1221 in
656 1174 974 1227 aeternum,»
1005 1154 1318 1228 a'Magistro
1345 1157 1563 1223 audire,
1581 1157 1660 1211 sic
1678 1170 1782 1210 non
1799 1154 1955 1210 habi-

386 1270 563 1313 turum
585 1272 642 1312 se
670 1262 879 1324 partem
910 1265 1030 1305 cum
1065 1248 1203 1305 Filio
1226 1248 1341 1314 Dei,
1375 1248 1597 1316 perinde
1622 1261 1688 1301 ac
1715 1248 1953 1301 maximo

379 1359 604 1423 peccato
624 1345 945 1407 obnoxium,
974 1341 1118 1411 quod
1149 1340 1233 1395 sui
1274 1340 1439 1411 pedes
1469 1340 1537 1393 ab
1564 1339 1683 1408 ipso
1713 1337 1806 1393 loti
1843 1353 1950 1393 non

381 1443 633 1499 fuissent.
662 1438 794 1494 Nam
824 1437 1025 1501 dicere,
1058 1431 1116 1488 Si
1149 1434 1252 1488 hoc
1293 1430 1549 1488 delictum
1581 1430 1948 1495 commiseris,

382 1551 490 1592 non
521 1531 748 1589 habebis
789 1538 998 1599 partem
1033 1537 1244 1581 mecum
1271 1563 1288 1591 ,
1325 1523 1504 1580 locum
1531 1522 1700 1577 habet
1726 1522 1778 1578 id
1806 1521 1951 1592 quod

381 1626 605 1691 dicitur,
636 1624 704 1678 de
729 1619 969 1692 peccatis
996 1617 1240 1688 apertis;
1274 1625 1332 1670 at
1361 1629 1491 1671 vero
1529 1614 1737 1680 dicere,
1774 1630 1796 1666 ι
1833 1611 1950 1668 Nisi

380 1716 570 1773 lavero
611 1726 682 1784 te,
740 1727 846 1767 non
898 1711 1067 1766 habes
1112 1717 1323 1780 partem
1360 1720 1627 1770 mecum,»
1662 1704 1948 1774 haudqua-

2063 494 2371 567 βουλόμενοι
2401 491 2761 546 δεικνύτωσαν
2790 490 2908 554 πῶς
2939 489 3155 560 εὔλογόν
3178 491 3293 542 ἐστι
3314 490 3404 545 τὸν
3426 490 3519 561 (ὡς
3554 494 3608 547 ἂν

2059 590 2257 642 ἐκεῖνοι
2309 584 2541 653 λέγοιεν)
2577 581 2665 636 διὰ
2704 580 2975 652 σεϐασμὸν
3024 579 3117 633 τοῦ
3164 577 3339 650 Ἰησοῦ
3384 580 3605 648 εἰπόντα,

2065 699 2084 731 ι
2116 681 2191 733 Οὺ
2228 678 2303 749 μὴ
2342 676 2503 748 νίψῃς
2527 690 2628 747 μου
2665 675 2790 736 τοὺς
2817 673 2982 748 πόδας
3009 675 3087 736 εἰς
3120 672 3211 726 τὸν
3239 673 3435 737 αἰῶνα,
3477 691 3495 724 ι
3540 673 3605 744 τῷ

2056 771 2359 840 διδασκάλῳ
2380 768 2629 833 ἀκοῦσαι,
2659 767 2734 830 ὡς
2762 764 2869 835 ἄρα
2911 766 3009 835 οὐχ
3042 764 3151 830 ἔξει
3180 764 3349 837 μέρος
3375 764 3512 835 μετὰ
3531 765 3607 819 τοῦ

2058 864 2186 918 Υἱοῦ
2202 862 2295 916 τοῦ
2321 860 2477 925 Θεοῦ,
2501 860 2575 923 ὼς
2601 858 2690 912 διὰ
2720 859 2970 930 μέγιστον
2998 858 3320 929 ἁμάρτημα,
3344 857 3404 910 τὸ
3434 857 3506 929 μὴ
3536 874 3608 911 νε-

2049 952 2239 1023 νίφθαι
2263 953 2388 1015 τοὺς
2417 951 2584 1014 πόδας
2614 950 2706 1003 ὑπ’
2734 947 2921 1002 αὐτοῦ.
2954 947 3028 1001 Τὸ
3062 947 3161 1019 μὲν
3199 948 3329 1019 γὰρ,
3358 948 3485 1003 Ἐὰν
3509 950 3608 1004 τόδε

2054 1044 2115 1098 τὸ
2163 1046 2408 1114 πταῖσμα
2456 1043 2710 1114 ποιήσῃς,
2766 1042 2864 1110 οὐχ
2905 1037 3047 1104 ἔξεις
3101 1038 3266 1110 μέρος
3308 1040 3425 1110 μετ’
3471 1040 3609 1110 ἐμοῦ,

2054 1138 2237 1210 χώραν
2253 1132 2364 1208 εἶχε
2392 1136 2680 1206 λεγόμενον
2697 1135 2823 1205 περὶ
2837 1131 2943 1186 τῶν
2975 1130 3263 1201 προφανῶς
3295 1132 3608 1202 ἁμαρτημά-

2051 1247 2181 1283 των·
2218 1229 2277 1282 τὸ
2306 1229 2386 1294 δὲ,
2425 1247 2445 1280 ι
2480 1226 2607 1280 Ἐὰν
2639 1226 2713 1297 μὴ
2735 1224 2872 1294 νίψω
2900 1241 2981 1288 σε,
3009 1223 3111 1277 οὐκ
3138 1222 3282 1293 ἔχεις
3316 1224 3485 1295 μέρος
3511 1226 3610 1295 μετ’

2052 1323 2208 1395 ἐμοῦ,
2242 1342 2260 1375 ι
2290 1320 2540 1392 οὐδαμῶς
2567 1318 2682 1389 ἔχει
2707 1317 2767 1371 τὸ
2804 1315 3022 1386 εῦλογον
3044 1315 3185 1371 κατὰ
3204 1316 3299 1370 τοῦ
3337 1317 3611 1387 ἱσταμένου

2053 1417 2112 1470 ἐν
2138 1414 2217 1485 τῷ
2256 1416 2382 1478 τοὺς
2417 1412 2760 1484 σωματικοὺς
2790 1410 2955 1473 πόδας
2995 1409 3070 1481 μὴ
3122 1407 3438 1481 ὲθεληκέναι
3470 1409 3611 1479 νίψα-

2053 1506 2176 1561 σθαι
2227 1506 2319 1560 τδν
2346 1505 2573 1575 Πέτρον,
2607 1502 2885 1565 νίπτοντας
2928 1499 3038 1572 (16)
3089 1499 3252 1553 αὐτοῦ
3297 1500 3428 1564 10b;
3466 1499 3612 1562 πόδας

2051 1598 2398 1672 ἡμερώτατα,
2431 1596 2488 1662 ἃ,
2520 1598 2659 1668 ὅπερ
2706 1594 2767 1649 οὐ
2823 1592 2980 1664 θέμις
3025 1592 3225 1662 λέγειν,
3258 1594 3288 1645 6
3312 1587 3612 1654 διδάσκαλος

2050 1692 2188 1758 δόξει
2235 1689 2632 1762 ἀποκεκρῖσθαι
2659 1687 2736 1760 τῷ
2780 1687 3008 1759 τιμῶντι
3035 1685 3196 1740 αὑτὸν
3223 1687 3463 1760 μαθητῇ,
3492 1684 3612 1746 ὅπερ

380 1825 541 1880 quam
580 1820 665 1865 est
693 1814 1141 1866 consentaneum,
1188 1800 1257 1865 si,
1291 1800 1434 1867 quod
1473 1796 1624 1853 nefas
1660 1808 1745 1852 est
1778 1795 1948 1859 dictu,

2065 1787 2199 1840 ἐστὶν
2227 1783 2591 1839 ἀτοπώτατον.
2639 1781 2741 1836 Διὰ
2778 1781 2939 1836 τοῦτο
2980 1779 3305 1853 παρέχωμεν
3342 1778 3423 1849 τῷ
3453 1777 3610 1849 Ἰησοῦ

380 1904 636 1974 Magister
667 1902 783 1957 haec
812 1899 1028 1954 videtur
1058 1892 1433 1964 respondisse,
1475 1893 1620 1961 quod
1645 1900 1727 1944 est
1759 1890 1949 1945 absur-

376 1995 660 2051 dissimum
687 2036 701 2061 ,
736 1990 1003 2060 discipqu
1032 1988 1192 2044 Petro
1231 1987 1408 2057 ipsum
1436 1984 1758 2048 honoranti,
1813 1998 1953 2051 prae-

380 2091 512 2146 bere
546 2086 751 2142 nolenti
790 2097 1083 2153 corporeos
1111 2081 1274 2150 pedes
1302 2094 1431 2135 suos
1478 2077 1742 2132 lavandos
1781 2076 1849 2131 ab
1886 2089 1952 2130 eo

376 2181 469 2252 qui
517 2187 790 2236 statuerat
840 2176 1025 2229 lavare
1069 2174 1234 2244 pedes
1267 2171 1439 2242 ipsius
1487 2166 1948 2224 mansuetissime.

376 2272 530 2329 lianc
542 2267 789 2343 4180b
802 2279 1024 2322 causam
1044 2264 1379 2335 praebeamus
1399 2262 1568 2332 pedes
1591 2272 1805 2317 nostros
1821 2258 1950 2317 Jesu

377 2364 675 2419 etiamdum
708 2357 949 2428 surgenti
993 2372 1021 2412 a
1053 2371 1208 2411 creua
1231 2396 1246 2422 ,
1277 2365 1333 2410 et
1360 2354 1576 2425 portenti
1605 2354 1950 2421 vestimenta,

378 2466 434 2511 et
450 2456 677 2509 linteum
705 2448 1017 2520 accipienti,
1053 2457 1106 2503 et
1131 2446 1481 2517 prrecingenti
1512 2461 1597 2509 se,
1628 2455 1683 2500 et
1718 2444 1950 2499 mittenti

377 2562 574 2619 aquam
597 2545 650 2599 in
674 2542 898 2614 pelvim,
928 2550 980 2594 et
1011 2538 1284 2609 incipienti
1314 2536 1497 2591 lavare
1522 2534 1684 2605 pedes
1713 2547 1950 2601 nostros,

378 2656 486 2696 non
518 2652 675 2695 secus
708 2645 870 2705 atque
900 2632 947 2689 si
980 2645 1225 2687 essemus
1252 2630 1337 2683 sui
1365 2627 1635 2698 discipuli,
1687 2637 1741 2681 et
1771 2638 1954 2681 exter-

377 2748 509 2804 gere
534 2730 704 2785 Iinteo
734 2743 842 2798 quo
869 2724 1222 2796 praecingitur
1248 2722 1421 2777 nostri
1455 2733 1620 2775 causa
1647 2759 1662 2783 ,
1697 2719 1869 2773 iactus
1896 2718 1950 2773 in

376 2823 556 2879 medio
585 2821 782 2888 nostri,
813 2830 1071 2888 tanquam
1103 2816 1196 2886 qui
1236 2815 1511 2869 ministrat
1554 2813 1623 2867 ⁸⁸.
1666 2812 1800 2866 Nam
1849 2811 1951 2866 nisi

375 2917 480 2972 hoc
533 2913 850 2980 fecerimus,
904 2928 1009 2967 non
1070 2909 1391 2965 habebimus
1423 2915 1633 2977 partem
1684 2919 1808 2960 cum
1860 2919 1950 2970 eo,

378 3023 556 3078 neque
589 3014 749 3061 erunt
777 3004 988 3075 pulchri
1034 3003 1198 3074 pedes
1240 3000 1458 3066 nostri,
1494 2997 1791 3069 praesertim
1825 3012 1946 3052 cum

375 3099 691 3155 aemulemur
723 3098 1058 3154 charismata
1115 3094 1340 3150 meliora
1387 3091 1459 3159 ³⁸,
1512 3091 1757 3146 volentes
1808 3089 2020 3164 interc

374 3208 472 3249 eos
500 3191 850 3248 annumerari
875 3190 968 3262 qui
1005 3193 1146 3245 bona
1174 3172 1556 3256 evangeliiant
1580 3184 1650 3240 ’°.
1679 3182 1948 3238 Caeterum

375 3286 596 3356 quando
627 3283 855 3340 liberior
887 3292 972 3337 est
998 3279 1192 3335 Petrus
1218 3279 1272 3333 in
1306 3276 1577 3348 loquendo
1618 3276 1947 3345 importune,

377 3386 600 3448 rogatus
643 3377 807 3446 pedes
854 3389 983 3432 suos
1013 3373 1259 3443 prtebere
1289 3370 1449 3435 .Iesu,
1502 3383 1624 3423 cum
1685 3367 1949 3431 audisset,

383 3470 525 3526 «Nisi
560 3470 746 3525 lavero
774 3481 846 3536 te,
876 3483 980 3523 non
1003 3469 1171 3523 habes
1186 3477 1396 3540 partem
1427 3478 1638 3519 mecum
1664 3463 1769 3522 ⁹¹,›
1800 3476 1954 3515 men-

376 3580 534 3619 suras
580 3563 859 3633 petitionis
893 3563 1010 3632 ejus
1062 3561 1176 3615 vult
1222 3572 1517 3629 superare,
1576 3570 1683 3610 non
1740 3561 1950 3607 tantum

376 3657 521 3712 solos
548 3656 711 3727 pedes
739 3671 768 3709 a
805 3654 930 3711 Jesu
965 3654 1226 3709 lavandos
1250 3651 1544 3713 exhibens,
1569 3662 1754 3702 verum
1785 3647 1949 3701 etiam

374 3762 592 3815 manus,
652 3763 794 3819 quas
852 3763 959 3803 non
1016 3745 1253 3816 amplius
1282 3742 1440 3801 Jesus
1482 3742 1657 3796 lavari
1711 3739 1953 3806 volebat,

375 3856 497 3895 cum
529 3854 725 3911 panem
763 3839 1115 3895 comederent
1141 3877 1157 3902 ,
1208 3835 1515 3905 despiciens
1549 3846 1643 3887 eos
1674 3830 1765 3901 qui
1805 3829 1953 3885 dice-

373 3945 539 3989 rent:
566 3931 850 4001 «Discipuli
884 3932 960 3985 tui
986 3944 1092 3984 non
1118 3927 1347 3983 abluunt
1375 3941 1589 3991 manus,
1613 3939 1735 3980 cum
1758 3936 1952 3994 panem

376 4024 547 4079 edunt
571 4025 643 4077 θ’.
676 4041 696 4075 ι
751 4022 1011 4077 Exhibuit
1043 4021 1209 4076 etiam
1237 4059 1254 4088 ,
1284 4028 1484 4089 praeter
1511 4032 1734 4083 manus,
1768 4023 1950 4086 caput,

378 4112 529 4182 quod
555 4126 661 4167 non
685 4110 919 4179 amplius
942 4107 1158 4165 volebat
1181 4109 1339 4165 Iesus
1374 4107 1567 4174 lavari;
1605 4106 1802 4176 quippe
1823 4104 1951 4175 quia

380 4205 434 4259 in
471 4217 536 4258 eo
572 4202 750 4272 imago
783 4211 838 4255 et
863 4200 1035 4272 gloria
1086 4201 1179 4254 Dei
1202 4199 1316 4269 jam
1350 4205 1515 4265 esset;
1561 4195 1759 4252 suﬂicit
1805 4196 1951 4251 enirn

378 4293 556 4359 nobis,
588 4292 633 4347 si
652 4307 717 4346 eo
739 4289 1170 4361 pervencrimus,
1198 4298 1259 4344 ut
1289 4288 1632 4344 occasionem
1659 4286 1953 4341 habeamus

376 4398 529 4454 aeque
562 4398 627 4438 ac
652 4380 900 4451 discipuli
926 4422 943 4448 ,
972 4379 1249 4450 praebendi
1294 4378 1370 4432 illi
1400 4379 1564 4448 pedes
1592 4417 1608 4441 ,
1645 4390 1783 4448 quos
1809 4374 1952 4431 solos

2052 1877 2175 1940 τοὺς
2203 1876 2368 1940 πόδας
2390 1874 2547 1946 ἡμῶν
2578 1876 2672 1928 καὶ
2698 1872 2793 1928 νῦν
2820 1873 3151 1944 ἐγειρομένῳ
3179 1873 3244 1925 ὲκ
3264 1870 3355 1924 τοῦ
3387 1869 3610 1935 δείπνου,

2053 1969 2146 2023 καὶ
2176 1967 2377 2023 τιθέντι
2413 1969 2481 2023 τὰ
2518 1969 2727 2040 ἱμάτια,
2757 1967 2850 2021 καὶ
2882 1966 3208 2037 λαμϐάνοντι
3249 1963 3478 2023 λέντιον,
3531 1963 3613 2017 καὶ

2051 2059 2397 2126 διαζωννύντι
2427 2059 2639 2126 ἑαυτὸν,
2674 2059 2768 2112 καὶ
2793 2056 3037 2128 βάλλοντι
3062 2056 3204 2127 ὕδωρ
3226 2057 3304 2119 είς
3329 2055 3419 2109 τὸν
3440 2055 3613 2125 νιπτῆ-

2055 2170 2143 2224 ρα,
2168 2154 2262 2206 καὶ
2280 2150 2570 2223 ἀρχομένῳ
2588 2150 2796 2203 νίπτειν
2818 2149 2944 2213 τοὺς
2968 2148 3131 2212 πόδας
3164 2148 3322 2219 ήμῶν
3347 2147 3427 2212 ὡς
3453 2145 3610 2218 μαθη-

2051 2246 2182 2312 τῶν,
2225 2247 2318 2299 καὶ
2374 2242 2668 2314 ἐκμάσσειν
2720 2242 2798 2313 τῷ
2840 2241 3049 2312 λεντίῳ,
3094 2234 3139 2309 ᾧ
3180 2240 3247 2293 δι’
3292 2241 3444 2312 ἡμᾶς
3474 2239 3613 2308 γενό-

2056 2354 2214 2407 μενος
2241 2338 2300 2390 ὲν
2339 2336 2488 2407 μέσῳ
2532 2335 2687 2407 ήμῶν
2730 2334 2807 2399 ὡς
2837 2333 3095 2388 διακονῶν
3126 2332 3503 2396 διαζώννυται·
3530 2331 3611 2384 ἐὰν

2052 2434 2160 2505 γὰρ
2219 2433 2292 2504 μὴ
2336 2432 2650 2503 ποιήσωμεν
2708 2428 2885 2494 τοῦτο,
2929 2430 3027 2499 οὐχ
3064 2428 3256 2499 ἕξομεν
3300 2430 3422 2499 μετ’
3462 2418 3609 2481 αὐτοῦ

2056 2527 2241 2597 μέρος,
2274 2525 2395 2578 οὐδὲ
2421 2525 2609 2596 ὡραῖοι
2656 2523 2868 2578 ἔσονται
2898 2526 2945 2576 oi
2981 2522 3135 2585 πόδες
3185 2521 3362 2593 ἡμῶν,
3399 2521 3495 2574 καὶ
3522 2520 3613 2590 μὰο

2052 2619 2206 2673 λιστα
2230 2621 2319 2672 ὅτε
2351 2617 2635 2689 ζηλοῦντες
2668 2617 2736 2670 τά
2780 2617 2998 2689 μείζονα
3030 2615 3362 2686 χαρίσματα,
3401 2610 3611 2684 θέλομεν

2052 2711 2524 2782 ὲγκαταταχθῆναι
2575 2712 2687 2775 τοῖς
2741 2707 3239 2779 εὐαγγελιζομένοις
3289 2706 3357 2759 τὰ
3423 2705 3608 2775 ἀγαθά.

2053 2804 2198 2876 Πλὴν
2225 2805 2313 2857 ὅτε
2348 2805 2624 2875 προπετὴς
2670 2802 2786 2855 ἐστι
2817 2800 3020 2872 Πέτρος
3063 2798 3302 2862 ἀκούσας
3334 2799 3419 2863 τὸ,
3452 2818 3470 2849 ι
3499 2797 3611 2851 Ἐὰν

2055 2895 2130 2967 μὴ
2157 2896 2295 2966 νίψω
2334 2911 2415 2958 σε,
2444 2894 2544 2947 οὐκ
2571 2892 2714 2964 ἔχεις
2739 2893 2901 2964 μέρος
2930 2894 3043 2963 μετ’
3067 2890 3223 2963 ἐμοῦ,
3253 2911 3272 2943 ι
3309 2891 3611 2962 αἰτούμενος·

2053 2988 2110 3042 ὲν
2137 2985 2216 3056 τῷ
2250 2989 2550 3057 παρασχεῖν
2577 2986 2702 3048 τοὺς
2739 2984 2907 3048 πόδας
2934 2983 3013 3056 τῷ
3043 2983 3241 3055 Ἰησοῦ,
3269 2982 3611 3054 ὑπερϐάλλειν

2052 3078 2224 3131 ἐθέλει
2266 3077 2334 3131 τὰ
2384 3077 2556 3149 μέτρα
2588 3077 2686 3149 τῆς
2730 3077 2998 3146 αἰτήσεως
3030 3075 3214 3141 αὐτοῦ,
3272 3075 3365 3130 καὶ
3396 3076 3613 3146 παρεῖχε

2051 3171 2475 3242 νιφθησομένους
2528 3170 2634 3223 ὑπὸ
2679 3169 2771 3223 τοῦ
2838 3169 3011 3240 Ἰησοῦ
3049 3169 3232 3223 οὐκέτι
3290 3168 3417 3232 τοὺς
3464 3168 3612 3230 πόδας

2054 3265 2267 3334 μόνους,
2295 3264 2410 3317 ἀλλ’
2439 3264 2540 3335 ἥδη
2570 3265 2663 3317 καὶ
2680 3262 2779 3328 τὰς
2801 3267 3006 3336 χεῖρας,
3032 3262 3098 3327 ἃς
3130 3262 3313 3316 οὐκέτι
3342 3261 3612 3315 νίπτεσθαι

2051 3358 2079 3409 6
2109 3355 2313 3426 Ἰησοῦς
2359 3356 2567 3429 ἢθελεν,
2611 3357 2737 3410 ὅταν
2769 3358 2932 3429 ἄρτον
2976 3355 3215 3423 ὲσθίωσι,
3270 3353 3611 3426 καταφρονῶν

2051 3449 2160 3504 τῶν
2206 3450 2534 3520 λεγομένων,
2567 3451 2649 3505 ὅτι
2684 3470 2702 3502 ι
2738 3452 2800 3505 Ol.
2841 3449 3075 3521 μαθηταί
3120 3466 3213 3501 σου
3251 3449 3312 3502 οὐ
3349 3448 3611 3511 νίπτονται

2050 3540 2150 3604 τὰς
2164 3543 2370 3611 χεῖρας,
2399 3541 2525 3594 ὅταν
2548 3541 2710 3612 ἄρτον
2734 3540 2974 3596 ὲσθίωσι·
3006 3560 3025 3592 ι
3052 3542 3145 3594 καὶ
3173 3539 3309 3612 πρὸς
3322 3542 3446 3604 ταῖς
3469 3538 3611 3611 χερσὶ

2049 3632 2147 3702 τὴν
2172 3632 2427 3704 κεφαλὴν,
2453 3633 2519 3704 ἣν
2547 3632 2667 3686 οὐδὲ
2698 3631 3135 3688 καταλύπτεσθαι
3152 3632 3289 3703 (ιδ’)
3315 3631 3396 3685 ἔτι
3410 3631 3606 3703 Ἰησοῦς

2051 3723 2319 3789 ὲὸούλετο,
2339 3726 2423 3795 ἐφ’
2444 3720 2513 3798 ἧς
2543 3728 2575 3796 ὴ
2600 3725 2762 3780 εἰκὼν
2801 3726 2896 3778 καὶ
2920 3727 2952 3796 ἡ
2976 3723 3102 3789 δόξα
3129 3725 3230 3797 ἤδη
3248 3721 3316 3797 ἦν
3338 3724 3434 3778 τοῦ
3466 3722 3609 3777 Θεοῦ·

2052 3818 2302 3889 ἀρκεῖται
2334 3818 2442 3891 γὰρ
2473 3820 2623 3890 ἡμῖν,
2658 3817 3049 3891 ἐπανέλθωμεν
3089 3821 3169 3882 εἰς
3194 3817 3367 3883 τοῦτο,
3391 3820 3508 3881 τοῖς
3528 3814 3610 3869 τοῦ

2052 3909 2228 3980 Ἰησοῦ
2269 3911 2555 3982 μαθηταῖς,
2585 3910 2798 3983 καιροῦ,
2826 3911 2920 3964 τοῦ
2949 3912 3077 3975 τοὺς
3101 3911 3269 3974 πόδας
3305 3910 3457 3981 αὑτῷ
3485 3925 3613 3981 παρ·

2053 4000 2196 4071 ἐχειν
2237 4001 2442 4071 νίψοντι
2481 4002 2574 4056 καὶ
2625 4001 2955 4073 ὲκμάσσοντι
2984 4001 3213 4072 μόνους·
3271 4021 3291 4053 ι
3329 4001 3358 4054 6
3385 3999 3497 4071 γὰρ
3532 3998 3611 4051 λε-

2052 4091 2305 4164 λουμένος
2330 4093 2429 4146 οὐκ
2444 4091 2555 4163 ἔχει
2579 4093 2766 4164 χρείαν
2794 4091 3068 4162 νίψασθαι,
3098 4091 3210 4145 ἀλλ’
3240 4089 3353 4144 ἔστι
3389 4087 3611 4160 καθαρὸς

2052 4186 2192 4249 ὅλος·
2230 4204 2248 4237 ι
2282 4188 2329 4238 εἱ
2357 4185 2412 4238 δέ
2445 4203 2528 4248 τις
2555 4191 2631 4262 μή
2659 4192 2804 4243 ἐστιν
2834 4186 2955 4249 ὅλος
2983 4185 3243 4257 καθαρὸς,
3272 4185 3369 4238 οὐκ
3399 4182 3611 4236 ἐλούσα-

2053 4295 2131 4331 το.
2176 4278 2417 4348 Ζητήσαι
2459 4277 2517 4330 δέ
2559 4294 2642 4339 τις
2692 4276 2779 4342 ἂν,
2822 4278 2871 4330 ει
2914 4277 2943 4328 6
2989 4275 3306 4348 λελουμένος
3360 4277 3463 4330 οὐκ
3511 4275 3612 4346 ἔχει

2054 4371 2245 4440 χρείαν
2268 4369 2540 4439 νίψασθαι,
2572 4369 2685 4423 ἀλλ’
2719 4369 2834 4423 ἔστι
2866 4369 3125 4442 καθαρὸς,
3158 4371 3252 4423 καὶ
3278 4365 3414 4441 ἦσαν
3431 4371 3482 4422 oi
3527 4365 3610 4422 τοῦ

377 4452 523 4531 lavat
547 4484 604 4530 et
635 4474 937 4545 abstergit:
974 4489 1097 4528 nam
1144 4489 1166 4523 ι
1201 4470 1291 4540 qui
1340 4469 1485 4525 lotus
1511 4478 1616 4532 est,
1662 4484 1770 4523 non
1812 4482 1950 4538 opus

2070 4461 2228 4535 Ιησοῦ
2251 4461 2486 4534 μαθηταὶ
2524 4462 2773 4534 καθαροὶ,
2817 4462 2893 4527 ὡς
2919 4462 3251 4534 λελουμένοι,
3296 4462 3411 4524 πῶς
3441 4452 3637 4533 βάλλει

378 4569 539 4624 habet
585 4566 792 4634 lavari,
834 4565 927 4621 sed
965 4574 1052 4620 est
1108 4564 1344 4618 mundus
1399 4569 1544 4617 totus
1570 4560 1619 4593 ’³
1649 4577 1664 4615 :
1694 4559 1783 4615 »εἰ
1827 4559 1949 4627 quis

377 4676 509 4717 vero
536 4676 645 4717 non
675 4674 762 4716 est.
789 4659 1024 4715 mundus
1057 4666 1200 4712 totus
1227 4696 1243 4722 ,
1302 4657 1350 4711 is
1398 4668 1460 4710 se
1504 4667 1612 4708 non
1652 4652 1804 4707 lavit.
1842 4651 1950 4707 Sed

377 4761 598 4824 quazrat
621 4752 838 4819 aliquis,
863 4750 907 4806 si
935 4749 1080 4804 lotus
1111 4762 1215 4804 non
1244 4761 1382 4817 opus
1417 4744 1582 4800 habet
1609 4742 1779 4798 lavari
1806 4781 1822 4807 ,
1857 4742 1950 4797 sed

374 4854 463 4901 est
490 4843 741 4906 mundus,
769 4852 822 4897 et
850 4849 1009 4897 erant
1034 4836 1280 4908 discipuli
1304 4835 1431 4892 Jesu
1454 4835 1666 4900 mundi,
1694 4844 1951 4904 tanquam

378 4935 497 5000 loti,
546 4931 818 5004 quomodo
865 4931 1034 4986 mittit
1079 4945 1272 4999 aquam
1325 4928 1379 4983 in
1432 4926 1665 4997 pelvim,
1705 4935 1760 4980 et
1787 4925 1953 4994 cmpit

375 5027 561 5083 lavare
605 5023 770 5094 pedes
799 5021 1184 5090 discipulorum
1210 5018 1415 5075 .Iesus?
1452 5017 1725 5073 Caeterum
1753 5016 1856 5071 hac
1883 5018 1950 5071 de

377 5135 437 5176 re
467 5133 590 5174 cum
614 5130 778 5185 supra
808 5113 1233 5170 disseruerimus
1255 5125 1326 5165 ex
1370 5118 1524 5179 parte
1565 5107 1947 5177 anticipantes,

379 5225 528 5266 nunc
548 5207 715 5264 etiam
739 5208 857 5261 haec
889 5202 997 5259 illis
1025 5203 1306 5266 addemus,
1331 5200 1586 5254 nimirum
1618 5199 1733 5254 haec
1764 5197 1949 5260 verba,

387 5341 406 5359 .
432 5304 584 5376 Opus
619 5301 906 5362 habemus,
936 5315 956 5351 ι
990 5296 1181 5368 posita
1211 5307 1334 5350 esse
1376 5293 1444 5347 de
1489 5292 1653 5348 rebus
1695 5304 1951 5346 necessa-

2051 4554 2193 4626 ὕδωρ
2227 4557 2307 4619 είς
2333 4555 2433 4609 τὸν
2449 4556 2706 4628 νιπτῆρα,
2739 4557 2831 4610 καὶ
2858 4555 3059 4628 ἤρξατο
3086 4555 3292 4609 νίπτειν
3312 4556 3437 4618 τοὺς
3458 4554 3609 4615 πόδας

2048 4645 2155 4701 τῶν
2188 4644 2442 4717 μαθητῶν
2465 4648 2493 4699 6
2549 4644 2783 4717 Ἰησοῦς;
2812 4646 2907 4709 Είς
2931 4646 3088 4699 τοῦτο
3117 4645 3174 4699 δὲ
3206 4647 3297 4699 καὶ
3337 4644 3611 4717 προλαϐόν-

2049 4756 2139 4804 τες
2175 4739 2271 4811 μὲν
2299 4739 2365 4793 ὲκ
2394 4739 2594 4811 μέρους
2618 4740 2937 4810 εἰρήκαμεν,
2962 4738 3056 4792 καὶ
3087 4736 3181 4792 νῦν
3210 4738 3436 4802 ἐκείνοις
3449 4735 3608 4791 ταῦτα

2051 4832 2449 4905 προσθήσομεν,
2477 4832 2556 4897 τὸ,
2598 4851 2617 4883 ι
2656 4829 2858 4903 Χρείαν
2899 4831 3115 4902 ἔχομεν,
3157 4850 3177 4883 ι
3209 4831 3302 4884 ἐπὶ
3323 4829 3430 4883 τῶν
3454 4832 3608 4897 ἀναγ-

2047 4924 2238 4991 καίων,
2269 4918 2343 4978 ὧν
2370 4925 2494 4979 ἄνευ
2520 4923 2709 4995 διαζῆν
2728 4940 2811 4988 τις
2835 4923 2896 4977 οὺ
2921 4922 3162 4987 δύναται,
3191 4923 3465 4976 τέτακται·
3487 4920 3607 4974 ὥστ’

2053 5016 2118 5070 ἂν
2140 5017 2197 5070 ὲν
2225 5017 2552 5086 σωματικοῖς
2583 5015 2755 5068 εἰπεῖν
2775 5014 2961 5084 χρείαν
2987 5012 3129 5083 ἔχειν
3150 5012 3240 5067 τὸν
3258 5010 3533 5082 ἄνθρωπον
3551 5008 3606 5061 οὗ

2049 5108 2331 5172 πλειόνων,
2367 5106 2503 5160 ἀλλὰ
2533 5106 2736 5160 τούτων
2773 5105 2947 5177 μόνων
2972 5104 3099 5175 περὶ
3121 5096 3197 5158 ὧν
3227 5119 3386 5173 φησιν
3415 5104 3443 5156 6
3469 5098 3607 5154 Παῦε

2049 5197 2159 5262 λος·
2190 5217 2209 5250 ι
2253 5199 2506 5269 Ἔχοντες
2533 5198 2590 5250 δὲ
2621 5197 2914 5269 διατροφὴν
2946 5197 3040 5252 καὶ
3087 5196 3466 5267 σκεπάσματα,
3498 5193 3610 5247 τοὺ-

2049 5307 2161 5355 τοις
2184 5288 2652 5362 ἀρκεσθησόμεθα·
2688 5309 2708 5343 ›
2740 5289 2808 5342 τὰ
2837 5290 2895 5343 δὲ
2925 5291 3004 5354 είς
3035 5290 3263 5344 πλοῦτον
3288 5289 3380 5343 καὶ
3409 5287 3607 5361 τρυφὴν

450 5422 498 5454 ⁸⁸
533 5420 665 5477 Luc.
701 5434 836 5485 xxn,
866 5417 957 5472 27.
1030 5415 1076 5449 ⁸⁸
1104 5414 1125 5471 l
1150 5413 1277 5471 Cor.
1306 5428 1407 5481 xu,
1429 5412 1520 5467 51.
1593 5412 1640 5445 ’⁸
1676 5410 1783 5467 Isa.
1806 5411 1972 5478 Ltt,7.
2045 5411 2092 5451 ⁸⁸
2117 5411 2275 5467 Joan.
2302 5428 2422 5476 xm,
2464 5413 2517 5468 8.
2592 5411 2639 5443 ⁹¹
2659 5411 2846 5467 Matth.
2876 5427 2968 5479 xv,
2993 5410 3049 5466 2.
3125 5411 3171 5443 "
3199 5409 3356 5467 Joan.
3389 5423 3505 5475 xm,
3533 5406 3605 5461 l0.

455 5537 567 5607 {16)
590 5534 753 5590 Forte
781 5530 1126 5607 scribendum
1158 5529 1386 5607 τοῦ
1416 5527 1713 5607 νίπτοντος.

458 5597 590 5674 (16‘)
611 5605 1129 5674 Καταλύπτεσθαι.
1155 5602 1249 5656 Sic
1266 5602 1398 5674 imp.
1421 5600 1569 5674 nullo
1592 5613 1778 5674 sensu.
1800 5597 1958 5674 Forte

399 5667 679 5744 legendum
739 5673 1128 5730 καταλούεσθαι
1147 5712 1163 5739 ,
1204 5672 1290 5729 vel
1324 5667 1802 5735 ⁴’κιιιτανίπτεσθριι,
1875 5667 1959 5723 vel

2063 5529 2247 5594 etiam,
2282 5529 2496 5594 melius,
2547 5527 3086 5592 κατακαλύπτεσθαι,
3145 5526 3327 5593 velari,
3361 5521 3513 5594 quod
3557 5527 3605 5576 et

2065 5593 2435 5676 seusuimagis
2454 5600 2700 5672 congruit
2719 5599 2790 5656 ob
2810 5598 2931 5653 οὐδέ
2964 5597 3327 5671 praemissum.
3355 5593 3509 5657 Εοιτ,
