3712 6138
106 295 214 352 765

1107 277 1462 338 COMMENT.
1502 277 1571 332 ΙΝ
1611 276 1804 333 JOAN.
1847 275 2082 332 TOMUS
2119 275 2330 332 XXXII.

3243 277 3348 333 766

105 410 531 485 συμϐαλλόμεναλ
561 410 626 461 ὲκ
661 402 973 475 περιουσίας
1001 404 1114 466 τοῖς
1139 400 1498 472 ἁϐροδιαίτοις
1526 416 1631 468 περ

1821 398 1882 453 iis
1907 438 1923 463 ,
1968 399 2085 453 sine
2133 398 2328 466 quibus
2361 394 2556 462 aliquis
2599 393 2781 448 vivere
2827 408 2934 448 non
2969 402 3190 461 potest;
3220 398 3346 450 utsi

104 508 335 577 γίνεται,
366 504 463 572 οὐχ
494 503 569 565 ὡς
603 499 855 571 χρειώδη,
883 498 975 550 καὶ
1004 490 1078 550 ὧν
1120 498 1220 549 οὐκ
1253 494 1402 559 ἄνευ,
1438 492 1551 546 ἀλλ’
1605 491 1680 555 ώς

103 597 343 669 περισσά
357 592 490 665 (17).
507 591 661 646 Οὕτω
680 591 856 644 τοίνυν
877 590 968 642 καὶ
985 589 1076 641 ἐπὶ
1090 587 1196 640 τῶν
1217 583 1500 655 θειοτέρων
1523 583 1680 654 χρεία

107 692 203 762 μὲν
233 691 365 760 ἡμῖν
380 687 486 739 τῶν
516 685 838 753 εἰσαγόντων
860 683 938 745 εἰς
959 680 1120 751 ζωὴν,
1156 678 1250 732 καὶ
1278 676 1570 731 ποιούντων
1599 672 1677 728 εἷ-

103 799 188 836 ναι
222 784 282 834 ὲν
313 777 390 849 τῷ
419 779 646 846 λέγοντι·
703 795 720 827 ι
749 773 891 842 Ἐγώ
920 775 1033 842 εἶμι
1062 773 1094 842 ἡ
1123 771 1256 842 ζωή·
1297 789 1316 821 3
1344 769 1411 822 τὰ
1449 769 1506 821 δὲ
1538 768 1677 839 ὑπὲρ

101 869 294 934 ταῦτα,
327 871 454 941 περὶ
479 861 552 921 ὧν
568 867 803 936 λέγεται,
833 882 850 914 ι
875 862 1304 934 Κατατρύφησον
1328 860 1421 914 τοῦ
1447 860 1673 930 Κυρίου,

103 962 194 1015 καὶ
236 960 399 1014 δώσει
434 977 514 1012 σοι
544 959 612 1012 τά
645 958 922 1028 αἰτήματα
953 954 1051 1024 τῆς
1097 954 1324 1022 καρδίας
1366 969 1481 1014 σου,
1505 970 1522 1002 3
1577 951 1673 1003 καὶ

103 1056 202 1107 ὅσα
240 1055 440 1106 νοεῖται
479 1051 622 1105 κατὰ
661 1051 750 1103 τὸν
802 1049 1126 1120 παράδεισον
1176 1046 1272 1116 τῆς
1320 1044 1549 1116 τρυφῆς,
1578 1044 1673 1098 καὶ

101 1145 189 1198 τὸν
228 1141 478 1206 πλοῦτον,
541 1141 636 1194 καλ¹
677 1139 774 1210 τὴν
823 1138 1007 1204 δόξαν,
1051 1137 1119 1190 τὰ
1161 1137 1217 1189 ἐν
1264 1135 1527 1205 ἀριστερᾷ
1573 1134 1674 1204 τῆς

105 1235 310 1306 σοφίας,
357 1233 497 1288 κατὰ
535 1234 624 1287 τὸν
671 1233 919 1294 εἰπόντα,
975 1229 1206 1300 «Μῆκος
1240 1227 1348 1298 γὰρ
1394 1226 1530 1297 βίου,
1578 1225 1672 1278 καὶ

101 1329 193 1398 ἐτη
225 1328 370 1398 ξωῆς
403 1329 461 1379 ὲν
497 1329 560 1396 τῇ
595 1323 743 1396 δεξιᾷ
775 1323 972 1394 αύτῆςο
1005 1323 1064 1374 ὲν
1091 1321 1148 1374 δὲ
1177 1323 1243 1392 τῇ
1279 1321 1542 1391 ἀριστερᾷ
1572 1317 1670 1370 αύ-

101 1420 196 1490 τῆς
210 1416 434 1480 πλοῦτος
455 1418 548 1470 καὶ
573 1415 718 1480 δόξα,
741 1434 760 1467 3
786 1415 926 1484 ὑπὲρ
952 1413 1051 1484 τὴν
1078 1414 1264 1484 χρείαν
1295 1407 1430 1464 εἶναι
1453 1408 1665 1480 λεχθείη

1783 489 2028 544 dicamus
2057 489 2108 542 in
2147 488 2310 542 rebus
2331 483 2705 555 corporalibus
2733 485 3004 538 hominem
3031 501 3137 539 non
3175 487 3346 556 pluri-

1779 583 1882 637 bus
1919 596 2052 651 opus
2087 581 2286 634 habere
2306 619 2321 642 ,
2353 577 2447 632 sed
2479 578 2562 631 his
2592 578 2765 630 solum
2797 591 2916 644 qua:
2947 576 3080 632 dicit
3119 579 3349 647 Aposto-

1778 673 1862 728 lus
1890 673 1980 727 ’δι
2019 671 2322 726 «Habentes
2355 680 2534 725 autem
2570 670 2772 735 cibum,
2821 679 2875 724 et
2919 669 3343 738 operimentum,

1778 765 1864 819 his
1891 764 2128 818 contenti
2153 777 2362 826 sumus;
2385 781 2404 814 3
2433 775 2551 830 quae
2587 775 2714 814 vero
2747 761 2814 813 ad
2850 760 3069 814 divitias
3115 769 3168 814 et
3212 759 3348 813 deli-

1777 857 1886 912 cias
1923 857 2210 912 conferunt
2239 895 2254 920 ,
2281 869 2349 909 ex
2380 853 2674 908 abundanti
2717 851 2974 907 mollibus
3004 861 3058 906 et
3094 851 3346 906 delicatis

1775 964 2081 1017 superesse,
2116 964 2219 1003 non
2259 956 2518 1016 tanquam
2551 947 2884 1012 necessaria,
2913 957 2967 999 et
3001 944 3119 998 sine
3149 944 3343 1013 quibus

1775 1057 1880 1095 non
1933 1041 2143 1110 possint
2198 1041 2407 1106 vivere,
2454 1040 2548 1093 sed
2597 1046 2852 1105 tanquam
2901 1034 3192 1107 superﬂua.
3251 1036 3344 1090 Sic

1772 1133 1935 1202 igitur
1976 1143 2030 1186 et
2063 1132 2114 1186 in
2169 1130 2530 1186 divinioribus
2558 1143 2692 1198 opus
2719 1128 2932 1198 quidem
2968 1126 3122 1181 nobis
3149 1136 3233 1182 est
3258 1127 3343 1180 his

1771 1238 1890 1292 quae
1914 1223 2264 1277 introducunt
2292 1222 2358 1276 ad
2391 1220 2591 1284 vitam,
2621 1219 2814 1288 hisque
2835 1233 2954 1288 quae
2979 1217 3183 1272 faciunt
3207 1218 3258 1272 in
3277 1232 3344 1272 eo

1771 1330 1869 1370 nos
1889 1329 2008 1370 esse
2031 1316 2119 1385 qui
2149 1315 2311 1369 dicit:
2341 1311 2486 1382 «Ego
2514 1326 2632 1366 sum
2658 1310 2829 1364 vita"
2850 1328 2899 1378 ;3
2922 1326 3041 1380 quae
3066 1327 3196 1368 vero
3215 1319 3343 1366 sunt

1769 1419 1931 1473 supra
1954 1405 2069 1458 haec
2089 1406 2155 1460 de
2167 1404 2362 1474 quibus
2384 1402 2672 1465 dicitur",
2699 1419 2717 1450 ι
2734 1401 2995 1456 Deliciare
3018 1401 3070 1456 in
3092 1401 3338 1467 Domino,

99 1511 181 1563 ἀν.
208 1508 318 1561 Καὶ
346 1508 557 1578 μήποτε
587 1505 822 1559 τοιοῦτόν
852 1507 967 1557 ὲστι
999 1503 1058 1556 τὸ
1106 1501 1241 1574 μετά
1286 1502 1348 1555 τὺ
1374 1501 1634 1555 λούσασθε

1821 1495 1931 1565 19
1959 1506 2014 1550 et
2044 1496 2196 1551 dabit
2222 1496 2315 1550 tibi
2349 1494 2639 1565 petitiones
2680 1493 2861 1548 cordis
2897 1493 2993 1556 tui,
3043 1511 3064 1544 3
3107 1502 3162 1547 et
3192 1507 3340 1562 quae-

101 1599 350 1670 νίψασθαι
381 1601 509 1663 τοὺς
537 1599 704 1662 πόδας
738 1597 841 1651 ὑπὸ
866 1597 958 1650 τοῦ
994 1595 1306 1666 τηλικούτου
1340 1593 1634 1648 διδασκάλω

1821 1603 1982 1657 Inque
1995 1589 2406 1643 considerantur
2425 1592 2645 1656 propter
2662 1585 2975 1652 paradisum
2995 1584 3336 1648 deliciarum,

100 1695 188 1747 καὶ
217 1692 498 1764 Σωτῆρος·
533 1691 595 1744 τὸ
634 1690 743 1761 γὰρ
774 1688 1021 1760 χάρισμα
1058 1687 1152 1741 τοῦ
1193 1684 1325 1740 Θεοῦ
1367 1683 1634 1756 ὑπερπαίε

1843 1686 2063 1748 propter
2111 1677 2348 1741 divitias,
2398 1686 2456 1733 et
2501 1683 2726 1745 propter
2771 1673 3020 1744 gloriam,
3059 1692 3180 1747 quae
3211 1688 3340 1734 sunt

99 1786 191 1856 τὴν
218 1751 428 1856 χρείαν,
449 1751 658 1851 ώσπερ
673 1751 864 1834 acc-112:6-
897 1751 1036 1834 εἶναι
1071 1780 1128 1831 έν
1157 1777 1282 1850 δόξῃ
1311 1751 1541 1848 ἡλίου,”ἢ
1575 1793 1634 1829 σε

1854 1769 2075 1823 sinistra
2101 1768 2402 1837 sapientiae,
2432 1768 2591 1835 juxta
2630 1767 2906 1821 dicentem
2932 1767 2979 1799 ⁸⁷
3016 1785 3031 1822 :
3083 1787 3103 1819 ι
3134 1768 3339 1840 Longi-

98 1875 276 1944 λήνης,
317 1874 348 1944 ἢ
381 1873 627 1944 ἀστέρων
649 1872 706 1923 ὲν
728 1872 794 1940 τῇ
830 1870 947 1940 ἱερᾷ
973 1867 1082 1922 τῶν
1114 1869 1321 1937 νεκρῶν
1349 1867 1658 1920 ἀναστάσει.

100 1967 206 2018 Ούκ
229 1966 340 2036 ἔχει
377 1965 475 2035 μὲν
507 1963 693 2034 χρείαν
722 1963 749 2014 6
779 1961 1038 2031 καθαρὸς,
1075 1960 1169 2013 καὶ
1202 1957 1551 2027 λουσάμενος,
1585 1957 1663 2010 νί-

95 2053 289 2122 ψασθαι
308 2070 320 2082 ·
351 2051 598 2105 νίπτεται
626 2050 682 2102 δὲ
713 2048 854 2102 κατά
881 2049 942 2101 τὸ
970 2046 1466 2119 προαποδεδομένον
1487 2063 1501 2075 ·
1539 2046 1662 2098 ἐπεὶ

102 2165 120 2196 ι
144 2143 218 2215 τῷ
239 2144 415 2214 ἔχοντι
444 2144 601 2197 παντὶ¹
627 2140 1077 2213 προστεθήσεταιο
1106 2159 1122 2191 3
1152 2139 1244 2192 καὶ
1267 2140 1342 2201 ὼς
1363 2141 1392 2192 ὁ
1415 2137 1661 2208 Ἰωάννης

98 2233 247 2306 φησί’
290 2255 307 2287 ι
332 2237 444 2288 Καὶ
465 2237 492 2287 6
525 2233 760 2304 καθαρὸς
797 2230 1177 2302 καθαρισθήτω
1210 2230 1307 2293 ἔτι,
1333 2231 1426 2284 καὶ
1456 2231 1484 2282 6
1508 2229 1660 2298 ἀγιος

97 2325 423 2398 ἁγιασθήτω.
450 2345 468 2376 3
504 2325 576 2378 Τὸ
605 2325 682 2390 δὲ,
723 2343 742 2374 ι
780 2325 967 2396 Ὑμεῖς
990 2322 1219 2393 καθαροί
1241 2323 1418 2383 ἐστε.)
1455 2321 1658 2389 ἀναφέ-

99 2435 239 2484 ρεται
289 2418 383 2470 ἐπὶ
435 2417 562 2480 τοὺς
610 2417 818 2480 ἕνδεκα,
867 2409 912 2484 ᾧ
961 2415 1278 2484 ἐπιφέρεται
1328 2413 1420 2476 τὸ,
1488 2413 1659 2482 «Οὐχὶ

98 2507 304 2569 πάντες,
331 2525 350 2557 3
396 2504 485 2557 διὰ
517 2505 607 2557 τὸν
656 2501 1036 2573 Ἰσκαριώτηνο
1071 2501 1186 2571 ᾔδει
1215 2499 1324 2571 γάρ
1353 2503 1444 2554 τὸν
1474 2518 1655 2573 παρα-

94 2599 288 2653 διδόντα
345 2598 507 2651 αὐτὸν
548 2598 648 2668 ήδη
685 2597 812 2650 ὅντα
860 2598 921 2650 οὐ
974 2597 1241 2669 καθαρόν·
1291 2595 1504 2668 πρῶτον
1560 2596 1658 2666 μὲν

95 2691 170 2743 ὅτι
225 2692 350 2763 περὶ
396 2691 506 2744 τῶν
553 2690 782 2760 πτωχῶν
829 2690 928 2742 ούκ
976 2689 1166 2759 ἔμελεν
1200 2688 1373 2760 αὐτῷ,
1408 2688 1522 2742 ἀλλ’
1573 2691 1655 2742 ὅτι

95 2781 317 2854 κλέπτης
341 2779 432 2854 ἦν,
467 2784 561 2836 καὶ
588 2783 648 2836 τὸ
671 2783 1053 2853 γλωσσόκομον
1083 2781 1220 2852 ἔχων
1253 2781 1320 2833 τά
1355 2779 1656 2850 βαλλόμενα

97 2874 369 2939 ἐϐάσταζεν
388 2892 402 2906 ο
439 2875 663 2945 ὕστερον
694 2876 750 2928 δὲ
791 2877 932 2941 ἐπεὶ,
964 2874 1178 2927 δείπνου
1225 2873 1528 2942 γινομένου,
1560 2872 1652 2925 τοῦ

95 2967 320 3020 διασόλω
353 2967 455 3040 ἤδη
492 2968 814 3038 βεϐληκότος
861 2969 942 3031 εἰς
985 2968 1084 3038 τὴν
1117 2965 1364 3037 καρδίαν,
1413 2963 1499 3018 ἵνα
1543 2981 1650 3016 πα-

100 3057 226 3127 ραδῷ
255 3058 413 3110 αὐτὸν
457 3057 654 3120 Ἰούδας
679 3057 921 3128 Σίμωνος
967 3045 1338 3125 Ἰσκαριώτης,
1364 3053 1464 3106 ούκ
1502 3052 1652 3106 ἀπώ-

1769 1861 1894 1914 tudo
1927 1862 2070 1914 enim
2098 1861 2241 1925 vitm,
2275 1873 2327 1914 et
2355 1863 2484 1915 anni
2518 1861 2642 1913 vita:
2675 1858 2728 1912 in
2761 1860 2986 1914 dextera
3013 1859 3172 1928 ejus;
3204 1871 3256 1916 et
3281 1863 3335 1917 in

1764 1948 1980 2002 sinistra
2016 1949 2132 2018 ejus
2163 1951 2366 2004 divitia:
2401 1960 2452 2003 et
2479 1950 2674 2020 gloria,
2705 1971 2724 2003 3
2758 1965 2921 2019 supra
2950 1952 3332 2006 necessitatem

1762 2051 1881 2094 esse
1907 2039 2176 2094 dicentur.
2229 2044 2305 2095 Ac
2349 2043 2580 2098 fortasse
2619 2043 2727 2098 tale
2772 2056 2877 2112 est,
2929 2060 3053 2098 cum
3102 2045 3339 2116 alicujus

1761 2129 1852 2197 qui
1903 2129 2044 2183 lotus
2091 2132 2271 2197 fuerit,
2302 2132 2557 2187 lavantur
2592 2135 2758 2200 pedes
2793 2152 2821 2188 a
2859 2135 2952 2190 tali
2987 2135 3244 2206 Magistro
3275 2154 3340 2193 ac

1762 2216 2091 2284 Servatore;
2129 2237 2254 2274 nam
2294 2222 2496 2276 donum
2531 2225 2624 2279 Dei
2657 2225 2880 2281 excellit
2933 2227 3338 2292 necessitatem,

1760 2313 2210 2381 quemadmodum
2237 2314 2404 2368 etiam
2428 2331 2548 2370 esse
2579 2317 2630 2370 in
2667 2317 2841 2388 gloria
2874 2321 3029 2388 solis,
3056 2322 3138 2376 vel
3172 2321 3336 2389 lunae,

1758 2404 1844 2456 vel
1903 2417 2178 2460 astrorum
2229 2407 2310 2473 ⁸⁸,
2363 2408 2416 2461 in
2484 2423 2640 2463 sacra
2702 2425 3040 2468 mortuorum
3095 2432 3336 2472 resurre-

1759 2495 1938 2550 ctione
1960 2512 1975 2561 ;
2001 2506 2166 2566 atque
2197 2500 2286 2568 qui
2328 2503 2558 2558 mundus
2579 2513 2664 2559 est
2692 2505 2907 2574 quidem
2931 2516 2986 2560 et
3015 2507 3177 2573 lotus,
3203 2522 3338 2578 Opus

1758 2602 1864 2641 non
1926 2589 2088 2644 habet
2141 2602 2200 2644 ut
2249 2591 2480 2660 lavetur,
2535 2597 2628 2651 sed
2673 2597 2884 2651 lavatur
2932 2609 3154 2668 propter
3205 2600 3336 2654 illud

1757 2682 1898 2748 quod
1932 2685 2180 2752 superius
2204 2687 2624 2756 assignavimus,
2649 2691 2909 2746 nimirum
2947 2696 3091 2762 quod
3127 2711 3146 2744 ι
3179 2695 3330 2749 omni

1757 2770 1975 2826 habenti
2021 2774 2259 2842 dabitur,
2302 2789 2358 2831 et
2410 2779 2697 2849 adjicietur
2740 2783 2786 2814 ⁹⁹
2826 2801 2840 2850 ;
2896 2802 2914 2834 3
2955 2793 3010 2838 et
3044 2795 3104 2840 ut
3155 2785 3335 2855 inquit

1755 2865 1992 2924 Joannes
2031 2887 2046 2922 :
2083 2889 2101 2917 ι
2139 2869 2204 2923 ΕΙ.
2236 2873 2470 2926 mundus
2524 2875 2812 2928 mundetur
2862 2876 3062 2941 adhuc,
3114 2886 3170 2930 et
3208 2893 3333 2931 san-

1754 2968 1874 3015 ctus
1905 2962 2275 3017 sanctiticetur
2311 2965 2489 3019 adhuc
2512 2968 2553 3024 ί,
2580 2984 2596 3015 3
2625 2967 2893 3022 Caeterum
2946 2968 3075 3024 illud
3106 3010 3121 3034 ,
3173 2989 3192 3022 ι
3223 2971 3332 3027 \‘os

1754 3053 1940 3106 mundi
1974 3055 2106 3110 estis
2129 3057 2172 3120 ³,
2217 3073 2237 3108 3
2284 3057 2522 3112 refertur
2565 3060 2630 3112 ad
2665 3059 2935 3126 undecim,
2973 3061 3059 3115 cui
3103 3064 3330 3132 subjun-

99 3165 215 3202 σατο
244 3151 301 3202 τὸ
324 3150 675 3220 βεϐλημένον.
706 3150 906 3222 Διόπερ
931 3152 980 3203 οί
1010 3150 1108 3220 μὲν
1134 3149 1453 3218 λουσάμενοι
1478 3147 1634 3201 καθα·

1821 3158 1897 3198 tur
1925 3145 2057 3200 illud
2094 3188 2109 3210 ,
2161 3164 2180 3198 ι
2223 3147 2341 3202 Non
2369 3164 2581 3216 omnes,
2637 3168 2656 3202 3
2696 3161 2917 3221 propter
2960 3151 3324 3212 Iscariotem:

99 3241 171 3312 pol.
197 3241 402 3307 ἕνδεκα,
435 3241 514 3295 ἔτι
543 3240 788 3310 ἐγένοντο
810 3239 1503 3314 καθαρώτεροι,νιψάμενοι
1527 3243 1652 3305 τοὺς

95 3333 246 3397 πόδας
286 3335 386 3388 ὑπὸ
431 3334 526 3388 τοῦ
570 3335 779 3404 Ἰησοῦ·
812 3337 840 3388 ὁ
874 3335 932 3388 δὲ
977 3335 1077 3406 ἥδη
1121 3335 1194 3405 μὴ
1242 3332 1477 3404 καθαρὸς
1523 3319 1655 3387 Ἰού-

94 3422 178 3486 δας
207 3426 249 3494 (ι
282 3425 338 3477 '0
373 3425 618 3495 ῥυπαρὸς
642 3444 660 3476 3
692 3424 824 3497 γὰρ,
880 3426 1032 3496 φησι,
1073 3442 1092 3476 ι
1123 3424 1447 3496 ῥυπανθήτω
1488 3423 1568 3476 ἔτι
1601 3424 1648 3494 3)

93 3517 266 3584 γέγονε
294 3516 677 3590 ρυπαρώτερος
699 3519 790 3572 καὶ
813 3518 1139 3591 ἀκάθαρτος,
1170 3519 1258 3572 ὅτε
1285 3517 1422 3588 μετὰ
1447 3517 1509 3571 τὸ
1533 3517 1649 3587 ψω-

95 3608 204 3677 μίον
233 3607 475 3680 εἰσῆλθεν
504 3610 533 3661 6
568 3609 828 3672 Σατανᾶς.

1760 3247 1988 3292 noverat
2039 3240 2180 3293 enim
2230 3255 2373 3306 eum,
2417 3256 2446 3295 a
2493 3258 2600 3310 quo
2659 3245 2997 3309 tradebatur,
3045 3262 3154 3300 non
3209 3263 3330 3304 esse

1763 3331 2019 3384 mundum
2047 3349 2062 3396 ;
2089 3333 2320 3399 primum
2359 3334 2596 3402 quidem,
2633 3336 2776 3404 quod
2806 3352 3073 3406 pauperes
3115 3339 3188 3393 illi
3223 3357 3327 3396 non

1757 3431 1939 3476 essent
1977 3437 2121 3476 cura:
2148 3422 2187 3487 ⁸,
2213 3421 2300 3476 fur
2332 3439 2455 3478 cum
2503 3437 2672 3493 esset,
2715 3438 2772 3483 et
2815 3432 2958 3498 quod
2993 3433 3327 3501 marsupium

1759 3514 1985 3580 habens,
2013 3530 2130 3583 qum
2157 3515 2592 3572 immittebantur
2625 3521 2862 3576 auferret
2895 3539 2911 3588 ;
2945 3524 3138 3578 deinde
3184 3527 3328 3595 quod

1757 3619 1913 3660 ccena
1950 3606 2090 3660 facta
2133 3623 2254 3662 cum
2301 3607 2412 3679 jam
2461 3611 2709 3668 diabolus
2761 3614 3080 3670 immisisset
3133 3616 3185 3670 in
3234 3632 3329 3672 cor

95 3702 245 3768 ipsius
266 3700 415 3754 .Iudae
443 3701 679 3756 Simonis
697 3701 965 3756 lscariotaa
989 3709 1047 3756 ut
1080 3701 1331 3771 proderet
1351 3699 1557 3764 Jesum,
1579 3713 1683 3754 non
1711 3698 1904 3767 repulit
1927 3697 2207 3754 ferientem
2231 3699 2272 3752 ι.
2295 3700 2557 3766 Quocirca
2583 3703 2678 3757 loti
2710 3705 2956 3760 undecim
2991 3707 3155 3760 etiam
3180 3723 3334 3761 mun-

93 3792 254 3848 diores
277 3795 398 3849 facti
430 3795 600 3858 fuere,
627 3812 746 3849 cum
771 3795 986 3850 illorum
1010 3797 1172 3862 pedes
1199 3795 1415 3850 lavisset
1443 3792 1601 3848 Jesus
1627 3808 1642 3858 ;
1673 3800 1728 3846 et
1754 3789 1920 3846 Judas
1950 3807 2054 3847 non
2090 3793 2320 3848 mundus
2342 3795 2388 3866 (ι
2417 3794 2677 3852 Sordidus
2711 3794 2913 3864 3enim,
2936 3798 3130 3868 inquit,
3168 3816 3188 3850 ι
3208 3815 3327 3853 sor-

93 3887 259 3943 descat
279 3891 452 3945 adhuc
475 3891 496 3921 ⁵
527 3908 545 3941 3
575 3890 614 3958 ),
664 3890 837 3945 factus
873 3899 954 3945 est
990 3891 1258 3944 sordidior
1294 3897 1349 3944 et
1380 3887 1726 3954 immundior,
1776 3887 1992 3958 quando
2027 3897 2149 3958 post
2180 3889 2476 3944 buccellam
2509 3889 2732 3945 intravit
2760 3891 2812 3945 in
2850 3891 2996 3946 illum
3030 3893 3324 3948 Satanas“.

154 3984 202 4036 7.
242 4004 259 4035 ι
281 3986 406 4039 Ὅτε
439 3981 532 4039 οὖν
559 3985 704 4055 ἕνιψε
718 3987 843 4049 τοὺς
872 3986 1038 4050 πόδας
1063 3985 1262 4048 αὐτῶν,
1290 3986 1382 4038 καὶ
1395 3983 1550 4037 ἔλαϐε
1578 3981 1645 4036 τὰ

95 4076 266 4144 ἱμάτια
312 4077 502 4140 αὑτοῦ,
548 4078 640 4131 καὶ
690 4077 920 4130 ἀνέπεσε
941 4117 956 4141 ,
1011 4077 1172 4131 πάλιν
1225 4072 1375 4130 εἶπεν
1431 4077 1637 4138 αὐτοῖς’

94 4165 369 4222 Γινώσκετε
413 4171 466 4222 τί
516 4169 789 4238 πεποίηκα
832 4171 996 4240 ὑμῖν;
1057 4168 1290 4223 Φωνεῖτέ
1350 4185 1439 4240 με,
1486 4170 1514 4221 6
1548 4169 1638 4221 Δι-

92 4257 351 4325 δάσκαλος,
384 4263 479 4314 καὶ
505 4261 532 4312 6
559 4260 779 4332 Κύριος,
797 4262 891 4315 καὶ
913 4261 1092 4325 καλῶς
1118 4261 1302 4329 λέγετε
1328 4277 1341 4290 ·
1367 4261 1480 4331 εἰμί
1507 4259 1633 4329 γάρ’

94 4352 134 4402 εί
162 4347 244 4406 οὖν
275 4354 381 4422 ἐγὼ
413 4354 571 4423 ἔνιψα
605 4355 758 4425 ὑμῶν
802 4355 927 4419 τοὺς
976 4355 1157 4419 πόδας,
1198 4356 1227 4406 ὁ
1265 4352 1466 4424 Κύριος
1494 4351 1588 4404 καὶ
1613 4353 1641 4405 6

94 4441 416 4510 Διδάσκαλος,
433 4447 528 4500 καὶ
553 4447 708 4517 ὑμεῖς
733 4447 977 4517 ὀφείλετε
1007 4446 1250 4518 ἀλλήλων
1278 4445 1484 4499 νίπτειν
1514 4445 1640 4507 τοὺς

94 4533 268 4599 πόδας.
313 4539 614 4610 ὑπόδειγμα
657 4541 762 4612 γὰρ
792 4539 966 4592 ἔδωκα
1000 4539 1149 4608 ὑμῖν·
1193 4538 1280 4591 ἵνα
1320 4535 1502 4600 καθὼς
1529 4534 1640 4603 ἐγὼ

95 4625 300 4697 ἐποίησα
323 4630 472 4700 ὑμῖν,
501 4632 594 4684 καὶ
628 4633 781 4702 ὑμεῖς
803 4631 1010 4701 ποιῆτε.
1036 4649 1054 4679 3
1078 4629 1235 4691 Είκὸς
1264 4629 1387 4690 τοὺς
1416 4628 1640 4699 νοήσαν·

93 4729 178 4777 τας
199 4717 255 4768 τὸ
284 4719 507 4788 μέγεθος
548 4721 644 4791 τῆς
690 4718 862 4790 Ἰησοῦ
902 4717 1202 4787 δυνάμεως,
1245 4716 1338 4769 καὶ
1381 4715 1640 4777 συνέντας

94 4798 139 4849 τί
167 4805 435 4875 πεποίηκε,
467 4807 627 4876 νίψας
653 4808 776 4870 τοὺς
805 4807 971 4869 πόδας
999 4805 1108 4858 τῶν
1134 4803 1408 4875 μαθητῶν,
1437 4805 1524 4858 ἵνα
1547 4805 1641 4858 καὶ

95 4893 153 4944 τὰ
177 4895 463 4958 τελευταῖα,
503 4901 592 4952 καὶ
636 4899 704 4953 τὰ
753 4899 979 4968 τυχόντα
1027 4896 1206 4951 αὐτῶν
1260 4895 1473 4969 καθάρῃ
1502 4897 1641 4950 ἀπο-

98 4983 293 5050 πλύνας,
327 4992 418 5043 καὶ
447 4991 514 5044 τὰ
542 4995 606 5062 τῇ
652 4995 721 5063 γῇ
767 4991 1053 5062 ὁμιλοῦντα
1089 4991 1336 5061 σώματα,
1371 4984 1450 5044 ὧν
1475 4985 1542 5060 ἦν
1571 4987 1640 5041 τὰ

99 5075 298 5147 σώματα
324 5084 502 5136 ἐκεῖνα
533 5084 817 5154 σύμϐολον,
854 5083 1236 5155 θαυμάσαντας
1265 5080 1327 5135 τὸ
1367 5084 1424 5134 έν
1465 5083 1530 5150 τῇ
1560 5078 1638 5132 νί-

96 5164 172 5232 ψει
199 5169 364 5240 ἔργον,
393 5176 492 5228 ούκ
534 5174 600 5228 ἂν
633 5175 897 5248 τολμῆσαι
923 5178 1015 5230 καὶ
1039 5177 1232 5240 αὐτοὺς
1262 5175 1324 5228 τὸ
1355 5173 1638 5244 τηλικοῦτο

98 5261 294 5329 πρᾶξαι.
343 5269 692 5341 μικροτέρους
739 5265 876 5323 εἶναι
912 5268 1230 5340 νομίζοντας
1278 5269 1502 5330 ἑαυτοὺς
1541 5264 1636 5319 τοῦ

1821 3983 1874 4035 7.
1921 4001 1939 4033 ι
1973 3981 2262 4052 Postquam
2303 3997 2433 4052 ergo
2462 3983 2589 4038 lavit
2628 3985 2795 4054 pedes
2825 3986 3320 4055 eorum,receptis-

1747 4087 1853 4144 que
1881 4072 2122 4126 vestibus
2150 4073 2265 4127 suis
2297 4075 2490 4127 iterum
2522 4074 2800 4142 accubuit,
2831 4075 2969 4130 dixit
2997 4077 3076 4131 eis
3106 4095 3118 4131 :
3155 4076 3321 4133 Scitis

1745 4166 1872 4236 quid
1913 4164 2137 4219 fecerim
2179 4165 2334 4220 vobis
2361 4166 2383 4220 ?
2411 4164 2516 4221 Vos
2553 4169 2763 4222 vocatis
2803 4182 2890 4220 me
2916 4168 3229 4236 Magistrum
3255 4184 3321 4223 ac

1747 4257 2049 4320 Dominum,
2092 4265 2146 4310 et
2178 4255 2316 4311 bene
2368 4255 2548 4310 dicitis
2594 4272 2609 4320 ;
2663 4272 2784 4312 sum
2838 4259 3040 4311 etenim
3070 4275 3084 4313 :
3111 4258 3156 4311 si
3187 4273 3318 4328 ergo

1743 4346 1846 4401 lavi
1879 4347 2040 4415 pedes
2074 4353 2284 4402 vestros
2332 4345 2596 4401 Dominus
2639 4355 2692 4400 et
2741 4345 3017 4416 Magister,
3049 4363 3150 4402 vos
3179 4363 3316 4416 quo-

1740 4453 1847 4508 que
1897 4437 2104 4493 debetis
2160 4438 2390 4492 invicem
2437 4437 2529 4491 alii
2581 4437 2812 4492 aliorum
2870 4437 3055 4492 lavare
3102 4443 3313 4509 pedes:

1740 4528 2040 4598 exemplum
2093 4528 2235 4583 enim
2267 4529 2474 4599 praebui
2519 4531 2695 4594 vobis,
2750 4538 2808 4582 ut
2855 4529 3312 4599 quemadmodum

1740 4635 1840 4690 ego
1867 4620 1969 4675 feci
2005 4620 2182 4686 vobis,
2237 4635 2333 4676 vos
2391 4635 2603 4691 quoque
2640 4621 2856 4676 faciatis
2888 4621 2932 4675 ".
2963 4641 2982 4675 3
3027 4620 3315 4676 Probabile

1741 4722 1823 4767 est
1859 4727 1952 4767 eos
1980 4714 2070 4782 qui
2102 4713 2542 4768 considerasseut
2589 4713 3017 4780 magnitudinem
3059 4713 3315 4783 potentia:

1742 4804 1889 4872 Jesu,
1931 4806 2136 4875 quique
2166 4806 2565 4862 intellexissent
2613 4805 2740 4874 quid
2789 4804 2994 4859 factum
3042 4804 3236 4860 fuisset
3282 4822 3314 4860 ιι

1741 4901 1888 4963 Jesu,
1920 4901 2011 4970 qui
2041 4901 2243 4955 lavavit
2269 4903 2434 4971 pedes
2463 4900 2878 4968 discipulorum,
2914 4909 2974 4954 ut
3001 4899 3219 4954 ultimas
3243 4914 3309 4956 ac

1742 4995 1882 5047 viles
1911 4994 2150 5062 ipsorum
2187 5005 2393 5063 partes,
2441 5009 2503 5047 ac
2538 5007 2765 5063 corpora
2817 4992 2967 5046 humi
3015 4993 3308 5056 versantia,

1741 5100 1973 5154 quorum
2003 5095 2126 5140 nota
2156 5094 2315 5139 erant
2349 5085 2439 5138 illa
2468 5101 2724 5154 corpora,
2781 5086 3091 5152 mundaret,
3138 5086 3309 5140 admi-

1744 5189 1894 5232 ratos
1925 5193 2062 5248 opus
2091 5193 2121 5234 e
2172 5178 2444 5233 lavatioue
2494 5179 2838 5248 provenicns,
2891 5180 3308 5249 haudquaquam

1744 5280 1972 5322 ausuros
2001 5265 2171 5322 fuisse
2209 5283 2322 5322 rem
2371 5268 2533 5324 talem
2582 5270 2743 5324 etiam
2799 5270 2945 5340 ipsos
2978 5271 3179 5336 facere,
3228 5279 3308 5324 te«

156 5355 196 5384 ⁹δ
223 5354 236 5406 l
262 5357 394 5415 Tim.
421 5378 492 5424 vt,
516 5365 569 5420 8.
645 5365 690 5397 ’⁵
722 5364 871 5418 Joan.
902 5365 1082 5430 v.25.
1159 5366 1204 5397 "
1232 5363 1373 5418 Psal.
1408 5379 1586 5423 χχχιιι,
1620 5364 1634 5415 Α

1821 5360 1968 5416 Prov.
2000 5377 2086 5426 ιιι,
2110 5361 2192 5416 16.
2271 5364 2318 5396 ’⁸
2342 5364 2359 5418 l
2380 5365 2504 5419 Cor.
2530 5380 2616 5429 xv,
2643 5365 2732 5420 41.
2795 5366 2838 5397 ’⁸
2864 5364 3048 5420 Matth.
3069 5381 3192 5430 xxv,
3212 5365 3303 5422 29.

103 5422 441 5505 Ἆρονηξιιι,
483 5422 570 5489 Η.
650 5432 840 5488 ’Joan.
876 5422 996 5500 xui,
1046 5437 1130 5490 10.
1206 5435 1226 5466 ³
1251 5433 1406 5489 Joan.
1441 5449 1540 5500 ιιι,
1577 5422 1629 5487 6.

1821 5447 1902 5485 an.
1953 5422 2156 5498 xm,2.
2233 5435 2446 5505 “Apoc.
2500 5422 2635 5501 xxii,
2670 5436 2755 5489 11.
2833 5422 3304 5503 ⁸]οειη.χιιι,’27.

100 5489 117 5518 τ
140 5492 254 5547 ibid.
282 5499 342 5552 12
364 5489 475 5556 seu.

141 5520 254 5547 IUIu-
282 5520 342 5552 ιι
364 5520 435 5555 set
460 5541 475 5556 .

133 5590 256 5666 ,(Π)
281 5597 383 5670 Καὶ
409 5520 492 5652 (ἐν
511 5602 622 5654 οὐκ
652 5600 819 5663 ἄνευ,
854 5601 990 5656 ἀλλ’
1013 5602 1092 5667 ὠς
1124 5599 1404 5670 περισσά.
1428 5599 1620 5655 Perio-

1727 5597 1942 5668 possint
1974 5597 2315 5668 viveretsed
2355 5606 2608 5668 tanquam
2657 5595 2966 5668 superflua;
3001 5616 3019 5647 3
3089 5598 3304 5654 videtur

102 5659 205 5740 Ilius
234 5659 294 5740 ex
325 5665 485 5738 Regio
518 5672 721 5734 codice,
774 5659 891 5725 (et
922 5659 1118 5740 quibus
1173 5659 1276 5728 ιῖοιι
1335 5675 1452 5725 sine
1504 5670 1623 5724 aliis

1821 5669 1926 5722 isse
1951 5667 2055 5740 καί
2079 5659 2152 5720 ὧν
2182 5666 2308 5720 ἄνευ
2335 5665 2433 5720 οὐκ
2460 5659 2524 5720 ἂν
2544 5659 2790 5721 δύναιντο
2829 5666 3038 5740 διαζῇν,
3081 5669 3194 5724 ἀλλ’
3226 5670 3304 5732 ὡς

101 5727 366 5790 abundent.
400 5727 430 5790 ἴ
450 5743 516 5797 At
562 5727 846 5798 Ferrarius
874 5782 888 5806 ,
940 5727 958 5794 ἱ
1004 5752 1058 5797 et
1105 5743 1223 5799 sine
1285 5741 1480 5813 quibus
1517 5756 1623 5797 non

1821 5737 1985 5798 ρισσά.
2017 5737 2276 5794 Πυετιυε.
