3712 6138
457 305 560 361 737
1899 319 2225 378 ORIGENIS
3560 332 3629 388 768

455 425 674 479 nuiores
703 440 762 482 se
787 439 909 482 esse
937 425 1341 499 existimantes,
1375 445 1537 502 quam
1569 433 1659 504 qui
1696 447 1914 505 possent
1943 439 1991 494 la

2122 443 2329 494 νίπτειν
2350 442 2475 506 τοὺς
2500 442 2660 506 πόδας
2683 441 2774 497 τοῦ
2800 443 2904 497 ἔσω
2931 444 3023 496 καὶ
3046 444 3103 496 ὲν
3132 443 3354 515 κρυπτῷ
3379 445 3627 518 ἀνθρώπου,

455 529 584 569 vare
609 518 773 586 pedes
801 516 1090 576 interiores
1121 528 1177 577 et
1203 522 1403 578 occulti
1431 524 1694 590 hominis,
1726 527 1808 580 vel
1827 541 1995 583 eorun

2121 533 2153 604 ἢ
2186 533 2292 586 τῶν
2322 535 2390 588 τὰ
2421 534 2560 588 αὐτὰ
2591 532 2983 606 ἀσπαζομένων
3007 536 3099 590 τοῦ
3129 536 3263 589 Θεοῦ
3289 516 3626 609 δόγματα(ἰ8),

451 607 546 676 qui
599 607 717 662 haec
760 610 1160 679 amplectuntur
1214 613 1310 669 Dei
1359 616 1646 686 dogmata,
1697 617 1862 689 420
1911 622 2016 675 nisi

459 695 620 753 Jesus
650 714 748 768 per
783 716 844 756 ea
873 717 994 772 quae
1023 706 1266 774 exposita
1295 717 1440 775 sunt,
1478 707 1546 763 ad
1579 709 1679 764 hoc
1702 711 2017 766 adhortatus

451 789 644 847 fuisset
695 809 807 862 eos,
866 796 1037 866 ﬁgura
1087 803 1355 856 ccenantis
1401 813 1754 874 reassumpta,
1803 807 2018 874 quando

451 884 713 940 docturus
740 897 858 942 erat
886 904 948 944 ea
986 906 1105 959 quae
1135 891 1391 947 dicuntur
1421 895 1487 948 ad
1519 909 1613 951 eos
1644 896 1732 966 qui
1757 896 1866 966 jam
1903 913 2014 953 cte-

451 984 667 1030 narant.
700 975 879 1046 Atque
909 995 1118 1034 summa
1169 983 1387 1052 quidem
1442 980 1781 1052 austeritate,
1811 989 2015 1043 oratio-

455 1081 630 1137 neque
657 1070 722 1122 ad
751 1070 1148 1127 admonendum
1174 1075 1411 1130 maxime
1440 1079 1850 1133 accommodata
1883 1078 2017 1152 (quo

454 1172 811 1228 agnoscerent
851 1165 993 1231 quod
1025 1174 1205 1220 actum
1230 1165 1424 1238 fuerat)
1459 1170 1658 1224 dictum
1694 1182 1814 1226 est:
1851 1190 1870 1224 ι
1899 1172 2018 1226 Sci-

451 1247 522 1304 tis
551 1249 680 1319 quid
720 1251 940 1308 fecerim
986 1256 1272 1311 vobis”:
1322 1259 1554 1314 Verbum
1612 1271 1791 1316 autem
1845 1265 2014 1331 scitis,

450 1353 548 1407 per
576 1341 1058 1414 interrogationem
1109 1347 1392 1415 legendum
1423 1360 1524 1412 est,
1569 1360 1627 1406 ut
1652 1354 1904 1408 ostendat
1938 1357 2016 1410 rei

449 1438 614 1498 gestae
642 1435 1104 1503 magnitudinem;
1131 1437 1215 1491 vel
1251 1438 1572 1508 imperantis
1605 1443 1783 1510 modo,
1819 1461 2017 1514 cogno-

449 1522 596 1584 scite,
648 1524 713 1577 ad
767 1526 1109 1582 excitandum
1161 1528 1376 1585 illorum
1423 1534 1860 1606 intelligentiam,
1911 1553 2014 1606 qua

449 1611 600 1667 illum
667 1630 1059 1685 cognoscerent
1115 1625 1508 1690 perpendentes
1598 1627 1727 1696 quid
1805 1639 2014 1698 gestum

450 1703 660 1760 fuisset.
715 1707 938 1763 Summa
975 1721 1158 1766 autem
1196 1714 1433 1783 Magistri
1487 1719 1817 1774 auctoritate
1865 1735 2007 1775 sum-

2119 625 2168 677 εἰ
2203 625 2277 695 μὴ
2303 625 2332 676 6
2363 625 2567 696 Ἰησοῦς
2590 626 2678 679 διὰ
2699 627 2806 682 τῶν
2838 627 3169 698 ἐκκειμένων
3193 629 3284 680 ἐπὶ
3311 628 3463 682 τοῦτο
3485 632 3629 698 αὐτόις

2121 716 2512 787 προετρέψατο,
2534 717 2594 770 τὸ
2617 719 2798 789 σχῆμα
2819 719 2911 772 τοῦ
2926 720 3285 784 δειπνοῦντος,
3308 721 3395 772 ὅτε
3419 721 3629 777 διδάσκειν

2119 807 2316 871 αὐτοὺς
2347 808 2546 879 ἤμελλε
2573 809 2963 882 δειπνήσαντας
2982 811 3048 864 τὰ
3067 812 3356 883 λεγόμενα,
3383 812 3627 868 ἀναλαϐὸν·

2117 896 2615 970 δυσωπητικὼτατα
2674 901 2772 971 μὲν
2818 902 2947 973 γὰρ,
2993 905 3082 956 καὶ
3113 906 3204 958 ἐπὶ
3236 905 3335 977 τὴν
3370 908 3549 975 γνῶσιν
3567 911 3631 961 τοῦ

2117 989 2399 1060 γινομένου
2421 978 2939 1064 προτρεπτικώτατα
2961 995 3206 1048 λέλεκται
3220 996 3309 1061 τό·
3341 1016 3360 1048 ι
3383 997 3632 1052 Γινώσκετε

2117 1081 2170 1134 τί
2203 1083 2475 1156 πεποίηκα
2519 1086 2646 1152 ὑμῖν
2668 1101 2682 1151 ;
2708 1104 2726 1137 ι
2761 1087 2896 1158 ὅπερ
2934 1088 3049 1156 ἦτοι
3094 1089 3510 1158 ὲρωτηματικῶς
3540 1092 3633 1145 ἁνα-

2119 1177 2407 1245 γνωστέον,
2455 1178 2520 1231 ἵν’
2551 1179 2853 1250 ὲμφήναιτο
2880 1179 2972 1232 τοῦ
3009 1182 3299 1250 γενομένου
3334 1183 3396 1234 τὸ
3426 1184 3633 1252 μέγεθος

2117 1267 2150 1338 ἦ
2181 1269 2610 1340 προστακτικῶς,
2639 1271 2726 1323 ἵνα
2763 1271 2940 1324 αὐτῶν
2972 1271 3208 1344 διεγείρῃ
3256 1274 3351 1327 τὸν
3379 1275 3494 1328 νοῦν
3515 1278 3577 1340 είς
3595 1279 3637 1330 τὺ

2117 1360 2205 1412 διὰ
2228 1359 2320 1414 τοῦ
2353 1362 2641 1432 ἐπιστῆσαι
2671 1362 2750 1434 τῷ
2779 1363 2923 1436 ἔργῳ
2951 1363 3131 1419 λαϐεῖν
3162 1367 3328 1420 αὑτοῦ
3350 1367 3445 1438 τὴν
3463 1369 3633 1436 γνῶσιν.

2116 1452 2624 1508 Διδασκαλικώτατα
2652 1455 2708 1508 δὲ
2739 1456 2874 1527 μετά
2903 1455 2994 1512 τοῦ
3027 1459 3406 1529 δυσωπητικοῦ
3441 1461 3634 1517 λέλεκται

2115 1542 2178 1594 τό
2196 1558 2210 1572 ο
2244 1563 2262 1594 ι
2296 1543 2485 1614 Ὑμεῖς
2506 1547 2730 1614 φωνεῖτέ
2760 1565 2847 1618 με,
2869 1551 2897 1601 6
2915 1550 3257 1615 Διδάσκαλος,
3277 1553 3374 1605 καὶ
3405 1556 3432 1607 6
3461 1555 3632 1626 Κύριπ,

2117 1632 2212 1686 καὶ
2243 1633 2421 1698 καλῶς
2451 1635 2657 1704 λέγετε,
2691 1639 2806 1708 εἰμὶ
2843 1639 2968 1709 γάρ·
2996 1643 3043 1693 εἰ
3075 1636 3168 1694 οὖν
3197 1641 3310 1710 ἐγὼ
3356 1639 3502 1708 ἔνιψα
3525 1644 3634 1709 ὑμῶν

2116 1725 2242 1788 τοὺς
2273 1726 2457 1789 πόδας,
2489 1729 2516 1780 6
2556 1727 2777 1799 Κύριος,
2825 1733 2919 1783 καὶ
2963 1734 2991 1785 6
3013 1731 3358 1797 Διδάσκαλος,
3398 1734 3486 1786 καὶ

449 1807 650 1864 maque
673 1797 841 1851 animi
883 1800 1185 1858 intentione
1220 1807 1578 1874 persuadendi
1621 1808 1761 1874 illos,
1815 1812 1995 1865 dictun

2117 1786 2355 1884 ὀφείλετε
2377 1786 2618 1889 ἀλλήλων
2638 1786 2843 1874 νίπτειν
2865 1823 2991 1885 τοὺς
3012 1824 3194 1888 πόδας.
3222 1842 3240 1876 ›
3273 1825 3334 1878 '0
3357 1825 3452 1894 μὲν
3474 1786 3632 1896 Ἰησοῦς

445 1895 531 1940 est
558 1907 570 1943 :
610 1909 630 1941 ι
662 1889 772 1945 Vos
803 1896 1014 1949 vocatis
1047 1911 1131 1951 me
1157 1895 1469 1968 Magistrum
1510 1917 1572 1956 ac
1623 1903 1929 1972 Dominum,
1963 1914 2018 1961 et

449 1977 586 2035 bene
608 1982 819 2044 dicitis;
861 1999 978 2038 sum
1023 1991 1220 2042 etenim
1263 2009 1277 2046 :
1323 1997 1368 2049 si
1402 2013 1530 2068 ergo
1581 2014 1679 2070 ego
1710 1999 1812 2052 lavi
1851 1999 2016 2068 pedes

447 2085 663 2130 vestros
695 2076 950 2146 Magister
1002 2089 1058 2134 et
1099 2081 1385 2154 Dominus,
1440 2102 1493 2147 et
1538 2109 1634 2148 vos
1671 2095 1880 2150 debetis
1922 2095 2014 2150 alii

450 2164 684 2220 aliorum
717 2169 901 2226 lavare
930 2175 1094 2242 pedes
1118 2178 1161 2230 ³.
1195 2195 1214 2228 ι
1248 2177 1406 2235 Lavit
1429 2185 1642 2252 quidem
1669 2184 1827 2241 Jesus
1852 2187 2016 2241 disci-

447 2257 694 2325 pulorum
735 2264 916 2330 pedes,
951 2275 1222 2333 quatenus
1247 2284 1434 2324 eorum
1469 2273 1725 2344 Magister
1766 2293 1780 2342 ;
1829 2278 2020 2346 pedes-

445 2363 553 2418 que
597 2364 909 2423 servorum,
943 2369 1213 2426 quatenus
1259 2361 1520 2420 Dominus
1567 2377 1704 2422 erat.
1759 2369 2016 2424 Doctrina

447 2440 590 2493 enim
621 2456 880 2513 purgatur
913 2449 1088 2516 pulvis
1129 2454 1222 2530 qui
1261 2468 1330 2508 ex
1383 2467 1527 2510 terra
1561 2458 1830 2530 rebusque
1864 2477 2016 2514 mun-

447 2530 603 2586 danis
628 2545 965 2605 contractus,
1018 2557 1122 2596 non
1171 2526 1238 2600 ad
1284 2545 1431 2601 aliud
1459 2526 1913 2621 pertingit'quam
1951 2554 2018 2608 ad

445 2631 722 2681 extremas
752 2628 1078 2701 iniimasque
1113 2647 1294 2703 partes
1320 2638 1705 2708 discipulorum
1732 2662 1746 2697 :
1775 2644 2019 2697 domina-

450 2712 596 2768 tione
627 2732 757 2772 vero
786 2721 1144 2793 principatum
1170 2736 1223 2781 et
1255 2737 1576 2797 potestatem
1609 2735 1882 2799 habentis,
1925 2737 2018 2791 ab-

440 2805 710 2872 jiciuntur
732 2826 792 2866 ea
824 2829 942 2882 quae
973 2819 1135 2886 pedes
1181 2821 1465 2891 inquinant
1495 2841 1684 2882 eorum
1717 2827 1809 2896 qui
1842 2828 2018 2884 adhuc

443 2897 532 2950 vel
565 2899 786 2969 vulgare
821 2919 885 2958 ac
911 2906 1290 2981 qualecunque
1335 2914 1808 2985 inquinamentum
1846 2921 2020 2974 susci-

450 2987 626 3054 piunt,
661 2993 788 3059 quia
823 2995 1120 3053 etiamnum
1155 3001 1396 3059 habeant
1426 3007 1678 3077 spiritum
1718 3012 2017 3069 servitutis.

442 3079 557 3135 Nec
591 3083 730 3140 ullus
777 3089 1034 3145 cordatus
1094 3094 1337 3151 dicturus
1383 3107 1469 3154 est
1505 3097 1711 3168 Jesum,
1753 3115 2017 3174 quatenus

441 3173 670 3239 ostium,
697 3178 781 3232 vel
811 3191 1080 3249 quatenus
1112 3197 1317 3255 pastor,
1352 3191 1434 3244 vel
1465 3201 1733 3260 quatenus
1775 3173 2017 3254 medicus

445 3267 554 3324 est,
591 3263 990 3332 discipulorum
1027 3284 1081 3327 et
1111 3290 1396 3333 servorum
1440 3280 1626 3337 lavare
1672 3284 1857 3353 pedes.
1903 3287 2016 3356 Ego

442 3363 574 3406 vero
599 3356 859 3424 arbitror,
897 3364 1152 3430 quoniam
1178 3367 1570 3434 discipulorum
1616 3373 1780 3442 pedes
1829 3393 2014 3434 neces-

443 3445 663 3501 sitatem
691 3451 963 3520 recipiunt
1001 3463 1060 3508 ut
1103 3471 1132 3511 a
1177 3457 1439 3527 Magistro
1471 3463 1738 3532 laventur,
1774 3470 2011 3524 nondum

445 3539 763 3609 percepisse
809 3543 953 3610 quod
1005 3544 1114 3600 illis
1155 3558 1301 3603 esset
1345 3552 1519 3616 satis;
1567 3553 1660 3608 sed
1711 3557 2010 3613 etiamnum

440 3631 632 3702 procul
660 3633 850 3688 abesse
882 3636 950 3689 ab
983 3636 1073 3691 illo
1107 3639 1252 3693 dicto
1281 3657 1294 3694 :
1333 3659 1353 3692 ι
1389 3643 1598 3699 Sullicit
1631 3647 1926 3716 discipulo,
1964 3652 2010 3706 si

443 3723 517 3777 sit
570 3725 766 3780 similis
807 3731 1124 3797 prmceptori
1173 3731 1343 3800 ipsius
1377 3733 1441 3786 “.
1481 3753 1501 3786 ι
1549 3735 1726 3807 Atque
1774 3740 1859 3795 hic
1889 3756 2012 3810 pro-

443 3812 589 3870 fecto
635 3816 757 3871 linis
788 3831 871 3873 est
900 3822 1148 3891 magistri
1179 3838 1306 3894 erga
1341 3825 1662 3896 discipulum
1714 3829 2010 3900 (quatenus

2115 1905 2263 1976 ἔνιψε
2291 1908 2416 1973 τοὺς
2451 1908 2618 1973 πόδας
2641 1910 2750 1964 τῶν
2779 1911 3052 1983 μαθητῶν,
3082 1909 3459 1986 ᾖΔιδάσκαλος
3484 1917 3633 1979 αὐτῶν,

2115 2001 2356 2065 καὶτοὺς
2381 2001 2543 2066 πόδας
2562 2001 2669 2055 τῶν
2701 2003 2916 2064 δούλων.
3015 2005 3216 2077 Κύριος
3243 2002 3333 2079 ἦν.
3365 2009 3634 2081 Διδαπαλίᾳ

2113 2093 2223 2164 γάρ
2243 2095 2272 2147 ὁ
2300 2093 2406 2146 ἀπὸ
2431 2094 2534 2163 γῆς
2557 2094 2650 2146 καὶ
2672 2095 2780 2148 τῶν
2809 2097 3088 2166 κοσμικῶν
3113 2100 3454 2170 πραγμάτων
3477 2118 3633 2171 κονιορ-

2113 2186 2223 2250 τὸς,
2260 2183 2476 2254 φθάνων
2512 2185 2611 2239 οὐκ
2639 2187 2731 2238 ἐπὶ
2757 2186 2883 2240 ἄλλο
2911 2205 2962 2240 τι
2991 2188 3023 2259 ἢ
3054 2190 3144 2242 ἐπὶ
3177 2189 3242 2243 τὰ
3272 2191 3541 2246 τελευταῖα
3570 2195 3633 2245 καὶ

2115 2273 2185 2330 τὰ
2210 2277 2359 2331 κάτω
2384 2277 2492 2331 τῶν
2528 2277 2802 2349 μαθητῶν,
2842 2279 3300 2351 ἀποκαθαίρεται·
3331 2283 3463 2337 ἀλλά
3497 2285 3631 2352 καὶτῇ

2115 2369 2396 2440 κυριότητι
2432 2371 2525 2424 τοῦ
2574 2372 2854 2442 ἄρχοντος,
2907 2372 3311 2438 ἐξουσιάζοντος
3348 2376 3470 2438 τῶν,
3506 2377 3576 2430 διὰ
3593 2379 3632 2429 τὸ

2114 2459 2193 2514 ἔτι
2224 2461 2368 2531 ἔχειν
2405 2463 2467 2515 τὸ
2502 2463 2600 2533 τῆς
2637 2463 2880 2527 δουλείας
2909 2465 3144 2534 πνεῦμα,
3195 2466 3301 2520 κᾶν
3324 2467 3416 2519 τὸν
3456 2469 3632 2538 τυχόντι

2118 2549 2388 2622 μολυσμὸν
2431 2550 2510 2604 ἔτι
2537 2551 2862 2622 δεχομένων,
2901 2552 2970 2604 τά
3008 2553 3300 2623 μολύνοντα
3349 2557 3470 2619 τοὺς
3513 2555 3632 2617 πόδας

2115 2643 2495 2697 ἀποϐάλλεται.
2522 2645 2630 2697 Καὶ
2651 2645 2749 2697 οὐκ
2771 2645 2834 2698 ἄν
2855 2661 2939 2708 τις
2974 2645 3248 2716 εὐφρονῶν
3275 2646 3445 2715 λέγοι,
3534 2647 3632 2715 θύρα

2115 2735 2251 2801 ἐστὶ,
2289 2734 2382 2788 τὸν
2429 2733 2715 2806 Ἰησοῦν,ἢ
2835 2737 3055 2807 ποιμὴν,
3095 2735 3128 2807 ἢ
3247 2739 3448 2808 ἰατρὸς,
3473 2739 3634 2790 νίπτειν

2113 2827 2239 2891 τοὺς
2266 2827 2432 2890 πόδας
2457 2827 2564 2880 τῶν
2594 2825 2850 2899 μαθητῶν
2887 2828 2983 2880 καὶ
3023 2827 3240 2881 δούλων.
3281 2827 3422 2898 Ἐγὼ
3447 2828 3487 2881 δ’
3508 2828 3631 2898 ἡγοῦ-

2119 2936 2238 2990 μαι,
2267 2919 2348 2972 ὅτι
2375 2919 2707 2988 ἐπιδέχονται
2731 2918 2841 2989 (19)
2880 2919 2940 2972 τὸ
2971 2918 3176 2973 δεῖσθαι
3218 2919 3320 2989 τῆς
3351 2919 3454 2973 ἀπὸ
3482 2919 3560 2972 τοῦ
3575 2916 3632 2969 Δι-

2115 3010 2380 3064 δασκάλου
2406 3010 2600 3080 νίψεως
2627 3012 2675 3062 oi
2706 3010 2864 3074 πόδες
2893 3011 3001 3065 τῶν
3035 3011 3309 3082 μαθητῶν,
3335 3012 3453 3065 ὅσον
3469 3011 3633 3063 οὐδέπω

2119 3105 2370 3176 εἰλήφασι
2413 3104 2474 3156 τὸ
2529 3103 2790 3175 ἀρκετὸν,
2840 3103 2952 3157 ἀλλ’
2998 3103 3078 3156 ἔτι
3131 3103 3407 3158 λείπουσιν
3453 3105 3524 3165 εἰς
3565 3104 3630 3154 τό·

2124 3218 2142 3250 ι
2173 3198 2424 3269 Ἀρκετὸν
2455 3196 2532 3267 τῷ
2568 3196 2801 3267 μαθητῇ,
2831 3197 2916 3249 ἵνα
2955 3196 3178 3267 γένηται
3205 3196 3279 3260 ὡς
3312 3198 3340 3249 6
3369 3195 3631 3255 διδάσκιλις

2117 3287 2301 3342 αὐτοῦ.
2329 3309 2347 3342 ι
2382 3290 2493 3343 Καὶ
2537 3289 2694 3342 τοῦτο
2725 3289 2874 3352 τέλος
2906 3290 3023 3341 ἐστὶ
3050 3289 3110 3341 τὸ
3139 3289 3273 3361 πρὸς
3312 3289 3402 3342 τὸν
3438 3286 3632 3359 μαθητὴν

2115 3380 2207 3433 τοῦ
2238 3380 2576 3443 διδασκάλου,
2677 3380 3013 3443 διδάσκαλος,
3047 3381 3268 3449 ποιῆσαι
3300 3380 3393 3432 τὸν
3437 3378 3633 3450 μαθητὴν

2113 3472 2190 3535 ὡς
2214 3471 2423 3535 ἑαυτὸν,
2456 3473 2542 3526 ἵνα
2565 3471 2758 3542 μηκέτι
2784 3472 2969 3542 δέηται
2996 3472 3088 3524 τοῦ
3108 3471 3446 3536 διδασκάλου,
3529 3469 3633 3522 Euid-

2115 3561 2328 3624 σκαλος,
2373 3563 2420 3614 εἰ
2456 3564 2549 3615 καὶ
2581 3561 2752 3626 ἄλλως
2780 3554 2892 3631 (‘20)
2939 3563 3101 3616 αὑτοῦ
3149 3563 3418 3633 δεήσεται.
3457 3562 3533 3624 Ὧς
3556 3560 3633 3628 γὰρ

2111 3651 2260 3714 τέλος
2287 3651 2379 3704 τοῦ
2408 3651 2613 3722 ἰατροῦ,
2640 3644 2700 3705 οὗ
2729 3650 2986 3722 χρῄζουσι
3019 3652 3115 3722 μὲν
3146 3653 3194 3704 οἱ
3211 3651 3414 3716 κακῶς
3445 3651 3632 3720 ἔχοντες,

2109 3742 2168 3794 οὐ
2204 3741 2392 3812 χρείαν
2424 3741 2482 3794 δὲ
2524 3740 2734 3810 ἔχουσιν
2775 3743 2824 3794 οἱ
2865 3743 3136 3812 ἰσχύοντες
3164 3742 3371 3812 ίατροῦ,
3393 3741 3451 3794 τὸ
3474 3739 3633 3794 παῦσαι

2107 3834 2235 3896 τοὺς
2261 3835 2443 3898 κακῶς
2474 3833 2694 3904 ἔχοντας
2716 3834 2824 3887 ἀπὸ
2845 3833 2938 3886 τοῦ
2965 3834 3150 3894 κακῶς
3177 3834 3344 3904 ἔχειν,
3370 3835 3455 3887 ἵνα
3479 3832 3632 3904 μηκέτι

446 3913 707 3978 magister
737 3914 854 3983 est)
878 3914 1061 3971 facere
1089 3917 1416 3988 discipulum
1453 3922 1536 3976 sui
1565 3922 1817 3990 similem,
1855 3940 1922 3981 ne
1952 3927 2006 3981 in

445 4009 722 4066 posterum
757 4013 913 4072 egeat
941 4008 1203 4076 magistro
1248 4025 1263 4075 ;
1313 4010 1407 4064 sed
1461 4019 1520 4066 ut
1562 4013 1726 4067 etiam
1781 4014 1896 4084 ipse
1940 4015 2011 4070 sit

444 4091 706 4159 magister
749 4107 854 4162 quo
902 4095 1040 4152 alius
1087 4108 1262 4169 egeat.
1315 4100 1385 4158 Ut
1427 4103 1572 4158 enim
1636 4105 1764 4162 ﬁnis
1813 4107 1995 4163 medici

2115 4111 2346 4180 μαθητῇ,
2374 4109 2460 4162 ἵνα
2488 4108 2713 4178 γένηται
2733 4107 2808 4170 ὡς
2841 4109 2869 4160 6
2907 4107 3224 4171 διδάσκαλος
3252 4103 3632 4178 αὐτοῦ.›11ερίδὲ

442 4177 588 4250 (quo
621 4193 782 4250 egent
802 4186 894 4252 qui
923 4186 1062 4243 male
1084 4187 1304 4257 habent,
1329 4208 1434 4248 non
1459 4196 1551 4264 qui
1579 4195 1741 4250 validi
1773 4210 1899 4252 sunt
1930 4198 1995 4268 ι’]

2115 4177 2199 4254 τοῦ
2232 4177 2480 4270 Σωτῆρος
2511 4177 2662 4263 ὄντος
2689 4199 2894 4269 Κυρίου
2915 4199 3139 4253 αὐτόθεν
3162 4200 3344 4254 πλεῖον
3373 4199 3512 4252 ἔστιν
3537 4177 3632 4248 ἰδεῖν

441 4280 530 4325 est
566 4285 760 4328 sanare
792 4275 932 4331 male
967 4277 1229 4336 habentes
1257 4283 1325 4337 ab
1349 4287 1670 4352 aegritudine
1701 4303 1820 4352 sua,
1850 4306 1916 4344 ne
1953 4290 1995 4344 in

2115 4293 2257 4364 παρὰ
2276 4292 2400 4356 τοὺς
2429 4291 2619 4355 ἄλλους
2641 4292 2880 4360 κυρίους,
2913 4291 2985 4362 μὴ
3017 4291 3374 4363 βουλομένους
3408 4293 3490 4346 ἴνα
3511 4289 3633 4358 γένη-

444 4373 721 4430 posterum
751 4381 912 4436 opera
949 4371 1066 4439 ejus
1096 4384 1288 4442 egeant
1320 4392 1335 4442 ;
1380 4378 1460 4432 sic
1487 4378 1610 4432 linis
1642 4381 1884 4450 magistri
1919 4391 1995 4438 est

2115 4403 2198 4439 ται
2223 4384 2299 4448 ὡς
2330 4387 2359 4437 6
2388 4383 2705 4446 διδάσκαλος
2732 4382 2844 4454 (21)
2873 4384 2900 4436 6
2931 4383 3193 4454 μαθητὴς,
3228 4385 3284 4454 ἢ,
3324 4385 3398 4448 ὼς
3432 4384 3460 4435 6
3485 4381 3632 4452 κύριος

443 4453 706 4524 discipulo
757 4459 1040 4529 acquirere
1093 4463 1222 4518 illud
1275 4467 1415 4535 quod
1463 4469 1713 4539 ἀρκετόν,
1742 4470 1886 4542 [hoc
1922 4484 1995 4529 est

2115 4476 2136 4528 ὁ
2172 4475 2354 4538 δοῦλος
2381 4475 2566 4530 αὐτοῦ.
2615 4453 2863 4538 Τοιοῦτος
2895 4474 2950 4527 δὲ
2979 4476 3008 4527 ό
3038 4453 3141 4545 τῆς
3169 4453 3438 4546 πατρικῆς
3475 4469 3632 4540 ἀγαθό-

443 4546 1007 4621 σαῄίσίεηε,]όίοἱιυι·,
1038 4561 1096 4608 ιιι
1146 4571 1268 4610 cum
1313 4559 1612 4629 discipulus
1661 4563 1712 4615 id
1759 4563 1995 4620 habuerit

2115 4583 2265 4638 τητος
2296 4566 2389 4619 καὶ
2419 4568 2518 4637 τῆς
2553 4568 2774 4640 ἀγάπης
2803 4565 2966 4622 αὐτοῦ
2998 4567 3141 4629 υἱός·
3178 4567 3379 4639 Κύριος
3424 4566 3523 4635 γὰρ
3557 4563 3629 4621 ὢν,

443 4639 588 4706 quod
623 4641 725 4695 sibi
753 4641 968 4712 suﬂicit,
1014 4647 1085 4701 sit
1131 4649 1326 4704 similis
1372 4655 1688 4722 praeceptori
1719 4656 1906 4724 ipsius.
1937 4658 1995 4712 AI

2115 4657 2448 4731 ἐνειργάζετο
2476 4661 2588 4723 τοῖς
2606 4639 2808 4722 δούλοις
2837 4658 2899 4711 τὸ
2923 4657 3174 4726 γενέσθαι
3197 4657 3271 4720 ὡς
3303 4660 3332 4710 ὁ
3353 4656 3541 4727 Κύριος
3561 4652 3631 4704 αὐτ

441 4744 576 4786 vero
603 4735 746 4802 quod
775 4741 840 4791 ad
872 4737 1218 4797 Servatorem
1246 4754 1488 4800 nostrum
1517 4747 1713 4802 attinet
1740 4749 1995 4806 exsistew

2115 4748 2234 4816 τῶν,
2264 4751 2353 4803 ὅτε
2381 4751 2562 4805 οὐκέτι
2585 4749 2764 4816 ἕξουσι
2787 4749 2848 4803 τὸ
2876 4748 3092 4819 πνεῦμα
3127 4747 3226 4818 τῆς
3247 4746 3480 4807 δουλείας
3504 4741 3629 4795 πάλιν

441 4831 550 4876 tem
576 4823 885 4894 Dominum,
918 4845 1144 4887 cernere
1191 4845 1277 4891 est
1322 4850 1446 4892 eum
1492 4853 1557 4893 ex
1594 4853 1652 4896 se
1692 4840 1850 4913 longe
1887 4843 1995 4913 plus

2115 4841 2185 4904 εἰς
2214 4840 2398 4910 φόϐον,
2437 4841 2575 4895 ἀλλά
2613 4841 2870 4912 λήψονται
2907 4839 2968 4892 τὸ
3011 4837 3229 4909 πνεῦμα
3255 4838 3351 4908 τῆς
3378 4833 3625 4893 υἱοθεσίας,

443 4918 711 4975 exsistere
767 4937 930 4991 quam
985 4925 1076 4981 alii
1125 4926 1354 4996 domini,
1405 4931 1654 4987 nolentes
1713 4935 1995 5004 discipulos

2115 4932 2161 4983 ἐν
2190 4924 2234 4998 ᾧ
2262 4931 2578 5003 κράζουσινο
2620 4951 2638 4982 ι
2671 4931 2855 4993 Ἀϐϐἄ,
2885 4933 2914 4984 6
2939 4930 3180 5000 Πατήρ.»
3204 4928 3337 4999 Πρὶν
3357 4923 3446 4981 οὗν
3465 4924 3624 4993 γένωνο

440 5024 564 5066 esse
592 5012 734 5070 sicut
770 5014 1057 5084 magistros
1102 5032 1228 5073 suos
1254 5058 1269 5083 ,
1301 5020 1386 5075 vel
1418 5035 1606 5077 servos
1652 5024 1794 5078 sicut
1825 5023 1995 5078 domi.

2115 5037 2192 5074 ται
2216 5021 2292 5086 ὡς
2317 5023 2344 5075 6
2359 5019 2704 5088 Διδάσκαλος,
2723 5023 2815 5075 καὶ
2837 5024 2864 5075 ὁ
2885 5021 3116 5092 Κύριος,
3135 5020 3337 5073 δέονται
3358 5019 3451 5088 τῆς
3469 5013 3623 5082 νίψεως

443 5117 564 5158 nos.
617 5103 764 5161 Talis
793 5106 958 5177 igitur
983 5118 1066 5164 est
1093 5109 1181 5166 ille
1203 5110 1362 5183 42],
1396 5112 1538 5168 ﬁlius
1571 5121 1808 5184 paterna:
1849 5115 1995 5170 boni-

2115 5111 2208 5165 τῶν
2250 5112 2443 5178 ποδῶν,
2486 5113 2562 5178 ὡς
2603 5114 2801 5178 ἐνδεεῖς
2830 5113 2937 5167 τῶν
2979 5113 3256 5184 μαθητῶν,
3288 5112 3378 5166 καὶ
3404 5110 3474 5172 ὡς
3496 5107 3560 5158 ἔτι
3580 5102 3622 5154 τδ

442 5197 572 5253 tatis
597 5205 652 5253 et
680 5198 963 5254 charitatis
983 5200 1121 5271 ejus.
1146 5202 1410 5261 Dominus
1434 5207 1580 5260 enim
1606 5220 1729 5261 cum
1751 5207 1841 5272 sit,
1871 5221 1995 5275 ope-

2115 5202 2318 5273 ιτνεῦμα
2344 5205 2444 5274 τῆς
2471 5205 2714 5270 δουλείας
2743 5206 2955 5276 ἔχοντες
2999 5207 3079 5269 εἰς
3111 5204 3303 5274 φόϐον·
3332 5202 3460 5256 ἐπὰν
3483 5197 3532 5250 δέ
3560 5209 3618 5252 τις

441 5295 594 5343 ratus
645 5295 729 5343 est
775 5296 836 5344 ut
889 5289 1000 5346 sint
1048 5292 1191 5346 servi
1233 5293 1374 5348 sicut
1423 5308 1616 5350 eorum
1678 5295 1938 5351 Dominus
1979 5311 1995 5360 ς

2115 5296 2279 5351 ιὺτῶν
2302 5296 2444 5351 κατά
2467 5297 2528 5351 τὸ
2550 5299 2776 5370 ἀρκετὸν
2799 5298 2878 5368 τῷ
2912 5297 3147 5369 μαθητῇ,
3181 5297 3269 5351 ἵνα
3292 5295 3496 5364 γένηται
3519 5281 3619 5350 ὠςδ

509 5427 712 5484 'Joan.
753 5430 1003 5497 xm,12.
1080 5432 1508 5503 ’ibid.l3,M.
1587 5411 2005 5506 “Matth.x,25
2079 5439 2546 5507 “Matth.lx,12.

2109 3923 2274 3978 αὐτοῦ
2306 3924 2607 3994 χρῄζωσιν·
2639 3922 2782 3976 οὕτω
2810 3923 2962 3987 τέλος
2981 3923 3299 3977 διδασκάλου
3329 3923 3633 3994 περιποιῆσαι

2106 4016 2184 4088 τῷ
2219 4016 2430 4088 μαθητῇ
2463 4015 2523 4068 τὸ
2547 4015 2834 4086 λεγόμενον
2861 4015 3087 4085 ἀρκετὸν
3107 4015 3302 4088 ἐντῷ·‹
3324 4013 3559 4087 Ἀρκετὸν
3578 4011 3633 4078 τῷ

510 5544 622 5622 (εξ)
655 5546 834 5622 ςοᾴει
851 5546 1081 5622 Βοείιιε,
1103 5551 1406 5622 δογμάτων.

647 5615 1075 5694 ς-θόειββέίυε,
1100 5615 1482 5694 ὲπὲὶδέχονται.

513 5685 625 5752 (20)
654 5686 800 5763 Mss_.,
829 5685 1003 5763 ἄλλος,
1042 5700 1096 5745 et
1128 5694 1206 5747 sic
1227 5685 1352 5763 ipse
1380 5685 1692 5763 Ferrarius,
1714 5696 1803 5763 qui
1837 5696 1995 5762 paulo

445 5765 604 5820 supra
659 5756 852 5825 legisse
908 5762 1138 5832 videtur,
1188 5756 1321 5818 ἀλλά
1347 5763 1439 5818 καὶ
1475 5760 1696 5840 αὐτδςῇ
1733 5756 2000 5823 ’διδάσκα-

2103 5561 2490 5700 “agedum;
2535 5627 2752 5700 Regius,
2811 5631 2841 5683 6
2878 5625 3192 5691 διδάσκαλος
3213 5666 3229 5693 ,
3278 5624 3351 5689 ὡς
3393 5625 3420 5678 ὁ
3453 5617 3609 5690 Κῦῖιίπΐ

2104 5700 2288 5755 αὑτοῦ.
2312 5700 2580 5763 Τοιοῦτος.
