3712 6138
92 235 218 298 Ἷῦξῗ

1044 323 1047 325 γ
1096 245 1452 304 COMMENT.
1498 245 1565 299 IN
1602 244 1795 301 JOAN.
1835 243 2073 299 TOMUS
2113 231 2328 298 XXX".

3262 242 3367 297 770

87 361 413 425 διδάσκαλος
443 361 628 425 αὑτοῦ,
671 363 765 418 καὶ
794 365 821 416 6
861 363 1046 428 δοῦλος
1090 364 1166 430 ὡς
1200 367 1229 419 6
1265 366 1452 439 κύριος
1491 368 1553 420 αὖ

1896 362 2001 415 ndo
2069 361 2276 417 scilicet
2330 375 2436 416 non
2498 360 2730 429 amplius
2775 359 3054 415 habebunt
3107 359 3361 431 spiritum

90 457 327 528 γένηται
363 455 439 520 ὡς
469 457 499 508 6
526 456 844 521 διδάσκαλος
877 457 1065 524 αὐτοῦ,
1097 459 1192 513 καὶ
1222 460 1249 512 6
1278 460 1464 531 κύριος
1491 461 1681 526 αὐτοῦ,

88 548 216 603 τότε
245 549 590 621 μιμήσασθαι
611 549 833 606 δύναται
854 551 944 606 τὸν
973 552 1204 622 νίψαντο.
1226 554 1352 618 τοὺς
1385 554 1550 619 πόδας
1575 554 1684 610 τῶν

97 641 382 714 μαθητῶν,
429 643 525 698 καὶ
570 643 724 714 νῖψαι
765 646 893 710 τοὺς
943 645 1106 710 πόδας
1152 647 1261 700 τῶν
1305 647 1566 719 μαθητῶν
1608 649 1685 712 ὡς

91 735 121 789 ό
154 735 498 803 διδάσκαλος,
523 737 582 791 ὃν
606 739 635 791 6
654 736 786 801 Θεὸς
814 737 1002 803 ἔταξεν
1028 740 1085 792 ἐν
1111 743 1177 812 τῇ
1218 740 1513 813 Ἐκκλησία
1542 740 1685 812 μετὰ

90 831 219 893 τοὺς
263 827 492 901 πρώτην
521 827 701 901 χώραν
730 831 788 883 ἐν
820 831 960 903 αὐτῇ
1006 831 1288 903 εἰληχότας
1328 833 1680 900 ἀποστόλους,

91 922 186 976 καὶ
221 920 477 993 δεύτερον
518 923 822 994 προφήτας.
870 921 934 976 Ei
966 922 1023 977 δὲ
1061 923 1154 989 τὸ,
1193 943 1210 975 ι
1231 924 1320 996 Τῷ
1347 923 1562 996 ἀδελφῷ
1589 942 1680 978 σου

91 1013 418 1082 δουλεύσεις,
447 1033 466 1066 ι
513 1013 739 1084 φθάνειν
787 1015 1012 1070 δύναται
1056 1017 1151 1071 ἐπὶ
1191 1019 1318 1082 τοὺς
1362 1019 1680 1072 ὑποδεεστέ-

95 1123 243 1177 ρους,
269 1107 367 1160 καὶ
409 1106 504 1171 τὸ,
562 1125 581 1158 ι
611 1107 650 1159 Γ
657 1107 765 1159 ίνου
796 1105 984 1178 κύριος
1016 1107 1111 1162 τοῦ
1144 1108 1375 1178 ἀδελφοῦ
1411 1125 1560 1176 σου,›
1590 1109 1682 1162 ἐπὶ

93 1201 215 1262 τοὺς
255 1198 334 1262 ὡς
361 1201 390 1252 6
430 1199 623 1253 Ἰακὼὸ
655 1200 994 1272 κρείττονας,
1020 1201 1196 1273 δῆλον,
1227 1202 1308 1255 ὅτι
1337 1201 1627 1274 γενόμενος
1652 1205 1682 1256 6

91 1291 276 1354 δοῦλος
301 1291 378 1356 ὡς
404 1295 434 1346 6
463 1292 673 1365 κύριος,
709 1292 887 1346 νίπτει
911 1294 1037 1357 τοὺς
1071 1294 1237 1359 πόδας
1271 1294 1378 1348 τῶν
1405 1295 1680 1349 δουλευόν-

93 1402 196 1438 των
240 1387 306 1456 τῇ
366 1386 495 1457 παρ’
540 1384 688 1456 αύτῷ
743 1385 1091 1458 διδασκαλίᾳ⁸
1135 1387 1258 1440 ἐπεὶ
1292 1386 1381 1450 τὸ,
1436 1406 1455 1439 ι
1492 1388 1680 1459 Ὑμεῖς

95 1479 322 1546 φωνεῖτέ
357 1495 446 1548 με,
477 1478 506 1530 6
545 1477 884 1545 διδάσκαλος,
919 1478 1013 1532 καὶ
1040 1481 1069 1532 6
1108 1479 1331 1550 Κύριος,
1364 1480 1459 1533 καὶ
1497 1479 1679 1544 καλῶς

94 1568 275 1637 λέγετε
295 1587 308 1600 ·
343 1571 459 1641 εἰμὶ
488 1569 618 1641 γάρ,
645 1589 664 1620 ι
699 1571 800 1624 οὐκ
829 1571 965 1636 ἀξιῶ
1001 1571 1166 1644 μηδὲν
1189 1571 1333 1643 ἔχειν
1357 1572 1673 1645 βαθύτερον,

1788 453 2070 509 servitutis
2099 451 2294 506 iterum
2328 454 2381 506 in
2417 451 2632 514 timore,
2667 451 2759 508 sed
2793 451 3065 520 accipient
3108 451 3362 522 spiritum

1785 545 2114 614 adoptionis,
2147 559 2245 613 per
2267 560 2426 614 quem
2455 543 2769 598 clamabunt
2801 561 2813 598 :
2839 562 2857 594 ι
2888 544 3039 598 Abba
3060 541 3220 598 Pater
3246 543 3310 593 ι’.
3341 562 3359 594 ι

1784 642 2065 702 Attamen,
2100 644 2390 706 antequam
2426 635 2556 690 liant
2605 637 2747 690 sicut
2790 636 3052 706 Magister
3081 647 3137 692 et
3182 637 3366 693 Domi-

1785 744 1911 791 nus,
1961 742 2095 797 Opus
2131 726 2356 795 habent,
2393 725 2622 796 perinde
2657 741 2719 781 ac
2758 727 3010 797 discipuli
3059 727 3252 800 indigi,
3305 738 3366 782 ut

1783 820 1865 874 sui
1898 819 2146 874 laventur
2185 818 2370 887 pedes,
2413 829 2469 874 et
2512 818 2665 888 quasi
2712 818 2890 872 adhuc
2923 820 3209 874 servitutis
3253 822 3365 890 spi-

1784 913 1953 968 ritum
1983 913 2034 966 in
2074 911 2326 967 timorem
2361 912 2643 966 habentes.
2691 912 2762 966 At
2806 927 2939 966 vero
2985 911 3148 967 simul
3196 925 3363 982 atque

1781 1003 1976 1074 aliquis
2008 1019 2076 1058 ex
2108 1004 2193 1058 his
2218 1003 2425 1058 habens
2451 1018 2571 1072 quae
2601 1002 2871 1072 discipulo
2901 1003 3178 1058 sufﬁciant
3203 1012 3264 1058 ut
3290 1003 3362 1059 sit

1781 1099 1926 1154 sicut
1969 1097 2233 1167 magister
2265 1095 2402 1166 ejus,
2452 1103 2507 1150 et
2556 1111 2747 1150 servus
2794 1097 2936 1150 sicut
2967 1097 3242 1160 dominus,
3295 1113 3360 1152 eo

1780 1190 2092 1261 pervenerit
2149 1199 2208 1244 ut
2251 1188 2324 1244 sit
2373 1189 2516 1244 sicut
2554 1189 2814 1259 magister
2839 1204 2969 1242 suus
3013 1198 3067 1242 et
3106 1189 3358 1244 dominus

1779 1296 1930 1346 suus,
1961 1289 2087 1336 tunc
2120 1278 2322 1335 imitari
2350 1277 2552 1350 poterit
2582 1294 2704 1332 eum
2736 1279 2826 1348 qui
2869 1278 2998 1332 lavit
3038 1279 3202 1348 pedes
3245 1278 3360 1334 dis-

1778 1374 2082 1444 cipulorum
2132 1390 2148 1439 ;
2207 1371 2710 1441 discipulorumque
2757 1375 2920 1442 pedes
2971 1373 3175 1437 lavare,
3216 1372 3358 1428 sicut

1780 1468 2039 1536 magister
2075 1480 2236 1536 quem
2282 1463 2424 1518 Deus
2472 1464 2527 1518 in
2561 1464 2801 1520 Ecclesia
2852 1466 3188 1520 ordinaverit
3235 1475 3358 1536 post

1777 1556 2049 1628 apostolos
2069 1597 2084 1621 ,
2115 1555 2209 1626 qui
2243 1555 2295 1608 in
2323 1569 2386 1608 ea
2417 1555 2652 1624 primum
2681 1557 2860 1610 sortiti
2904 1565 3032 1611 sunt
3059 1556 3259 1620 locum,
3292 1570 3355 1611 ac

95 1662 183 1715 καὶ
221 1663 374 1732 παρά
424 1661 484 1716 τὸ
526 1662 631 1714 ὑπὸ
671 1661 780 1716 τῶν
827 1662 1037 1717 πολλῶν
1071 1665 1392 1735 νενοημένον
1463 1664 1561 1739 (22]

1886 1659 1898 1704 ι
1937 1649 2252 1720 prophetas,
2287 1646 2381 1716 qui
2428 1649 2723 1703 secundum
2759 1649 2824 1702 ¹³.
2861 1648 2956 1704 Sin
2989 1664 3119 1704 vero
3147 1649 3352 1705 dictum

97 1752 226 1802 πᾶσι
254 1729 366 1822 γάρ
388 1753 501 1813 τοῖς
532 1751 772 1820 λέγουσι,
820 1773 838 1803 ι
863 1752 1057 1825 Κύριε,
1084 1729 1279 1825 Κύριε,
1304 1773 1323 1806 ›
1353 1729 1563 1826 λεχθήσί

1889 1783 1903 1811 ,
1961 1761 1981 1794 ι
2018 1743 2197 1798 Fratri
2236 1749 2328 1796 tuo
2353 1741 2558 1796 servies
2585 1740 2650 1805 ιδ,
2690 1759 2710 1793 ι
2749 1741 2941 1797 referri
2966 1750 3142 1812 potest
3171 1744 3235 1798 ad
3259 1756 3355 1798 eos

96 1843 196 1895 ὑπὸ
222 1843 316 1896 τοῦ
357 1843 532 1916 Ἰησοῦ
561 1845 656 1898 τόο
693 1863 714 1896 ι
754 1846 943 1918 Ὑμεῖς
983 1849 1211 1916 φωνεῖτέ
1249 1865 1335 1919 με,
1378 1849 1408 1901 6
1449 1848 1672 1921 Κύριος,

96 1938 184 1989 καὶ
207 1936 387 2002 καλῶς
416 1937 623 2007 λέγετε.
638 1959 656 1992 ι
679 1940 753 1994 Οὐ
777 1938 956 2004 καλῶς
979 1935 1071 1996 οῦν
1085 1941 1322 2011 λέγουσι,
1343 1941 1598 2013 «Κύριε,›
1624 1943 1675 1997 οῖ

97 2032 149 2082 ἐν
178 2032 241 2100 τῇ
282 2031 472 2102 ἡμέρᾳ
499 2032 684 2106 ἐκείνῃ
725 2035 1020 2104 φήσοντες·
1062 2054 1081 2086 ‹
1111 2035 1305 2108 Κύριε,
1353 2035 1548 2107 Κύριε,
1575 2036 1676 2090 οὐκ

96 2122 150 2174 ἐν
173 2121 248 2193 τῷ
276 2123 500 2193 ὀνόματί
534 2140 629 2176 σου
667 2125 967 2196 ἐφάγομεν,
1009 2128 1105 2180 καὶ
1135 2129 1192 2180 ἐν
1216 2127 1294 2198 τῷ
1325 2127 1549 2198 ὀνόματί
1579 2145 1672 2182 σου

96 2213 332 2283 ἐπίομεν,
371 2214 467 2267 καὶ
495 2215 552 2267 ἐν
573 2213 650 2285 τῷ
673 2215 898 2286 ὀνόματί
927 2233 1019 2270 σου
1041 2217 1292 2289 δαιμόνια
1319 2219 1670 2292 ἐξεϐάλομεν,

97 2305 187 2356 καὶ
228 2304 486 2375 δυνάμεις
531 2306 942 2378 πεποιήκαμεν;
969 2326 988 2358 ι
1031 2309 1197 2380 Φήσει
1238 2309 1369 2378 γοῦν
1413 2311 1596 2374 αὐτοῖς
1644 2313 1674 2364 ὁ

110 2396 335 2468 Ἰησοῦς·
390 2416 408 2448 ι
445 2399 806 2470 Ἀποχωρεῖτε
849 2402 944 2455 ἀπ’
977 2402 1147 2473 ἐμοῦ·
1197 2404 1452 2458 οὐδέποτε
1502 2403 1672 2474 ἔγνων

97 2485 252 2557 ὑμᾶς,
288 2488 371 2542 ὅτι
397 2491 623 2561 ἐργάται
646 2491 768 2544 ἐστέ
796 2491 1009 2557 ἀδικίας
1031 2509 1044 2524 ο
1067 2512 1086 2545 ι
1120 2494 1220 2547 οὐκ
1243 2494 1309 2548 ἂν
1331 2495 1388 2548 δέ
1423 2495 1671 2564 λέγουσιν

98 2579 273 2643 αὐτοῖς
305 2580 488 2645 καλῶς
531 2581 612 2646 τὸ,
659 2581 896 2653 «Κύριε,
939 2583 1175 2655 Κύριε,»
1221 2583 1342 2641 εἷπε
1375 2584 1467 2638 τό·
1511 2586 1673 2640 Ἀπο-

102 2674 325 2743 χωρεῖτε
358 2676 463 2730 ἀπ’
490 2676 659 2747 ἐμοῦ.
706 2678 866 2732 Ἀλλὰ
885 2679 1000 2742 καὶ,
1037 2698 1055 2730 ι
1077 2679 1138 2730 οὐ
1164 2679 1272 2741 πᾶς
1298 2680 1326 2730 6
1355 2679 1529 2748 λέγων
1557 2697 1667 2751 μοι,

103 2766 259 2837 Κύριε
283 2807 298 2828 ,
330 2767 526 2840 Κύριε,
570 2769 935 2824 εἰσελεύσεται
973 2772 1054 2834 εἰς
1107 2771 1205 2842 τὴν
1247 2768 1520 2839 βασιλείαν
1562 2772 1670 2825 τῶν

100 2859 388 2930 οὐρανῶν,ι
415 2863 766 2934 παρίστησιν,
797 2863 878 2916 ὃτι
899 2863 959 2916 οὐ
989 2865 1096 2928 πᾶς
1136 2864 1165 2915 6
1200 2862 1396 2931 λέγων,
1425 2881 1443 2914 ι
1474 2863 1668 2936 Κύριε,

103 2951 282 3022 Κύριε,
309 2972 326 3004 ι
374 2955 748 3028 μαρτυρηθείη
780 2955 848 3010 ἂν
873 2957 965 3008 ὑπ’
995 2955 1182 3018 αὐτοῦ,
1221 2955 1298 3019 ὡς
1331 2955 1427 3010 νῦν
1449 2958 1496 3010 oi
1527 2957 1666 3010 άπό-

108 3043 267 3097 στολοι
291 3045 428 3118 πρὸς
468 3046 560 3111 οὓς
597 3044 718 3100 εἷπε
738 3065 752 3079 ο
797 3068 815 3099 ι
847 3048 1045 3110 Καλῶς
1069 3048 1255 3116 λέγετε
1279 3067 1292 3078 ·
1322 3050 1439 3121 εἰμὶ
1471 3051 1609 3121 γάρ’
1643 3069 1662 3102 ι
1694 3069 1737 3128 c

108 3136 193 3187 καὶ
225 3135 330 3208 γὰρ
360 3138 579 3210 ἀληθῶς
607 3139 774 3193 κακία
803 3141 902 3211 μὲν
927 3140 1107 3194 αὐτῶν
1144 3145 1242 3197 οὐκ
1265 3142 1346 3196 ἔτι
1382 3143 1547 3214 κυρία
1578 3138 1669 3214 ἦν,

107 3227 132 3277 6
165 3224 310 3295 λόγος
336 3228 396 3282 δέ
416 3245 428 3258 ·
464 3231 558 3283 καὶ
589 3222 924 3295 ἁπαξαπλῶς
963 3231 1164 3304 Κύριος
1193 3235 1226 3304 ἡ
1259 3235 1406 3286 πᾶσα
1432 3233 1672 3304 ἔμψυχος

108 3320 192 3370 καὶ
226 3318 370 3384 ζῶσα
417 3321 608 3394 ἀρετή.
663 3323 824 3376 Ἀλλὰ
855 3324 948 3377 καὶ
986 3323 1144 3397 είπερ
1188 3344 1206 3375 ι
1237 3325 1410 3389 οὐδεὶς
1448 3325 1669 3380 δύναται

108 3412 285 3477 εἰπεῖν,
323 3413 528 3485 Κύριος
587 3414 812 3484 Ἰησοῦς,
845 3416 893 3469 εί
941 3415 1014 3488 μὴ
1042 3419 1098 3470 ἐν
1142 3416 1418 3487 Πνεύματι
1447 3417 1607 3489 ἁγίῳ,
1644 3437 1664 3470 ι

109 3506 193 3556 καὶ
226 3506 450 3578 νοοῦμεν
496 3508 555 3561 ἐν
597 3509 772 3580 τούτῳ
821 3509 872 3562 τί
923 3511 1039 3563 ἐστι
1067 3510 1129 3563 τὸ
1177 3511 1371 3576 εἰπεῖν,
1423 3512 1670 3581 (Κύριος

119 3598 338 3668 Ἰησοῦς,
369 3621 388 3653 ι
450 3601 479 3653 ό
526 3603 585 3656 ἐν
628 3601 904 3673 Πνεύματι
957 3603 1098 3673 ἁγίῳ
1154 3601 1362 3672 λέγων,
1428 3605 1670 3676 «Κύριος

119 3691 361 3762 Ἰησοῦς,ι
392 3693 575 3758 καλῶς
625 3695 797 3764 λέγει.
855 3696 922 3749 Ei.
961 3695 1018 3748 δὲ
1059 3696 1153 3752 καὶ
1196 3699 1226 3751 6
1277 3695 1457 3762 καλῶς
1495 3697 1670 3766 λέγων

110 3786 306 3852 πάντως
354 3789 414 3842 ἐν
457 3787 736 3860 Πνεύματι
773 3789 912 3860 ἁγίῳ
959 3788 1126 3858 λέγει,
1170 3788 1425 3860 ζητήσεις
1475 3788 1564 3842 διὰ
1608 3787 1670 3842 τὸ

109 3877 212 3943 νῦν,
274 3881 424 3934 cKc).
468 3881 650 3945 καλῶς
699 3883 906 3952 λέγετε,
934 3903 953 3934 ι
1014 3883 1496 3955 συνεξεταζόμενον
1553 3883 1664 3955 τῷ’

114 3988 130 4018 ι
155 3968 308 4025 Οὔπω
328 3973 441 4046 γὰρ
463 3969 529 4044 ἦν
545 3975 790 4046 Πνεῦμα,
812 3976 894 4028 ὅτι
935 3975 1142 4047 Ἰησοῦς
1172 3974 1322 4029 οῦπω
1350 3973 1629 4046 ἐδοξάσθη.
1645 3995 1664 4028 ι

113 4060 330 4132 Γνησίως
371 4061 466 4119 οὖν
511 4066 850 4133 δουλεύοντος
897 4067 974 4138 τῷ
1017 4068 1195 4140 Λόγῳ,
1241 4067 1400 4139 ἔργον
1443 4069 1560 4121 ἐστὶ
1608 4066 1670 4120 τὸ

113 4151 272 4214 καλὰ
313 4158 508 4222 εἰπεῖν,
547 4177 564 4208 ι
590 4157 796 4229 Κύριος
851 4158 1076 4229 Ἰησοῦς,
1103 4178 1119 4210 ι
1160 4159 1254 4213 καὶ
1282 4157 1376 4210 τοῦ
1409 4157 1670 4228 ἀνάλογον

114 4242 269 4316 τούτῳ
306 4248 546 4318 μαθητοῦ
576 4250 636 4302 τὸ
663 4249 843 4313 καλῶς
884 4251 1060 4303 εἰπεῖν
1101 4249 1178 4320 τῷ
1210 4249 1426 4320 Σωτῆρι
1456 4249 1548 4302 τό·
1594 4269 1612 4300 ι
1641 4251 1670 4304 ὀ

114 4333 434 4403 διδάσκαλος·
465 4361 483 4392 ι
536 4343 673 4412 πρὸς
716 4342 775 4394 ὃν
823 4342 1020 4411 λέγοιτ’
1057 4341 1123 4395 ἂν
1157 4341 1238 4405 τὸ,
1280 4361 1298 4393 ι
1322 4341 1452 4412 Εἰμὶ
1483 4338 1613 4414 γὰρ,
1643 4359 1661 4392 ι

1775 1838 1976 1908 quibus
2003 1833 2177 1904 magis
2218 1833 2370 1888 deest
2400 1851 2416 1900 ;
2455 1841 2509 1890 et
2534 1833 2686 1898 illud,
2744 1853 2763 1886 ι
2798 1833 2928 1889 Esto
2963 1833 3214 1889 dominus
3240 1834 3351 1888 fra-

1781 1929 1878 1983 tris
1915 1926 1992 1982 tui
2020 1927 2086 1989 ¹⁸,
2124 1944 2143 1977 ι
2179 1925 2244 1978 ad
2277 1939 2372 1979 eos
2396 1926 2487 1994 qui
2514 1923 2682 1980 Jacob
2721 1925 2900 1982 instar
2928 1937 3057 1983 sunt
3085 1935 3350 1996 praestan-

1777 2021 1966 2084 tiores,
1992 2016 2338 2088 perspicuum
2369 2025 2456 2071 est
2495 2032 2710 2072 servum
2737 2021 2828 2088 qui
2870 2018 3048 2074 factus
3079 2019 3243 2074 fuerit
3270 2018 3352 2077 si-

1775 2122 1869 2169 cut
1894 2111 2169 2175 dominus,
2198 2110 2384 2164 lavare
2413 2110 2576 2179 pedes
2600 2124 2787 2165 eorum
2823 2110 2916 2180 qui
2942 2111 3190 2167 serviunt
3215 2112 3350 2167 doc-

1778 2207 1936 2262 trinae
1962 2219 2126 2274 quam
2157 2216 2324 2272 penes
2349 2217 2410 2259 se
2447 2204 2610 2258 habet
2635 2218 2652 2267 ;
2678 2203 2935 2272 quoniam
2963 2216 3068 2256 non
3097 2202 3355 2257 existimo

1775 2297 1981 2352 dictum
2014 2297 2146 2362 hoc,
2195 2314 2216 2350 ι
2248 2295 2361 2351 Vos
2398 2293 2605 2349 vocatis
2631 2307 2716 2347 me
2741 2291 3058 2362 Magistrum
3081 2301 3136 2347 et
3173 2293 3356 2348 Domi-

1775 2406 1929 2454 num,
1959 2398 2015 2444 et
2045 2391 2188 2445 bene
2235 2388 2460 2453 dicitis;
2492 2401 2613 2442 sum
2660 2386 2884 2450 etenim,
2919 2404 2938 2438 ι
2975 2384 3108 2440 nihil
3132 2385 3355 2439 omnino

1774 2482 1977 2539 habere
2028 2481 2356 2550 profundum
2399 2494 2462 2534 ac
2502 2492 2665 2547 supra
2705 2477 3000 2531 multorum
3052 2475 3356 2545 intelligen-

1774 2577 1929 2642 tiam,
1963 2577 2406 2648 quandoquidem
2437 2592 2543 2632 non
2567 2574 2819 2631 omnibus
2846 2574 2937 2643 qui
2957 2574 3167 2638 dicunt,
3199 2589 3221 2625 ι
3250 2572 3353 2628 Do-

1775 2673 1941 2738 mine,
1978 2673 2231 2738 Domine,
2267 2692 2286 2726 ›
2315 2673 2521 2728 dictum
2548 2669 2713 2727 fuerit
2743 2685 2770 2724 a
2800 2667 2928 2724 Jesu
2956 2687 2970 2724 :
3007 2685 3027 2719 ι
3058 2667 3165 2724 Vos
3191 2681 3351 2722 voca-

1775 2764 1845 2819 tis
1884 2778 1972 2819 me
2011 2765 2302 2820 Dominum
2329 2778 2392 2818 ac
2429 2763 2774 2835 Magistrum,
2817 2771 2872 2817 et
2904 2761 3045 2817 bene
3090 2759 3292 2815 dicitis.
3325 2778 3347 2813 ι

1773 2854 1960 2926 Neque
2003 2856 2148 2912 enim
2179 2856 2317 2911 bene
2347 2857 2539 2912 dicunt
2587 2854 2686 2921 illi,
2741 2874 2759 2906 ι
2796 2853 3043 2918 Domine,
3076 2869 3094 2904 ι
3151 2852 3244 2922 qui
3294 2851 3348 2906 in

1773 2948 1862 3005 die
1889 2948 1976 3003 illa
2012 2948 2211 3004 dicturi
2247 2957 2414 3004 sunt:
2451 2965 2471 2999 ‹
2503 2946 2751 3014 Domine,
2785 2944 3032 3011 Domine,
3077 2957 3259 2998 nonne
3294 2942 3348 2998 in

1775 3042 1992 3098 nomine
2023 3052 2116 3098 tuo
2148 3043 2378 3107 edimus,
2414 3049 2471 3096 et
2520 3041 2574 3095 in
2604 3041 2824 3094 nomine
2876 3047 2968 3093 tuo
3012 3036 3269 3103 bibimus,
3295 3045 3352 3091 et

1773 3135 1828 3190 in
1861 3136 2082 3190 nomine
2114 3145 2208 3191 tuo
2239 3134 2505 3190 daemonia
2537 3132 2821 3204 ejecimus,
2853 3140 2910 3186 et
2936 3131 3172 3186 virtutes
3210 3128 3350 3184 mul-

1769 3236 1856 3284 tas
1882 3227 2113 3284 fecimus
2139 3229 2162 3282 ?
2195 3249 2212 3280 ο
2243 3228 2472 3299 proinde
2493 3227 2637 3282 dicet
2664 3226 2772 3280 illis
2798 3224 2957 3281 Jesus
2981 3240 2996 3278 :
3031 3241 3051 3276 ι
3078 3223 3349 3279 Discedite

1771 3333 1802 3373 ιι
1830 3333 1956 3386 me;
2006 3334 2285 3388 nunquam
2323 3332 2421 3373 vos
2457 3318 2608 3384 novi,
2641 3316 2768 3386 quia
2808 3315 3045 3385 operarii
3079 3315 3212 3370 estis
3240 3315 3349 3369 ini-

1770 3411 1996 3480 quitatis
2015 3411 2095 3477 ¹⁶;
2127 3428 2146 3462 ι
2177 3423 2296 3480 quae
2315 3409 2501 3473 verba,
2529 3422 2724 3478 nempe
2771 3406 3037 3461 Discedite
3056 3423 3088 3458 a
3117 3421 3219 3470 me,
3237 3419 3345 3460 non

1772 3503 1878 3559 illis
1894 3503 2119 3558 dixisset
2139 3501 2185 3557 si
2209 3501 2282 3556 illi
2309 3501 2447 3556 bene
2463 3501 2747 3565 dixissent,
2769 3517 2786 3550 ι
2802 3499 3048 3562 Domine,
3067 3497 3308 3553 Domine.
3321 3516 3340 3550 ›

1768 3595 1909 3662 Quin
1937 3595 2100 3650 etiam
2136 3594 2239 3650 hoc
2269 3593 2502 3658 dictum,
2561 3611 2580 3644 ι
2610 3591 2726 3646 Non
2753 3590 3004 3660 quisquis
3030 3589 3160 3643 mihi
3189 3589 3337 3645 dicit.

1769 3687 2017 3751 Domine,
2043 3684 2294 3753 Domine,
2335 3685 2561 3740 intrabit
2595 3685 2651 3738 in
2682 3698 2906 3754 regnum
2933 3681 3196 3737 ctelorum
3222 3682 3286 3745 ",
3317 3700 3338 3732 ο

1769 3778 1945 3850 palam
1975 3778 2133 3834 docet
2180 3793 2285 3833 non
2309 3793 2524 3833 omnem
2549 3778 2844 3840 dicentem,
2883 3793 2903 3826 ι
2943 3775 3190 3840 Domine,
3240 3775 3346 3828 Do-

1769 3871 1958 3939 mine,
2006 3890 2026 3924 ι
2077 3870 2452 3925 testimonium
2501 3869 2819 3925 habiturum
2883 3867 2952 3923 ab
3001 3867 3158 3936 ipso,
3208 3867 3348 3921 sicut

1771 3977 1917 4016 nunc
1950 3961 2204 4031 apostoli,
2236 3959 2435 4030 quibus
2467 3959 2606 4014 dixit
2638 3980 2650 4014 :
2701 3977 2722 4010 ι
2767 3957 2914 4012 Bene
2941 3961 2946 3965 ’
2972 3957 3172 4024 dicitis,
3223 3971 3342 4012 sum

1769 4054 1996 4108 etenim.
2031 4069 2051 4103 ι
2086 4049 2227 4105 Vere
2249 4050 2391 4105 enim
2423 4047 2617 4104 vitium
2650 4063 2757 4104 non
2788 4048 3018 4117 amplius
3044 4049 3126 4103 eis
3169 4048 3345 4103 domi-

1770 4143 2027 4208 nabatur,
2055 4143 2151 4198 sed
2176 4143 2370 4210 Λόγος,
2403 4141 2424 4214 [
2448 4142 2499 4197 id
2537 4151 2618 4196 est
2643 4142 2782 4196 ratio
2807 4159 2820 4206 ;
2846 4139 2945 4212 }et
2966 4149 3024 4195 ut
3047 4142 3348 4210 generatim

1772 4236 1972 4301 dicam,
2001 4235 2283 4299 Dominus,
2325 4236 2429 4290 hoc
2461 4242 2567 4296 est,
2605 4234 2859 4288 universa
2891 4232 3128 4287 animata
3169 4240 3226 4285 et
3263 4231 3343 4286 vi-

1770 4341 1905 4382 vens
1953 4327 2148 4382 virtus.
2181 4326 2323 4393 Quin
2354 4329 2521 4382 etiam
2557 4327 2602 4382 si
2643 4344 2663 4378 ι
2701 4326 2881 4381 nullus
2911 4333 3091 4394 potest
3137 4324 3343 4388 dicere,

118 4426 203 4478 οὐκ
231 4428 291 4482 ἂν
320 4431 712 4504 λεχθησόμενον
759 4433 863 4486 ὑπὸ
906 4431 1000 4486 τοῦ
1050 4433 1221 4502 Λόγου
1256 4433 1334 4505 τῷ
1363 4433 1584 4486 δουλεύοι

1880 4422 2032 4476 uinus
2059 4419 2240 4486 Jesus,
2273 4420 2376 4475 nisi
2403 4421 2456 4474 in
2487 4418 2692 4488 Spiritu
2725 4427 2916 4473 sancto
2954 4418 3023 4485 ¹⁸,
3061 4437 3079 4470 ι
3125 4429 3181 4474 et
3215 4435 3346 4474 con-

118 4519 176 4586 τῇ
223 4520 481 4593 ἁμαρτίᾳ,
523 4525 616 4576 καὶ
655 4523 733 4594 τῷ
793 4524 1215 4596 μαθητευομένῳ
1262 4526 1374 4588 τοῖς
1424 4523 1665 4594 ψεύδεσι.

121 4607 250 4678 Πλὴν
277 4615 368 4666 καὶ
408 4614 562 4683 ἅγιον
599 4614 728 4668 ὅντα
771 4614 1041 4686 ἐνδέχεται
1063 4615 1292 4669 ’δεῖσθαι
1325 4615 1426 4685 τῆς
1471 4614 1669 4684 νίψεως

119 4699 216 4752 τῶν
242 4705 408 4760 ποδῶν
422 4725 436 4737 ·
461 4708 581 4760 ἐπεὶ
597 4708 693 4761 καὶ
716 4710 750 4780 ἡ
772 4707 1177 4778 καταλεγομένη
1195 4710 1274 4771 εἰς
1289 4708 1669 4778 ἐκκλησιαστι-

122 4789 211 4861 1“il”
247 4796 400 4868 τιμὴν
440 4798 551 4868 (25)
599 4800 743 4871 χήρα
794 4799 1105 4867 ἐξετάζεται
1154 4799 1292 4871 μετὰ
1334 4797 1442 4852 τῶν
1491 4797 1667 4852 ἄλλων

123 4882 281 4938 καλῶν
308 4890 396 4941 καὶ
426 4891 483 4942 ἐν
514 4889 612 4961 τῷ,
648 4892 698 4944 εἰ
725 4891 895 4958 ἁγίων
929 4890 1094 4954 πόδας
1121 4889 1298 4960 ένιψεο
1331 4888 1538 4958 γελοῖον
1557 4888 1667 4960 γὰρ

124 4966 259 5042 οἶμαι
285 4981 563 5051 τυγχάνειν
591 4982 652 5035 τὸ
693 4983 883 5054 στῆναι
915 4983 1008 5036 ἐπὶ
1052 4982 1143 5036 τοῦ
1171 4981 1356 5054 ῥητοῦ,
1391 4983 1504 5046 καὶ,
1534 4982 1668 5053 φέρε

127 5069 297 5135 εἰπεῖν,
345 5077 439 5145 τὴν
472 5077 696 5148 ἔχουσαν
731 5080 910 5134 πάντα
948 5080 1017 5134 τὰ
1061 5080 1531 5154 χαρακτηρίζοντα
1567 5078 1667 5150 τὴν

126 5159 270 5226 ἁγίαν
295 5169 481 5239 χήραν,
514 5173 606 5224 καὶ
642 5171 816 5244 τούτῳ
861 5172 1008 5245 μόνῳ
1046 5172 1358 5236 λείπουσαν,
1394 5173 1468 5243 μὴ
1500 5188 1668 5227 κατα-

126 5251 356 5322 τετάχθαι
399 5261 478 5322 et;
523 5262 979 5334 ἐκκλησιαστικὴν
1023 5263 1207 5334 τιμὴν,
1261 5261 1521 5325 πολλάκις
1577 5260 1667 5314 διὰ

1770 4515 2072 4570 sideremus
2097 4513 2226 4578 quid
2255 4513 2328 4567 sit
2368 4511 2550 4567 dicere
2587 4509 2639 4564 in
2675 4510 2778 4564 hoc
2827 4509 2970 4575 loco,
3023 4529 3041 4562 ι
3085 4510 3346 4568 Dominus

1769 4609 1973 4674 Jesus;
2007 4625 2025 4660 ›
2060 4605 2223 4678 422
2275 4605 2365 4675 qui
2423 4606 2576 4674 dicit,
2623 4625 2642 4658 ε
2695 4607 2956 4663 Dominus
3002 4608 3182 4674 Jesus,
3217 4627 3236 4661 ι
3288 4607 3342 4661 in

1771 4701 1980 4774 Spiritu
2011 4707 2222 4766 sancto,
2258 4697 2402 4754 bene
2437 4697 2591 4753 dicit.
2624 4698 2707 4754 An
2742 4714 2876 4755 vero
2906 4701 2996 4770 qui
3028 4703 3165 4757 bene
3187 4701 3342 4766 dicit,

1771 4795 1816 4852 is
1842 4795 2065 4851 omnino
2089 4792 2235 4847 dicat
2262 4789 2426 4844 etiam
2458 4791 2511 4844 in
2541 4789 2748 4860 Spiritu
2779 4801 2994 4859 sancto,
3025 4799 3080 4848 tu
3109 4808 3341 4862 quaeres,

1771 4895 1996 4960 propter
2025 4885 2182 4952 illud,
2236 4906 2256 4940 ι
2287 4886 2354 4942 Et
2386 4886 2524 4942 bene
2551 4883 2758 4949 dicitis,
2793 4902 2814 4936 ι
2858 4884 3001 4954 quod
3036 4899 3180 4939 nunc
3216 4899 3346 4938 exa-

1772 4982 2016 5036 minatur
2045 4994 2170 5035 cum
2199 4978 2294 5035 illo
2317 4978 2506 5032 dicto:
2549 4994 2568 5028 ι
2602 4974 2851 5030 Nondum
2891 4975 3035 5030 enim
3079 4986 3200 5030 erat
3227 4975 3345 5044 Spi-

1771 5072 1912 5128 ritus
1929 5072 2108 5137 datus,
2131 5071 2257 5141 quia
2281 5069 2519 5126 nondum
2539 5079 2685 5123 esset
2705 5067 2860 5124 Jesus
2878 5067 3286 5140 glorificatus“.
3315 5085 3335 5118 ι

1771 5166 1919 5222 Illius
1959 5165 2148 5234 itaque
2173 5163 2265 5233 qui
2301 5164 2515 5218 sincere
2567 5172 2624 5218 et
2664 5176 2734 5217 ex
2783 5161 2966 5216 animo
2995 5158 3161 5215 servit
3201 5157 3340 5214 Filio

1775 5259 1894 5322 Dei,
1935 5255 2176 5312 ofﬁcium
2205 5265 2287 5310 est
2313 5255 2450 5310 bene
2490 5254 2695 5318 dicere,
2731 5270 2753 5305 ι
2803 5251 3060 5306 Dominus
3096 5247 3276 5315 Jcsus,
3315 5268 3334 5300 ι

161 5415 528 5496 _“_1}o_m.vm,
555 5423 666 5496 15.4
689 5495 697 5496 ί
719 5424 764 5456 ¹³
790 5424 959 5496 lgor.
983 5439 1083 5490 xtl,
1111 5425 1202 5496 28,
1279 5424 1324 5457 ³⁸
1354 5423 1492 5496 Gen.
1519 5420 1803 5496 xxvuLéO.
1881 5419 2074 5479 “ibi’d.
2096 5421 2187 5477 29.
2261 5421 2306 5453 “
2331 5420 2524 5476 Matth.
2549 5419 2752 5487 “1,22,
2776 5418 2880 5484 2'6;
2909 5416 3042 5472 Luc.
3085 5431 3207 5479 xm,
3246 5414 3339 5482 26,

128 5480 208 5537 27.
249 5489 286 5519 "
315 5480 618 5560 Mattbfvu,
642 5493 734 5549 21.
811 5494 853 5526 ¹⁸
875 5495 1032 5550 lCor.
1061 5480 1159 5558 xu,
1183 5494 1238 5550 5.
1314 5496 1357 5527 ¹⁹
1383 5493 1536 5550 Joau.
1560 5509 1656 5557 vn,
1677 5480 1770 5547 39.

317 5584 500 5660 Qodex
520 5588 866 5654 Bodleianus,
899 5590 1303 5660 νενομισμένον.

196 5650 295 5738 ρό)
327 5657 431 5738 Καὶ
472 5650 1106 5738 ήαρριξταλενομένηωὲις
1126 5650 1665 5738 ’ἐκκλησιαστιικὴν

135 5727 310 5794 "NI".
359 5737 462 5786 etc.
513 5727 695 5785 Vidua:
752 5727 927 5786 autem
970 5729 1076 5784 illa:
1110 5733 1176 5785 ad
1229 5730 1663 5786 ecclesiasticum

1773 5585 2037 5640 honorem
2074 5584 2285 5649 ascitaa,
2325 5598 2403 5639 eae
2446 5592 2606 5638 erant
2626 5597 2744 5650 qua:
2793 5579 3114 5650 diaconissa:
3179 5579 3339 5636 dictae

1772 5664 1936 5719 sunt;
1995 5654 2292 5723 cujusmodi
2344 5665 2466 5723 erat
2525 5649 2733 5709 Phaébe
2787 5653 2876 5708 illa
2936 5649 3334 5709 Cenchrecnsis

1773 5725 2026 5782 Ecclesia:
2049 5722 2370 5782 diaconissa’.
2403 5722 2659 5781 Πυετιυε.
