  <div class='ocr_page' id='page_1' title='image "/cluster/home/n/w/nwhite01/storage/ocr_20150623/14/mdp.39015052831362/433.png"; bbox 0 0 3712 6138; ppageno 0'>
   <div class='ocr_carea' id='block_1_1' title="bbox 431 284 535 343">
    <p class='ocr_par' dir='ltr' id='par_1_1' title="bbox 431 284 535 343">
     <span class='ocr_line' id='line_1_1' title="bbox 431 284 535 343; baseline -0.048 0"><span class='ocrx_word' id='word_1_1' title='bbox 431 284 535 343; x_wconf 77' lang='grc'>’171</span> 
     </span>
    </p>
   </div>
   <div class='ocr_carea' id='block_1_2' title="bbox 1879 269 3608 333">
    <p class='ocr_par' dir='ltr' id='par_1_2' title="bbox 1879 269 3608 333">
     <span class='ocr_line' id='line_1_2' title="bbox 1879 269 3608 333; baseline 0.003 -5"><span class='ocrx_word' id='word_1_2' title='bbox 1879 269 2198 328; x_wconf 79' lang='lat' dir='ltr'><strong>ORIGENIS</strong></span> <span class='ocrx_word' id='word_1_3' title='bbox 3341 313 3344 316; x_wconf 97' lang='lat'><strong><em>-</em></strong></span> <span class='ocrx_word' id='word_1_4' title='bbox 3540 278 3608 333; x_wconf 80' lang='grc' dir='ltr'><strong>πι</strong></span> 
     </span>
    </p>
   </div>
   <div class='ocr_carea' id='block_1_3' title="bbox 428 387 1985 466">
    <p class='ocr_par' dir='ltr' id='par_1_3' title="bbox 428 393 1985 466">
     <span class='ocr_line' id='line_1_3' title="bbox 428 393 1985 466; baseline -0.006 -10"><span class='ocrx_word' id='word_1_5' title='bbox 428 413 554 456; x_wconf 83' lang='lat' dir='ltr'><strong>cum</strong></span> <span class='ocrx_word' id='word_1_6' title='bbox 583 398 650 453; x_wconf 86' lang='lat' dir='ltr'><strong>ad</strong></span> <span class='ocrx_word' id='word_1_7' title='bbox 686 396 1009 466; x_wconf 90' lang='lat' dir='ltr'><strong>discipulum</strong></span> <span class='ocrx_word' id='word_1_8' title='bbox 1039 409 1196 465; x_wconf 62' lang='lat' dir='ltr'><strong>aque</strong></span> <span class='ocrx_word' id='word_1_9' title='bbox 1228 395 1496 465; x_wconf 94' lang='lat' dir='ltr'><strong>pertineat</strong></span> <span class='ocrx_word' id='word_1_10' title='bbox 1525 393 1682 463; x_wconf 86' lang='lat' dir='ltr'><strong>hujus</strong></span> <span class='ocrx_word' id='word_1_11' title='bbox 1713 394 1888 449; x_wconf 90' lang='lat' dir='ltr'><strong>instar</strong></span> <span class='ocrx_word' id='word_1_12' title='bbox 1915 393 1985 448; x_wconf 92' lang='lat' dir='ltr'><strong>di-</strong></span> 
     </span>
    </p>
   </div>
   <div class='ocr_carea' id='block_1_4' title="bbox 2105 387 3610 466">
    <p class='ocr_par' dir='ltr' id='par_1_4' title="bbox 2105 387 3610 463">
     <span class='ocr_line' id='line_1_4' title="bbox 2105 387 3610 463; baseline 0.003 -21"><span class='ocrx_word' id='word_1_13' title='bbox 2105 387 2404 442; x_wconf 81' lang='grc' dir='ltr'><strong>παιδισκῶν</strong></span> <span class='ocrx_word' id='word_1_14' title='bbox 2464 389 2559 443; x_wconf 82' lang='grc' dir='ltr'>καὶ</span> <span class='ocrx_word' id='word_1_15' title='bbox 2605 389 2830 442; x_wconf 82' lang='grc' dir='ltr'>οἰκετῶν</span> <span class='ocrx_word' id='word_1_16' title='bbox 2880 388 3411 461; x_wconf 76' lang='grc' dir='ltr'>φιλοφρονησαμένην</span> <span class='ocrx_word' id='word_1_17' title='bbox 3433 433 3446 452; x_wconf 87' lang='grc'><strong>.</strong></span> <span class='ocrx_word' id='word_1_18' title='bbox 3502 392 3610 463; x_wconf 53' lang='lat' dir='ltr'><strong>ivi}.</strong></span> 
     </span>
    </p>
   </div>
   <div class='ocr_carea' id='block_1_5' title="bbox 430 485 2001 556">
    <p class='ocr_par' dir='ltr' id='par_1_5' title="bbox 430 485 2001 556">
     <span class='ocr_line' id='line_1_5' title="bbox 430 485 2001 556; baseline -0.004 -12"><span class='ocrx_word' id='word_1_19' title='bbox 430 503 578 553; x_wconf 90' lang='lat' dir='ltr'><strong>cere,</strong></span> <span class='ocrx_word' id='word_1_20' title='bbox 639 506 660 539; x_wconf 83' lang='grc'><em>‹</em></span> <span class='ocrx_word' id='word_1_21' title='bbox 714 486 969 556; x_wconf 76' lang='lat' dir='ltr'><strong>Magister</strong></span> <span class='ocrx_word' id='word_1_22' title='bbox 1015 503 1029 551; x_wconf 91' lang='lat'><strong>;</strong></span> <span class='ocrx_word' id='word_1_23' title='bbox 1087 505 1105 538; x_wconf 77' lang='grc' dir='ltr'><strong>ι</strong></span> <span class='ocrx_word' id='word_1_24' title='bbox 1161 487 1225 539; x_wconf 87' lang='lat' dir='ltr'><strong>ad</strong></span> <span class='ocrx_word' id='word_1_25' title='bbox 1276 500 1434 555; x_wconf 83' lang='lat' dir='ltr'><strong>quem</strong></span> <span class='ocrx_word' id='word_1_26' title='bbox 1494 487 1608 555; x_wconf 91' lang='lat' dir='ltr'><strong>ipse</strong></span> <span class='ocrx_word' id='word_1_27' title='bbox 1658 485 2001 555; x_wconf 84' lang='lat' dir='ltr'><strong>respondeat,</strong></span> 
     </span>
    </p>
   </div>
   <div class='ocr_carea' id='block_1_6' title="bbox 435 577 2003 646">
    <p class='ocr_par' dir='ltr' id='par_1_6' title="bbox 435 577 2003 646">
     <span class='ocr_line' id='line_1_6' title="bbox 435 577 2003 646; baseline -0.002 -13"><span class='ocrx_word' id='word_1_28' title='bbox 435 599 456 633; x_wconf 76' lang='grc' dir='ltr'><strong>ι</strong></span> <span class='ocrx_word' id='word_1_29' title='bbox 487 579 616 633; x_wconf 86' lang='lat' dir='ltr'><strong>Sum</strong></span> <span class='ocrx_word' id='word_1_30' title='bbox 668 579 892 641; x_wconf 89' lang='lat' dir='ltr'><strong>etenim,</strong></span> <span class='ocrx_word' id='word_1_31' title='bbox 944 596 964 630; x_wconf 73' lang='grc' dir='ltr'><strong>ι</strong></span> <span class='ocrx_word' id='word_1_32' title='bbox 1019 577 1074 631; x_wconf 89' lang='lat' dir='ltr'><strong>id</strong></span> <span class='ocrx_word' id='word_1_33' title='bbox 1121 578 1264 646; x_wconf 89' lang='lat' dir='ltr'><strong>quod</strong></span> <span class='ocrx_word' id='word_1_34' title='bbox 1313 577 1554 646; x_wconf 88' lang='lat' dir='ltr'><strong>alioquin</strong></span> <span class='ocrx_word' id='word_1_35' title='bbox 1596 577 1841 631; x_wconf 90' lang='lat' dir='ltr'><strong>dicturus</strong></span> <span class='ocrx_word' id='word_1_36' title='bbox 1896 590 2003 630; x_wconf 91' lang='lat' dir='ltr'><strong>non</strong></span> 
     </span>
    </p>
   </div>
   <div class='ocr_carea' id='block_1_7' title="bbox 431 669 2000 739">
    <p class='ocr_par' dir='ltr' id='par_1_7' title="bbox 431 669 2000 739">
     <span class='ocr_line' id='line_1_7' title="bbox 431 669 2000 739; baseline -0.003 -13"><span class='ocrx_word' id='word_1_37' title='bbox 431 670 608 726; x_wconf 80' lang='lat' dir='ltr'><strong>fuerat</strong></span> <span class='ocrx_word' id='word_1_38' title='bbox 631 669 792 725; x_wconf 83' lang='lat' dir='ltr'><strong>Jes’us</strong></span> <span class='ocrx_word' id='word_1_39' title='bbox 821 671 1078 725; x_wconf 83' lang='lat' dir='ltr'><strong>servienti</strong></span> <span class='ocrx_word' id='word_1_40' title='bbox 1123 681 1367 738; x_wconf 90' lang='lat' dir='ltr'><strong>peccato,</strong></span> <span class='ocrx_word' id='word_1_41' title='bbox 1395 681 1450 726; x_wconf 90' lang='lat' dir='ltr'><strong>et</strong></span> <span class='ocrx_word' id='word_1_42' title='bbox 1479 669 1747 739; x_wconf 83' lang='lat' dir='ltr'><strong>discipulo</strong></span> <span class='ocrx_word' id='word_1_43' title='bbox 1779 669 2000 724; x_wconf 87' lang='lat' dir='ltr'><strong>menda-</strong></span> 
     </span>
    </p>
   </div>
   <div class='ocr_carea' id='block_1_8' title="bbox 429 761 2006 832">
    <p class='ocr_par' dir='ltr' id='par_1_8' title="bbox 429 761 2006 832">
     <span class='ocr_line' id='line_1_8' title="bbox 429 761 2006 832; baseline -0.003 -14"><span class='ocrx_word' id='word_1_44' title='bbox 429 763 667 818; x_wconf 88' lang='lat' dir='ltr'><strong>ciorum.</strong></span> <span class='ocrx_word' id='word_1_45' title='bbox 703 761 986 832; x_wconf 87' lang='lat' dir='ltr'><strong>Contingit</strong></span> <span class='ocrx_word' id='word_1_46' title='bbox 1034 771 1270 816; x_wconf 87' lang='lat' dir='ltr'><strong>attamen</strong></span> <span class='ocrx_word' id='word_1_47' title='bbox 1321 772 1564 817; x_wconf 87' lang='lat' dir='ltr'><strong>sanctum</strong></span> <span class='ocrx_word' id='word_1_48' title='bbox 1611 774 1826 830; x_wconf 88' lang='lat' dir='ltr'><strong>quoque</strong></span> <span class='ocrx_word' id='word_1_49' title='bbox 1869 775 2006 829; x_wconf 91' lang='lat' dir='ltr'><strong>opus</strong></span> 
     </span>
    </p>
   </div>
   <div class='ocr_carea' id='block_1_9' title="bbox 432 851 2004 923">
    <p class='ocr_par' dir='ltr' id='par_1_9' title="bbox 432 851 2004 923">
     <span class='ocr_line' id='line_1_9' title="bbox 432 851 2004 923; baseline -0.003 -14"><span class='ocrx_word' id='word_1_50' title='bbox 432 854 662 918; x_wconf 80' lang='lat' dir='ltr'><strong>habere,</strong></span> <span class='ocrx_word' id='word_1_51' title='bbox 692 862 750 906; x_wconf 84' lang='lat' dir='ltr'><strong>ut</strong></span> <span class='ocrx_word' id='word_1_52' title='bbox 779 852 880 907; x_wconf 87' lang='lat' dir='ltr'><strong>sibi</strong></span> <span class='ocrx_word' id='word_1_53' title='bbox 921 853 1170 906; x_wconf 91' lang='lat' dir='ltr'><strong>laventur</strong></span> <span class='ocrx_word' id='word_1_54' title='bbox 1191 854 1356 923; x_wconf 89' lang='lat' dir='ltr'><strong>pedes</strong></span> <span class='ocrx_word' id='word_1_55' title='bbox 1384 871 1398 907; x_wconf 92' lang='lat'>:</span> <span class='ocrx_word' id='word_1_56' title='bbox 1428 851 1680 922; x_wconf 87' lang='lat' dir='ltr'><strong>quoniam</strong></span> <span class='ocrx_word' id='word_1_57' title='bbox 1711 851 2004 920; x_wconf 83' lang='lat' dir='ltr'><strong>requiritur</strong></span> 
     </span>
    </p>
   </div>
   <div class='ocr_carea' id='block_1_10' title="bbox 429 943 2004 1014">
    <p class='ocr_par' dir='ltr' id='par_1_10' title="bbox 429 943 2004 1014">
     <span class='ocr_line' id='line_1_10' title="bbox 429 943 2004 1014; baseline -0.006 -11"><span class='ocrx_word' id='word_1_58' title='bbox 429 949 604 1003; x_wconf 76' lang='lat' dir='ltr'><strong>etiam</strong></span> <span class='ocrx_word' id='word_1_59' title='bbox 637 962 668 1000; x_wconf 92' lang='lat' dir='ltr'><strong>a</strong></span> <span class='ocrx_word' id='word_1_60' title='bbox 702 946 864 1001; x_wconf 84' lang='lat' dir='ltr'><strong>vidua</strong></span> <span class='ocrx_word' id='word_1_61' title='bbox 907 946 977 1010; x_wconf 78' lang='lat'><strong>’°,</strong></span> <span class='ocrx_word' id='word_1_62' title='bbox 1011 959 1131 1014; x_wconf 65' lang='lat' dir='ltr'><strong>quae</strong></span> <span class='ocrx_word' id='word_1_63' title='bbox 1185 953 1606 998; x_wconf 86' lang='lat' dir='ltr'><strong>connumeratur</strong></span> <span class='ocrx_word' id='word_1_64' title='bbox 1649 943 1701 997; x_wconf 94' lang='lat' dir='ltr'><strong>in</strong></span> <span class='ocrx_word' id='word_1_65' title='bbox 1745 943 2004 996; x_wconf 89' lang='lat' dir='ltr'><strong>honorem</strong></span> 
     </span>
    </p>
   </div>
   <div class='ocr_carea' id='block_1_11' title="bbox 435 1033 2006 1099">
    <p class='ocr_par' dir='ltr' id='par_1_11' title="bbox 435 1033 2006 1099">
     <span class='ocr_line' id='line_1_11' title="bbox 435 1033 2006 1099; baseline -0.008 -4"><span class='ocrx_word' id='word_1_66' title='bbox 435 1036 892 1099; x_wconf 85' lang='lat' dir='ltr'><strong>ecclesiasticum,</strong></span> <span class='ocrx_word' id='word_1_67' title='bbox 925 1049 994 1088; x_wconf 85' lang='lat' dir='ltr'><strong>an</strong></span> <span class='ocrx_word' id='word_1_68' title='bbox 1032 1036 1176 1088; x_wconf 90' lang='lat' dir='ltr'><strong>inter</strong></span> <span class='ocrx_word' id='word_1_69' title='bbox 1202 1033 1306 1087; x_wconf 90' lang='lat' dir='ltr'><strong>alia</strong></span> <span class='ocrx_word' id='word_1_70' title='bbox 1336 1034 1498 1096; x_wconf 89' lang='lat' dir='ltr'><strong>bona,</strong></span> <span class='ocrx_word' id='word_1_71' title='bbox 1535 1040 1846 1086; x_wconf 88' lang='lat' dir='ltr'><strong>sanctorum</strong></span> <span class='ocrx_word' id='word_1_72' title='bbox 1875 1043 2006 1096; x_wconf 89' lang='lat' dir='ltr'><strong>quo-</strong></span> 
     </span>
    </p>
   </div>
   <div class='ocr_carea' id='block_1_12' title="bbox 433 1121 2002 1202">
    <p class='ocr_par' dir='ltr' id='par_1_12' title="bbox 433 1121 2002 1202">
     <span class='ocr_line' id='line_1_12' title="bbox 433 1121 2002 1202; baseline -0.01 -13"><span class='ocrx_word' id='word_1_73' title='bbox 433 1148 540 1202; x_wconf 89' lang='lat' dir='ltr'><strong>que</strong></span> <span class='ocrx_word' id='word_1_74' title='bbox 585 1132 754 1202; x_wconf 89' lang='lat' dir='ltr'><strong>pedes</strong></span> <span class='ocrx_word' id='word_1_75' title='bbox 805 1130 1020 1184; x_wconf 81' lang='lat' dir='ltr'><strong>laverit.</strong></span> <span class='ocrx_word' id='word_1_76' title='bbox 1065 1127 1196 1182; x_wconf 76' lang='lat' dir='ltr'><strong>Nam</strong></span> <span class='ocrx_word' id='word_1_77' title='bbox 1229 1125 1522 1180; x_wconf 84' lang='lat' dir='ltr'><strong>ridiculum</strong></span> <span class='ocrx_word' id='word_1_78' title='bbox 1568 1123 1823 1178; x_wconf 78' lang='lat' dir='ltr'><strong>existimo</strong></span> <span class='ocrx_word' id='word_1_79' title='bbox 1854 1121 2002 1191; x_wconf 84' lang='lat' dir='ltr'><strong>afligi</strong></span> 
     </span>
    </p>
   </div>
   <div class='ocr_carea' id='block_1_13' title="bbox 432 1214 2006 1291">
    <p class='ocr_par' dir='ltr' id='par_1_13' title="bbox 432 1214 2006 1291">
     <span class='ocr_line' id='line_1_13' title="bbox 432 1214 2006 1291; baseline -0.008 -11"><span class='ocrx_word' id='word_1_80' title='bbox 432 1226 656 1291; x_wconf 84' lang='lat' dir='ltr'><strong>litterae,</strong></span> <span class='ocrx_word' id='word_1_81' title='bbox 683 1225 1014 1291; x_wconf 83' lang='lat' dir='ltr'><strong>viduamque</strong></span> <span class='ocrx_word' id='word_1_82' title='bbox 1055 1222 1168 1275; x_wconf 59' lang='lat' dir='ltr'><strong>hac</strong></span> <span class='ocrx_word' id='word_1_83' title='bbox 1204 1219 1407 1283; x_wconf 80' lang='lat' dir='ltr'><strong>omnia,</strong></span> <span class='ocrx_word' id='word_1_84' title='bbox 1451 1226 1510 1273; x_wconf 87' lang='lat' dir='ltr'><strong>ut</strong></span> <span class='ocrx_word' id='word_1_85' title='bbox 1544 1216 1619 1269; x_wconf 90' lang='lat' dir='ltr'><strong>ita</strong></span> <span class='ocrx_word' id='word_1_86' title='bbox 1673 1215 1872 1276; x_wconf 89' lang='lat' dir='ltr'><strong>dicam,</strong></span> <span class='ocrx_word' id='word_1_87' title='bbox 1911 1214 2006 1268; x_wconf 85' lang='lat' dir='ltr'><strong>ha-</strong></span> 
     </span>
    </p>
   </div>
   <div class='ocr_carea' id='block_1_14' title="bbox 435 1308 2004 1385">
    <p class='ocr_par' dir='ltr' id='par_1_14' title="bbox 435 1308 2004 1385">
     <span class='ocr_line' id='line_1_14' title="bbox 435 1308 2004 1385; baseline -0.005 -15"><span class='ocrx_word' id='word_1_88' title='bbox 435 1319 656 1372; x_wconf 88' lang='lat' dir='ltr'><strong>bentem</strong></span> <span class='ocrx_word' id='word_1_89' title='bbox 709 1329 830 1385; x_wconf 69' lang='lat' dir='ltr'><strong>quae</strong></span> <span class='ocrx_word' id='word_1_90' title='bbox 881 1323 1126 1369; x_wconf 85' lang='lat' dir='ltr'><strong>sanctam</strong></span> <span class='ocrx_word' id='word_1_91' title='bbox 1174 1310 1452 1365; x_wconf 83' lang='lat' dir='ltr'><strong>delineent</strong></span> <span class='ocrx_word' id='word_1_92' title='bbox 1499 1309 1740 1372; x_wconf 84' lang='lat' dir='ltr'><strong>viduam,</strong></span> <span class='ocrx_word' id='word_1_93' title='bbox 1792 1308 2004 1376; x_wconf 86' lang='lat' dir='ltr'><strong>hacque</strong></span> 
     </span>
    </p>
   </div>
   <div class='ocr_carea' id='block_1_15' title="bbox 432 1400 1997 1470">
    <p class='ocr_par' dir='ltr' id='par_1_15' title="bbox 432 1400 1997 1470">
     <span class='ocr_line' id='line_1_15' title="bbox 432 1400 1997 1470; baseline -0.005 -8"><span class='ocrx_word' id='word_1_94' title='bbox 432 1424 538 1462; x_wconf 88' lang='lat' dir='ltr'><strong>una</strong></span> <span class='ocrx_word' id='word_1_95' title='bbox 589 1422 647 1462; x_wconf 92' lang='lat' dir='ltr'><strong>re</strong></span> <span class='ocrx_word' id='word_1_96' title='bbox 700 1416 998 1469; x_wconf 87' lang='lat' dir='ltr'><strong>carentem,</strong></span> <span class='ocrx_word' id='word_1_97' title='bbox 1051 1418 1155 1457; x_wconf 94' lang='lat' dir='ltr'><strong>non</strong></span> <span class='ocrx_word' id='word_1_98' title='bbox 1205 1400 1459 1470; x_wconf 76' lang='lat' dir='ltr'><strong>conjungi</strong></span> <span class='ocrx_word' id='word_1_99' title='bbox 1505 1400 1697 1455; x_wconf 90' lang='lat' dir='ltr'><strong>honori</strong></span> <span class='ocrx_word' id='word_1_100' title='bbox 1745 1400 1997 1456; x_wconf 90' lang='lat' dir='ltr'><strong>ecclesia-</strong></span> 
     </span>
    </p>
   </div>
   <div class='ocr_carea' id='block_1_16' title="bbox 433 1488 2004 1563">
    <p class='ocr_par' dir='ltr' id='par_1_16' title="bbox 433 1488 2004 1563">
     <span class='ocr_line' id='line_1_16' title="bbox 433 1488 2004 1563; baseline -0.004 -11"><span class='ocrx_word' id='word_1_101' title='bbox 433 1500 598 1560; x_wconf 91' lang='lat' dir='ltr'><strong>stico,</strong></span> <span class='ocrx_word' id='word_1_102' title='bbox 628 1510 748 1550; x_wconf 87' lang='lat' dir='ltr'><strong>cum</strong></span> <span class='ocrx_word' id='word_1_103' title='bbox 781 1495 898 1563; x_wconf 89' lang='lat' dir='ltr'><strong>ipsa</strong></span> <span class='ocrx_word' id='word_1_104' title='bbox 931 1493 1264 1562; x_wconf 89' lang='lat' dir='ltr'><strong>frequenter,</strong></span> <span class='ocrx_word' id='word_1_105' title='bbox 1299 1488 1665 1546; x_wconf 87' lang='lat' dir='ltr'><strong>mediantibus</strong></span> <span class='ocrx_word' id='word_1_106' title='bbox 1699 1490 1912 1545; x_wconf 79' lang='lat' dir='ltr'><strong>ancillis</strong></span> <span class='ocrx_word' id='word_1_107' title='bbox 1949 1499 2004 1545; x_wconf 86' lang='lat' dir='ltr'><strong>et</strong></span> 
     </span>
    </p>
   </div>
   <div class='ocr_carea' id='block_1_17' title="bbox 433 1580 2000 1654">
    <p class='ocr_par' dir='ltr' id='par_1_17' title="bbox 433 1580 2000 1654">
     <span class='ocr_line' id='line_1_17' title="bbox 433 1580 2000 1654; baseline -0.003 -16"><span class='ocrx_word' id='word_1_108' title='bbox 433 1585 636 1648; x_wconf 87' lang='lat' dir='ltr'><strong>vernis,</strong></span> <span class='ocrx_word' id='word_1_109' title='bbox 665 1587 961 1654; x_wconf 85' lang='lat' dir='ltr'><strong>prudenter</strong></span> <span class='ocrx_word' id='word_1_110' title='bbox 1015 1582 1186 1648; x_wconf 84' lang='lat' dir='ltr'><strong>egerit</strong></span> <span class='ocrx_word' id='word_1_111' title='bbox 1238 1589 1484 1649; x_wconf 91' lang='lat' dir='ltr'><strong>tempore</strong></span> <span class='ocrx_word' id='word_1_112' title='bbox 1525 1595 1632 1648; x_wconf 92' lang='lat' dir='ltr'><strong>quo</strong></span> <span class='ocrx_word' id='word_1_113' title='bbox 1671 1580 2000 1645; x_wconf 80' lang='lat' dir='ltr'><strong>abundabat,</strong></span> 
     </span>
    </p>
   </div>
   <div class='ocr_carea' id='block_1_18' title="bbox 433 1671 2002 1744">
    <p class='ocr_par' dir='ltr' id='par_1_18' title="bbox 433 1671 2002 1744">
     <span class='ocr_line' id='line_1_18' title="bbox 433 1671 2002 1744; baseline -0.004 -14"><span class='ocrx_word' id='word_1_114' title='bbox 433 1677 771 1744; x_wconf 83' lang='lat' dir='ltr'><strong>habebatque</strong></span> <span class='ocrx_word' id='word_1_115' title='bbox 810 1684 1113 1743; x_wconf 89' lang='lat' dir='ltr'><strong>opportuna</strong></span> <span class='ocrx_word' id='word_1_116' title='bbox 1146 1673 1341 1741; x_wconf 87' lang='lat' dir='ltr'><strong>quibus</strong></span> <span class='ocrx_word' id='word_1_117' title='bbox 1370 1671 1694 1727; x_wconf 90' lang='lat' dir='ltr'><strong>beneﬁcium</strong></span> <span class='ocrx_word' id='word_1_118' title='bbox 1728 1671 2002 1726; x_wconf 86' lang='lat' dir='ltr'><strong>conferret</strong></span> 
     </span>
    </p>
   </div>
   <div class='ocr_carea' id='block_1_19' title="bbox 2103 479 3604 554">
    <p class='ocr_par' dir='ltr' id='par_1_19' title="bbox 2103 479 3604 554">
     <span class='ocr_line' id='line_1_19' title="bbox 2103 479 3604 554; baseline 0.005 -21"><span class='ocrx_word' id='word_1_119' title='bbox 2103 480 2282 551; x_wconf 83' lang='grc' dir='ltr'>καιρῷ</span> <span class='ocrx_word' id='word_1_120' title='bbox 2315 481 2548 551; x_wconf 78' lang='grc' dir='ltr'><strong>ηὐπόρει</strong></span> <span class='ocrx_word' id='word_1_121' title='bbox 2581 481 2713 551; x_wconf 74' lang='grc'><strong>(24),</strong></span> <span class='ocrx_word' id='word_1_122' title='bbox 2741 481 2837 534; x_wconf 69' lang='grc' dir='ltr'><strong>καὶ</strong></span> <span class='ocrx_word' id='word_1_123' title='bbox 2869 479 2980 550; x_wconf 79' lang='grc' dir='ltr'>εἶχε</span> <span class='ocrx_word' id='word_1_124' title='bbox 3013 483 3082 535; x_wconf 87' lang='grc' dir='ltr'>τὰ</span> <span class='ocrx_word' id='word_1_125' title='bbox 3114 481 3408 554; x_wconf 77' lang='grc' dir='ltr'>ἐπιτήδεια,</span> <span class='ocrx_word' id='word_1_126' title='bbox 3432 485 3533 548; x_wconf 67' lang='grc' dir='ltr'>τοὺς</span> <span class='ocrx_word' id='word_1_127' title='bbox 3554 487 3604 551; x_wconf 80' lang='grc' dir='ltr'><strong>ξέ-</strong></span> 
     </span>
    </p>
   </div>
   <div class='ocr_carea' id='block_1_20' title="bbox 2104 571 3607 647">
    <p class='ocr_par' dir='ltr' id='par_1_20' title="bbox 2104 571 3607 647">
     <span class='ocr_line' id='line_1_20' title="bbox 2104 571 3607 647; baseline 0.001 -21"><span class='ocrx_word' id='word_1_128' title='bbox 2104 589 2248 635; x_wconf 92' lang='grc' dir='ltr'>νους,</span> <span class='ocrx_word' id='word_1_129' title='bbox 2280 572 2314 642; x_wconf 83' lang='grc' dir='ltr'><strong>ἢ</strong></span> <span class='ocrx_word' id='word_1_130' title='bbox 2349 572 2472 635; x_wconf 83' lang='grc' dir='ltr'>τοὺς</span> <span class='ocrx_word' id='word_1_131' title='bbox 2491 571 2832 636; x_wconf 78' lang='grc' dir='ltr'><strong>ἁπαξαπλῶς</strong></span> <span class='ocrx_word' id='word_1_132' title='bbox 2858 574 3144 643; x_wconf 82' lang='grc' dir='ltr'><strong>δεομένους</strong></span> <span class='ocrx_word' id='word_1_133' title='bbox 3167 574 3261 627; x_wconf 89' lang='grc' dir='ltr'><strong>τοῦ</strong></span> <span class='ocrx_word' id='word_1_134' title='bbox 3294 575 3607 647; x_wconf 60' lang='grc' dir='ltr'>φιλάνθρωπόν</span> 
     </span>
    </p>
   </div>
   <div class='ocr_carea' id='block_1_21' title="bbox 2102 663 3605 739">
    <p class='ocr_par' dir='ltr' id='par_1_21' title="bbox 2102 663 3605 739">
     <span class='ocr_line' id='line_1_21' title="bbox 2102 663 3605 739; baseline 0.005 -24"><span class='ocrx_word' id='word_1_135' title='bbox 2102 681 2155 716; x_wconf 92' lang='grc' dir='ltr'><strong>τι</strong></span> <span class='ocrx_word' id='word_1_136' title='bbox 2197 663 2356 734; x_wconf 76' lang='grc' dir='ltr'>ἔργον</span> <span class='ocrx_word' id='word_1_137' title='bbox 2399 665 2504 716; x_wconf 89' lang='grc' dir='ltr'>ἀπ’</span> <span class='ocrx_word' id='word_1_138' title='bbox 2546 665 2716 734; x_wconf 80' lang='grc' dir='ltr'>αὑτῆς</span> <span class='ocrx_word' id='word_1_139' title='bbox 2761 665 2972 717; x_wconf 86' lang='grc' dir='ltr'>παθεῖν.</span> <span class='ocrx_word' id='word_1_140' title='bbox 3020 667 3130 719; x_wconf 77' lang='grc' dir='ltr'><strong>Καὶ</strong></span> <span class='ocrx_word' id='word_1_141' title='bbox 3185 666 3258 737; x_wconf 79' lang='grc' dir='ltr'>μὴ</span> <span class='ocrx_word' id='word_1_142' title='bbox 3303 666 3550 739; x_wconf 74' lang='grc' dir='ltr'>θαυμάσῃς</span> <span class='ocrx_word' id='word_1_143' title='bbox 3575 677 3605 723; x_wconf 83' lang='grc' dir='ltr'>εἰ</span> 
     </span>
    </p>
   </div>
   <div class='ocr_carea' id='block_1_22' title="bbox 2104 755 3607 827">
    <p class='ocr_par' dir='ltr' id='par_1_22' title="bbox 2104 755 3607 827">
     <span class='ocr_line' id='line_1_22' title="bbox 2104 755 3607 827; baseline 0.003 -19"><span class='ocrx_word' id='word_1_144' title='bbox 2104 755 2326 824; x_wconf 84' lang='grc' dir='ltr'><strong>ἀνάγειν</strong></span> <span class='ocrx_word' id='word_1_145' title='bbox 2376 772 2434 807; x_wconf 89' lang='grc' dir='ltr'><strong>σε</strong></span> <span class='ocrx_word' id='word_1_146' title='bbox 2478 755 2559 808; x_wconf 93' lang='grc' dir='ltr'><strong>δεῖ</strong></span> <span class='ocrx_word' id='word_1_147' title='bbox 2594 756 2654 808; x_wconf 79' lang='grc' dir='ltr'>τὸ</span> <span class='ocrx_word' id='word_1_148' title='bbox 2674 797 2689 821; x_wconf 92' lang='grc'><strong>,</strong></span> <span class='ocrx_word' id='word_1_149' title='bbox 2733 774 2752 806; x_wconf 66' lang='grc' dir='ltr'>τι</span> <span class='ocrx_word' id='word_1_150' title='bbox 2772 755 2836 809; x_wconf 83' lang='lat' dir='ltr'><strong>E‘i</strong></span> <span class='ocrx_word' id='word_1_151' title='bbox 2868 756 3039 824; x_wconf 82' lang='grc' dir='ltr'>ἁγίων</span> <span class='ocrx_word' id='word_1_152' title='bbox 3067 757 3232 820; x_wconf 83' lang='grc' dir='ltr'>πόδας</span> <span class='ocrx_word' id='word_1_153' title='bbox 3260 757 3452 827; x_wconf 81' lang='grc' dir='ltr'>ένιψεν,</span> <span class='ocrx_word' id='word_1_154' title='bbox 3475 778 3490 810; x_wconf 80' lang='grc' dir='ltr'><strong>ι</strong></span> <span class='ocrx_word' id='word_1_155' title='bbox 3515 762 3607 814; x_wconf 64' lang='grc' dir='ltr'>ὅπου</span> 
     </span>
    </p>
   </div>
   <div class='ocr_carea' id='block_1_23' title="bbox 2104 846 3608 920">
    <p class='ocr_par' dir='ltr' id='par_1_23' title="bbox 2104 846 3608 920">
     <span class='ocr_line' id='line_1_23' title="bbox 2104 846 3608 920; baseline 0.003 -19"><span class='ocrx_word' id='word_1_156' title='bbox 2104 846 2416 901; x_wconf 86' lang='grc' dir='ltr'>κελεύονται</span> <span class='ocrx_word' id='word_1_157' title='bbox 2447 846 2706 915; x_wconf 84' lang='grc' dir='ltr'>ἀνάλογον</span> <span class='ocrx_word' id='word_1_158' title='bbox 2743 851 2853 910; x_wconf 91' lang='grc' dir='ltr'>τοῖς</span> <span class='ocrx_word' id='word_1_159' title='bbox 2886 848 3272 919; x_wconf 76' lang='grc' dir='ltr'>πρεσϐυτέροις</span> <span class='ocrx_word' id='word_1_160' title='bbox 3318 851 3608 920; x_wconf 73' lang='grc' dir='ltr'>πρεσϐύτιδες</span> 
     </span>
    </p>
   </div>
   <div class='ocr_carea' id='block_1_24' title="bbox 2103 937 3610 1014">
    <p class='ocr_par' dir='ltr' id='par_1_24' title="bbox 2103 937 3610 1014">
     <span class='ocr_line' id='line_1_24' title="bbox 2103 937 3610 1014; baseline 0.001 -22"><span class='ocrx_word' id='word_1_161' title='bbox 2103 937 2241 992; x_wconf 79' lang='grc' dir='ltr'>εἷναι</span> <span class='ocrx_word' id='word_1_162' title='bbox 2274 939 2368 992; x_wconf 79' lang='grc' dir='ltr'>καὶ</span> <span class='ocrx_word' id='word_1_163' title='bbox 2414 938 2592 991; x_wconf 89' lang='grc' dir='ltr'>καλῶν</span> <span class='ocrx_word' id='word_1_164' title='bbox 2624 938 2926 994; x_wconf 80' lang='grc' dir='ltr'>διδάσκαλοι</span> <span class='ocrx_word' id='word_1_165' title='bbox 2949 941 3079 1011; x_wconf 74' lang='lat'><strong>(‘25).</strong></span> <span class='ocrx_word' id='word_1_166' title='bbox 3118 943 3255 1012; x_wconf 82' lang='grc' dir='ltr'>Ὅρα</span> <span class='ocrx_word' id='word_1_167' title='bbox 3295 941 3351 994; x_wconf 88' lang='grc' dir='ltr'>δὲ</span> <span class='ocrx_word' id='word_1_168' title='bbox 3382 945 3427 994; x_wconf 83' lang='grc' dir='ltr'><strong>εἰ</strong></span> <span class='ocrx_word' id='word_1_169' title='bbox 3455 943 3516 1014; x_wconf 81' lang='grc' dir='ltr'>μὴ</span> <span class='ocrx_word' id='word_1_170' title='bbox 3549 949 3610 999; x_wconf 70' lang='grc' dir='ltr'><strong>καὶ</strong></span> 
     </span>
    </p>
   </div>
   <div class='ocr_carea' id='block_1_25' title="bbox 2103 1027 3610 1109">
    <p class='ocr_par' dir='ltr' id='par_1_25' title="bbox 2103 1027 3610 1109">
     <span class='ocr_line' id='line_1_25' title="bbox 2103 1027 3610 1109; baseline 0.003 -24"><span class='ocrx_word' id='word_1_171' title='bbox 2103 1033 2338 1104; x_wconf 83' lang='grc' dir='ltr'>ἐργῶδές</span> <span class='ocrx_word' id='word_1_172' title='bbox 2379 1035 2494 1086; x_wconf 83' lang='grc' dir='ltr'>ἐστι</span> <span class='ocrx_word' id='word_1_173' title='bbox 2541 1033 2602 1085; x_wconf 82' lang='grc' dir='ltr'><strong>τὸ</strong></span> <span class='ocrx_word' id='word_1_174' title='bbox 2643 1032 2799 1086; x_wconf 83' lang='grc' dir='ltr'>πάνθ’</span> <span class='ocrx_word' id='word_1_175' title='bbox 2835 1032 3072 1085; x_wconf 83' lang='grc' dir='ltr'>ὁντινοῦν</span> <span class='ocrx_word' id='word_1_176' title='bbox 3121 1027 3528 1104; x_wconf 83' lang='grc' dir='ltr'>μαθητευόμενον</span> <span class='ocrx_word' id='word_1_177' title='bbox 3559 1041 3610 1109; x_wconf 78' lang='grc' dir='ltr'>τῷ</span> 
     </span>
    </p>
   </div>
   <div class='ocr_carea' id='block_1_26' title="bbox 2103 1123 3610 1198">
    <p class='ocr_par' dir='ltr' id='par_1_26' title="bbox 2103 1123 3610 1198">
     <span class='ocr_line' id='line_1_26' title="bbox 2103 1123 3610 1198; baseline 0.001 -21"><span class='ocrx_word' id='word_1_178' title='bbox 2103 1124 2341 1196; x_wconf 83' lang='grc' dir='ltr'><strong>Χριστῷ,</strong></span> <span class='ocrx_word' id='word_1_179' title='bbox 2397 1124 2616 1178; x_wconf 87' lang='grc' dir='ltr'>θέλοντα</span> <span class='ocrx_word' id='word_1_180' title='bbox 2669 1123 2908 1194; x_wconf 81' lang='grc' dir='ltr'>πληροῦν</span> <span class='ocrx_word' id='word_1_181' title='bbox 2953 1126 3052 1194; x_wconf 80' lang='grc' dir='ltr'><strong>τὴν</strong></span> <span class='ocrx_word' id='word_1_182' title='bbox 3103 1124 3365 1193; x_wconf 82' lang='grc' dir='ltr'><strong>λέγουσαν</strong></span> <span class='ocrx_word' id='word_1_183' title='bbox 3413 1129 3610 1198; x_wconf 78' lang='grc' dir='ltr'>ἐντολὴν,</span> 
     </span>
    </p>
   </div>
   <div class='ocr_carea' id='block_1_27' title="bbox 2109 1207 3608 1286">
    <p class='ocr_par' dir='ltr' id='par_1_27' title="bbox 2109 1207 3608 1286">
     <span class='ocr_line' id='line_1_27' title="bbox 2109 1207 3608 1286; baseline 0.002 -18"><span class='ocrx_word' id='word_1_184' title='bbox 2109 1236 2127 1268; x_wconf 79' lang='grc' dir='ltr'><strong>ι</strong></span> <span class='ocrx_word' id='word_1_185' title='bbox 2156 1207 2280 1269; x_wconf 70' lang='grc' dir='ltr'><strong>Καὶ·</strong></span> <span class='ocrx_word' id='word_1_186' title='bbox 2299 1217 2456 1286; x_wconf 86' lang='grc' dir='ltr'>ὑμεῖς</span> <span class='ocrx_word' id='word_1_187' title='bbox 2487 1215 2728 1284; x_wconf 86' lang='grc' dir='ltr'>ὀφείλετε</span> <span class='ocrx_word' id='word_1_188' title='bbox 2757 1216 2996 1286; x_wconf 84' lang='grc' dir='ltr'>ἀλλήλων</span> <span class='ocrx_word' id='word_1_189' title='bbox 3023 1217 3227 1272; x_wconf 82' lang='grc' dir='ltr'>νίπτειν</span> <span class='ocrx_word' id='word_1_190' title='bbox 3254 1219 3380 1278; x_wconf 76' lang='grc' dir='ltr'>τοὺς</span> <span class='ocrx_word' id='word_1_191' title='bbox 3417 1219 3608 1283; x_wconf 77' lang='grc' dir='ltr'>πόδας,›</span> 
     </span>
    </p>
   </div>
   <div class='ocr_carea' id='block_1_28' title="bbox 2100 1308 3612 1379">
    <p class='ocr_par' dir='ltr' id='par_1_28' title="bbox 2100 1308 3612 1379">
     <span class='ocr_line' id='line_1_28' title="bbox 2100 1308 3612 1379; baseline 0.002 -18"><span class='ocrx_word' id='word_1_192' title='bbox 2100 1309 2176 1372; x_wconf 85' lang='grc' dir='ltr'>ὡς</span> <span class='ocrx_word' id='word_1_193' title='bbox 2228 1309 2570 1379; x_wconf 84' lang='grc' dir='ltr'>ὀφειλόμενον</span> <span class='ocrx_word' id='word_1_194' title='bbox 2617 1308 2774 1378; x_wconf 80' lang='grc' dir='ltr'>ἔργον</span> <span class='ocrx_word' id='word_1_195' title='bbox 2816 1309 3016 1362; x_wconf 83' lang='grc' dir='ltr'>ὲθέλειν</span> <span class='ocrx_word' id='word_1_196' title='bbox 3049 1312 3238 1374; x_wconf 86' lang='grc' dir='ltr'>ποιεῖν,</span> <span class='ocrx_word' id='word_1_197' title='bbox 3265 1309 3330 1362; x_wconf 82' lang='grc' dir='ltr'><strong>τὸ</strong></span> <span class='ocrx_word' id='word_1_198' title='bbox 3359 1310 3497 1377; x_wconf 84' lang='grc' dir='ltr'>νῖψαι</span> <span class='ocrx_word' id='word_1_199' title='bbox 3525 1315 3612 1375; x_wconf 70' lang='grc' dir='ltr'>τοὺς</span> 
     </span>
    </p>
   </div>
   <div class='ocr_carea' id='block_1_29' title="bbox 2105 1399 3610 1470">
    <p class='ocr_par' dir='ltr' id='par_1_29' title="bbox 2105 1399 3610 1470">
     <span class='ocr_line' id='line_1_29' title="bbox 2105 1399 3610 1470; baseline 0.001 -17"><span class='ocrx_word' id='word_1_200' title='bbox 2105 1400 2446 1470; x_wconf 80' lang='grc' dir='ltr'>σωματικοὺς</span> <span class='ocrx_word' id='word_1_201' title='bbox 2474 1401 2567 1452; x_wconf 77' lang='grc' dir='ltr'>καὶ</span> <span class='ocrx_word' id='word_1_202' title='bbox 2601 1399 2889 1469; x_wconf 77' lang='grc' dir='ltr'>αἰσθητοὺς</span> <span class='ocrx_word' id='word_1_203' title='bbox 2922 1401 3085 1462; x_wconf 85' lang='grc' dir='ltr'>πόδας</span> <span class='ocrx_word' id='word_1_204' title='bbox 3104 1400 3211 1453; x_wconf 92' lang='grc' dir='ltr'><strong>τῶν</strong></span> <span class='ocrx_word' id='word_1_205' title='bbox 3235 1401 3486 1469; x_wconf 77' lang='grc' dir='ltr'><strong>ἀδελφῶν,</strong></span> <span class='ocrx_word' id='word_1_206' title='bbox 3512 1402 3610 1455; x_wconf 80' lang='grc' dir='ltr'>ὥστε</span> 
     </span>
    </p>
   </div>
   <div class='ocr_carea' id='block_1_30' title="bbox 2102 1489 3611 1561">
    <p class='ocr_par' dir='ltr' id='par_1_30' title="bbox 2102 1489 3611 1561">
     <span class='ocr_line' id='line_1_30' title="bbox 2102 1489 3611 1561; baseline 0.003 -19"><span class='ocrx_word' id='word_1_207' title='bbox 2102 1492 2227 1552; x_wconf 87' lang='grc' dir='ltr'>τοὺς</span> <span class='ocrx_word' id='word_1_208' title='bbox 2308 1491 2365 1541; x_wconf 84' lang='grc' dir='ltr'>ὲν</span> <span class='ocrx_word' id='word_1_209' title='bbox 2447 1489 2770 1560; x_wconf 78' lang='grc' dir='ltr'>ποιαποτοῦν</span> <span class='ocrx_word' id='word_1_210' title='bbox 2827 1491 3076 1544; x_wconf 85' lang='grc' dir='ltr'>ὑποθέσει</span> <span class='ocrx_word' id='word_1_211' title='bbox 3134 1491 3246 1560; x_wconf 82' lang='grc' dir='ltr'>βίου</span> <span class='ocrx_word' id='word_1_212' title='bbox 3304 1491 3611 1561; x_wconf 78' lang='grc' dir='ltr'>τυγχάνοντας</span> 
     </span>
    </p>
   </div>
   <div class='ocr_carea' id='block_1_31' title="bbox 2103 1581 3609 1657">
    <p class='ocr_par' dir='ltr' id='par_1_31' title="bbox 2103 1581 3609 1657">
     <span class='ocr_line' id='line_1_31' title="bbox 2103 1581 3609 1657; baseline 0.003 -22"><span class='ocrx_word' id='word_1_213' title='bbox 2103 1582 2326 1645; x_wconf 80' lang='grc' dir='ltr'>πιστοὺς</span> <span class='ocrx_word' id='word_1_214' title='bbox 2371 1581 2528 1634; x_wconf 91' lang='grc' dir='ltr'>τοῦτο</span> <span class='ocrx_word' id='word_1_215' title='bbox 2579 1585 2748 1635; x_wconf 83' lang='grc' dir='ltr'>ποιεῖν</span> <span class='ocrx_word' id='word_1_216' title='bbox 2772 1623 2786 1647; x_wconf 94' lang='grc'><strong>,</strong></span> <span class='ocrx_word' id='word_1_217' title='bbox 2852 1582 2961 1636; x_wconf 81' lang='grc' dir='ltr'>εἴτε</span> <span class='ocrx_word' id='word_1_218' title='bbox 3007 1586 3064 1634; x_wconf 78' lang='grc' dir='ltr'>ὲν</span> <span class='ocrx_word' id='word_1_219' title='bbox 3115 1584 3516 1657; x_wconf 82' lang='grc' dir='ltr'>ὲκκλησιαστικῇ</span> <span class='ocrx_word' id='word_1_220' title='bbox 3552 1590 3609 1640; x_wconf 76' lang='grc' dir='ltr'>δο-</span> 
     </span>
    </p>
   </div>
   <div class='ocr_carea' id='block_1_32' title="bbox 2103 1666 3609 1744">
    <p class='ocr_par' dir='ltr' id='par_1_32' title="bbox 2103 1666 3609 1744">
     <span class='ocr_line' id='line_1_32' title="bbox 2103 1666 3609 1744; baseline 0.001 -20"><span class='ocrx_word' id='word_1_221' title='bbox 2103 1671 2330 1735; x_wconf 87' lang='grc' dir='ltr'>κοῦντας</span> <span class='ocrx_word' id='word_1_222' title='bbox 2374 1666 2510 1726; x_wconf 83' lang='grc' dir='ltr'>εῖναι</span> <span class='ocrx_word' id='word_1_223' title='bbox 2559 1671 2796 1742; x_wconf 81' lang='grc' dir='ltr'>ὑπεροχῇ</span> <span class='ocrx_word' id='word_1_224' title='bbox 2845 1672 3174 1736; x_wconf 75' lang='grc' dir='ltr'>ἐπισκόπους</span> <span class='ocrx_word' id='word_1_225' title='bbox 3223 1675 3318 1726; x_wconf 72' lang='grc' dir='ltr'>καὶ</span> <span class='ocrx_word' id='word_1_226' title='bbox 3365 1675 3609 1744; x_wconf 77' lang='grc' dir='ltr'>πρεσὸυτέ-</span> 
     </span>
    </p>
   </div>
   <div class='ocr_carea' id='block_1_33' title="bbox 437 1746 1985 1835">
    <p class='ocr_par' dir='ltr' id='par_1_33' title="bbox 437 1763 1985 1835">
     <span class='ocr_line' id='line_1_33' title="bbox 437 1763 1985 1835; baseline -0.003 -14"><span class='ocrx_word' id='word_1_227' title='bbox 437 1767 759 1835; x_wconf 85' lang='lat' dir='ltr'><strong>hospitibus,</strong></span> <span class='ocrx_word' id='word_1_228' title='bbox 797 1776 961 1835; x_wconf 89' lang='lat' dir='ltr'><strong>atque</strong></span> <span class='ocrx_word' id='word_1_229' title='bbox 1014 1766 1182 1819; x_wconf 89' lang='lat' dir='ltr'><strong>etiam</strong></span> <span class='ocrx_word' id='word_1_230' title='bbox 1225 1764 1334 1828; x_wconf 91' lang='lat' dir='ltr'><strong>his,</strong></span> <span class='ocrx_word' id='word_1_231' title='bbox 1380 1773 1440 1818; x_wconf 93' lang='lat' dir='ltr'><strong>ut</strong></span> <span class='ocrx_word' id='word_1_232' title='bbox 1470 1765 1768 1833; x_wconf 79' lang='lat' dir='ltr'><strong>generatim</strong></span> <span class='ocrx_word' id='word_1_233' title='bbox 1798 1763 1985 1817; x_wconf 86' lang='lat' dir='ltr'><strong>dicam.</strong></span> 
     </span>
    </p>
   </div>
   <div class='ocr_carea' id='block_1_34' title="bbox 2105 1746 3609 1835">
    <p class='ocr_par' dir='ltr' id='par_1_34' title="bbox 2107 1762 3609 1834">
     <span class='ocr_line' id='line_1_34' title="bbox 2107 1762 3609 1834; baseline 0.001 -20"><span class='ocrx_word' id='word_1_234' title='bbox 2107 1779 2250 1832; x_wconf 91' lang='grc' dir='ltr'>ρους,</span> <span class='ocrx_word' id='word_1_235' title='bbox 2283 1762 2394 1814; x_wconf 78' lang='grc' dir='ltr'>εἴτε</span> <span class='ocrx_word' id='word_1_236' title='bbox 2420 1763 2511 1814; x_wconf 69' lang='grc' dir='ltr'><strong>καὶ</strong></span> <span class='ocrx_word' id='word_1_237' title='bbox 2540 1764 2598 1815; x_wconf 83' lang='grc' dir='ltr'>ὲν</span> <span class='ocrx_word' id='word_1_238' title='bbox 2622 1762 2801 1826; x_wconf 78' lang='grc' dir='ltr'>ἄλλοις</span> <span class='ocrx_word' id='word_1_239' title='bbox 2834 1765 3112 1832; x_wconf 88' lang='grc' dir='ltr'>κοσμικοῖς</span> <span class='ocrx_word' id='word_1_240' title='bbox 3156 1781 3295 1815; x_wconf 93' lang='grc' dir='ltr'>τισιν</span> <span class='ocrx_word' id='word_1_241' title='bbox 3325 1762 3609 1834; x_wconf 78' lang='grc' dir='ltr'>ἀξιώμασιν-</span> 
     </span>
    </p>
   </div>
   <div class='ocr_carea' id='block_1_35' title="bbox 431 1853 1998 1928">
    <p class='ocr_par' dir='ltr' id='par_1_35' title="bbox 431 1853 1998 1928">
     <span class='ocr_line' id='line_1_35' title="bbox 431 1853 1998 1928; baseline -0.001 -20"><span class='ocrx_word' id='word_1_242' title='bbox 431 1857 528 1928; x_wconf 87' lang='lat' dir='ltr'><strong>qui</strong></span> <span class='ocrx_word' id='word_1_243' title='bbox 569 1872 704 1926; x_wconf 87' lang='lat' dir='ltr'><strong>opus</strong></span> <span class='ocrx_word' id='word_1_244' title='bbox 749 1857 1020 1911; x_wconf 89' lang='lat' dir='ltr'><strong>habebant</strong></span> <span class='ocrx_word' id='word_1_245' title='bbox 1069 1865 1127 1909; x_wconf 93' lang='lat' dir='ltr'><strong>ut</strong></span> <span class='ocrx_word' id='word_1_246' title='bbox 1175 1857 1243 1910; x_wconf 86' lang='lat' dir='ltr'><strong>ab</strong></span> <span class='ocrx_word' id='word_1_247' title='bbox 1293 1869 1356 1909; x_wconf 91' lang='lat' dir='ltr'><strong>ea</strong></span> <span class='ocrx_word' id='word_1_248' title='bbox 1406 1854 1750 1923; x_wconf 87' lang='lat' dir='ltr'><strong>perciperent</strong></span> <span class='ocrx_word' id='word_1_249' title='bbox 1795 1853 1998 1922; x_wconf 86' lang='lat' dir='ltr'><strong>aliquid</strong></span> 
     </span>
    </p>
   </div>
   <div class='ocr_carea' id='block_1_36' title="bbox 433 1944 2002 2015">
    <p class='ocr_par' dir='ltr' id='par_1_36' title="bbox 433 1944 2002 2015">
     <span class='ocr_line' id='line_1_36' title="bbox 433 1944 2002 2015; baseline -0.002 -14"><span class='ocrx_word' id='word_1_250' title='bbox 433 1947 599 2002; x_wconf 90' lang='lat' dir='ltr'><strong>ofﬁcii</strong></span> <span class='ocrx_word' id='word_1_251' title='bbox 628 1947 872 2002; x_wconf 90' lang='lat' dir='ltr'><strong>humani.</strong></span> <span class='ocrx_word' id='word_1_252' title='bbox 908 1947 1015 2002; x_wconf 85' lang='lat' dir='ltr'><strong>Nec</strong></span> <span class='ocrx_word' id='word_1_253' title='bbox 1065 1947 1281 2000; x_wconf 89' lang='lat' dir='ltr'><strong>mireris</strong></span> <span class='ocrx_word' id='word_1_254' title='bbox 1331 1945 1374 1998; x_wconf 88' lang='lat' dir='ltr'><strong>si</strong></span> <span class='ocrx_word' id='word_1_255' title='bbox 1409 1944 1504 1998; x_wconf 91' lang='lat' dir='ltr'><strong>tibi</strong></span> <span class='ocrx_word' id='word_1_256' title='bbox 1529 1946 1900 2015; x_wconf 70' lang='lat' dir='ltr'><strong>exponendum</strong></span> <span class='ocrx_word' id='word_1_257' title='bbox 1932 1946 2002 1999; x_wconf 90' lang='lat' dir='ltr'><strong>sit</strong></span> 
     </span>
    </p>
   </div>
   <div class='ocr_carea' id='block_1_37' title="bbox 434 2036 1992 2108">
    <p class='ocr_par' dir='ltr' id='par_1_37' title="bbox 434 2036 1992 2108">
     <span class='ocr_line' id='line_1_37' title="bbox 434 2036 1992 2108; baseline -0.002 -18"><span class='ocrx_word' id='word_1_258' title='bbox 434 2038 732 2108; x_wconf 84' lang='lat' dir='ltr'><strong>anagogico</strong></span> <span class='ocrx_word' id='word_1_259' title='bbox 787 2051 950 2092; x_wconf 86' lang='lat' dir='ltr'><strong>sensu</strong></span> <span class='ocrx_word' id='word_1_260' title='bbox 1026 2037 1128 2090; x_wconf 91' lang='lat' dir='ltr'><strong>hoc</strong></span> <span class='ocrx_word' id='word_1_261' title='bbox 1183 2037 1434 2100; x_wconf 88' lang='lat' dir='ltr'><strong>dictum,</strong></span> <span class='ocrx_word' id='word_1_262' title='bbox 1489 2054 1508 2087; x_wconf 76' lang='grc' dir='ltr'><strong>ι</strong></span> <span class='ocrx_word' id='word_1_263' title='bbox 1547 2036 1604 2089; x_wconf 89' lang='lat' dir='ltr'><strong>Si</strong></span> <span class='ocrx_word' id='word_1_264' title='bbox 1680 2044 1992 2088; x_wconf 90' lang='lat' dir='ltr'><strong>sanctorum</strong></span> 
     </span>
    </p>
   </div>
   <div class='ocr_carea' id='block_1_38' title="bbox 433 2127 1999 2198">
    <p class='ocr_par' dir='ltr' id='par_1_38' title="bbox 433 2127 1999 2198">
     <span class='ocr_line' id='line_1_38' title="bbox 433 2127 1999 2198; baseline -0.002 -15"><span class='ocrx_word' id='word_1_265' title='bbox 433 2129 598 2198; x_wconf 87' lang='lat' dir='ltr'><strong>pedes</strong></span> <span class='ocrx_word' id='word_1_266' title='bbox 625 2129 775 2193; x_wconf 88' lang='lat' dir='ltr'><strong>lavit,</strong></span> <span class='ocrx_word' id='word_1_267' title='bbox 807 2147 827 2180; x_wconf 73' lang='grc' dir='ltr'><strong>ι</strong></span> <span class='ocrx_word' id='word_1_268' title='bbox 863 2143 986 2182; x_wconf 92' lang='lat' dir='ltr'><strong>cum</strong></span> <span class='ocrx_word' id='word_1_269' title='bbox 1017 2142 1154 2181; x_wconf 88' lang='lat' dir='ltr'><strong>anus</strong></span> <span class='ocrx_word' id='word_1_270' title='bbox 1180 2127 1476 2196; x_wconf 73' lang='lat' dir='ltr'><strong>iubeantur</strong></span> <span class='ocrx_word' id='word_1_271' title='bbox 1504 2127 1620 2195; x_wconf 90' lang='lat' dir='ltr'><strong>pari</strong></span> <span class='ocrx_word' id='word_1_272' title='bbox 1647 2129 1856 2180; x_wconf 88' lang='lat' dir='ltr'><strong>ratione</strong></span> <span class='ocrx_word' id='word_1_273' title='bbox 1876 2141 1999 2180; x_wconf 89' lang='lat' dir='ltr'><strong>cum</strong></span> 
     </span>
    </p>
   </div>
   <div class='ocr_carea' id='block_1_39' title="bbox 435 2213 2000 2290">
    <p class='ocr_par' dir='ltr' id='par_1_39' title="bbox 435 2213 2000 2290">
     <span class='ocr_line' id='line_1_39' title="bbox 435 2213 2000 2290; baseline 0 -17"><span class='ocrx_word' id='word_1_274' title='bbox 435 2219 801 2290; x_wconf 89' lang='lat' dir='ltr'><strong>presbysteris</strong></span> <span class='ocrx_word' id='word_1_275' title='bbox 845 2220 1075 2272; x_wconf 86' lang='lat' dir='ltr'><strong>honesta</strong></span> <span class='ocrx_word' id='word_1_276' title='bbox 1129 2217 1324 2272; x_wconf 89' lang='lat' dir='ltr'><strong>docere</strong></span> <span class='ocrx_word' id='word_1_277' title='bbox 1371 2219 1440 2270; x_wconf 83' lang='grc'><strong>²¹.</strong></span> <span class='ocrx_word' id='word_1_278' title='bbox 1473 2213 1605 2272; x_wconf 86' lang='lat' dir='ltr'><strong>Vide</strong></span> <span class='ocrx_word' id='word_1_279' title='bbox 1634 2233 1762 2272; x_wconf 92' lang='lat' dir='ltr'><strong>vero</strong></span> <span class='ocrx_word' id='word_1_280' title='bbox 1793 2235 1860 2272; x_wconf 89' lang='lat' dir='ltr'><strong>an</strong></span> <span class='ocrx_word' id='word_1_281' title='bbox 1896 2233 2000 2273; x_wconf 93' lang='lat' dir='ltr'><strong>non</strong></span> 
     </span>
    </p>
   </div>
   <div class='ocr_carea' id='block_1_40' title="bbox 436 2308 2001 2380">
    <p class='ocr_par' dir='ltr' id='par_1_40' title="bbox 436 2308 2001 2380">
     <span class='ocr_line' id='line_1_40' title="bbox 436 2308 2001 2380; baseline -0.001 -14"><span class='ocrx_word' id='word_1_282' title='bbox 436 2310 601 2366; x_wconf 88' lang='lat' dir='ltr'><strong>etiam</strong></span> <span class='ocrx_word' id='word_1_283' title='bbox 657 2325 946 2380; x_wconf 87' lang='lat' dir='ltr'><strong>operosum</strong></span> <span class='ocrx_word' id='word_1_284' title='bbox 985 2311 1057 2365; x_wconf 88' lang='lat' dir='ltr'><strong>sit</strong></span> <span class='ocrx_word' id='word_1_285' title='bbox 1106 2309 1329 2364; x_wconf 90' lang='lat' dir='ltr'><strong>cuilibet</strong></span> <span class='ocrx_word' id='word_1_286' title='bbox 1355 2308 1558 2364; x_wconf 90' lang='lat' dir='ltr'><strong>Christi</strong></span> <span class='ocrx_word' id='word_1_287' title='bbox 1606 2311 1872 2380; x_wconf 88' lang='lat' dir='ltr'><strong>discipulo</strong></span> <span class='ocrx_word' id='word_1_288' title='bbox 1903 2327 2001 2364; x_wconf 88' lang='lat' dir='ltr'><strong>vo-</strong></span> 
     </span>
    </p>
   </div>
   <div class='ocr_carea' id='block_1_41' title="bbox 437 2402 2001 2472">
    <p class='ocr_par' dir='ltr' id='par_1_41' title="bbox 437 2402 2001 2472">
     <span class='ocr_line' id='line_1_41' title="bbox 437 2402 2001 2472; baseline 0 -16"><span class='ocrx_word' id='word_1_289' title='bbox 437 2402 569 2459; x_wconf 87' lang='lat' dir='ltr'><strong>lenti</strong></span> <span class='ocrx_word' id='word_1_290' title='bbox 602 2404 828 2472; x_wconf 90' lang='lat' dir='ltr'><strong>implere</strong></span> <span class='ocrx_word' id='word_1_291' title='bbox 881 2403 1194 2457; x_wconf 89' lang='lat' dir='ltr'><strong>mandatum</strong></span> <span class='ocrx_word' id='word_1_292' title='bbox 1226 2402 1438 2468; x_wconf 88' lang='lat' dir='ltr'><strong>dicens,</strong></span> <span class='ocrx_word' id='word_1_293' title='bbox 1506 2419 1525 2453; x_wconf 83' lang='lat' dir='ltr'><strong>t</strong></span> <span class='ocrx_word' id='word_1_294' title='bbox 1561 2402 1626 2455; x_wconf 87' lang='lat' dir='ltr'><strong>Et</strong></span> <span class='ocrx_word' id='word_1_295' title='bbox 1669 2418 1764 2456; x_wconf 89' lang='lat' dir='ltr'><strong>vos</strong></span> <span class='ocrx_word' id='word_1_296' title='bbox 1793 2403 2001 2458; x_wconf 85' lang='lat' dir='ltr'><strong>debetis</strong></span> 
     </span>
    </p>
   </div>
   <div class='ocr_carea' id='block_1_42' title="bbox 437 2494 2002 2563">
    <p class='ocr_par' dir='ltr' id='par_1_42' title="bbox 437 2494 2002 2563">
     <span class='ocr_line' id='line_1_42' title="bbox 437 2494 2002 2563; baseline 0 -15"><span class='ocrx_word' id='word_1_297' title='bbox 437 2494 531 2550; x_wconf 87' lang='lat' dir='ltr'><strong>alii</strong></span> <span class='ocrx_word' id='word_1_298' title='bbox 562 2494 789 2549; x_wconf 91' lang='lat' dir='ltr'><strong>aliorum</strong></span> <span class='ocrx_word' id='word_1_299' title='bbox 827 2495 1007 2550; x_wconf 86' lang='lat' dir='ltr'><strong>lavare</strong></span> <span class='ocrx_word' id='word_1_300' title='bbox 1054 2496 1218 2563; x_wconf 84' lang='lat' dir='ltr'><strong>pedes</strong></span> <span class='ocrx_word' id='word_1_301' title='bbox 1263 2495 1330 2558; x_wconf 86' lang='grc'>²²,</span> <span class='ocrx_word' id='word_1_302' title='bbox 1383 2512 1401 2545; x_wconf 77' lang='grc' dir='ltr'><strong>ι</strong></span> <span class='ocrx_word' id='word_1_303' title='bbox 1452 2494 1497 2548; x_wconf 88' lang='lat' dir='ltr'><strong>si</strong></span> <span class='ocrx_word' id='word_1_304' title='bbox 1533 2494 1666 2548; x_wconf 89' lang='lat' dir='ltr'><strong>velit</strong></span> <span class='ocrx_word' id='word_1_305' title='bbox 1693 2494 2002 2562; x_wconf 83' lang='lat' dir='ltr'><strong>corporales</strong></span> 
     </span>
    </p>
   </div>
   <div class='ocr_carea' id='block_1_43' title="bbox 441 2585 2000 2655">
    <p class='ocr_par' dir='ltr' id='par_1_43' title="bbox 441 2585 2000 2655">
     <span class='ocr_line' id='line_1_43' title="bbox 441 2585 2000 2655; baseline 0.001 -16"><span class='ocrx_word' id='word_1_306' title='bbox 441 2601 507 2641; x_wconf 87' lang='lat' dir='ltr'><strong>ac</strong></span> <span class='ocrx_word' id='word_1_307' title='bbox 537 2585 822 2641; x_wconf 82' lang='lat' dir='ltr'><strong>sensibiles</strong></span> <span class='ocrx_word' id='word_1_308' title='bbox 854 2585 1084 2640; x_wconf 81' lang='lat' dir='ltr'><strong>fratrum</strong></span> <span class='ocrx_word' id='word_1_309' title='bbox 1119 2586 1280 2654; x_wconf 88' lang='lat' dir='ltr'><strong>pedes</strong></span> <span class='ocrx_word' id='word_1_310' title='bbox 1315 2585 1516 2651; x_wconf 84' lang='lat' dir='ltr'><strong>lavare,</strong></span> <span class='ocrx_word' id='word_1_311' title='bbox 1550 2601 1651 2640; x_wconf 89' lang='lat' dir='ltr'><strong>ceu</strong></span> <span class='ocrx_word' id='word_1_312' title='bbox 1681 2602 1814 2655; x_wconf 87' lang='lat' dir='ltr'><strong>opus</strong></span> <span class='ocrx_word' id='word_1_313' title='bbox 1844 2587 2000 2640; x_wconf 80' lang='lat' dir='ltr'><strong>dehi-</strong></span> 
     </span>
    </p>
   </div>
   <div class='ocr_carea' id='block_1_44' title="bbox 441 2676 2004 2747">
    <p class='ocr_par' dir='ltr' id='par_1_44' title="bbox 441 2676 2004 2747">
     <span class='ocr_line' id='line_1_44' title="bbox 441 2676 2004 2747; baseline 0 -17"><span class='ocrx_word' id='word_1_314' title='bbox 441 2686 578 2741; x_wconf 91' lang='lat' dir='ltr'><strong>tum,</strong></span> <span class='ocrx_word' id='word_1_315' title='bbox 633 2686 690 2732; x_wconf 93' lang='lat' dir='ltr'><strong>ut</strong></span> <span class='ocrx_word' id='word_1_316' title='bbox 742 2677 926 2732; x_wconf 89' lang='lat' dir='ltr'><strong>ﬁdeles</strong></span> <span class='ocrx_word' id='word_1_317' title='bbox 963 2677 1019 2730; x_wconf 92' lang='lat' dir='ltr'><strong>in</strong></span> <span class='ocrx_word' id='word_1_318' title='bbox 1049 2679 1242 2747; x_wconf 87' lang='lat' dir='ltr'><strong>quovis</strong></span> <span class='ocrx_word' id='word_1_319' title='bbox 1267 2676 1393 2730; x_wconf 69' lang='lat' dir='ltr'><strong>vita:</strong></span> <span class='ocrx_word' id='word_1_320' title='bbox 1437 2691 1637 2747; x_wconf 79' lang='lat' dir='ltr'><strong>genere</strong></span> <span class='ocrx_word' id='word_1_321' title='bbox 1683 2676 2004 2731; x_wconf 81' lang='lat' dir='ltr'><strong>exsistentes</strong></span> 
     </span>
    </p>
   </div>
   <div class='ocr_carea' id='block_1_45' title="bbox 440 2768 2004 2838">
    <p class='ocr_par' dir='ltr' id='par_1_45' title="bbox 440 2768 2004 2838">
     <span class='ocr_line' id='line_1_45' title="bbox 440 2768 2004 2838; baseline -0.001 -16"><span class='ocrx_word' id='word_1_322' title='bbox 440 2770 546 2824; x_wconf 86' lang='lat' dir='ltr'><strong>hoc</strong></span> <span class='ocrx_word' id='word_1_323' title='bbox 571 2770 792 2838; x_wconf 86' lang='lat' dir='ltr'><strong>faciant,</strong></span> <span class='ocrx_word' id='word_1_324' title='bbox 835 2770 948 2824; x_wconf 88' lang='lat' dir='ltr'><strong>sive</strong></span> <span class='ocrx_word' id='word_1_325' title='bbox 978 2770 1072 2838; x_wconf 88' lang='lat' dir='ltr'><strong>qui</strong></span> <span class='ocrx_word' id='word_1_326' title='bbox 1112 2769 1363 2823; x_wconf 88' lang='lat' dir='ltr'><strong>videntur</strong></span> <span class='ocrx_word' id='word_1_327' title='bbox 1401 2783 1526 2823; x_wconf 88' lang='lat' dir='ltr'><strong>esse</strong></span> <span class='ocrx_word' id='word_1_328' title='bbox 1571 2768 1622 2822; x_wconf 89' lang='lat' dir='ltr'><strong>in</strong></span> <span class='ocrx_word' id='word_1_329' title='bbox 1673 2768 2004 2823; x_wconf 86' lang='lat' dir='ltr'><strong>sublimitate</strong></span> 
     </span>
    </p>
   </div>
   <div class='ocr_carea' id='block_1_46' title="bbox 439 2861 2005 2931">
    <p class='ocr_par' dir='ltr' id='par_1_46' title="bbox 439 2861 2005 2931">
     <span class='ocr_line' id='line_1_46' title="bbox 439 2861 2005 2931; baseline 0.001 -17"><span class='ocrx_word' id='word_1_330' title='bbox 439 2861 808 2918; x_wconf 88' lang='lat' dir='ltr'><strong>ecclesiastica</strong></span> <span class='ocrx_word' id='word_1_331' title='bbox 836 2861 1100 2930; x_wconf 83' lang='lat' dir='ltr'><strong>episcOpi,</strong></span> <span class='ocrx_word' id='word_1_332' title='bbox 1133 2870 1187 2916; x_wconf 91' lang='lat' dir='ltr'><strong>et</strong></span> <span class='ocrx_word' id='word_1_333' title='bbox 1221 2862 1545 2931; x_wconf 84' lang='lat' dir='ltr'><strong>pr‘esbyteri,</strong></span> <span class='ocrx_word' id='word_1_334' title='bbox 1574 2863 1687 2916; x_wconf 91' lang='lat' dir='ltr'><strong>sive</strong></span> <span class='ocrx_word' id='word_1_335' title='bbox 1714 2863 1765 2915; x_wconf 91' lang='lat' dir='ltr'><strong>in</strong></span> <span class='ocrx_word' id='word_1_336' title='bbox 1789 2861 2005 2930; x_wconf 88' lang='lat' dir='ltr'><strong>quibus-</strong></span> 
     </span>
    </p>
   </div>
   <div class='ocr_carea' id='block_1_47' title="bbox 437 2951 2004 3023">
    <p class='ocr_par' dir='ltr' id='par_1_47' title="bbox 437 2951 2004 3023">
     <span class='ocr_line' id='line_1_47' title="bbox 437 2951 2004 3023; baseline 0 -15"><span class='ocrx_word' id='word_1_337' title='bbox 437 2951 566 3008; x_wconf 87' lang='lat' dir='ltr'><strong>dam</strong></span> <span class='ocrx_word' id='word_1_338' title='bbox 597 2953 720 3007; x_wconf 90' lang='lat' dir='ltr'><strong>aliis</strong></span> <span class='ocrx_word' id='word_1_339' title='bbox 752 2954 1040 3008; x_wconf 89' lang='lat' dir='ltr'><strong>mundanis</strong></span> <span class='ocrx_word' id='word_1_340' title='bbox 1062 2953 1457 3023; x_wconf 79' lang='lat' dir='ltr'><strong>dignitatibus;</strong></span> <span class='ocrx_word' id='word_1_341' title='bbox 1489 2956 1622 3008; x_wconf 88' lang='lat' dir='ltr'><strong>adeo</strong></span> <span class='ocrx_word' id='word_1_342' title='bbox 1665 2964 1724 3008; x_wconf 91' lang='lat' dir='ltr'><strong>ut</strong></span> <span class='ocrx_word' id='word_1_343' title='bbox 1754 2955 1894 3008; x_wconf 89' lang='lat' dir='ltr'><strong>hanc</strong></span> <span class='ocrx_word' id='word_1_344' title='bbox 1933 2955 2004 3008; x_wconf 94' lang='lat' dir='ltr'><strong>ob</strong></span> 
     </span>
    </p>
   </div>
   <div class='ocr_carea' id='block_1_48' title="bbox 439 3043 2070 3132">
    <p class='ocr_par' dir='ltr' id='par_1_48' title="bbox 439 3043 2070 3132">
     <span class='ocr_line' id='line_1_48' title="bbox 439 3043 2070 3132; baseline 0.001 -36"><span class='ocrx_word' id='word_1_345' title='bbox 439 3055 660 3096; x_wconf 85' lang='lat' dir='ltr'><strong>causam</strong></span> <span class='ocrx_word' id='word_1_346' title='bbox 715 3043 879 3096; x_wconf 90' lang='lat' dir='ltr'><strong>herus</strong></span> <span class='ocrx_word' id='word_1_347' title='bbox 937 3056 1153 3111; x_wconf 87' lang='lat' dir='ltr'><strong>quoque</strong></span> <span class='ocrx_word' id='word_1_348' title='bbox 1209 3043 1388 3096; x_wconf 88' lang='lat' dir='ltr'><strong>veniat</strong></span> <span class='ocrx_word' id='word_1_349' title='bbox 1441 3044 1507 3097; x_wconf 88' lang='lat' dir='ltr'><strong>ad</strong></span> <span class='ocrx_word' id='word_1_350' title='bbox 1556 3044 1811 3099; x_wconf 86' lang='lat' dir='ltr'><strong>lavandos</strong></span> <span class='ocrx_word' id='word_1_351' title='bbox 1859 3043 1999 3098; x_wconf 89' lang='lat' dir='ltr'><strong>servi</strong></span> <span class='ocrx_word' id='word_1_352' title='bbox 2029 3075 2070 3132; x_wconf 64' lang='grc' dir='ltr'>ο</span> 
     </span>
    </p>
   </div>
   <div class='ocr_carea' id='block_1_49' title="bbox 437 3132 2000 3204">
    <p class='ocr_par' dir='ltr' id='par_1_49' title="bbox 437 3132 2000 3204">
     <span class='ocr_line' id='line_1_49' title="bbox 437 3132 2000 3204; baseline 0 -17"><span class='ocrx_word' id='word_1_353' title='bbox 437 3132 709 3188; x_wconf 84' lang='lat' dir='ltr'><strong>credentis</strong></span> <span class='ocrx_word' id='word_1_354' title='bbox 745 3134 930 3202; x_wconf 88' lang='lat' dir='ltr'><strong>pedes,</strong></span> <span class='ocrx_word' id='word_1_355' title='bbox 957 3142 1013 3186; x_wconf 91' lang='lat' dir='ltr'><strong>et</strong></span> <span class='ocrx_word' id='word_1_356' title='bbox 1041 3141 1294 3202; x_wconf 89' lang='lat' dir='ltr'><strong>parentes</strong></span> <span class='ocrx_word' id='word_1_357' title='bbox 1325 3134 1440 3189; x_wconf 89' lang='lat' dir='ltr'><strong>ﬁlii.</strong></span> <span class='ocrx_word' id='word_1_358' title='bbox 1491 3133 1590 3199; x_wconf 85' lang='lat' dir='ltr'><strong>Qui</strong></span> <span class='ocrx_word' id='word_1_359' title='bbox 1629 3150 1744 3189; x_wconf 92' lang='lat' dir='ltr'><strong>mos</strong></span> <span class='ocrx_word' id='word_1_360' title='bbox 1783 3135 2000 3204; x_wconf 88' lang='lat' dir='ltr'><strong>quidem</strong></span> 
     </span>
    </p>
   </div>
   <div class='ocr_carea' id='block_1_50' title="bbox 440 3226 2003 3297">
    <p class='ocr_par' dir='ltr' id='par_1_50' title="bbox 440 3226 2003 3297">
     <span class='ocr_line' id='line_1_50' title="bbox 440 3226 2003 3297; baseline 0.002 -18"><span class='ocrx_word' id='word_1_361' title='bbox 440 3233 581 3293; x_wconf 86' lang='lat' dir='ltr'><strong>erat,</strong></span> <span class='ocrx_word' id='word_1_362' title='bbox 637 3226 732 3280; x_wconf 88' lang='lat' dir='ltr'><strong>sed</strong></span> <span class='ocrx_word' id='word_1_363' title='bbox 768 3241 908 3281; x_wconf 94' lang='lat' dir='ltr'><strong>nunc</strong></span> <span class='ocrx_word' id='word_1_364' title='bbox 938 3240 1042 3280; x_wconf 89' lang='lat' dir='ltr'><strong>non</strong></span> <span class='ocrx_word' id='word_1_365' title='bbox 1096 3228 1178 3291; x_wconf 92' lang='lat' dir='ltr'><strong>ﬁt,</strong></span> <span class='ocrx_word' id='word_1_366' title='bbox 1229 3229 1332 3283; x_wconf 88' lang='lat' dir='ltr'><strong>nisi</strong></span> <span class='ocrx_word' id='word_1_367' title='bbox 1374 3242 1535 3297; x_wconf 87' lang='lat' dir='ltr'><strong>supra</strong></span> <span class='ocrx_word' id='word_1_368' title='bbox 1569 3228 1784 3282; x_wconf 91' lang='lat' dir='ltr'><strong>modum</strong></span> <span class='ocrx_word' id='word_1_369' title='bbox 1836 3227 2003 3282; x_wconf 85' lang='lat' dir='ltr'><strong>raris-</strong></span> 
     </span>
    </p>
   </div>
   <div class='ocr_carea' id='block_1_51' title="bbox 439 3317 2000 3389">
    <p class='ocr_par' dir='ltr' id='par_1_51' title="bbox 439 3317 2000 3389">
     <span class='ocr_line' id='line_1_51' title="bbox 439 3317 2000 3389; baseline 0.003 -17"><span class='ocrx_word' id='word_1_370' title='bbox 439 3317 596 3382; x_wconf 87' lang='lat' dir='ltr'><strong>sime,</strong></span> <span class='ocrx_word' id='word_1_371' title='bbox 631 3326 687 3372; x_wconf 92' lang='lat' dir='ltr'><strong>et</strong></span> <span class='ocrx_word' id='word_1_372' title='bbox 716 3319 856 3388; x_wconf 86' lang='lat' dir='ltr'><strong>apud</strong></span> <span class='ocrx_word' id='word_1_373' title='bbox 896 3318 1182 3373; x_wconf 87' lang='lat' dir='ltr'><strong>admodum</strong></span> <span class='ocrx_word' id='word_1_374' title='bbox 1233 3320 1513 3389; x_wconf 89' lang='lat' dir='ltr'><strong>simplices</strong></span> <span class='ocrx_word' id='word_1_375' title='bbox 1548 3321 2000 3389; x_wconf 84' lang='lat' dir='ltr'><strong>rusticioresque.</strong></span> 
     </span>
    </p>
   </div>
   <div class='ocr_carea' id='block_1_52' title="bbox 436 3407 2002 3480">
    <p class='ocr_par' dir='ltr' id='par_1_52' title="bbox 436 3407 2002 3480">
     <span class='ocr_line' id='line_1_52' title="bbox 436 3407 2002 3480; baseline 0.001 -18"><span class='ocrx_word' id='word_1_376' title='bbox 436 3407 599 3480; x_wconf 59' lang='lat'><strong>5.23</strong></span> <span class='ocrx_word' id='word_1_377' title='bbox 624 3407 828 3465; x_wconf 65' lang='lat' dir='ltr'><strong>Praeter</strong></span> <span class='ocrx_word' id='word_1_378' title='bbox 856 3410 970 3465; x_wconf 74' lang='lat' dir='ltr'><strong>hzec</strong></span> <span class='ocrx_word' id='word_1_379' title='bbox 995 3419 1174 3465; x_wconf 85' lang='lat' dir='ltr'><strong>autem</strong></span> <span class='ocrx_word' id='word_1_380' title='bbox 1205 3411 1516 3466; x_wconf 90' lang='lat' dir='ltr'><strong>meminisse</strong></span> <span class='ocrx_word' id='word_1_381' title='bbox 1543 3412 1798 3465; x_wconf 90' lang='lat' dir='ltr'><strong>debemus</strong></span> <span class='ocrx_word' id='word_1_382' title='bbox 1816 3424 2002 3464; x_wconf 88' lang='lat' dir='ltr'><strong>eorum</strong></span> 
     </span>
    </p>
   </div>
   <div class='ocr_carea' id='block_1_53' title="bbox 438 3501 2004 3572">
    <p class='ocr_par' dir='ltr' id='par_1_53' title="bbox 438 3501 2004 3572">
     <span class='ocr_line' id='line_1_53' title="bbox 438 3501 2004 3572; baseline 0 -17"><span class='ocrx_word' id='word_1_383' title='bbox 438 3516 561 3572; x_wconf 78' lang='lat' dir='ltr'><strong>quae</strong></span> <span class='ocrx_word' id='word_1_384' title='bbox 586 3502 938 3557; x_wconf 83' lang='lat' dir='ltr'><strong>disseruimus</strong></span> <span class='ocrx_word' id='word_1_385' title='bbox 963 3503 1019 3556; x_wconf 90' lang='lat' dir='ltr'><strong>in</strong></span> <span class='ocrx_word' id='word_1_386' title='bbox 1041 3503 1183 3556; x_wconf 90' lang='lat' dir='ltr'><strong>hunc</strong></span> <span class='ocrx_word' id='word_1_387' title='bbox 1209 3513 1522 3556; x_wconf 81' lang='lat' dir='ltr'><strong>contextum</strong></span> <span class='ocrx_word' id='word_1_388' title='bbox 1540 3501 1614 3569; x_wconf 80' lang='grc'><strong>³³,</strong></span> <span class='ocrx_word' id='word_1_389' title='bbox 1645 3502 1788 3555; x_wconf 67' lang='lat' dir='ltr'><strong>«Nisi</strong></span> <span class='ocrx_word' id='word_1_390' title='bbox 1821 3501 2004 3555; x_wconf 85' lang='lat' dir='ltr'><strong>lavero</strong></span> 
     </span>
    </p>
   </div>
   <div class='ocr_carea' id='block_1_54' title="bbox 440 3589 1996 3661">
    <p class='ocr_par' dir='ltr' id='par_1_54' title="bbox 440 3589 1996 3661">
     <span class='ocr_line' id='line_1_54' title="bbox 440 3589 1996 3661; baseline -0.002 -15"><span class='ocrx_word' id='word_1_391' title='bbox 440 3601 515 3657; x_wconf 88' lang='lat' dir='ltr'><strong>te,</strong></span> <span class='ocrx_word' id='word_1_392' title='bbox 547 3605 657 3646; x_wconf 89' lang='lat' dir='ltr'><strong>non</strong></span> <span class='ocrx_word' id='word_1_393' title='bbox 685 3592 852 3647; x_wconf 86' lang='lat' dir='ltr'><strong>habes</strong></span> <span class='ocrx_word' id='word_1_394' title='bbox 878 3598 1085 3661; x_wconf 88' lang='lat' dir='ltr'><strong>partem</strong></span> <span class='ocrx_word' id='word_1_395' title='bbox 1117 3605 1354 3656; x_wconf 91' lang='lat' dir='ltr'><strong>mecum,</strong></span> <span class='ocrx_word' id='word_1_396' title='bbox 1381 3610 1398 3640; x_wconf 76' lang='grc' dir='ltr'><strong>ι</strong></span> <span class='ocrx_word' id='word_1_397' title='bbox 1425 3599 1588 3660; x_wconf 88' lang='lat' dir='ltr'><strong>atque</strong></span> <span class='ocrx_word' id='word_1_398' title='bbox 1619 3591 1781 3644; x_wconf 88' lang='lat' dir='ltr'><strong>etiam</strong></span> <span class='ocrx_word' id='word_1_399' title='bbox 1811 3589 1957 3644; x_wconf 91' lang='lat' dir='ltr'><strong>illius</strong></span> <span class='ocrx_word' id='word_1_400' title='bbox 1981 3606 1996 3643; x_wconf 89' lang='lat'><strong>:</strong></span> 
     </span>
    </p>
   </div>
   <div class='ocr_carea' id='block_1_55' title="bbox 445 3681 2005 3754">
    <p class='ocr_par' dir='ltr' id='par_1_55' title="bbox 445 3681 2005 3754">
     <span class='ocr_line' id='line_1_55' title="bbox 445 3681 2005 3754; baseline 0 -18"><span class='ocrx_word' id='word_1_401' title='bbox 445 3701 466 3736; x_wconf 76' lang='grc' dir='ltr'><strong>ι</strong></span> <span class='ocrx_word' id='word_1_402' title='bbox 502 3684 668 3739; x_wconf 89' lang='lat' dir='ltr'><strong>Scitis</strong></span> <span class='ocrx_word' id='word_1_403' title='bbox 695 3683 824 3754; x_wconf 91' lang='lat' dir='ltr'><strong>quid</strong></span> <span class='ocrx_word' id='word_1_404' title='bbox 846 3683 1066 3738; x_wconf 89' lang='lat' dir='ltr'><strong>fecerim</strong></span> <span class='ocrx_word' id='word_1_405' title='bbox 1095 3683 1283 3738; x_wconf 85' lang='lat' dir='ltr'><strong>vobis?</strong></span> <span class='ocrx_word' id='word_1_406' title='bbox 1308 3701 1328 3732; x_wconf 69' lang='grc' dir='ltr'><strong>ι</strong></span> <span class='ocrx_word' id='word_1_407' title='bbox 1354 3682 1517 3736; x_wconf 87' lang='lat' dir='ltr'><strong>Decet</strong></span> <span class='ocrx_word' id='word_1_408' title='bbox 1541 3682 1687 3736; x_wconf 90' lang='lat' dir='ltr'><strong>enim</strong></span> <span class='ocrx_word' id='word_1_409' title='bbox 1706 3681 1888 3736; x_wconf 82' lang='lat' dir='ltr'><strong>Jesum</strong></span> <span class='ocrx_word' id='word_1_410' title='bbox 1911 3681 2005 3736; x_wconf 93' lang='lat' dir='ltr'><strong>de-</strong></span> 
     </span>
    </p>
   </div>
   <div class='ocr_carea' id='block_1_56' title="bbox 439 3773 2004 3843">
    <p class='ocr_par' dir='ltr' id='par_1_56' title="bbox 439 3773 2004 3843">
     <span class='ocr_line' id='line_1_56' title="bbox 439 3773 2004 3843; baseline -0.003 -13"><span class='ocrx_word' id='word_1_411' title='bbox 439 3773 586 3830; x_wconf 88' lang='lat' dir='ltr'><strong>disse</strong></span> <span class='ocrx_word' id='word_1_412' title='bbox 611 3775 769 3830; x_wconf 89' lang='lat' dir='ltr'><strong>nobis</strong></span> <span class='ocrx_word' id='word_1_413' title='bbox 796 3773 1101 3843; x_wconf 80' lang='lat' dir='ltr'><strong>exemplum</strong></span> <span class='ocrx_word' id='word_1_414' title='bbox 1127 3773 1194 3829; x_wconf 91' lang='lat' dir='ltr'><strong>de</strong></span> <span class='ocrx_word' id='word_1_415' title='bbox 1221 3774 1465 3828; x_wconf 84' lang='lat' dir='ltr'><strong>lavandis</strong></span> <span class='ocrx_word' id='word_1_416' title='bbox 1489 3773 1715 3843; x_wconf 90' lang='lat' dir='ltr'><strong>pedibus</strong></span> <span class='ocrx_word' id='word_1_417' title='bbox 1734 3773 2004 3842; x_wconf 14' lang='lat' dir='ltr'><strong>principa-e</strong></span> 
     </span>
    </p>
   </div>
   <div class='ocr_carea' id='block_1_57' title="bbox 440 3863 2006 3938">
    <p class='ocr_par' dir='ltr' id='par_1_57' title="bbox 440 3863 2006 3938">
     <span class='ocr_line' id='line_1_57' title="bbox 440 3863 2006 3938; baseline -0.003 -16"><span class='ocrx_word' id='word_1_418' title='bbox 440 3867 602 3933; x_wconf 89' lang='lat' dir='ltr'><strong>libus,</strong></span> <span class='ocrx_word' id='word_1_419' title='bbox 630 3867 772 3938; x_wconf 91' lang='lat' dir='ltr'><strong>quod</strong></span> <span class='ocrx_word' id='word_1_420' title='bbox 813 3869 1108 3936; x_wconf 88' lang='lat' dir='ltr'><strong>respondet</strong></span> <span class='ocrx_word' id='word_1_421' title='bbox 1137 3866 1221 3920; x_wconf 89' lang='lat' dir='ltr'><strong>his</strong></span> <span class='ocrx_word' id='word_1_422' title='bbox 1244 3880 1364 3934; x_wconf 67' lang='lat' dir='ltr'><strong>quae</strong></span> <span class='ocrx_word' id='word_1_423' title='bbox 1392 3865 1599 3934; x_wconf 91' lang='lat' dir='ltr'><strong>tropice</strong></span> <span class='ocrx_word' id='word_1_424' title='bbox 1619 3865 1759 3918; x_wconf 90' lang='lat' dir='ltr'><strong>dicta</strong></span> <span class='ocrx_word' id='word_1_425' title='bbox 1788 3863 2006 3918; x_wconf 88' lang='lat' dir='ltr'><strong>fuerunt</strong></span> 
     </span>
    </p>
   </div>
   <div class='ocr_carea' id='block_1_58' title="bbox 440 3957 2004 4030">
    <p class='ocr_par' dir='ltr' id='par_1_58' title="bbox 440 3957 2004 4030">
     <span class='ocr_line' id='line_1_58' title="bbox 440 3957 2004 4030; baseline -0.003 -15"><span class='ocrx_word' id='word_1_426' title='bbox 440 3976 471 4015; x_wconf 90' lang='lat' dir='ltr'><strong>a</strong></span> <span class='ocrx_word' id='word_1_427' title='bbox 499 3975 693 4030; x_wconf 89' lang='lat' dir='ltr'><strong>sponsa</strong></span> <span class='ocrx_word' id='word_1_428' title='bbox 727 3961 783 4014; x_wconf 90' lang='lat' dir='ltr'><strong>in</strong></span> <span class='ocrx_word' id='word_1_429' title='bbox 809 3959 1044 4015; x_wconf 87' lang='lat' dir='ltr'><strong>Cantico</strong></span> <span class='ocrx_word' id='word_1_430' title='bbox 1067 3961 1422 4024; x_wconf 88' lang='lat' dir='ltr'><strong>canticorum,</strong></span> <span class='ocrx_word' id='word_1_431' title='bbox 1453 3960 1578 4013; x_wconf 90' lang='lat' dir='ltr'><strong>dum</strong></span> <span class='ocrx_word' id='word_1_432' title='bbox 1606 3957 1738 4012; x_wconf 91' lang='lat' dir='ltr'><strong>dicit</strong></span> <span class='ocrx_word' id='word_1_433' title='bbox 1768 3974 1782 4010; x_wconf 90' lang='lat'><strong>:</strong></span> <span class='ocrx_word' id='word_1_434' title='bbox 1817 3975 1836 4007; x_wconf 84' lang='grc' dir='ltr'><strong>ι</strong></span> <span class='ocrx_word' id='word_1_435' title='bbox 1873 3957 2004 4011; x_wconf 81' lang='lat' dir='ltr'><strong>Lavi</strong></span> 
     </span>
    </p>
   </div>
   <div class='ocr_carea' id='block_1_59' title="bbox 439 4049 2004 4121">
    <p class='ocr_par' dir='ltr' id='par_1_59' title="bbox 439 4049 2004 4121">
     <span class='ocr_line' id='line_1_59' title="bbox 439 4049 2004 4121; baseline -0.003 -14"><span class='ocrx_word' id='word_1_436' title='bbox 439 4053 605 4121; x_wconf 86' lang='lat' dir='ltr'><strong>pedes</strong></span> <span class='ocrx_word' id='word_1_437' title='bbox 631 4066 798 4116; x_wconf 87' lang='lat' dir='ltr'><strong>meos,</strong></span> <span class='ocrx_word' id='word_1_438' title='bbox 825 4053 1095 4121; x_wconf 89' lang='lat' dir='ltr'><strong>quomodo</strong></span> <span class='ocrx_word' id='word_1_439' title='bbox 1139 4052 1429 4121; x_wconf 89' lang='lat' dir='ltr'><strong>inquinabo</strong></span> <span class='ocrx_word' id='word_1_440' title='bbox 1461 4051 1579 4104; x_wconf 91' lang='lat' dir='ltr'><strong>illos</strong></span> <span class='ocrx_word' id='word_1_441' title='bbox 1606 4049 1732 4116; x_wconf 52' lang='lat'><strong>&quot;1&quot;»</strong></span> <span class='ocrx_word' id='word_1_442' title='bbox 1765 4049 2004 4103; x_wconf 85' lang='lat' dir='ltr'><strong>Attende</strong></span> 
     </span>
    </p>
   </div>
   <div class='ocr_carea' id='block_1_60' title="bbox 443 4137 2004 4212">
    <p class='ocr_par' dir='ltr' id='par_1_60' title="bbox 443 4137 2004 4212">
     <span class='ocr_line' id='line_1_60' title="bbox 443 4137 2004 4212; baseline -0.003 -16"><span class='ocrx_word' id='word_1_443' title='bbox 443 4151 622 4197; x_wconf 90' lang='lat' dir='ltr'><strong>autem</strong></span> <span class='ocrx_word' id='word_1_444' title='bbox 656 4144 779 4197; x_wconf 91' lang='lat' dir='ltr'><strong>huic</strong></span> <span class='ocrx_word' id='word_1_445' title='bbox 799 4142 961 4208; x_wconf 89' lang='lat' dir='ltr'><strong>dicto,</strong></span> <span class='ocrx_word' id='word_1_446' title='bbox 1013 4160 1032 4193; x_wconf 74' lang='grc' dir='ltr'><strong>ι</strong></span> <span class='ocrx_word' id='word_1_447' title='bbox 1068 4141 1140 4198; x_wconf 90' lang='lat' dir='ltr'><strong>Ut</strong></span> <span class='ocrx_word' id='word_1_448' title='bbox 1177 4143 1623 4212; x_wconf 89' lang='lat' dir='ltr'><strong>quemadmodum</strong></span> <span class='ocrx_word' id='word_1_449' title='bbox 1654 4153 1753 4208; x_wconf 87' lang='lat' dir='ltr'><strong>ego</strong></span> <span class='ocrx_word' id='word_1_450' title='bbox 1783 4137 1882 4192; x_wconf 89' lang='lat' dir='ltr'><strong>feci</strong></span> <span class='ocrx_word' id='word_1_451' title='bbox 1909 4153 2004 4192; x_wconf 89' lang='lat' dir='ltr'><strong>vo-</strong></span> 
     </span>
    </p>
   </div>
   <div class='ocr_carea' id='block_1_61' title="bbox 440 4231 2002 4300">
    <p class='ocr_par' dir='ltr' id='par_1_61' title="bbox 440 4231 2002 4300">
     <span class='ocr_line' id='line_1_61' title="bbox 440 4231 2002 4300; baseline -0.004 -11"><span class='ocrx_word' id='word_1_452' title='bbox 440 4235 543 4299; x_wconf 90' lang='lat' dir='ltr'><strong>bis,</strong></span> <span class='ocrx_word' id='word_1_453' title='bbox 575 4236 649 4288; x_wconf 88' lang='lat' dir='ltr'><strong>ita</strong></span> <span class='ocrx_word' id='word_1_454' title='bbox 677 4248 774 4289; x_wconf 90' lang='lat' dir='ltr'><strong>vos</strong></span> <span class='ocrx_word' id='word_1_455' title='bbox 805 4234 967 4288; x_wconf 86' lang='lat' dir='ltr'><strong>etiam</strong></span> <span class='ocrx_word' id='word_1_456' title='bbox 998 4233 1208 4287; x_wconf 89' lang='lat' dir='ltr'><strong>faciatis</strong></span> <span class='ocrx_word' id='word_1_457' title='bbox 1230 4233 1297 4299; x_wconf 77' lang='lat'><strong>&quot;,</strong></span> <span class='ocrx_word' id='word_1_458' title='bbox 1325 4251 1344 4283; x_wconf 75' lang='grc' dir='ltr'><strong>ι</strong></span> <span class='ocrx_word' id='word_1_459' title='bbox 1373 4247 1492 4286; x_wconf 89' lang='lat' dir='ltr'><strong>cum</strong></span> <span class='ocrx_word' id='word_1_460' title='bbox 1521 4232 1622 4285; x_wconf 92' lang='lat' dir='ltr'><strong>hoc</strong></span> <span class='ocrx_word' id='word_1_461' title='bbox 1647 4231 1852 4300; x_wconf 83' lang='lat' dir='ltr'><strong>pariter</strong></span> <span class='ocrx_word' id='word_1_462' title='bbox 1874 4245 2002 4284; x_wconf 81' lang='lat' dir='ltr'><strong>exa-</strong></span> 
     </span>
    </p>
   </div>
   <div class='ocr_carea' id='block_1_62' title="bbox 442 4325 2006 4392">
    <p class='ocr_par' dir='ltr' id='par_1_62' title="bbox 442 4325 2006 4392">
     <span class='ocr_line' id='line_1_62' title="bbox 442 4325 2006 4392; baseline -0.002 -13"><span class='ocrx_word' id='word_1_463' title='bbox 442 4328 657 4380; x_wconf 88' lang='lat' dir='ltr'><strong>minans</strong></span> <span class='ocrx_word' id='word_1_464' title='bbox 691 4344 705 4381; x_wconf 88' lang='lat'><strong>:</strong></span> <span class='ocrx_word' id='word_1_465' title='bbox 748 4344 767 4378; x_wconf 79' lang='grc' dir='ltr'><strong>ι</strong></span> <span class='ocrx_word' id='word_1_466' title='bbox 801 4325 915 4380; x_wconf 79' lang='lat' dir='ltr'><strong>Nisi</strong></span> <span class='ocrx_word' id='word_1_467' title='bbox 961 4326 1142 4380; x_wconf 91' lang='lat' dir='ltr'><strong>lavero</strong></span> <span class='ocrx_word' id='word_1_468' title='bbox 1175 4336 1248 4390; x_wconf 90' lang='lat' dir='ltr'><strong>te,</strong></span> <span class='ocrx_word' id='word_1_469' title='bbox 1298 4341 1402 4379; x_wconf 87' lang='lat' dir='ltr'><strong>non</strong></span> <span class='ocrx_word' id='word_1_470' title='bbox 1441 4325 1609 4378; x_wconf 86' lang='lat' dir='ltr'><strong>habes</strong></span> <span class='ocrx_word' id='word_1_471' title='bbox 1640 4333 1846 4392; x_wconf 89' lang='lat' dir='ltr'><strong>partem</strong></span> <span class='ocrx_word' id='word_1_472' title='bbox 1889 4337 2006 4376; x_wconf 86' lang='lat' dir='ltr'><strong>me-</strong></span> 
     </span>
    </p>
   </div>
   <div class='ocr_carea' id='block_1_63' title="bbox 2101 1853 3611 1925">
    <p class='ocr_par' dir='ltr' id='par_1_63' title="bbox 2101 1853 3611 1925">
     <span class='ocr_line' id='line_1_63' title="bbox 2101 1853 3611 1925; baseline 0.003 -20"><span class='ocrx_word' id='word_1_473' title='bbox 2101 1853 2240 1906; x_wconf 80' lang='grc' dir='ltr'>ὥστε</span> <span class='ocrx_word' id='word_1_474' title='bbox 2283 1853 2425 1907; x_wconf 73' lang='grc' dir='ltr'>κατὰ</span> <span class='ocrx_word' id='word_1_475' title='bbox 2475 1854 2634 1906; x_wconf 90' lang='grc' dir='ltr'>τοῦτο</span> <span class='ocrx_word' id='word_1_476' title='bbox 2683 1855 2776 1908; x_wconf 68' lang='grc' dir='ltr'>καὶ</span> <span class='ocrx_word' id='word_1_477' title='bbox 2822 1855 2912 1907; x_wconf 85' lang='grc' dir='ltr'><strong>τὸν</strong></span> <span class='ocrx_word' id='word_1_478' title='bbox 2958 1855 3223 1925; x_wconf 84' lang='grc' dir='ltr'>δεσπότην</span> <span class='ocrx_word' id='word_1_479' title='bbox 3263 1857 3418 1925; x_wconf 76' lang='grc' dir='ltr'>ἥκειν</span> <span class='ocrx_word' id='word_1_480' title='bbox 3457 1857 3535 1908; x_wconf 79' lang='grc' dir='ltr'>ἐπὶ</span> <span class='ocrx_word' id='word_1_481' title='bbox 3570 1859 3611 1910; x_wconf 77' lang='grc' dir='ltr'>τὸ</span> 
     </span>
    </p>
   </div>
   <div class='ocr_carea' id='block_1_64' title="bbox 2100 1946 3610 2013">
    <p class='ocr_par' dir='ltr' id='par_1_64' title="bbox 2100 1946 3610 2013">
     <span class='ocr_line' id='line_1_64' title="bbox 2100 1946 3610 2013; baseline 0.003 -15"><span class='ocrx_word' id='word_1_482' title='bbox 2100 1946 2309 1998; x_wconf 82' lang='grc' dir='ltr'>νίπτειν</span> <span class='ocrx_word' id='word_1_483' title='bbox 2358 1947 2484 2009; x_wconf 77' lang='grc' dir='ltr'>τοὺς</span> <span class='ocrx_word' id='word_1_484' title='bbox 2549 1947 2714 2010; x_wconf 85' lang='grc' dir='ltr'>πόδας</span> <span class='ocrx_word' id='word_1_485' title='bbox 2764 1946 2856 2000; x_wconf 92' lang='grc' dir='ltr'><strong>τοῦ</strong></span> <span class='ocrx_word' id='word_1_486' title='bbox 2900 1947 3242 2011; x_wconf 85' lang='grc' dir='ltr'>πιστεύοντος</span> <span class='ocrx_word' id='word_1_487' title='bbox 3292 1948 3504 2013; x_wconf 84' lang='grc' dir='ltr'>δούλου,</span> <span class='ocrx_word' id='word_1_488' title='bbox 3545 1951 3610 2003; x_wconf 79' lang='grc' dir='ltr'>καὶ</span> 
     </span>
    </p>
   </div>
   <div class='ocr_carea' id='block_1_65' title="bbox 2099 2035 3610 2110">
    <p class='ocr_par' dir='ltr' id='par_1_65' title="bbox 2099 2035 3610 2110">
     <span class='ocr_line' id='line_1_65' title="bbox 2099 2035 3610 2110; baseline 0.001 -21"><span class='ocrx_word' id='word_1_489' title='bbox 2099 2038 2226 2100; x_wconf 76' lang='grc' dir='ltr'>τοὺς</span> <span class='ocrx_word' id='word_1_490' title='bbox 2272 2041 2449 2106; x_wconf 86' lang='grc' dir='ltr'>γονεῖς</span> <span class='ocrx_word' id='word_1_491' title='bbox 2493 2037 2586 2090; x_wconf 89' lang='grc' dir='ltr'><strong>τοῦ</strong></span> <span class='ocrx_word' id='word_1_492' title='bbox 2637 2038 2784 2091; x_wconf 82' lang='grc' dir='ltr'>υἱοῦ·</span> <span class='ocrx_word' id='word_1_493' title='bbox 2827 2040 2964 2110; x_wconf 85' lang='grc' dir='ltr'>ὅπερ</span> <span class='ocrx_word' id='word_1_494' title='bbox 2993 2038 3112 2102; x_wconf 73' lang='grc' dir='ltr'>ἔθος</span> <span class='ocrx_word' id='word_1_495' title='bbox 3141 2035 3228 2109; x_wconf 80' lang='grc' dir='ltr'>ἦν,</span> <span class='ocrx_word' id='word_1_496' title='bbox 3264 2040 3325 2093; x_wconf 85' lang='grc' dir='ltr'><strong>οὑ</strong></span> <span class='ocrx_word' id='word_1_497' title='bbox 3367 2040 3546 2106; x_wconf 80' lang='grc' dir='ltr'>γίνεται</span> <span class='ocrx_word' id='word_1_498' title='bbox 3573 2041 3610 2092; x_wconf 75' lang='grc' dir='ltr'>δὲ</span> 
     </span>
    </p>
   </div>
   <div class='ocr_carea' id='block_1_66' title="bbox 2101 2128 3611 2202">
    <p class='ocr_par' dir='ltr' id='par_1_66' title="bbox 2101 2128 3611 2202">
     <span class='ocr_line' id='line_1_66' title="bbox 2101 2128 3611 2202; baseline 0.001 -21"><span class='ocrx_word' id='word_1_499' title='bbox 2101 2128 2217 2192; x_wconf 93' lang='grc' dir='ltr'>νῦν,</span> <span class='ocrx_word' id='word_1_500' title='bbox 2261 2129 2293 2198; x_wconf 84' lang='grc' dir='ltr'>ἢ</span> <span class='ocrx_word' id='word_1_501' title='bbox 2329 2132 2408 2192; x_wconf 89' lang='grc' dir='ltr'><strong>εἰς</strong></span> <span class='ocrx_word' id='word_1_502' title='bbox 2451 2129 2752 2200; x_wconf 78' lang='grc' dir='ltr'>ὑπερϐολὴν</span> <span class='ocrx_word' id='word_1_503' title='bbox 2801 2130 2912 2202; x_wconf 71' lang='grc'><strong>(26)</strong></span> <span class='ocrx_word' id='word_1_504' title='bbox 2958 2128 3325 2193; x_wconf 86' lang='grc' dir='ltr'>σπανιώτατα,</span> <span class='ocrx_word' id='word_1_505' title='bbox 3373 2131 3460 2184; x_wconf 79' lang='grc' dir='ltr'><strong>καὶ</strong></span> <span class='ocrx_word' id='word_1_506' title='bbox 3506 2130 3611 2202; x_wconf 72' lang='grc' dir='ltr'>παρὰ</span> 
     </span>
    </p>
   </div>
   <div class='ocr_carea' id='block_1_67' title="bbox 2100 2221 3610 2295">
    <p class='ocr_par' dir='ltr' id='par_1_67' title="bbox 2100 2221 3610 2295">
     <span class='ocr_line' id='line_1_67' title="bbox 2100 2221 3610 2295; baseline 0.002 -23"><span class='ocrx_word' id='word_1_507' title='bbox 2100 2223 2213 2284; x_wconf 88' lang='grc' dir='ltr'>τοῖς</span> <span class='ocrx_word' id='word_1_508' title='bbox 2257 2221 2397 2274; x_wconf 85' lang='grc' dir='ltr'>πάνυ</span> <span class='ocrx_word' id='word_1_509' title='bbox 2439 2222 2822 2293; x_wconf 82' lang='grc' dir='ltr'>ἁπλουστέροις</span> <span class='ocrx_word' id='word_1_510' title='bbox 2864 2223 2956 2275; x_wconf 79' lang='grc' dir='ltr'>καὶ</span> <span class='ocrx_word' id='word_1_511' title='bbox 3001 2223 3406 2295; x_wconf 80' lang='grc' dir='ltr'>ἀγροικοτέροις</span> <span class='ocrx_word' id='word_1_512' title='bbox 3432 2223 3610 2291; x_wconf 78' lang='grc' dir='ltr'>γίνεται.</span> 
     </span>
    </p>
   </div>
   <div class='ocr_carea' id='block_1_68' title="bbox 2102 2312 3611 2386">
    <p class='ocr_par' dir='ltr' id='par_1_68' title="bbox 2102 2312 3611 2386">
     <span class='ocr_line' id='line_1_68' title="bbox 2102 2312 3611 2386; baseline 0.002 -22"><span class='ocrx_word' id='word_1_513' title='bbox 2102 2313 2514 2382; x_wconf 86' lang='grc' dir='ltr'>Μνημονευτέον</span> <span class='ocrx_word' id='word_1_514' title='bbox 2546 2313 2602 2366; x_wconf 86' lang='grc' dir='ltr'>δὲ</span> <span class='ocrx_word' id='word_1_515' title='bbox 2650 2315 2728 2376; x_wconf 87' lang='grc' dir='ltr'><strong>εἰς</strong></span> <span class='ocrx_word' id='word_1_516' title='bbox 2761 2312 2930 2366; x_wconf 89' lang='grc' dir='ltr'>ταῦτα</span> <span class='ocrx_word' id='word_1_517' title='bbox 2967 2316 3059 2367; x_wconf 75' lang='grc' dir='ltr'>καὶ</span> <span class='ocrx_word' id='word_1_518' title='bbox 3093 2315 3199 2367; x_wconf 85' lang='grc' dir='ltr'><strong>τῶν</strong></span> <span class='ocrx_word' id='word_1_519' title='bbox 3244 2316 3528 2386; x_wconf 82' lang='grc' dir='ltr'>εἰρημένων</span> <span class='ocrx_word' id='word_1_520' title='bbox 3559 2317 3611 2376; x_wconf 74' lang='grc' dir='ltr'><strong>εἰς</strong></span> 
     </span>
    </p>
   </div>
   <div class='ocr_carea' id='block_1_69' title="bbox 2102 2404 3607 2478">
    <p class='ocr_par' dir='ltr' id='par_1_69' title="bbox 2102 2404 3607 2478">
     <span class='ocr_line' id='line_1_69' title="bbox 2102 2404 3607 2478; baseline 0.001 -21"><span class='ocrx_word' id='word_1_521' title='bbox 2102 2404 2187 2457; x_wconf 88' lang='grc' dir='ltr'>τό·</span> <span class='ocrx_word' id='word_1_522' title='bbox 2218 2424 2236 2455; x_wconf 78' lang='grc' dir='ltr'><strong>ι</strong></span> <span class='ocrx_word' id='word_1_523' title='bbox 2285 2406 2408 2458; x_wconf 84' lang='grc' dir='ltr'><strong>Ἐὰν</strong></span> <span class='ocrx_word' id='word_1_524' title='bbox 2438 2406 2512 2476; x_wconf 86' lang='grc' dir='ltr'>μὴ</span> <span class='ocrx_word' id='word_1_525' title='bbox 2545 2405 2682 2475; x_wconf 89' lang='grc' dir='ltr'>νίψω</span> <span class='ocrx_word' id='word_1_526' title='bbox 2714 2422 2792 2470; x_wconf 90' lang='grc' dir='ltr'><strong>σε,</strong></span> <span class='ocrx_word' id='word_1_527' title='bbox 2819 2410 2920 2465; x_wconf 82' lang='grc' dir='ltr'>οὐκ</span> <span class='ocrx_word' id='word_1_528' title='bbox 2944 2405 3086 2476; x_wconf 80' lang='grc' dir='ltr'>έχεις</span> <span class='ocrx_word' id='word_1_529' title='bbox 3113 2407 3274 2478; x_wconf 81' lang='grc' dir='ltr'>μέρος</span> <span class='ocrx_word' id='word_1_530' title='bbox 3301 2410 3415 2478; x_wconf 87' lang='grc' dir='ltr'>μετ’</span> <span class='ocrx_word' id='word_1_531' title='bbox 3447 2406 3570 2477; x_wconf 73' lang='grc' dir='ltr'>ἐμοῦ·</span> <span class='ocrx_word' id='word_1_532' title='bbox 3596 2428 3607 2457; x_wconf 80' lang='grc' dir='ltr'><strong>ι</strong></span> 
     </span>
    </p>
   </div>
   <div class='ocr_carea' id='block_1_70' title="bbox 2103 2496 3612 2570">
    <p class='ocr_par' dir='ltr' id='par_1_70' title="bbox 2103 2496 3612 2570">
     <span class='ocr_line' id='line_1_70' title="bbox 2103 2496 3612 2570; baseline 0.001 -21"><span class='ocrx_word' id='word_1_533' title='bbox 2103 2496 2236 2550; x_wconf 78' lang='grc' dir='ltr'>ἀλλὰ</span> <span class='ocrx_word' id='word_1_534' title='bbox 2267 2498 2360 2550; x_wconf 75' lang='grc' dir='ltr'><strong>καὶ</strong></span> <span class='ocrx_word' id='word_1_535' title='bbox 2387 2497 2509 2550; x_wconf 92' lang='grc' dir='ltr'>τοῦ·</span> <span class='ocrx_word' id='word_1_536' title='bbox 2543 2517 2562 2547; x_wconf 88' lang='grc'><strong><em>‹</em></strong></span> <span class='ocrx_word' id='word_1_537' title='bbox 2600 2497 2902 2551; x_wconf 84' lang='grc' dir='ltr'>Γινώσκετε</span> <span class='ocrx_word' id='word_1_538' title='bbox 2932 2499 2984 2552; x_wconf 89' lang='grc' dir='ltr'><strong>τί</strong></span> <span class='ocrx_word' id='word_1_539' title='bbox 3015 2500 3290 2570; x_wconf 77' lang='grc' dir='ltr'>πεποίηκα</span> <span class='ocrx_word' id='word_1_540' title='bbox 3321 2500 3473 2568; x_wconf 86' lang='grc' dir='ltr'>ὑμῖν;</span> <span class='ocrx_word' id='word_1_541' title='bbox 3501 2499 3612 2551; x_wconf 72' lang='grc' dir='ltr'><strong>»Κιί</strong></span> 
     </span>
    </p>
   </div>
   <div class='ocr_carea' id='block_1_71' title="bbox 2103 2588 3610 2661">
    <p class='ocr_par' dir='ltr' id='par_1_71' title="bbox 2103 2588 3610 2661">
     <span class='ocr_line' id='line_1_71' title="bbox 2103 2588 3610 2661; baseline 0 -21"><span class='ocrx_word' id='word_1_542' title='bbox 2103 2588 2210 2659; x_wconf 81' lang='grc' dir='ltr'>γὰρ</span> <span class='ocrx_word' id='word_1_543' title='bbox 2245 2589 2442 2659; x_wconf 83' lang='grc' dir='ltr'>πρέπει</span> <span class='ocrx_word' id='word_1_544' title='bbox 2497 2590 2798 2660; x_wconf 87' lang='grc' dir='ltr'>ὑπόδειγμα</span> <span class='ocrx_word' id='word_1_545' title='bbox 2844 2592 2972 2660; x_wconf 73' lang='grc' dir='ltr'>ἡμῖν</span> <span class='ocrx_word' id='word_1_546' title='bbox 3017 2590 3220 2661; x_wconf 85' lang='grc' dir='ltr'>Ἰησοῦν</span> <span class='ocrx_word' id='word_1_547' title='bbox 3251 2591 3523 2644; x_wconf 87' lang='grc' dir='ltr'>δεδωκέναι</span> <span class='ocrx_word' id='word_1_548' title='bbox 3547 2590 3610 2640; x_wconf 73' lang='grc' dir='ltr'><strong>τοῦ</strong></span> 
     </span>
    </p>
   </div>
   <div class='ocr_carea' id='block_1_72' title="bbox 2104 2680 3612 2752">
    <p class='ocr_par' dir='ltr' id='par_1_72' title="bbox 2104 2680 3612 2752">
     <span class='ocr_line' id='line_1_72' title="bbox 2104 2680 3612 2752; baseline -0.002 -20"><span class='ocrx_word' id='word_1_549' title='bbox 2104 2680 2310 2733; x_wconf 87' lang='grc' dir='ltr'>νίπτειν</span> <span class='ocrx_word' id='word_1_550' title='bbox 2366 2680 2532 2742; x_wconf 80' lang='grc' dir='ltr'>πόδας</span> <span class='ocrx_word' id='word_1_551' title='bbox 2588 2680 2920 2750; x_wconf 81' lang='grc' dir='ltr'>ἡγουμένους</span> <span class='ocrx_word' id='word_1_552' title='bbox 2966 2680 3099 2752; x_wconf 73' lang='lat'><strong>(27),</strong></span> <span class='ocrx_word' id='word_1_553' title='bbox 3155 2681 3216 2733; x_wconf 81' lang='grc' dir='ltr'><strong>τὸ</strong></span> <span class='ocrx_word' id='word_1_554' title='bbox 3261 2681 3506 2748; x_wconf 81' lang='grc' dir='ltr'>ἀνάλογον</span> <span class='ocrx_word' id='word_1_555' title='bbox 3532 2681 3612 2742; x_wconf 81' lang='grc' dir='ltr'>τοῖς</span> 
     </span>
    </p>
   </div>
   <div class='ocr_carea' id='block_1_73' title="bbox 2103 2770 3611 2842">
    <p class='ocr_par' dir='ltr' id='par_1_73' title="bbox 2103 2770 3611 2842">
     <span class='ocr_line' id='line_1_73' title="bbox 2103 2770 3611 2842; baseline 0.002 -22"><span class='ocrx_word' id='word_1_556' title='bbox 2103 2771 2378 2840; x_wconf 81' lang='grc' dir='ltr'>τροπικῶς</span> <span class='ocrx_word' id='word_1_557' title='bbox 2409 2772 2512 2824; x_wconf 84' lang='grc' dir='ltr'><strong>ὑπὸ</strong></span> <span class='ocrx_word' id='word_1_558' title='bbox 2540 2772 2639 2841; x_wconf 83' lang='grc' dir='ltr'>τῆς</span> <span class='ocrx_word' id='word_1_559' title='bbox 2669 2771 2963 2842; x_wconf 66' lang='grc' dir='ltr'>νύμφηςὲν</span> <span class='ocrx_word' id='word_1_560' title='bbox 2983 2770 3057 2841; x_wconf 85' lang='grc' dir='ltr'>τῷ</span> <span class='ocrx_word' id='word_1_561' title='bbox 3092 2772 3331 2842; x_wconf 70' lang='grc' dir='ltr'><strong>¹’ᾼσματι</strong></span> <span class='ocrx_word' id='word_1_562' title='bbox 3360 2773 3458 2824; x_wconf 86' lang='grc' dir='ltr'><strong>τῶν</strong></span> <span class='ocrx_word' id='word_1_563' title='bbox 3479 2772 3611 2842; x_wconf 74' lang='grc' dir='ltr'>ᾀσμά-</span> 
     </span>
    </p>
   </div>
   <div class='ocr_carea' id='block_1_74' title="bbox 2103 2863 3610 2934">
    <p class='ocr_par' dir='ltr' id='par_1_74' title="bbox 2103 2863 3610 2934">
     <span class='ocr_line' id='line_1_74' title="bbox 2103 2863 3610 2934; baseline -0.001 -20"><span class='ocrx_word' id='word_1_564' title='bbox 2103 2879 2210 2915; x_wconf 88' lang='grc' dir='ltr'><strong>των</strong></span> <span class='ocrx_word' id='word_1_565' title='bbox 2240 2863 2547 2934; x_wconf 83' lang='grc' dir='ltr'>εἰρημένοις</span> <span class='ocrx_word' id='word_1_566' title='bbox 2569 2864 2625 2915; x_wconf 83' lang='grc' dir='ltr'>ὲν</span> <span class='ocrx_word' id='word_1_567' title='bbox 2651 2863 2754 2933; x_wconf 75' lang='grc' dir='ltr'><strong>τῷ’</strong></span> <span class='ocrx_word' id='word_1_568' title='bbox 2792 2882 2810 2914; x_wconf 79' lang='grc' dir='ltr'><strong>ι</strong></span> <span class='ocrx_word' id='word_1_569' title='bbox 2851 2863 3146 2934; x_wconf 80' lang='grc' dir='ltr'>Ἑνιψάμην</span> <span class='ocrx_word' id='word_1_570' title='bbox 3179 2865 3306 2928; x_wconf 79' lang='grc' dir='ltr'>τοὺς</span> <span class='ocrx_word' id='word_1_571' title='bbox 3346 2863 3496 2926; x_wconf 85' lang='grc' dir='ltr'>πόδας</span> <span class='ocrx_word' id='word_1_572' title='bbox 3523 2879 3610 2932; x_wconf 70' lang='grc' dir='ltr'>μου,</span> 
     </span>
    </p>
   </div>
   <div class='ocr_carea' id='block_1_75' title="bbox 2105 2952 3610 3024">
    <p class='ocr_par' dir='ltr' id='par_1_75' title="bbox 2105 2952 3610 3024">
     <span class='ocr_line' id='line_1_75' title="bbox 2105 2952 3610 3024; baseline -0.001 -18"><span class='ocrx_word' id='word_1_573' title='bbox 2105 2952 2220 3016; x_wconf 88' lang='grc' dir='ltr'><strong>πῶς</strong></span> <span class='ocrx_word' id='word_1_574' title='bbox 2252 2953 2458 3022; x_wconf 86' lang='grc' dir='ltr'>μολυνῶ</span> <span class='ocrx_word' id='word_1_575' title='bbox 2485 2953 2710 3018; x_wconf 85' lang='grc' dir='ltr'>αὑτούς;</span> <span class='ocrx_word' id='word_1_576' title='bbox 2752 2972 2770 3003; x_wconf 75' lang='grc' dir='ltr'><strong>ι</strong></span> <span class='ocrx_word' id='word_1_577' title='bbox 2810 2954 3051 3024; x_wconf 88' lang='grc' dir='ltr'>Πρόσχες</span> <span class='ocrx_word' id='word_1_578' title='bbox 3094 2953 3150 3006; x_wconf 84' lang='grc' dir='ltr'>δὲ</span> <span class='ocrx_word' id='word_1_579' title='bbox 3178 2953 3254 3024; x_wconf 80' lang='grc' dir='ltr'>τῷ</span> <span class='ocrx_word' id='word_1_580' title='bbox 3277 2994 3293 3017; x_wconf 89' lang='grc'><strong>,</strong></span> <span class='ocrx_word' id='word_1_581' title='bbox 3335 2973 3353 3005; x_wconf 75' lang='grc' dir='ltr'><strong>ι</strong></span> <span class='ocrx_word' id='word_1_582' title='bbox 3397 2956 3514 3017; x_wconf 85' lang='grc' dir='ltr'>Ἷνα,</span> <span class='ocrx_word' id='word_1_583' title='bbox 3541 2970 3610 3004; x_wconf 77' lang='grc' dir='ltr'>κα-</span> 
     </span>
    </p>
   </div>
   <div class='ocr_carea' id='block_1_76' title="bbox 2105 3043 3612 3116">
    <p class='ocr_par' dir='ltr' id='par_1_76' title="bbox 2105 3043 3612 3116">
     <span class='ocr_line' id='line_1_76' title="bbox 2105 3043 3612 3116; baseline -0.001 -20"><span class='ocrx_word' id='word_1_584' title='bbox 2105 3043 2212 3107; x_wconf 87' lang='grc' dir='ltr'><strong>θὼς</strong></span> <span class='ocrx_word' id='word_1_585' title='bbox 2243 3047 2352 3112; x_wconf 75' lang='grc' dir='ltr'>ἐγὼ</span> <span class='ocrx_word' id='word_1_586' title='bbox 2391 3046 2619 3115; x_wconf 74' lang='grc' dir='ltr'>ἐποίησα</span> <span class='ocrx_word' id='word_1_587' title='bbox 2649 3045 2798 3114; x_wconf 87' lang='grc' dir='ltr'>ὑμῖν,</span> <span class='ocrx_word' id='word_1_588' title='bbox 2829 3045 2922 3097; x_wconf 75' lang='grc' dir='ltr'>καὶ</span> <span class='ocrx_word' id='word_1_589' title='bbox 2954 3046 3111 3115; x_wconf 85' lang='grc' dir='ltr'>ὑμεῖς</span> <span class='ocrx_word' id='word_1_590' title='bbox 3139 3047 3352 3116; x_wconf 80' lang='grc' dir='ltr'>ποιῆτε,</span> <span class='ocrx_word' id='word_1_591' title='bbox 3395 3066 3413 3097; x_wconf 80' lang='grc' dir='ltr'><strong>ι</strong></span> <span class='ocrx_word' id='word_1_592' title='bbox 3450 3045 3612 3109; x_wconf 78' lang='grc' dir='ltr'>συνεξε-</span> 
     </span>
    </p>
   </div>
   <div class='ocr_carea' id='block_1_77' title="bbox 2102 3134 3612 3207">
    <p class='ocr_par' dir='ltr' id='par_1_77' title="bbox 2102 3134 3612 3207">
     <span class='ocr_line' id='line_1_77' title="bbox 2102 3134 3612 3207; baseline -0.001 -18"><span class='ocrx_word' id='word_1_593' title='bbox 2102 3135 2280 3199; x_wconf 80' lang='grc' dir='ltr'>τάζων</span> <span class='ocrx_word' id='word_1_594' title='bbox 2310 3135 2442 3188; x_wconf 83' lang='grc' dir='ltr'>αὑτὸ</span> <span class='ocrx_word' id='word_1_595' title='bbox 2469 3135 2579 3206; x_wconf 85' lang='grc' dir='ltr'><strong>τῷ·</strong></span> <span class='ocrx_word' id='word_1_596' title='bbox 2613 3155 2632 3188; x_wconf 87' lang='grc'><strong>‹</strong></span> <span class='ocrx_word' id='word_1_597' title='bbox 2676 3136 2799 3188; x_wconf 78' lang='grc' dir='ltr'><strong>Ἐὰν</strong></span> <span class='ocrx_word' id='word_1_598' title='bbox 2826 3137 2898 3207; x_wconf 86' lang='grc' dir='ltr'>μὴ</span> <span class='ocrx_word' id='word_1_599' title='bbox 2925 3136 3061 3204; x_wconf 88' lang='grc' dir='ltr'>νίψω</span> <span class='ocrx_word' id='word_1_600' title='bbox 3091 3154 3172 3200; x_wconf 90' lang='grc' dir='ltr'><strong>σε,</strong></span> <span class='ocrx_word' id='word_1_601' title='bbox 3205 3137 3305 3189; x_wconf 87' lang='grc' dir='ltr'><strong>οὑκ</strong></span> <span class='ocrx_word' id='word_1_602' title='bbox 3328 3137 3462 3207; x_wconf 78' lang='grc' dir='ltr'>ἔχεις</span> <span class='ocrx_word' id='word_1_603' title='bbox 3492 3134 3612 3205; x_wconf 76' lang='grc' dir='ltr'>μέρος</span> 
     </span>
    </p>
   </div>
   <div class='ocr_carea' id='block_1_78' title="bbox 2107 3226 3610 3301">
    <p class='ocr_par' dir='ltr' id='par_1_78' title="bbox 2107 3226 3610 3301">
     <span class='ocr_line' id='line_1_78' title="bbox 2107 3226 3610 3301; baseline -0.005 -19"><span class='ocrx_word' id='word_1_604' title='bbox 2107 3231 2223 3300; x_wconf 87' lang='grc' dir='ltr'>μετ’</span> <span class='ocrx_word' id='word_1_605' title='bbox 2251 3227 2404 3299; x_wconf 75' lang='grc' dir='ltr'>ἐμοῦ.</span> <span class='ocrx_word' id='word_1_606' title='bbox 2442 3249 2461 3279; x_wconf 75' lang='grc' dir='ltr'><strong>ι</strong></span> <span class='ocrx_word' id='word_1_607' title='bbox 2509 3227 2633 3281; x_wconf 79' lang='grc' dir='ltr'><strong>Ἐὰν</strong></span> <span class='ocrx_word' id='word_1_608' title='bbox 2657 3227 2713 3280; x_wconf 86' lang='grc' dir='ltr'><strong>δέ</strong></span> <span class='ocrx_word' id='word_1_609' title='bbox 2743 3244 2824 3289; x_wconf 88' lang='grc' dir='ltr'><strong>τις</strong></span> <span class='ocrx_word' id='word_1_610' title='bbox 2858 3227 2994 3298; x_wconf 82' lang='grc' dir='ltr'>πρὸς</span> <span class='ocrx_word' id='word_1_611' title='bbox 3032 3227 3202 3280; x_wconf 78' lang='grc' dir='ltr'>ταῦτα</span> <span class='ocrx_word' id='word_1_612' title='bbox 3245 3228 3398 3301; x_wconf 82' lang='grc' dir='ltr'>λέγῃ,</span> <span class='ocrx_word' id='word_1_613' title='bbox 3425 3229 3512 3289; x_wconf 84' lang='grc' dir='ltr'>ὅτι,</span> <span class='ocrx_word' id='word_1_614' title='bbox 3539 3226 3610 3279; x_wconf 75' lang='grc' dir='ltr'>κᾶν</span> 
     </span>
    </p>
   </div>
   <div class='ocr_carea' id='block_1_79' title="bbox 2103 3314 3609 3394">
    <p class='ocr_par' dir='ltr' id='par_1_79' title="bbox 2103 3314 3609 3394">
     <span class='ocr_line' id='line_1_79' title="bbox 2103 3314 3609 3394; baseline -0.005 -18"><span class='ocrx_word' id='word_1_615' title='bbox 2103 3322 2491 3394; x_wconf 85' lang='grc' dir='ltr'>ἀλληγορῆται,</span> <span class='ocrx_word' id='word_1_616' title='bbox 2540 3321 2688 3373; x_wconf 81' lang='grc' dir='ltr'>οὐδὲν</span> <span class='ocrx_word' id='word_1_617' title='bbox 2731 3314 2895 3391; x_wconf 82' lang='grc' dir='ltr'>ἦττον</span> <span class='ocrx_word' id='word_1_618' title='bbox 2937 3321 3217 3388; x_wconf 88' lang='grc' dir='ltr'>γεγονέναι</span> <span class='ocrx_word' id='word_1_619' title='bbox 3257 3322 3371 3391; x_wconf 67' lang='grc'><strong>(28)</strong></span> <span class='ocrx_word' id='word_1_620' title='bbox 3419 3319 3538 3374; x_wconf 85' lang='grc' dir='ltr'><strong>κατά</strong></span> <span class='ocrx_word' id='word_1_621' title='bbox 3570 3319 3609 3368; x_wconf 76' lang='grc' dir='ltr'>τὸ</span> 
     </span>
    </p>
   </div>
   <div class='ocr_carea' id='block_1_80' title="bbox 2106 3408 3610 3487">
    <p class='ocr_par' dir='ltr' id='par_1_80' title="bbox 2106 3408 3610 3487">
     <span class='ocr_line' id='line_1_80' title="bbox 2106 3408 3610 3487; baseline -0.006 -19"><span class='ocrx_word' id='word_1_622' title='bbox 2106 3415 2290 3487; x_wconf 80' lang='grc' dir='ltr'>ῥητὸν,</span> <span class='ocrx_word' id='word_1_623' title='bbox 2317 3411 2606 3466; x_wconf 85' lang='grc' dir='ltr'>ἀκουστέον</span> <span class='ocrx_word' id='word_1_624' title='bbox 2630 3413 2764 3482; x_wconf 83' lang='grc' dir='ltr'>μετὰ</span> <span class='ocrx_word' id='word_1_625' title='bbox 2795 3411 2887 3464; x_wconf 91' lang='grc' dir='ltr'><strong>τοῦ</strong></span> <span class='ocrx_word' id='word_1_626' title='bbox 2918 3413 3176 3483; x_wconf 86' lang='grc' dir='ltr'>τροπικοῦ</span> <span class='ocrx_word' id='word_1_627' title='bbox 3199 3415 3293 3466; x_wconf 73' lang='grc' dir='ltr'><strong>καὶ</strong></span> <span class='ocrx_word' id='word_1_628' title='bbox 3314 3414 3410 3482; x_wconf 82' lang='grc' dir='ltr'><strong>τῆς</strong></span> <span class='ocrx_word' id='word_1_629' title='bbox 3431 3408 3610 3480; x_wconf 73' lang='grc' dir='ltr'>φασκού-</span> 
     </span>
    </p>
   </div>
   <div class='ocr_carea' id='block_1_81' title="bbox 2105 3498 3608 3574">
    <p class='ocr_par' dir='ltr' id='par_1_81' title="bbox 2105 3498 3608 3574">
     <span class='ocr_line' id='line_1_81' title="bbox 2105 3498 3608 3574; baseline -0.006 -16"><span class='ocrx_word' id='word_1_630' title='bbox 2105 3521 2206 3574; x_wconf 89' lang='grc' dir='ltr'><strong>σης</strong></span> <span class='ocrx_word' id='word_1_631' title='bbox 2229 3504 2454 3571; x_wconf 73' lang='grc' dir='ltr'>λέξεωςο</span> <span class='ocrx_word' id='word_1_632' title='bbox 2496 3524 2514 3556; x_wconf 82' lang='grc' dir='ltr'><strong>ι</strong></span> <span class='ocrx_word' id='word_1_633' title='bbox 2550 3503 2613 3557; x_wconf 85' lang='grc' dir='ltr'>Εἰ</span> <span class='ocrx_word' id='word_1_634' title='bbox 2634 3498 2725 3556; x_wconf 80' lang='grc' dir='ltr'><strong>οὖν</strong></span> <span class='ocrx_word' id='word_1_635' title='bbox 2746 3504 2897 3572; x_wconf 78' lang='grc' dir='ltr'>ἔνιψα</span> <span class='ocrx_word' id='word_1_636' title='bbox 2932 3506 3058 3567; x_wconf 77' lang='grc' dir='ltr'>τοὺς</span> <span class='ocrx_word' id='word_1_637' title='bbox 3096 3503 3261 3566; x_wconf 85' lang='grc' dir='ltr'>πόδας</span> <span class='ocrx_word' id='word_1_638' title='bbox 3298 3498 3608 3573; x_wconf 76' lang='grc' dir='ltr'>ὑμῶν,όΚύ-</span> 
     </span>
    </p>
   </div>
   <div class='ocr_carea' id='block_1_82' title="bbox 2105 3589 3609 3669">
    <p class='ocr_par' dir='ltr' id='par_1_82' title="bbox 2105 3589 3609 3669">
     <span class='ocr_line' id='line_1_82' title="bbox 2105 3589 3609 3669; baseline -0.007 -19"><span class='ocrx_word' id='word_1_639' title='bbox 2105 3614 2238 3669; x_wconf 81' lang='grc' dir='ltr'>ριος,</span> <span class='ocrx_word' id='word_1_640' title='bbox 2276 3598 2370 3650; x_wconf 76' lang='grc' dir='ltr'>καὶ</span> <span class='ocrx_word' id='word_1_641' title='bbox 2399 3599 2428 3650; x_wconf 86' lang='grc' dir='ltr'><strong>ό</strong></span> <span class='ocrx_word' id='word_1_642' title='bbox 2459 3595 2794 3660; x_wconf 82' lang='grc' dir='ltr'>διδάσκαλος,</span> <span class='ocrx_word' id='word_1_643' title='bbox 2827 3595 2924 3648; x_wconf 73' lang='grc' dir='ltr'><strong>καὶ</strong></span> <span class='ocrx_word' id='word_1_644' title='bbox 2952 3596 3106 3665; x_wconf 84' lang='grc' dir='ltr'>ὑμεῖς</span> <span class='ocrx_word' id='word_1_645' title='bbox 3145 3593 3383 3663; x_wconf 78' lang='grc' dir='ltr'>ὀφείλετε</span> <span class='ocrx_word' id='word_1_646' title='bbox 3422 3589 3609 3660; x_wconf 71' lang='grc' dir='ltr'>ἀλλήλω-ι</span> 
     </span>
    </p>
   </div>
   <div class='ocr_carea' id='block_1_83' title="bbox 2103 3683 3607 3756">
    <p class='ocr_par' dir='ltr' id='par_1_83' title="bbox 2103 3683 3607 3756">
     <span class='ocr_line' id='line_1_83' title="bbox 2103 3683 3607 3756; baseline -0.006 -14"><span class='ocrx_word' id='word_1_647' title='bbox 2103 3690 2309 3742; x_wconf 86' lang='grc' dir='ltr'>νίπτειν</span> <span class='ocrx_word' id='word_1_648' title='bbox 2337 3689 2464 3751; x_wconf 81' lang='grc' dir='ltr'>τοὺς</span> <span class='ocrx_word' id='word_1_649' title='bbox 2495 3688 2661 3751; x_wconf 87' lang='grc' dir='ltr'>πόδας</span> <span class='ocrx_word' id='word_1_650' title='bbox 2679 3703 2692 3718; x_wconf 77' lang='grc'><strong><em>⁸</em></strong></span> <span class='ocrx_word' id='word_1_651' title='bbox 2724 3687 3024 3756; x_wconf 90' lang='grc' dir='ltr'>ὑπόδειγμα</span> <span class='ocrx_word' id='word_1_652' title='bbox 3046 3686 3154 3756; x_wconf 86' lang='grc' dir='ltr'>γὰρ</span> <span class='ocrx_word' id='word_1_653' title='bbox 3187 3686 3361 3738; x_wconf 80' lang='grc' dir='ltr'>ἔδωκα</span> <span class='ocrx_word' id='word_1_654' title='bbox 3386 3685 3513 3754; x_wconf 88' lang='grc' dir='ltr'>ὑμῖν,</span> <span class='ocrx_word' id='word_1_655' title='bbox 3532 3683 3607 3740; x_wconf 76' lang='grc' dir='ltr'>ἵνα,</span> 
     </span>
    </p>
   </div>
   <div class='ocr_carea' id='block_1_84' title="bbox 2103 3771 3609 3849">
    <p class='ocr_par' dir='ltr' id='par_1_84' title="bbox 2103 3771 3609 3849">
     <span class='ocr_line' id='line_1_84' title="bbox 2103 3771 3609 3849; baseline -0.007 -15"><span class='ocrx_word' id='word_1_656' title='bbox 2103 3781 2286 3845; x_wconf 88' lang='grc' dir='ltr'>καθὼς</span> <span class='ocrx_word' id='word_1_657' title='bbox 2314 3780 2425 3849; x_wconf 76' lang='grc' dir='ltr'><strong>ἐγὼ</strong></span> <span class='ocrx_word' id='word_1_658' title='bbox 2453 3780 2683 3849; x_wconf 82' lang='grc' dir='ltr'>ἐποίησα</span> <span class='ocrx_word' id='word_1_659' title='bbox 2707 3779 2854 3849; x_wconf 91' lang='grc' dir='ltr'>ὑμῖν,</span> <span class='ocrx_word' id='word_1_660' title='bbox 2880 3778 2973 3831; x_wconf 72' lang='grc' dir='ltr'>καὶ</span> <span class='ocrx_word' id='word_1_661' title='bbox 3007 3779 3162 3849; x_wconf 86' lang='grc' dir='ltr'>ὑμεῖς</span> <span class='ocrx_word' id='word_1_662' title='bbox 3183 3779 3419 3847; x_wconf 76' lang='grc' dir='ltr'>ποιῆτε-ι</span> <span class='ocrx_word' id='word_1_663' title='bbox 3445 3771 3609 3826; x_wconf 78' lang='grc' dir='ltr'>λεκτέον</span> 
     </span>
    </p>
   </div>
   <div class='ocr_carea' id='block_1_85' title="bbox 2104 3865 3608 3945">
    <p class='ocr_par' dir='ltr' id='par_1_85' title="bbox 2104 3865 3608 3945">
     <span class='ocr_line' id='line_1_85' title="bbox 2104 3865 3608 3945; baseline -0.008 -19"><span class='ocrx_word' id='word_1_664' title='bbox 2104 3872 2238 3945; x_wconf 85' lang='grc' dir='ltr'>πρὸς</span> <span class='ocrx_word' id='word_1_665' title='bbox 2271 3872 2360 3926; x_wconf 89' lang='grc' dir='ltr'><strong>τὸν</strong></span> <span class='ocrx_word' id='word_1_666' title='bbox 2401 3870 2664 3925; x_wconf 60' lang='grc' dir='ltr'>τοιοῦτον</span> <span class='ocrx_word' id='word_1_667' title='bbox 2703 3871 2823 3940; x_wconf 80' lang='lat' dir='ltr'><strong>&#39;Ap‘</strong></span> <span class='ocrx_word' id='word_1_668' title='bbox 2864 3871 2985 3921; x_wconf 76' lang='grc' dir='ltr'>ἐπεὶ</span> <span class='ocrx_word' id='word_1_669' title='bbox 3025 3869 3167 3923; x_wconf 87' lang='grc' dir='ltr'><strong>κατά</strong></span> <span class='ocrx_word' id='word_1_670' title='bbox 3191 3868 3251 3921; x_wconf 88' lang='grc' dir='ltr'><strong>τό</strong></span> <span class='ocrx_word' id='word_1_671' title='bbox 3289 3868 3442 3939; x_wconf 77' lang='grc' dir='ltr'>ῥητὸν</span> <span class='ocrx_word' id='word_1_672' title='bbox 3468 3865 3608 3932; x_wconf 69' lang='grc' dir='ltr'>γέγονε</span> 
     </span>
    </p>
   </div>
   <div class='ocr_carea' id='block_1_86' title="bbox 2103 3954 3608 4034">
    <p class='ocr_par' dir='ltr' id='par_1_86' title="bbox 2103 3954 3608 4034">
     <span class='ocr_line' id='line_1_86' title="bbox 2103 3954 3608 4034; baseline -0.005 -18"><span class='ocrx_word' id='word_1_673' title='bbox 2103 3965 2163 4017; x_wconf 81' lang='grc' dir='ltr'>τὸ</span> <span class='ocrx_word' id='word_1_674' title='bbox 2185 3962 2468 4034; x_wconf 74' lang='grc' dir='ltr'>εἰρημένον</span> <span class='ocrx_word' id='word_1_675' title='bbox 2491 3962 2625 4033; x_wconf 83' lang='grc' dir='ltr'>πρὸς</span> <span class='ocrx_word' id='word_1_676' title='bbox 2647 3962 2737 4015; x_wconf 84' lang='grc' dir='ltr'>τὸν</span> <span class='ocrx_word' id='word_1_677' title='bbox 2761 3962 2979 4015; x_wconf 83' lang='grc' dir='ltr'>εἰπόντα</span> <span class='ocrx_word' id='word_1_678' title='bbox 2999 3961 3230 4032; x_wconf 86' lang='grc' dir='ltr'>Πέτρον,</span> <span class='ocrx_word' id='word_1_679' title='bbox 3262 3980 3280 4011; x_wconf 75' lang='grc' dir='ltr'><strong>ι</strong></span> <span class='ocrx_word' id='word_1_680' title='bbox 3311 3961 3382 4014; x_wconf 88' lang='grc' dir='ltr'>Οὑ</span> <span class='ocrx_word' id='word_1_681' title='bbox 3409 3957 3476 4029; x_wconf 83' lang='grc' dir='ltr'>μὴ</span> <span class='ocrx_word' id='word_1_682' title='bbox 3493 3954 3608 4024; x_wconf 69' lang='grc' dir='ltr'>νίψῃς</span> 
     </span>
    </p>
   </div>
   <div class='ocr_carea' id='block_1_87' title="bbox 2108 4047 3608 4126">
    <p class='ocr_par' dir='ltr' id='par_1_87' title="bbox 2108 4047 3608 4126">
     <span class='ocr_line' id='line_1_87' title="bbox 2108 4047 3608 4126; baseline -0.003 -20"><span class='ocrx_word' id='word_1_683' title='bbox 2108 4072 2208 4126; x_wconf 89' lang='grc' dir='ltr'><strong>μου</strong></span> <span class='ocrx_word' id='word_1_684' title='bbox 2231 4055 2356 4117; x_wconf 80' lang='grc' dir='ltr'>τοὺς</span> <span class='ocrx_word' id='word_1_685' title='bbox 2387 4054 2552 4116; x_wconf 83' lang='grc' dir='ltr'>πόδας</span> <span class='ocrx_word' id='word_1_686' title='bbox 2574 4056 2651 4117; x_wconf 84' lang='grc' dir='ltr'><strong>εἰς</strong></span> <span class='ocrx_word' id='word_1_687' title='bbox 2684 4054 2775 4106; x_wconf 86' lang='grc' dir='ltr'><strong>τὸν</strong></span> <span class='ocrx_word' id='word_1_688' title='bbox 2801 4053 2990 4117; x_wconf 81' lang='grc' dir='ltr'>αἰῶνα,</span> <span class='ocrx_word' id='word_1_689' title='bbox 3033 4074 3049 4103; x_wconf 79' lang='grc' dir='ltr'><strong>ι</strong></span> <span class='ocrx_word' id='word_1_690' title='bbox 3076 4054 3137 4106; x_wconf 88' lang='grc' dir='ltr'><strong>τὸ</strong></span> <span class='ocrx_word' id='word_1_691' title='bbox 3157 4094 3171 4116; x_wconf 90' lang='grc'><strong>,</strong></span> <span class='ocrx_word' id='word_1_692' title='bbox 3205 4072 3222 4103; x_wconf 79' lang='grc' dir='ltr'><strong>ι</strong></span> <span class='ocrx_word' id='word_1_693' title='bbox 3267 4053 3390 4105; x_wconf 82' lang='grc' dir='ltr'><strong>Ἐὰν</strong></span> <span class='ocrx_word' id='word_1_694' title='bbox 3423 4050 3487 4122; x_wconf 85' lang='grc' dir='ltr'>μὴ</span> <span class='ocrx_word' id='word_1_695' title='bbox 3508 4047 3608 4115; x_wconf 62' lang='grc' dir='ltr'>νίψω</span> 
     </span>
    </p>
   </div>
   <div class='ocr_carea' id='block_1_88' title="bbox 2107 4135 3606 4216">
    <p class='ocr_par' dir='ltr' id='par_1_88' title="bbox 2107 4135 3606 4216">
     <span class='ocr_line' id='line_1_88' title="bbox 2107 4135 3606 4216; baseline -0.019 1"><span class='ocrx_word' id='word_1_696' title='bbox 2107 4161 2185 4210; x_wconf 58' lang='grc' dir='ltr'><strong>σε,</strong></span> <span class='ocrx_word' id='word_1_697' title='bbox 2222 4146 2320 4198; x_wconf 69' lang='grc' dir='ltr'>οὐκ</span> <span class='ocrx_word' id='word_1_698' title='bbox 2362 4145 2504 4216; x_wconf 74' lang='grc' dir='ltr'>ἔχεις</span> <span class='ocrx_word' id='word_1_699' title='bbox 2546 4144 2708 4216; x_wconf 79' lang='grc' dir='ltr'>μέρος</span> <span class='ocrx_word' id='word_1_700' title='bbox 2739 4145 2852 4214; x_wconf 86' lang='grc' dir='ltr'>μετ’</span> <span class='ocrx_word' id='word_1_701' title='bbox 2877 4143 3031 4215; x_wconf 75' lang='grc' dir='ltr'>ἐμοῦ,</span> <span class='ocrx_word' id='word_1_702' title='bbox 3072 4163 3090 4195; x_wconf 72' lang='grc' dir='ltr'><strong>ι</strong></span> <span class='ocrx_word' id='word_1_703' title='bbox 3117 4144 3211 4196; x_wconf 74' lang='grc' dir='ltr'><strong>καὶ</strong></span> <span class='ocrx_word' id='word_1_704' title='bbox 3233 4146 3390 4214; x_wconf 78' lang='grc' dir='ltr'>ἡμεῖς</span> <span class='ocrx_word' id='word_1_705' title='bbox 3428 4139 3543 4194; x_wconf 80' lang='grc' dir='ltr'><strong>κατὰ</strong></span> <span class='ocrx_word' id='word_1_706' title='bbox 3567 4135 3606 4187; x_wconf 63' lang='grc' dir='ltr'>τὸ</span> 
     </span>
    </p>
   </div>
   <div class='ocr_carea' id='block_1_89' title="bbox 2106 4228 3605 4308">
    <p class='ocr_par' dir='ltr' id='par_1_89' title="bbox 2106 4228 3605 4308">
     <span class='ocr_line' id='line_1_89' title="bbox 2106 4228 3605 4308; baseline -0.008 -19"><span class='ocrx_word' id='word_1_707' title='bbox 2106 4236 2266 4308; x_wconf 78' lang='grc' dir='ltr'>ῥητὸν</span> <span class='ocrx_word' id='word_1_708' title='bbox 2297 4237 2410 4298; x_wconf 86' lang='grc' dir='ltr'>τοῖς</span> <span class='ocrx_word' id='word_1_709' title='bbox 2436 4237 2554 4288; x_wconf 77' lang='grc' dir='ltr'>κατ’</span> <span class='ocrx_word' id='word_1_710' title='bbox 2587 4234 2867 4289; x_wconf 79' lang='grc' dir='ltr'>εὐλάϐειαν</span> <span class='ocrx_word' id='word_1_711' title='bbox 2905 4234 2978 4304; x_wconf 87' lang='grc' dir='ltr'>μὴ</span> <span class='ocrx_word' id='word_1_712' title='bbox 3018 4235 3409 4306; x_wconf 82' lang='grc' dir='ltr'>ἐμπαρέχουσιν</span> <span class='ocrx_word' id='word_1_713' title='bbox 3450 4228 3605 4284; x_wconf 76' lang='grc' dir='ltr'>ἑαυτῶν</span> 
     </span>
    </p>
   </div>
   <div class='ocr_carea' id='block_1_90' title="bbox 2105 4318 3604 4396">
    <p class='ocr_par' dir='ltr' id='par_1_90' title="bbox 2105 4318 3604 4396">
     <span class='ocr_line' id='line_1_90' title="bbox 2105 4318 3604 4396; baseline -0.009 -16"><span class='ocrx_word' id='word_1_714' title='bbox 2105 4329 2230 4390; x_wconf 82' lang='grc' dir='ltr'>τοὺς</span> <span class='ocrx_word' id='word_1_715' title='bbox 2269 4326 2433 4389; x_wconf 87' lang='grc' dir='ltr'>πόδας</span> <span class='ocrx_word' id='word_1_716' title='bbox 2459 4327 2611 4396; x_wconf 82' lang='grc' dir='ltr'>ἡμῖν,</span> <span class='ocrx_word' id='word_1_717' title='bbox 2651 4325 2738 4376; x_wconf 79' lang='grc' dir='ltr'><strong>ἵνα</strong></span> <span class='ocrx_word' id='word_1_718' title='bbox 2771 4325 2966 4386; x_wconf 79' lang='grc' dir='ltr'>αὐτοὺς</span> <span class='ocrx_word' id='word_1_719' title='bbox 2998 4323 3256 4393; x_wconf 82' lang='grc' dir='ltr'>νίψωμεν,</span> <span class='ocrx_word' id='word_1_720' title='bbox 3289 4325 3506 4394; x_wconf 74' lang='grc' dir='ltr'>φήσομεν</span> <span class='ocrx_word' id='word_1_721' title='bbox 3540 4318 3604 4369; x_wconf 75' lang='grc' dir='ltr'><strong>καὶ</strong></span> 
     </span>
    </p>
   </div>
   <div class='ocr_carea' id='block_1_91' title="bbox 438 4411 1985 4488">
    <p class='ocr_par' dir='ltr' id='par_1_91' title="bbox 438 4416 1972 4488">
     <span class='ocr_line' id='line_1_91' title="bbox 438 4416 1972 4488; baseline -0.002 -15"><span class='ocrx_word' id='word_1_722' title='bbox 438 4434 582 4473; x_wconf 90' lang='lat' dir='ltr'><strong>cum.</strong></span> <span class='ocrx_word' id='word_1_723' title='bbox 616 4438 636 4471; x_wconf 74' lang='grc' dir='ltr'><strong>ι</strong></span> <span class='ocrx_word' id='word_1_724' title='bbox 671 4416 865 4472; x_wconf 86' lang='lat' dir='ltr'><strong>Verum</strong></span> <span class='ocrx_word' id='word_1_725' title='bbox 893 4419 938 4473; x_wconf 93' lang='lat' dir='ltr'><strong>si</strong></span> <span class='ocrx_word' id='word_1_726' title='bbox 968 4418 1234 4488; x_wconf 85' lang='lat' dir='ltr'><strong>quispiam</strong></span> <span class='ocrx_word' id='word_1_727' title='bbox 1265 4426 1455 4472; x_wconf 87' lang='lat' dir='ltr'><strong>contra</strong></span> <span class='ocrx_word' id='word_1_728' title='bbox 1485 4417 1600 4470; x_wconf 72' lang='lat' dir='ltr'><strong>bam</strong></span> <span class='ocrx_word' id='word_1_729' title='bbox 1625 4417 1788 4479; x_wconf 89' lang='lat' dir='ltr'><strong>dicat,</strong></span> <span class='ocrx_word' id='word_1_730' title='bbox 1809 4430 1972 4485; x_wconf 85' lang='lat' dir='ltr'><strong>quam</strong></span> 
     </span>
    </p>
   </div>
   <div class='ocr_carea' id='block_1_92' title="bbox 2105 4411 3603 4488">
    <p class='ocr_par' dir='ltr' id='par_1_92' title="bbox 2105 4411 3603 4488">
     <span class='ocr_line' id='line_1_92' title="bbox 2105 4411 3603 4488; baseline -0.007 -19"><span class='ocrx_word' id='word_1_731' title='bbox 2105 4417 2445 4488; x_wconf 81' lang='grc' dir='ltr'>τολμήσομεν</span> <span class='ocrx_word' id='word_1_732' title='bbox 2472 4418 2641 4470; x_wconf 83' lang='grc' dir='ltr'>εἰπεῖν</span> <span class='ocrx_word' id='word_1_733' title='bbox 2670 4418 2780 4478; x_wconf 91' lang='grc' dir='ltr'>τοῖς</span> <span class='ocrx_word' id='word_1_734' title='bbox 2801 4415 3059 4479; x_wconf 80' lang='grc' dir='ltr'>τοιούτοις</span> <span class='ocrx_word' id='word_1_735' title='bbox 3092 4415 3152 4466; x_wconf 89' lang='grc' dir='ltr'><strong>τό</strong></span> <span class='ocrx_word' id='word_1_736' title='bbox 3171 4432 3182 4444; x_wconf 89' lang='grc'><strong>·</strong></span> <span class='ocrx_word' id='word_1_737' title='bbox 3218 4433 3236 4464; x_wconf 79' lang='grc' dir='ltr'><strong>ι</strong></span> <span class='ocrx_word' id='word_1_738' title='bbox 3276 4415 3395 4467; x_wconf 89' lang='grc' dir='ltr'><strong>Ἑάν</strong></span> <span class='ocrx_word' id='word_1_739' title='bbox 3421 4413 3484 4483; x_wconf 84' lang='grc' dir='ltr'>μὴ</span> <span class='ocrx_word' id='word_1_740' title='bbox 3505 4411 3603 4477; x_wconf 60' lang='grc' dir='ltr'>νίψω</span> 
     </span>
    </p>
   </div>
   <div class='ocr_carea' id='block_1_93' title="bbox 507 4549 1985 4631">
    <p class='ocr_par' dir='ltr' id='par_1_93' title="bbox 507 4555 1985 4631">
     <span class='ocr_line' id='line_1_93' title="bbox 507 4555 1985 4631; baseline -0.003 -13"><span class='ocrx_word' id='word_1_741' title='bbox 507 4555 877 4631; x_wconf 78' lang='grc' dir='ltr'><strong>⁸⁰ῙΤὶη1-ν,9,</strong></span> <span class='ocrx_word' id='word_1_742' title='bbox 907 4563 991 4618; x_wconf 84' lang='grc'><strong>10.</strong></span> <span class='ocrx_word' id='word_1_743' title='bbox 1067 4562 1108 4592; x_wconf 85' lang='grc'><strong>²¹</strong></span> <span class='ocrx_word' id='word_1_744' title='bbox 1142 4561 1248 4615; x_wconf 89' lang='lat' dir='ltr'><strong>Tit.</strong></span> <span class='ocrx_word' id='word_1_745' title='bbox 1276 4577 1336 4626; x_wconf 89' lang='grc' dir='ltr'><strong>ιι,</strong></span> <span class='ocrx_word' id='word_1_746' title='bbox 1359 4563 1412 4615; x_wconf 78' lang='lat'><strong>5.</strong></span> <span class='ocrx_word' id='word_1_747' title='bbox 1489 4561 1535 4590; x_wconf 79' lang='lat'>“</span> <span class='ocrx_word' id='word_1_748' title='bbox 1557 4559 1712 4614; x_wconf 83' lang='lat' dir='ltr'><strong>.loan.</strong></span> <span class='ocrx_word' id='word_1_749' title='bbox 1742 4575 1859 4626; x_wconf 82' lang='lat' dir='ltr'><strong>xm,</strong></span> <span class='ocrx_word' id='word_1_750' title='bbox 1900 4561 1985 4615; x_wconf 73' lang='grc'><strong>14.</strong></span> 
     </span>
    </p>
   </div>
   <div class='ocr_carea' id='block_1_94' title="bbox 2105 4549 3600 4631">
    <p class='ocr_par' dir='ltr' id='par_1_94' title="bbox 2105 4549 3600 4627">
     <span class='ocr_line' id='line_1_94' title="bbox 2105 4549 3600 4627; baseline -0.009 -12"><span class='ocrx_word' id='word_1_751' title='bbox 2105 4559 2285 4615; x_wconf 75' lang='lat' dir='ltr'><strong>lJoan.</strong></span> <span class='ocrx_word' id='word_1_752' title='bbox 2316 4576 2437 4626; x_wconf 78' lang='lat' dir='ltr'><strong>xm,</strong></span> <span class='ocrx_word' id='word_1_753' title='bbox 2463 4559 2516 4627; x_wconf 91' lang='lat'><strong>8,</strong></span> <span class='ocrx_word' id='word_1_754' title='bbox 2555 4560 2640 4614; x_wconf 77' lang='lat' dir='ltr'><strong>i2.</strong></span> <span class='ocrx_word' id='word_1_755' title='bbox 2715 4558 2762 4589; x_wconf 72' lang='grc'>³⁸</span> <span class='ocrx_word' id='word_1_756' title='bbox 2787 4559 2942 4611; x_wconf 81' lang='lat' dir='ltr'><strong>Cant.</strong></span> <span class='ocrx_word' id='word_1_757' title='bbox 2971 4573 3022 4622; x_wconf 83' lang='grc' dir='ltr'><strong>ν,</strong></span> <span class='ocrx_word' id='word_1_758' title='bbox 3047 4557 3101 4612; x_wconf 79' lang='grc'>5.</span> <span class='ocrx_word' id='word_1_759' title='bbox 3177 4557 3221 4588; x_wconf 75' lang='grc'><strong>’⁸</strong></span> <span class='ocrx_word' id='word_1_760' title='bbox 3242 4553 3392 4610; x_wconf 79' lang='lat' dir='ltr'><strong>Joan.</strong></span> <span class='ocrx_word' id='word_1_761' title='bbox 3419 4569 3515 4613; x_wconf 79' lang='lat' dir='ltr'><strong>xm,</strong></span> <span class='ocrx_word' id='word_1_762' title='bbox 3540 4549 3600 4604; x_wconf 85' lang='lat' dir='ltr'><strong>l5.</strong></span> 
     </span>
    </p>
   </div>
   <div class='ocr_carea' id='block_1_95' title="bbox 513 4701 1366 4775">
    <p class='ocr_par' dir='ltr' id='par_1_95' title="bbox 513 4701 1366 4775">
     <span class='ocr_line' id='line_1_95' title="bbox 513 4701 1366 4775; baseline -0.001 -18"><span class='ocrx_word' id='word_1_763' title='bbox 513 4703 625 4775; x_wconf 73' lang='grc'><strong>(24)</strong></span> <span class='ocrx_word' id='word_1_764' title='bbox 659 4703 835 4759; x_wconf 82' lang='lat' dir='ltr'><strong>Codex</strong></span> <span class='ocrx_word' id='word_1_765' title='bbox 871 4703 1094 4775; x_wconf 64' lang='lat' dir='ltr'><strong>Regius,</strong></span> <span class='ocrx_word' id='word_1_766' title='bbox 1121 4701 1366 4775; x_wconf 85' lang='grc' dir='ltr'>εὑπορεῖ.</span> 
     </span>
    </p>
   </div>
   <div class='ocr_carea' id='block_1_96' title="bbox 513 4766 2003 4844">
    <p class='ocr_par' dir='ltr' id='par_1_96' title="bbox 513 4766 2003 4844">
     <span class='ocr_line' id='line_1_96' title="bbox 513 4766 2003 4844; baseline 0 -18"><span class='ocrx_word' id='word_1_767' title='bbox 513 4766 811 4844; x_wconf 67' lang='grc' dir='ltr'>(25)]ι1οιιι</span> <span class='ocrx_word' id='word_1_768' title='bbox 842 4766 1008 4829; x_wconf 68' lang='grc' dir='ltr'><strong>σοι]ιῇ</strong></span> <span class='ocrx_word' id='word_1_769' title='bbox 1055 4766 1294 4844; x_wconf 56' lang='lat' dir='ltr'><strong>Begius&#39;,</strong></span> <span class='ocrx_word' id='word_1_770' title='bbox 1327 4770 1689 4844; x_wconf 78' lang='grc' dir='ltr'>πρεσϐύτεραι</span> <span class='ocrx_word' id='word_1_771' title='bbox 1723 4766 1859 4825; x_wconf 79' lang='grc' dir='ltr'>εἶναι</span> <span class='ocrx_word' id='word_1_772' title='bbox 1907 4773 2003 4826; x_wconf 78' lang='grc' dir='ltr'>καὶ</span> 
     </span>
    </p>
   </div>
   <div class='ocr_carea' id='block_1_97' title="bbox 444 4842 1953 4904">
    <p class='ocr_par' dir='ltr' id='par_1_97' title="bbox 444 4842 1953 4904">
     <span class='ocr_line' id='line_1_97' title="bbox 444 4842 1953 4904; baseline -0.004 -4"><span class='ocrx_word' id='word_1_773' title='bbox 444 4843 906 4904; x_wconf 84' lang='grc' dir='ltr'>καλοδιδάσκαλοι,</span> <span class='ocrx_word' id='word_1_774' title='bbox 933 4844 1025 4897; x_wconf 91' lang='lat' dir='ltr'><strong>sed</strong></span> <span class='ocrx_word' id='word_1_775' title='bbox 1052 4842 1380 4896; x_wconf 84' lang='lat' dir='ltr'><strong>Bodleianus</strong></span> <span class='ocrx_word' id='word_1_776' title='bbox 1406 4853 1463 4894; x_wconf 92' lang='lat' dir='ltr'><strong>ut</strong></span> <span class='ocrx_word' id='word_1_777' title='bbox 1488 4844 1537 4894; x_wconf 91' lang='lat' dir='ltr'><strong>in</strong></span> <span class='ocrx_word' id='word_1_778' title='bbox 1572 4852 1762 4895; x_wconf 89' lang='lat' dir='ltr'><strong>nostro</strong></span> <span class='ocrx_word' id='word_1_779' title='bbox 1789 4853 1953 4897; x_wconf 84' lang='lat' dir='ltr'><strong>textu.</strong></span> 
     </span>
    </p>
   </div>
   <div class='ocr_carea' id='block_1_98' title="bbox 510 4910 2001 4986">
    <p class='ocr_par' dir='ltr' id='par_1_98' title="bbox 510 4910 2001 4986">
     <span class='ocr_line' id='line_1_98' title="bbox 510 4910 2001 4986; baseline -0.003 -18"><span class='ocrx_word' id='word_1_780' title='bbox 510 4915 620 4986; x_wconf 68' lang='lat'><strong>(‘26)</strong></span> <span class='ocrx_word' id='word_1_781' title='bbox 647 4915 825 4968; x_wconf 87' lang='lat' dir='ltr'><strong>Codex</strong></span> <span class='ocrx_word' id='word_1_782' title='bbox 861 4915 1080 4986; x_wconf 57' lang='lat' dir='ltr'><strong>Regius,</strong></span> <span class='ocrx_word' id='word_1_783' title='bbox 1109 4914 1233 4986; x_wconf 79' lang='grc' dir='ltr'>τοὺς</span> <span class='ocrx_word' id='word_1_784' title='bbox 1267 4910 1608 4986; x_wconf 76' lang='grc' dir='ltr'>πιστεύοντος</span> <span class='ocrx_word' id='word_1_785' title='bbox 1652 4910 1866 4986; x_wconf 57' lang='grc' dir='ltr'>δούλου,</span> <span class='ocrx_word' id='word_1_786' title='bbox 1905 4913 2001 4986; x_wconf 76' lang='grc' dir='ltr'>καὶ</span> 
     </span>
    </p>
   </div>
   <div class='ocr_carea' id='block_1_99' title="bbox 443 4980 2001 5055">
    <p class='ocr_par' dir='ltr' id='par_1_99' title="bbox 443 4980 2001 5055">
     <span class='ocr_line' id='line_1_99' title="bbox 443 4980 2001 5055; baseline -0.003 -15"><span class='ocrx_word' id='word_1_787' title='bbox 443 4980 566 5048; x_wconf 72' lang='grc' dir='ltr'>τοῦς</span> <span class='ocrx_word' id='word_1_788' title='bbox 603 4980 777 5055; x_wconf 81' lang='grc' dir='ltr'>γονεῖς</span> <span class='ocrx_word' id='word_1_789' title='bbox 825 4983 919 5035; x_wconf 91' lang='grc' dir='ltr'><strong>τοῦ</strong></span> <span class='ocrx_word' id='word_1_790' title='bbox 947 4980 1276 5055; x_wconf 54' lang='lat' dir='ltr'><strong>victi-&quot;61:89</strong></span> <span class='ocrx_word' id='word_1_791' title='bbox 1314 4982 1485 5055; x_wconf 74' lang='grc' dir='ltr'>έοοςῇ</span> <span class='ocrx_word' id='word_1_792' title='bbox 1518 4982 1578 5034; x_wconf 86' lang='grc' dir='ltr'><strong>οὑ</strong></span> <span class='ocrx_word' id='word_1_793' title='bbox 1607 4980 1813 5055; x_wconf 86' lang='grc' dir='ltr'>γίνεται</span> <span class='ocrx_word' id='word_1_794' title='bbox 1840 4983 1873 5054; x_wconf 80' lang='grc' dir='ltr'>ἢ</span> <span class='ocrx_word' id='word_1_795' title='bbox 1921 4985 2001 5055; x_wconf 85' lang='grc' dir='ltr'><strong>εἰς</strong></span> 
     </span>
    </p>
   </div>
   <div class='ocr_carea' id='block_1_100' title="bbox 445 5053 2001 5126">
    <p class='ocr_par' dir='ltr' id='par_1_100' title="bbox 445 5053 2001 5126">
     <span class='ocr_line' id='line_1_100' title="bbox 445 5053 2001 5126; baseline -0.003 -16"><span class='ocrx_word' id='word_1_796' title='bbox 445 5053 767 5126; x_wconf 78' lang='grc' dir='ltr'>ὑπερϐολὴν,</span> <span class='ocrx_word' id='word_1_797' title='bbox 797 5063 904 5126; x_wconf 86' lang='lat' dir='ltr'><strong>etc.</strong></span> <span class='ocrx_word' id='word_1_798' title='bbox 945 5053 1208 5126; x_wconf 68' lang='lat' dir='ltr'><strong>tlteterttm</strong></span> <span class='ocrx_word' id='word_1_799' title='bbox 1233 5053 1298 5107; x_wconf 81' lang='lat' dir='ltr'><strong>ex</strong></span> <span class='ocrx_word' id='word_1_800' title='bbox 1334 5054 1435 5108; x_wconf 92' lang='lat' dir='ltr'><strong>hoc</strong></span> <span class='ocrx_word' id='word_1_801' title='bbox 1462 5053 1578 5126; x_wconf 84' lang='lat' dir='ltr'><strong>loco</strong></span> <span class='ocrx_word' id='word_1_802' title='bbox 1606 5054 1864 5126; x_wconf 78' lang='lat' dir='ltr'><strong>discimus</strong></span> <span class='ocrx_word' id='word_1_803' title='bbox 1933 5054 2001 5106; x_wconf 83' lang='lat' dir='ltr'><strong>ab</strong></span> 
     </span>
    </p>
   </div>
   <div class='ocr_carea' id='block_1_101' title="bbox 444 5123 2002 5195">
    <p class='ocr_par' dir='ltr' id='par_1_101' title="bbox 444 5123 2002 5195">
     <span class='ocr_line' id='line_1_101' title="bbox 444 5123 2002 5195; baseline -0.004 -15"><span class='ocrx_word' id='word_1_804' title='bbox 444 5123 793 5195; x_wconf 50' lang='lat' dir='ltr'><strong>cpti’matibus</strong></span> <span class='ocrx_word' id='word_1_805' title='bbox 817 5123 884 5195; x_wconf 85' lang='lat' dir='ltr'><strong>ad</strong></span> <span class='ocrx_word' id='word_1_806' title='bbox 914 5123 1272 5190; x_wconf 83' lang='lat' dir='ltr'><strong>simpliciores</strong></span> <span class='ocrx_word' id='word_1_807' title='bbox 1305 5133 1384 5195; x_wconf 78' lang='lat' dir='ltr'><strong>et__</strong></span> <span class='ocrx_word' id='word_1_808' title='bbox 1410 5123 1645 5176; x_wconf 90' lang='lat' dir='ltr'><strong>rusticos</strong></span> <span class='ocrx_word' id='word_1_809' title='bbox 1683 5123 1858 5195; x_wconf 84' lang='lat' dir='ltr'><strong>hunc_</strong></span> <span class='ocrx_word' id='word_1_810' title='bbox 1883 5137 2002 5195; x_wconf 86' lang='lat' dir='ltr'><strong>mo-</strong></span> 
     </span>
    </p>
   </div>
   <div class='ocr_carea' id='block_1_102' title="bbox 442 5192 2004 5259">
    <p class='ocr_par' dir='ltr' id='par_1_102' title="bbox 442 5192 2004 5259">
     <span class='ocr_line' id='line_1_102' title="bbox 442 5192 2004 5259; baseline -0.004 -9"><span class='ocrx_word' id='word_1_811' title='bbox 442 5192 557 5250; x_wconf 80' lang='lat' dir='ltr'><strong>rem</strong></span> <span class='ocrx_word' id='word_1_812' title='bbox 581 5193 746 5248; x_wconf 86' lang='lat' dir='ltr'><strong>fuisse</strong></span> <span class='ocrx_word' id='word_1_813' title='bbox 762 5194 1100 5259; x_wconf 89' lang='lat' dir='ltr'><strong>traductum;</strong></span> <span class='ocrx_word' id='word_1_814' title='bbox 1129 5202 1185 5246; x_wconf 89' lang='lat' dir='ltr'><strong>at</strong></span> <span class='ocrx_word' id='word_1_815' title='bbox 1211 5195 1277 5247; x_wconf 89' lang='lat' dir='ltr'><strong>ab</strong></span> <span class='ocrx_word' id='word_1_816' title='bbox 1313 5193 1418 5246; x_wconf 90' lang='lat' dir='ltr'><strong>illis</strong></span> <span class='ocrx_word' id='word_1_817' title='bbox 1453 5207 1667 5246; x_wconf 89' lang='lat' dir='ltr'><strong>rursum</strong></span> <span class='ocrx_word' id='word_1_818' title='bbox 1719 5193 1786 5246; x_wconf 90' lang='lat' dir='ltr'><strong>ad</strong></span> <span class='ocrx_word' id='word_1_819' title='bbox 1820 5192 2004 5246; x_wconf 88' lang='lat' dir='ltr'><strong>Eccle-</strong></span> 
     </span>
    </p>
   </div>
   <div class='ocr_carea' id='block_1_103' title="bbox 443 5262 2003 5332">
    <p class='ocr_par' dir='ltr' id='par_1_103' title="bbox 443 5262 2003 5332">
     <span class='ocr_line' id='line_1_103' title="bbox 443 5262 2003 5332; baseline -0.003 -13"><span class='ocrx_word' id='word_1_820' title='bbox 443 5266 539 5319; x_wconf 74' lang='lat' dir='ltr'><strong>siae</strong></span> <span class='ocrx_word' id='word_1_821' title='bbox 599 5265 827 5332; x_wconf 86' lang='lat' dir='ltr'><strong>primum</strong></span> <span class='ocrx_word' id='word_1_822' title='bbox 864 5272 1127 5326; x_wconf 87' lang='lat' dir='ltr'><strong>rectores,</strong></span> <span class='ocrx_word' id='word_1_823' title='bbox 1178 5263 1369 5318; x_wconf 89' lang='lat' dir='ltr'><strong>deinde</strong></span> <span class='ocrx_word' id='word_1_824' title='bbox 1416 5262 1580 5316; x_wconf 88' lang='lat' dir='ltr'><strong>etiam</strong></span> <span class='ocrx_word' id='word_1_825' title='bbox 1625 5262 1692 5315; x_wconf 91' lang='lat' dir='ltr'><strong>ad</strong></span> <span class='ocrx_word' id='word_1_826' title='bbox 1733 5263 2003 5332; x_wconf 60' lang='lat' dir='ltr'><strong>principes</strong></span> 
     </span>
    </p>
   </div>
   <div class='ocr_carea' id='block_1_104' title="bbox 446 5332 1995 5402">
    <p class='ocr_par' dir='ltr' id='par_1_104' title="bbox 446 5332 1995 5402">
     <span class='ocr_line' id='line_1_104' title="bbox 446 5332 1995 5402; baseline -0.002 -15"><span class='ocrx_word' id='word_1_827' title='bbox 446 5335 904 5402; x_wconf 89' lang='lat' dir='ltr'><strong>transiit;quibus</strong></span> <span class='ocrx_word' id='word_1_828' title='bbox 943 5333 1209 5400; x_wconf 89' lang='lat' dir='ltr'><strong>hodieque</strong></span> <span class='ocrx_word' id='word_1_829' title='bbox 1249 5332 1489 5402; x_wconf 87' lang='lat' dir='ltr'><strong>solemne</strong></span> <span class='ocrx_word' id='word_1_830' title='bbox 1511 5341 1594 5385; x_wconf 87' lang='lat' dir='ltr'><strong>est</strong></span> <span class='ocrx_word' id='word_1_831' title='bbox 1623 5333 1756 5387; x_wconf 86' lang='lat' dir='ltr'><strong>feria</strong></span> <span class='ocrx_word' id='word_1_832' title='bbox 1809 5334 1995 5402; x_wconf 88' lang='lat' dir='ltr'><strong>quinta</strong></span> 
     </span>
    </p>
   </div>
   <div class='ocr_carea' id='block_1_105' title="bbox 444 5401 1995 5472">
    <p class='ocr_par' dir='ltr' id='par_1_105' title="bbox 444 5401 1995 5472">
     <span class='ocr_line' id='line_1_105' title="bbox 444 5401 1995 5472; baseline -0.001 -14"><span class='ocrx_word' id='word_1_833' title='bbox 444 5405 498 5458; x_wconf 92' lang='lat' dir='ltr'><strong>in</strong></span> <span class='ocrx_word' id='word_1_834' title='bbox 547 5401 950 5458; x_wconf 74' lang='lat' dir='ltr'><strong>CmnaDomini</strong></span> <span class='ocrx_word' id='word_1_835' title='bbox 1003 5416 1293 5472; x_wconf 84' lang='lat' dir='ltr'><strong>pauperum</strong></span> <span class='ocrx_word' id='word_1_836' title='bbox 1341 5401 1504 5472; x_wconf 88' lang='lat' dir='ltr'><strong>pedes</strong></span> <span class='ocrx_word' id='word_1_837' title='bbox 1557 5402 1796 5457; x_wconf 88' lang='lat' dir='ltr'><strong>abluere.</strong></span> <span class='ocrx_word' id='word_1_838' title='bbox 1829 5401 1995 5456; x_wconf 41' lang='lat' dir='ltr'><strong>’llanc</strong></span> 
     </span>
    </p>
   </div>
   <div class='ocr_carea' id='block_1_106' title="bbox 445 5470 1994 5541">
    <p class='ocr_par' dir='ltr' id='par_1_106' title="bbox 445 5470 1994 5541">
     <span class='ocr_line' id='line_1_106' title="bbox 445 5470 1994 5541; baseline -0.002 -14"><span class='ocrx_word' id='word_1_839' title='bbox 445 5477 891 5527; x_wconf 80' lang='lat' dir='ltr'><strong>consuetudinem</strong></span> <span class='ocrx_word' id='word_1_840' title='bbox 942 5470 1135 5540; x_wconf 84' lang='lat' dir='ltr'><strong>priscis</strong></span> <span class='ocrx_word' id='word_1_841' title='bbox 1183 5470 1512 5540; x_wconf 85' lang='lat' dir='ltr'><strong>temporibus</strong></span> <span class='ocrx_word' id='word_1_842' title='bbox 1550 5474 1842 5541; x_wconf 84' lang='lat' dir='ltr'><strong>arripuisse</strong></span> <span class='ocrx_word' id='word_1_843' title='bbox 1887 5472 1994 5524; x_wconf 85' lang='lat' dir='ltr'><strong>Mc-</strong></span> 
     </span>
    </p>
   </div>
   <div class='ocr_carea' id='block_1_107' title="bbox 446 5541 1995 5609">
    <p class='ocr_par' dir='ltr' id='par_1_107' title="bbox 446 5541 1995 5609">
     <span class='ocr_line' id='line_1_107' title="bbox 446 5541 1995 5609; baseline 0 -15"><span class='ocrx_word' id='word_1_844' title='bbox 446 5543 811 5597; x_wconf 89' lang='lat' dir='ltr'><strong>diolanensem</strong></span> <span class='ocrx_word' id='word_1_845' title='bbox 835 5542 1154 5605; x_wconf 85' lang='lat' dir='ltr'><strong>Ecclesiam,</strong></span> <span class='ocrx_word' id='word_1_846' title='bbox 1181 5551 1235 5595; x_wconf 90' lang='lat' dir='ltr'><strong>et</strong></span> <span class='ocrx_word' id='word_1_847' title='bbox 1289 5541 1596 5605; x_wconf 85' lang='lat' dir='ltr'><strong>retinuisse,</strong></span> <span class='ocrx_word' id='word_1_848' title='bbox 1652 5543 1886 5609; x_wconf 88' lang='lat' dir='ltr'><strong>indeque</strong></span> <span class='ocrx_word' id='word_1_849' title='bbox 1928 5543 1995 5594; x_wconf 86' lang='lat' dir='ltr'><strong>ad</strong></span> 
     </span>
    </p>
   </div>
   <div class='ocr_carea' id='block_1_108' title="bbox 449 5611 1996 5680">
    <p class='ocr_par' dir='ltr' id='par_1_108' title="bbox 449 5611 1996 5680">
     <span class='ocr_line' id='line_1_108' title="bbox 449 5611 1996 5680; baseline 0 -17"><span class='ocrx_word' id='word_1_850' title='bbox 449 5612 584 5665; x_wconf 80' lang='lat' dir='ltr'><strong>alias</strong></span> <span class='ocrx_word' id='word_1_851' title='bbox 609 5613 892 5680; x_wconf 86' lang='lat' dir='ltr'><strong>plerasque</strong></span> <span class='ocrx_word' id='word_1_852' title='bbox 921 5611 1086 5667; x_wconf 90' lang='lat' dir='ltr'><strong>fuisse</strong></span> <span class='ocrx_word' id='word_1_853' title='bbox 1133 5621 1478 5680; x_wconf 78' lang='lat' dir='ltr'><strong>propagatam</strong></span> <span class='ocrx_word' id='word_1_854' title='bbox 1535 5611 1730 5666; x_wconf 83' lang='lat' dir='ltr'><strong>docent</strong></span> <span class='ocrx_word' id='word_1_855' title='bbox 1788 5622 1996 5664; x_wconf 81' lang='lat' dir='ltr'><strong>veteres</strong></span> 
     </span>
    </p>
   </div>
   <div class='ocr_carea' id='block_1_109' title="bbox 451 5680 1997 5750">
    <p class='ocr_par' dir='ltr' id='par_1_109' title="bbox 451 5680 1997 5750">
     <span class='ocr_line' id='line_1_109' title="bbox 451 5680 1997 5750; baseline 0.002 -19"><span class='ocrx_word' id='word_1_856' title='bbox 451 5683 744 5736; x_wconf 58' lang='lat' dir='ltr'><strong>memoriae.</strong></span> <span class='ocrx_word' id='word_1_857' title='bbox 800 5681 998 5738; x_wconf 79' lang='lat' dir='ltr'><strong>Morem</strong></span> <span class='ocrx_word' id='word_1_858' title='bbox 1046 5682 1184 5736; x_wconf 88' lang='lat' dir='ltr'><strong>hunc</strong></span> <span class='ocrx_word' id='word_1_859' title='bbox 1243 5681 1382 5735; x_wconf 86' lang='lat' dir='ltr'><strong>inter</strong></span> <span class='ocrx_word' id='word_1_860' title='bbox 1435 5680 1686 5738; x_wconf 71' lang='lat' dir='ltr'><strong>Ecclesia:</strong></span> <span class='ocrx_word' id='word_1_861' title='bbox 1719 5682 1997 5750; x_wconf 81' lang='lat' dir='ltr'><strong>primores</strong></span> 
     </span>
    </p>
   </div>
   <div class='ocr_carea' id='block_1_110' title="bbox 2111 4695 3604 4772">
    <p class='ocr_par' dir='ltr' id='par_1_110' title="bbox 2111 4695 3604 4772">
     <span class='ocr_line' id='line_1_110' title="bbox 2111 4695 3604 4772; baseline -0.01 -13"><span class='ocrx_word' id='word_1_862' title='bbox 2111 4705 2424 4760; x_wconf 89' lang='lat' dir='ltr'><strong>inusitatum</strong></span> <span class='ocrx_word' id='word_1_863' title='bbox 2468 4704 2637 4760; x_wconf 90' lang='lat' dir='ltr'><strong>fuisse</strong></span> <span class='ocrx_word' id='word_1_864' title='bbox 2684 4703 2935 4772; x_wconf 88' lang='lat' dir='ltr'><strong>Origenis</strong></span> <span class='ocrx_word' id='word_1_865' title='bbox 2969 4701 3305 4772; x_wconf 87' lang='lat' dir='ltr'><strong>temporibus</strong></span> <span class='ocrx_word' id='word_1_866' title='bbox 3347 4695 3604 4772; x_wconf 59' lang='lat' dir='ltr'><strong>intelligitur</strong></span> 
     </span>
    </p>
   </div>
   <div class='ocr_carea' id='block_1_111' title="bbox 2110 4765 3600 4845">
    <p class='ocr_par' dir='ltr' id='par_1_111' title="bbox 2110 4765 3600 4845">
     <span class='ocr_line' id='line_1_111' title="bbox 2110 4765 3600 4845; baseline -0.009 -17"><span class='ocrx_word' id='word_1_867' title='bbox 2110 4777 2275 4829; x_wconf 88' lang='lat' dir='ltr'><strong>etiam</strong></span> <span class='ocrx_word' id='word_1_868' title='bbox 2301 4791 2366 4829; x_wconf 80' lang='lat' dir='ltr'><strong>ex</strong></span> <span class='ocrx_word' id='word_1_869' title='bbox 2397 4776 2566 4845; x_wconf 88' lang='lat' dir='ltr'><strong>ipsius</strong></span> <span class='ocrx_word' id='word_1_870' title='bbox 2591 4765 2840 4831; x_wconf 55' lang='lat' dir='ltr'><strong>homil.&#39;6</strong></span> <span class='ocrx_word' id='word_1_871' title='bbox 2875 4765 3160 4845; x_wconf 68' lang='lat' dir='ltr'><strong>m_Isaiizm</strong></span> <span class='ocrx_word' id='word_1_872' title='bbox 3184 4813 3197 4836; x_wconf 92' lang='lat'><strong>,</strong></span> <span class='ocrx_word' id='word_1_873' title='bbox 3232 4787 3372 4825; x_wconf 90' lang='lat' dir='ltr'><strong>num.</strong></span> <span class='ocrx_word' id='word_1_874' title='bbox 3402 4769 3465 4845; x_wconf 47' lang='grc' dir='ltr'>δέ</span> <span class='ocrx_word' id='word_1_875' title='bbox 3491 4785 3506 4817; x_wconf 84' lang='grc' dir='ltr'><strong>ι</strong></span> <span class='ocrx_word' id='word_1_876' title='bbox 3530 4765 3600 4816; x_wconf 75' lang='grc' dir='ltr'><strong>Νε-</strong></span> 
     </span>
    </p>
   </div>
   <div class='ocr_carea' id='block_1_112' title="bbox 2110 4839 3599 4915">
    <p class='ocr_par' dir='ltr' id='par_1_112' title="bbox 2110 4839 3599 4915">
     <span class='ocr_line' id='line_1_112' title="bbox 2110 4839 3599 4915; baseline -0.011 -17"><span class='ocrx_word' id='word_1_877' title='bbox 2110 4863 2196 4900; x_wconf 88' lang='lat' dir='ltr'><strong>mo</strong></span> <span class='ocrx_word' id='word_1_878' title='bbox 2254 4839 2670 4915; x_wconf 54' lang='lat' dir='ltr'><strong>quibu&#39;scunque</strong></span> <span class='ocrx_word' id='word_1_879' title='bbox 2719 4843 3382 4915; x_wconf 74' lang='lat' dir='ltr'><strong>venientibusassumens</strong></span> <span class='ocrx_word' id='word_1_880' title='bbox 3435 4839 3599 4915; x_wconf 70' lang='lat' dir='ltr'><strong>linteum</strong></span> 
     </span>
    </p>
   </div>
   <div class='ocr_carea' id='block_1_113' title="bbox 2109 4904 3597 4984">
    <p class='ocr_par' dir='ltr' id='par_1_113' title="bbox 2109 4904 3597 4984">
     <span class='ocr_line' id='line_1_113' title="bbox 2109 4904 3597 4984; baseline -0.01 -15"><span class='ocrx_word' id='word_1_881' title='bbox 2109 4904 2389 4982; x_wconf 77' lang='lat' dir='ltr'><strong>diaconus,</strong></span> <span class='ocrx_word' id='word_1_882' title='bbox 2414 4917 2496 4969; x_wconf 91' lang='lat' dir='ltr'><strong>vel</strong></span> <span class='ocrx_word' id='word_1_883' title='bbox 2529 4904 2836 4984; x_wconf 67' lang='lat' dir='ltr'><strong>presbyter,</strong></span> <span class='ocrx_word' id='word_1_884' title='bbox 2863 4915 2977 4968; x_wconf 91' lang='lat' dir='ltr'><strong>sive</strong></span> <span class='ocrx_word' id='word_1_885' title='bbox 3005 4913 3288 4982; x_wconf 84' lang='lat' dir='ltr'><strong>episcopus</strong></span> <span class='ocrx_word' id='word_1_886' title='bbox 3314 4911 3443 4963; x_wconf 82' lang='lat' dir='ltr'><strong>lavat</strong></span> <span class='ocrx_word' id='word_1_887' title='bbox 3463 4904 3597 4983; x_wconf 83' lang='lat' dir='ltr'><strong>pedes.</strong></span> 
     </span>
    </p>
   </div>
   <div class='ocr_carea' id='block_1_114' title="bbox 2109 4984 3598 5056">
    <p class='ocr_par' dir='ltr' id='par_1_114' title="bbox 2109 4984 3598 5056">
     <span class='ocr_line' id='line_1_114' title="bbox 2109 4984 3598 5056; baseline -0.007 -18"><span class='ocrx_word' id='word_1_888' title='bbox 2109 4987 2215 5040; x_wconf 87' lang='lat' dir='ltr'><strong>Sed</strong></span> <span class='ocrx_word' id='word_1_889' title='bbox 2242 4987 2286 5040; x_wconf 90' lang='lat' dir='ltr'><strong>si</strong></span> <span class='ocrx_word' id='word_1_890' title='bbox 2320 5001 2424 5039; x_wconf 93' lang='lat' dir='ltr'><strong>non</strong></span> <span class='ocrx_word' id='word_1_891' title='bbox 2454 4986 2720 5054; x_wconf 77' lang='lat' dir='ltr'><strong>intelligas</strong></span> <span class='ocrx_word' id='word_1_892' title='bbox 2745 5000 2808 5039; x_wconf 86' lang='lat' dir='ltr'><strong>ea</strong></span> <span class='ocrx_word' id='word_1_893' title='bbox 2831 4999 2950 5056; x_wconf 64' lang='lat' dir='ltr'><strong>quae</strong></span> <span class='ocrx_word' id='word_1_894' title='bbox 2984 4984 3181 5056; x_wconf 71' lang='lat' dir='ltr'><strong>scripta</strong></span> <span class='ocrx_word' id='word_1_895' title='bbox 3209 4990 3336 5056; x_wconf 75' lang='lat' dir='ltr'><strong>sunt</strong></span> <span class='ocrx_word' id='word_1_896' title='bbox 3361 5021 3375 5043; x_wconf 93' lang='lat'><strong>,</strong></span> <span class='ocrx_word' id='word_1_897' title='bbox 3411 4984 3598 5056; x_wconf 58' lang='lat' dir='ltr'><strong>quiverit</strong></span> 
     </span>
    </p>
   </div>
   <div class='ocr_carea' id='block_1_115' title="bbox 2105 5048 3596 5124">
    <p class='ocr_par' dir='ltr' id='par_1_115' title="bbox 2105 5048 3596 5124">
     <span class='ocr_line' id='line_1_115' title="bbox 2105 5048 3596 5124; baseline -0.013 -14"><span class='ocrx_word' id='word_1_898' title='bbox 2105 5056 2247 5110; x_wconf 86' lang='lat' dir='ltr'><strong>beati</strong></span> <span class='ocrx_word' id='word_1_899' title='bbox 2304 5065 2432 5111; x_wconf 87' lang='lat' dir='ltr'><strong>sunt</strong></span> <span class='ocrx_word' id='word_1_900' title='bbox 2483 5048 2722 5124; x_wconf 73' lang='lat' dir='ltr'><strong>episcopi</strong></span> <span class='ocrx_word' id='word_1_901' title='bbox 2781 5048 3107 5108; x_wconf 73' lang='lat' dir='ltr'><strong>servientes</strong></span> <span class='ocrx_word' id='word_1_902' title='bbox 3135 5049 3383 5124; x_wconf 73' lang='lat' dir='ltr'><strong>Ecclesia:</strong></span> <span class='ocrx_word' id='word_1_903' title='bbox 3433 5048 3596 5124; x_wconf 59' lang='lat' dir='ltr'><strong>inibunt</strong></span> 
     </span>
    </p>
   </div>
   <div class='ocr_carea' id='block_1_116' title="bbox 2107 5113 3591 5194">
    <p class='ocr_par' dir='ltr' id='par_1_116' title="bbox 2107 5113 3591 5194">
     <span class='ocr_line' id='line_1_116' title="bbox 2107 5113 3591 5194; baseline -0.009 -15"><span class='ocrx_word' id='word_1_904' title='bbox 2107 5141 2300 5194; x_wconf 87' lang='lat' dir='ltr'><strong>aquam</strong></span> <span class='ocrx_word' id='word_1_905' title='bbox 2342 5126 2407 5179; x_wconf 84' lang='lat' dir='ltr'><strong>de</strong></span> <span class='ocrx_word' id='word_1_906' title='bbox 2453 5113 2826 5194; x_wconf 59' lang='lat' dir='ltr'><strong>Sc&#39;riptu&#39;risin</strong></span> <span class='ocrx_word' id='word_1_907' title='bbox 2891 5124 3087 5192; x_wconf 83' lang='lat' dir='ltr'><strong>pelvim</strong></span> <span class='ocrx_word' id='word_1_908' title='bbox 3135 5122 3341 5177; x_wconf 60' lang='lat' dir='ltr'><strong>anilitas.</strong></span> <span class='ocrx_word' id='word_1_909' title='bbox 3385 5113 3502 5194; x_wconf 74' lang='lat' dir='ltr'><strong>quod</strong></span> <span class='ocrx_word' id='word_1_910' title='bbox 3538 5118 3591 5194; x_wconf 63' lang='grc' dir='ltr'>ςξι</span> 
     </span>
    </p>
   </div>
   <div class='ocr_carea' id='block_1_117' title="bbox 2105 5179 3594 5268">
    <p class='ocr_par' dir='ltr' id='par_1_117' title="bbox 2105 5179 3594 5268">
     <span class='ocr_line' id='line_1_117' title="bbox 2105 5179 3594 5268; baseline -0.009 -18"><span class='ocrx_word' id='word_1_911' title='bbox 2105 5179 2398 5250; x_wconf 71' lang='lat' dir='ltr'><strong>secundum</strong></span> <span class='ocrx_word' id='word_1_912' title='bbox 2424 5179 2752 5268; x_wconf 62' lang='lat' dir='ltr'><strong>scripturas,</strong></span> <span class='ocrx_word' id='word_1_913' title='bbox 2789 5203 2844 5247; x_wconf 89' lang='lat' dir='ltr'><strong>et</strong></span> <span class='ocrx_word' id='word_1_914' title='bbox 2869 5179 3080 5268; x_wconf 73' lang='lat' dir='ltr'><strong>tentant</strong></span> <span class='ocrx_word' id='word_1_915' title='bbox 3122 5196 3311 5268; x_wconf 73' lang='lat' dir='ltr'><strong>pedum</strong></span> <span class='ocrx_word' id='word_1_916' title='bbox 3371 5179 3594 5268; x_wconf 49' lang='lat' dir='ltr'><strong>discipule:</strong></span> 
     </span>
    </p>
   </div>
   <div class='ocr_carea' id='block_1_118' title="bbox 2109 5254 3594 5329">
    <p class='ocr_par' dir='ltr' id='par_1_118' title="bbox 2109 5254 3594 5329">
     <span class='ocr_line' id='line_1_118' title="bbox 2109 5254 3594 5329; baseline -0.012 -8"><span class='ocrx_word' id='word_1_917' title='bbox 2109 5281 2224 5321; x_wconf 87' lang='lat' dir='ltr'><strong>rum</strong></span> <span class='ocrx_word' id='word_1_918' title='bbox 2251 5268 2439 5321; x_wconf 87' lang='lat' dir='ltr'><strong>sordes</strong></span> <span class='ocrx_word' id='word_1_919' title='bbox 2483 5254 2666 5318; x_wconf 77' lang='lat' dir='ltr'><strong>lavare</strong></span> <span class='ocrx_word' id='word_1_920' title='bbox 2687 5306 2701 5327; x_wconf 89' lang='lat'><strong>,</strong></span> <span class='ocrx_word' id='word_1_921' title='bbox 2735 5254 2791 5318; x_wconf 86' lang='lat' dir='ltr'><strong>et</strong></span> <span class='ocrx_word' id='word_1_922' title='bbox 2835 5263 3036 5326; x_wconf 84' lang='lat' dir='ltr'><strong>eluere,</strong></span> <span class='ocrx_word' id='word_1_923' title='bbox 3067 5254 3506 5329; x_wconf 53' lang='lat' dir='ltr'><strong>et&#39;projicere._Et</strong></span> <span class='ocrx_word' id='word_1_924' title='bbox 3540 5254 3594 5329; x_wconf 64' lang='lat' dir='ltr'><strong>sit</strong></span> 
     </span>
    </p>
   </div>
   <div class='ocr_carea' id='block_1_119' title="bbox 2106 5323 3588 5404">
    <p class='ocr_par' dir='ltr' id='par_1_119' title="bbox 2106 5323 3588 5404">
     <span class='ocr_line' id='line_1_119' title="bbox 2106 5323 3588 5404; baseline -0.009 -14"><span class='ocrx_word' id='word_1_925' title='bbox 2106 5336 2420 5393; x_wconf 88' lang='lat' dir='ltr'><strong>custodiunt</strong></span> <span class='ocrx_word' id='word_1_926' title='bbox 2477 5323 2715 5404; x_wconf 82' lang='lat' dir='ltr'><strong>episcopi</strong></span> <span class='ocrx_word' id='word_1_927' title='bbox 2774 5323 3083 5387; x_wconf 85' lang='lat' dir='ltr'><strong>mandatum</strong></span> <span class='ocrx_word' id='word_1_928' title='bbox 3129 5323 3390 5384; x_wconf 78' lang='lat' dir='ltr'><strong>imitantes</strong></span> <span class='ocrx_word' id='word_1_929' title='bbox 3427 5323 3588 5378; x_wconf 75' lang='lat' dir='ltr'><strong>Jesutn;</strong></span> 
     </span>
    </p>
   </div>
   <div class='ocr_carea' id='block_1_120' title="bbox 2103 5406 3433 5476">
    <p class='ocr_par' dir='ltr' id='par_1_120' title="bbox 2103 5406 3433 5476">
     <span class='ocr_line' id='line_1_120' title="bbox 2103 5406 3433 5476; baseline 0.011 -14"><span class='ocrx_word' id='word_1_930' title='bbox 2103 5407 2179 5462; x_wconf 90' lang='lat' dir='ltr'><strong>sic</strong></span> <span class='ocrx_word' id='word_1_931' title='bbox 2209 5417 2264 5460; x_wconf 91' lang='lat' dir='ltr'><strong>et</strong></span> <span class='ocrx_word' id='word_1_932' title='bbox 2309 5406 2663 5476; x_wconf 63' lang='lat' dir='ltr'><strong>presbyteri.»</strong></span> <span class='ocrx_word' id='word_1_933' title='bbox 2759 5472 2788 5476; x_wconf 91' lang='lat'>_</span> <span class='ocrx_word' id='word_1_934' title='bbox 2976 5471 2989 5476; x_wconf 93' lang='lat'>_</span> <span class='ocrx_word' id='word_1_935' title='bbox 3169 5469 3201 5476; x_wconf 73' lang='lat'><strong>_.</strong></span> <span class='ocrx_word' id='word_1_936' title='bbox 3321 5466 3354 5476; x_wconf 73' lang='grc'><strong>.,</strong></span> <span class='ocrx_word' id='word_1_937' title='bbox 3425 5463 3433 5472; x_wconf 97' lang='grc'><strong>.</strong></span> 
     </span>
    </p>
   </div>
   <div class='ocr_carea' id='block_1_121' title="bbox 2168 5456 3591 5546">
    <p class='ocr_par' dir='ltr' id='par_1_121' title="bbox 2168 5456 3591 5546">
     <span class='ocr_line' id='line_1_121' title="bbox 2168 5456 3591 5546; baseline -0.017 -12"><span class='ocrx_word' id='word_1_938' title='bbox 2168 5456 2280 5546; x_wconf 56' lang='grc' dir='ltr'><strong>(εἶ)</strong></span> <span class='ocrx_word' id='word_1_939' title='bbox 2311 5456 2732 5546; x_wconf 46' lang='lat' dir='ltr'><strong>“amamus.</strong></span> <span class='ocrx_word' id='word_1_940' title='bbox 2759 5472 2919 5526; x_wconf 85' lang='lat' dir='ltr'><strong>Deest</strong></span> <span class='ocrx_word' id='word_1_941' title='bbox 2975 5471 3030 5524; x_wconf 91' lang='lat' dir='ltr'><strong>in</strong></span> <span class='ocrx_word' id='word_1_942' title='bbox 3082 5469 3271 5525; x_wconf 90' lang='lat' dir='ltr'><strong>codice</strong></span> <span class='ocrx_word' id='word_1_943' title='bbox 3321 5463 3482 5533; x_wconf 81' lang='lat' dir='ltr'><strong>Regio,</strong></span> <span class='ocrx_word' id='word_1_944' title='bbox 3528 5456 3591 5512; x_wconf 76' lang='lat' dir='ltr'><strong>sed</strong></span> 
     </span>
    </p>
   </div>
   <div class='ocr_carea' id='block_1_122' title="bbox 2107 5545 3032 5602">
    <p class='ocr_par' dir='ltr' id='par_1_122' title="bbox 2107 5545 3032 5602">
     <span class='ocr_line' id='line_1_122' title="bbox 2107 5545 3032 5602; baseline -0.012 0"><span class='ocrx_word' id='word_1_945' title='bbox 2107 5545 2412 5602; x_wconf 81' lang='lat' dir='ltr'><strong>restituitur</strong></span> <span class='ocrx_word' id='word_1_946' title='bbox 2433 5561 2497 5598; x_wconf 81' lang='lat' dir='ltr'><strong>ex</strong></span> <span class='ocrx_word' id='word_1_947' title='bbox 2531 5545 2842 5597; x_wconf 79' lang='lat' dir='ltr'><strong>Bodleiano.</strong></span> <span class='ocrx_word' id='word_1_948' title='bbox 3029 5555 3032 5558; x_wconf 91' lang='grc'><strong>·</strong></span> 
     </span>
    </p>
   </div>
   <div class='ocr_carea' id='block_1_123' title="bbox 2175 5612 3465 5687">
    <p class='ocr_par' dir='ltr' id='par_1_123' title="bbox 2175 5612 3465 5687">
     <span class='ocr_line' id='line_1_123' title="bbox 2175 5612 3465 5687; baseline -0.01 -15"><span class='ocrx_word' id='word_1_949' title='bbox 2175 5617 2287 5686; x_wconf 70' lang='lat'><strong>(28)</strong></span> <span class='ocrx_word' id='word_1_950' title='bbox 2327 5613 2665 5687; x_wconf 70' lang='grc' dir='ltr'>Γεγονέναι.</span> <span class='ocrx_word' id='word_1_951' title='bbox 2707 5613 2870 5668; x_wconf 85' lang='lat' dir='ltr'><strong>Forte</strong></span> <span class='ocrx_word' id='word_1_952' title='bbox 2892 5612 3465 5682; x_wconf 5' lang='lat' dir='ltr'><strong>scribendumpya&#39;yovs-</strong></span> 
     </span>
    </p>
   </div>
  </div>
