  <div class='ocr_page' id='page_1' title='image "/cluster/home/n/w/nwhite01/storage/ocr_20150623/14/mdp.39015052831362/434.png"; bbox 0 0 3712 6138; ppageno 0'>
   <div class='ocr_carea' id='block_1_1' title="bbox 133 267 242 324">
    <p class='ocr_par' dir='ltr' id='par_1_1' title="bbox 133 267 242 324">
     <span class='ocr_line' id='line_1_1' title="bbox 133 267 242 324; baseline 0.018 -2"><span class='ocrx_word' id='word_1_1' title='bbox 133 267 242 324; x_wconf 76' lang='lat'><strong>775</strong></span> 
     </span>
    </p>
   </div>
   <div class='ocr_carea' id='block_1_2' title="bbox 1135 269 2356 331">
    <p class='ocr_par' dir='ltr' id='par_1_2' title="bbox 1135 269 2356 331">
     <span class='ocr_line' id='line_1_2' title="bbox 1135 269 2356 331; baseline 0.005 -6"><span class='ocrx_word' id='word_1_2' title='bbox 1135 269 1490 327; x_wconf 79' lang='lat' dir='ltr'><strong>COMMENT.</strong></span> <span class='ocrx_word' id='word_1_3' title='bbox 1533 271 1600 326; x_wconf 81' lang='grc' dir='ltr'><strong>ΙΝ</strong></span> <span class='ocrx_word' id='word_1_4' title='bbox 1639 271 1832 330; x_wconf 81' lang='lat' dir='ltr'><strong>JOAN.</strong></span> <span class='ocrx_word' id='word_1_5' title='bbox 1868 271 2108 330; x_wconf 81' lang='lat' dir='ltr'><strong>TOMUS</strong></span> <span class='ocrx_word' id='word_1_6' title='bbox 2144 273 2356 331; x_wconf 80' lang='lat' dir='ltr'><strong>XXXII.</strong></span> 
     </span>
    </p>
   </div>
   <div class='ocr_carea' id='block_1_3' title="bbox 3292 288 3400 343">
    <p class='ocr_par' dir='ltr' id='par_1_3' title="bbox 3292 288 3400 343">
     <span class='ocr_line' id='line_1_3' title="bbox 3292 288 3400 343; baseline -0.037 0"><span class='ocrx_word' id='word_1_7' title='bbox 3292 288 3400 343; x_wconf 64' lang='lat' dir='ltr'><strong>77L</strong></span> 
     </span>
    </p>
   </div>
   <div class='ocr_carea' id='block_1_4' title="bbox 130 387 1693 474">
    <p class='ocr_par' dir='ltr' id='par_1_4' title="bbox 130 387 1693 462">
     <span class='ocr_line' id='line_1_4' title="bbox 130 387 1693 462; baseline 0.001 -20"><span class='ocrx_word' id='word_1_8' title='bbox 130 405 212 455; x_wconf 81' lang='grc' dir='ltr'><strong>σε,</strong></span> <span class='ocrx_word' id='word_1_9' title='bbox 253 387 361 443; x_wconf 84' lang='grc' dir='ltr'><strong>οὐκ</strong></span> <span class='ocrx_word' id='word_1_10' title='bbox 386 387 528 459; x_wconf 76' lang='grc' dir='ltr'>ἔχεις</span> <span class='ocrx_word' id='word_1_11' title='bbox 566 388 730 462; x_wconf 81' lang='grc' dir='ltr'><strong>μέρος</strong></span> <span class='ocrx_word' id='word_1_12' title='bbox 772 392 888 462; x_wconf 84' lang='grc' dir='ltr'>μετ’</span> <span class='ocrx_word' id='word_1_13' title='bbox 932 390 1089 461; x_wconf 77' lang='grc' dir='ltr'>ἐμοῦ.</span> <span class='ocrx_word' id='word_1_14' title='bbox 1131 412 1149 444; x_wconf 84' lang='grc'><strong>›</strong></span> <span class='ocrx_word' id='word_1_15' title='bbox 1199 394 1262 446; x_wconf 83' lang='lat' dir='ltr'><strong>El</strong></span> <span class='ocrx_word' id='word_1_16' title='bbox 1296 393 1354 446; x_wconf 80' lang='grc' dir='ltr'>δὲ</span> <span class='ocrx_word' id='word_1_17' title='bbox 1387 393 1623 448; x_wconf 83' lang='grc' dir='ltr'>ἐνταῦθα</span> <span class='ocrx_word' id='word_1_18' title='bbox 1655 412 1693 446; x_wconf 74' lang='grc' dir='ltr'><strong>οι</strong></span> 
     </span>
    </p>
   </div>
   <div class='ocr_carea' id='block_1_5' title="bbox 1866 387 3406 474">
    <p class='ocr_par' dir='ltr' id='par_1_5' title="bbox 1866 389 3406 474">
     <span class='ocr_line' id='line_1_5' title="bbox 1866 389 3406 474; baseline 0.008 -26"><span class='ocrx_word' id='word_1_19' title='bbox 1866 396 1904 450; x_wconf 84' lang='lat' dir='ltr'><strong>is</strong></span> <span class='ocrx_word' id='word_1_20' title='bbox 1964 411 2060 466; x_wconf 88' lang='lat' dir='ltr'><strong>per</strong></span> <span class='ocrx_word' id='word_1_21' title='bbox 2132 396 2448 468; x_wconf 80' lang='lat' dir='ltr'><strong>allegoriam</strong></span> <span class='ocrx_word' id='word_1_22' title='bbox 2505 396 2780 464; x_wconf 89' lang='lat' dir='ltr'><strong>dicantur,</strong></span> <span class='ocrx_word' id='word_1_23' title='bbox 2850 389 3214 461; x_wconf 79' lang='lat' dir='ltr'><strong>nihilominus</strong></span> <span class='ocrx_word' id='word_1_24' title='bbox 3253 405 3406 474; x_wconf 84' lang='lat' dir='ltr'><strong>juxta</strong></span> 
     </span>
    </p>
   </div>
   <div class='ocr_carea' id='block_1_6' title="bbox 131 479 1719 558">
    <p class='ocr_par' dir='ltr' id='par_1_6' title="bbox 131 479 1719 558">
     <span class='ocr_line' id='line_1_6' title="bbox 131 479 1719 558; baseline 0.003 -24"><span class='ocrx_word' id='word_1_25' title='bbox 131 482 376 537; x_wconf 77' lang='grc' dir='ltr'>δυσωπεῖ</span> <span class='ocrx_word' id='word_1_26' title='bbox 398 483 458 535; x_wconf 87' lang='grc' dir='ltr'><strong>τὸ</strong></span> <span class='ocrx_word' id='word_1_27' title='bbox 487 483 514 535; x_wconf 84' lang='grc' dir='ltr'><strong>ὃ</strong></span> <span class='ocrx_word' id='word_1_28' title='bbox 544 479 720 547; x_wconf 83' lang='grc' dir='ltr'>εἷπον,</span> <span class='ocrx_word' id='word_1_29' title='bbox 751 484 1045 554; x_wconf 73' lang='grc' dir='ltr'>ἐπίσκεψαι</span> <span class='ocrx_word' id='word_1_30' title='bbox 1074 484 1125 538; x_wconf 87' lang='grc' dir='ltr'><strong>τί</strong></span> <span class='ocrx_word' id='word_1_31' title='bbox 1153 501 1210 537; x_wconf 89' lang='grc' dir='ltr'><strong>σε</strong></span> <span class='ocrx_word' id='word_1_32' title='bbox 1236 485 1340 557; x_wconf 79' lang='grc' dir='ltr'>χρὴ</span> <span class='ocrx_word' id='word_1_33' title='bbox 1370 485 1549 553; x_wconf 82' lang='grc' dir='ltr'>λέγειν</span> <span class='ocrx_word' id='word_1_34' title='bbox 1581 485 1719 558; x_wconf 85' lang='grc' dir='ltr'>πρὸς</span> 
     </span>
    </p>
   </div>
   <div class='ocr_carea' id='block_1_7' title="bbox 132 574 1718 651">
    <p class='ocr_par' dir='ltr' id='par_1_7' title="bbox 132 574 1718 651">
     <span class='ocr_line' id='line_1_7' title="bbox 132 574 1718 651; baseline 0.003 -24"><span class='ocrx_word' id='word_1_35' title='bbox 132 574 230 646; x_wconf 73' lang='grc' dir='ltr'><strong>τὴν</strong></span> <span class='ocrx_word' id='word_1_36' title='bbox 265 577 396 647; x_wconf 81' lang='grc' dir='ltr'>περὶ</span> <span class='ocrx_word' id='word_1_37' title='bbox 436 574 532 627; x_wconf 89' lang='grc' dir='ltr'><strong>τοῦ</strong></span> <span class='ocrx_word' id='word_1_38' title='bbox 567 577 616 628; x_wconf 81' lang='grc' dir='ltr'>εἰ</span> <span class='ocrx_word' id='word_1_39' title='bbox 647 576 752 648; x_wconf 85' lang='grc' dir='ltr'>χρὴ</span> <span class='ocrx_word' id='word_1_40' title='bbox 801 577 894 630; x_wconf 82' lang='grc' dir='ltr'>καὶ</span> <span class='ocrx_word' id='word_1_41' title='bbox 945 577 1043 649; x_wconf 87' lang='grc' dir='ltr'>τὴν</span> <span class='ocrx_word' id='word_1_42' title='bbox 1089 577 1231 644; x_wconf 80' lang='grc' dir='ltr'>λέξιν</span> <span class='ocrx_word' id='word_1_43' title='bbox 1276 578 1494 642; x_wconf 81' lang='grc' dir='ltr'>πάντως</span> <span class='ocrx_word' id='word_1_44' title='bbox 1529 583 1718 651; x_wconf 79' lang='grc' dir='ltr'><strong>τηρεῖν</strong></span> 
     </span>
    </p>
   </div>
   <div class='ocr_carea' id='block_1_8' title="bbox 130 664 1718 742">
    <p class='ocr_par' dir='ltr' id='par_1_8' title="bbox 130 664 1718 742">
     <span class='ocr_line' id='line_1_8' title="bbox 130 664 1718 742; baseline 0.003 -23"><span class='ocrx_word' id='word_1_45' title='bbox 130 666 495 738; x_wconf 82' lang='grc' dir='ltr'>ὲπαπόρησιν.</span> <span class='ocrx_word' id='word_1_46' title='bbox 533 668 652 720; x_wconf 89' lang='grc' dir='ltr'>Ὅτι</span> <span class='ocrx_word' id='word_1_47' title='bbox 695 669 794 738; x_wconf 84' lang='grc' dir='ltr'><strong>μὲν</strong></span> <span class='ocrx_word' id='word_1_48' title='bbox 840 664 932 722; x_wconf 81' lang='grc' dir='ltr'>οὖν</span> <span class='ocrx_word' id='word_1_49' title='bbox 983 687 1114 722; x_wconf 90' lang='grc' dir='ltr'>ποτε</span> <span class='ocrx_word' id='word_1_50' title='bbox 1158 669 1384 742; x_wconf 75' lang='grc' dir='ltr'>καθήξει</span> <span class='ocrx_word' id='word_1_51' title='bbox 1429 669 1566 740; x_wconf 83' lang='grc' dir='ltr'>τῷδε</span> <span class='ocrx_word' id='word_1_52' title='bbox 1617 671 1718 741; x_wconf 81' lang='grc' dir='ltr'>μὲν</span> 
     </span>
    </p>
   </div>
   <div class='ocr_carea' id='block_1_9' title="bbox 127 756 1718 834">
    <p class='ocr_par' dir='ltr' id='par_1_9' title="bbox 127 756 1718 834">
     <span class='ocr_line' id='line_1_9' title="bbox 127 756 1718 834; baseline 0.004 -25"><span class='ocrx_word' id='word_1_53' title='bbox 127 756 279 826; x_wconf 77' lang='grc' dir='ltr'>νῖψαι</span> <span class='ocrx_word' id='word_1_54' title='bbox 311 759 438 820; x_wconf 82' lang='grc' dir='ltr'>τοὺς</span> <span class='ocrx_word' id='word_1_55' title='bbox 477 758 642 822; x_wconf 82' lang='grc' dir='ltr'><strong>πόδας</strong></span> <span class='ocrx_word' id='word_1_56' title='bbox 677 758 771 812; x_wconf 85' lang='grc' dir='ltr'><strong>τοῦ</strong></span> <span class='ocrx_word' id='word_1_57' title='bbox 813 761 963 815; x_wconf 85' lang='grc' dir='ltr'>δεῖνα</span> <span class='ocrx_word' id='word_1_58' title='bbox 999 759 1243 832; x_wconf 75' lang='grc' dir='ltr'><strong>μαθητοῦ</strong></span> <span class='ocrx_word' id='word_1_59' title='bbox 1303 761 1498 832; x_wconf 81' lang='grc' dir='ltr'><strong>Ἰησοῦ,</strong></span> <span class='ocrx_word' id='word_1_60' title='bbox 1539 761 1619 834; x_wconf 83' lang='grc' dir='ltr'>τῷ</span> <span class='ocrx_word' id='word_1_61' title='bbox 1657 763 1718 816; x_wconf 85' lang='grc' dir='ltr'>δὲ</span> 
     </span>
    </p>
   </div>
   <div class='ocr_carea' id='block_1_10' title="bbox 132 848 1718 924">
    <p class='ocr_par' dir='ltr' id='par_1_10' title="bbox 132 848 1718 924">
     <span class='ocr_line' id='line_1_10' title="bbox 132 848 1718 924; baseline 0.004 -24"><span class='ocrx_word' id='word_1_62' title='bbox 132 848 509 920; x_wconf 76' lang='grc' dir='ltr'><strong>ἐμπαρασχεῖν</strong></span> <span class='ocrx_word' id='word_1_63' title='bbox 555 851 750 915; x_wconf 80' lang='grc' dir='ltr'>αὐτοὺς</span> <span class='ocrx_word' id='word_1_64' title='bbox 807 851 1236 924; x_wconf 79' lang='grc' dir='ltr'>νιφθησομένους</span> <span class='ocrx_word' id='word_1_65' title='bbox 1280 853 1372 907; x_wconf 79' lang='grc' dir='ltr'>ὑπ’</span> <span class='ocrx_word' id='word_1_66' title='bbox 1407 853 1594 920; x_wconf 81' lang='grc' dir='ltr'>αὐτοῦ,</span> <span class='ocrx_word' id='word_1_67' title='bbox 1640 853 1718 918; x_wconf 84' lang='grc' dir='ltr'><strong>ῶς</strong></span> 
     </span>
    </p>
   </div>
   <div class='ocr_carea' id='block_1_11' title="bbox 131 942 1714 1019">
    <p class='ocr_par' dir='ltr' id='par_1_11' title="bbox 131 942 1714 1019">
     <span class='ocr_line' id='line_1_11' title="bbox 131 942 1714 1019; baseline 0.004 -25"><span class='ocrx_word' id='word_1_68' title='bbox 131 942 236 994; x_wconf 75' lang='grc' dir='ltr'><strong>ἀπὸ</strong></span> <span class='ocrx_word' id='word_1_69' title='bbox 262 942 487 1014; x_wconf 82' lang='grc' dir='ltr'><strong>ἀγάπης</strong></span> <span class='ocrx_word' id='word_1_70' title='bbox 520 943 614 996; x_wconf 79' lang='grc' dir='ltr'><strong>καὶ</strong></span> <span class='ocrx_word' id='word_1_71' title='bbox 641 944 1041 1017; x_wconf 76' lang='grc' dir='ltr'><strong>φιλοφροσύνης</strong></span> <span class='ocrx_word' id='word_1_72' title='bbox 1069 945 1162 1000; x_wconf 85' lang='grc' dir='ltr'><strong>τὸν</strong></span> <span class='ocrx_word' id='word_1_73' title='bbox 1203 947 1302 1018; x_wconf 80' lang='grc' dir='ltr'>μὲν</span> <span class='ocrx_word' id='word_1_74' title='bbox 1341 949 1586 1019; x_wconf 88' lang='grc' dir='ltr'>ποιῆσαι,</span> <span class='ocrx_word' id='word_1_75' title='bbox 1624 947 1714 1001; x_wconf 86' lang='grc' dir='ltr'><strong>τὸν</strong></span> 
     </span>
    </p>
   </div>
   <div class='ocr_carea' id='block_1_12' title="bbox 131 1034 1714 1113">
    <p class='ocr_par' dir='ltr' id='par_1_12' title="bbox 131 1034 1714 1113">
     <span class='ocr_line' id='line_1_12' title="bbox 131 1034 1714 1113; baseline 0.004 -25"><span class='ocrx_word' id='word_1_76' title='bbox 131 1034 187 1089; x_wconf 82' lang='grc' dir='ltr'>δὲ</span> <span class='ocrx_word' id='word_1_77' title='bbox 223 1040 550 1108; x_wconf 86' lang='grc' dir='ltr'><strong>παρασχεῖν,</strong></span> <span class='ocrx_word' id='word_1_78' title='bbox 596 1039 692 1091; x_wconf 78' lang='grc' dir='ltr'>καὶ</span> <span class='ocrx_word' id='word_1_79' title='bbox 744 1039 909 1103; x_wconf 79' lang='grc' dir='ltr'>αὐτὸς</span> <span class='ocrx_word' id='word_1_80' title='bbox 947 1039 1014 1094; x_wconf 82' lang='grc' dir='ltr'><strong>ἂν</strong></span> <span class='ocrx_word' id='word_1_81' title='bbox 1085 1042 1507 1113; x_wconf 80' lang='grc' dir='ltr'>όμολογήσαιμι.</span> <span class='ocrx_word' id='word_1_82' title='bbox 1554 1045 1616 1096; x_wconf 89' lang='grc' dir='ltr'><strong>Εἰ</strong></span> <span class='ocrx_word' id='word_1_83' title='bbox 1656 1043 1714 1097; x_wconf 82' lang='grc' dir='ltr'>δὲ</span> 
     </span>
    </p>
   </div>
   <div class='ocr_carea' id='block_1_13' title="bbox 133 1129 1712 1207">
    <p class='ocr_par' dir='ltr' id='par_1_13' title="bbox 133 1129 1712 1207">
     <span class='ocr_line' id='line_1_13' title="bbox 133 1129 1712 1207; baseline 0.006 -28"><span class='ocrx_word' id='word_1_84' title='bbox 133 1129 378 1199; x_wconf 82' lang='grc' dir='ltr'>φήσομεν</span> <span class='ocrx_word' id='word_1_85' title='bbox 430 1129 660 1183; x_wconf 72' lang='grc' dir='ltr'>ἕκαστον</span> <span class='ocrx_word' id='word_1_86' title='bbox 713 1130 822 1184; x_wconf 89' lang='grc' dir='ltr'><strong>τῶν</strong></span> <span class='ocrx_word' id='word_1_87' title='bbox 875 1132 948 1204; x_wconf 82' lang='grc' dir='ltr'>μὴ</span> <span class='ocrx_word' id='word_1_88' title='bbox 1010 1134 1324 1187; x_wconf 70' lang='grc' dir='ltr'><strong>συνειδότων</strong></span> <span class='ocrx_word' id='word_1_89' title='bbox 1379 1135 1487 1205; x_wconf 72' lang='grc'><strong>(29)</strong></span> <span class='ocrx_word' id='word_1_90' title='bbox 1533 1135 1712 1207; x_wconf 79' lang='grc' dir='ltr'>ἑαυτῴ</span> 
     </span>
    </p>
   </div>
   <div class='ocr_carea' id='block_1_14' title="bbox 132 1217 1712 1292">
    <p class='ocr_par' dir='ltr' id='par_1_14' title="bbox 132 1217 1712 1292">
     <span class='ocr_line' id='line_1_14' title="bbox 132 1217 1712 1292; baseline 0.008 -23"><span class='ocrx_word' id='word_1_91' title='bbox 132 1217 288 1272; x_wconf 81' lang='grc' dir='ltr'>τοῦτο</span> <span class='ocrx_word' id='word_1_92' title='bbox 308 1221 692 1291; x_wconf 82' lang='grc' dir='ltr'><strong>πεποιηκέναι,</strong></span> <span class='ocrx_word' id='word_1_93' title='bbox 731 1223 825 1276; x_wconf 77' lang='grc' dir='ltr'><strong>καὶ</strong></span> <span class='ocrx_word' id='word_1_94' title='bbox 857 1224 1026 1292; x_wconf 86' lang='grc' dir='ltr'>ἁγίων</span> <span class='ocrx_word' id='word_1_95' title='bbox 1056 1223 1197 1278; x_wconf 73' lang='grc' dir='ltr'>οὕτω</span> <span class='ocrx_word' id='word_1_96' title='bbox 1222 1229 1347 1290; x_wconf 76' lang='grc' dir='ltr'>τοὺς</span> <span class='ocrx_word' id='word_1_97' title='bbox 1375 1228 1542 1292; x_wconf 91' lang='grc' dir='ltr'>πόδας</span> <span class='ocrx_word' id='word_1_98' title='bbox 1571 1247 1712 1282; x_wconf 89' lang='grc' dir='ltr'>νενι-</span> 
     </span>
    </p>
   </div>
   <div class='ocr_carea' id='block_1_15' title="bbox 133 1309 1713 1388">
    <p class='ocr_par' dir='ltr' id='par_1_15' title="bbox 133 1309 1713 1388">
     <span class='ocr_line' id='line_1_15' title="bbox 133 1309 1713 1388; baseline 0.015 -28"><span class='ocrx_word' id='word_1_99' title='bbox 133 1309 310 1377; x_wconf 75' lang='grc' dir='ltr'>φέναι,</span> <span class='ocrx_word' id='word_1_100' title='bbox 358 1309 715 1384; x_wconf 80' lang='grc' dir='ltr'><strong>ὀφειλομένην</strong></span> <span class='ocrx_word' id='word_1_101' title='bbox 764 1315 888 1368; x_wconf 87' lang='grc' dir='ltr'>τινὰ</span> <span class='ocrx_word' id='word_1_102' title='bbox 940 1315 1156 1387; x_wconf 82' lang='grc' dir='ltr'>ἐντολὴν</span> <span class='ocrx_word' id='word_1_103' title='bbox 1198 1318 1272 1388; x_wconf 87' lang='grc' dir='ltr'>μὴ</span> <span class='ocrx_word' id='word_1_104' title='bbox 1315 1319 1713 1374; x_wconf 74' lang='grc' dir='ltr'><strong>ἀποδεδωκέναι</strong></span> 
     </span>
    </p>
   </div>
   <div class='ocr_carea' id='block_1_16' title="bbox 133 1401 1712 1483">
    <p class='ocr_par' dir='ltr' id='par_1_16' title="bbox 133 1401 1712 1483">
     <span class='ocr_line' id='line_1_16' title="bbox 133 1401 1712 1483; baseline 0.007 -30"><span class='ocrx_word' id='word_1_105' title='bbox 133 1401 258 1472; x_wconf 75' lang='grc' dir='ltr'>τὴν,</span> <span class='ocrx_word' id='word_1_106' title='bbox 287 1419 307 1453; x_wconf 73' lang='grc' dir='ltr'><strong>ι</strong></span> <span class='ocrx_word' id='word_1_107' title='bbox 362 1402 635 1472; x_wconf 85' lang='grc' dir='ltr'>Ὀφείλετε</span> <span class='ocrx_word' id='word_1_108' title='bbox 669 1405 912 1477; x_wconf 86' lang='grc' dir='ltr'>ἀλλήλων</span> <span class='ocrx_word' id='word_1_109' title='bbox 939 1407 1146 1463; x_wconf 81' lang='grc' dir='ltr'>νίπτειν</span> <span class='ocrx_word' id='word_1_110' title='bbox 1173 1411 1298 1472; x_wconf 81' lang='grc' dir='ltr'>τοὺς</span> <span class='ocrx_word' id='word_1_111' title='bbox 1323 1410 1509 1473; x_wconf 88' lang='grc' dir='ltr'>πόδας,</span> <span class='ocrx_word' id='word_1_112' title='bbox 1541 1431 1558 1462; x_wconf 74' lang='grc' dir='ltr'><strong>ι</strong></span> <span class='ocrx_word' id='word_1_113' title='bbox 1592 1409 1712 1483; x_wconf 84' lang='grc' dir='ltr'><strong>ῶρα</strong></span> 
     </span>
    </p>
   </div>
   <div class='ocr_carea' id='block_1_17' title="bbox 133 1493 1711 1572">
    <p class='ocr_par' dir='ltr' id='par_1_17' title="bbox 133 1493 1711 1572">
     <span class='ocr_line' id='line_1_17' title="bbox 133 1493 1711 1572; baseline 0.007 -26"><span class='ocrx_word' id='word_1_114' title='bbox 133 1511 232 1548; x_wconf 89' lang='grc' dir='ltr'><strong>που</strong></span> <span class='ocrx_word' id='word_1_115' title='bbox 267 1493 376 1565; x_wconf 80' lang='grc'><strong>(50)</strong></span> <span class='ocrx_word' id='word_1_116' title='bbox 411 1495 589 1566; x_wconf 80' lang='grc' dir='ltr'>λέγειν</span> <span class='ocrx_word' id='word_1_117' title='bbox 638 1499 804 1567; x_wconf 80' lang='grc' dir='ltr'>ἐγγύς</span> <span class='ocrx_word' id='word_1_118' title='bbox 851 1517 954 1554; x_wconf 85' lang='grc' dir='ltr'><strong>που</strong></span> <span class='ocrx_word' id='word_1_119' title='bbox 995 1501 1202 1566; x_wconf 87' lang='grc' dir='ltr'>πάντας</span> <span class='ocrx_word' id='word_1_120' title='bbox 1252 1502 1534 1572; x_wconf 79' lang='grc' dir='ltr'>ὀφειλέτας</span> <span class='ocrx_word' id='word_1_121' title='bbox 1571 1501 1711 1558; x_wconf 84' lang='grc' dir='ltr'>εἶναι</span> 
     </span>
    </p>
   </div>
   <div class='ocr_carea' id='block_1_18' title="bbox 131 1583 718 1659">
    <p class='ocr_par' dir='ltr' id='par_1_18' title="bbox 131 1583 718 1659">
     <span class='ocr_line' id='line_1_18' title="bbox 131 1583 718 1659; baseline 0.009 -23"><span class='ocrx_word' id='word_1_122' title='bbox 131 1583 226 1654; x_wconf 80' lang='grc' dir='ltr'><strong>τῆς</strong></span> <span class='ocrx_word' id='word_1_123' title='bbox 248 1583 470 1657; x_wconf 78' lang='grc' dir='ltr'><strong>ἐντολῆς</strong></span> <span class='ocrx_word' id='word_1_124' title='bbox 493 1587 718 1659; x_wconf 81' lang='grc' dir='ltr'>ταύτης.</span> 
     </span>
    </p>
   </div>
   <div class='ocr_carea' id='block_1_19' title="bbox 1827 488 3408 564">
    <p class='ocr_par' dir='ltr' id='par_1_19' title="bbox 1827 488 3408 564">
     <span class='ocr_line' id='line_1_19' title="bbox 1827 488 3408 564; baseline 0.007 -22"><span class='ocrx_word' id='word_1_125' title='bbox 1827 498 2140 543; x_wconf 90' lang='lat' dir='ltr'><strong>contextum</strong></span> <span class='ocrx_word' id='word_1_126' title='bbox 2167 488 2311 544; x_wconf 85' lang='lat' dir='ltr'><strong>fac’ta</strong></span> <span class='ocrx_word' id='word_1_127' title='bbox 2346 491 2545 556; x_wconf 89' lang='lat' dir='ltr'><strong>fuisse,</strong></span> <span class='ocrx_word' id='word_1_128' title='bbox 2581 493 2969 564; x_wconf 89' lang='lat' dir='ltr'><strong>moraliterqne</strong></span> <span class='ocrx_word' id='word_1_129' title='bbox 3001 496 3168 552; x_wconf 90' lang='lat' dir='ltr'><strong>etiam</strong></span> <span class='ocrx_word' id='word_1_130' title='bbox 3203 499 3408 554; x_wconf 78' lang='lat' dir='ltr'><strong>intelli-</strong></span> 
     </span>
    </p>
   </div>
   <div class='ocr_carea' id='block_1_20' title="bbox 1825 581 3402 660">
    <p class='ocr_par' dir='ltr' id='par_1_20' title="bbox 1825 581 3402 660">
     <span class='ocr_line' id='line_1_20' title="bbox 1825 581 3402 660; baseline 0.01 -28"><span class='ocrx_word' id='word_1_131' title='bbox 1825 581 2000 648; x_wconf 86' lang='lat' dir='ltr'><strong>genda</strong></span> <span class='ocrx_word' id='word_1_132' title='bbox 2039 594 2161 635; x_wconf 83' lang='lat' dir='ltr'><strong>esse</strong></span> <span class='ocrx_word' id='word_1_133' title='bbox 2191 581 2310 635; x_wconf 72' lang='lat' dir='ltr'><strong>lucc</strong></span> <span class='ocrx_word' id='word_1_134' title='bbox 2359 583 2561 638; x_wconf 82' lang='lat' dir='ltr'><strong>verba:</strong></span> <span class='ocrx_word' id='word_1_135' title='bbox 2603 600 2624 634; x_wconf 76' lang='grc' dir='ltr'><strong>ι</strong></span> <span class='ocrx_word' id='word_1_136' title='bbox 2653 583 2710 638; x_wconf 88' lang='lat' dir='ltr'><strong>Si</strong></span> <span class='ocrx_word' id='word_1_137' title='bbox 2758 584 2924 654; x_wconf 89' lang='lat' dir='ltr'><strong>igitur</strong></span> <span class='ocrx_word' id='word_1_138' title='bbox 2963 601 3067 655; x_wconf 84' lang='lat' dir='ltr'><strong>ego</strong></span> <span class='ocrx_word' id='word_1_139' title='bbox 3096 587 3202 644; x_wconf 89' lang='lat' dir='ltr'><strong>lavi</strong></span> <span class='ocrx_word' id='word_1_140' title='bbox 3233 592 3402 660; x_wconf 80' lang='lat' dir='ltr'><strong>pedes</strong></span> 
     </span>
    </p>
   </div>
   <div class='ocr_carea' id='block_1_21' title="bbox 1823 669 3407 740">
    <p class='ocr_par' dir='ltr' id='par_1_21' title="bbox 1823 669 3407 740">
     <span class='ocr_line' id='line_1_21' title="bbox 1823 669 3407 740; baseline 0.007 -19"><span class='ocrx_word' id='word_1_141' title='bbox 1823 678 2036 724; x_wconf 82' lang='lat' dir='ltr'><strong>vestros</strong></span> <span class='ocrx_word' id='word_1_142' title='bbox 2061 669 2320 740; x_wconf 73' lang='lat' dir='ltr'><strong>Magister</strong></span> <span class='ocrx_word' id='word_1_143' title='bbox 2350 679 2408 724; x_wconf 86' lang='lat' dir='ltr'><strong>et</strong></span> <span class='ocrx_word' id='word_1_144' title='bbox 2437 672 2716 740; x_wconf 83' lang='lat' dir='ltr'><strong>Dominus,</strong></span> <span class='ocrx_word' id='word_1_145' title='bbox 2729 681 2784 726; x_wconf 87' lang='lat' dir='ltr'><strong>et</strong></span> <span class='ocrx_word' id='word_1_146' title='bbox 2799 687 2894 728; x_wconf 86' lang='lat' dir='ltr'><strong>vos</strong></span> <span class='ocrx_word' id='word_1_147' title='bbox 2921 674 3128 731; x_wconf 81' lang='lat' dir='ltr'><strong>debetis</strong></span> <span class='ocrx_word' id='word_1_148' title='bbox 3150 676 3244 730; x_wconf 74' lang='lat' dir='ltr'><strong>alii</strong></span> <span class='ocrx_word' id='word_1_149' title='bbox 3269 678 3407 732; x_wconf 76' lang='lat' dir='ltr'><strong>alio-</strong></span> 
     </span>
    </p>
   </div>
   <div class='ocr_carea' id='block_1_22' title="bbox 1824 762 3408 834">
    <p class='ocr_par' dir='ltr' id='par_1_22' title="bbox 1824 762 3408 834">
     <span class='ocr_line' id='line_1_22' title="bbox 1824 762 3408 834; baseline 0.003 -17"><span class='ocrx_word' id='word_1_150' title='bbox 1824 778 1943 817; x_wconf 87' lang='lat' dir='ltr'><strong>rum</strong></span> <span class='ocrx_word' id='word_1_151' title='bbox 1978 762 2160 816; x_wconf 85' lang='lat' dir='ltr'><strong>lavare</strong></span> <span class='ocrx_word' id='word_1_152' title='bbox 2189 764 2352 831; x_wconf 86' lang='lat' dir='ltr'><strong>pedes</strong></span> <span class='ocrx_word' id='word_1_153' title='bbox 2383 780 2396 816; x_wconf 91' lang='lat'><strong>:</strong></span> <span class='ocrx_word' id='word_1_154' title='bbox 2434 764 2742 834; x_wconf 82' lang='lat' dir='ltr'><strong>exemplum</strong></span> <span class='ocrx_word' id='word_1_155' title='bbox 2791 765 2938 819; x_wconf 89' lang='lat' dir='ltr'><strong>enim</strong></span> <span class='ocrx_word' id='word_1_156' title='bbox 2984 767 3106 820; x_wconf 83' lang='lat' dir='ltr'><strong>dedi</strong></span> <span class='ocrx_word' id='word_1_157' title='bbox 3142 768 3316 832; x_wconf 81' lang='lat' dir='ltr'><strong>vobis,</strong></span> <span class='ocrx_word' id='word_1_158' title='bbox 3347 778 3408 821; x_wconf 85' lang='lat' dir='ltr'><strong>ut.</strong></span> 
     </span>
    </p>
   </div>
   <div class='ocr_carea' id='block_1_23' title="bbox 1821 854 3401 925">
    <p class='ocr_par' dir='ltr' id='par_1_23' title="bbox 1821 854 3401 925">
     <span class='ocr_line' id='line_1_23' title="bbox 1821 854 3401 925; baseline 0.004 -18"><span class='ocrx_word' id='word_1_159' title='bbox 1821 855 2276 925; x_wconf 83' lang='lat' dir='ltr'><strong>quemadmodum</strong></span> <span class='ocrx_word' id='word_1_160' title='bbox 2301 869 2400 924; x_wconf 82' lang='lat' dir='ltr'><strong>ego</strong></span> <span class='ocrx_word' id='word_1_161' title='bbox 2423 854 2525 910; x_wconf 86' lang='lat' dir='ltr'><strong>feci</strong></span> <span class='ocrx_word' id='word_1_162' title='bbox 2551 857 2726 922; x_wconf 85' lang='lat' dir='ltr'><strong>vobis,</strong></span> <span class='ocrx_word' id='word_1_163' title='bbox 2746 859 2818 912; x_wconf 91' lang='lat' dir='ltr'><strong>ita</strong></span> <span class='ocrx_word' id='word_1_164' title='bbox 2839 868 2893 912; x_wconf 88' lang='lat' dir='ltr'><strong>et</strong></span> <span class='ocrx_word' id='word_1_165' title='bbox 2914 873 3012 914; x_wconf 86' lang='lat' dir='ltr'><strong>vos</strong></span> <span class='ocrx_word' id='word_1_166' title='bbox 3041 857 3259 914; x_wconf 76' lang='lat' dir='ltr'><strong>faciatis</strong></span> <span class='ocrx_word' id='word_1_167' title='bbox 3282 860 3329 892; x_wconf 77' lang='lat'>“</span> <span class='ocrx_word' id='word_1_168' title='bbox 3350 874 3401 913; x_wconf 75' lang='grc' dir='ltr'><strong>ε»</strong></span> 
     </span>
    </p>
   </div>
   <div class='ocr_carea' id='block_1_24' title="bbox 1821 947 3402 1022">
    <p class='ocr_par' dir='ltr' id='par_1_24' title="bbox 1821 947 3402 1022">
     <span class='ocr_line' id='line_1_24' title="bbox 1821 947 3402 1022; baseline 0.003 -20"><span class='ocrx_word' id='word_1_169' title='bbox 1821 947 1889 1002; x_wconf 89' lang='lat' dir='ltr'><strong>ad</strong></span> <span class='ocrx_word' id='word_1_170' title='bbox 1937 947 2247 1017; x_wconf 90' lang='lat' dir='ltr'><strong>hujusmodi</strong></span> <span class='ocrx_word' id='word_1_171' title='bbox 2302 949 2734 1017; x_wconf 89' lang='lat' dir='ltr'><strong>respondendum</strong></span> <span class='ocrx_word' id='word_1_172' title='bbox 2784 960 2869 1005; x_wconf 89' lang='lat' dir='ltr'><strong>est</strong></span> <span class='ocrx_word' id='word_1_173' title='bbox 2916 970 2928 1004; x_wconf 92' lang='lat'>:</span> <span class='ocrx_word' id='word_1_174' title='bbox 2981 966 3110 1022; x_wconf 89' lang='lat' dir='ltr'><strong>ergo</strong></span> <span class='ocrx_word' id='word_1_175' title='bbox 3145 953 3402 1021; x_wconf 88' lang='lat' dir='ltr'><strong>quoniam</strong></span> 
     </span>
    </p>
   </div>
   <div class='ocr_carea' id='block_1_25' title="bbox 1815 1039 3392 1110">
    <p class='ocr_par' dir='ltr' id='par_1_25' title="bbox 1815 1039 3392 1110">
     <span class='ocr_line' id='line_1_25' title="bbox 1815 1039 3392 1110; baseline 0.004 -17"><span class='ocrx_word' id='word_1_176' title='bbox 1815 1039 1968 1108; x_wconf 78' lang='lat' dir='ltr'><strong>juxta</strong></span> <span class='ocrx_word' id='word_1_177' title='bbox 2003 1049 2210 1094; x_wconf 82' lang='lat' dir='ltr'><strong>textum</strong></span> <span class='ocrx_word' id='word_1_178' title='bbox 2245 1040 2448 1096; x_wconf 88' lang='lat' dir='ltr'><strong>factum</strong></span> <span class='ocrx_word' id='word_1_179' title='bbox 2481 1051 2564 1096; x_wconf 87' lang='lat' dir='ltr'><strong>est</strong></span> <span class='ocrx_word' id='word_1_180' title='bbox 2595 1042 2738 1110; x_wconf 89' lang='lat' dir='ltr'><strong>quod</strong></span> <span class='ocrx_word' id='word_1_181' title='bbox 2772 1042 2932 1096; x_wconf 76' lang='lat' dir='ltr'><strong>l‘etro</strong></span> <span class='ocrx_word' id='word_1_182' title='bbox 2952 1043 3187 1109; x_wconf 78' lang='lat' dir='ltr'><strong>dicenti,</strong></span> <span class='ocrx_word' id='word_1_183' title='bbox 3219 1063 3238 1096; x_wconf 75' lang='grc' dir='ltr'><strong>ι</strong></span> <span class='ocrx_word' id='word_1_184' title='bbox 3277 1043 3392 1100; x_wconf 83' lang='grc' dir='ltr'>Νοιι</span> 
     </span>
    </p>
   </div>
   <div class='ocr_carea' id='block_1_26' title="bbox 1817 1131 3401 1201">
    <p class='ocr_par' dir='ltr' id='par_1_26' title="bbox 1817 1131 3401 1201">
     <span class='ocr_line' id='line_1_26' title="bbox 1817 1131 3401 1201; baseline 0.003 -17"><span class='ocrx_word' id='word_1_185' title='bbox 1817 1131 2020 1186; x_wconf 88' lang='lat' dir='ltr'><strong>lavabis</strong></span> <span class='ocrx_word' id='word_1_186' title='bbox 2050 1132 2180 1186; x_wconf 90' lang='lat' dir='ltr'><strong>mihi</strong></span> <span class='ocrx_word' id='word_1_187' title='bbox 2207 1133 2370 1201; x_wconf 89' lang='lat' dir='ltr'><strong>pedes</strong></span> <span class='ocrx_word' id='word_1_188' title='bbox 2394 1133 2446 1186; x_wconf 91' lang='lat' dir='ltr'><strong>in</strong></span> <span class='ocrx_word' id='word_1_189' title='bbox 2472 1142 2759 1198; x_wconf 85' lang='lat' dir='ltr'><strong>aeternum,</strong></span> <span class='ocrx_word' id='word_1_190' title='bbox 2801 1153 2819 1185; x_wconf 75' lang='grc' dir='ltr'><strong>ι</strong></span> <span class='ocrx_word' id='word_1_191' title='bbox 2857 1135 3058 1188; x_wconf 90' lang='lat' dir='ltr'><strong>dictum</strong></span> <span class='ocrx_word' id='word_1_192' title='bbox 3100 1134 3401 1200; x_wconf 89' lang='lat' dir='ltr'><strong>fuit,nem-</strong></span> 
     </span>
    </p>
   </div>
   <div class='ocr_carea' id='block_1_27' title="bbox 1815 1224 3398 1295">
    <p class='ocr_par' dir='ltr' id='par_1_27' title="bbox 1815 1224 3398 1295">
     <span class='ocr_line' id='line_1_27' title="bbox 1815 1224 3398 1295; baseline -0.001 -16"><span class='ocrx_word' id='word_1_193' title='bbox 1815 1239 1883 1295; x_wconf 87' lang='lat' dir='ltr'><strong>pe</strong></span> <span class='ocrx_word' id='word_1_194' title='bbox 1913 1265 1928 1289; x_wconf 90' lang='lat'><strong>,</strong></span> <span class='ocrx_word' id='word_1_195' title='bbox 1976 1243 1994 1276; x_wconf 80' lang='grc' dir='ltr'><strong>ι</strong></span> <span class='ocrx_word' id='word_1_196' title='bbox 2026 1224 2137 1279; x_wconf 77' lang='lat' dir='ltr'><strong>Nisi</strong></span> <span class='ocrx_word' id='word_1_197' title='bbox 2169 1225 2352 1281; x_wconf 86' lang='lat' dir='ltr'><strong>lavero</strong></span> <span class='ocrx_word' id='word_1_198' title='bbox 2386 1236 2458 1290; x_wconf 91' lang='lat' dir='ltr'><strong>te,</strong></span> <span class='ocrx_word' id='word_1_199' title='bbox 2498 1241 2604 1280; x_wconf 92' lang='lat' dir='ltr'><strong>non</strong></span> <span class='ocrx_word' id='word_1_200' title='bbox 2649 1227 2816 1281; x_wconf 83' lang='lat' dir='ltr'><strong>habes</strong></span> <span class='ocrx_word' id='word_1_201' title='bbox 2851 1238 3061 1295; x_wconf 90' lang='lat' dir='ltr'><strong>partem</strong></span> <span class='ocrx_word' id='word_1_202' title='bbox 3111 1243 3346 1294; x_wconf 90' lang='lat' dir='ltr'><strong>mecum,</strong></span> <span class='ocrx_word' id='word_1_203' title='bbox 3379 1247 3398 1279; x_wconf 76' lang='grc' dir='ltr'><strong>ι</strong></span> 
     </span>
    </p>
   </div>
   <div class='ocr_carea' id='block_1_28' title="bbox 1814 1316 3394 1390">
    <p class='ocr_par' dir='ltr' id='par_1_28' title="bbox 1814 1316 3394 1390">
     <span class='ocr_line' id='line_1_28' title="bbox 1814 1316 3394 1390; baseline 0.002 -18"><span class='ocrx_word' id='word_1_204' title='bbox 1814 1319 1975 1372; x_wconf 83' lang='lat' dir='ltr'><strong>etiam</strong></span> <span class='ocrx_word' id='word_1_205' title='bbox 2011 1333 2130 1380; x_wconf 89' lang='lat' dir='ltr'><strong>nos.</strong></span> <span class='ocrx_word' id='word_1_206' title='bbox 2153 1316 2308 1386; x_wconf 87' lang='lat' dir='ltr'><strong>juxta</strong></span> <span class='ocrx_word' id='word_1_207' title='bbox 2344 1328 2688 1382; x_wconf 89' lang='lat' dir='ltr'><strong>contextum,</strong></span> <span class='ocrx_word' id='word_1_208' title='bbox 2723 1320 2795 1376; x_wconf 94' lang='lat' dir='ltr'><strong>ob</strong></span> <span class='ocrx_word' id='word_1_209' title='bbox 2827 1319 3192 1374; x_wconf 80' lang='lat' dir='ltr'><strong>reverentiam</strong></span> <span class='ocrx_word' id='word_1_210' title='bbox 3228 1321 3394 1390; x_wconf 82' lang='lat' dir='ltr'><strong>pedes</strong></span> 
     </span>
    </p>
   </div>
   <div class='ocr_carea' id='block_1_29' title="bbox 1814 1412 3399 1482">
    <p class='ocr_par' dir='ltr' id='par_1_29' title="bbox 1814 1412 3399 1482">
     <span class='ocr_line' id='line_1_29' title="bbox 1814 1412 3399 1482; baseline 0.002 -17"><span class='ocrx_word' id='word_1_211' title='bbox 1814 1427 1943 1466; x_wconf 92' lang='lat' dir='ltr'><strong>suos</strong></span> <span class='ocrx_word' id='word_1_212' title='bbox 1991 1412 2256 1467; x_wconf 85' lang='lat' dir='ltr'><strong>lavandos</strong></span> <span class='ocrx_word' id='word_1_213' title='bbox 2299 1428 2405 1467; x_wconf 91' lang='lat' dir='ltr'><strong>non</strong></span> <span class='ocrx_word' id='word_1_214' title='bbox 2441 1413 2811 1482; x_wconf 81' lang='lat' dir='ltr'><strong>praebentibus</strong></span> <span class='ocrx_word' id='word_1_215' title='bbox 2865 1413 3132 1480; x_wconf 87' lang='lat' dir='ltr'><strong>dicemus,</strong></span> <span class='ocrx_word' id='word_1_216' title='bbox 3172 1413 3399 1468; x_wconf 83' lang='lat' dir='ltr'><strong>audebi-</strong></span> 
     </span>
    </p>
   </div>
   <div class='ocr_carea' id='block_1_30' title="bbox 1821 1503 3402 1574">
    <p class='ocr_par' dir='ltr' id='par_1_30' title="bbox 1821 1503 3402 1574">
     <span class='ocr_line' id='line_1_30' title="bbox 1821 1503 3402 1574; baseline 0 -16"><span class='ocrx_word' id='word_1_217' title='bbox 1821 1520 2047 1574; x_wconf 86' lang='lat' dir='ltr'><strong>musque</strong></span> <span class='ocrx_word' id='word_1_218' title='bbox 2078 1505 2273 1560; x_wconf 90' lang='lat' dir='ltr'><strong>talibus</strong></span> <span class='ocrx_word' id='word_1_219' title='bbox 2303 1507 2488 1561; x_wconf 88' lang='lat' dir='ltr'><strong>dicere</strong></span> <span class='ocrx_word' id='word_1_220' title='bbox 2514 1524 2528 1561; x_wconf 91' lang='lat'><strong>:</strong></span> <span class='ocrx_word' id='word_1_221' title='bbox 2570 1525 2588 1557; x_wconf 76' lang='grc' dir='ltr'><strong>ι</strong></span> <span class='ocrx_word' id='word_1_222' title='bbox 2626 1505 2735 1560; x_wconf 87' lang='lat' dir='ltr'><strong>Nisi</strong></span> <span class='ocrx_word' id='word_1_223' title='bbox 2767 1505 2947 1560; x_wconf 85' lang='lat' dir='ltr'><strong>lavero</strong></span> <span class='ocrx_word' id='word_1_224' title='bbox 2979 1514 3031 1560; x_wconf 91' lang='lat' dir='ltr'><strong>te</strong></span> <span class='ocrx_word' id='word_1_225' title='bbox 3051 1544 3065 1569; x_wconf 95' lang='lat'><strong>,</strong></span> <span class='ocrx_word' id='word_1_226' title='bbox 3095 1520 3198 1559; x_wconf 90' lang='lat' dir='ltr'><strong>non</strong></span> <span class='ocrx_word' id='word_1_227' title='bbox 3235 1503 3402 1558; x_wconf 85' lang='lat' dir='ltr'><strong>habes</strong></span> 
     </span>
    </p>
   </div>
   <div class='ocr_carea' id='block_1_31' title="bbox 1818 1596 3399 1666">
    <p class='ocr_par' dir='ltr' id='par_1_31' title="bbox 1818 1596 3399 1666">
     <span class='ocr_line' id='line_1_31' title="bbox 1818 1596 3399 1666; baseline -0.001 -16"><span class='ocrx_word' id='word_1_228' title='bbox 1818 1607 2028 1666; x_wconf 89' lang='lat' dir='ltr'><strong>partem</strong></span> <span class='ocrx_word' id='word_1_229' title='bbox 2059 1611 2328 1650; x_wconf 64' lang='lat' dir='ltr'><strong>mecum.»</strong></span> <span class='ocrx_word' id='word_1_230' title='bbox 2365 1596 2517 1664; x_wconf 84' lang='lat' dir='ltr'><strong>Quod</strong></span> <span class='ocrx_word' id='word_1_231' title='bbox 2550 1598 2595 1652; x_wconf 91' lang='lat' dir='ltr'><strong>si</strong></span> <span class='ocrx_word' id='word_1_232' title='bbox 2628 1600 2732 1653; x_wconf 91' lang='lat' dir='ltr'><strong>hoc</strong></span> <span class='ocrx_word' id='word_1_233' title='bbox 2761 1597 2812 1651; x_wconf 91' lang='lat' dir='ltr'><strong>in</strong></span> <span class='ocrx_word' id='word_1_234' title='bbox 2849 1597 2969 1652; x_wconf 91' lang='lat' dir='ltr'><strong>loco</strong></span> <span class='ocrx_word' id='word_1_235' title='bbox 3010 1597 3105 1651; x_wconf 91' lang='lat' dir='ltr'><strong>tibi</strong></span> <span class='ocrx_word' id='word_1_236' title='bbox 3141 1612 3244 1650; x_wconf 83' lang='lat' dir='ltr'><strong>non</strong></span> <span class='ocrx_word' id='word_1_237' title='bbox 3275 1610 3399 1664; x_wconf 90' lang='lat' dir='ltr'><strong>per-</strong></span> 
     </span>
    </p>
   </div>
   <div class='ocr_carea' id='block_1_32' title="bbox 133 1678 3402 1758">
    <p class='ocr_par' dir='ltr' id='par_1_32' title="bbox 133 1678 3402 1758">
     <span class='ocr_line' id='line_1_32' title="bbox 133 1678 3402 1758; baseline 0.003 -26"><span class='ocrx_word' id='word_1_238' title='bbox 133 1678 315 1732; x_wconf 86' lang='lat' dir='ltr'><strong>suadet</strong></span> <span class='ocrx_word' id='word_1_239' title='bbox 338 1681 482 1747; x_wconf 89' lang='lat' dir='ltr'><strong>quod</strong></span> <span class='ocrx_word' id='word_1_240' title='bbox 510 1681 642 1747; x_wconf 92' lang='lat' dir='ltr'><strong>dixi,</strong></span> <span class='ocrx_word' id='word_1_241' title='bbox 680 1687 953 1754; x_wconf 89' lang='lat' dir='ltr'><strong>perpende</strong></span> <span class='ocrx_word' id='word_1_242' title='bbox 992 1686 1121 1756; x_wconf 86' lang='lat' dir='ltr'><strong>quid</strong></span> <span class='ocrx_word' id='word_1_243' title='bbox 1154 1687 1336 1743; x_wconf 89' lang='lat' dir='ltr'><strong>dicere</strong></span> <span class='ocrx_word' id='word_1_244' title='bbox 1395 1696 1445 1743; x_wconf 92' lang='lat' dir='ltr'><strong>te</strong></span> <span class='ocrx_word' id='word_1_245' title='bbox 1499 1699 1752 1758; x_wconf 80' lang='lat' dir='ltr'><strong>Oporteat</strong></span> <span class='ocrx_word' id='word_1_246' title='bbox 1806 1701 1996 1744; x_wconf 89' lang='lat' dir='ltr'><strong>contra</strong></span> <span class='ocrx_word' id='word_1_247' title='bbox 2029 1690 2452 1755; x_wconf 88' lang='lat' dir='ltr'><strong>dubitationem,</strong></span> <span class='ocrx_word' id='word_1_248' title='bbox 2479 1706 2548 1744; x_wconf 90' lang='lat' dir='ltr'><strong>an</strong></span> <span class='ocrx_word' id='word_1_249' title='bbox 2587 1691 2815 1745; x_wconf 90' lang='lat' dir='ltr'><strong>omnino</strong></span> <span class='ocrx_word' id='word_1_250' title='bbox 2853 1689 3008 1757; x_wconf 85' lang='lat' dir='ltr'><strong>juxta</strong></span> <span class='ocrx_word' id='word_1_251' title='bbox 3043 1697 3251 1743; x_wconf 90' lang='lat' dir='ltr'><strong>textum</strong></span> <span class='ocrx_word' id='word_1_252' title='bbox 3283 1689 3402 1744; x_wconf 70' lang='lat' dir='ltr'><strong>haec</strong></span> 
     </span>
    </p>
   </div>
   <div class='ocr_carea' id='block_1_33' title="bbox 132 1771 3400 1854">
    <p class='ocr_par' dir='ltr' id='par_1_33' title="bbox 132 1771 3400 1854">
     <span class='ocr_line' id='line_1_33' title="bbox 132 1771 3400 1854; baseline 0.002 -27"><span class='ocrx_word' id='word_1_253' title='bbox 132 1771 237 1827; x_wconf 84' lang='lat' dir='ltr'><strong>sint</strong></span> <span class='ocrx_word' id='word_1_254' title='bbox 275 1777 567 1830; x_wconf 88' lang='lat' dir='ltr'><strong>servanda.</strong></span> <span class='ocrx_word' id='word_1_255' title='bbox 601 1777 784 1846; x_wconf 81' lang='lat' dir='ltr'><strong>Atque</strong></span> <span class='ocrx_word' id='word_1_256' title='bbox 811 1781 954 1847; x_wconf 92' lang='lat' dir='ltr'><strong>quod</strong></span> <span class='ocrx_word' id='word_1_257' title='bbox 989 1781 1116 1836; x_wconf 92' lang='lat' dir='ltr'><strong>huic</strong></span> <span class='ocrx_word' id='word_1_258' title='bbox 1159 1785 1374 1851; x_wconf 89' lang='lat' dir='ltr'><strong>quidem</strong></span> <span class='ocrx_word' id='word_1_259' title='bbox 1409 1784 1700 1854; x_wconf 88' lang='lat' dir='ltr'><strong>aliquando</strong></span> <span class='ocrx_word' id='word_1_260' title='bbox 1760 1785 2052 1841; x_wconf 85' lang='lat' dir='ltr'><strong>conveniat</strong></span> <span class='ocrx_word' id='word_1_261' title='bbox 2079 1785 2264 1838; x_wconf 86' lang='lat' dir='ltr'><strong>lavare</strong></span> <span class='ocrx_word' id='word_1_262' title='bbox 2303 1785 2467 1854; x_wconf 89' lang='lat' dir='ltr'><strong>pedes</strong></span> <span class='ocrx_word' id='word_1_263' title='bbox 2521 1783 2669 1839; x_wconf 89' lang='lat' dir='ltr'><strong>illius</strong></span> <span class='ocrx_word' id='word_1_264' title='bbox 2712 1783 2962 1852; x_wconf 86' lang='lat' dir='ltr'><strong>discipuli</strong></span> <span class='ocrx_word' id='word_1_265' title='bbox 2994 1781 3242 1847; x_wconf 79' lang='lat' dir='ltr'><strong>Jesu,illi</strong></span> <span class='ocrx_word' id='word_1_266' title='bbox 3270 1795 3400 1835; x_wconf 86' lang='lat' dir='ltr'><strong>vero</strong></span> 
     </span>
    </p>
   </div>
   <div class='ocr_carea' id='block_1_34' title="bbox 133 1863 3393 1942">
    <p class='ocr_par' dir='ltr' id='par_1_34' title="bbox 133 1863 3393 1942">
     <span class='ocr_line' id='line_1_34' title="bbox 133 1863 3393 1942; baseline 0.003 -26"><span class='ocrx_word' id='word_1_267' title='bbox 133 1863 414 1931; x_wconf 84' lang='lat' dir='ltr'><strong>aliquando</strong></span> <span class='ocrx_word' id='word_1_268' title='bbox 449 1881 578 1921; x_wconf 90' lang='lat' dir='ltr'><strong>suos</strong></span> <span class='ocrx_word' id='word_1_269' title='bbox 607 1867 675 1922; x_wconf 89' lang='lat' dir='ltr'><strong>ab</strong></span> <span class='ocrx_word' id='word_1_270' title='bbox 710 1869 825 1938; x_wconf 91' lang='lat' dir='ltr'><strong>ipso</strong></span> <span class='ocrx_word' id='word_1_271' title='bbox 851 1870 1109 1927; x_wconf 86' lang='lat' dir='ltr'><strong>lavandos</strong></span> <span class='ocrx_word' id='word_1_272' title='bbox 1149 1876 1412 1942; x_wconf 73' lang='lat' dir='ltr'><strong>prtehere,</strong></span> <span class='ocrx_word' id='word_1_273' title='bbox 1466 1877 1538 1931; x_wconf 89' lang='lat' dir='ltr'><strong>ita</strong></span> <span class='ocrx_word' id='word_1_274' title='bbox 1575 1886 1633 1931; x_wconf 89' lang='lat' dir='ltr'><strong>ut</strong></span> <span class='ocrx_word' id='word_1_275' title='bbox 1672 1877 1763 1933; x_wconf 90' lang='lat' dir='ltr'><strong>ille</strong></span> <span class='ocrx_word' id='word_1_276' title='bbox 1815 1876 1886 1930; x_wconf 92' lang='lat' dir='ltr'><strong>ob</strong></span> <span class='ocrx_word' id='word_1_277' title='bbox 1917 1876 2242 1932; x_wconf 84' lang='lat' dir='ltr'><strong>charitatem</strong></span> <span class='ocrx_word' id='word_1_278' title='bbox 2270 1885 2324 1929; x_wconf 90' lang='lat' dir='ltr'><strong>et</strong></span> <span class='ocrx_word' id='word_1_279' title='bbox 2351 1876 2667 1930; x_wconf 84' lang='lat' dir='ltr'><strong>comitatem</strong></span> <span class='ocrx_word' id='word_1_280' title='bbox 2703 1875 2863 1939; x_wconf 88' lang='lat' dir='ltr'><strong>lavet,</strong></span> <span class='ocrx_word' id='word_1_281' title='bbox 2902 1874 2989 1928; x_wconf 92' lang='lat' dir='ltr'><strong>hic</strong></span> <span class='ocrx_word' id='word_1_282' title='bbox 3021 1889 3078 1928; x_wconf 91' lang='lat' dir='ltr'><strong>se</strong></span> <span class='ocrx_word' id='word_1_283' title='bbox 3104 1872 3393 1928; x_wconf 88' lang='lat' dir='ltr'><strong>lavandum</strong></span> 
     </span>
    </p>
   </div>
   <div class='ocr_carea' id='block_1_35' title="bbox 131 1954 3396 2036">
    <p class='ocr_par' dir='ltr' id='par_1_35' title="bbox 131 1954 3396 2036">
     <span class='ocr_line' id='line_1_35' title="bbox 131 1954 3396 2036; baseline 0 -17"><span class='ocrx_word' id='word_1_284' title='bbox 131 1954 399 2020; x_wconf 67' lang='grc' dir='ltr'><strong>ειιιίδθειῑν</strong></span> <span class='ocrx_word' id='word_1_285' title='bbox 437 1958 602 2011; x_wconf 77' lang='lat' dir='ltr'><strong>etiam</strong></span> <span class='ocrx_word' id='word_1_286' title='bbox 638 1958 753 2028; x_wconf 89' lang='lat' dir='ltr'><strong>ipse</strong></span> <span class='ocrx_word' id='word_1_287' title='bbox 779 1958 976 2015; x_wconf 87' lang='lat' dir='ltr'><strong>fateor.</strong></span> <span class='ocrx_word' id='word_1_288' title='bbox 1025 1961 1118 2016; x_wconf 91' lang='lat' dir='ltr'><strong>Sin</strong></span> <span class='ocrx_word' id='word_1_289' title='bbox 1166 1979 1296 2020; x_wconf 86' lang='lat' dir='ltr'><strong>vero</strong></span> <span class='ocrx_word' id='word_1_290' title='bbox 1347 1967 1591 2021; x_wconf 83' lang='lat' dir='ltr'><strong>dicemus</strong></span> <span class='ocrx_word' id='word_1_291' title='bbox 1651 1980 2094 2036; x_wconf 82' lang='lat' dir='ltr'><strong>unumquemque</strong></span> <span class='ocrx_word' id='word_1_292' title='bbox 2143 1980 2252 2019; x_wconf 92' lang='lat' dir='ltr'><strong>non</strong></span> <span class='ocrx_word' id='word_1_293' title='bbox 2300 1964 2578 2018; x_wconf 89' lang='lat' dir='ltr'><strong>conscium</strong></span> <span class='ocrx_word' id='word_1_294' title='bbox 2617 1964 2719 2019; x_wconf 89' lang='lat' dir='ltr'><strong>sibi</strong></span> <span class='ocrx_word' id='word_1_295' title='bbox 2771 1965 2873 2017; x_wconf 91' lang='lat' dir='ltr'><strong>hoc</strong></span> <span class='ocrx_word' id='word_1_296' title='bbox 2923 1961 3142 2026; x_wconf 82' lang='lat' dir='ltr'><strong>fecisse,</strong></span> <span class='ocrx_word' id='word_1_297' title='bbox 3177 1971 3396 2019; x_wconf 88' lang='lat' dir='ltr'><strong>sancto-</strong></span> 
     </span>
    </p>
   </div>
   <div class='ocr_carea' id='block_1_36' title="bbox 133 2049 3395 2130">
    <p class='ocr_par' dir='ltr' id='par_1_36' title="bbox 133 2049 3395 2130">
     <span class='ocr_line' id='line_1_36' title="bbox 133 2049 3395 2130; baseline 0.004 -32"><span class='ocrx_word' id='word_1_298' title='bbox 133 2060 354 2116; x_wconf 90' lang='lat' dir='ltr'><strong>rumque</strong></span> <span class='ocrx_word' id='word_1_299' title='bbox 409 2049 515 2103; x_wconf 91' lang='lat' dir='ltr'><strong>isto</strong></span> <span class='ocrx_word' id='word_1_300' title='bbox 547 2052 704 2106; x_wconf 90' lang='lat' dir='ltr'><strong>modo</strong></span> <span class='ocrx_word' id='word_1_301' title='bbox 737 2052 900 2122; x_wconf 91' lang='lat' dir='ltr'><strong>pedes</strong></span> <span class='ocrx_word' id='word_1_302' title='bbox 941 2069 1045 2110; x_wconf 92' lang='lat' dir='ltr'><strong>non</strong></span> <span class='ocrx_word' id='word_1_303' title='bbox 1084 2056 1299 2126; x_wconf 86' lang='lat' dir='ltr'><strong>lavisse,</strong></span> <span class='ocrx_word' id='word_1_304' title='bbox 1355 2061 1592 2115; x_wconf 88' lang='lat' dir='ltr'><strong>debitmn</strong></span> <span class='ocrx_word' id='word_1_305' title='bbox 1648 2060 1920 2130; x_wconf 88' lang='lat' dir='ltr'><strong>quoddam</strong></span> <span class='ocrx_word' id='word_1_306' title='bbox 1953 2059 2267 2112; x_wconf 89' lang='lat' dir='ltr'><strong>mandatum</strong></span> <span class='ocrx_word' id='word_1_307' title='bbox 2305 2072 2413 2111; x_wconf 91' lang='lat' dir='ltr'><strong>non</strong></span> <span class='ocrx_word' id='word_1_308' title='bbox 2456 2055 2818 2124; x_wconf 88' lang='lat' dir='ltr'><strong>persolvisse,</strong></span> <span class='ocrx_word' id='word_1_309' title='bbox 2850 2069 3064 2122; x_wconf 86' lang='lat' dir='ltr'><strong>nempe,</strong></span> <span class='ocrx_word' id='word_1_310' title='bbox 3129 2073 3149 2106; x_wconf 79' lang='grc' dir='ltr'><strong>ι</strong></span> <span class='ocrx_word' id='word_1_311' title='bbox 3180 2054 3395 2111; x_wconf 89' lang='lat' dir='ltr'><strong>Debetis</strong></span> 
     </span>
    </p>
   </div>
   <div class='ocr_carea' id='block_1_37' title="bbox 133 2141 3002 2223">
    <p class='ocr_par' dir='ltr' id='par_1_37' title="bbox 133 2141 3002 2223">
     <span class='ocr_line' id='line_1_37' title="bbox 133 2141 3002 2223; baseline 0.003 -27"><span class='ocrx_word' id='word_1_312' title='bbox 133 2141 216 2196; x_wconf 90' lang='lat' dir='ltr'><strong>alii</strong></span> <span class='ocrx_word' id='word_1_313' title='bbox 240 2142 473 2198; x_wconf 89' lang='lat' dir='ltr'><strong>aliorum</strong></span> <span class='ocrx_word' id='word_1_314' title='bbox 501 2144 678 2199; x_wconf 87' lang='lat' dir='ltr'><strong>lavare</strong></span> <span class='ocrx_word' id='word_1_315' title='bbox 702 2147 917 2216; x_wconf 62' lang='lat' dir='ltr'><strong>pedes,»</strong></span> <span class='ocrx_word' id='word_1_316' title='bbox 942 2159 1154 2215; x_wconf 89' lang='lat' dir='ltr'><strong>tempus</strong></span> <span class='ocrx_word' id='word_1_317' title='bbox 1177 2153 1488 2208; x_wconf 82' lang='lat' dir='ltr'><strong>estdicendi</strong></span> <span class='ocrx_word' id='word_1_318' title='bbox 1510 2170 1700 2208; x_wconf 90' lang='lat' dir='ltr'><strong>omnes</strong></span> <span class='ocrx_word' id='word_1_319' title='bbox 1717 2153 1899 2223; x_wconf 89' lang='lat' dir='ltr'><strong>aliquo</strong></span> <span class='ocrx_word' id='word_1_320' title='bbox 1923 2153 2081 2206; x_wconf 86' lang='lat' dir='ltr'><strong>modo</strong></span> <span class='ocrx_word' id='word_1_321' title='bbox 2113 2153 2271 2219; x_wconf 87' lang='lat' dir='ltr'><strong>hujus</strong></span> <span class='ocrx_word' id='word_1_322' title='bbox 2303 2151 2540 2205; x_wconf 89' lang='lat' dir='ltr'><strong>mandati</strong></span> <span class='ocrx_word' id='word_1_323' title='bbox 2565 2150 2838 2205; x_wconf 89' lang='lat' dir='ltr'><strong>debitores</strong></span> <span class='ocrx_word' id='word_1_324' title='bbox 2867 2164 3002 2204; x_wconf 88' lang='lat' dir='ltr'><strong>esse.</strong></span> 
     </span>
    </p>
   </div>
   <div class='ocr_carea' id='block_1_38' title="bbox 200 2231 1693 2318">
    <p class='ocr_par' dir='ltr' id='par_1_38' title="bbox 200 2231 1693 2318">
     <span class='ocr_line' id='line_1_38' title="bbox 200 2231 1693 2318; baseline 0.011 -33"><span class='ocrx_word' id='word_1_325' title='bbox 200 2231 255 2285; x_wconf 89' lang='lat'><strong>8.</strong></span> <span class='ocrx_word' id='word_1_326' title='bbox 280 2251 298 2283; x_wconf 76' lang='grc' dir='ltr'><strong>ι</strong></span> <span class='ocrx_word' id='word_1_327' title='bbox 333 2233 526 2306; x_wconf 83' lang='grc' dir='ltr'>Ἀμὴν,</span> <span class='ocrx_word' id='word_1_328' title='bbox 542 2236 687 2307; x_wconf 87' lang='grc' dir='ltr'>ἀμὴν</span> <span class='ocrx_word' id='word_1_329' title='bbox 709 2237 850 2306; x_wconf 82' lang='grc' dir='ltr'>λέγω</span> <span class='ocrx_word' id='word_1_330' title='bbox 865 2240 992 2310; x_wconf 82' lang='grc' dir='ltr'>ὑμῖν</span> <span class='ocrx_word' id='word_1_331' title='bbox 1013 2257 1024 2270; x_wconf 89' lang='grc'>·</span> <span class='ocrx_word' id='word_1_332' title='bbox 1046 2242 1160 2296; x_wconf 82' lang='grc' dir='ltr'><strong>Οὐκ</strong></span> <span class='ocrx_word' id='word_1_333' title='bbox 1179 2243 1491 2310; x_wconf 77' lang='grc' dir='ltr'>ἕστιδοῦλος</span> <span class='ocrx_word' id='word_1_334' title='bbox 1507 2246 1693 2318; x_wconf 57' lang='grc' dir='ltr'>μείζωι</span> 
     </span>
    </p>
   </div>
   <div class='ocr_carea' id='block_1_39' title="bbox 1866 2231 3399 2318">
    <p class='ocr_par' dir='ltr' id='par_1_39' title="bbox 1881 2242 3399 2313">
     <span class='ocr_line' id='line_1_39' title="bbox 1881 2242 3399 2313; baseline 0 -13"><span class='ocrx_word' id='word_1_335' title='bbox 1881 2245 1934 2300; x_wconf 91' lang='grc'><strong>8.</strong></span> <span class='ocrx_word' id='word_1_336' title='bbox 1983 2264 2002 2297; x_wconf 81' lang='grc' dir='ltr'><strong>ι</strong></span> <span class='ocrx_word' id='word_1_337' title='bbox 2036 2246 2231 2313; x_wconf 82' lang='lat' dir='ltr'><strong>Amen,</strong></span> <span class='ocrx_word' id='word_1_338' title='bbox 2259 2261 2416 2300; x_wconf 89' lang='lat' dir='ltr'><strong>amen</strong></span> <span class='ocrx_word' id='word_1_339' title='bbox 2447 2247 2566 2300; x_wconf 88' lang='lat' dir='ltr'><strong>dico</strong></span> <span class='ocrx_word' id='word_1_340' title='bbox 2589 2245 2744 2300; x_wconf 86' lang='lat' dir='ltr'><strong>vobis</strong></span> <span class='ocrx_word' id='word_1_341' title='bbox 2768 2258 2783 2298; x_wconf 90' lang='lat'><strong>:</strong></span> <span class='ocrx_word' id='word_1_342' title='bbox 2815 2242 2932 2298; x_wconf 89' lang='lat' dir='ltr'><strong>Non</strong></span> <span class='ocrx_word' id='word_1_343' title='bbox 2959 2253 3043 2299; x_wconf 92' lang='lat' dir='ltr'><strong>est</strong></span> <span class='ocrx_word' id='word_1_344' title='bbox 3065 2259 3260 2300; x_wconf 87' lang='lat' dir='ltr'><strong>servus</strong></span> <span class='ocrx_word' id='word_1_345' title='bbox 3282 2262 3399 2300; x_wconf 86' lang='lat' dir='ltr'><strong>ma-</strong></span> 
     </span>
    </p>
   </div>
   <div class='ocr_carea' id='block_1_40' title="bbox 130 2321 1713 2409">
    <p class='ocr_par' dir='ltr' id='par_1_40' title="bbox 130 2321 1713 2409">
     <span class='ocr_line' id='line_1_40' title="bbox 130 2321 1713 2409; baseline 0.011 -34"><span class='ocrx_word' id='word_1_346' title='bbox 130 2321 220 2376; x_wconf 84' lang='grc' dir='ltr'><strong>τοῦ</strong></span> <span class='ocrx_word' id='word_1_347' title='bbox 257 2325 447 2396; x_wconf 78' lang='grc' dir='ltr'>κυρίου</span> <span class='ocrx_word' id='word_1_348' title='bbox 481 2327 650 2381; x_wconf 83' lang='grc' dir='ltr'>αὑτοῦ</span> <span class='ocrx_word' id='word_1_349' title='bbox 674 2369 688 2393; x_wconf 91' lang='grc'><strong>,</strong></span> <span class='ocrx_word' id='word_1_350' title='bbox 726 2331 849 2384; x_wconf 85' lang='grc' dir='ltr'>οὐδὲ</span> <span class='ocrx_word' id='word_1_351' title='bbox 879 2331 1176 2396; x_wconf 78' lang='grc' dir='ltr'>ἀπόστολος</span> <span class='ocrx_word' id='word_1_352' title='bbox 1212 2335 1414 2405; x_wconf 75' lang='grc' dir='ltr'>μείζων</span> <span class='ocrx_word' id='word_1_353' title='bbox 1445 2337 1539 2390; x_wconf 81' lang='grc' dir='ltr'><strong>τοῦ</strong></span> <span class='ocrx_word' id='word_1_354' title='bbox 1573 2339 1713 2409; x_wconf 82' lang='grc' dir='ltr'>πέμ-</span> 
     </span>
    </p>
   </div>
   <div class='ocr_carea' id='block_1_41' title="bbox 131 2419 1711 2498">
    <p class='ocr_par' dir='ltr' id='par_1_41' title="bbox 131 2419 1711 2498">
     <span class='ocr_line' id='line_1_41' title="bbox 131 2419 1711 2498; baseline 0.009 -30"><span class='ocrx_word' id='word_1_355' title='bbox 131 2419 322 2486; x_wconf 70' lang='grc' dir='ltr'>ψαντος</span> <span class='ocrx_word' id='word_1_356' title='bbox 346 2419 541 2472; x_wconf 79' lang='grc' dir='ltr'>αὐτόν·</span> <span class='ocrx_word' id='word_1_357' title='bbox 581 2423 629 2474; x_wconf 85' lang='grc' dir='ltr'>εἰ</span> <span class='ocrx_word' id='word_1_358' title='bbox 657 2421 829 2476; x_wconf 86' lang='grc' dir='ltr'>ταῦτα</span> <span class='ocrx_word' id='word_1_359' title='bbox 871 2423 1069 2487; x_wconf 80' lang='grc' dir='ltr'>οἴδατε,</span> <span class='ocrx_word' id='word_1_360' title='bbox 1115 2427 1379 2498; x_wconf 83' lang='grc' dir='ltr'>μακάριοί</span> <span class='ocrx_word' id='word_1_361' title='bbox 1421 2429 1564 2494; x_wconf 77' lang='grc' dir='ltr'>ἐστε,</span> <span class='ocrx_word' id='word_1_362' title='bbox 1616 2431 1711 2484; x_wconf 78' lang='grc' dir='ltr'>ἐὰν</span> 
     </span>
    </p>
   </div>
   <div class='ocr_carea' id='block_1_42' title="bbox 133 2510 1712 2589">
    <p class='ocr_par' dir='ltr' id='par_1_42' title="bbox 133 2510 1712 2589">
     <span class='ocr_line' id='line_1_42' title="bbox 133 2510 1712 2589; baseline 0.009 -28"><span class='ocrx_word' id='word_1_363' title='bbox 133 2510 314 2580; x_wconf 80' lang='grc' dir='ltr'>ποιῆτε</span> <span class='ocrx_word' id='word_1_364' title='bbox 342 2511 500 2566; x_wconf 82' lang='grc' dir='ltr'>αὐτά.</span> <span class='ocrx_word' id='word_1_365' title='bbox 544 2514 620 2566; x_wconf 84' lang='grc' dir='ltr'><strong>Οὐ</strong></span> <span class='ocrx_word' id='word_1_366' title='bbox 655 2517 784 2586; x_wconf 75' lang='grc' dir='ltr'>περὶ</span> <span class='ocrx_word' id='word_1_367' title='bbox 807 2515 1023 2570; x_wconf 86' lang='grc' dir='ltr'>πάντων</span> <span class='ocrx_word' id='word_1_368' title='bbox 1053 2517 1206 2588; x_wconf 82' lang='grc' dir='ltr'>ὑμῶν</span> <span class='ocrx_word' id='word_1_369' title='bbox 1242 2520 1416 2588; x_wconf 78' lang='grc' dir='ltr'>λέγω·</span> <span class='ocrx_word' id='word_1_370' title='bbox 1453 2520 1564 2589; x_wconf 74' lang='grc' dir='ltr'>ἐγὼ</span> <span class='ocrx_word' id='word_1_371' title='bbox 1593 2517 1712 2576; x_wconf 75' lang='grc' dir='ltr'>οἶδα</span> 
     </span>
    </p>
   </div>
   <div class='ocr_carea' id='block_1_43' title="bbox 131 2603 1712 2686">
    <p class='ocr_par' dir='ltr' id='par_1_43' title="bbox 131 2603 1712 2686">
     <span class='ocr_line' id='line_1_43' title="bbox 131 2603 1712 2686; baseline 0.008 -30"><span class='ocrx_word' id='word_1_372' title='bbox 131 2603 274 2667; x_wconf 82' lang='grc' dir='ltr'>τίνας</span> <span class='ocrx_word' id='word_1_373' title='bbox 286 2604 501 2671; x_wconf 79' lang='grc' dir='ltr'>ἐξελεξά</span> <span class='ocrx_word' id='word_1_374' title='bbox 506 2624 578 2676; x_wconf 90' lang='grc' dir='ltr'>μη</span> <span class='ocrx_word' id='word_1_375' title='bbox 585 2623 631 2659; x_wconf 81' lang='grc' dir='ltr'><strong>ν’</strong></span> <span class='ocrx_word' id='word_1_376' title='bbox 644 2607 758 2660; x_wconf 83' lang='grc' dir='ltr'>ἀλλ’</span> <span class='ocrx_word' id='word_1_377' title='bbox 774 2608 901 2679; x_wconf 80' lang='grc' dir='ltr'>ἵναή</span> <span class='ocrx_word' id='word_1_378' title='bbox 916 2610 1104 2682; x_wconf 76' lang='grc' dir='ltr'>Γραφὴ</span> <span class='ocrx_word' id='word_1_379' title='bbox 1117 2611 1221 2682; x_wconf 86' lang='grc' dir='ltr'>πλη</span> <span class='ocrx_word' id='word_1_380' title='bbox 1231 2612 1400 2685; x_wconf 80' lang='grc' dir='ltr'>ρωθῇ·</span> <span class='ocrx_word' id='word_1_381' title='bbox 1419 2613 1474 2666; x_wconf 76' lang='grc' dir='ltr'>Ὀ</span> <span class='ocrx_word' id='word_1_382' title='bbox 1488 2612 1712 2686; x_wconf 86' lang='grc' dir='ltr'>τρώγων</span> 
     </span>
    </p>
   </div>
   <div class='ocr_carea' id='block_1_44' title="bbox 136 2695 1704 2776">
    <p class='ocr_par' dir='ltr' id='par_1_44' title="bbox 136 2695 1704 2776">
     <span class='ocr_line' id='line_1_44' title="bbox 136 2695 1704 2776; baseline 0.004 -29"><span class='ocrx_word' id='word_1_383' title='bbox 136 2712 229 2767; x_wconf 86' lang='grc' dir='ltr'><strong>μου</strong></span> <span class='ocrx_word' id='word_1_384' title='bbox 244 2695 332 2750; x_wconf 80' lang='grc' dir='ltr'><strong>τὸν</strong></span> <span class='ocrx_word' id='word_1_385' title='bbox 351 2697 516 2767; x_wconf 77' lang='grc' dir='ltr'>ἄρτον</span> <span class='ocrx_word' id='word_1_386' title='bbox 537 2697 744 2770; x_wconf 75' lang='grc' dir='ltr'>ἐπῆρεν</span> <span class='ocrx_word' id='word_1_387' title='bbox 762 2703 873 2768; x_wconf 77' lang='grc'><strong>(51)</strong></span> <span class='ocrx_word' id='word_1_388' title='bbox 888 2704 972 2756; x_wconf 75' lang='grc' dir='ltr'><strong>ἐπ’</strong></span> <span class='ocrx_word' id='word_1_389' title='bbox 991 2703 1090 2773; x_wconf 72' lang='grc' dir='ltr'><strong>ἐμὲ</strong></span> <span class='ocrx_word' id='word_1_390' title='bbox 1107 2704 1203 2775; x_wconf 81' lang='grc' dir='ltr'>τὴν</span> <span class='ocrx_word' id='word_1_391' title='bbox 1229 2704 1466 2776; x_wconf 82' lang='grc' dir='ltr'>πτέρναν</span> <span class='ocrx_word' id='word_1_392' title='bbox 1484 2704 1670 2759; x_wconf 83' lang='grc' dir='ltr'>αὐτοῦ.</span> <span class='ocrx_word' id='word_1_393' title='bbox 1687 2726 1704 2754; x_wconf 79' lang='grc' dir='ltr'><strong>ι</strong></span> 
     </span>
    </p>
   </div>
   <div class='ocr_carea' id='block_1_45' title="bbox 137 2788 1710 2868">
    <p class='ocr_par' dir='ltr' id='par_1_45' title="bbox 137 2788 1710 2868">
     <span class='ocr_line' id='line_1_45' title="bbox 137 2788 1710 2868; baseline 0.007 -29"><span class='ocrx_word' id='word_1_394' title='bbox 137 2788 248 2841; x_wconf 84' lang='grc' dir='ltr'>Ἔτι</span> <span class='ocrx_word' id='word_1_395' title='bbox 281 2789 374 2842; x_wconf 71' lang='grc' dir='ltr'><strong>καὶ</strong></span> <span class='ocrx_word' id='word_1_396' title='bbox 407 2788 580 2843; x_wconf 84' lang='grc' dir='ltr'>ταῦτα</span> <span class='ocrx_word' id='word_1_397' title='bbox 607 2790 826 2862; x_wconf 77' lang='grc' dir='ltr'>ἔχεσθαί</span> <span class='ocrx_word' id='word_1_398' title='bbox 862 2812 951 2865; x_wconf 89' lang='grc' dir='ltr'><strong>μοι</strong></span> <span class='ocrx_word' id='word_1_399' title='bbox 981 2795 1128 2859; x_wconf 82' lang='grc' dir='ltr'>δοκεῖ</span> <span class='ocrx_word' id='word_1_400' title='bbox 1164 2795 1260 2848; x_wconf 88' lang='grc' dir='ltr'><strong>τοῦ</strong></span> <span class='ocrx_word' id='word_1_401' title='bbox 1300 2797 1431 2849; x_wconf 76' lang='grc' dir='ltr'>ἰδεῖν</span> <span class='ocrx_word' id='word_1_402' title='bbox 1475 2797 1544 2850; x_wconf 80' lang='grc' dir='ltr'><strong>τὰ</strong></span> <span class='ocrx_word' id='word_1_403' title='bbox 1581 2797 1710 2868; x_wconf 80' lang='grc' dir='ltr'>περὶ</span> 
     </span>
    </p>
   </div>
   <div class='ocr_carea' id='block_1_46' title="bbox 133 2878 1708 2961">
    <p class='ocr_par' dir='ltr' id='par_1_46' title="bbox 133 2878 1708 2961">
     <span class='ocr_line' id='line_1_46' title="bbox 133 2878 1708 2961; baseline 0.01 -30"><span class='ocrx_word' id='word_1_404' title='bbox 133 2878 224 2949; x_wconf 86' lang='grc' dir='ltr'><strong>τῆς</strong></span> <span class='ocrx_word' id='word_1_405' title='bbox 264 2880 369 2934; x_wconf 84' lang='grc' dir='ltr'><strong>τῶν</strong></span> <span class='ocrx_word' id='word_1_406' title='bbox 418 2882 598 2938; x_wconf 83' lang='grc' dir='ltr'>ποδῶν</span> <span class='ocrx_word' id='word_1_407' title='bbox 641 2883 838 2954; x_wconf 80' lang='grc' dir='ltr'>νίψεως</span> <span class='ocrx_word' id='word_1_408' title='bbox 885 2889 1234 2960; x_wconf 84' lang='grc' dir='ltr'>τροπολογεῖν</span> <span class='ocrx_word' id='word_1_409' title='bbox 1257 2908 1270 2920; x_wconf 93' lang='grc'><strong>·</strong></span> <span class='ocrx_word' id='word_1_410' title='bbox 1318 2891 1377 2943; x_wconf 85' lang='grc' dir='ltr'>τὸ</span> <span class='ocrx_word' id='word_1_411' title='bbox 1409 2891 1547 2961; x_wconf 84' lang='grc' dir='ltr'>γὰρ,</span> <span class='ocrx_word' id='word_1_412' title='bbox 1592 2911 1610 2942; x_wconf 78' lang='grc' dir='ltr'><strong>ι</strong></span> <span class='ocrx_word' id='word_1_413' title='bbox 1645 2892 1708 2946; x_wconf 76' lang='lat' dir='ltr'><strong>Ei</strong></span> 
     </span>
    </p>
   </div>
   <div class='ocr_carea' id='block_1_47' title="bbox 134 2969 1701 3054">
    <p class='ocr_par' dir='ltr' id='par_1_47' title="bbox 134 2969 1701 3054">
     <span class='ocr_line' id='line_1_47' title="bbox 134 2969 1701 3054; baseline 0.011 -34"><span class='ocrx_word' id='word_1_414' title='bbox 134 2970 294 3026; x_wconf 80' lang='grc' dir='ltr'>ταῦτα</span> <span class='ocrx_word' id='word_1_415' title='bbox 331 2969 539 3039; x_wconf 74' lang='grc' dir='ltr'>οἴδατε,</span> <span class='ocrx_word' id='word_1_416' title='bbox 586 2976 847 3048; x_wconf 84' lang='grc' dir='ltr'>μακάριοί</span> <span class='ocrx_word' id='word_1_417' title='bbox 896 2979 1041 3045; x_wconf 74' lang='grc' dir='ltr'>ἐστε,</span> <span class='ocrx_word' id='word_1_418' title='bbox 1088 2981 1182 3034; x_wconf 75' lang='grc' dir='ltr'><strong>ἐὰν</strong></span> <span class='ocrx_word' id='word_1_419' title='bbox 1234 2983 1430 3054; x_wconf 81' lang='grc' dir='ltr'>ποιῆτε</span> <span class='ocrx_word' id='word_1_420' title='bbox 1479 2983 1640 3050; x_wconf 76' lang='grc' dir='ltr'>αὐτὰ,</span> <span class='ocrx_word' id='word_1_421' title='bbox 1683 3006 1701 3037; x_wconf 72' lang='grc' dir='ltr'><strong>ι</strong></span> 
     </span>
    </p>
   </div>
   <div class='ocr_carea' id='block_1_48' title="bbox 134 3060 1705 3146">
    <p class='ocr_par' dir='ltr' id='par_1_48' title="bbox 134 3060 1705 3146">
     <span class='ocr_line' id='line_1_48' title="bbox 134 3060 1705 3146; baseline 0.012 -34"><span class='ocrx_word' id='word_1_422' title='bbox 134 3060 332 3126; x_wconf 74' lang='grc' dir='ltr'>οὐδενὸς</span> <span class='ocrx_word' id='word_1_423' title='bbox 372 3065 627 3136; x_wconf 84' lang='grc' dir='ltr'>ποιητέον</span> <span class='ocrx_word' id='word_1_424' title='bbox 673 3071 1074 3142; x_wconf 80' lang='grc' dir='ltr'>προειρημένου</span> <span class='ocrx_word' id='word_1_425' title='bbox 1115 3074 1147 3146; x_wconf 81' lang='grc' dir='ltr'><strong>ἢ</strong></span> <span class='ocrx_word' id='word_1_426' title='bbox 1191 3075 1319 3144; x_wconf 76' lang='grc' dir='ltr'>περὶ</span> <span class='ocrx_word' id='word_1_427' title='bbox 1372 3075 1471 3146; x_wconf 89' lang='grc' dir='ltr'><strong>τῆς</strong></span> <span class='ocrx_word' id='word_1_428' title='bbox 1509 3076 1705 3146; x_wconf 72' lang='grc' dir='ltr'>νίψεως</span> 
     </span>
    </p>
   </div>
   <div class='ocr_carea' id='block_1_49' title="bbox 134 3151 1706 3236">
    <p class='ocr_par' dir='ltr' id='par_1_49' title="bbox 134 3151 1706 3236">
     <span class='ocr_line' id='line_1_49' title="bbox 134 3151 1706 3236; baseline 0.011 -32"><span class='ocrx_word' id='word_1_429' title='bbox 134 3151 232 3204; x_wconf 85' lang='grc' dir='ltr'><strong>τῶν</strong></span> <span class='ocrx_word' id='word_1_430' title='bbox 260 3153 454 3220; x_wconf 82' lang='grc' dir='ltr'>ποδῶν,</span> <span class='ocrx_word' id='word_1_431' title='bbox 491 3157 580 3208; x_wconf 79' lang='grc' dir='ltr'>ἐπ’</span> <span class='ocrx_word' id='word_1_432' title='bbox 625 3159 839 3229; x_wconf 81' lang='grc' dir='ltr'>ἐκείνην</span> <span class='ocrx_word' id='word_1_433' title='bbox 883 3161 982 3232; x_wconf 85' lang='grc' dir='ltr'>τὴν</span> <span class='ocrx_word' id='word_1_434' title='bbox 1027 3163 1306 3236; x_wconf 84' lang='grc' dir='ltr'>ἀναφορὰν</span> <span class='ocrx_word' id='word_1_435' title='bbox 1356 3164 1491 3235; x_wconf 83' lang='grc' dir='ltr'>ἕχει.</span> <span class='ocrx_word' id='word_1_436' title='bbox 1541 3167 1623 3220; x_wconf 85' lang='grc' dir='ltr'><strong>Τὰ</strong></span> <span class='ocrx_word' id='word_1_437' title='bbox 1651 3169 1706 3222; x_wconf 86' lang='grc' dir='ltr'>δὲ</span> 
     </span>
    </p>
   </div>
   <div class='ocr_carea' id='block_1_50' title="bbox 135 3241 1706 3330">
    <p class='ocr_par' dir='ltr' id='par_1_50' title="bbox 135 3241 1706 3330">
     <span class='ocr_line' id='line_1_50' title="bbox 135 3241 1706 3330; baseline 0.01 -33"><span class='ocrx_word' id='word_1_438' title='bbox 135 3249 266 3299; x_wconf 81' lang='grc' dir='ltr'>κατά</span> <span class='ocrx_word' id='word_1_439' title='bbox 293 3246 383 3300; x_wconf 80' lang='grc' dir='ltr'><strong>τὸν</strong></span> <span class='ocrx_word' id='word_1_440' title='bbox 420 3248 587 3302; x_wconf 86' lang='grc' dir='ltr'>τόπον</span> <span class='ocrx_word' id='word_1_441' title='bbox 625 3241 944 3322; x_wconf 81' lang='grc' dir='ltr'>μαθήματα,</span> <span class='ocrx_word' id='word_1_442' title='bbox 995 3253 1112 3318; x_wconf 89' lang='grc' dir='ltr'><strong>πῶς</strong></span> <span class='ocrx_word' id='word_1_443' title='bbox 1162 3273 1220 3308; x_wconf 89' lang='grc' dir='ltr'><strong>τε</strong></span> <span class='ocrx_word' id='word_1_444' title='bbox 1259 3256 1417 3320; x_wconf 88' lang='grc' dir='ltr'>πόδες</span> <span class='ocrx_word' id='word_1_445' title='bbox 1450 3257 1706 3330; x_wconf 80' lang='grc' dir='ltr'>μαθητῶν</span> 
     </span>
    </p>
   </div>
   <div class='ocr_carea' id='block_1_51' title="bbox 140 3336 1704 3422">
    <p class='ocr_par' dir='ltr' id='par_1_51' title="bbox 140 3336 1704 3422">
     <span class='ocr_line' id='line_1_51' title="bbox 140 3336 1704 3422; baseline 0.011 -33"><span class='ocrx_word' id='word_1_446' title='bbox 140 3336 464 3404; x_wconf 77' lang='grc' dir='ltr'>μολύνονται,</span> <span class='ocrx_word' id='word_1_447' title='bbox 507 3342 609 3413; x_wconf 71' lang='grc' dir='ltr'>ἤδη</span> <span class='ocrx_word' id='word_1_448' title='bbox 639 3342 1010 3415; x_wconf 85' lang='grc' dir='ltr'>λουσαμένων,</span> <span class='ocrx_word' id='word_1_449' title='bbox 1053 3347 1148 3400; x_wconf 71' lang='grc' dir='ltr'>καὶ</span> <span class='ocrx_word' id='word_1_450' title='bbox 1182 3348 1305 3403; x_wconf 87' lang='grc' dir='ltr'>τίνα</span> <span class='ocrx_word' id='word_1_451' title='bbox 1332 3351 1533 3422; x_wconf 86' lang='grc' dir='ltr'>τρόπον</span> <span class='ocrx_word' id='word_1_452' title='bbox 1571 3351 1704 3406; x_wconf 88' lang='grc' dir='ltr'>πλύ-</span> 
     </span>
    </p>
   </div>
   <div class='ocr_carea' id='block_1_52' title="bbox 137 3433 1703 3509">
    <p class='ocr_par' dir='ltr' id='par_1_52' title="bbox 137 3433 1703 3509">
     <span class='ocr_line' id='line_1_52' title="bbox 137 3433 1703 3509; baseline 0.011 -28"><span class='ocrx_word' id='word_1_453' title='bbox 137 3444 322 3495; x_wconf 84' lang='grc' dir='ltr'>νονται,</span> <span class='ocrx_word' id='word_1_454' title='bbox 354 3433 552 3487; x_wconf 78' lang='grc' dir='ltr'>εἰδέναι</span> <span class='ocrx_word' id='word_1_455' title='bbox 573 3435 648 3499; x_wconf 85' lang='grc' dir='ltr'>ὡς</span> <span class='ocrx_word' id='word_1_456' title='bbox 693 3438 722 3490; x_wconf 89' lang='grc' dir='ltr'>ὁ</span> <span class='ocrx_word' id='word_1_457' title='bbox 754 3437 927 3506; x_wconf 87' lang='grc' dir='ltr'>Λόγος</span> <span class='ocrx_word' id='word_1_458' title='bbox 962 3438 1229 3509; x_wconf 81' lang='grc' dir='ltr'>βούλεται,</span> <span class='ocrx_word' id='word_1_459' title='bbox 1278 3443 1372 3496; x_wconf 76' lang='grc' dir='ltr'>καὶ</span> <span class='ocrx_word' id='word_1_460' title='bbox 1411 3447 1584 3499; x_wconf 87' lang='grc' dir='ltr'>ποιεῖν</span> <span class='ocrx_word' id='word_1_461' title='bbox 1627 3445 1703 3509; x_wconf 83' lang='grc' dir='ltr'>ὡς</span> 
     </span>
    </p>
   </div>
   <div class='ocr_carea' id='block_1_53' title="bbox 139 3521 1700 3609">
    <p class='ocr_par' dir='ltr' id='par_1_53' title="bbox 139 3521 1700 3609">
     <span class='ocr_line' id='line_1_53' title="bbox 139 3521 1700 3609; baseline 0.011 -35"><span class='ocrx_word' id='word_1_462' title='bbox 139 3521 316 3578; x_wconf 61' lang='lat' dir='ltr'><strong>astus</strong></span> <span class='ocrx_word' id='word_1_463' title='bbox 358 3527 588 3598; x_wconf 86' lang='grc' dir='ltr'>Ἰησοῦς,</span> <span class='ocrx_word' id='word_1_464' title='bbox 621 3529 836 3602; x_wconf 87' lang='grc' dir='ltr'>ἀληθῶς</span> <span class='ocrx_word' id='word_1_465' title='bbox 871 3533 1156 3605; x_wconf 87' lang='grc' dir='ltr'>μακαρίων</span> <span class='ocrx_word' id='word_1_466' title='bbox 1180 3535 1328 3590; x_wconf 75' lang='grc' dir='ltr'>ἐστὶν</span> <span class='ocrx_word' id='word_1_467' title='bbox 1357 3537 1565 3609; x_wconf 74' lang='grc' dir='ltr'>ἀνδρῶν</span> <span class='ocrx_word' id='word_1_468' title='bbox 1590 3538 1700 3609; x_wconf 69' lang='grc'><strong>(52)</strong></span> 
     </span>
    </p>
   </div>
   <div class='ocr_carea' id='block_1_54' title="bbox 137 3597 1772 3700">
    <p class='ocr_par' dir='ltr' id='par_1_54' title="bbox 137 3597 1772 3700">
     <span class='ocr_line' id='line_1_54' title="bbox 137 3597 1772 3700; baseline 0.012 -33"><span class='ocrx_word' id='word_1_469' title='bbox 137 3612 314 3684; x_wconf 79' lang='grc' dir='ltr'>ιργον·</span> <span class='ocrx_word' id='word_1_470' title='bbox 348 3597 556 3692; x_wconf 72' lang='grc' dir='ltr'>οὐγὰρ</span> <span class='ocrx_word' id='word_1_471' title='bbox 590 3621 651 3675; x_wconf 85' lang='grc' dir='ltr'><strong>τὸ</strong></span> <span class='ocrx_word' id='word_1_472' title='bbox 687 3597 1004 3694; x_wconf 78' lang='grc' dir='ltr'>τηλικοῦτον</span> <span class='ocrx_word' id='word_1_473' title='bbox 1029 3597 1233 3698; x_wconf 59' lang='grc' dir='ltr'>δνομα,</span> <span class='ocrx_word' id='word_1_474' title='bbox 1274 3629 1336 3683; x_wconf 86' lang='grc' dir='ltr'><strong>τὸ</strong></span> <span class='ocrx_word' id='word_1_475' title='bbox 1379 3597 1698 3700; x_wconf 67' lang='grc' dir='ltr'>μάκάριον,</span> <span class='ocrx_word' id='word_1_476' title='bbox 1727 3597 1772 3656; x_wconf 70' lang='lat' dir='ltr'>c</span> 
     </span>
    </p>
   </div>
   <div class='ocr_carea' id='block_1_55' title="bbox 139 3705 1700 3792">
    <p class='ocr_par' dir='ltr' id='par_1_55' title="bbox 139 3705 1700 3792">
     <span class='ocr_line' id='line_1_55' title="bbox 139 3705 1700 3792; baseline 0.011 -33"><span class='ocrx_word' id='word_1_477' title='bbox 139 3705 338 3792; x_wconf 65' lang='grc' dir='ltr'>εῦλογον</span> <span class='ocrx_word' id='word_1_478' title='bbox 364 3711 457 3764; x_wconf 78' lang='grc' dir='ltr'><strong>ἐπὶ</strong></span> <span class='ocrx_word' id='word_1_479' title='bbox 498 3715 610 3778; x_wconf 87' lang='grc' dir='ltr'>τοῖς</span> <span class='ocrx_word' id='word_1_480' title='bbox 638 3715 861 3786; x_wconf 83' lang='grc' dir='ltr'>τυχοῦσι</span> <span class='ocrx_word' id='word_1_481' title='bbox 909 3719 1080 3789; x_wconf 83' lang='grc' dir='ltr'>φῆσαι</span> <span class='ocrx_word' id='word_1_482' title='bbox 1114 3721 1366 3792; x_wconf 86' lang='grc' dir='ltr'>παρεῖναί</span> <span class='ocrx_word' id='word_1_483' title='bbox 1407 3738 1570 3789; x_wconf 81' lang='grc' dir='ltr'>τισιν,</span> <span class='ocrx_word' id='word_1_484' title='bbox 1615 3723 1700 3792; x_wconf 78' lang='grc' dir='ltr'><strong>ἐφ’</strong></span> 
     </span>
    </p>
   </div>
   <div class='ocr_carea' id='block_1_56' title="bbox 134 3789 1697 3880">
    <p class='ocr_par' dir='ltr' id='par_1_56' title="bbox 134 3789 1697 3880">
     <span class='ocr_line' id='line_1_56' title="bbox 134 3789 1697 3880; baseline 0.011 -29"><span class='ocrx_word' id='word_1_485' title='bbox 134 3789 175 3865; x_wconf 83' lang='grc' dir='ltr'><strong>ᾧ</strong></span> <span class='ocrx_word' id='word_1_486' title='bbox 198 3800 286 3852; x_wconf 72' lang='grc' dir='ltr'>καὶ</span> <span class='ocrx_word' id='word_1_487' title='bbox 305 3803 525 3874; x_wconf 79' lang='grc' dir='ltr'>οἰκέτης</span> <span class='ocrx_word' id='word_1_488' title='bbox 556 3805 625 3860; x_wconf 81' lang='grc' dir='ltr'><strong>ἂν</strong></span> <span class='ocrx_word' id='word_1_489' title='bbox 669 3806 884 3862; x_wconf 86' lang='grc' dir='ltr'>πλύνων</span> <span class='ocrx_word' id='word_1_490' title='bbox 913 3812 1039 3874; x_wconf 83' lang='grc' dir='ltr'>τοὺς</span> <span class='ocrx_word' id='word_1_491' title='bbox 1079 3812 1246 3876; x_wconf 85' lang='grc' dir='ltr'>πόδας</span> <span class='ocrx_word' id='word_1_492' title='bbox 1287 3811 1382 3866; x_wconf 83' lang='grc' dir='ltr'><strong>τοῦ</strong></span> <span class='ocrx_word' id='word_1_493' title='bbox 1419 3813 1697 3880; x_wconf 89' lang='grc' dir='ltr'>δεσπότου,</span> 
     </span>
    </p>
   </div>
   <div class='ocr_carea' id='block_1_57' title="bbox 139 3894 1700 3977">
    <p class='ocr_par' dir='ltr' id='par_1_57' title="bbox 139 3894 1700 3977">
     <span class='ocr_line' id='line_1_57' title="bbox 139 3894 1700 3977; baseline 0.013 -34"><span class='ocrx_word' id='word_1_494' title='bbox 139 3894 393 3964; x_wconf 83' lang='grc' dir='ltr'>μακάριος</span> <span class='ocrx_word' id='word_1_495' title='bbox 431 3896 502 3951; x_wconf 81' lang='grc' dir='ltr'><strong>ἂν</strong></span> <span class='ocrx_word' id='word_1_496' title='bbox 539 3901 659 3951; x_wconf 90' lang='grc' dir='ltr'>κατ’</span> <span class='ocrx_word' id='word_1_497' title='bbox 691 3901 824 3954; x_wconf 87' lang='grc' dir='ltr'>αὐτὸ</span> <span class='ocrx_word' id='word_1_498' title='bbox 865 3901 1024 3956; x_wconf 86' lang='grc' dir='ltr'>τοῦτο</span> <span class='ocrx_word' id='word_1_499' title='bbox 1063 3903 1212 3972; x_wconf 85' lang='grc' dir='ltr'>δόξαι</span> <span class='ocrx_word' id='word_1_500' title='bbox 1245 3907 1556 3977; x_wconf 86' lang='grc' dir='ltr'>τυγχάνειν,</span> <span class='ocrx_word' id='word_1_501' title='bbox 1607 3911 1700 3964; x_wconf 75' lang='grc' dir='ltr'>καὶ</span> 
     </span>
    </p>
   </div>
   <div class='ocr_carea' id='block_1_58' title="bbox 137 3981 1698 4073">
    <p class='ocr_par' dir='ltr' id='par_1_58' title="bbox 137 3981 1698 4073">
     <span class='ocr_line' id='line_1_58' title="bbox 137 3981 1698 4073; baseline 0.015 -40"><span class='ocrx_word' id='word_1_502' title='bbox 137 3981 309 4050; x_wconf 79' lang='grc' dir='ltr'>κόλαξ,</span> <span class='ocrx_word' id='word_1_503' title='bbox 367 3989 464 4041; x_wconf 73' lang='grc' dir='ltr'><strong>καὶ</strong></span> <span class='ocrx_word' id='word_1_504' title='bbox 522 3990 854 4063; x_wconf 76' lang='grc' dir='ltr'>ὑποκριτής’</span> <span class='ocrx_word' id='word_1_505' title='bbox 909 3993 938 4046; x_wconf 85' lang='grc' dir='ltr'><strong>ὃ</strong></span> <span class='ocrx_word' id='word_1_506' title='bbox 983 3996 1093 4068; x_wconf 81' lang='grc' dir='ltr'>γὰρ</span> <span class='ocrx_word' id='word_1_507' title='bbox 1139 3999 1303 4069; x_wconf 84' lang='grc' dir='ltr'>ἡμεῖς</span> <span class='ocrx_word' id='word_1_508' title='bbox 1353 4001 1698 4073; x_wconf 83' lang='grc' dir='ltr'>ἀποδίδομεν,</span> 
     </span>
    </p>
   </div>
   <div class='ocr_carea' id='block_1_59' title="bbox 137 4073 1700 4160">
    <p class='ocr_par' dir='ltr' id='par_1_59' title="bbox 137 4073 1700 4160">
     <span class='ocr_line' id='line_1_59' title="bbox 137 4073 1700 4160; baseline 0.013 -34"><span class='ocrx_word' id='word_1_509' title='bbox 137 4073 330 4129; x_wconf 87' lang='grc' dir='ltr'>νίπτειν</span> <span class='ocrx_word' id='word_1_510' title='bbox 363 4081 490 4143; x_wconf 74' lang='grc' dir='ltr'>τοὺς</span> <span class='ocrx_word' id='word_1_511' title='bbox 527 4081 693 4145; x_wconf 87' lang='grc' dir='ltr'>πόδας</span> <span class='ocrx_word' id='word_1_512' title='bbox 730 4085 984 4155; x_wconf 85' lang='grc' dir='ltr'>μαθητῶν</span> <span class='ocrx_word' id='word_1_513' title='bbox 1036 4089 1228 4158; x_wconf 84' lang='grc' dir='ltr'>Ἰησοῦ,</span> <span class='ocrx_word' id='word_1_514' title='bbox 1270 4091 1508 4160; x_wconf 86' lang='grc' dir='ltr'>μεγάλου</span> <span class='ocrx_word' id='word_1_515' title='bbox 1554 4094 1700 4157; x_wconf 88' lang='grc' dir='ltr'>τινός</span> 
     </span>
    </p>
   </div>
   <div class='ocr_carea' id='block_1_60' title="bbox 137 4165 1698 4250">
    <p class='ocr_par' dir='ltr' id='par_1_60' title="bbox 137 4165 1698 4250">
     <span class='ocr_line' id='line_1_60' title="bbox 137 4165 1698 4250; baseline 0.014 -33"><span class='ocrx_word' id='word_1_516' title='bbox 137 4165 263 4232; x_wconf 71' lang='grc' dir='ltr'>ἔστι,</span> <span class='ocrx_word' id='word_1_517' title='bbox 295 4169 387 4223; x_wconf 81' lang='grc' dir='ltr'>καὶ</span> <span class='ocrx_word' id='word_1_518' title='bbox 429 4173 638 4243; x_wconf 83' lang='grc' dir='ltr'>Ἰησοῦν</span> <span class='ocrx_word' id='word_1_519' title='bbox 671 4177 728 4228; x_wconf 87' lang='grc' dir='ltr'><strong>ὲν</strong></span> <span class='ocrx_word' id='word_1_520' title='bbox 753 4176 932 4248; x_wconf 81' lang='grc' dir='ltr'>ἑαυτῴ</span> <span class='ocrx_word' id='word_1_521' title='bbox 973 4178 1208 4249; x_wconf 76' lang='grc' dir='ltr'>ἔχοντος,</span> <span class='ocrx_word' id='word_1_522' title='bbox 1239 4183 1332 4235; x_wconf 77' lang='grc' dir='ltr'>καὶ</span> <span class='ocrx_word' id='word_1_523' title='bbox 1360 4183 1698 4250; x_wconf 79' lang='grc' dir='ltr'>ἁπαξαπλῶς</span> 
     </span>
    </p>
   </div>
   <div class='ocr_carea' id='block_1_61' title="bbox 142 4259 1698 4344">
    <p class='ocr_par' dir='ltr' id='par_1_61' title="bbox 142 4259 1698 4344">
     <span class='ocr_line' id='line_1_61' title="bbox 142 4259 1698 4344; baseline 0.012 -36"><span class='ocrx_word' id='word_1_524' title='bbox 142 4259 414 4330; x_wconf 85' lang='grc' dir='ltr'>μακαρίου.</span> <span class='ocrx_word' id='word_1_525' title='bbox 447 4263 570 4333; x_wconf 84' lang='grc' dir='ltr'><strong>Χρὴ</strong></span> <span class='ocrx_word' id='word_1_526' title='bbox 600 4263 657 4316; x_wconf 78' lang='grc' dir='ltr'><strong>δὲ</strong></span> <span class='ocrx_word' id='word_1_527' title='bbox 695 4265 894 4320; x_wconf 83' lang='grc' dir='ltr'>εἰδέναι</span> <span class='ocrx_word' id='word_1_528' title='bbox 923 4267 1102 4336; x_wconf 88' lang='grc' dir='ltr'>τοῦτο,</span> <span class='ocrx_word' id='word_1_529' title='bbox 1141 4271 1223 4323; x_wconf 84' lang='grc' dir='ltr'><strong>ὅτι</strong></span> <span class='ocrx_word' id='word_1_530' title='bbox 1263 4273 1591 4343; x_wconf 88' lang='grc' dir='ltr'>παράκειται</span> <span class='ocrx_word' id='word_1_531' title='bbox 1622 4273 1698 4344; x_wconf 84' lang='grc' dir='ltr'>τῷ</span> 
     </span>
    </p>
   </div>
   <div class='ocr_carea' id='block_1_62' title="bbox 144 4349 1696 4430">
    <p class='ocr_par' dir='ltr' id='par_1_62' title="bbox 144 4349 1696 4430">
     <span class='ocr_line' id='line_1_62' title="bbox 144 4349 1696 4430; baseline 0.012 -29"><span class='ocrx_word' id='word_1_532' title='bbox 144 4349 276 4420; x_wconf 85' lang='grc' dir='ltr'>ρητῷ</span> <span class='ocrx_word' id='word_1_533' title='bbox 312 4352 482 4425; x_wconf 82' lang='grc' dir='ltr'>τούτῳ</span> <span class='ocrx_word' id='word_1_534' title='bbox 521 4355 700 4425; x_wconf 83' lang='grc' dir='ltr'>ὅμοια,</span> <span class='ocrx_word' id='word_1_535' title='bbox 742 4359 798 4410; x_wconf 80' lang='grc' dir='ltr'><strong>ὲν</strong></span> <span class='ocrx_word' id='word_1_536' title='bbox 844 4359 940 4428; x_wconf 84' lang='grc' dir='ltr'>μὲν</span> <span class='ocrx_word' id='word_1_537' title='bbox 978 4359 1055 4430; x_wconf 82' lang='grc' dir='ltr'>τῷ</span> <span class='ocrx_word' id='word_1_538' title='bbox 1094 4362 1234 4416; x_wconf 73' lang='grc' dir='ltr'>κατὰ</span> <span class='ocrx_word' id='word_1_539' title='bbox 1286 4364 1562 4419; x_wconf 89' lang='grc' dir='ltr'>Ματθαῖον</span> <span class='ocrx_word' id='word_1_540' title='bbox 1603 4365 1662 4418; x_wconf 88' lang='grc' dir='ltr'><strong>τό</strong></span> <span class='ocrx_word' id='word_1_541' title='bbox 1683 4383 1696 4398; x_wconf 72' lang='grc' dir='ltr'><strong>ο</strong></span> 
     </span>
    </p>
   </div>
   <div class='ocr_carea' id='block_1_63' title="bbox 146 4442 1698 4524">
    <p class='ocr_par' dir='ltr' id='par_1_63' title="bbox 146 4442 1698 4524">
     <span class='ocr_line' id='line_1_63' title="bbox 146 4442 1698 4524; baseline 0.013 -34"><span class='ocrx_word' id='word_1_542' title='bbox 146 4456 164 4489; x_wconf 78' lang='grc' dir='ltr'><strong>ι</strong></span> <span class='ocrx_word' id='word_1_543' title='bbox 207 4442 312 4495; x_wconf 74' lang='grc' dir='ltr'><strong>Οὐκ</strong></span> <span class='ocrx_word' id='word_1_544' title='bbox 362 4443 475 4500; x_wconf 77' lang='grc' dir='ltr'>ἔστι</span> <span class='ocrx_word' id='word_1_545' title='bbox 528 4447 774 4520; x_wconf 80' lang='grc' dir='ltr'>μαθητὴς</span> <span class='ocrx_word' id='word_1_546' title='bbox 827 4451 971 4524; x_wconf 84' lang='grc' dir='ltr'>ὑπὲρ</span> <span class='ocrx_word' id='word_1_547' title='bbox 1026 4453 1116 4508; x_wconf 83' lang='grc' dir='ltr'>τὸν</span> <span class='ocrx_word' id='word_1_548' title='bbox 1167 4453 1518 4520; x_wconf 85' lang='grc' dir='ltr'>διδάσκαλον,</span> <span class='ocrx_word' id='word_1_549' title='bbox 1577 4458 1698 4512; x_wconf 76' lang='grc' dir='ltr'>οὐδὲ</span> 
     </span>
    </p>
   </div>
   <div class='ocr_carea' id='block_1_64' title="bbox 141 4528 1696 4623">
    <p class='ocr_par' dir='ltr' id='par_1_64' title="bbox 141 4528 1696 4623">
     <span class='ocr_line' id='line_1_64' title="bbox 141 4528 1696 4623; baseline 0.015 -41"><span class='ocrx_word' id='word_1_550' title='bbox 141 4528 308 4623; x_wconf 73' lang='grc' dir='ltr'>δοῦλος</span> <span class='ocrx_word' id='word_1_551' title='bbox 349 4537 485 4610; x_wconf 70' lang='grc' dir='ltr'>ὑπὲρ</span> <span class='ocrx_word' id='word_1_552' title='bbox 518 4539 611 4592; x_wconf 84' lang='grc' dir='ltr'>τὸν</span> <span class='ocrx_word' id='word_1_553' title='bbox 654 4540 841 4612; x_wconf 83' lang='grc' dir='ltr'>κύριον</span> <span class='ocrx_word' id='word_1_554' title='bbox 876 4544 1072 4597; x_wconf 78' lang='grc' dir='ltr'>αὐτοῦ’</span> <span class='ocrx_word' id='word_1_555' title='bbox 1107 4547 1337 4617; x_wconf 74' lang='grc' dir='ltr'>ἀρκετὸν</span> <span class='ocrx_word' id='word_1_556' title='bbox 1369 4548 1446 4619; x_wconf 83' lang='grc' dir='ltr'><strong>τῷ</strong></span> <span class='ocrx_word' id='word_1_557' title='bbox 1483 4550 1696 4623; x_wconf 82' lang='grc' dir='ltr'>μαθητῇ</span> 
     </span>
    </p>
   </div>
   <div class='ocr_carea' id='block_1_65' title="bbox 146 4621 1698 4706">
    <p class='ocr_par' dir='ltr' id='par_1_65' title="bbox 146 4621 1698 4706">
     <span class='ocr_line' id='line_1_65' title="bbox 146 4621 1698 4706; baseline 0.013 -30"><span class='ocrx_word' id='word_1_558' title='bbox 146 4621 221 4674; x_wconf 83' lang='grc' dir='ltr'><strong>ἵνα</strong></span> <span class='ocrx_word' id='word_1_559' title='bbox 249 4626 465 4697; x_wconf 82' lang='grc' dir='ltr'>γένηται</span> <span class='ocrx_word' id='word_1_560' title='bbox 494 4629 570 4694; x_wconf 85' lang='grc' dir='ltr'><strong>ὡς</strong></span> <span class='ocrx_word' id='word_1_561' title='bbox 601 4633 629 4684; x_wconf 87' lang='grc' dir='ltr'>ὁ</span> <span class='ocrx_word' id='word_1_562' title='bbox 661 4632 976 4699; x_wconf 86' lang='grc' dir='ltr'>διδάσκαλος</span> <span class='ocrx_word' id='word_1_563' title='bbox 1006 4637 1194 4702; x_wconf 84' lang='grc' dir='ltr'>αὐτοῦ,</span> <span class='ocrx_word' id='word_1_564' title='bbox 1230 4639 1324 4693; x_wconf 75' lang='grc' dir='ltr'><strong>καὶ</strong></span> <span class='ocrx_word' id='word_1_565' title='bbox 1351 4641 1379 4692; x_wconf 89' lang='grc' dir='ltr'><strong>ὁ</strong></span> <span class='ocrx_word' id='word_1_566' title='bbox 1411 4621 1698 4706; x_wconf 88' lang='grc' dir='ltr'>δοῦλος</span> 
     </span>
    </p>
   </div>
   <div class='ocr_carea' id='block_1_66' title="bbox 143 4713 1698 4799">
    <p class='ocr_par' dir='ltr' id='par_1_66' title="bbox 143 4713 1698 4799">
     <span class='ocr_line' id='line_1_66' title="bbox 143 4713 1698 4799; baseline 0.015 -33"><span class='ocrx_word' id='word_1_567' title='bbox 143 4713 170 4764; x_wconf 84' lang='grc' dir='ltr'><strong>ὁ</strong></span> <span class='ocrx_word' id='word_1_568' title='bbox 202 4716 377 4788; x_wconf 80' lang='grc' dir='ltr'>κύριος</span> <span class='ocrx_word' id='word_1_569' title='bbox 415 4723 579 4776; x_wconf 83' lang='grc' dir='ltr'>αὐτοῦ</span> <span class='ocrx_word' id='word_1_570' title='bbox 600 4740 615 4755; x_wconf 79' lang='grc' dir='ltr'><strong>ο</strong></span> <span class='ocrx_word' id='word_1_571' title='bbox 657 4745 675 4777; x_wconf 73' lang='grc' dir='ltr'><strong>ι</strong></span> <span class='ocrx_word' id='word_1_572' title='bbox 715 4728 774 4780; x_wconf 84' lang='grc' dir='ltr'><strong>ὲν</strong></span> <span class='ocrx_word' id='word_1_573' title='bbox 801 4727 856 4781; x_wconf 86' lang='grc' dir='ltr'>δὲ</span> <span class='ocrx_word' id='word_1_574' title='bbox 882 4727 960 4799; x_wconf 84' lang='grc' dir='ltr'>τῷ</span> <span class='ocrx_word' id='word_1_575' title='bbox 980 4730 1120 4784; x_wconf 70' lang='grc' dir='ltr'>κατὰ</span> <span class='ocrx_word' id='word_1_576' title='bbox 1157 4733 1371 4786; x_wconf 87' lang='grc' dir='ltr'>Λουκᾶν</span> <span class='ocrx_word' id='word_1_577' title='bbox 1403 4734 1493 4787; x_wconf 85' lang='grc' dir='ltr'>τό·</span> <span class='ocrx_word' id='word_1_578' title='bbox 1534 4754 1552 4786; x_wconf 78' lang='grc' dir='ltr'><strong>ι</strong></span> <span class='ocrx_word' id='word_1_579' title='bbox 1586 4737 1698 4789; x_wconf 77' lang='grc' dir='ltr'>Οὐκ</span> 
     </span>
    </p>
   </div>
   <div class='ocr_carea' id='block_1_67' title="bbox 146 4805 1696 4898">
    <p class='ocr_par' dir='ltr' id='par_1_67' title="bbox 146 4805 1696 4898">
     <span class='ocr_line' id='line_1_67' title="bbox 146 4805 1696 4898; baseline 0.013 -37"><span class='ocrx_word' id='word_1_580' title='bbox 146 4805 248 4898; x_wconf 38' lang='lat' dir='ltr'><strong>itm</strong></span> <span class='ocrx_word' id='word_1_581' title='bbox 281 4812 520 4887; x_wconf 82' lang='grc' dir='ltr'>μαθητὴς</span> <span class='ocrx_word' id='word_1_582' title='bbox 549 4817 688 4890; x_wconf 83' lang='grc' dir='ltr'>ὑπὲρ</span> <span class='ocrx_word' id='word_1_583' title='bbox 733 4819 825 4872; x_wconf 86' lang='grc' dir='ltr'>τὸν</span> <span class='ocrx_word' id='word_1_584' title='bbox 868 4821 1211 4876; x_wconf 82' lang='grc' dir='ltr'>διδάσκαλον·</span> <span class='ocrx_word' id='word_1_585' title='bbox 1267 4829 1696 4898; x_wconf 81' lang='grc' dir='ltr'>κατηρτισμένος</span> 
     </span>
    </p>
   </div>
   <div class='ocr_carea' id='block_1_68' title="bbox 1809 2336 3395 2409">
    <p class='ocr_par' dir='ltr' id='par_1_68' title="bbox 1809 2336 3395 2409">
     <span class='ocr_line' id='line_1_68' title="bbox 1809 2336 3395 2409; baseline 0.001 -18"><span class='ocrx_word' id='word_1_586' title='bbox 1809 2336 1900 2406; x_wconf 91' lang='lat' dir='ltr'><strong>jor</strong></span> <span class='ocrx_word' id='word_1_587' title='bbox 1929 2337 2152 2392; x_wconf 88' lang='lat' dir='ltr'><strong>domino</strong></span> <span class='ocrx_word' id='word_1_588' title='bbox 2201 2353 2321 2403; x_wconf 89' lang='lat' dir='ltr'><strong>suo,</strong></span> <span class='ocrx_word' id='word_1_589' title='bbox 2354 2351 2531 2407; x_wconf 89' lang='lat' dir='ltr'><strong>neque</strong></span> <span class='ocrx_word' id='word_1_590' title='bbox 2578 2336 2791 2408; x_wconf 81' lang='lat' dir='ltr'><strong>legatus</strong></span> <span class='ocrx_word' id='word_1_591' title='bbox 2843 2336 3016 2407; x_wconf 85' lang='lat' dir='ltr'><strong>major</strong></span> <span class='ocrx_word' id='word_1_592' title='bbox 3059 2347 3144 2392; x_wconf 90' lang='lat' dir='ltr'><strong>est</strong></span> <span class='ocrx_word' id='word_1_593' title='bbox 3186 2352 3252 2395; x_wconf 89' lang='lat' dir='ltr'><strong>eo</strong></span> <span class='ocrx_word' id='word_1_594' title='bbox 3302 2338 3395 2409; x_wconf 86' lang='lat' dir='ltr'><strong>qui</strong></span> 
     </span>
    </p>
   </div>
   <div class='ocr_carea' id='block_1_69' title="bbox 1816 2426 3398 2497">
    <p class='ocr_par' dir='ltr' id='par_1_69' title="bbox 1816 2426 3398 2497">
     <span class='ocr_line' id='line_1_69' title="bbox 1816 2426 3398 2497; baseline 0 -16"><span class='ocrx_word' id='word_1_595' title='bbox 1816 2426 2020 2497; x_wconf 79' lang='lat' dir='ltr'><strong>legavit</strong></span> <span class='ocrx_word' id='word_1_596' title='bbox 2053 2427 2230 2497; x_wconf 90' lang='lat' dir='ltr'><strong>ipsum</strong></span> <span class='ocrx_word' id='word_1_597' title='bbox 2259 2445 2273 2481; x_wconf 88' lang='lat'><strong>:</strong></span> <span class='ocrx_word' id='word_1_598' title='bbox 2301 2426 2346 2483; x_wconf 89' lang='lat' dir='ltr'><strong>si</strong></span> <span class='ocrx_word' id='word_1_599' title='bbox 2381 2427 2498 2483; x_wconf 86' lang='lat' dir='ltr'><strong>haec</strong></span> <span class='ocrx_word' id='word_1_600' title='bbox 2533 2427 2790 2496; x_wconf 87' lang='lat' dir='ltr'><strong>novistis,</strong></span> <span class='ocrx_word' id='word_1_601' title='bbox 2820 2426 2966 2494; x_wconf 82' lang='lat' dir='ltr'><strong>beati</strong></span> <span class='ocrx_word' id='word_1_602' title='bbox 2995 2429 3152 2492; x_wconf 86' lang='lat' dir='ltr'><strong>estis,</strong></span> <span class='ocrx_word' id='word_1_603' title='bbox 3180 2426 3226 2482; x_wconf 87' lang='lat' dir='ltr'><strong>si</strong></span> <span class='ocrx_word' id='word_1_604' title='bbox 3257 2427 3398 2484; x_wconf 84' lang='lat' dir='ltr'><strong>fece-</strong></span> 
     </span>
    </p>
   </div>
   <div class='ocr_carea' id='block_1_70' title="bbox 1815 2518 3397 2590">
    <p class='ocr_par' dir='ltr' id='par_1_70' title="bbox 1815 2518 3397 2590">
     <span class='ocr_line' id='line_1_70' title="bbox 1815 2518 3397 2590; baseline 0.002 -18"><span class='ocrx_word' id='word_1_605' title='bbox 1815 2518 1934 2573; x_wconf 90' lang='lat' dir='ltr'><strong>ritis</strong></span> <span class='ocrx_word' id='word_1_606' title='bbox 1964 2534 2050 2574; x_wconf 91' lang='lat' dir='ltr'><strong>ea.</strong></span> <span class='ocrx_word' id='word_1_607' title='bbox 2078 2518 2192 2574; x_wconf 84' lang='lat' dir='ltr'><strong>Non</strong></span> <span class='ocrx_word' id='word_1_608' title='bbox 2246 2519 2314 2573; x_wconf 90' lang='lat' dir='ltr'><strong>de</strong></span> <span class='ocrx_word' id='word_1_609' title='bbox 2351 2518 2607 2574; x_wconf 88' lang='lat' dir='ltr'><strong>omnibus</strong></span> <span class='ocrx_word' id='word_1_610' title='bbox 2657 2518 2814 2574; x_wconf 85' lang='lat' dir='ltr'><strong>vobis</strong></span> <span class='ocrx_word' id='word_1_611' title='bbox 2845 2518 3084 2588; x_wconf 90' lang='lat' dir='ltr'><strong>loquor:</strong></span> <span class='ocrx_word' id='word_1_612' title='bbox 3125 2533 3228 2590; x_wconf 88' lang='lat' dir='ltr'><strong>ego</strong></span> <span class='ocrx_word' id='word_1_613' title='bbox 3278 2521 3397 2576; x_wconf 83' lang='lat' dir='ltr'><strong>scio</strong></span> 
     </span>
    </p>
   </div>
   <div class='ocr_carea' id='block_1_71' title="bbox 1815 2611 3396 2683">
    <p class='ocr_par' dir='ltr' id='par_1_71' title="bbox 1815 2611 3396 2683">
     <span class='ocr_line' id='line_1_71' title="bbox 1815 2611 3396 2683; baseline 0.001 -17"><span class='ocrx_word' id='word_1_614' title='bbox 1815 2626 1951 2682; x_wconf 91' lang='lat' dir='ltr'><strong>quos</strong></span> <span class='ocrx_word' id='word_1_615' title='bbox 1988 2612 2279 2682; x_wconf 86' lang='lat' dir='ltr'><strong>elegerim;</strong></span> <span class='ocrx_word' id='word_1_616' title='bbox 2311 2614 2407 2668; x_wconf 91' lang='lat' dir='ltr'><strong>sed</strong></span> <span class='ocrx_word' id='word_1_617' title='bbox 2459 2621 2521 2667; x_wconf 89' lang='lat' dir='ltr'><strong>ut</strong></span> <span class='ocrx_word' id='word_1_618' title='bbox 2567 2611 2890 2680; x_wconf 85' lang='lat' dir='ltr'><strong>impleretur</strong></span> <span class='ocrx_word' id='word_1_619' title='bbox 2935 2612 3214 2683; x_wconf 88' lang='lat' dir='ltr'><strong>Scriptura</strong></span> <span class='ocrx_word' id='word_1_620' title='bbox 3251 2611 3396 2680; x_wconf 85' lang='lat' dir='ltr'><strong>:Qui</strong></span> 
     </span>
    </p>
   </div>
   <div class='ocr_carea' id='block_1_72' title="bbox 1813 2703 3394 2774">
    <p class='ocr_par' dir='ltr' id='par_1_72' title="bbox 1813 2703 3394 2774">
     <span class='ocr_line' id='line_1_72' title="bbox 1813 2703 3394 2774; baseline -0.001 -15"><span class='ocrx_word' id='word_1_621' title='bbox 1813 2705 1925 2760; x_wconf 87' lang='lat' dir='ltr'><strong>edit</strong></span> <span class='ocrx_word' id='word_1_622' title='bbox 1951 2720 2129 2760; x_wconf 90' lang='lat' dir='ltr'><strong>meum</strong></span> <span class='ocrx_word' id='word_1_623' title='bbox 2159 2720 2376 2774; x_wconf 90' lang='lat' dir='ltr'><strong>panem,</strong></span> <span class='ocrx_word' id='word_1_624' title='bbox 2403 2703 2622 2760; x_wconf 90' lang='lat' dir='ltr'><strong>sustulit</strong></span> <span class='ocrx_word' id='word_1_625' title='bbox 2642 2703 2928 2758; x_wconf 89' lang='lat' dir='ltr'><strong>adversum</strong></span> <span class='ocrx_word' id='word_1_626' title='bbox 2956 2717 3042 2757; x_wconf 90' lang='lat' dir='ltr'><strong>me</strong></span> <span class='ocrx_word' id='word_1_627' title='bbox 3079 2704 3394 2758; x_wconf 84' lang='lat' dir='ltr'><strong>calcanemn</strong></span> 
     </span>
    </p>
   </div>
   <div class='ocr_carea' id='block_1_73' title="bbox 1813 2795 3396 2872">
    <p class='ocr_par' dir='ltr' id='par_1_73' title="bbox 1813 2795 3396 2872">
     <span class='ocr_line' id='line_1_73' title="bbox 1813 2795 3396 2872; baseline -0.003 -18"><span class='ocrx_word' id='word_1_628' title='bbox 1813 2815 1972 2855; x_wconf 90' lang='lat' dir='ltr'><strong>suum</strong></span> <span class='ocrx_word' id='word_1_629' title='bbox 1993 2797 2260 2872; x_wconf 49' lang='lat'><strong>&quot;.424</strong></span> <span class='ocrx_word' id='word_1_630' title='bbox 2276 2797 2467 2853; x_wconf 85' lang='lat' dir='ltr'><strong>Adhuc</strong></span> <span class='ocrx_word' id='word_1_631' title='bbox 2496 2805 2551 2852; x_wconf 89' lang='lat' dir='ltr'><strong>et</strong></span> <span class='ocrx_word' id='word_1_632' title='bbox 2580 2797 2696 2851; x_wconf 67' lang='lat' dir='ltr'><strong>haec</strong></span> <span class='ocrx_word' id='word_1_633' title='bbox 2728 2795 3007 2850; x_wconf 67' lang='lat' dir='ltr'><strong>cohaarere</strong></span> <span class='ocrx_word' id='word_1_634' title='bbox 3041 2795 3172 2849; x_wconf 89' lang='lat' dir='ltr'><strong>mihi</strong></span> <span class='ocrx_word' id='word_1_635' title='bbox 3206 2795 3396 2850; x_wconf 76' lang='lat' dir='ltr'><strong>viden-</strong></span> 
     </span>
    </p>
   </div>
   <div class='ocr_carea' id='block_1_74' title="bbox 1814 2886 3394 2956">
    <p class='ocr_par' dir='ltr' id='par_1_74' title="bbox 1814 2886 3394 2956">
     <span class='ocr_line' id='line_1_74' title="bbox 1814 2886 3394 2956; baseline -0.001 -13"><span class='ocrx_word' id='word_1_636' title='bbox 1814 2898 1924 2954; x_wconf 91' lang='lat' dir='ltr'><strong>tur,</strong></span> <span class='ocrx_word' id='word_1_637' title='bbox 1957 2895 2014 2943; x_wconf 84' lang='lat' dir='ltr'><strong>ut</strong></span> <span class='ocrx_word' id='word_1_638' title='bbox 2064 2889 2302 2942; x_wconf 88' lang='lat' dir='ltr'><strong>sciamus</strong></span> <span class='ocrx_word' id='word_1_639' title='bbox 2354 2888 2421 2941; x_wconf 90' lang='lat' dir='ltr'><strong>ad</strong></span> <span class='ocrx_word' id='word_1_640' title='bbox 2455 2901 2635 2942; x_wconf 92' lang='lat' dir='ltr'><strong>mores</strong></span> <span class='ocrx_word' id='word_1_641' title='bbox 2683 2887 2944 2942; x_wconf 90' lang='lat' dir='ltr'><strong>reducere</strong></span> <span class='ocrx_word' id='word_1_642' title='bbox 2977 2901 3102 2956; x_wconf 69' lang='lat' dir='ltr'><strong>quae</strong></span> <span class='ocrx_word' id='word_1_643' title='bbox 3134 2886 3394 2943; x_wconf 89' lang='lat' dir='ltr'><strong>dicuntur</strong></span> 
     </span>
    </p>
   </div>
   <div class='ocr_carea' id='block_1_75' title="bbox 1811 2976 3394 3050">
    <p class='ocr_par' dir='ltr' id='par_1_75' title="bbox 1811 2976 3394 3050">
     <span class='ocr_line' id='line_1_75' title="bbox 1811 2976 3394 3050; baseline -0.001 -15"><span class='ocrx_word' id='word_1_644' title='bbox 1811 2981 1876 3035; x_wconf 91' lang='lat' dir='ltr'><strong>de</strong></span> <span class='ocrx_word' id='word_1_645' title='bbox 1931 2979 2204 3033; x_wconf 88' lang='lat' dir='ltr'><strong>lavatione</strong></span> <span class='ocrx_word' id='word_1_646' title='bbox 2253 2979 2471 3050; x_wconf 91' lang='lat' dir='ltr'><strong>pedum.</strong></span> <span class='ocrx_word' id='word_1_647' title='bbox 2506 2979 2631 3034; x_wconf 55' lang='lat' dir='ltr'><strong>Hac</strong></span> <span class='ocrx_word' id='word_1_648' title='bbox 2683 2976 2828 3032; x_wconf 90' lang='lat' dir='ltr'><strong>enim</strong></span> <span class='ocrx_word' id='word_1_649' title='bbox 2865 2979 3059 3044; x_wconf 87' lang='lat' dir='ltr'><strong>verba,</strong></span> <span class='ocrx_word' id='word_1_650' title='bbox 3123 2997 3142 3030; x_wconf 75' lang='grc' dir='ltr'><strong>ι</strong></span> <span class='ocrx_word' id='word_1_651' title='bbox 3177 2979 3234 3033; x_wconf 91' lang='lat' dir='ltr'><strong>Si</strong></span> <span class='ocrx_word' id='word_1_652' title='bbox 3275 2977 3394 3033; x_wconf 84' lang='lat' dir='ltr'><strong>haec</strong></span> 
     </span>
    </p>
   </div>
   <div class='ocr_carea' id='block_1_76' title="bbox 1811 3070 3393 3140">
    <p class='ocr_par' dir='ltr' id='par_1_76' title="bbox 1811 3070 3393 3140">
     <span class='ocr_line' id='line_1_76' title="bbox 1811 3070 3393 3140; baseline -0.003 -11"><span class='ocrx_word' id='word_1_653' title='bbox 1811 3074 2062 3140; x_wconf 83' lang='lat' dir='ltr'><strong>novistis,</strong></span> <span class='ocrx_word' id='word_1_654' title='bbox 2103 3072 2245 3126; x_wconf 88' lang='lat' dir='ltr'><strong>beati</strong></span> <span class='ocrx_word' id='word_1_655' title='bbox 2289 3073 2443 3140; x_wconf 88' lang='lat' dir='ltr'><strong>estis,</strong></span> <span class='ocrx_word' id='word_1_656' title='bbox 2469 3073 2513 3127; x_wconf 92' lang='lat' dir='ltr'><strong>si</strong></span> <span class='ocrx_word' id='word_1_657' title='bbox 2561 3071 2803 3127; x_wconf 84' lang='lat' dir='ltr'><strong>feceritis</strong></span> <span class='ocrx_word' id='word_1_658' title='bbox 2844 3086 2907 3126; x_wconf 89' lang='lat' dir='ltr'><strong>ea</strong></span> <span class='ocrx_word' id='word_1_659' title='bbox 2937 3070 3002 3134; x_wconf 78' lang='grc'>⁸⁸,</span> <span class='ocrx_word' id='word_1_660' title='bbox 3039 3089 3058 3122; x_wconf 70' lang='grc' dir='ltr'><strong>ι</strong></span> <span class='ocrx_word' id='word_1_661' title='bbox 3096 3087 3217 3126; x_wconf 93' lang='lat' dir='ltr'><strong>cum</strong></span> <span class='ocrx_word' id='word_1_662' title='bbox 3260 3071 3393 3126; x_wconf 92' lang='lat' dir='ltr'><strong>nihil</strong></span> 
     </span>
    </p>
   </div>
   <div class='ocr_carea' id='block_1_77' title="bbox 1808 3160 3391 3230">
    <p class='ocr_par' dir='ltr' id='par_1_77' title="bbox 1808 3160 3391 3230">
     <span class='ocr_line' id='line_1_77' title="bbox 1808 3160 3391 3230; baseline 0 -15"><span class='ocrx_word' id='word_1_663' title='bbox 1808 3171 1967 3216; x_wconf 90' lang='lat' dir='ltr'><strong>antea</strong></span> <span class='ocrx_word' id='word_1_664' title='bbox 2002 3160 2375 3230; x_wconf 71' lang='lat' dir='ltr'><strong>prarscriptum</strong></span> <span class='ocrx_word' id='word_1_665' title='bbox 2425 3161 2498 3215; x_wconf 89' lang='lat' dir='ltr'><strong>sit</strong></span> <span class='ocrx_word' id='word_1_666' title='bbox 2535 3160 2682 3230; x_wconf 90' lang='lat' dir='ltr'><strong>quod</strong></span> <span class='ocrx_word' id='word_1_667' title='bbox 2715 3175 2876 3230; x_wconf 86' lang='lat' dir='ltr'><strong>agere</strong></span> <span class='ocrx_word' id='word_1_668' title='bbox 2923 3160 3218 3215; x_wconf 86' lang='lat' dir='ltr'><strong>debeamus</strong></span> <span class='ocrx_word' id='word_1_669' title='bbox 3246 3176 3391 3230; x_wconf 78' lang='lat' dir='ltr'><strong>pra:-</strong></span> 
     </span>
    </p>
   </div>
   <div class='ocr_carea' id='block_1_78' title="bbox 1811 3251 3391 3322">
    <p class='ocr_par' dir='ltr' id='par_1_78' title="bbox 1811 3251 3391 3322">
     <span class='ocr_line' id='line_1_78' title="bbox 1811 3251 3391 3322; baseline -0.001 -16"><span class='ocrx_word' id='word_1_670' title='bbox 1811 3261 2056 3322; x_wconf 85' lang='lat' dir='ltr'><strong>terquam</strong></span> <span class='ocrx_word' id='word_1_671' title='bbox 2093 3254 2159 3308; x_wconf 91' lang='lat' dir='ltr'><strong>de</strong></span> <span class='ocrx_word' id='word_1_672' title='bbox 2201 3252 2404 3308; x_wconf 92' lang='lat' dir='ltr'><strong>lotione</strong></span> <span class='ocrx_word' id='word_1_673' title='bbox 2451 3252 2672 3321; x_wconf 89' lang='lat' dir='ltr'><strong>pedum,</strong></span> <span class='ocrx_word' id='word_1_674' title='bbox 2703 3252 2770 3306; x_wconf 85' lang='lat' dir='ltr'><strong>ad</strong></span> <span class='ocrx_word' id='word_1_675' title='bbox 2814 3251 2902 3306; x_wconf 89' lang='lat' dir='ltr'><strong>illa</strong></span> <span class='ocrx_word' id='word_1_676' title='bbox 2929 3251 3131 3308; x_wconf 89' lang='lat' dir='ltr'><strong>habent</strong></span> <span class='ocrx_word' id='word_1_677' title='bbox 3166 3252 3391 3306; x_wconf 87' lang='lat' dir='ltr'><strong>relatio-</strong></span> 
     </span>
    </p>
   </div>
   <div class='ocr_carea' id='block_1_79' title="bbox 1808 3342 3394 3414">
    <p class='ocr_par' dir='ltr' id='par_1_79' title="bbox 1808 3342 3394 3414">
     <span class='ocr_line' id='line_1_79' title="bbox 1808 3342 3394 3414; baseline -0.002 -13"><span class='ocrx_word' id='word_1_678' title='bbox 1808 3361 1952 3402; x_wconf 91' lang='lat' dir='ltr'><strong>nem.</strong></span> <span class='ocrx_word' id='word_1_679' title='bbox 1970 3345 2236 3401; x_wconf 75' lang='lat' dir='ltr'><strong>Caeterum</strong></span> <span class='ocrx_word' id='word_1_680' title='bbox 2269 3346 2552 3414; x_wconf 65' lang='lat' dir='ltr'><strong>praasentis</strong></span> <span class='ocrx_word' id='word_1_681' title='bbox 2576 3344 2678 3399; x_wconf 90' lang='lat' dir='ltr'><strong>loci</strong></span> <span class='ocrx_word' id='word_1_682' title='bbox 2702 3344 2979 3400; x_wconf 89' lang='lat' dir='ltr'><strong>doctrinas</strong></span> <span class='ocrx_word' id='word_1_683' title='bbox 3003 3344 3144 3400; x_wconf 83' lang='lat' dir='ltr'><strong>scire</strong></span> <span class='ocrx_word' id='word_1_684' title='bbox 3168 3353 3227 3398; x_wconf 89' lang='lat' dir='ltr'><strong>ut</strong></span> <span class='ocrx_word' id='word_1_685' title='bbox 3263 3342 3394 3400; x_wconf 88' lang='lat' dir='ltr'><strong>Ser-</strong></span> 
     </span>
    </p>
   </div>
   <div class='ocr_carea' id='block_1_80' title="bbox 1807 3437 3387 3505">
    <p class='ocr_par' dir='ltr' id='par_1_80' title="bbox 1807 3437 3387 3505">
     <span class='ocr_line' id='line_1_80' title="bbox 1807 3437 3387 3505; baseline -0.001 -12"><span class='ocrx_word' id='word_1_686' title='bbox 1807 3453 1896 3493; x_wconf 90' lang='lat' dir='ltr'><strong>mo</strong></span> <span class='ocrx_word' id='word_1_687' title='bbox 1941 3438 2076 3504; x_wconf 91' lang='lat' dir='ltr'><strong>vult,</strong></span> <span class='ocrx_word' id='word_1_688' title='bbox 2105 3449 2159 3493; x_wconf 89' lang='lat' dir='ltr'><strong>et</strong></span> <span class='ocrx_word' id='word_1_689' title='bbox 2198 3437 2380 3492; x_wconf 75' lang='lat' dir='ltr'><strong>facere</strong></span> <span class='ocrx_word' id='word_1_690' title='bbox 2432 3446 2491 3492; x_wconf 87' lang='lat' dir='ltr'><strong>ut</strong></span> <span class='ocrx_word' id='word_1_691' title='bbox 2525 3437 2638 3491; x_wconf 83' lang='lat' dir='ltr'><strong>vult</strong></span> <span class='ocrx_word' id='word_1_692' title='bbox 2665 3437 2859 3501; x_wconf 85' lang='lat' dir='ltr'><strong>Jesus,</strong></span> <span class='ocrx_word' id='word_1_693' title='bbox 2892 3450 3086 3505; x_wconf 89' lang='lat' dir='ltr'><strong>nempe</strong></span> <span class='ocrx_word' id='word_1_694' title='bbox 3110 3437 3387 3505; x_wconf 90' lang='lat' dir='ltr'><strong>quomodo</strong></span> 
     </span>
    </p>
   </div>
   <div class='ocr_carea' id='block_1_81' title="bbox 1806 3527 3387 3598">
    <p class='ocr_par' dir='ltr' id='par_1_81' title="bbox 1806 3527 3387 3598">
     <span class='ocr_line' id='line_1_81' title="bbox 1806 3527 3387 3598; baseline -0.001 -14"><span class='ocrx_word' id='word_1_695' title='bbox 1806 3528 2226 3598; x_wconf 89' lang='lat' dir='ltr'><strong>discipulorum,</strong></span> <span class='ocrx_word' id='word_1_696' title='bbox 2255 3529 2346 3598; x_wconf 90' lang='lat' dir='ltr'><strong>qui</strong></span> <span class='ocrx_word' id='word_1_697' title='bbox 2367 3529 2480 3598; x_wconf 90' lang='lat' dir='ltr'><strong>jam</strong></span> <span class='ocrx_word' id='word_1_698' title='bbox 2520 3527 2792 3592; x_wconf 88' lang='lat' dir='ltr'><strong>laverant,</strong></span> <span class='ocrx_word' id='word_1_699' title='bbox 2818 3529 2982 3598; x_wconf 87' lang='lat' dir='ltr'><strong>pedes</strong></span> <span class='ocrx_word' id='word_1_700' title='bbox 3008 3527 3387 3596; x_wconf 89' lang='lat' dir='ltr'><strong>inquinentur,</strong></span> 
     </span>
    </p>
   </div>
   <div class='ocr_carea' id='block_1_82' title="bbox 1803 3621 3389 3694">
    <p class='ocr_par' dir='ltr' id='par_1_82' title="bbox 1803 3621 3389 3694">
     <span class='ocr_line' id='line_1_82' title="bbox 1803 3621 3389 3694; baseline -0.003 -16"><span class='ocrx_word' id='word_1_701' title='bbox 1803 3632 1859 3678; x_wconf 90' lang='lat' dir='ltr'><strong>et</strong></span> <span class='ocrx_word' id='word_1_702' title='bbox 1892 3637 2125 3694; x_wconf 88' lang='lat' dir='ltr'><strong>quonam</strong></span> <span class='ocrx_word' id='word_1_703' title='bbox 2166 3635 2324 3692; x_wconf 83' lang='lat' dir='ltr'><strong>pacto</strong></span> <span class='ocrx_word' id='word_1_704' title='bbox 2374 3623 2647 3687; x_wconf 88' lang='lat' dir='ltr'><strong>laventur,</strong></span> <span class='ocrx_word' id='word_1_705' title='bbox 2676 3637 2804 3677; x_wconf 86' lang='lat' dir='ltr'><strong>vere</strong></span> <span class='ocrx_word' id='word_1_706' title='bbox 2854 3636 2991 3691; x_wconf 91' lang='lat' dir='ltr'><strong>opus</strong></span> <span class='ocrx_word' id='word_1_707' title='bbox 3034 3630 3116 3676; x_wconf 89' lang='lat' dir='ltr'><strong>est</strong></span> <span class='ocrx_word' id='word_1_708' title='bbox 3145 3621 3389 3676; x_wconf 87' lang='lat' dir='ltr'><strong>virorum</strong></span> 
     </span>
    </p>
   </div>
   <div class='ocr_carea' id='block_1_83' title="bbox 1805 3712 3366 3782">
    <p class='ocr_par' dir='ltr' id='par_1_83' title="bbox 1805 3712 3366 3782">
     <span class='ocr_line' id='line_1_83' title="bbox 1805 3712 3366 3782; baseline -0.004 -12"><span class='ocrx_word' id='word_1_709' title='bbox 1805 3713 2089 3770; x_wconf 87' lang='lat' dir='ltr'><strong>beatorum</strong></span> <span class='ocrx_word' id='word_1_710' title='bbox 2123 3713 2261 3769; x_wconf 90' lang='lat' dir='ltr'><strong>:hoc</strong></span> <span class='ocrx_word' id='word_1_711' title='bbox 2289 3713 2434 3768; x_wconf 88' lang='lat' dir='ltr'><strong>enim</strong></span> <span class='ocrx_word' id='word_1_712' title='bbox 2461 3712 2568 3768; x_wconf 90' lang='lat' dir='ltr'><strong>tale</strong></span> <span class='ocrx_word' id='word_1_713' title='bbox 2593 3721 2911 3782; x_wconf 88' lang='lat' dir='ltr'><strong>tantumque</strong></span> <span class='ocrx_word' id='word_1_714' title='bbox 2935 3725 3151 3773; x_wconf 81' lang='lat' dir='ltr'><strong>nomen,</strong></span> <span class='ocrx_word' id='word_1_715' title='bbox 3174 3722 3366 3780; x_wconf 85' lang='lat' dir='ltr'><strong>nempe</strong></span> 
     </span>
    </p>
   </div>
   <div class='ocr_carea' id='block_1_84' title="bbox 1805 3795 3391 3870">
    <p class='ocr_par' dir='ltr' id='par_1_84' title="bbox 1805 3795 3391 3870">
     <span class='ocr_line' id='line_1_84' title="bbox 1805 3795 3391 3870; baseline -0.007 -10"><span class='ocrx_word' id='word_1_716' title='bbox 1805 3806 2016 3860; x_wconf 86' lang='lat' dir='ltr'><strong>beatum</strong></span> <span class='ocrx_word' id='word_1_717' title='bbox 2036 3845 2052 3870; x_wconf 92' lang='lat'><strong>,</strong></span> <span class='ocrx_word' id='word_1_718' title='bbox 2085 3811 2511 3858; x_wconf 82' lang='lat' dir='ltr'><strong>consentaneum</strong></span> <span class='ocrx_word' id='word_1_719' title='bbox 2564 3816 2669 3855; x_wconf 91' lang='lat' dir='ltr'><strong>non</strong></span> <span class='ocrx_word' id='word_1_720' title='bbox 2704 3808 2788 3855; x_wconf 88' lang='lat' dir='ltr'><strong>est</strong></span> <span class='ocrx_word' id='word_1_721' title='bbox 2817 3799 2999 3853; x_wconf 89' lang='lat' dir='ltr'><strong>dicere</strong></span> <span class='ocrx_word' id='word_1_722' title='bbox 3049 3798 3241 3853; x_wconf 87' lang='lat' dir='ltr'><strong>adesse</strong></span> <span class='ocrx_word' id='word_1_723' title='bbox 3269 3795 3391 3866; x_wconf 88' lang='lat' dir='ltr'><strong>qui-</strong></span> 
     </span>
    </p>
   </div>
   <div class='ocr_carea' id='block_1_85' title="bbox 1801 3888 3390 3965">
    <p class='ocr_par' dir='ltr' id='par_1_85' title="bbox 1801 3888 3390 3965">
     <span class='ocr_line' id='line_1_85' title="bbox 1801 3888 3390 3965; baseline -0.009 -11"><span class='ocrx_word' id='word_1_724' title='bbox 1801 3897 2034 3954; x_wconf 86' lang='lat' dir='ltr'><strong>busdam</strong></span> <span class='ocrx_word' id='word_1_725' title='bbox 2061 3895 2416 3965; x_wconf 86' lang='lat' dir='ltr'><strong>vulgaribus;</strong></span> <span class='ocrx_word' id='word_1_726' title='bbox 2447 3892 2583 3948; x_wconf 89' lang='lat' dir='ltr'><strong>adeo</strong></span> <span class='ocrx_word' id='word_1_727' title='bbox 2611 3901 2670 3945; x_wconf 89' lang='lat' dir='ltr'><strong>ut</strong></span> <span class='ocrx_word' id='word_1_728' title='bbox 2697 3891 2780 3945; x_wconf 86' lang='lat' dir='ltr'><strong>vel</strong></span> <span class='ocrx_word' id='word_1_729' title='bbox 2809 3905 2971 3945; x_wconf 89' lang='lat' dir='ltr'><strong>servo</strong></span> <span class='ocrx_word' id='word_1_730' title='bbox 2995 3888 3197 3942; x_wconf 87' lang='lat' dir='ltr'><strong>lavanti</strong></span> <span class='ocrx_word' id='word_1_731' title='bbox 3225 3890 3390 3957; x_wconf 84' lang='lat' dir='ltr'><strong>pedes</strong></span> 
     </span>
    </p>
   </div>
   <div class='ocr_carea' id='block_1_86' title="bbox 1803 3978 3386 4046">
    <p class='ocr_par' dir='ltr' id='par_1_86' title="bbox 1803 3978 3386 4046">
     <span class='ocr_line' id='line_1_86' title="bbox 1803 3978 3386 4046; baseline -0.008 -2"><span class='ocrx_word' id='word_1_732' title='bbox 1803 3989 2008 4046; x_wconf 91' lang='lat' dir='ltr'><strong>domini</strong></span> <span class='ocrx_word' id='word_1_733' title='bbox 2029 3988 2281 4043; x_wconf 89' lang='lat' dir='ltr'><strong>videatur</strong></span> <span class='ocrx_word' id='word_1_734' title='bbox 2299 3986 2437 4039; x_wconf 87' lang='lat' dir='ltr'><strong>hanc</strong></span> <span class='ocrx_word' id='word_1_735' title='bbox 2467 3984 2537 4039; x_wconf 90' lang='lat' dir='ltr'><strong>ob</strong></span> <span class='ocrx_word' id='word_1_736' title='bbox 2555 3997 2776 4037; x_wconf 86' lang='lat' dir='ltr'><strong>causam</strong></span> <span class='ocrx_word' id='word_1_737' title='bbox 2811 3981 2953 4036; x_wconf 89' lang='lat' dir='ltr'><strong>beati</strong></span> <span class='ocrx_word' id='word_1_738' title='bbox 2981 3995 3178 4036; x_wconf 89' lang='lat' dir='ltr'><strong>nomen</strong></span> <span class='ocrx_word' id='word_1_739' title='bbox 3205 3978 3386 4035; x_wconf 89' lang='lat' dir='ltr'><strong>obtin—</strong></span> 
     </span>
    </p>
   </div>
   <div class='ocr_carea' id='block_1_87' title="bbox 1801 4073 3388 4153">
    <p class='ocr_par' dir='ltr' id='par_1_87' title="bbox 1801 4073 3388 4153">
     <span class='ocr_line' id='line_1_87' title="bbox 1801 4073 3388 4153; baseline -0.009 -15"><span class='ocrx_word' id='word_1_740' title='bbox 1801 4097 1951 4153; x_wconf 84' lang='lat' dir='ltr'><strong>gere,</strong></span> <span class='ocrx_word' id='word_1_741' title='bbox 1973 4080 2186 4136; x_wconf 88' lang='lat' dir='ltr'><strong>etiamsi</strong></span> <span class='ocrx_word' id='word_1_742' title='bbox 2205 4078 2456 4132; x_wconf 83' lang='lat' dir='ltr'><strong>adulator</strong></span> <span class='ocrx_word' id='word_1_743' title='bbox 2474 4085 2530 4131; x_wconf 91' lang='lat' dir='ltr'><strong>et</strong></span> <span class='ocrx_word' id='word_1_744' title='bbox 2545 4073 2829 4147; x_wconf 85' lang='lat' dir='ltr'><strong>hypocrita</strong></span> <span class='ocrx_word' id='word_1_745' title='bbox 2847 4073 3028 4139; x_wconf 85' lang='lat' dir='ltr'><strong>fuerit,</strong></span> <span class='ocrx_word' id='word_1_746' title='bbox 3047 4087 3196 4137; x_wconf 91' lang='lat' dir='ltr'><strong>cum,</strong></span> <span class='ocrx_word' id='word_1_747' title='bbox 3213 4081 3272 4124; x_wconf 92' lang='lat' dir='ltr'><strong>ut</strong></span> <span class='ocrx_word' id='word_1_748' title='bbox 3287 4086 3388 4125; x_wconf 91' lang='lat' dir='ltr'><strong>nos</strong></span> 
     </span>
    </p>
   </div>
   <div class='ocr_carea' id='block_1_88' title="bbox 1802 4164 3383 4245">
    <p class='ocr_par' dir='ltr' id='par_1_88' title="bbox 1802 4164 3383 4245">
     <span class='ocr_line' id='line_1_88' title="bbox 1802 4164 3383 4245; baseline -0.009 -13"><span class='ocrx_word' id='word_1_749' title='bbox 1802 4174 2217 4245; x_wconf 83' lang='lat' dir='ltr'><strong>explicavimus,</strong></span> <span class='ocrx_word' id='word_1_750' title='bbox 2248 4171 2429 4224; x_wconf 91' lang='lat' dir='ltr'><strong>lavare</strong></span> <span class='ocrx_word' id='word_1_751' title='bbox 2454 4169 2617 4239; x_wconf 87' lang='lat' dir='ltr'><strong>pedes</strong></span> <span class='ocrx_word' id='word_1_752' title='bbox 2640 4167 3025 4236; x_wconf 86' lang='lat' dir='ltr'><strong>discipulorum</strong></span> <span class='ocrx_word' id='word_1_753' title='bbox 3058 4164 3185 4221; x_wconf 80' lang='lat' dir='ltr'><strong>Jesu</strong></span> <span class='ocrx_word' id='word_1_754' title='bbox 3204 4165 3383 4235; x_wconf 83' lang='lat' dir='ltr'><strong>magni</strong></span> 
     </span>
    </p>
   </div>
   <div class='ocr_carea' id='block_1_89' title="bbox 1801 4257 3382 4338">
    <p class='ocr_par' dir='ltr' id='par_1_89' title="bbox 1801 4257 3382 4338">
     <span class='ocr_line' id='line_1_89' title="bbox 1801 4257 3382 4338; baseline -0.007 -15"><span class='ocrx_word' id='word_1_755' title='bbox 1801 4267 2084 4338; x_wconf 87' lang='lat' dir='ltr'><strong>cujusdam</strong></span> <span class='ocrx_word' id='word_1_756' title='bbox 2105 4266 2197 4328; x_wconf 87' lang='lat' dir='ltr'><strong>sit,</strong></span> <span class='ocrx_word' id='word_1_757' title='bbox 2213 4275 2266 4318; x_wconf 90' lang='lat' dir='ltr'><strong>et</strong></span> <span class='ocrx_word' id='word_1_758' title='bbox 2280 4262 2462 4318; x_wconf 85' lang='lat' dir='ltr'><strong>Jesum</strong></span> <span class='ocrx_word' id='word_1_759' title='bbox 2481 4262 2532 4314; x_wconf 93' lang='lat' dir='ltr'><strong>in</strong></span> <span class='ocrx_word' id='word_1_760' title='bbox 2554 4277 2610 4316; x_wconf 91' lang='lat' dir='ltr'><strong>se</strong></span> <span class='ocrx_word' id='word_1_761' title='bbox 2628 4261 2965 4326; x_wconf 87' lang='lat' dir='ltr'><strong>babentis,et</strong></span> <span class='ocrx_word' id='word_1_762' title='bbox 2979 4259 3204 4313; x_wconf 89' lang='lat' dir='ltr'><strong>omnino</strong></span> <span class='ocrx_word' id='word_1_763' title='bbox 3219 4257 3382 4312; x_wconf 70' lang='lat' dir='ltr'><strong>beati.</strong></span> 
     </span>
    </p>
   </div>
   <div class='ocr_carea' id='block_1_90' title="bbox 1802 4350 3383 4414">
    <p class='ocr_par' dir='ltr' id='par_1_90' title="bbox 1802 4350 3383 4414">
     <span class='ocr_line' id='line_1_90' title="bbox 1802 4350 3383 4414; baseline -0.007 -1"><span class='ocrx_word' id='word_1_764' title='bbox 1802 4359 1907 4414; x_wconf 90' lang='lat' dir='ltr'><strong>Sed</strong></span> <span class='ocrx_word' id='word_1_765' title='bbox 1939 4357 2178 4412; x_wconf 90' lang='lat' dir='ltr'><strong>sciamus</strong></span> <span class='ocrx_word' id='word_1_766' title='bbox 2201 4368 2428 4408; x_wconf 82' lang='lat' dir='ltr'><strong>necesse</strong></span> <span class='ocrx_word' id='word_1_767' title='bbox 2454 4361 2536 4407; x_wconf 90' lang='lat' dir='ltr'><strong>est</strong></span> <span class='ocrx_word' id='word_1_768' title='bbox 2553 4353 2753 4406; x_wconf 91' lang='lat' dir='ltr'><strong>similia</strong></span> <span class='ocrx_word' id='word_1_769' title='bbox 2773 4351 2898 4406; x_wconf 87' lang='lat' dir='ltr'><strong>huic</strong></span> <span class='ocrx_word' id='word_1_770' title='bbox 2922 4350 3093 4406; x_wconf 79' lang='lat' dir='ltr'><strong>textui</strong></span> <span class='ocrx_word' id='word_1_771' title='bbox 3121 4350 3302 4405; x_wconf 89' lang='lat' dir='ltr'><strong>inesse</strong></span> <span class='ocrx_word' id='word_1_772' title='bbox 3332 4351 3383 4403; x_wconf 93' lang='lat' dir='ltr'><strong>in</strong></span> 
     </span>
    </p>
   </div>
   <div class='ocr_carea' id='block_1_91' title="bbox 1801 4440 3382 4518">
    <p class='ocr_par' dir='ltr' id='par_1_91' title="bbox 1801 4440 3382 4518">
     <span class='ocr_line' id='line_1_91' title="bbox 1801 4440 3382 4518; baseline -0.006 -14"><span class='ocrx_word' id='word_1_773' title='bbox 1801 4447 2100 4518; x_wconf 83' lang='lat' dir='ltr'><strong>Evangelio</strong></span> <span class='ocrx_word' id='word_1_774' title='bbox 2117 4462 2146 4500; x_wconf 88' lang='lat' dir='ltr'><strong>a</strong></span> <span class='ocrx_word' id='word_1_775' title='bbox 2169 4445 2421 4499; x_wconf 72' lang='lat' dir='ltr'><strong>Mattham</strong></span> <span class='ocrx_word' id='word_1_776' title='bbox 2440 4443 2662 4511; x_wconf 87' lang='lat' dir='ltr'><strong>tradito;</strong></span> <span class='ocrx_word' id='word_1_777' title='bbox 2689 4444 2768 4498; x_wconf 91' lang='lat' dir='ltr'><strong>sic</strong></span> <span class='ocrx_word' id='word_1_778' title='bbox 2787 4443 2931 4498; x_wconf 87' lang='lat' dir='ltr'><strong>enim</strong></span> <span class='ocrx_word' id='word_1_779' title='bbox 2949 4442 3170 4497; x_wconf 80' lang='lat' dir='ltr'><strong>habet&quot;</strong></span> <span class='ocrx_word' id='word_1_780' title='bbox 3195 4461 3207 4496; x_wconf 93' lang='lat'><strong>:</strong></span> <span class='ocrx_word' id='word_1_781' title='bbox 3237 4440 3382 4495; x_wconf 69' lang='lat' dir='ltr'><strong>«Non</strong></span> 
     </span>
    </p>
   </div>
   <div class='ocr_carea' id='block_1_92' title="bbox 1801 4537 3382 4609">
    <p class='ocr_par' dir='ltr' id='par_1_92' title="bbox 1801 4537 3382 4609">
     <span class='ocr_line' id='line_1_92' title="bbox 1801 4537 3382 4609; baseline -0.005 -14"><span class='ocrx_word' id='word_1_782' title='bbox 1801 4550 1883 4596; x_wconf 88' lang='lat' dir='ltr'><strong>est</strong></span> <span class='ocrx_word' id='word_1_783' title='bbox 1899 4537 2194 4609; x_wconf 89' lang='lat' dir='ltr'><strong>discipulus</strong></span> <span class='ocrx_word' id='word_1_784' title='bbox 2211 4551 2372 4606; x_wconf 89' lang='lat' dir='ltr'><strong>supra</strong></span> <span class='ocrx_word' id='word_1_785' title='bbox 2393 4543 2780 4605; x_wconf 81' lang='lat' dir='ltr'><strong>praeceptorem</strong></span> <span class='ocrx_word' id='word_1_786' title='bbox 2793 4577 2807 4601; x_wconf 88' lang='lat'><strong>,</strong></span> <span class='ocrx_word' id='word_1_787' title='bbox 2829 4547 3002 4603; x_wconf 88' lang='lat' dir='ltr'><strong>neque</strong></span> <span class='ocrx_word' id='word_1_788' title='bbox 3015 4547 3208 4589; x_wconf 79' lang='lat' dir='ltr'><strong>servus</strong></span> <span class='ocrx_word' id='word_1_789' title='bbox 3222 4547 3382 4603; x_wconf 88' lang='lat' dir='ltr'><strong>supra</strong></span> 
     </span>
    </p>
   </div>
   <div class='ocr_carea' id='block_1_93' title="bbox 1801 4623 3385 4696">
    <p class='ocr_par' dir='ltr' id='par_1_93' title="bbox 1801 4623 3385 4696">
     <span class='ocr_line' id='line_1_93' title="bbox 1801 4623 3385 4696; baseline -0.007 -7"><span class='ocrx_word' id='word_1_790' title='bbox 1801 4633 2253 4689; x_wconf 90' lang='lat' dir='ltr'><strong>dominumsuum</strong></span> <span class='ocrx_word' id='word_1_791' title='bbox 2279 4646 2294 4695; x_wconf 86' lang='lat'><strong>;</strong></span> <span class='ocrx_word' id='word_1_792' title='bbox 2327 4625 2530 4681; x_wconf 84' lang='lat' dir='ltr'><strong>sufficit</strong></span> <span class='ocrx_word' id='word_1_793' title='bbox 2559 4625 2830 4696; x_wconf 90' lang='lat' dir='ltr'><strong>discipulo</strong></span> <span class='ocrx_word' id='word_1_794' title='bbox 2850 4625 3002 4679; x_wconf 90' lang='lat' dir='ltr'><strong>utsit</strong></span> <span class='ocrx_word' id='word_1_795' title='bbox 3033 4623 3229 4680; x_wconf 90' lang='lat' dir='ltr'><strong>similis</strong></span> <span class='ocrx_word' id='word_1_796' title='bbox 3246 4639 3385 4695; x_wconf 75' lang='lat' dir='ltr'><strong>pra:-</strong></span> 
     </span>
    </p>
   </div>
   <div class='ocr_carea' id='block_1_94' title="bbox 1801 4718 3378 4797">
    <p class='ocr_par' dir='ltr' id='par_1_94' title="bbox 1801 4718 3378 4797">
     <span class='ocr_line' id='line_1_94' title="bbox 1801 4718 3378 4797; baseline -0.007 -16"><span class='ocrx_word' id='word_1_797' title='bbox 1801 4725 2038 4797; x_wconf 89' lang='lat' dir='ltr'><strong>ceptoris</strong></span> <span class='ocrx_word' id='word_1_798' title='bbox 2072 4723 2261 4794; x_wconf 90' lang='lat' dir='ltr'><strong>ipsius,</strong></span> <span class='ocrx_word' id='word_1_799' title='bbox 2299 4730 2352 4776; x_wconf 91' lang='lat' dir='ltr'><strong>et</strong></span> <span class='ocrx_word' id='word_1_800' title='bbox 2375 4730 2431 4774; x_wconf 92' lang='lat' dir='ltr'><strong>ut</strong></span> <span class='ocrx_word' id='word_1_801' title='bbox 2462 4735 2657 4776; x_wconf 89' lang='lat' dir='ltr'><strong>servus</strong></span> <span class='ocrx_word' id='word_1_802' title='bbox 2691 4718 2884 4774; x_wconf 89' lang='lat' dir='ltr'><strong>similis</strong></span> <span class='ocrx_word' id='word_1_803' title='bbox 2903 4719 3107 4773; x_wconf 88' lang='lat' dir='ltr'><strong>domini</strong></span> <span class='ocrx_word' id='word_1_804' title='bbox 3133 4719 3325 4788; x_wconf 86' lang='lat' dir='ltr'><strong>ipsius.</strong></span> <span class='ocrx_word' id='word_1_805' title='bbox 3357 4736 3378 4770; x_wconf 78' lang='grc' dir='ltr'><strong>ι</strong></span> 
     </span>
    </p>
   </div>
   <div class='ocr_carea' id='block_1_95' title="bbox 1799 4811 3379 4881">
    <p class='ocr_par' dir='ltr' id='par_1_95' title="bbox 1799 4811 3379 4881">
     <span class='ocr_line' id='line_1_95' title="bbox 1799 4811 3379 4881; baseline -0.005 -7"><span class='ocrx_word' id='word_1_806' title='bbox 1799 4820 1976 4874; x_wconf 91' lang='lat' dir='ltr'><strong>Lucas</strong></span> <span class='ocrx_word' id='word_1_807' title='bbox 1990 4831 2119 4872; x_wconf 91' lang='lat' dir='ltr'><strong>vero</strong></span> <span class='ocrx_word' id='word_1_808' title='bbox 2138 4815 2217 4870; x_wconf 91' lang='lat' dir='ltr'><strong>sic</strong></span> <span class='ocrx_word' id='word_1_809' title='bbox 2234 4813 2398 4868; x_wconf 88' lang='lat' dir='ltr'><strong>habet</strong></span> <span class='ocrx_word' id='word_1_810' title='bbox 2421 4831 2433 4866; x_wconf 94' lang='lat'>:</span> <span class='ocrx_word' id='word_1_811' title='bbox 2461 4811 2606 4867; x_wconf 70' lang='lat' dir='ltr'><strong>«Non</strong></span> <span class='ocrx_word' id='word_1_812' title='bbox 2624 4825 2706 4869; x_wconf 74' lang='lat' dir='ltr'><strong>e31</strong></span> <span class='ocrx_word' id='word_1_813' title='bbox 2728 4811 3026 4881; x_wconf 89' lang='lat' dir='ltr'><strong>discipulus</strong></span> <span class='ocrx_word' id='word_1_814' title='bbox 3049 4827 3212 4881; x_wconf 86' lang='lat' dir='ltr'><strong>supra</strong></span> <span class='ocrx_word' id='word_1_815' title='bbox 3236 4825 3379 4881; x_wconf 73' lang='lat' dir='ltr'><strong>prae-</strong></span> 
     </span>
    </p>
   </div>
   <div class='ocr_carea' id='block_1_96' title="bbox 143 4895 1693 5004">
    <p class='ocr_par' dir='ltr' id='par_1_96' title="bbox 143 4895 1693 4987">
     <span class='ocr_line' id='line_1_96' title="bbox 143 4895 1693 4987; baseline 0.015 -38"><span class='ocrx_word' id='word_1_816' title='bbox 143 4895 195 4949; x_wconf 83' lang='grc' dir='ltr'>δὲ</span> <span class='ocrx_word' id='word_1_817' title='bbox 218 4902 316 4964; x_wconf 81' lang='grc' dir='ltr'>πᾶς</span> <span class='ocrx_word' id='word_1_818' title='bbox 347 4902 484 4957; x_wconf 78' lang='grc' dir='ltr'>ἔστω</span> <span class='ocrx_word' id='word_1_819' title='bbox 529 4905 605 4969; x_wconf 87' lang='grc' dir='ltr'>ὠς</span> <span class='ocrx_word' id='word_1_820' title='bbox 639 4908 667 4959; x_wconf 90' lang='grc' dir='ltr'>ὁ</span> <span class='ocrx_word' id='word_1_821' title='bbox 697 4908 1014 4976; x_wconf 86' lang='grc' dir='ltr'>διδάσκαλος</span> <span class='ocrx_word' id='word_1_822' title='bbox 1059 4912 1247 4968; x_wconf 84' lang='grc' dir='ltr'>αὐτοῦ.</span> <span class='ocrx_word' id='word_1_823' title='bbox 1302 4934 1320 4965; x_wconf 73' lang='grc' dir='ltr'><strong>ι</strong></span> <span class='ocrx_word' id='word_1_824' title='bbox 1380 4895 1552 4987; x_wconf 33' lang='grc' dir='ltr'>Ἑξῆς-</span> <span class='ocrx_word' id='word_1_825' title='bbox 1572 4920 1693 4971; x_wconf 86' lang='grc' dir='ltr'>τού-</span> 
     </span>
    </p>
   </div>
   <div class='ocr_carea' id='block_1_97' title="bbox 1866 4895 3380 5004">
    <p class='ocr_par' dir='ltr' id='par_1_97' title="bbox 1871 4905 3380 4981">
     <span class='ocr_line' id='line_1_97' title="bbox 1871 4905 3380 4981; baseline -0.005 -14"><span class='ocrx_word' id='word_1_826' title='bbox 1871 4921 2080 4981; x_wconf 88' lang='lat' dir='ltr'><strong>ptorem</strong></span> <span class='ocrx_word' id='word_1_827' title='bbox 2104 4923 2262 4964; x_wconf 89' lang='lat' dir='ltr'><strong>suum</strong></span> <span class='ocrx_word' id='word_1_828' title='bbox 2286 4926 2301 4974; x_wconf 90' lang='lat'><strong>;</strong></span> <span class='ocrx_word' id='word_1_829' title='bbox 2335 4906 2612 4976; x_wconf 88' lang='lat' dir='ltr'><strong>perfectus</strong></span> <span class='ocrx_word' id='word_1_830' title='bbox 2637 4915 2815 4960; x_wconf 88' lang='lat' dir='ltr'><strong>autem</strong></span> <span class='ocrx_word' id='word_1_831' title='bbox 2846 4905 3026 4961; x_wconf 89' lang='lat' dir='ltr'><strong>omnis</strong></span> <span class='ocrx_word' id='word_1_832' title='bbox 3051 4906 3158 4960; x_wconf 87' lang='lat' dir='ltr'><strong>erit</strong></span> <span class='ocrx_word' id='word_1_833' title='bbox 3184 4905 3380 4960; x_wconf 90' lang='lat' dir='ltr'><strong>similis</strong></span> 
     </span>
    </p>
   </div>
   <div class='ocr_carea' id='block_1_98' title="bbox 149 4991 1693 5080">
    <p class='ocr_par' dir='ltr' id='par_1_98' title="bbox 149 4991 1693 5080">
     <span class='ocr_line' id='line_1_98' title="bbox 149 4991 1693 5080; baseline 0.012 -36"><span class='ocrx_word' id='word_1_834' title='bbox 149 5004 219 5080; x_wconf 63' lang='grc' dir='ltr'><strong>τῳ</strong></span> <span class='ocrx_word' id='word_1_835' title='bbox 249 4991 357 5063; x_wconf 73' lang='grc'><strong>(55)</strong></span> <span class='ocrx_word' id='word_1_836' title='bbox 397 4994 510 5049; x_wconf 76' lang='grc' dir='ltr'>ἐστι</span> <span class='ocrx_word' id='word_1_837' title='bbox 543 4998 774 5069; x_wconf 77' lang='grc' dir='ltr'>ζητῆσαι</span> <span class='ocrx_word' id='word_1_838' title='bbox 803 5002 898 5067; x_wconf 85' lang='grc' dir='ltr'><strong>τὸ,</strong></span> <span class='ocrx_word' id='word_1_839' title='bbox 934 5022 953 5055; x_wconf 81' lang='grc' dir='ltr'><strong>ι</strong></span> <span class='ocrx_word' id='word_1_840' title='bbox 999 5005 1074 5058; x_wconf 82' lang='grc' dir='ltr'><strong>Οὐ</strong></span> <span class='ocrx_word' id='word_1_841' title='bbox 1113 5006 1240 5077; x_wconf 75' lang='grc' dir='ltr'>περὶ</span> <span class='ocrx_word' id='word_1_842' title='bbox 1286 5007 1502 5061; x_wconf 87' lang='grc' dir='ltr'>πάντων</span> <span class='ocrx_word' id='word_1_843' title='bbox 1543 5010 1693 5080; x_wconf 85' lang='grc' dir='ltr'>ὑμῶν</span> 
     </span>
    </p>
   </div>
   <div class='ocr_carea' id='block_1_99' title="bbox 1866 4991 3376 5080">
    <p class='ocr_par' dir='ltr' id='par_1_99' title="bbox 1866 4999 3376 5074">
     <span class='ocr_line' id='line_1_99' title="bbox 1866 4999 3376 5074; baseline -0.003 -15"><span class='ocrx_word' id='word_1_844' title='bbox 1866 5003 2151 5074; x_wconf 68' lang='lat' dir='ltr'><strong>acceptoris</strong></span> <span class='ocrx_word' id='word_1_845' title='bbox 2173 5001 2344 5072; x_wconf 88' lang='lat' dir='ltr'><strong>ipsius</strong></span> <span class='ocrx_word' id='word_1_846' title='bbox 2365 5001 2431 5056; x_wconf 83' lang='grc' dir='ltr'>³ο.</span> <span class='ocrx_word' id='word_1_847' title='bbox 2464 5018 2482 5051; x_wconf 76' lang='grc' dir='ltr'><strong>ι</strong></span> <span class='ocrx_word' id='word_1_848' title='bbox 2520 4999 2655 5054; x_wconf 71' lang='lat' dir='ltr'><strong>Huic</strong></span> <span class='ocrx_word' id='word_1_849' title='bbox 2681 5001 2987 5068; x_wconf 88' lang='lat' dir='ltr'><strong>proximum</strong></span> <span class='ocrx_word' id='word_1_850' title='bbox 3015 5008 3118 5064; x_wconf 91' lang='lat' dir='ltr'><strong>est,</strong></span> <span class='ocrx_word' id='word_1_851' title='bbox 3147 5008 3376 5068; x_wconf 77' lang='lat' dir='ltr'><strong>utquze-</strong></span> 
     </span>
    </p>
   </div>
   <div class='ocr_carea' id='block_1_100' title="bbox 148 5078 1699 5175">
    <p class='ocr_par' dir='ltr' id='par_1_100' title="bbox 148 5078 1699 5175">
     <span class='ocr_line' id='line_1_100' title="bbox 148 5078 1699 5175; baseline 0.016 -41"><span class='ocrx_word' id='word_1_852' title='bbox 148 5078 324 5151; x_wconf 83' lang='grc' dir='ltr'>λέγω,›</span> <span class='ocrx_word' id='word_1_853' title='bbox 341 5086 431 5141; x_wconf 76' lang='grc' dir='ltr'><strong>ἐπὶ</strong></span> <span class='ocrx_word' id='word_1_854' title='bbox 446 5089 497 5140; x_wconf 88' lang='grc' dir='ltr'><strong>τί</strong></span> <span class='ocrx_word' id='word_1_855' title='bbox 516 5090 834 5164; x_wconf 86' lang='grc' dir='ltr'>λελεγμένον</span> <span class='ocrx_word' id='word_1_856' title='bbox 863 5096 1167 5169; x_wconf 86' lang='grc' dir='ltr'>ἀνοίσομεν.</span> <span class='ocrx_word' id='word_1_857' title='bbox 1187 5101 1244 5153; x_wconf 84' lang='grc' dir='ltr'>ὐ</span> <span class='ocrx_word' id='word_1_858' title='bbox 1268 5100 1364 5171; x_wconf 83' lang='grc' dir='ltr'><strong>μὲν</strong></span> <span class='ocrx_word' id='word_1_859' title='bbox 1385 5096 1476 5154; x_wconf 76' lang='grc' dir='ltr'>οὖν</span> <span class='ocrx_word' id='word_1_860' title='bbox 1494 5078 1699 5175; x_wconf 79' lang='grc' dir='ltr'>τιςφὴ-</span> 
     </span>
    </p>
   </div>
   <div class='ocr_carea' id='block_1_101' title="bbox 152 5177 1691 5264">
    <p class='ocr_par' dir='ltr' id='par_1_101' title="bbox 152 5177 1691 5264">
     <span class='ocr_line' id='line_1_101' title="bbox 152 5177 1691 5264; baseline 0.014 -39"><span class='ocrx_word' id='word_1_861' title='bbox 152 5189 224 5264; x_wconf 83' lang='grc' dir='ltr'><strong>σει</strong></span> <span class='ocrx_word' id='word_1_862' title='bbox 245 5177 346 5248; x_wconf 68' lang='grc'><strong>(54)</strong></span> <span class='ocrx_word' id='word_1_863' title='bbox 365 5180 455 5232; x_wconf 72' lang='grc' dir='ltr'><strong>ἐπὶ</strong></span> <span class='ocrx_word' id='word_1_864' title='bbox 477 5181 563 5235; x_wconf 76' lang='grc' dir='ltr'>τόο</span> <span class='ocrx_word' id='word_1_865' title='bbox 602 5203 621 5236; x_wconf 75' lang='grc' dir='ltr'><strong>ι</strong></span> <span class='ocrx_word' id='word_1_866' title='bbox 657 5186 932 5259; x_wconf 76' lang='grc' dir='ltr'>Μακάριοι</span> <span class='ocrx_word' id='word_1_867' title='bbox 965 5191 1107 5256; x_wconf 84' lang='grc' dir='ltr'>ὲστε,</span> <span class='ocrx_word' id='word_1_868' title='bbox 1134 5191 1227 5246; x_wconf 76' lang='grc' dir='ltr'><strong>ἐὰν</strong></span> <span class='ocrx_word' id='word_1_869' title='bbox 1256 5193 1445 5264; x_wconf 86' lang='grc' dir='ltr'>ποιῆτε</span> <span class='ocrx_word' id='word_1_870' title='bbox 1471 5195 1630 5247; x_wconf 79' lang='grc' dir='ltr'>αὑτά·</span> <span class='ocrx_word' id='word_1_871' title='bbox 1672 5214 1691 5246; x_wconf 76' lang='grc' dir='ltr'><strong>ι</strong></span> 
     </span>
    </p>
   </div>
   <div class='ocr_carea' id='block_1_102' title="bbox 150 5263 1694 5350">
    <p class='ocr_par' dir='ltr' id='par_1_102' title="bbox 150 5263 1694 5350">
     <span class='ocr_line' id='line_1_102' title="bbox 150 5263 1694 5350; baseline 0.012 -34"><span class='ocrx_word' id='word_1_872' title='bbox 150 5263 204 5316; x_wconf 73' lang='grc' dir='ltr'>οὐ</span> <span class='ocrx_word' id='word_1_873' title='bbox 240 5266 341 5339; x_wconf 80' lang='grc' dir='ltr'>γὰρ</span> <span class='ocrx_word' id='word_1_874' title='bbox 373 5271 637 5343; x_wconf 82' lang='grc' dir='ltr'>μακάριος</span> <span class='ocrx_word' id='word_1_875' title='bbox 693 5275 910 5341; x_wconf 85' lang='grc' dir='ltr'>Ἰούδας.</span> <span class='ocrx_word' id='word_1_876' title='bbox 961 5278 1034 5330; x_wconf 82' lang='grc' dir='ltr'><strong>Οὐ</strong></span> <span class='ocrx_word' id='word_1_877' title='bbox 1081 5279 1286 5350; x_wconf 79' lang='grc' dir='ltr'>νομίζω</span> <span class='ocrx_word' id='word_1_878' title='bbox 1310 5279 1367 5332; x_wconf 88' lang='grc' dir='ltr'>δὲ</span> <span class='ocrx_word' id='word_1_879' title='bbox 1395 5280 1562 5349; x_wconf 89' lang='grc' dir='ltr'>ὑγιῶς</span> <span class='ocrx_word' id='word_1_880' title='bbox 1601 5281 1694 5334; x_wconf 72' lang='grc' dir='ltr'>ἐπὶ</span> 
     </span>
    </p>
   </div>
   <div class='ocr_carea' id='block_1_103' title="bbox 215 5384 803 5457">
    <p class='ocr_par' dir='ltr' id='par_1_103' title="bbox 215 5384 803 5457">
     <span class='ocr_line' id='line_1_103' title="bbox 215 5384 803 5457; baseline 0.019 -18"><span class='ocrx_word' id='word_1_881' title='bbox 215 5384 255 5414; x_wconf 77' lang='grc'><strong>’⁸</strong></span> <span class='ocrx_word' id='word_1_882' title='bbox 279 5384 435 5457; x_wconf 64' lang='grc' dir='ltr'><strong>ιιικιιι.Δ</strong></span> <span class='ocrx_word' id='word_1_883' title='bbox 460 5405 576 5456; x_wconf 83' lang='lat' dir='ltr'><strong>xm,</strong></span> <span class='ocrx_word' id='word_1_884' title='bbox 601 5389 664 5443; x_wconf 69' lang='grc'><strong>14</strong></span> <span class='ocrx_word' id='word_1_885' title='bbox 685 5392 803 5457; x_wconf 75' lang='lat'><strong>,15.</strong></span> 
     </span>
    </p>
   </div>
   <div class='ocr_carea' id='block_1_104' title="bbox 156 5456 372 5516">
    <p class='ocr_par' dir='ltr' id='par_1_104' title="bbox 156 5456 372 5516">
     <span class='ocr_line' id='line_1_104' title="bbox 156 5456 372 5516; baseline 0.042 -14"><span class='ocrx_word' id='word_1_886' title='bbox 156 5465 262 5516; x_wconf 80' lang='lat' dir='ltr'><strong>xnt,</strong></span> <span class='ocrx_word' id='word_1_887' title='bbox 291 5456 372 5510; x_wconf 83' lang='grc'><strong>1-8.</strong></span> 
     </span>
    </p>
   </div>
   <div class='ocr_carea' id='block_1_105' title="bbox 219 5543 1696 5630">
    <p class='ocr_par' dir='ltr' id='par_1_105' title="bbox 219 5543 1696 5630">
     <span class='ocr_line' id='line_1_105' title="bbox 219 5543 1696 5630; baseline 0.006 -34"><span class='ocrx_word' id='word_1_888' title='bbox 219 5543 321 5630; x_wconf 56' lang='grc'><strong>(29)</strong></span> <span class='ocrx_word' id='word_1_889' title='bbox 362 5546 482 5601; x_wconf 86' lang='grc' dir='ltr'>Τῶν</span> <span class='ocrx_word' id='word_1_890' title='bbox 501 5549 587 5630; x_wconf 51' lang='lat' dir='ltr'><strong>pf]</strong></span> <span class='ocrx_word' id='word_1_891' title='bbox 643 5545 1028 5614; x_wconf 74' lang='grc' dir='ltr'>συνειδότων.</span> <span class='ocrx_word' id='word_1_892' title='bbox 1068 5545 1436 5610; x_wconf 72' lang='grc' dir='ltr'>δοιίὺοηάιιιιι</span> <span class='ocrx_word' id='word_1_893' title='bbox 1483 5549 1696 5605; x_wconf 89' lang='lat' dir='ltr'><strong>videtur</strong></span> 
     </span>
    </p>
   </div>
   <div class='ocr_carea' id='block_1_106' title="bbox 156 5609 649 5684">
    <p class='ocr_par' dir='ltr' id='par_1_106' title="bbox 156 5609 649 5684">
     <span class='ocr_line' id='line_1_106' title="bbox 156 5609 649 5684; baseline 0.01 -16"><span class='ocrx_word' id='word_1_894' title='bbox 156 5609 256 5684; x_wconf 43' lang='grc' dir='ltr'>τδνᾷ</span> <span class='ocrx_word' id='word_1_895' title='bbox 267 5609 336 5684; x_wconf 78' lang='grc' dir='ltr'>μὴ</span> <span class='ocrx_word' id='word_1_896' title='bbox 362 5633 482 5670; x_wconf 83' lang='grc' dir='ltr'>συνε</span> <span class='ocrx_word' id='word_1_897' title='bbox 490 5609 649 5673; x_wconf 75' lang='grc' dir='ltr'>ιδότα.</span> 
     </span>
    </p>
   </div>
   <div class='ocr_carea' id='block_1_107' title="bbox 101 5681 1062 5758">
    <p class='ocr_par' dir='ltr' id='par_1_107' title="bbox 101 5681 1062 5758">
     <span class='ocr_line' id='line_1_107' title="bbox 101 5681 1062 5758; baseline -0.014 -4"><span class='ocrx_word' id='word_1_898' title='bbox 101 5731 113 5754; x_wconf 87' lang='grc' dir='ltr'><strong>ι</strong></span> <span class='ocrx_word' id='word_1_899' title='bbox 221 5681 517 5758; x_wconf 40' lang='grc' dir='ltr'>(ἷψὶὲοίιει</span> <span class='ocrx_word' id='word_1_900' title='bbox 556 5690 775 5758; x_wconf 67' lang='lat' dir='ltr'><strong>Regius,</strong></span> <span class='ocrx_word' id='word_1_901' title='bbox 807 5689 908 5758; x_wconf 84' lang='grc' dir='ltr'><strong>δρα</strong></span> <span class='ocrx_word' id='word_1_902' title='bbox 939 5704 1062 5742; x_wconf 89' lang='grc' dir='ltr'>που.</span> 
     </span>
    </p>
   </div>
   <div class='ocr_carea' id='block_1_108' title="bbox 225 5752 1608 5835">
    <p class='ocr_par' dir='ltr' id='par_1_108' title="bbox 225 5752 1608 5835">
     <span class='ocr_line' id='line_1_108' title="bbox 225 5752 1608 5835; baseline 0.004 -22"><span class='ocrx_word' id='word_1_903' title='bbox 225 5752 327 5826; x_wconf 72' lang='lat'><strong>(51.)</strong></span> <span class='ocrx_word' id='word_1_904' title='bbox 356 5754 527 5814; x_wconf 82' lang='lat' dir='ltr'><strong>Codex</strong></span> <span class='ocrx_word' id='word_1_905' title='bbox 555 5752 774 5830; x_wconf 72' lang='lat' dir='ltr'><strong>Regius,</strong></span> <span class='ocrx_word' id='word_1_906' title='bbox 802 5752 1027 5831; x_wconf 80' lang='grc' dir='ltr'>τρώγων</span> <span class='ocrx_word' id='word_1_907' title='bbox 1057 5757 1148 5814; x_wconf 86' lang='grc' dir='ltr'><strong>τὸν</strong></span> <span class='ocrx_word' id='word_1_908' title='bbox 1178 5759 1360 5832; x_wconf 81' lang='grc' dir='ltr'>ἄρτον,</span> <span class='ocrx_word' id='word_1_909' title='bbox 1386 5761 1608 5835; x_wconf 73' lang='grc' dir='ltr'>ἐπῆρεν.</span> 
     </span>
    </p>
   </div>
   <div class='ocr_carea' id='block_1_109' title="bbox 1806 5090 3374 5164">
    <p class='ocr_par' dir='ltr' id='par_1_109' title="bbox 1806 5090 3374 5164">
     <span class='ocr_line' id='line_1_109' title="bbox 1806 5090 3374 5164; baseline -0.006 -12"><span class='ocrx_word' id='word_1_910' title='bbox 1806 5110 1989 5152; x_wconf 89' lang='lat' dir='ltr'><strong>ramus</strong></span> <span class='ocrx_word' id='word_1_911' title='bbox 2038 5093 2106 5149; x_wconf 90' lang='lat' dir='ltr'><strong>ad</strong></span> <span class='ocrx_word' id='word_1_912' title='bbox 2137 5093 2265 5164; x_wconf 90' lang='lat' dir='ltr'><strong>quid</strong></span> <span class='ocrx_word' id='word_1_913' title='bbox 2295 5092 2596 5147; x_wconf 85' lang='lat' dir='ltr'><strong>referemus</strong></span> <span class='ocrx_word' id='word_1_914' title='bbox 2628 5091 2680 5145; x_wconf 89' lang='lat' dir='ltr'><strong>id</strong></span> <span class='ocrx_word' id='word_1_915' title='bbox 2727 5092 2868 5159; x_wconf 91' lang='lat' dir='ltr'><strong>quod</strong></span> <span class='ocrx_word' id='word_1_916' title='bbox 2904 5091 2955 5146; x_wconf 90' lang='lat' dir='ltr'><strong>in</strong></span> <span class='ocrx_word' id='word_1_917' title='bbox 2992 5092 3098 5146; x_wconf 86' lang='lat' dir='ltr'><strong>line</strong></span> <span class='ocrx_word' id='word_1_918' title='bbox 3127 5090 3330 5145; x_wconf 81' lang='lat' dir='ltr'><strong>dicitur</strong></span> <span class='ocrx_word' id='word_1_919' title='bbox 3360 5105 3374 5143; x_wconf 90' lang='lat'><strong>:</strong></span> 
     </span>
    </p>
   </div>
   <div class='ocr_carea' id='block_1_110' title="bbox 1809 5182 3378 5252">
    <p class='ocr_par' dir='ltr' id='par_1_110' title="bbox 1809 5182 3378 5252">
     <span class='ocr_line' id='line_1_110' title="bbox 1809 5182 3378 5252; baseline -0.004 -9"><span class='ocrx_word' id='word_1_920' title='bbox 1809 5209 1828 5242; x_wconf 79' lang='grc' dir='ltr'><strong>ι</strong></span> <span class='ocrx_word' id='word_1_921' title='bbox 1856 5188 1972 5243; x_wconf 88' lang='lat' dir='ltr'><strong>Non</strong></span> <span class='ocrx_word' id='word_1_922' title='bbox 2018 5187 2085 5241; x_wconf 89' lang='lat' dir='ltr'><strong>de</strong></span> <span class='ocrx_word' id='word_1_923' title='bbox 2123 5185 2376 5240; x_wconf 91' lang='lat' dir='ltr'><strong>omnibus</strong></span> <span class='ocrx_word' id='word_1_924' title='bbox 2423 5184 2576 5239; x_wconf 85' lang='lat' dir='ltr'><strong>vobis</strong></span> <span class='ocrx_word' id='word_1_925' title='bbox 2630 5183 2752 5239; x_wconf 92' lang='lat' dir='ltr'><strong>dico</strong></span> <span class='ocrx_word' id='word_1_926' title='bbox 2777 5185 2844 5238; x_wconf 77' lang='lat'><strong>“.</strong></span> <span class='ocrx_word' id='word_1_927' title='bbox 2877 5202 2898 5236; x_wconf 73' lang='grc' dir='ltr'><strong>ι</strong></span> <span class='ocrx_word' id='word_1_928' title='bbox 2955 5184 3135 5252; x_wconf 86' lang='lat' dir='ltr'><strong>Atque</strong></span> <span class='ocrx_word' id='word_1_929' title='bbox 3179 5182 3378 5252; x_wconf 87' lang='lat' dir='ltr'><strong>aliquis</strong></span> 
     </span>
    </p>
   </div>
   <div class='ocr_carea' id='block_1_111' title="bbox 1799 5273 3373 5353">
    <p class='ocr_par' dir='ltr' id='par_1_111' title="bbox 1799 5273 3373 5353">
     <span class='ocr_line' id='line_1_111' title="bbox 1799 5273 3373 5353; baseline -0.007 -16"><span class='ocrx_word' id='word_1_930' title='bbox 1799 5281 2019 5353; x_wconf 88' lang='lat' dir='ltr'><strong>quidem</strong></span> <span class='ocrx_word' id='word_1_931' title='bbox 2054 5278 2199 5333; x_wconf 89' lang='lat' dir='ltr'><strong>dicet</strong></span> <span class='ocrx_word' id='word_1_932' title='bbox 2246 5277 2448 5332; x_wconf 89' lang='lat' dir='ltr'><strong>dictum</strong></span> <span class='ocrx_word' id='word_1_933' title='bbox 2483 5277 2585 5331; x_wconf 92' lang='lat' dir='ltr'><strong>hoc</strong></span> <span class='ocrx_word' id='word_1_934' title='bbox 2617 5274 2810 5330; x_wconf 87' lang='lat' dir='ltr'><strong>referri</strong></span> <span class='ocrx_word' id='word_1_935' title='bbox 2858 5275 2926 5330; x_wconf 87' lang='lat' dir='ltr'><strong>ad</strong></span> <span class='ocrx_word' id='word_1_936' title='bbox 2961 5273 3133 5329; x_wconf 89' lang='lat' dir='ltr'><strong>illud:</strong></span> <span class='ocrx_word' id='word_1_937' title='bbox 3172 5292 3192 5326; x_wconf 77' lang='grc' dir='ltr'><strong>ι</strong></span> <span class='ocrx_word' id='word_1_938' title='bbox 3218 5273 3373 5328; x_wconf 77' lang='lat' dir='ltr'><strong>Beati</strong></span> 
     </span>
    </p>
   </div>
   <div class='ocr_carea' id='block_1_112' title="bbox 915 5386 1693 5466">
    <p class='ocr_par' dir='ltr' id='par_1_112' title="bbox 915 5393 1693 5466">
     <span class='ocr_line' id='line_1_112' title="bbox 915 5393 1693 5466; baseline 0.006 -19"><span class='ocrx_word' id='word_1_939' title='bbox 915 5395 958 5425; x_wconf 75' lang='grc'><strong>’⁷</strong></span> <span class='ocrx_word' id='word_1_940' title='bbox 979 5393 1110 5452; x_wconf 88' lang='lat' dir='ltr'><strong>ibid.</strong></span> <span class='ocrx_word' id='word_1_941' title='bbox 1142 5395 1208 5450; x_wconf 76' lang='grc'><strong>16</strong></span> <span class='ocrx_word' id='word_1_942' title='bbox 1231 5411 1346 5466; x_wconf 90' lang='lat' dir='ltr'><strong>seq.</strong></span> <span class='ocrx_word' id='word_1_943' title='bbox 1423 5397 1468 5429; x_wconf 74' lang='grc'><strong>⁸⁸</strong></span> <span class='ocrx_word' id='word_1_944' title='bbox 1493 5397 1647 5452; x_wconf 86' lang='lat' dir='ltr'><strong>Joan.</strong></span> <span class='ocrx_word' id='word_1_945' title='bbox 1670 5415 1693 5452; x_wconf 78' lang='grc' dir='ltr'><strong>ι</strong></span> 
     </span>
    </p>
   </div>
   <div class='ocr_carea' id='block_1_113' title="bbox 1866 5386 3373 5466">
    <p class='ocr_par' dir='ltr' id='par_1_113' title="bbox 1866 5386 3373 5460">
     <span class='ocr_line' id='line_1_113' title="bbox 1866 5386 3373 5460; baseline -0.003 -9"><span class='ocrx_word' id='word_1_946' title='bbox 1866 5399 1892 5450; x_wconf 91' lang='grc'>’.</span> <span class='ocrx_word' id='word_1_947' title='bbox 1967 5396 2013 5429; x_wconf 76' lang='grc'><strong>’⁸</strong></span> <span class='ocrx_word' id='word_1_948' title='bbox 2041 5395 2234 5451; x_wconf 88' lang='lat' dir='ltr'><strong>Matth.</strong></span> <span class='ocrx_word' id='word_1_949' title='bbox 2263 5409 2321 5459; x_wconf 85' lang='lat' dir='ltr'><strong>x,</strong></span> <span class='ocrx_word' id='word_1_950' title='bbox 2351 5391 2440 5460; x_wconf 72' lang='grc'><strong>24,</strong></span> <span class='ocrx_word' id='word_1_951' title='bbox 2470 5391 2558 5448; x_wconf 76' lang='grc'><strong>25.</strong></span> <span class='ocrx_word' id='word_1_952' title='bbox 2636 5390 2681 5422; x_wconf 84' lang='grc'><em>³⁰</em></span> <span class='ocrx_word' id='word_1_953' title='bbox 2710 5391 2841 5445; x_wconf 83' lang='lat' dir='ltr'><strong>Luc.</strong></span> <span class='ocrx_word' id='word_1_954' title='bbox 2872 5404 2948 5455; x_wconf 78' lang='lat' dir='ltr'><strong>vr,</strong></span> <span class='ocrx_word' id='word_1_955' title='bbox 2979 5387 3070 5443; x_wconf 73' lang='lat'><strong>40.</strong></span> <span class='ocrx_word' id='word_1_956' title='bbox 3146 5387 3188 5419; x_wconf 85' lang='grc'><strong>³¹</strong></span> <span class='ocrx_word' id='word_1_957' title='bbox 3215 5386 3373 5447; x_wconf 83' lang='lat' dir='ltr'><strong>Joan.</strong></span> 
     </span>
    </p>
   </div>
   <div class='ocr_carea' id='block_1_114' title="bbox 1866 5547 3374 5623">
    <p class='ocr_par' dir='ltr' id='par_1_114' title="bbox 1866 5547 3374 5623">
     <span class='ocr_line' id='line_1_114' title="bbox 1866 5547 3374 5623; baseline 0.001 -17"><span class='ocrx_word' id='word_1_958' title='bbox 1866 5549 1978 5623; x_wconf 74' lang='grc'><strong>(52)</strong></span> <span class='ocrx_word' id='word_1_959' title='bbox 2012 5551 2292 5620; x_wconf 77' lang='grc' dir='ltr'>Ἀνδρῶν.</span> <span class='ocrx_word' id='word_1_960' title='bbox 2321 5551 2674 5607; x_wconf 84' lang='lat' dir='ltr'><strong>Desideratur</strong></span> <span class='ocrx_word' id='word_1_961' title='bbox 2699 5551 2749 5605; x_wconf 91' lang='lat' dir='ltr'><strong>in</strong></span> <span class='ocrx_word' id='word_1_962' title='bbox 2776 5549 3016 5608; x_wconf 83' lang='lat' dir='ltr'><strong>editione</strong></span> <span class='ocrx_word' id='word_1_963' title='bbox 3049 5547 3248 5618; x_wconf 72' lang='lat' dir='ltr'><strong>ﬂuetii;</strong></span> <span class='ocrx_word' id='word_1_964' title='bbox 3282 5554 3374 5609; x_wconf 86' lang='lat' dir='ltr'><strong>scd</strong></span> 
     </span>
    </p>
   </div>
   <div class='ocr_carea' id='block_1_115' title="bbox 1802 5619 2648 5692">
    <p class='ocr_par' dir='ltr' id='par_1_115' title="bbox 1802 5619 2648 5692">
     <span class='ocr_line' id='line_1_115' title="bbox 1802 5619 2648 5692; baseline 0 -16"><span class='ocrx_word' id='word_1_965' title='bbox 1802 5619 2000 5692; x_wconf 82' lang='lat' dir='ltr'><strong>legitur</strong></span> <span class='ocrx_word' id='word_1_966' title='bbox 2027 5623 2082 5676; x_wconf 91' lang='lat' dir='ltr'><strong>in</strong></span> <span class='ocrx_word' id='word_1_967' title='bbox 2111 5619 2300 5678; x_wconf 86' lang='lat' dir='ltr'><strong>codice</strong></span> <span class='ocrx_word' id='word_1_968' title='bbox 2333 5623 2648 5677; x_wconf 88' lang='lat' dir='ltr'><strong>Bodleiano.</strong></span> 
     </span>
    </p>
   </div>
   <div class='ocr_carea' id='block_1_116' title="bbox 1871 5693 2647 5763">
    <p class='ocr_par' dir='ltr' id='par_1_116' title="bbox 1871 5693 2647 5763">
     <span class='ocr_line' id='line_1_116' title="bbox 1871 5693 2647 5763; baseline 0.001 -17"><span class='ocrx_word' id='word_1_969' title='bbox 1871 5693 1984 5763; x_wconf 78' lang='grc'><strong>(55)</strong></span> <span class='ocrx_word' id='word_1_970' title='bbox 2009 5693 2186 5749; x_wconf 86' lang='lat' dir='ltr'><strong>Codex</strong></span> <span class='ocrx_word' id='word_1_971' title='bbox 2221 5693 2437 5761; x_wconf 82' lang='lat' dir='ltr'><strong>Regius,</strong></span> <span class='ocrx_word' id='word_1_972' title='bbox 2471 5693 2647 5747; x_wconf 84' lang='grc' dir='ltr'>τοῦτο.</span> 
     </span>
    </p>
   </div>
   <div class='ocr_carea' id='block_1_117' title="bbox 1781 5759 2822 5835">
    <p class='ocr_par' dir='ltr' id='par_1_117' title="bbox 1781 5759 2822 5835">
     <span class='ocr_line' id='line_1_117' title="bbox 1781 5759 2822 5835; baseline -0.009 -11"><span class='ocrx_word' id='word_1_973' title='bbox 1781 5759 1784 5761; x_wconf 24' lang='grc' dir='ltr'><strong>λ</strong></span> <span class='ocrx_word' id='word_1_974' title='bbox 1881 5759 1992 5834; x_wconf 71' lang='grc'><strong>(54)</strong></span> <span class='ocrx_word' id='word_1_975' title='bbox 2034 5764 2177 5820; x_wconf 89' lang='lat' dir='ltr'><strong>ldem</strong></span> <span class='ocrx_word' id='word_1_976' title='bbox 2226 5759 2391 5821; x_wconf 82' lang='lat' dir='ltr'><strong>codex</strong></span> <span class='ocrx_word' id='word_1_977' title='bbox 2423 5763 2640 5835; x_wconf 71' lang='lat' dir='ltr'><strong>Regius,</strong></span> <span class='ocrx_word' id='word_1_978' title='bbox 2673 5763 2822 5834; x_wconf 77' lang='grc' dir='ltr'>φησι.</span> 
     </span>
    </p>
   </div>
  </div>
