3712 6138
412 265 519 322 775

1890 272 1960 327 Ol

2077 273 2215 330 ENIS
3518 288 3587 343 πθ

409 389 563 454 estis,
597 391 641 445 si
675 389 914 446 feceritis
938 405 999 445 ea
1028 391 1072 423 ³³
1097 408 1110 456 ;
1153 412 1170 444 ι
1211 407 1388 461 neque
1412 393 1556 449 enim
1584 393 1775 448 beatus
1797 393 1960 449 ludas

2091 394 2249 447 τοῦτο
2276 393 2643 468 ἀναφέρεσθαι
2680 396 2741 451 τὸ
2761 397 3077 468 λεγόμενον·
3110 396 3266 450 τοῦτο
3284 395 3388 466 γὰρ
3406 398 3505 453 ὅλον
3529 410 3590 458 nl

409 481 482 534 At
518 495 618 551 ego
657 495 761 534 non
791 481 1046 536 existimo
1081 492 1233 537 recte
1280 484 1384 538 hoc
1419 483 1624 538 dictum
1684 499 1750 538 eo
1791 483 1985 539 referri

409 569 476 623 ad
518 570 646 624 illud
702 572 906 627 dictum
943 590 958 628 :
1005 593 1023 625 ι
1057 573 1206 629 Beati
1257 575 1409 641 estis,
1443 575 1488 628 si
1547 575 1793 630 feceritis
1845 591 1930 630 ea.
1962 596 1982 630 ι

411 661 523 716 lloc
547 663 693 716 enim
727 672 923 729 totum,
953 676 1008 721 et
1040 667 1104 721 de
1128 665 1359 733 Juda,et
1387 668 1454 722 de
1494 669 1708 738 quovis,
1739 669 1986 738 quamvis

405 755 762 822 pravissimus
813 760 903 826 sit,
958 776 1146 816 verum
1190 770 1321 817 est:
1361 762 1558 817 Beatus
1609 777 1690 829 es,
1741 762 1987 832 quisquis

406 845 521 900 haec
578 846 809 915 feceris;
866 861 1121 920 tanquam
1175 854 1219 906 si
1293 853 1530 908 dicerem
1604 853 1982 924 intemperanti

405 936 642 1005 (etiamsi
696 953 802 992 non
848 941 1135 998 auditurus
1181 945 1253 998 sit
1298 959 1418 1013 qua:
1476 946 1754 1011 dicuntur,
1809 961 1987 1015 neque

405 1031 766 1096 temperantia
804 1033 1043 1103 usurus),
1084 1034 1283 1088 Beatus
1334 1049 1416 1098 es,
1467 1037 1511 1090 si
1569 1045 1868 1106 temperate
1907 1039 1986 1089 vi-

404 1121 588 1186 xeris;
617 1130 672 1175 et
709 1121 1036 1192 sapientiam
1063 1129 1372 1194 spernenti,
1408 1129 1623 1184 etiamsi
1655 1132 1986 1199 ingrediatur

406 1213 508 1266 hoc
538 1217 876 1286 propositum
903 1237 916 1272 :
953 1218 1149 1275 Beatus
1173 1235 1230 1275 es
1263 1232 1342 1285 tu,
1371 1222 1416 1276 si
1459 1223 1779 1290 sapientiam
1813 1232 1869 1276 et
1895 1224 1980 1276 di-

403 1307 690 1376 sciplinam
738 1314 1067 1380 susceperis.
1118 1315 1349 1370 Proinde
1400 1315 1520 1370 vide
1579 1331 1646 1371 ne
1692 1317 1830 1371 forte
1869 1318 1983 1371 haec

402 1400 592 1467 verba,
653 1421 672 1454 ι
703 1402 816 1458 Non
845 1405 911 1460 de
941 1407 1195 1462 omnibus
1227 1409 1380 1462 vobis
1407 1408 1530 1462 dico
1545 1408 1612 1475 ⁸⁸,
1651 1427 1670 1459 ι
1700 1409 1979 1463 reici-emta

402 1494 511 1548 sint
536 1495 602 1549 ad
629 1495 792 1552 illud:
832 1515 851 1548 ι
876 1498 994 1553 Non
1014 1511 1097 1554 est
1122 1517 1310 1556 servus
1332 1501 1507 1569 major
1530 1501 1747 1555 domino
1769 1501 1976 1556 suo‘h

400 1587 668 1654 Quoniam
699 1591 846 1646 enim
881 1610 899 1643 ι
933 1595 1180 1662 quisquis
1208 1605 1488 1664 peccatum
1525 1595 1840 1662 committit,
1867 1610 1983 1650 ser-

400 1695 500 1735 vus
553 1691 634 1737 est
679 1686 887 1752 peccati
912 1684 978 1751 3",
1011 1704 1030 1736 ι
1066 1687 1443 1742 committebat
1484 1695 1663 1741 autem
1695 1699 1978 1756 peccatum

2091 488 2220 558 περὶ
2263 487 2429 540 ’ἰούδα
2469 489 2561 540 καὶ
2607 489 2805 554 παντὸς
2841 489 3169 555 οὑτινοσοῦν,
3198 489 3302 543 κᾶν
3336 492 3590 561 φαυλότατθέ

2087 576 2146 655 ᾖ,
2177 581 2394 651 ἀληθὲς,
2415 580 2504 634 τόο
2536 579 2819 650 Μακάριος
2879 575 2930 633 εἶ
2986 584 3016 635 ὁ
3068 581 3246 648 δεῖνα,
3292 583 3384 637 ἐὰν
3422 590 3590 658 ποιήσῃς

2085 675 2244 728 τάδε’
2287 674 2362 738 ὡς
2423 672 2472 726 εί
2526 675 2741 745 λέγοιμι
2783 673 2878 726 καὶ
2906 673 2985 743 τῷ
3026 673 3310 746 ἀκολάστῳ
3352 677 3418 746 (εἰ
3445 680 3521 731 καὶ
3543 681 3590 752 μὴ

2087 764 2388 836 ὰκούσηται
2412 763 2518 818 τῶν
2548 763 2876 834 λεγομένων,
2906 765 3040 836 μηδὲ
3076 769 3433 841 σωφρονήσῃ)·
3463 771 3595 824 Μακά-

2089 873 2204 927 ριος
2232 851 2300 920 εἷ,
2352 853 2448 908 ἐὰν
2495 856 2882 926 σωφρονήσῃς’
2943 856 3038 909 καὶ
3087 856 3165 928 τῷ
3215 857 3402 924 σοφίαν
3445 858 3593 922 ἐξουδε-

2086 947 2286 1012 νοῦντι,
2319 948 2367 999 εί
2394 947 2488 1000 καὶ
2517 946 2786 999 ἐπιϐαίνει
2826 950 2891 1017 τῇ
2934 948 3254 1018 προαιρέσει
3299 949 3485 1020 ταύτῃ
3522 953 3596 1004 Ma-

2086 1039 2276 1110 κάριος
2312 1035 2382 1100 εἷ,
2419 1038 2513 1090 ὲὰν
2563 1039 2752 1106 σοφίαν
2781 1039 2875 1091 καὶ
2905 1039 3150 1092 παιδείαν
3196 1040 3478 1113 ἀναλάϐῃς.
3508 1045 3594 1116 Μή-

2086 1146 2214 1182 ποτε
2237 1125 2330 1182 οὖν
2358 1129 2446 1192 τὸ,
2476 1148 2494 1180 ι
2536 1128 2610 1181 Οὐ
2650 1130 2779 1198 περὶ
2814 1129 3033 1182 πάντων
3068 1129 3222 1199 ὑμῶν
3259 1130 3420 1198 λέγω,
3450 1152 3465 1182 ι
3491 1135 3596 1185 ἀνοί-

2087 1237 2251 1290 σομεν
2285 1221 2366 1283 είς
2399 1219 2458 1272 τὸ
2502 1218 2814 1290 εἰρημένον,
2845 1219 2933 1271 τόο
2971 1239 2990 1270 ι
3031 1222 3144 1272 Οὐκ
3177 1221 3292 1274 ἔστι
3325 1222 3492 1287 δοῦλος
3514 1226 3596 1296 μά.

2085 1312 2192 1373 ζων
2223 1311 2314 1364 τοῦ
2339 1312 2527 1382 κυρίου
2554 1311 2716 1364 αὐτοῦ
2737 1328 2751 1340 ·
2789 1331 2809 1365 ι
2843 1313 2967 1364 ἐπεὶ
2994 1312 3105 1385 γὰρ
3132 1332 3150 1364 ι
3185 1315 3292 1378 πᾶς
3312 1317 3342 1368 ὁ
3366 1316 3513 1369 ποιιῖιν
3532 1319 3598 1389 τὴν

2088 1403 2377 1474 ἁμαρτίαν,
2413 1402 2595 1466 δοῦλός
2622 1403 2737 1456 ὲστι
2762 1403 2862 1473 τῆς
2891 1405 3186 1474 ἁμαρτίας,
3225 1425 3243 1457 ι
3281 1407 3445 1459 ἐποίει
3470 1408 3599 1480 δὲτὴν

2085 1497 2357 1567 ἁμαρτίαν
2378 1497 2406 1548 ό
2445 1495 2663 1559 Ἰούδας,
2688 1496 2780 1548 καὶ
2812 1496 3048 1566 μάλιστα
3075 1498 3170 1550 τοῦ
3200 1498 3439 1553 διαϐόλου
3460 1500 3600 1571 βεϐλη-

2083 1589 2238 1651 κότος
2264 1591 2343 1651 είς
2371 1588 2470 1658 τὴν
2515 1589 2743 1658 καρδίαν
2787 1591 2974 1656 αὐτοῦ,
3022 1591 3108 1644 ἵνα
3159 1591 3387 1662 παραδῷ
3415 1593 3494 1645 τὸν
3519 1595 3597 1646 Σω-

2081 1681 2223 1752 τῆρα
2245 1723 2261 1749 ,
2292 1681 2479 1744 δοῦλος
2512 1676 2580 1751 ἦν
2638 1681 2838 1747 Ἰούδας
2880 1683 2981 1754 τῆς
3021 1684 3312 1755 ἁμαρτίας.
3371 1685 3537 1749 Δοῦλος
3564 1688 3599 1740 δε

395 1771 585 1840 Judas,
611 1783 664 1831 et
703 1779 936 1834 maxime
969 1795 1092 1834 cum
1117 1780 1364 1835 diabolus
1414 1781 1732 1836 immisisset
1783 1782 1836 1835 in
1881 1797 1960 1837 con

2083 1775 2158 1828 ὢν
2190 1775 2290 1844 τῆς
2324 1776 2613 1848 ἁμαρτίας,
2645 1775 2745 1828 οὐκ
2773 1772 2841 1847 ἦν
2890 1776 2984 1829 τοῦ
3027 1778 3199 1846 Λόγου
3245 1777 3341 1830 τοῦ
3372 1777 3492 1831 Θεοῦ
3517 1779 3601 1832 δοῦ·

396 1863 515 1935 ejus
557 1877 614 1919 ut
655 1866 1005 1925 Servatorem
1054 1872 1401 1941 proderet“,
1442 1887 1636 1928 servus
1659 1883 1780 1929 erat
1812 1872 1979 1931 Judas

397 1958 627 2024 peccati.
661 1957 863 2015 Servus
889 1970 1068 2015 autem
1100 1964 1309 2029 peccati
1345 1979 1470 2018 cum
1507 1974 1674 2032 esset,
1710 1981 1814 2019 non
1859 1975 1979 2022 erat

399 2045 558 2102 Verbi
598 2051 687 2104 Dci
724 2066 963 2106 servus:
1017 2054 1234 2123 istoque
1287 2057 1447 2110 modo
1496 2072 1562 2112 ne
1596 2055 1720 2112 Jesu
1762 2059 1976 2128 quidem

396 2140 629 2210 amplius
657 2143 935 2211 apostolus
974 2154 1125 2212 erat;
1156 2145 1273 2215 jam
1307 2148 1454 2201 enim
1503 2147 1680 2203 factus
1713 2160 1829 2203 erat
1857 2151 1976 2204 dia-

396 2231 526 2300 boli,
557 2236 646 2304 qui
674 2236 724 2288 in
761 2252 858 2290 cor
891 2237 1011 2304 ejus
1043 2237 1351 2294 immiserat
1385 2250 1442 2294 ut
1472 2242 1822 2297 Set‘vatorem
1847 2257 1976 2313 pro-

395 2323 570 2379 deret.
605 2323 767 2397 425
799 2328 1007 2384 Idcirco
1043 2346 1251 2401 negans
1280 2330 1544 2387 Servator
1564 2350 1687 2388 cum
1715 2349 1834 2390 esse
1861 2350 1977 2391 ser-

393 2431 518 2470 vum
566 2433 720 2473 suum
756 2429 811 2474 et
844 2421 1177 2488 apostolum,
1205 2437 1330 2477 cum
1367 2424 1622 2488 dixisset,
1687 2441 1706 2474 ι
1739 2423 1852 2479 Non
1895 2435 1978 2481 est

394 2523 585 2566 servus
625 2510 802 2580 major
825 2511 1046 2567 domino
1094 2528 1215 2579 suo,
1249 2529 1423 2585 neque
1473 2517 1751 2582 apostolus
1804 2519 1977 2588 major

393 2616 458 2657 eo
489 2602 578 2672 qui
611 2602 757 2656 misit
781 2603 958 2673 ipsum
987 2603 1055 2671 ³⁷,
1082 2623 1100 2655 ι
1135 2605 1344 2661 addidit
1372 2625 1385 2661 :
1425 2626 1444 2660 ι
1473 2607 1594 2664 Νοιι
1620 2612 1687 2667 de
1718 2613 1974 2668 omnibus

393 2694 548 2750 vobis
606 2696 728 2751 dico
750 2695 865 2751 ³⁸.»
922 2697 1052 2752 Post
1110 2699 1214 2754 hoc
1269 2699 1553 2757 videamus
1605 2705 1704 2760 hoc
1743 2705 1972 2772 dictum,

396 2806 416 2839 ι
441 2787 553 2859 Ego
603 2789 716 2844 scio
750 2805 893 2860 quos
924 2791 1184 2862 elegerim
1209 2833 1225 2858 ,
1263 2813 1282 2845 ι
1333 2795 1477 2865 quod
1524 2797 1828 2866 simplicius
1872 2800 1976 2855 tale

390 2887 476 2934 est
504 2897 518 2935 :
549 2878 675 2935 Scio
697 2883 875 2952 qualis
905 2885 978 2938 sit
1006 2889 1384 2956 unusquisque
1411 2903 1603 2944 eorum
1631 2908 1765 2960 quos
1791 2893 1926 2962 elegi
1958 2911 1972 2948 :

392 2974 760 3042 quamobrem
789 3043 792 3046 _
818 2976 932 3031 scio
981 2978 1145 3032 etiam
1201 2980 1379 3048 qualis
1420 2982 1492 3035 sit
1537 2980 1726 3049 ludas,
1756 2998 1857 3039 nec
1891 3001 1974 3039 me

391 3063 530 3118 clam
564 3075 799 3137 estquae
838 3068 1090 3124 diabolus
1137 3068 1248 3138 jam
1299 3072 1592 3128 immiserit
1645 3075 1696 3129 in
1739 3091 1834 3131 cor
1859 3076 1974 3146 ejus
2001 3107 2043 3164 ο

391 3159 684 3212 adversum
749 3175 857 3215 me.
910 3160 1089 3230 Atque
1127 3161 1292 3216 talem
1345 3164 1514 3218 habet
1563 3165 1968 3236 intelligentiam

390 3262 619 3321 propter
645 3252 937 3324 quamdam
986 3255 1436 3311 consuetudinem
1486 3256 1802 3328 Scriptum,
1845 3274 1968 3313 cum

389 3342 562 3398 utitur
611 3344 876 3400 vocabulo
931 3347 1064 3411 scio,
1117 3357 1280 3415 atque
1312 3347 1388 3402 illi
1432 3349 1735 3414 similibus;
1784 3349 1969 3420 cujus—

390 3435 533 3490 modi
591 3436 754 3490 etiam
795 3445 901 3503 est,
953 3439 1104 3503 navi,
1151 3439 1446 3496 Servatore
1519 3440 1714 3496 alicubi
1757 3441 1969 3496 dicente

389 3527 631 3583 futurum
664 3538 724 3584 ut
755 3529 902 3586 dicat
940 3532 1190 3595 dicturis,
1230 3550 1248 3584 ι
1278 3531 1334 3586 In
1362 3533 1583 3587 nomine
1620 3543 1710 3587 tuo
1741 3533 1970 3586 mandu-

387 3622 650 3691 cavimus,
670 3633 724 3678 et
751 3624 1012 3688 bibimus,
1036 3634 1090 3680 et
1112 3624 1380 3680 daemonia
1408 3623 1752 3693 ejecitnus”,
1783 3641 1802 3675 ι
1840 3623 1965 3688 hoc,

393 3730 413 3765 ι
445 3711 733 3782 Nunquam
789 3713 914 3768 novi
946 3729 1044 3770 vos
1069 3714 1153 3780 “,
1181 3733 1200 3766 ι
1245 3725 1300 3769 et
1355 3715 1483 3769 illud
1516 3731 1532 3769 :
1576 3733 1594 3766 ι
1625 3713 1822 3769 Nescio
1872 3729 1967 3770 vos

386 3808 528 3863 unde
557 3809 677 3865 sitis
704 3809 747 3840 ”
781 3829 792 3863 :
823 3826 842 3860 ι
869 3811 1014 3879 quod
1056 3809 1100 3864 si
1149 3807 1449 3878 simplicius
1495 3807 1846 3877 intelligatur,
1880 3808 1963 3861 vi-

387 3904 634 3960 debimur
648 3905 787 3959 infra
810 3906 1129 3976 dignitatem
1149 3904 1446 3959 Salvatoris
1459 3905 1718 3974 cogitare.
1735 3903 1968 3958 Proinde

386 3995 511 4050 vide
535 4011 602 4050 ne
632 3996 794 4061 forte,
817 3999 1074 4068 quoniam
1109 4014 1127 4048 ι
1151 3997 1406 4067 cognovit
1428 3995 1693 4051 Dominus
1721 3997 1812 4067 qui
1841 4005 1968 4050 sunt

386 4087 505 4158 ejus
523 4088 594 4154 δ’,
629 4106 648 4140 ι
689 4103 796 4142 non
828 4098 1093 4154 agnoscat
1122 4089 1286 4142 etiam
1329 4088 1420 4156 qui
1451 4103 1558 4141 non
1587 4089 1696 4142 sint
1733 4087 1879 4156 ejus;
1912 4096 1968 4141 et

386 4183 658 4251 quomodo
710 4183 777 4237 de
823 4181 1146 4250 quibusdam
1202 4182 1394 4251 inquit,
1454 4199 1473 4232 r
1508 4181 1795 4251 Nunquam
1843 4181 1966 4235 novi

385 4288 505 4339 vos,
542 4292 562 4326 ι
594 4274 673 4329 sic
705 4273 848 4328 dicat
897 4273 1061 4327 etiam
1119 4273 1186 4328 de
1229 4271 1391 4338 Juda,
1421 4271 1467 4327 si
1498 4289 1602 4327 non
1636 4283 1721 4327 est
1755 4274 1961 4343 ipsius:

387 4364 670 4434 Nunquam
724 4364 847 4419 novi
903 4373 974 4420 te.
1008 4363 1161 4431 Quod
1198 4367 1242 4418 si
1283 4379 1403 4418 cum
1449 4374 1594 4419 esset
1620 4364 1746 4420 Jesu
1775 4363 1963 4432 Judas,

2081 1868 2190 1933 λος’
2235 1869 2378 1922 οὕτω
2415 1869 2472 1922 δὲ
2500 1871 2620 1923 οὐδὲ
2649 1870 2945 1933 ἀπόστολος
2966 1870 3058 1924 τοῦ
3106 1871 3282 1942 Ἰησοῦ
3313 1869 3391 1923 ἔτι
3420 1867 3502 1940 ἦν·
3526 1872 3596 1941 ἤδη

2079 1963 2188 2035 γὰρ
2220 1963 2312 2017 τοῦ
2338 1964 2584 2017 διαϐόλου
2613 1965 2875 2034 ἐγεγόνει,
2926 1964 3248 2034 βεϐληκότος
3276 1966 3355 2026 εἰς
3391 1965 3481 2036 τὴν
3509 1981 3600 2025 me

2077 2057 2195 2110 δίαν
2226 2056 2390 2109 αὐτοῦ
2421 2057 2508 2111 ἵνα
2547 2058 2772 2130 παραδῷ
2795 2058 2884 2110 τὸν
2916 2058 3169 2128 Σωτῆρα·
3207 2057 3292 2110 διὸ
3326 2058 3597 2128 ἀρνούμενος

2078 2148 2241 2201 αὐτὸν
2269 2143 2407 2201 εἶναι
2436 2147 2621 2201 δοῦλον
2668 2149 2861 2202 ἑαυτοῦ
2899 2151 2927 2202 ό
2959 2149 3148 2220 Σωτὴρ
3194 2150 3291 2204 καὶ
3337 2148 3596 2208 ἀπόστολον,

2079 2236 2199 2293 εἶπε
2226 2241 2319 2294 καὶ
2351 2241 2438 2294 τό·
2480 2259 2499 2291 ‹
2547 2241 2661 2295 Οὐκ
2703 2241 2817 2294 ἐστι
2856 2241 3040 2304 δοῦλος
3077 2242 3280 2312 μείζων
3325 2241 3415 2294 τοῦ
3453 2242 3597 2313 κυρίου

2078 2332 2264 2396 αὐτοῦ,
2308 2334 2428 2386 οὐδὲ
2474 2334 2766 2398 ἀπόστολος
2818 2334 3017 2406 μείζων
3061 2333 3153 2386 τοῦ
3198 2333 3497 2405 πέμψαντος
3530 2335 3596 2386 αὖ·

2079 2423 2189 2490 τὸν,
2219 2442 2238 2475 ι
2273 2425 2333 2477 τό
2355 2423 2486 2495 (55)·
2519 2444 2537 2476 ι
2571 2426 2646 2478 Οὐ
2670 2424 2797 2496 περὶ
2830 2425 3047 2478 πάντων
3071 2423 3222 2494 ὑμῶν
3257 2423 3415 2492 λέγω.
3444 2425 3597 2477 ι-Μετὰ

2076 2515 2236 2569 τοῦτο
2278 2515 2474 2587 ἴδωμεν
2497 2517 2587 2569 τόο
2624 2536 2642 2567 ι
2696 2516 2836 2586 Ἐγὼ
2875 2512 2990 2569 οἶδα
3038 2517 3188 2580 τίνας
3238 2515 3594 2586 ἐξελεξάμην.ι

2077 2610 2216 2681 ὅπερ
2234 2608 2595 2680 ἁπλούστερον
2615 2610 2713 2679 μὲν
2733 2609 2964 2662 τοιοῦτόν
2981 2609 3096 2661 ἐστι
3110 2627 3122 2638 ·
3139 2610 3234 2673 Τίς
3250 2611 3400 2662 ἐστιν
3421 2609 3600 2671 ﬁxam;

2077 2693 2153 2754 ὧν
2180 2700 2511 2771 ἐξελεξάμην
2540 2696 2675 2754 οἷδα’
2710 2697 2828 2753 οἶδα
2859 2696 2951 2754 οὖν
2979 2702 3074 2754 καὶ
3092 2701 3174 2764 τίς
3193 2702 3342 2754 ἐστιν
3363 2702 3391 2753 ὁ
3426 2701 3595 2763 “om.

2078 2795 2174 2848 καὶ
2205 2795 2266 2847 οὐ
2301 2793 2551 2847 λανθάνει
2590 2811 2676 2864 με,
2706 2793 2798 2846 τοῦ
2825 2793 3070 2846 διαϐόλου
3095 2795 3196 2864 ἤδη
3224 2793 3596 2864 βεϐληκότοςείς

2077 2886 2176 2957 τὴν
2217 2886 2445 2957 καρδίαν
2483 2885 2646 2939 αὐτοῦ
2685 2886 2753 2940 τὰ
2797 2885 2916 2938 κατ’
2963 2885 3116 2956 ἐμοῦ.
3176 2887 3288 2940 Καὶ
3323 2885 3536 2939 τοιοῦτον
3559 2883 3598 2938 δὲ

2078 2978 2188 3049 ἔχει
2215 2977 2339 3031 νοῦν
2362 2977 2454 3032 διά
2499 2994 2619 3031 τινα
2645 2978 2743 3048 τῆς
2768 2977 2990 3048 Γραφῆς
3043 2977 3170 3048 ἰτερῖ¹
3200 2977 3296 3031 τοῦ
3330 2976 3456 3032 οῖδα
3478 2977 3579 3044 cavi;

2079 3073 2247 3136 θειαν,
2289 3074 2382 3127 καὶ
2421 3072 2529 3126 τῶν
2557 3073 2755 3144 ὁμοίων
2787 3075 2852 3143 τῇ
2901 3072 3041 3137 λέξει
3076 3073 3252 3146 ταύτῃ
3272 3091 3286 3103 ·
3315 3073 3486 3126 ὁποῖόν
3511 3075 3596 3126 ἐστι

2077 3163 2170 3215 καὶ
2203 3161 2263 3214 τὸ
2287 3162 2498 3231 ἔγνων.
2527 3163 2663 3233 Φησί
2687 3179 2786 3218 που
2815 3163 2844 3212 ὁ
2870 3163 3056 3235 Σωτὴρ
3081 3165 3226 3235 ὲρείν
3253 3167 3368 3228 τοῖς
3409 3162 3596 3228 λέξουσι,

2078 3275 2096 3305 ι
2134 3253 2223 3326 Τῷ
2263 3255 2486 3326 ὀνόματί
2521 3271 2614 3308 σου
2663 3255 2939 3326 ἐφάγομεν
2979 3239 3115 3328 (36),
3149 3256 3242 3310 καὶ
3274 3256 3505 3327 ἐπίομεν,
3531 3266 3596 3308 και

2070 3346 2324 3418 δαιμόνια
2354 3346 2702 3418 ἐξεϐάλομεν,
2730 3367 2748 3397 ι
2773 3348 2854 3411 τὸ,
2884 3365 2903 3398 ι
2935 3346 3199 3400 Οὐδέποτε
3231 3348 3400 3418 ἔγνων
3429 3349 3590 3417 ὐμᾶς,ι

2069 3439 2166 3491 καὶ
2207 3438 2296 3490 τό·
2339 3456 2358 3488 ι
2406 3439 2518 3492 Οὐκ
2558 3434 2674 3491 οἶδα
2717 3439 2864 3507 ὑμᾶς
2901 3438 3064 3490 πόθεν
3106 3437 3263 3490 ἐστέ·
3316 3458 3334 3490 ι
3372 3440 3496 3510 ὅπερ
3527 3438 3594 3490 ἐὰν

2071 3528 2434 3601 ἁπλούστερον
2483 3530 2687 3601 νοῆται,
2743 3529 2894 3601 παρὰ
2930 3529 2991 3583 τὸ
3027 3531 3242 3602 ἀξίωμα
3285 3533 3494 3603 δόξομεν
3526 3531 3592 3584 τοῦ

2070 3623 2321 3693 Σωτῆρος
2353 3621 2774 3692 ὑπολαμϐάνειν.
2835 3622 2991 3676 Ἀλλά
3027 3629 3254 3695 μήποτε,
3292 3626 3410 3678 ἐπεὶ
3441 3644 3457 3674 ι
3488 3624 3594 3692 ἔγνω

2069 3715 2274 3787 Κύριος
2305 3717 2428 3778 τοὺς
2452 3715 2611 3778 ὄντας
2637 3713 2822 3778 αὐτοῦ,
2855 3734 2873 3766 ι
2905 3716 3032 3778 τοὺς
3068 3715 3141 3787 μὴ
3160 3716 3322 3780 ὄντας
3351 3716 3498 3770 αὐτοῦ
3522 3717 3594 3768 οὐκ

2069 3808 2209 3878 ἔγνω
2227 3826 2238 3838 ·
2276 3810 2370 3862 καὶ
2402 3807 2477 3871 ὥς
2501 3825 2632 3878 φησι
2661 3807 2789 3878 περί
2811 3824 2968 3859 τινων
2997 3807 3085 3872 τὸ,
3115 3827 3132 3859 ι
3173 3808 3433 3861 Οὐδέποτε
3461 3807 3594 3875 ἔγνων

2068 3903 2234 3973 ὑμᾶς,
2277 3920 2296 3953 ι
2337 3901 2480 3954 οὕτω
2509 3902 2652 3954 εῐποι
2679 3900 2747 3953 ἂν
2782 3901 2877 3953 καὶ
2915 3901 3044 3972 περὶ
3073 3899 3168 3953 τοῦ
3216 3902 3406 3963 Ἰούδα,
3441 3901 3485 3953 εί
3520 3899 3594 3970 μὲν

2086 3995 2159 4066 μὴ
2217 3994 2366 4055 ὄντος
2420 3992 2620 4046 αὐτοῦ·
2659 3991 2924 4045 Οὐδέποτε
2957 3993 3067 4063 (57)
3101 3991 3270 4062 ἔγνων
3328 4009 3416 4044 σε·
3465 3992 3507 4043 εί
3553 3989 3592 4041 δὲ

2068 4086 2358 4157 γενόμενος
2409 4085 2828 4156 μεταπέπτωκε,
2875 4084 3090 4155 λεχθείη
3139 4083 3205 4138 ἂν
3253 4085 3390 4156 πρὸς
3436 4083 3590 4137 αὐτόν·

2069 4175 2182 4229 Οὐκ
2221 4171 2339 4228 οἶδά
2372 4191 2431 4227 σε
2460 4175 2624 4228 πόθεν
2653 4171 2720 4230 εἷ.
2752 4177 2861 4229 Καὶ
2890 4175 2985 4228 νῦν
3006 4171 3119 4240 οὖν,
3146 4175 3240 4228 τοῦ
3261 4175 3495 4229 διαϐόλου
3515 4173 3591 4243 ἤδη

2071 4267 2396 4338 βεϐληκότος
2424 4271 2505 4331 εἱς
2528 4269 2628 4339 τὴν
2649 4268 2876 4339 καρδίαν
2908 4267 3072 4320 αὐτοῦ
3105 4269 3174 4321 τὰ
3206 4269 3346 4322 κατὰ
3381 4266 3468 4320 τοῦ
3513 4267 3590 4333 Ἰη-

2071 4361 2184 4425 σοῦ,
2220 4361 2322 4414 οὐκ
2350 4357 2490 4413 οἶδεν
2531 4361 2691 4414 αὐτὸν
2723 4362 2752 4413 ό
2798 4359 3024 4432 Ἰησοῦς.
3071 4359 3163 4413 Διὸ
3201 4362 3302 4413 οὐκ
3342 4355 3478 4412 εἷπε’
3505 4355 3590 4410 Νῦν

387 4469 573 4530 postea
619 4457 801 4529 lapsus
850 4458 972 4523 fuit,
1021 4459 1265 4512 dicturus
1313 4465 1461 4512 certe
1509 4467 1593 4512 est
1627 4457 1701 4512 illi
1754 4457 1957 4514 Jesus:

2077 4456 2180 4525 ἐγὼ
2208 4451 2326 4509 οἶδα
2359 4455 2565 4518 πάντας
2589 4457 2715 4518 τοὺς
2754 4456 3045 4526 παρόντας,
3089 4454 3226 4517 ἀλλ’,
3267 4473 3286 4506 ι
3348 4453 3476 4523 Ἐγὼ
3500 4447 3589 4504 οἶδα

385 4550 578 4607 Nescio
605 4561 656 4607 te
687 4553 827 4606 unde
854 4552 948 4607 sis.
981 4549 1135 4606 Unde
1166 4551 1486 4615 etiamnum,
1515 4551 1640 4620 quia
1673 4551 1962 4605 immiserit

383 4643 630 4699 diabolus
675 4645 728 4698 in
765 4658 860 4698 cor
906 4643 1024 4712 ejus
1063 4643 1175 4697 lnec
1224 4642 1484 4697 adversus
1524 4640 1739 4706 Jesum,
1787 4643 1961 4697 nescit

385 4733 536 4789 illum
567 4734 766 4801 Jesus;
819 4733 1171 4802 quamobrem
1204 4746 1307 4784 non
1341 4731 1497 4796 dixit,
1529 4728 1681 4784 Nunc
1709 4743 1808 4799 ego
1842 4729 1958 4784 scio

383 4846 575 4886 omnes
603 4839 919 4902 praesentes,
956 4828 1051 4883 sed
1080 4847 1093 4882 :
1129 4845 1147 4878 ι
1181 4827 1292 4896 Ego
1323 4827 1436 4880 scio
1468 4840 1605 4896 quos
1630 4824 1884 4896 elegerint
1913 4823 1958 4856 ⁸³

384 4925 669 4994 (tanquam
710 4923 935 4986 diceret,
969 4920 1172 5012 elect.os
1224 4915 1416 4990 meos).
1453 4915 1568 4972 Non
1615 4916 1682 4971 de
1707 4915 1960 4972 omnibus

385 5025 568 5068 autem
602 5011 962 5083 praesentibus
1002 5007 1212 5080 inquio,
1252 5025 1271 5060 ι
1306 5007 1423 5080 Ego
1469 5010 1585 5065 scio
1611 5021 1747 5078 quos
1781 5007 1959 5078 elege-

2065 4549 2215 4613 τίνας
2254 4547 2604 4619 ἐξελεξάμην,
2651 4567 2669 4599 ι
2721 4548 2795 4611 ὠς
2845 4549 2893 4599 εί
2936 4547 3107 4615 ἔλεγε,
3179 4547 3302 4610 τοὺς
3345 4542 3588 4603 ἐκλεκτούς

2070 4658 2192 4712 μου.
2238 4641 2313 4692 Οὐ
2361 4639 2490 4710 περὶ
2537 4639 2752 4693 πάντων
2795 4637 2852 4690 δὲ
2893 4637 2998 4690 τῶν
3051 4637 3329 4707 παρόντων
3367 4633 3493 4706 φημὶ
3520 4631 3582 4683 τό·

2071 4750 2091 4782 ι
2143 4729 2282 4798 Ἐγὼ
2329 4726 2446 4783 οἶδα
2489 4728 2639 4793 τίνας
2691 4727 3017 4798 ἐξελεξάμην
3041 4745 3056 4757 ·
3112 4747 3131 4778 ι
3177 4726 3268 4780 καὶ
3317 4726 3506 4794 γίνεται
3542 4717 3587 4770 τὸ

2064 4825 2353 4894 γενόμενον
2380 4820 2484 4874 ὑπὸ
2517 4820 2610 4875 τοῦ
2655 4818 2772 4882 ἐνὸς
2810 4817 2870 4884 ἐξ
2911 4818 3064 4890 ὑμῶν
3102 4814 3494 4889 παραδώσοντός
3517 4828 3582 4881 με.

2068 4916 2156 4970 ἵνα
2205 4915 2467 4988 πληρωθῇ
2500 4913 2792 4987 ήλέγουσα
2839 4912 3028 4983 Γραφή
3051 4927 3064 4941 ο
3104 4929 3122 4961 ι
3168 4911 3222 4962 ’0
3262 4907 3473 4981 τρώγων
3507 4919 3584 4973 μου

2067 5006 2160 5062 τὸν
2188 5007 2352 5078 ἄρτον
2377 5005 2581 5076 ἐπῆρεν
2609 5007 2694 5058 ἐπ’
2726 5005 2827 5076 ἐμὲ
2853 5004 2952 5076 τὴν
2978 5001 3212 5074 πτέρναν
3243 4999 3421 5055 αὐτοῦ.
3455 5015 3473 5049 ι
3501 4996 3582 5049 Πα-

455 5154 501 5187 ³²
528 5152 689 5212 Joan.
721 5170 838 5224 xm,
875 5156 962 5210 l7.
1039 5156 1086 5190 ³³
1111 5157 1243 5214 ibid.
1267 5157 1354 5212 18.
1431 5156 1474 5188 ³⁸
1505 5156 1636 5211 ibid.
1671 5155 1754 5210 l6.
1831 5155 1876 5187 ³⁵
1904 5153 2312 5224 Joatt.v11t,54.
2349 5107 2835 5224 “Joan.xnt,_22__
2866 5147 2916 5224 ξ
2944 5146 3097 5202 Joan.
3123 5161 3241 5224 xui,
3267 5143 3349 5224 lii:
3378 5135 3578 5224 ..ξ’-ἰδῇς·

387 5223 474 5280 ts.
531 5205 1057 5294 ἰδᾞὶἐιιῖἰιῗνῐιζεες
1091 5205 1374 5292 ﬁliifilii,
1399 5205 1834 5282 acidum.
1863 5205 1960 5286 v.1;

2077 5205 2202 5294 .MT‘,‘
2227 5205 2362 5278 Luc.
2391 5205 2512 5288 int,
2559 5205 2668 5277 27.
2703 5205 2769 5254 ’⁸³
2798 5219 2840 5274 ιι
2866 5218 3007 5273 Τιιιι.
3039 5233 3096 5282 ιι,
3142 5205 3238 5271 19.’
3305 5214 3348 5246 “
3378 5212 3490 5268 ibid.
3514 5205 3578 5260 18.

459 5344 573 5415 (⁸55)
605 5343 966 5415 scribendum
1000 5346 1208 5400 videtur
1234 5346 1328 5399 καὶ
1348 5345 1429 5400 τό.

461 5413 572 5489 (36)
608 5414 967 5489 Tiber-opale
1021 5432 1137 5489 σου
1187 5415 1513 5489 ἐφάγομεν,
1535 5423 1644 5489 etc.
1682 5413 1834 5489 4Ηςιξιῖ
1892 5427 1960 5468 ex

385 5483 638 5567 blatth'aeo
663 5483 908 5567 simulet
929 5485 1075 5567 L_u_ca
1107 5487 1159 5540 in
1191 5483 1355 5567 unum
1373 5483 1646 5567 confudit
1665 5483 1958 5567 Origenes.

384 5555 670 5628 Ferrarius
698 5556 897 5625 legisse
929 5559 1142 5612 videtur
1183 5575 1195 5611 :
1237 5556 1430 5628 Κύριε,
1472 5556 1688 5628 οὐκ-έν
1736 5553 1812 5628 τῷ
1842 5553 1958 5606 ὀνό-

391 5626 642 5700 ματί-σου
675 5628 1182 5700 προεφητεύσαμεν,
1207 5627 1302 5680 καὶ
1330 5625 1407 5679 ’ἐν
1453 5626 1532 5696 τῷ
1588 5625 1809 5700 ὀνόματί
1849 5641 1958 5700 ’σου

388 5695 663 5764 δαιμόνια,
694 5695 833 5761 οἱα,
859 5695 1123 5767 siquidem
1160 5695 1550 5767 interpretatur
1582 5713 1594 5748 :
1632 5713 1649 5746 ι
1709 5696 1955 5759 Domine,

2068 5356 2251 5397 nonne
2272 5339 2493 5395 nomine
2525 5348 2616 5393 tuo
2649 5334 3104 5408 prophetavimus,
3129 5341 3180 5408 et
3209 5343 3379 5385 nonne
3408 5333 3579 5380 nomine

2069 5424 2162 5468 tuo
2193 5410 2479 5472 daemonia,
2514 5428 2532 5461 ι
2557 5403 2687 5469 ειοζ.
2719 5424 2784 5462 ex
2809 5405 3054 5460 Mattbaeo
3075 5403 3209 5476 solo.
3306 5471 3317 5476 _
3361 5467 3384 5476 _
3539 5461 3549 5476 ,

2131 5467 2476 5562 ιδτ).(ξε›ιιεκ’
2495 5467 2840 5562 Bodleian;
2870 5474 3106 5562 rectas
3134 5471 3335 5562 eve:
3359 5467 3576 5562 9:35:15?

2065 5535 2160 5605 τού
2179 5568 2192 5582 ο
2224 5535 2499 5618 οὐδέποτε,
2533 5558 2664 5611 etc.;
2694 5535 2911 5619 Regius,
2943 5535 3082 5601 male
3115 5535 3207 5610 ,ἐί
3358 5535 3441 5594 οὖν
3458 5535 3575 5590 οὐδέο

2067 5639 2219 5688 ποτε,
2247 5632 2350 5677 etc.
