3712 6138
83 281 192 334 7'77

1131 272 1490 329 COMMENT.
1532 274 1598 329 IN
1637 274 1828 334 JOAN.
1868 273 2106 331 TOMUS
2137 271 2355 333 XXXII.

3239 275 3341 331 778

84 390 488 465 purécppactat
533 386 589 440 δὲ
633 384 694 439 τὸ
747 386 909 458 ῥητὸν
951 385 1058 440 ἀπὸ
1099 386 1193 441 τοῦ
1239 386 1663 458 τεσσαρακοστοῐ

1839 403 1881 441 m
1912 406 1928 443 :
1961 408 1979 439 ι
2003 396 2166 458 utque
2188 389 2293 445 hoc
2317 389 2551 453 eveniat,
2575 391 2717 460 quod
2741 392 2941 456 evenit,
2973 408 3110 446 unus
3141 410 3207 449 ex
3245 412 3339 450 vo-

79 482 342 555 ψαλμοῦ,
387 479 558 543 οὕτως
602 478 756 549 ἔχον·
818 496 836 529 ι
888 478 999 530 Kal.
1037 477 1147 548 γάρ
1191 479 1220 529 6
1259 477 1541 550 ἄνθρωπος
1573 476 1675 546 τῆς

80 581 322 650 εἰρήνης
364 593 484 649 μου,
514 575 598 644 ἐφ’
634 573 693 627 ὃν
738 572 962 643 ἤλπισα,
1007 574 1036 625 6
1079 572 1273 626 ἐσθίων
1313 573 1512 644 ἄρτους
1543 588 1671 641 μου.

81 670 434 744 ἐμεγάλυνεν
472 667 560 721 ἐπ’
611 665 712 736 ἐμὲ
751 663 1106 737 πτερνισμόιν
1150 683 1168 715 ι
1203 663 1398 717 οὐκοῦν
1427 665 1455 715 6
1485 663 1675 733 Σωτὴρ

79 763 142 817 τὸ
191 760 371 833 ῥητόν
401 758 559 812 τοῦτο
608 756 736 828 περὶ
783 756 876 809 τοῦ
942 755 1111 809 Ἰούδα
1139 757 1233 809 καὶ
1262 752 1455 809 ἑαυτοῦ
1510 771 1675 826 φησιν

83 854 383 927 εἰρῆσθαι·
439 853 498 904 ὲν
551 842 596 918 ᾧ
651 848 906 920 ζητήσεις
953 845 1069 910 πῶς
1121 844 1404 918 ἄνθρωπος
1455 845 1676 917 εἰρήνης

95 944 306 1006 Ἰούδας
336 938 428 1013 ἧν,
481 940 574 994 καί
618 941 704 991 ἐπ’
747 936 909 991 αὑτὸν
935 938 963 990 6
1002 935 1197 1009 Σωτὴρ
1229 936 1444 1007 ἡλπισε.
1476 932 1674 1004 Δηλοῦ-

88 1040 212 1092 σθαι
253 1033 356 1090 οὖν
384 1033 472 1088 διὰ
502 1033 704 1087 τούτων
748 1029 972 1102 νομίζω,
1001 1031 1083 1083 ὄτι
1109 1029 1346 1101 γνησίως
1387 1028 1519 1084 ποτὲ
1546 1029 1674 1081 ἐπε-

85 1125 408 1180 πιστεύκει·
438 1124 501 1177 οὐ
531 1122 640 1192 γὰρ
674 1120 761 1182 ἂν,
795 1119 1061 1192 μηδέποτε
1101 1119 1215 1173 υἱὸν
1262 1120 1483 1191 εἰρήνης
1530 1118 1675 1189 γενό-

90 1237 252 1290 μενον
286 1215 455 1272 αὐτόν
482 1212 829 1268 ἀποστέλλων
881 1211 1019 1282 μετὰ
1052 1211 1162 1264 τῶν
1202 1210 1407 1265 λοιπῶν
1442 1208 1673 1263 ἀποστό-

86 1310 191 1361 λων
209 1308 350 1378 (58),
364 1306 519 1375 ἔλεγε
537 1305 629 1358 καὶ
651 1303 817 1373 αὐτῷ’
850 1304 961 1365 τοῖς
982 1302 1091 1373 γὰρ
1106 1301 1311 1355 δώδεκα
1329 1301 1673 1372 ἀναγέγραπ·

87 1420 176 1456 ται
207 1399 496 1474 εἰρηκέναι
527 1398 608 1451 τό·
640 1417 658 1448 ι
693 1397 920 1450 Εἴπατε·
964 1396 1167 1465 Εἰρήνη
1205 1393 1284 1465 τῷ
1316 1394 1451 1464 οἴκῳ
1474 1393 1667 1462 τούτῳ·

86 1495 181 1550 καὶ
212 1493 309 1546 ἐὰν
342 1492 461 1549 ἐκεῖ
556 1487 674 1552 υἱὸς
715 1487 957 1558 εἰρήνης,
989 1486 1022 1555 ἡ
1048 1486 1239 1557 εἰρήνη
1272 1484 1424 1556 ὑμῶν
1455 1485 1541 1537 ἐπ’
1574 1485 1674 1538 αὐ-

88 1587 178 1639 τὸν
209 1582 623 1638 ἀναπαύσεταιο
664 1582 712 1634 εἰ
741 1580 797 1633 δὲ
839 1579 911 1650 μή
953 1593 1038 1646 γε,
1089 1580 1122 1647 ἡ
1173 1578 1362 1649 εἰρήνη
1400 1575 1553 1647 ὑμῶν
1585 1576 1669 1646 ἐφ’

90 1678 230 1746 ὑμᾶς
257 1673 613 1745 ἀνακάμψει·
654 1691 672 1725 ι
716 1670 810 1724 καὶ
843 1669 951 1741 γὰρ
983 1669 1083 1741 ὅρα
1115 1668 1233 1738 μεθ’
1253 1669 1352 1722 ὅσα
1378 1669 1407 1721 6
1429 1666 1672 1731 διάϐολος

1777 478 1861 532 bis
1889 490 1973 533 est
2001 495 2164 534 causa
2191 497 2207 546 ;
2241 480 2332 550 qui
2360 494 2445 534 me
2476 489 2560 536 est
2589 485 2925 551 proditurus,
2958 495 3015 537 ut
3055 485 3343 554 impleatur

1778 568 2057 640 Scriptura
2092 571 2316 625 dicens:
2354 588 2373 621 σ
2404 568 2508 636 Qui
2556 574 2845 626 manducat
2883 587 3076 641 pancm
3134 590 3337 637 meum,

1776 660 1996 715 sustulit
2034 671 2224 716 contra
2271 678 2358 717 me
2392 663 2708 718 calcaneum
2762 680 2916 720 suum
2940 665 3004 719 “.
3034 685 3053 718 ι
3086 665 3344 721 Transla-

1778 762 1887 806 tum
1915 763 2092 808 autem
2112 762 2194 808 est
2217 754 2683 827 παραφραστικῶς
2714 757 2919 812 dictum
2946 759 3047 813 hoc
3077 773 3105 812 a
3134 759 3342 829 psalmo

1774 844 2210 924 quadragesimo,
2260 845 2343 901 sic
2393 846 2640 901 habens:
2681 865 2701 898 ι
2734 847 2946 903 Etenim
2999 851 3162 905 homo
3189 850 3340 920 pacis

1777 949 1930 1001 meae,
1960 937 2012 988 in
2049 949 2155 1005 quo
2189 938 2425 1005 speravi,
2455 939 2546 1005 qui
2585 938 2780 993 edebat
2824 954 2994 1008 panes
3023 956 3192 1008 meos,
3223 957 3339 995 tua.

1774 1026 2051 1097 gnillcavit
2093 1027 2383 1081 adversum
2419 1043 2504 1082 me
2556 1029 3091 1099 supplantationem;
3123 1048 3143 1082 ι
3192 1033 3335 1100 quod

1775 1118 1977 1173 dictum
2040 1118 2303 1173 Servator
2357 1120 2425 1175 de
2479 1117 2639 1186 Juda,
2694 1135 2759 1175 ac
2805 1121 2871 1175 de
2922 1122 3099 1190 seipso
3136 1122 3339 1177 dictum

1774 1210 1944 1265 fuisse
1969 1210 2165 1280 inquit.
2200 1210 2257 1265 In
2291 1225 2398 1281 quo
2427 1224 2640 1280 qua-res
2681 1213 2952 1281 quomodo
2988 1215 3149 1267 homo
3188 1214 3340 1283 pach

1774 1301 1940 1357 Judas
1970 1290 2153 1368 fuerit,
2182 1305 2527 1374 etquomodo
2553 1304 2811 1360 Servator
2842 1305 2895 1359 in
2926 1320 3048 1359 eum
3087 1320 3341 1373 sperave-

1774 1394 1865 1447 rit.
1904 1392 1997 1448 His
2027 1395 2204 1449 verbis
2256 1410 2390 1465 ergo
2436 1395 2697 1450 declarari
2751 1395 2989 1451 arbitror
3015 1395 3206 1451 Judam
3242 1398 3342 1450 alt-

1773 1501 1878 1554 qua
1889 1487 1993 1541 mlo
2014 1487 2226 1543 sincere
2246 1488 2576 1556 credidisse;
2598 1504 2776 1561 neque
2796 1490 2963 1554 enim,
2984 1489 3035 1543 ui
3054 1490 3343 1559 aliquando

1772 1564 1965 1633 fuisset
1988 1579 2129 1635 lilius
2152 1579 2321 1650 pacis.
2353 1582 2589 1637 misisset
2636 1598 2759 1638 eum
2795 1583 3055 1639 Dominus
3090 1600 3211 1638 cum
3236 1598 3346 1638 ca:-

1777 1673 1908 1727 teris
1935 1673 2226 1741 apostolis;
2257 1674 2417 1741 eique
2439 1673 2670 1728 dixisset
2686 1674 2835 1746 (nam
2876 1675 3158 1731 duodecim
3197 1676 3342 1730 scri-

91 1768 277 1821 ἒϐαλεν
310 1765 483 1820 αὐτοῦ
516 1767 595 1828 εἰς
623 1762 722 1835 τὴν
749 1761 974 1836 καρδίαν
1006 1760 1075 1814 τὰ
1103 1758 1242 1813 κατά
1274 1758 1368 1812 τοῦ
1396 1759 1663 1831 Σωτῆρος,

1839 1779 1921 1818 ιιιιι
1952 1774 2036 1819 est
2066 1780 2192 1820 eum
2224 1764 2471 1835 dixisse),
2513 1782 2532 1816 ι
2559 1765 2730 1821 Dicite
2767 1785 2780 1820 :
2822 1764 2933 1821 Pax
2959 1767 3083 1822 huic
3122 1766 3337 1832 domui;

92 1861 180 1913 καὶ
214 1858 325 1930 πρὸ
375 1858 558 1927 ὀλίγου
600 1856 841 1926 κλέπτης
885 1851 1022 1909 εἶναι
1070 1851 1519 1924 μεμαρτύρηταιο
1568 1851 1669 1904 οὐκ

94 1954 155 2006 ἂν
189 1952 256 2018 δ’,
297 1947 480 2022 οἶμαι,
528 1948 764 2021 ἀρχῆθεν
814 1945 1050 2018 κλέπτης
1114 1944 1210 2009 ὢν,
1260 1942 1553 2015 ἐπιστεύθη
1608 1942 1671 1995 τό

92 2043 506 2113 γλωσσόκομον*
555 2041 702 2108 ἄξιος
739 2034 832 2092 οῦν
872 2037 964 2090 τοῦ
1012 2035 1367 2106 πιστευθῆναι
1414 2033 1548 2106 (⁸59)
1594 2032 1673 2086 ὣν

95 2136 169 2204 (εἰ
213 2134 310 2186 καὶ
352 2131 710 2204 προεγνὼσθη
766 2128 1291 2202 μεταπεσούμενος),
1338 2125 1665 2198 ἐπιστεύθη·

96 2230 185 2282 καί
211 2226 536 2300 τηλικοῦτος
575 2220 643 2296 ἦν
695 2224 978 2296 ἄνθρωπος
1024 2223 1247 2293 εἰρήνης
1295 2219 1551 2292 Χριστοῦ,
1594 2219 1671 2284 ὡς

98 2320 311 2384 ἐλπίδας
339 2317 552 2388 ἀγαθάς
575 2333 703 2370 ποτε
726 2315 818 2368 τὸν
872 2312 1078 2385 Ἰησοῦν
1109 2313 1195 2365 ἐπ’
1236 2309 1386 2382 αὐτῷ
1413 2312 1489 2375 ὡς
1521 2309 1671 2381 καλῷ

96 2413 373 2483 ἀποστὸλῳ
399 2408 721 2482 ὲσχηκέναι’
757 2408 920 2462 ἄκουε
953 2404 1061 2477 (40)
1096 2404 1205 2476 γὰρ
1232 2402 1346 2457 τοῦ⁸
1398 2424 1416 2455 ι
1471 2404 1584 2473 Ἐφ’
1612 2402 1670 2455 ὃν

97 2482 315 2575 ἦλπισα.
344 2482 371 2555 ί»
421 2500 564 2571 Ἐγὼ
593 2500 638 2552 δ’
667 2496 840 2570 οἶμαι,
873 2498 955 2550 ὅτι
986 2496 1081 2549 καὶ
1125 2495 1298 2564 λόγων
1343 2494 1671 2566 ἀπορρήτων

97 2595 522 2669 τροφιμωτόπων
586 2588 952 2658 κεκοινώνηκε
1004 2591 1117 2651 τοῖς
1186 2585 1506 2649 ἀποστόλοις
1562 2586 1671 2640 ἀπὸ

109 2690 276 2762 Ἰησοῦ
306 2685 514 2748 λαϐὼν,
563 2685 691 2757 περὶ
730 2675 805 2736 ὧν
845 2679 1029 2735 εἶπεν*
1060 2698 1083 2731 η
1128 2679 1186 2733 '0
1230 2677 1424 2732 ἐσθίων
1473 2678 1671 2749 ἄρτους

103 2800 225 2851 μουο
267 2801 285 2833 ι
318 2780 379 2835 τὸ
405 2778 466 2833 δέ
495 2775 627 2851 (ﬂ).
664 2796 682 2828 ι
728 2773 1091 2846 Ἐμεγάλυνεν
1117 2773 1202 2824 ἐπ’
1235 2771 1335 2842 ἐμὲ
1376 2770 1471 2842 τὴν
1506 2769 1672 2841 πτέρ-

101 2892 191 2928 ναν
219 2872 403 2937 αὑτοῦ,
452 2892 470 2924 ι
511 2868 959 2943 μεταπέφρασται
993 2869 1072 2930 εἰς
1114 2864 1206 2918 τό’
1249 2882 1268 2916 t
1319 2863 1554 2935 Ἐπῆρεν
1583 2864 1669 2914 ἐπ’

103 2967 197 3037 ἐμὲ
221 2966 317 3036 τὴν
341 2961 584 3034 πτέρναν
610 2958 796 3025 αὐτοῦ,
822 2976 841 3009 ι
861 2956 1002 3011 ὥστε
1027 2955 1222 3009 ταύτὸν
1242 2948 1379 3007 εἶναι
1403 2950 1484 3016 τὸ,
1522 2953 1673 3020 Ἐμε-

104 3058 336 3129 rit/ivre,
389 3053 491 3125 τῷ,
557 3051 790 3120 Ἐπῆρε.
820 3051 932 3103 Καὶ
976 3050 1026 3101 εί
1072 3047 1178 3119 χρὴ
1206 3046 1325 3117 τὴν,
1361 3064 1380 3095 ι
1434 3042 1672 3112 Ἐπῆρεν

1774 1867 1831 1912 et
1862 1858 1907 1913 si
1948 1857 2059 1913 illic
2087 1856 2254 1930 426
2278 1858 2446 1912 fuerit
2474 1858 2618 1913 illius
2644 1859 2816 1938 pacis,
2851 1860 3156 1929 requiescet
3180 1876 3345 1930 super

1776 1949 1927 2005 illum
1959 1965 2062 2021 pax
2088 1961 2307 2016 vestra;
2340 1949 2424 2005 sin
2457 1951 2653 2015 minus,
2685 1952 2754 2006 ad
2777 1966 2873 2007 vos
2908 1961 3211 2009 revertetur
3229 1969 3338 2024 pax

1776 2052 1953 2096 vestra
1978 2041 2061 2108 “;
2095 2062 2116 2095 ι
2148 2044 2379 2113 proinde
2407 2044 2532 2098 vide
2559 2052 2681 2112 post
2727 2052 2930 2113 quanta
2958 2045 3206 2100 diabolus
3238 2046 3341 2100 im-

1777 2134 1986 2189 miserit
2014 2135 2131 2191 haec
2172 2137 2225 2189 in
2281 2150 2379 2191 cor
2409 2136 2525 2206 ejus
2573 2136 2860 2190 adversum
2887 2133 3257 2201 Servatorem,
3288 2145 3341 2190 et

1775 2224 1901 2296 quia
1923 2227 2100 2283 dictus
2130 2237 2213 2283 est
2236 2228 2393 2296 paulo
2423 2237 2550 2283 ante
2576 2227 2664 2282 fur
2683 2240 2825 2282 esse.
2855 2225 2972 2281 Non
3013 2236 3193 2283 autem
3221 2229 3342 2295 opi-

1776 2333 1876 2374 nor
1913 2320 2055 2389 quod
2092 2323 2421 2390 marsupium
2457 2321 2507 2376 ei
2559 2320 2930 2375 concreditum
2964 2318 3179 2385 fuisset,
3225 2318 3269 2373 si
3311 2333 3341 2373 a

1775 2412 2042 2482 principio
2066 2410 2155 2466 fur
2204 2413 2431 2477 fuisset;
2464 2412 2558 2467 sed
2589 2412 2784 2482 dignus
2830 2425 2953 2466 cum
2982 2420 3127 2466 esset
3156 2409 3244 2464 cui
3274 2409 3343 2463 il-

1775 2503 1866 2558 lud
1909 2504 2224 2558 crederetur
2252 2503 2487 2566 (etiamsi
2546 2516 2667 2556 eum
2721 2502 3028 2572 praescisset
3068 2502 3342 2570 lapsurum

1773 2591 1976 2666 Iesus),
2006 2593 2152 2649 illius
2186 2594 2259 2649 illi
2298 2609 2423 2647 cura
2481 2594 2686 2648 credita
2738 2592 2874 2659 fuit;
2904 2591 3115 2662 fuitque
3163 2600 3345 2645 tactus

1775 2683 1936 2738 homo
1981 2685 2131 2753 pacis
2172 2684 2399 2752 Christi,
2448 2694 2506 2739 ut
2553 2686 2605 2738 in
2636 2699 2701 2740 eo
2730 2686 2877 2740 velut
2920 2684 3063 2742 bono
3097 2688 3344 2758 apostolo

1776 2774 1972 2829 bonam
2023 2789 2172 2842 spem
2233 2775 2484 2829 habuerit
2522 2775 2816 2844 aliquando
2839 2775 3027 2845 Jesus;
3060 2779 3342 2835 considera

1774 2869 1918 2923 enim
1968 2868 2138 2923 illud:
2175 2885 2195 2919 ι
2226 2866 2284 2921 lu
2338 2883 2446 2938 quo
2482 2870 2697 2939 speravi
2724 2871 2790 2923 “.
2822 2889 2843 2922 ι
2879 2869 3112 2926 Proinde
3160 2886 3340 2928 meum

1774 2968 1858 3014 est
1879 2959 2139 3027 judicium
2163 2974 2445 3015 sermones
2466 2975 2590 3014 eum
2620 2961 2884 3030 occultos,
2902 2972 2957 3016 et
2983 2962 3345 3028 ﬁrmissimos,

1776 3065 1840 3105 ac
1860 3051 2095 3105 maxime
2129 3053 2450 3115 nutrientes,
2480 3067 2617 3122 quos
2650 3069 2678 3105 a
2709 3052 2835 3108 Jesu
2866 3055 3185 3123 accepisset,
3212 3069 3345 3123 spo—

106 3152 183 3203 ὲπ⁸
225 3149 323 3220 ἐμὲ
363 3147 466 3220 τὴν
514 3144 748 3215 πτέρναν
800 3139 988 3205 αὐτοῦ,
1027 3158 1045 3191 ι
1080 3138 1193 3199 καὶ,
1241 3155 1259 3188 ι
1305 3134 1663 3206 Ἐμεγάλυνεν

1839 3143 1929 3197 Jlis
1957 3144 2413 3203 communicasse.
2439 3143 2506 3198 de
2529 3145 2727 3213 quibus
2748 3144 2885 3198 dixit
2910 3161 2925 3199 :
2963 3163 2983 3196 ι
3015 3144 3116 3210 Qui
3149 3143 3344 3199 edebat

108 3244 185 3294 ἐπ’
212 3242 308 3312 ἐμὲ
331 3237 664 3312 πτερνισμόν
688 3234 875 3299 αὑτοῦ,
920 3253 939 3285 ›
984 3231 1281 3302 σαφηνίσαι
1311 3227 1475 3295 λέξιν,
1497 3226 1665 3297 φήσοο

111 3352 218 3405 μεν,
241 3335 320 3386 ὅτι
347 3332 511 3386 τοῦτο
536 3332 678 3384 ποιεῖ
704 3330 732 3381 6
761 3326 859 3394 λὰξ
892 3324 1141 3379 ἐντείνων
1182 3322 1314 3376 τινίο
1349 3319 1586 3383 τοιοῦτος
1609 3318 1666 3372 δὲ

108 3426 193 3480 καὶ
233 3425 426 3488 Ἰούδας
451 3421 542 3496 ἦν,
577 3422 667 3477 τὸν
700 3421 827 3474 Υἰὸν
870 3419 962 3473 τοῦ
1003 3414 1139 3470 Θεοῦ
1183 3414 1532 3476 καταπατῶν,
1573 3413 1669 3466 καὶ

108 3517 317 3588 τρώγων
348 3514 415 3590 ἦν
459 3513 720 3589 μετά⁶τοῦ
780 3511 954 3584 Ἰησοῦ
994 3509 1089 3563 τὸν
1131 3510 1296 3581 ἄρτον
1341 3506 1527 3571 αὐτοῦ,
1576 3506 1665 3559 ὅτε

114 3609 273 3679 βάψας
317 3612 345 3663 6
401 3608 613 3681 Ἰησοῦς
647 3607 708 3660 τὸ
735 3603 948 3676 ψωμίον
977 3600 1265 3672 λαμϐάνει,
1318 3600 1412 3653 καί⁹
1450 3597 1667 3651 δίδωσιν

123 3699 279 3771 Ἰούδᾳ
310 3699 552 3771 Σίμωνος
589 3693 932 3767 Ἰσκαριώτῃ,
980 3692 1186 3762 ἐπῆρεν
1230 3689 1429 3752 Ἰούδας
1460 3690 1553 3742 ἐπὶ
1576 3687 1668 3741 τὸν

114 3790 420 3845 Διδάσκαλον
450 3789 553 3860 τὴν
584 3786 821 3857 πτέρναν
843 3784 1027 3849 αὑτοῦ,
1051 3785 1133 3837 ὅτι
1165 3781 1274 3854 (42)
1303 3781 1439 3853 μετὰ
1466 3781 1528 3833 τὸ
1562 3779 1670 3850 ψω-

117 3881 222 3951 μίον
254 3880 500 3951 εἰσῆλθεν
527 3882 556 3933 6
577 3879 819 3941 Σατανᾶς
849 3878 928 3940 εἰς
953 3874 1046 3928 τὸν
1088 3874 1309 3928 Ἰούδαν.
1338 3874 1402 3927 Εἰ
1430 3873 1486 3926 δὲ
1512 3872 1669 3926 δύνα-

112 3989 190 4025 ται
213 3973 300 4026 καὶ
323 3973 410 4026 τό·
451 3991 471 4024 ι
518 3972 584 4026 Ἦ
621 3970 824 4041 ἀνομία
861 3968 959 4039 τῆς
995 3965 1230 4038 πτέρνης
1267 3982 1367 4037 μου
1397 3964 1667 4020 κυκλώσει

116 4080 195 4131 με,
226 4083 244 4115 ι
288 4063 767 4134 συνεξεταζόμενον
800 4059 879 4131 τῷ
903 4077 917 4090 ’
965 4077 984 4111 ι
1031 4058 1267 4129 Ἐπῆρεν
1297 4058 1384 4111 ἐπ’
1432 4059 1531 4128 ἐμὲ
1569 4059 1667 4128 τὴν

114 4155 328 4228 πτέρναν
348 4156 535 4223 αὑτοῦ,
576 4175 595 4207 ι
622 4153 988 4225 ἀναφέρεσθαι
1021 4153 1113 4205 ἐπὶ
1145 4150 1234 4205 τὸν
1281 4150 1480 4205 Ἰούδαν
1512 4152 1669 4220 γενό-

119 4261 258 4313 μενον
279 4248 334 4299 ὲν
355 4250 420 4319 τῇ
448 4245 629 4318 μερίδι
652 4242 748 4297 τοῦ
798 4241 994 4313 Ἰησοῦ,
1034 4243 1129 4294 καὶ
1163 4240 1351 4312 κτῆμα
1397 4241 1670 4311 χρηματί-

118 4351 268 4390 σαντα
301 4339 488 4402 αὐτοῦ,
530 4335 624 4389 καὶ
668 4334 987 4397 ἀπόστολον,
1030 4331 1266 4403 πτέρναν
1304 4331 1361 4384 δὲ
1390 4330 1479 4384 διὰ
1505 4330 1566 4384 τὸ
1588 4348 1670 4384 τε-

117 4422 336 4481 λευταίον
364 4430 526 4484 αὐτὸν
568 4426 851 4498 γεγονέναι
885 4421 1160 4495 τροπικῶς
1208 4422 1521 4493 λεγόμενον,
1570 4424 1666 4477 καὶ

120 4515 260 4581 αὑτὸς
288 4521 671 4594 συνεπισκέψῃ.

1772 3250 1938 3305 panes
1970 3250 2119 3290 meos
2135 3234 2201 3288 η.
2233 3255 2252 3286 ι
2286 3234 2554 3291 Caeterum
2602 3251 2699 3306 pro
2729 3256 2742 3292 :
2787 3254 2806 3287 ι
2843 3237 3204 3306 Magniﬁcavit
3245 3236 3345 3292 ad-

1769 3339 1986 3378 versum
2016 3338 2102 3378 me
2141 3324 2633 3394 supplantationem
2668 3342 2846 3394 suam,
2878 3346 2898 3379 ι
2939 3326 3069 3382 fecit
3109 3341 3343 3398 cvange-

1769 3415 1892 3471 lista
1928 3434 1940 3469 :
1984 3433 2003 3465 ι
2030 3412 2263 3469 Sustulit
2282 3416 2572 3469 adversum
2599 3430 2684 3470 me
2702 3416 3018 3472 calcaneum
3042 3432 3256 3482 suum,»
3284 3428 3345 3472 ut

1770 3504 1912 3560 idem
1957 3506 2137 3559 valeat
2182 3504 2543 3575 magniﬁcavit
2599 3506 2743 3574 quod
2795 3505 3034 3561 sustulit.
3095 3506 3248 3572 Quod
3293 3505 3340 3560 si

1769 3607 2059 3653 contextus
2090 3597 2220 3653 hic:
2258 3615 2277 3649 ι
2311 3597 2540 3652 Sustulit
2575 3599 2864 3654 adversum
2904 3615 2990 3654 me
3022 3598 3340 3653 calcaneum

1768 3706 1981 3754 suum,»
2017 3689 2807 3762 et.¢Magnilicavitadversum
2844 3706 2930 3746 me
2950 3689 3342 3760 supplantatioa

1770 3798 1894 3838 nem
1927 3797 2079 3838 suam
2099 3781 2167 3848 κ,
2204 3801 2224 3834 ι
2269 3782 2581 3837 necessario
2628 3783 2786 3837 nobis
2834 3781 3210 3847 explanandus
3242 3779 3340 3848 sit,

1769 3875 2013 3929 dicemus
2042 3874 2144 3928 hoc
2176 3873 2295 3928 lieri
2325 3888 2355 3925 a
2390 3872 2540 3928 calce
2567 3872 2889 3928 intendente
2932 3871 3118 3944 plagas
3139 3872 3338 3938 alicui;

1768 3965 2075 4033 cujusmodi
2103 3964 2270 4019 etiam
2302 3975 2421 4018 erat
2462 3962 2632 4020 Judas
2667 3965 2760 4020 Dei
2792 3964 2987 4020 Filium
3038 3962 3338 4033 decipiens,

1768 4059 2214 4125 mamlucansque
2236 4071 2360 4110 cum
2390 4055 2517 4111 Jesu
2552 4054 2669 4123 ejus
2694 4070 2908 4126 panem,
2936 4071 3061 4109 cum
3095 4054 3342 4126 (immer-

1770 4166 1886 4205 sam
1935 4148 2233 4204 buccellam
2290 4149 2590 4214 accipiente
2639 4146 2790 4212 Jesu,
2843 4163 2908 4202 ac
2947 4144 3099 4201 Iudas
3130 4145 3338 4200 Simoni

1768 4242 2040 4296 lscariotae
2060 4240 2373 4311 porrigente
2391 4239 2481 4310 ‘°,)
2499 4239 2716 4294 sustulit
2733 4238 2899 4295 ludas
2917 4239 3177 4293 adversus
3199 4236 3342 4290 Prm-

1770 4344 2047 4400 ceptorem
2100 4330 2418 4386 calcaneum
2469 4345 2654 4397 suum,
2693 4330 2822 4398 quia
2869 4339 2991 4399 post
3042 4327 3339 4383 buccellam

1771 4425 1996 4480 intravit
2026 4426 2262 4481 Satanas
2314 4426 2368 4480 in
2406 4425 2621 4481 ludam.
2656 4428 2738 4476 An
2789 4437 2920 4477 vero
2972 4422 3138 4476 illud:
3180 4438 3198 4470 ι
3233 4419 3343 4473 lni-

1697 4498 1751 4561 θ-
1787 4519 1975 4588 quitas
1998 4516 2239 4573 calcanei
2268 4519 2369 4573 mei
2397 4515 2753 4574 circumdabit
2772 4531 2858 4571 me
2873 4515 2943 4579 σθ,
2968 4534 2987 4566 ι
3013 4530 3116 4568 una
3138 4512 3343 4569 exami-

123 4618 285 4666 natum
338 4630 456 4671 cum
513 4630 617 4672 eo:
656 4633 675 4666 ι
704 4613 934 4670 Sustulit
981 4619 1169 4666 contra
1224 4625 1309 4664 me
1355 4608 1674 4665 calcaneum
1741 4627 1926 4676 suum,
1958 4629 1978 4664 ι
2016 4609 2209 4665 referri
2277 4610 2344 4665 ad
2376 4609 2569 4665 Judam
2606 4609 2796 4679 possit,
2833 4608 2921 4678 qui
2953 4607 3054 4662 fuit
3099 4608 3152 4661 iu
3189 4616 3342 4675 parte

119 4698 247 4766 Jesu,
276 4714 328 4760 et
355 4708 568 4763 habitus
595 4713 867 4778 possessio
896 4705 1033 4772 ejus,
1081 4714 1136 4759 et
1172 4703 1470 4773 apostolus,
1508 4705 1683 4762 dictus
1729 4721 1857 4763 vero
1902 4705 2213 4765 calcaneum
2254 4707 2478 4777 tropice,
2504 4705 2648 4776 quod
2686 4705 2802 4775 ipse
2824 4702 3071 4758 ultimum
3102 4702 3343 4770 proditor

123 4788 284 4859 fuerit,
309 4808 361 4852 tu
395 4800 509 4868 ipse
544 4803 706 4855 etiam
732 4798 1133 4855 considerabis.

180 4887 227 4942 9.
254 4911 271 4942 ι
310 4894 534 4969 Ἀπάρτι
563 4896 708 4966 λέγω
760 4897 890 4968 ὑμῖν
932 4893 1039 4966 πρὸ
1085 4892 1179 4947 τοῦ
1223 4893 1513 4962 γενέσθαι,
1573 4896 1661 4950 ἵνα

123 4984 450 5057 πιστεύσητε,
492 4989 620 5042 ὅταν
677 4988 937 5059 γένηται,
1000 4988 1080 5040 ὅτι
1149 4986 1260 5054 ἐγώ
1321 4988 1455 5057 εἰμι.
1500 5005 1517 5037 ι
1552 4986 1662 5058 Τὴν

124 5073 370 5147 ἀναφορὰν
394 5082 428 5153 ή
457 5080 602 5146 λέξις
632 5080 769 5153 αῦτη
805 5081 919 5152 ἔχει
951 5079 1045 5161 επὶ
1063 5078 1124 5131 τὸ
1152 5078 1544 5151 προειρημένον
1576 5080 1657 5134 τό·

184 5185 226 5218 ⁴⁸
257 5190 380 5265 ibid.
471 5196 517 5229 “’
548 5196 678 5251 Luc.
712 5213 762 5259 ι,
788 5195 841 5259 5,
867 5195 920 5251 6.
996 5194 1042 5226 ⁸⁸
1066 5193 1213 5250 Psal.
1244 5210 1333 5259 XL,
1366 5193 1455 5250 10.
1532 5194 1575 5228 ⁸⁷
1605 5197 1663 5252 ἱιι

1839 5196 1860 5229 ⁸
1877 5195 2035 5253 Joan.
2085 5212 2204 5265 xm,
2258 5196 2347 5252 18.

129 5268 289 5329 XLVIII,
312 5262 362 5318 6.
466 5266 510 5299 "
537 5266 694 5324 Joau.
723 5281 840 5332 xm,
869 5265 956 5321 l9.

142 5441 150 5458 ε
188 5374 715 5458 (δελ-ᾉποστόλων.
753 5386 933 5442 Editio
965 5385 1146 5443 ﬂuetii
1186 5399 1470 5458 perperam
1501 5385 1669 5440 habet

132 5451 431 5508 αποστέλλω.

189 5518 291 5598 (39)
312 5524 695 5598 Πιστευθῆναι
715 5528 801 5581 ὢν
831 5524 910 5597 (εἰ
941 5528 1037 5582 καὶ
1074 5527 1460 5597 armarat-(60611
1487 5542 1666 5596 μετα-

131 5590 510 5667 Ξείῖρύμενος),
542 5590 888 5666 ἐπιστεύθη.
935 5599 1026 5654 Sic
1075 5590 1239 5654 recte
1270 5590 1457 5653 babct'
1487 5590 1667 5667 'codex

1839 4897 1892 4951 9.
1916 4916 1936 4948 ι
1965 4895 2119 4951 Nunc
2138 4896 2259 4950 dico
2290 4894 2440 4949 vobis
2468 4905 2757 4964 antequam
2776 4894 2968 4957 liat,ut
2990 4908 3112 4949 cum
3140 4892 3341 4948 factum

1770 4988 1956 5054 fuerit,
1987 4987 2224 5043 credatis
2254 4987 2379 5056 quia
2409 5002 2510 5056 ego
2553 4980 2673 5041 sum
2706 4986 2773 5040 ⁸⁸.
2808 5005 2828 5035 ι
2862 4985 3203 5040 Relationem
3236 4984 3337 5036 lia-

1769 5082 1903 5137 bent
1933 5080 2100 5136 verba
2139 5080 2258 5136 haec
2302 5082 2369 5134 ad
2417 5081 2467 5135 id
2501 5080 2643 5150 quod
2681 5078 2930 5146 superius
2970 5085 3053 5133 est
3086 5077 3286 5131 dictum
3320 5094 3334 5129 :

2449 5193 2492 5227 δ’
2521 5184 2679 5245 Joan.
2714 5208 2863 5257 xxvi,
2918 5190 3011 5247 27.
3118 5188 3164 5219 ”
3198 5187 3338 5243 Psal.

1837 5384 1952 5458 (40)
1983 5387 2163 5460 Codex
2192 5380 3005 5460 Bodleia_nus,ﬁxous°Begius,
3037 5378 3249 5460 ἀκούω..

1841 5450 1954 5531 (41)
1990 5457 2183 5531 Τὸῌδέ.
2223 5459 2381 5514 Deest
2411 5458 2464 5511 in
2500 5450 2743 5513 editione
2771 5450 2973 5515 lluctii,
3004 5453 3099 5506 sed
3148 5452 3343 5520 legitur

1767 5528 1820 5581 in
1846 5528 2036 5584 codice
2066 5529 2386 5587 Bodleiano.

1839 5599 1953 5673 (42)
1989 5599 2132 5653 Ὅτι.
2175 5600 2464 5673 Ferrarius
2498 5597 2692 5670 legisse
2736 5593 2952 5650 videtur
3006 5593 3124 5661 ὅτε,
3181 5589 3344 5645 vertit

133 5648 423 5743 [liftllsiit'nu‘s
441 5648 775 5743 ε’ίη-ἰίξεέεξιῖ
793 5648 1024 5743 alio;
1045 5648 1663 5743 Itgaiigg,";zaeaaigg

1842 5648 1989 5741 35;.
2016 5648 2270 5743 “quas;
2286 5648 2320 5723 ς

129 5729 453 5805 προεγνώσθη
478 5729 961 5810 μεταποῗιούμενος,
995 5729 1286 5809 ὲπιᾶτεύθὴ

338 5832 593 5902 Panos.
632 5841 746 5903 Gs.
788 5837 960 5903 XIV.

3032 5823 3117 5887 25
