3712 6138
408 345 437 399 7
449 344 514 401 79
1892 347 2215 406 ORIGENIS
3520 369 3589 425 780

416 484 434 515 ι
468 464 584 520 Non
615 460 683 517 de
710 461 960 519 omnibus
993 463 1147 518 vobis
1176 465 1297 520 dico
1323 484 1335 518 :
1365 478 1467 534 ego
1490 465 1605 521 scio
1634 480 1772 530 quos
1794 466 1965 539 elege-

2083 487 2102 519 ι
2137 469 2211 521 Οὐ
2237 469 2365 540 περὶ
2397 468 2615 523 πάντων
2646 469 2800 542 ὑμῶν
2858 470 3027 541 λέγω·
3071 474 3182 542 ἐγὼ
3206 469 3325 529 οἶδα
3368 478 3497 542 τίνας
3515 482 3591 550 iis.

412 560 542 625 rim;
589 559 685 612 sed
740 567 800 612 ut
837 556 1126 628 impleatur
1178 557 1459 629 Scriptum
1496 578 1508 613 :
1542 558 1642 627 Qui
1691 562 1965 617 manduca

2084 559 2325 632 λεξάμην
2344 577 2357 590 ’
2408 560 2523 614 ἀλλ’
2554 561 2640 615 ἴνα
2673 562 2706 633 ἡ
2753 562 2947 635 Γραφὴ
2993 564 3253 637 πληρωθῇ
3281 583 3295 596 ·
3340 567 3394 620 '0
3426 570 3591 640 τρώγων

411 666 603 724 panem
663 666 864 717 meum,
905 650 1124 707 sustulit
1183 654 1470 709 adversum
1524 669 1611 708 me
1664 655 1965 712 calcaneun‘

2087 656 2204 725 μετ’
2231 652 2365 725 ἐμοῦ
2389 653 2480 707 τὸν
2508 653 2671 725 ἄρτον
2701 654 2907 727 ἐπῆρεν
2928 656 3013 709 ἐπ’
3038 659 3138 728 ἐμὲ
3171 660 3272 730 τὴν
3302 660 3508 732 πτέρναν
3533 669 3593 720 αξι-

410 761 568 801 suum
594 744 639 777 "
676 762 690 810 ;
728 763 746 796 ι
778 744 883 799 hoc
920 744 1063 798 enim
1092 741 1358 809 futurum,
1385 755 1445 800 ut
1473 745 1752 816 Scriptura
1787 748 1982 818 imple-

408 850 561 894 retur
594 838 662 894 de
696 853 761 894 eo
789 837 884 907 qui
945 837 1168 892 sustulit
1208 837 1499 893 adversum
1530 854 1618 893 me
1661 840 1979 897 calcaneum

409 946 565 987 suum
602 930 714 1002 (qui
754 940 839 987 est
873 929 981 994 ille,
1011 929 1103 999 qui
1164 931 1459 987 manducat
1509 947 1707 1001 panem
1740 934 1980 1006 meum);

408 1039 551 1077 nunc
609 1023 731 1078 dico
788 1022 960 1087 vobis,
995 1030 1054 1078 et
1096 1022 1217 1077 dico
1262 1032 1554 1094 antequam
1606 1025 1719 1090 flat,
1752 1034 1830 1091 ut,
1860 1042 1980 1081 cum

410 1116 612 1172 factum
683 1116 847 1170 fuerit
901 1116 1044 1185 quod
1122 1116 1507 1184 prophetatum
1581 1121 1633 1173 in
1694 1116 1980 1188 Scriptura

410 1210 647 1265 futurum
690 1219 774 1264 est
825 1218 884 1262 ut
935 1207 1247 1275 impleatur,
1299 1208 1539 1265 credatis
1575 1225 1662 1265 me
1695 1223 1818 1265 esse
1854 1224 1978 1264 eum

408 1300 569 1373 427
600 1300 807 1371 dequo
857 1300 973 1354 haec
1024 1299 1340 1368 prophetata
1388 1310 1535 1367 sunt,
1577 1313 1797 1371 propter
1851 1314 1974 1355 eum

2083 746 2198 801 τοῦ.
2253 766 2272 799 ι
2322 746 2493 801 Τοῦτο
2534 746 2643 822 γὰρ
2688 746 2750 801 τὸ
2786 744 3182 820 ἐσόμενονηῖνα
3209 753 3244 822 ἡ
3292 752 3467 826 Γραφῇ
3500 759 3594 829 πλη.

2085 838 2233 912 ρωθῇ
2284 839 2412 911 περὶ
2464 839 2559 893 τοῦ
2618 840 2937 911 ἐπαίροντος
3001 843 3089 895 ἐπ’
3136 844 3236 914 ἐμὲ
3281 844 3379 915 τὴν
3425 848 3597 919 πτέρναι

2083 930 2248 983 αὐτοῦ
2315 931 2414 1001 (ὃς
2478 932 2595 983 ἐστι
2645 931 2873 1003 τρώγων
2936 934 3054 1003 μετ’
3108 934 3245 1006 ἐμοῦ
3297 935 3389 991 τὸν
3440 940 3598 1009 ἄρτον),

2082 1024 2289 1095 ἁπάρτι
2341 1023 2485 1093 λέγω
2538 1025 2687 1095 ὑμῖν,
2741 1026 2835 1079 καὶ
2888 1025 3033 1094 λέγω
3090 1028 3199 1099 πρὸ
3243 1028 3339 1081 τοῦ
3386 1010 3598 1099 γενέσθιι,

2082 1116 2192 1179 ἴνα,
2224 1115 2361 1170 ὲπὰν
2387 1116 2615 1187 γένηται
2651 1117 2711 1170 τὸ
2746 1117 3240 1190 πληρωθησόμενον
3291 1120 3397 1174 τῶν
3438 1142 3599 1196 προφη-

2077 1207 2376 1262 τευθέντων
2417 1209 2476 1262 ὲν
2515 1212 2582 1280 τῇ
2630 1210 2841 1280 Γραφῇ,
2888 1211 3241 1281 πιστεύσητε,
3292 1213 3374 1266 ὃτι
3405 1214 3500 1282 ἐγώ
3523 1219 3602 1289 εἰμι

2081 1299 2208 1369 περὶ
2232 1290 2293 1350 οὗ
2320 1296 2497 1352 ταῦτα
2541 1301 3003 1370 προπεφήτευται,
3054 1300 3163 1353 ἀπὸ
3212 1302 3308 1355 τοῦ
3356 1303 3601 1374 τρώγοντος

408 1399 524 1468 qui,
545 1412 667 1453 cum
700 1394 1055 1448 manducaret
1082 1408 1273 1462 panem
1300 1409 1500 1459 meum,
1533 1395 1750 1450 sustulit
1783 1396 1965 1451 adver-

2083 1390 2200 1461 μετ’
2228 1389 2396 1444 αὑτοῦ
2426 1390 2517 1443 τὸν
2548 1391 2732 1463 ἄρτον,
2787 1391 3091 1463 ἐπάραντος
3119 1394 3218 1466 τὴν
3262 1396 3449 1449 ἑαυτοῦ
3491 1400 3603 1470 mia

411 1505 530 1543 sum
563 1504 648 1543 me
676 1488 986 1542 calcaneum
1013 1501 1193 1540 suum.
1226 1485 1334 1541 Sed
1373 1495 1585 1556 qnmrat
1612 1484 1812 1555 aliquis
1840 1503 1965 1556 quo-

2082 1497 2175 1534 ναν
2201 1482 2320 1534 κατ’
2353 1480 2543 1536 αὐτοῦ.
2571 1484 2805 1554 Ζητήσει
2836 1482 2881 1533 δ’
2908 1483 2973 1537 ἄν
3006 1501 3088 1548 τις
3126 1485 3244 1550 πῶς
3289 1487 3489 1558 εἴρηται
3529 1496 3605 1556 τοῖς

412 1578 571 1633 modo
609 1578 812 1633 dictum
859 1576 932 1632 sit
960 1574 1266 1646 discipulis,
1302 1592 1535 1647 quorum
1569 1578 1779 1633 laverat
1815 1580 1965 1648 pedes

2083 1571 2371 1643 μαθηταῖς,
2403 1565 2478 1627 ὧν
2501 1572 2652 1643 ἔνιψε
2691 1574 2817 1638 τοὺς
2849 1574 3017 1639 πόδας
3057 1578 3086 1629 ό
3126 1576 3361 1648 Ἰησοῦς,
3393 1580 3462 1643 ὡς
3486 1583 3606 1653 μηδὲ·

408 1669 593 1735 Jesus,
633 1668 859 1738 perinde
910 1668 1065 1737 quasi
1110 1669 1345 1723 nomium
1397 1670 1762 1725 credidissent
1800 1670 1965 1737 ipsum

2082 1680 2169 1716 πω
2214 1664 2588 1731 πιστεύσασιν,
2622 1666 2705 1719 ὅτι
2745 1666 2840 1720 καὶ
2882 1667 3044 1730 αὐτὸς
3092 1668 3177 1740 εἴη
3207 1672 3237 1723 ὁ
3280 1672 3515 1743 Χριστὸς,
3542 1676 3605 1729 sa"

405 1758 526 1820 esse
558 1763 833 1819 Christum
863 1780 877 1817 :
909 1779 931 1814 ι
955 1761 1111 1818 Nunc
1142 1763 1265 1818 (lico
1295 1763 1449 1818 vobis
1484 1774 1776 1830 antequam
1810 1764 1926 1829 fiat,
1954 1784 1965 1816 ι

2086 1775 2105 1808 ι
2147 1756 2375 1830 Ἀπὰρτι
2425 1756 2569 1826 λέγω
2611 1758 2740 1829 ὑμῖν
2784 1760 2889 1832 πρὸ
2924 1760 3019 1814 τοῦ
3058 1762 3334 1830 γενέσθαι,
3373 1782 3392 1816 ι
3427 1766 3507 1817 καὶ
3548 1768 3609 1819 διὰ

404 1868 459 1912 et
485 1866 702 1926 propter
755 1856 858 1909 hoc
894 1855 1036 1920 dico,
1078 1873 1097 1906 ι
1129 1863 1186 1908 ιιι
1231 1870 1356 1909 cum
1410 1852 1611 1910 factum
1650 1854 1835 1923 fuerit,
1859 1872 1965 1912 cre-

2084 1848 2242 1903 τοῦτο
2268 1848 2435 1918 λέγω,
2484 1850 2591 1915 ἵνα,
2640 1852 2767 1906 ὅταν
2808 1870 2828 1904 ι
2875 1852 3124 1925 γένηται,
3178 1857 3516 1928 πιστεύσητε,
3552 1860 3607 1914 ὅτι

406 1947 548 2002 datis
580 1961 665 2001 me
696 1959 819 2001 esse
843 1945 889 1977 ⁸³
916 1963 936 1995 ι
994 1943 1270 1998 Christum
1321 1945 1723 2013 pr0phetatum.
1757 1946 1827 1999 At
1861 1946 1965 2000 vidt

2084 1940 2196 2011 ἐγώ
2222 1944 2337 2014 είμι
2371 1961 2391 1994 ι
2427 1945 2457 1996 ὁ
2489 1944 2889 2015 προφητευθεὶς
2916 1946 3170 2017 Χριστός.
3203 1948 3319 2001 Καὶ
3349 1950 3447 2019 ὅρα
3472 1951 3512 2001 εί
3546 1950 3607 2003 δυ-

406 2056 533 2095 num
581 2038 847 2111 possimus
885 2044 1139 2091 caventes
1185 2049 1444 2091 accusare
1493 2036 1670 2106 tales,3
1701 2045 1965 2105 tantosque

2084 2033 2295 2106 νάμεθα
2320 2035 2755 2106 κατηγοροῦντες
2782 2036 2890 2090 τῶν
2922 2037 3257 2109 τηλικούτων
3287 2039 3455 2109 Ἰησοῦ
3484 2042 3609 2110 μαθη-

403 2130 529 2186 .lesn
557 2130 1039 2201 discipulos,quasi
1062 2130 1155 2198 qui
1176 2128 1414 2182 nondum
1440 2127 1826 2195 credidissent,
1846 2142 1981 2182 con-

405 2224 584 2279 silium
635 2229 801 2278 etiam
848 2235 1071 2278 servare
1120 2220 1353 2275 dicentis
1388 2238 1401 2273 :
1441 2239 1460 2273 ι
1489 2218 1561 2276 Ut
1599 2234 1721 2274 cum
1777 2220 1980 2275 factum

405 2316 590 2378 fuerit,
617 2314 848 2369 credatis
878 2313 1004 2383 quia
1026 2327 1127 2383 ego
1164 2326 1305 2366 sum.
1341 2329 1360 2362 ι
1408 2308 1509 2375 Qui
1544 2309 1737 2378 recipit
1766 2310 1981 2380 sapien-

407 2410 493 2465 tiae
528 2411 888 2473 theoremata,
923 2406 1197 2462 interdum
1242 2418 1339 2472 per
1385 2402 1594 2473 priora,
1634 2401 1831 2469 quibus
1865 2401 1978 2471 jam

404 2503 622 2574 sapiens
670 2510 776 2565 est,
800 2499 1031 2569 percipit
1077 2497 1401 2567 posteriora.
1450 2495 1503 2549 in
1558 2495 1761 2564 quibus
1820 2504 1979 2549 antea

406 2611 514 2650 non
564 2604 681 2648 erat
732 2593 952 2662 sapiens
1009 2590 1419 2659 sapientiorqne
1442 2587 1980 2658 erit:quemadmo-

403 2687 532 2741 dttm
564 2685 691 2739 illud
723 2684 886 2739 etiam
915 2682 1117 2738 dicitur
1151 2698 1164 2733 :
1206 2699 1225 2732 ι
1256 2681 1381 2735 Haec
1437 2680 1587 2733 enim
1631 2678 1862 2733 audiens
1891 2693 1981 2732 sa-

402 2777 574 2846 piens,
618 2776 917 2847 sapientior
942 2774 1141 2829 erit“.
1172 2791 1191 2824 ι
1235 2772 1305 2827 Ut
1332 2771 1498 2843 igitur
1536 2770 1581 2825 si
1620 2769 1867 2834 sapienti.
1893 2770 1977 2825 di-

402 2878 658 2923 cet-enlur
702 2866 948 2936 quaadam
973 2906 989 2930 ,
1029 2875 1085 2920 et
1122 2865 1543 2935 subjungeretur
1577 2880 1590 2915 :
1625 2860 1750 2916 Haec
1800 2870 1853 2915 te
1899 2861 1979 2914 fa-

403 2961 552 3015 ciunt
596 2960 895 3026 sapientem
926 2976 940 3025 ;
975 2973 1083 3012 non
1111 2958 1336 3012 omnino
1384 2956 1685 3026 sapientem
1719 2956 1975 3010 conside-

403 3067 656 3108 raremus
687 3067 752 3107 ex
800 3067 905 3107 non
945 3051 1214 3120 sapiente,
1247 3051 1343 3106 sed
1373 3063 1440 3105 ex
1477 3049 1723 3120 sapiente
1756 3048 1978 3117 sapien-

2081 2127 2212 2192 τῶν,
2245 2128 2321 2193 ὡς
2350 2128 2560 2183 οὐδέπω
2594 2129 3054 2194 πεπιστευκότων,
3085 2132 3180 2185 καὶ
3200 2131 3264 2183 τὸ
3296 2130 3522 2202 βούλημα
3542 2132 3609 2184 σώ-

2083 2218 2196 2283 ζειν
2237 2218 2330 2271 τοῦ
2386 2221 2632 2283 εἰπόντος
2655 2238 2668 2250 ·
2709 2223 2854 2277 «Ἵνα
2880 2223 3222 2294 πιστεύσητε,
3256 2224 3388 2278 ὅταν
3415 2224 3607 2294 γένηται,

2081 2312 2163 2366 ὅτι
2215 2311 2325 2382 ἐγώ
2362 2314 2497 2385 εἰμι.
2541 2332 2560 2366 ι
2594 2313 3044 2385 Παραλαμϐάνων
3094 2315 3291 2384 σοφίας
3340 2314 3609 2387 θεωρήματι

2081 2404 2197 2459 ἔσθ’
2232 2406 2321 2459 ὅτε
2346 2407 2441 2460 καὶ
2470 2407 2757 2479 προτέροις
2774 2407 2873 2480 ήδη
2906 2407 3018 2479 (45)
3050 2408 3211 2477 σοφός
3244 2412 3395 2463 ἐστιν
3422 2409 3610 2477 ἀναλαμ-

2081 2496 2234 2550 ϐάνει
2259 2496 2510 2568 δεύτερα,
2560 2496 2645 2565 ἐφ’
2676 2490 2761 2560 οἷς
2791 2498 2854 2550 οὐ
2905 2496 3172 2570 πρότερον
3208 2494 3280 2570 ἦν
3330 2498 3498 2567 σοφὸς,
3546 2497 3610 2550 καὶ

2081 2589 2388 2661 σοφώτερος
2431 2590 2584 2643 ἔσται
2605 2606 2618 2619 ·
2661 2589 2845 2654 καθὼς
2883 2590 3100 2659 λέγεται
3133 2592 3229 2644 καὶ
3288 2592 3382 2645 τόδ
3424 2609 3442 2641 t
3476 2588 3608 2642 Τῶνδε

2079 2682 2189 2755 γὰρ
2210 2681 2448 2746 ἀκούσας
2478 2683 2661 2751 σοφὸς,
2714 2680 3021 2753 σοφώτερος
3068 2681 3239 2735 ἔσται.
3277 2701 3298 2734 ι
3328 2682 3521 2752 ’Ὥσπερ
3544 2675 3609 2733 οὖν

2083 2778 2131 2829 εἰ
2169 2775 2386 2844 ἐλέγετο
2414 2774 2491 2846 τῷ
2523 2774 2671 2846 σοφῷ
2723 2773 2849 2828 τάδε
2882 2774 3024 2839 τινὰ,
3078 2776 3173 2828 καὶ
3220 2774 3537 2846 ἐπεφέρετο·
3562 2803 3609 2814 -

2079 2866 2264 2920 Ταῦτά
2282 2883 2341 2919 σε
2363 2868 2506 2920 ποιεῖ
2522 2867 2704 2937 σοφὸν,
2721 2898 2790 2911 —-
2804 2866 2864 2919 οὐ
2885 2866 3101 2930 πάντως
3120 2865 3188 2920 ἂν
3208 2865 3280 2919 ὲκ
3295 2866 3387 2920 τοῦ
3402 2865 3474 2937 μὴ
3490 2862 3610 2932 σοφοῦ

2081 2956 2242 3026 σοφὸν
2276 2957 2599 3027 ὲνοήσαμεν,
2628 2956 2766 3010 ἀλλὰ
2796 2956 2892 3010 καὶ
2920 2957 2987 3009 ὲκ
3016 2956 3183 3026 σοφοῦ
3213 2956 3527 3027 σοφώτερον,
3557 2953 3608 3016 ὡς

2078 3046 2468 3118 ἐπιγινομένης
2508 3048 2607 3119 τῆς
2632 3046 2937 3120 προκοπῆς,
2973 3046 3067 3100 καὶ
3102 3047 3400 3118 όδευούσης
3432 3045 3513 3100 ἐπὶ
3542 3044 3610 3115 τὴ)

403 3147 621 3211 tiorem,
659 3156 913 3213 tanquam
948 3141 1192 3213 profectu
1240 3140 1586 3203 succedente,
1621 3149 1676 3195 et
1720 3140 1965 3194 tendente

2082 3140 2388 3211 τελειότητα
2412 3158 2427 3172 ο
2464 3140 2607 3194 οὕτω
2637 3158 2725 3212 μοι
2748 3141 2858 3194 νόει
2878 3142 2974 3194 καὶ
3002 3141 3093 3194 τὸν
3138 3141 3463 3195 πιστεύοντα
3488 3140 3609 3196 δύντα

401 3239 472 3290 ad
521 3235 1068 3304 perfectionetnzsic
1130 3233 1262 3288 mihi
1310 3231 1596 3288 considera
1661 3236 1965 3288 credentem

2083 3232 2203 3285 σθαι
2221 3232 2535 3304 πιστότερον
2556 3232 2825 3302 γενέσθαι·
2851 3235 2944 3287 καὶ
2967 3232 3076 3305 γὰρ
3093 3235 3143 3287 οἱ
3159 3234 3465 3298 ἀπόστολοι,
3485 3250 3611 3305 προσ-

402 3342 562 3397 posse
610 3330 784 3399 magis
824 3316 1153 3385 credentem’
1194 3326 1310 3381 ﬁeri
1340 3346 1355 3381 :
1387 3326 1614 3397 apostoli
1655 3326 1801 3381 enim
1852 3340 1975 3380 cum

402 3422 697 3492 aliquando
734 3423 801 3476 ad
847 3422 1130 3476 Dominum
1169 3422 1553 3483 accessissent,
1604 3433 1709 3473 non
1767 3419 1976 3487 seipsos

402 3512 720 3567 incusantes
759 3523 1012 3582 tanquam
1061 3527 1168 3567 non
1205 3512 1510 3575 credentes,
1551 3510 1808 3566 dixerunt
1853 3509 1926 3562 illi
1959 3524 1974 3560 :

406 3623 426 3655 ι
454 3603 710 3669 Domine,
760 3605 970 3675 adauge
1025 3606 1183 3661 nobis
1228 3603 1387 3659 fidem
1405 3605 1497 3657 ":
1538 3621 1558 3656 ι
1600 3602 1866 3671 siquidem
1918 3602 1971 3655 in

400 3694 687 3763 vocabulo,
728 3699 953 3766 adauge,
986 3705 1176 3766 aperte
1204 3695 1512 3749 ostenditur
1538 3693 1698 3749 fidem
1720 3693 1974 3748 habuisse

402 3797 674 3869 apostolos
736 3793 1035 3863 capientem
1084 3789 1556 3843 additamentum.
1609 3784 1974 3852 Quamobrem

404 3893 449 3948 si
491 3893 606 3946 haec
656 3885 1057 3948 intelleximus,
1094 3879 1228 3935 mihi
1277 3878 1562 3934 considera
1609 3876 1975 3931 additamenta

403 3999 583 4038 rerum
631 3981 788 4035 fidem
828 3977 1166 4038 facientium,
1220 3982 1341 4043 post
1386 3972 1633 4041 quadam
1657 3984 1777 4039 quas
1814 3979 1974 4023 antea

405 4074 564 4127 ﬁdem
607 4073 869 4136 fecerant,
908 4068 1185 4123 addidisse
1234 4064 1394 4130 ﬁdei;
1435 4063 1572 4118 adeo
1619 4073 1679 4117 ut
1724 4060 1974 4130 discipuli

402 4171 598 4233 praeter
633 4176 696 4214 ea
728 4174 848 4227 quat
874 4158 1143 4212 habebant
1166 4156 1323 4210 fidem
1354 4154 1636 4220 facientia,
1664 4153 1830 4207 etiam
1868 4154 1973 4207 hoc

2078 3324 2324 3389 ελθόντες
2369 3324 2501 3378 ποτὲ
2543 3325 2623 3396 τῷ
2668 3325 2876 3397 Κυρίῳ,
2909 3327 3007 3398 οὐχ
3048 3326 3255 3380 ἑαυτῶν
3299 3327 3613 3398 κατηγοροῦνο

2077 3436 2170 3482 τες
2191 3419 2268 3481 ὡς
2294 3418 2558 3483 ἀπίστων,
2587 3418 2772 3488 ἔλεγον
2798 3419 2947 3490 αὑτῷ
2986 3420 3112 3472 τό·‹
3173 3420 3373 3493 Κύριε,
3422 3419 3611 3493 πρόσθες

2078 3513 2210 3584 ἡμῖν
2231 3511 2411 3565 πίστιν
2428 3528 2443 3541 ο
2476 3530 2495 3564 ι
2526 3512 2620 3566 καὶ
2648 3510 2759 3583 γὰρ
2787 3512 2845 3565 ὲν
2870 3512 2970 3583 τῷ.
2988 3512 3270 3580 πρόσθες,
3302 3514 3481 3583 σαφῶς
3511 3530 3613 3584 παρ-

2082 3602 2311 3668 ίσταται,
2344 3602 2427 3655 ὅτι
2456 3602 2637 3655 πίστιν
2680 3600 2823 3673 εἶχον
2859 3601 3140 3674 χωροῦσαν
3187 3603 3514 3675 προσθήκην.
3548 3602 3611 3655 Εἷ-

2080 3713 2185 3765 περ
2213 3690 2306 3749 οῦν
2334 3697 2645 3768 συνήκαμεν
2687 3694 2881 3761 ταῦτα,
2912 3696 3021 3750 νόει
3054 3713 3145 3767 μοι
3195 3696 3299 3761 τὰς
3343 3694 3609 3767 προσθήκας

2077 3788 2185 3842 τῶν
2213 3788 2691 3855 πιστοποιούντων,
2718 3788 2862 3859 μετά
2892 3805 3012 3842 τινα
3045 3789 3312 3859 πρότερον
3339 3788 3611 3855 πιστοποιή-

2080 3894 2262 3943 σοντα,
2290 3879 2640 3951 προστιθέναι
2667 3882 2735 3951 τῇ
2772 3880 2983 3933 πίστει·
3009 3878 3151 3932 ὥστε
3193 3880 3292 3933 καὶ
3326 3881 3449 3943 τοὺς
3475 3877 3610 3949 μαθη-

2075 3970 2175 4034 τὰς
2197 3970 2333 4042 πρὸς
2356 3965 2437 4035 οἷς
2460 3966 2605 4041 εἶχον
2635 3972 3115 4042 πιστοποιητικοῖς,
3141 3970 3235 4025 καὶ
3257 3968 3414 4022 τοῦτο
3433 3981 3609 4039 προσει-

2077 4060 2305 4132 ληφέναι
2332 4062 2393 4114 τὸ
2427 4060 2645 4130 βλέπειν
2668 4060 3047 4133 πληρουμένην
3076 4058 3175 4131 τὴν
3207 4059 3469 4128 λέγουσαν
3506 4055 3611 4124 Γρα-

2078 4153 2218 4223 φήν·
2258 4171 2277 4203 ι
2324 4153 2381 4207 '0
2410 4151 2639 4225 τρώγων
2688 4170 2789 4224 μου
2821 4152 2912 4205 τὸν
2955 4152 3118 4222 ἄρτον
3159 4150 3363 4222 ἐπῆρεν
3413 4147 3493 4199 ἐπ’
3536 4142 3610 4211 ἐμὲ

403 4253 820 4324 assumpserint,
865 4261 924 4305 ut
968 4250 1214 4304 viderent
1262 4248 1605 4319 Scripturam
1640 4247 1912 4302 dicentem
1956 4262 1965 4299 :

2082 4246 2175 4318 τὴν
2201 4246 2441 4318 πτέρναν
2492 4244 2680 4312 αὑτοῦ,
2718 4265 2736 4297 ι
2777 4244 3141 4316 παριστάντος
3182 4241 3277 4296 τοῦ
3317 4249 3609 4313 προφητευσ-

407 4368 428 4401 ι
457 4349 559 4415 Qui
597 4347 885 4401 manducat
933 4360 1126 4414 pauent
1163 4358 1363 4408 meum,
1406 4342 1629 4398 sustulit
1654 4349 1844 4397 contra
1889 4355 1965 4396 me

2082 4340 2263 4411 μένου,
2292 4340 2374 4393 ὅτι
2403 4339 2566 4402 αὐτὸς
2591 4334 2659 4410 ἦν
2705 4337 2833 4409 περὶ
2872 4331 2932 4391 οῦ
2972 4335 3145 4389 ταῦτα
3172 4333 3478 4397 ὲθεσπίζετο
3502 4325 3605 4395 (M)'

403 4439 715 4493 calcaueum
752 4453 908 4493 suum
938 4436 1006 4501 “,
1032 4455 1049 4487 ι
1086 4434 1389 4503 impletam,
1425 4434 1493 4487 ob
1523 4433 1713 4488 oculos
1740 4440 1965 4503 ponente

2082 4434 2174 4488 καὶ
2197 4432 2361 4487 ἄκουε
2382 4431 2499 4497 τοῦ,
2525 4432 2675 4483 (Ἵνα
2702 4427 3079 4499 morationes,»
3096 4426 3170 4490 ώς
3204 4425 3318 4478 ἴσον
3349 4419 3605 4490 δυναμένω

403 4546 467 4585 eo
510 4532 601 4601 qui
642 4531 1067 4602 prophetabatur
1105 4542 1166 4582 se
1212 4542 1356 4592 esse,
1389 4525 1456 4580 de
1479 4540 1586 4594 quo
1617 4525 1745 4578 talia
1777 4524 1965 4594 praedi-

2082 4526 2174 4597 τῷ,
2209 4526 2325 4579 Ἵνα
2351 4523 2609 4594 ὲνεργῆτε
2642 4522 2775 4594 (45),
2802 4519 3209 4593 παραμένοντες
3241 4517 3321 4587 τῷ
3352 4511 3604 4568 πιστεύειν,

402 4634 487 4679 cta
530 4627 743 4679 fuerant
776 4640 791 4676 :
820 4624 1048 4691 videque
1080 4631 1144 4675 ut
1180 4619 1451 4689 intelligas
1489 4617 1590 4672 hoc
1629 4615 1965 4681 vocabulum,

2082 4618 2175 4672 atat
2204 4618 2474 4690 μηδεμίαν
2507 4615 2761 4689 ἀφορμὴν
2802 4614 2939 4687 πρὸς
2965 4613 3025 4666 τὸ
3051 4609 3428 4684 μετατίθεσθαι
3466 4604 3604 4691 iam:

408 4738 428 4770 ι
465 4719 530 4774 Ut
556 4718 871 4782 credatis",
893 4736 911 4769 ι
948 4688 1172 4787 perinde
1194 4728 1259 4769 ac
1284 4688 1375 4778 sit,
1400 4712 1469 4767 Ut
1496 4710 1823 4781 operemini,
1855 4726 1965 4781 per-

2082 4729 2189 4776 τες.
2210 4688 2327 4764 καὶ
2350 4688 2409 4764 εἴ
2432 4727 2514 4764 τοι
2551 4688 2629 4781 μὴ
2668 4706 2887 4780 μεγέθει
2938 4704 3149 4777 μεγάλη
3185 4704 3219 4773 ἡ
3261 4701 3439 4761 πίστις
3466 4688 3603 4787 ἦν,Δῆ

404 4820 688 4864 manentes
726 4810 781 4864 in
832 4808 1177 4869 credulitate,
1221 4804 1425 4860 nullam
1454 4818 1676 4858 causam
1711 4802 1965 4857 habentes

2082 4801 2270 4874 πλήθει
2308 4801 2496 4874 πολλὴ,
2533 4803 2633 4855 οὑκ
2687 4799 2753 4854 ἂν
2800 4799 2983 4868 ἔλεγεν
3023 4799 3051 4850 ὁ
3093 4795 3305 4857 Παῦλος
3347 4792 3434 4845 τό·
3471 4806 3487 4837 ι
3515 4781 3604 4874 Κᾶν

403 4919 507 4973 qua
541 4902 849 4956 mutemini.
897 4901 976 4956 Ac
1016 4907 1167 4954 certe
1216 4896 1321 4951 nisi
1366 4894 1745 4965 magnitudine
1777 4909 1965 4963 magna

2082 4869 2181 4966 ἔχω
2203 4896 2381 4949 πᾶσαν
2409 4869 2508 4965 την
2536 4895 2717 4947 πίστιν
2736 4910 2749 4922 ·
2783 4910 2802 4944 ι
2843 4890 3031 4961 ὥσπερ
3075 4888 3183 4959 γὰρ
3208 4888 3236 4939 ὁ
3278 4869 3603 4973 τέλειᾳῇῘώ

403 4962 537 5047 tides
572 4999 743 5055 esset,
782 4997 874 5043 aut
921 4987 1265 5042 multitudine
1310 4962 1501 5051 multa,
1546 4962 1965 5053 haudquaquam

2082 4962 2256 5051 πασας
2290 4986 2430 5057 ἔχων
2457 4962 2554 5049 τὰς
2580 4983 2801 5057 ἀρετὰς,
2839 4981 3050 5035 τελείαν
3084 4979 3319 5046 ἑκάστην
3339 4962 3598 5067 ἁναλαόὼγ.

402 5084 632 5139 dixisset
679 5078 986 5137 Paulus“:
1030 5076 1295 5132 (Etiamsi
1348 5074 1587 5131 habuero
1643 5088 1859 5129 omnem
1910 5074 1965 5127 fi-

2082 5076 2282 5131 τελείαν
2329 5076 2441 5146 ἔχει
2475 5076 2571 5147 τὴν
2602 5076 2812 5144 σοφίαν,
2853 5075 2948 5126 καὶ
2975 5069 3180 5125 τελείαν
3225 5066 3319 5137 τὴν
3364 5071 3600 5147 diu???"

402 5179 547 5232 dem.
578 5194 597 5227 ι
637 5174 710 5231 Ut
733 5172 877 5228 enim
926 5169 1221 5239 perfectus,
1251 5176 1306 5222 et
1330 5180 1519 5222 omnes
1562 5165 1771 5220 habens
1801 5164 1965 5217 virtu-

2082 5186 2190 5239 νην,
2222 5168 2363 5222 οὕτω
2395 5169 2451 5222 δὲ
2485 5169 2578 5222 καὶ
2600 5168 2698 5239 τὴν
2728 5150 3027 5228 εὐσέϐειαν,
3058 5163 3152 5215 καὶ
3175 5160 3272 5222 τὰς
3297 5154 3505 5214 λοιπάς·
3527 5144 3597 5244 0'5:

404 5280 506 5335 tes,
542 5285 665 5325 cum
712 5264 1024 5336 singulatim
1079 5272 1519 5330 unamquamque
1558 5259 1817 5311 virtutem
1849 5269 1965 5324 per-

2082 5277 2184 5323 τως
2206 5260 2270 5314 ἄν
2306 5277 2389 5323 τις
2417 5255 2535 5312 εἷπε
2565 5262 2630 5330 τῇ
2656 5258 2749 5312 τοῦ
2794 5256 3069 5310 πιστεύειν
3099 5253 3268 5324 ἀρετῇ
3299 5245 3503 5304 τελείως

406 5367 600 5419 rectam
638 5360 963 5432 perceperit,
1005 5354 1297 5427 perfectam
1343 5353 1507 5407 habet
1536 5350 1884 5421 sapientiam,
1917 5356 1965 5401 et

2082 5355 2259 5407 πᾶσαν
2289 5352 2400 5425 (46)
2435 5353 2575 5424 ἔχειν
2601 5353 2705 5422 τὴν
2729 5351 2930 5405 πίστιν.
2962 5347 3149 5401 Ταῦτα
3182 5344 3238 5398 δέ
3273 5357 3408 5412 φημι
3450 5335 3516 5397 ὡς
3552 5335 3597 5380 οὐ

508 5478 554 5508 ⁸⁸
582 5476 737 5531 Joan.
770 5490 891 5537 χιιι,
922 5470 1008 5527 18.
1092 5469 1138 5501 ⁸³
1159 5465 1316 5523 Joan.
1350 5482 1468 5531 xm,
1508 5465 1595 5520 l9.
1667 5462 1712 5494 ”
1745 5460 1902 5518 Prov.
1930 5478 1965 5530 ι¹

2130 5467 2175 5500 ⁸⁸
2207 5466 2336 5522 Luc.
2375 5483 2509 5533 xvn,
2540 5466 2592 5520 5.
2693 5463 2740 5495 ⁸⁸
2771 5462 2928 5518 Joau.
2960 5475 3080 5523 xm,
3110 5456 3198 5511 l8.
3298 5452 3341 5485 ⁸⁷
3368 5447 3486 5504 ibid.
3533 5438 3596 5493 l9-

406 5542 451 5577 ⁵⁸
482 5547 644 5601 ICor.
678 5562 796 5612 xm,
833 5545 887 5598 ‘2.

478 5637 587 5707 (4,5,)
613 5637 778 5703 Ἤδη.
806 5636 948 5704 Lego
975 5632 1056 5699 οἷς
1080 5634 1216 5707 ἤδη.Δ
1237 5701 1255 5707 _
1378 5697 1423 5707 __
1622 5696 1657 5707 Δ
1740 5693 1751 5705 η

410 5696 589 5824 0,(44)
612 5696 790 5760 Codex
820 5696 1179 5772 Bodleianu's;
1203 5697 1513 5763 ὲθεσπίζετο
1541 5714 1557 5761 ;
1620 5696 1843 5763 Regius,
1876 5709 1967 5744 τε-

446 5790 683 5824 mnta-tn.

486 5844 597 5908 (45))
630 5844 1031 5913 Editioﬂuetii,
1062 5843 1158 5911 τῷ,
1195 5844 1309 5895 Ἵνα
1324 5836 1668 5908 πιστεύσητε,
1690 5829 1965 5898 ἐνεργῆτε.

2693 5463 2740 5495 ⁸⁸
2771 5462 2928 5518 Joau.
2960 5475 3080 5523 xm,
3110 5456 3198 5511 18.

2151 5624 2261 5693 (46)
2293 5623 2535 5686 Τελείως
2563 5619 2642 5685 τῷ
2667 5618 2891 5683 πᾶσαν,
2920 5624 3024 5693 etc.
3056 5608 3358 5693 Legeutlum
3378 5602 3596 5693 loga-cfs.

2079 5677 2318 5750 τελείανή
2346 5694 2440 5747 καὶ
2476 5677 2678 5759 πᾶσαν,
2706 5701 2839 5757 etc.,
2878 5677 2999 5751 'vel,
3043 5677 3388 5738 τελέιωθέντα
3432 5677 3595 5722 πᾶσαί»

2079 5778 2186 5822 εις.
