3712 6138
99 337 203 393 781
1122 338 1494 403 ὈοΜΜΕΝΤ.
1534 344 1601 399 IN

1801 343 1829 397 Ι.
1874 343 2111 401 TOMUS
2150 345 2366 403 XXXII.
3259 356 3361 413 78%

95 456 311 529 κυρίως
330 458 394 511 ἂν
429 459 835 533 λεχθησομένης
885 464 982 535 τῆς
1016 464 1240 529 ἀτελοῦς
1277 466 1544 539 σοφίας,ἣ
1579 484 1624 521 σι

1801 464 2076 520 ιρι-Ιόοιιιηι
2110 467 2454 535 modestiam,
2490 479 2648 541 atque
2686 472 2849 528 etiam
2880 473 2959 529 sic
2986 474 3271 543 pietatem,
3310 486 3361 531 et

94 549 401 621 φροσύνης,
430 551 463 621 ἢ
492 552 793 620 εὐσεϐείας,
824 556 857 628 ἧ
888 556 996 610 τῶν
1038 557 1237 612 λοιπῶν
1279 560 1510 629 ἀρετῶν,
1544 561 1624 616 ἀλί

1801 570 2010 612 :aeteras
2054 559 2314 625 virtutes;
2352 563 2432 616 sic
2483 563 2682 633 aliquis
2732 566 2941 629 diceret
2965 568 3271 638 perfectum
3305 572 3357 626 in

92 650 579 720 καταχρηστικῶς,
626 652 853 707 καὶτῶν
892 656 949 707 ὲν
978 654 1184 727 ἑκάστῃ
1226 657 1393 728 ἀρετῇ
1446 675 1624 729 προσκι

1801 649 1991 705 νει-ιιιιε
2038 653 2319 720 credendi,
2347 672 2469 710 eum
2517 672 2732 714 omnem
2785 661 2989 717 habere
3018 663 3199 718 ﬁdem.
3233 663 3359 720 Haec

92 738 217 791 πῶν
262 738 569 810 ὁμωνύμως
593 744 660 812 τῇ
689 741 872 814 τελείᾳ
898 741 1320 815 ὀνομαζομένων
1339 763 1350 775 ·
1381 745 1524 799 οὕτω
1570 745 1624 814 γὲ

1801 739 1947 813 ωε
1990 754 2171 797 autem
2212 745 2355 809 dico,
2406 757 2665 819 tanquam
2721 754 3012 822 sapientia,
3062 759 3353 819 modestia.

95 831 266 901 σοφὸς
307 831 523 901 λέγεται
575 837 605 888 ὁ
651 835 980 907 ἁμαρτάνων
1033 836 1131 907 μέν
1167 855 1288 891 τινα
1334 838 1408 902 ῶς
1455 838 1624 909 ὲλέγχι

1801 835 1975 901 iietas,
2005 845 2321 905 extera-que
2347 839 2577 896 virtutes
2611 843 2941 933 imperfecta:
2987 863 3091 904 non
3142 849 3351 919 possint

90 922 326 985 δεῖσθαι,
350 922 411 975 ού
446 924 553 994 μὴν
578 925 672 978 καὶ
699 926 873 995 μισῶν
896 928 1022 991 τοὺς
1046 928 1388 999 ἐλέγχοντας,
1420 930 1555 983 ἀλλά
1577 949 1624 984 κ.

1801 946 1809 979 ι
1840 928 1995 982 nobis
2039 931 2259 998 proprie
2287 933 2578 999 nominari,
2608 922 2700 991 sed
2730 932 2988 1008 abusive;
3023 960 3145 998 curn
3182 948 3351 1003 etiam

96 1014 303 1084 μᾶλλον
324 1014 574 1084 ἀγαπῶν,
606 1016 742 1070 καθὸ
774 1017 1083 1107 γέγραπται
1103 1036 1116 1049 ·
1161 1039 1179 1070 ι
1218 1021 1444 1091 Ἔλεγχε
1492 1022 1673 1092 σοφὸν,

92 1109 188 1161 καὶ
216 1108 497 1180 ἀγαπήσει
534 1127 593 1162 σε
611 1126 628 1140 ⁶
662 1129 681 1162 δ
713 1109 857 1164 οὕτω
885 1111 943 1165 δὲ
970 1113 1066 1165 καὶ
1090 1112 1250 1182 σοφὸς
1288 1113 1525 1183 λέγεται,
1552 1116 1674 1169 ἐπι-

88 1197 342 1262 δεκτικδς
366 1199 441 1252 ῶν
465 1200 662 1271 ἑτέρων
683 1200 1055 1272 θεωρημάτων
1080 1205 1292 1271 σοφίας,
1324 1204 1418 1258 καὶ
1449 1205 1673 1277 μηδέπω

90 1289 231 1358 ἔχων
257 1290 327 1344 τά
364 1291 611 1364 δεύτερα,
638 1293 772 1347 καθὸ
803 1294 1019 1362 λέγεται
1049 1296 1141 1350 καὶ
1183 1296 1244 1348 τό
1269 1313 1282 1326 ε
1324 1316 1343 1348 ‹
1385 1298 1538 1350 Δίδου
1579 1313 1670 1350 σο-
1704 1330 1709 1331 ν

91 1381 175 1452 cpt?)
203 1384 482 1455 ἀφορμὴν,
521 1385 612 1438 καὶ
643 1384 949 1458 σοφώτερος
985 1386 1159 1440 ἔσται.
1202 1408 1221 1439 ι
1256 1386 1414 1442 Ἀλλά
1439 1389 1545 1460 γάρ
1570 1389 1669 1444 ἐπὶ

88 1474 262 1526 ταῦτα
320 1473 681 1546 ἐληλύθαμεν,
732 1476 1057 1542 δεικνύντες,
1111 1479 1194 1531 ὅτι
1250 1478 1519 1550 ἐνδέχεται
1576 1481 1667 1534 τὸν

86 1565 189 1636 ἤδη
217 1565 543 1620 πιστεύοντα
575 1567 866 1638 μανθάνειν
895 1567 1035 1635 τινὰ,
1086 1570 1173 1623 ἵνα
1219 1568 1381 1624 πάλιν
1414 1570 1662 1644 πιστεύῃ,

90 1660 180 1709 καὶ
204 1656 293 1710 διὰ
313 1657 413 1729 τῆς
443 1658 761 1731 προσθήκης
793 1660 900 1714 τῶν
945 1661 1285 1732 μαθημάτων
1318 1662 1664 1734 προστιθέναι

1777 1018 2054 1089 perfectus
2078 1022 2173 1090 qui
2206 1021 2440 1080 efﬁcitur
2468 1026 2521 1080 in
2565 1043 2891 1100 unaquaque
2918 1034 3139 1100 virtute,
3172 1055 3339 1094 nomi-

1777 1120 1937 1165 netur
1965 1112 2241 1180 aequivoce
2288 1130 2409 1169 cum
2458 1132 2525 1171 eo
2568 1121 2660 1188 qui
2713 1133 2798 1175 est
2839 1126 3039 1180 virtute
3082 1128 3343 1196 perfecta.

1775 1195 1910 1252 Nam
1941 1199 2085 1256 hunc
2120 1202 2173 1255 in
2209 1206 2426 1260 modum
2468 1209 2683 1277 sapiens
2714 1211 2933 1275 dicitur,
2996 1218 3087 1284 qui
3131 1219 3180 1271 in
3218 1219 3343 1288 qui.

1775 1289 2004 1345 busdam
2053 1294 2273 1362 quidem
2334 1297 2589 1365 offendit,
2630 1309 2690 1355 ut
2732 1302 3107 1375 objurgatione
3152 1320 3340 1378 egeat,

1774 1380 1917 1436 haud
1961 1390 2141 1439 tamen
2192 1389 2307 1442 odit
2364 1389 2751 1461 objurgantes.
2796 1396 2905 1452 imo
2960 1413 3087 1454 vero
3147 1401 3341 1471 diligit,

1767 1472 1919 1542 juxta
1977 1480 2120 1545 quod
2187 1483 2450 1549 scriptum
2502 1498 2590 1539 est
2610 1486 2655 1519 ⁸⁸
2689 1502 2703 1539 :
2739 1489 2962 1561 «Argue
3011 1495 3340 1559 sapientem.

1769 1577 1826 1620 et
1856 1566 2046 1637 diliget
2077 1578 2163 1635 te;
2194 1591 2214 1623 ι
2251 1574 2395 1629 hunc
2424 1576 2586 1631 etiam
2639 1580 2690 1633 in
2745 1583 2963 1637 modum
2995 1587 3214 1655 sapiens
3252 1589 3340 1643 di-

1768 1658 1911 1713 citur
1941 1660 2053 1729 ille,
2104 1664 2195 1731 qui
2244 1679 2410 1735 capax
2461 1684 2587 1724 cum
2631 1671 2704 1726 sit
2741 1673 2969 1729 aliorum
3009 1681 3338 1746 speculatio,

87 1750 150 1819 τῇ
185 1749 391 1804 πίστει.
441 1751 504 1803 El
544 1751 601 1805 δὲ
639 1751 939 1824 βουλόμεθα
969 1754 1167 1807 εἰδέναι
1198 1756 1282 1819 τίς
1328 1756 1475 1808 ἐστιν
1501 1758 1530 1809 ό
1560 1758 1624 1810 πᾶ

1801 1766 1897 1803 ιυιιι
1946 1755 2244 1822 sapientiae,
2291 1760 2525 1813 nondum
2560 1778 2680 1829 quae
2724 1776 2931 1822 restant
2965 1769 3148 1835 habet,
3184 1773 3335 1841 juxta

89 1857 183 1893 σαν
216 1839 359 1910 ἔχων
384 1840 480 1913 τὴν
511 1842 716 1900 πίστιν,
760 1843 1034 1916 λάϐωμεν,
1066 1845 1160 1898 ὲπθι
1196 1846 1624 1918 παραδείγματος

1802 1844 1906 1898 uod
1945 1846 2152 1902 dicitur
2184 1849 2312 1903 illud
2340 1852 2504 1905 etiam
2529 1827 2619 1907 δί’-ε
2655 1872 2673 1905 ι
2699 1858 2773 1911 Da
2815 1862 3051 1929 sapienti
3088 1827 3335 1922 occasio-

87 1928 473 1997 κεφαλαιωδῶς
498 1929 568 1984 τὰ
600 1934 657 1985 ἐν
684 1932 760 2004 τῷ
789 1934 1142 1989 πιστεύεσθαι
1176 1935 1415 2001 σώζοντα
1454 1937 1546 1990 τὸν
1572 1954 1661 1990 πι-

86 2020 365 2089 στεύοντα,
395 2022 527 2096 φέρε
555 2026 750 2089 εἰπεῖν,
787 2026 915 2080 ὄντα
953 2026 1042 2080 τὸν
1068 2027 1298 2098 ἀριθμὸν
1322 2029 1533 2091 ἑκατὸν,
1570 2030 1660 2082 καὶ

82 2112 350 2184 λέγωμεν,
389 2115 472 2168 ὅτι
499 2118 526 2169 ὁ
556 2118 653 2187 μὲν
678 2118 747 2171 τά
781 2119 1155 2191 προειρημένα
1202 2121 1393 2175 ἑκατὸν
1444 2121 1662 2176 ἀδιστά-

84 2221 224 2267 κτως
257 2207 712 2279 παραδεχόμενος,
736 2210 830 2263 καὶ
868 2210 1083 2282 ἑκάστῳ
1104 2211 1284 2266 αὐτῶν
1316 2211 1546 2283 βεϐαίως
1568 2231 1661 2267 πι-

83 2297 309 2363 στεύων,
346 2300 525 2353 πᾶσαν
559 2299 670 2371 ἔχει
699 2300 796 2373 τὴν
830 2303 1043 2356 πίστιν·
1082 2306 1111 2357 ό
1151 2304 1208 2357 δὲ
1241 2304 1441 2358 λείπων
1469 2304 1526 2358 ἔν
1555 2324 1658 2360 τινι

82 2390 298 2462 ἀριθμῷ
329 2391 438 2446 τῶν
461 2395 517 2446 ἐν
542 2393 619 2464 τῷ
640 2394 985 2451 πιστεύεσθαι
1020 2397 1319 2462 σωζόντων,
1354 2398 1387 2469 ἢ
1423 2401 1489 2471 τῇ
1515 2401 1658 2472 ’πρὸς

81 2479 146 2532 τὰ
174 2482 543 2553 πιστευόμενα
572 2483 901 2555 βεϐαιότητι,
924 2485 1175 2540 τοσοῦτον
1215 2487 1388 2541 λείπει
1424 2488 1519 2541 τοῦ
1553 2490 1658 2542 πᾶ-

84 2586 178 2623 σαν
197 2569 345 2641 ἔχειν
371 2571 470 2643 τὴν
494 2574 695 2640 πίστιν,
726 2576 871 2639 ὅσοις
898 2576 1155 2649 ἀριθμοῖς
1183 2578 1455 2633 πιστεύων
1492 2579 1659 2644 ἐνδεῖ,

80 2662 111 2734 ἢ
134 2665 254 2719 ὅσον
287 2666 563 2738 ἀφέστηκε
579 2669 676 2738 τῆς
705 2670 832 2741 περὶ
856 2670 964 2723 τῶν
989 2672 1348 2725 πιστευόντων
1375 2671 1656 2744 βεϐαιότη-

78 2775 184 2822 τος,
215 2760 329 2813 εἴτε
360 2760 596 2826 πάντων,
622 2762 758 2817 ἐἴτε
789 2764 949 2819 τινῶν
967 2783 980 2796 ·
1024 2766 1091 2819 ἵν’
1125 2767 1218 2819 ἐπὶ
1249 2765 1343 2818 τοῦ
1387 2766 1653 2838 παρόντος

81 2851 198 2922 δοθῇ
221 2869 334 2905 τισι
361 2853 461 2923 μὲν
486 2853 743 2908 δύνασθαι
788 2855 1020 2925 βεϐαίως
1050 2856 1328 2910 πιστεύειν
1354 2858 1476 2911 τινά
1499 2875 1513 2889 ο
1540 2859 1651 2912 τισὶ

79 2943 134 2996 δὲ
163 2945 438 3000 πιστεύειν
471 2947 587 3017 μὲν,
619 2948 678 3001 ού
722 2948 957 3021 βεϐαίως
999 2947 1084 3001 δέ’
1118 2948 1256 3020 πλὴν
1284 2949 1650 3021 ὁμολογουμέ-

82 3051 179 3096 νως
203 3034 381 3107 δοθείη
409 3038 685 3109 ἀμήχανον
715 3039 1131 3093 ἀποδείκνυσθαι
1160 3039 1250 3092 τὺν
1285 3041 1343 3093 ὲν
1368 3041 1447 3096 ἑνὶ
1486 3041 1648 3112 ἀτελῆ

1767 1950 1913 2001 nem,
1946 1948 2002 1992 et
2049 1941 2348 2010 sapientior
2374 1946 2501 2000 erit.
2540 1965 2559 1997 ι
2581 1948 2650 2001 At
2679 1953 2820 2005 enim
2854 1953 2958 2008 huc
2997 1956 3334 2026 devenimus.

1762 2032 2116 2088 ostendentes
2164 2035 2502 2107 contingere.
2542 2050 2603 2093 ut
2643 2043 2734 2108 qui
2777 2041 2889 2109 jam
2923 2048 3116 2112 credit,
3157 2051 3339 2108 discat

1716 2116 1717 2119 “
1762 2121 1942 2193 aliqua
1997 2141 2214 2179 rursum
2254 2129 2601 2194 Crediturus,
2658 2142 2713 2185 et
2762 2150 2857 2203 per
2903 2137 3335 2197 additamentum

1760 2229 1947 2270 eorum
1997 2232 2119 2287 qua:
2149 2219 2425 2283 didicerit,
2452 2222 2653 2277 addere
2681 2222 2828 2280 ﬁdei.
2863 2229 2957 2282 Sin
2993 2245 3122 2285 vero
3150 2232 3334 2288 videre

1760 2306 2013 2363 volumus
2053 2311 2302 2377 quisnam
2346 2311 2418 2365 sit
2473 2312 2563 2381 qui
2612 2328 2828 2369 onmem
2886 2317 3087 2375 habeat
3146 2324 3331 2385 ﬁdem.

1761 2413 2059 2465 sumamus,
2093 2402 2325 2471 exempli
2358 2404 2558 2472 gratia,
2589 2407 2830 2463 breviter
2855 2426 2980 2480 qum
3019 2414 3328 2471 credentem

1758 2503 1998 2557 servant,
2050 2495 2176 2548 dum
2227 2497 2524 2551 creduntur
2555 2499 2834 2570 :sintque,
2885 2515 2944 2558 ut
2993 2506 3066 2559 ita
3113 2506 3328 2576 loquar.

1758 2600 1989 2639 numero
2026 2596 2272 2653 centum,
2305 2598 2361 2644 et
2399 2591 2646 2647 dicamus
2677 2608 2798 2648 eum
2830 2596 3049 2664 quidem
3095 2601 3184 2668 qui
3215 2602 3330 2658 hate

1757 2683 1997 2741 centum,
2043 2691 2162 2746 quae
2211 2680 2579 2749 prmdiximus,
2632 2685 2750 2739 sine
2818 2687 2925 2742 ulla
2990 2690 3328 2750 haesitatione

1756 2766 1978 2833 accipit,
2021 2768 2249 2835 singulis
2296 2771 2430 2839 ipsis
2479 2785 2796 2832 constanter
2824 2782 3080 2848 credens,
3110 2799 3326 2841 omnem

1756 2853 1958 2909 habere
2005 2857 2204 2922 ﬁdem;
2237 2860 2578 2917 deﬁcientem
2612 2880 2741 2921 vero
2780 2867 2834 2923 in
2865 2870 3053 2939 aliquo
3100 2889 3328 2931 numero

1757 2959 1936 2999 rerum
1975 2961 2162 3001 earum
2217 2965 2337 3018 qua:
2386 2965 2627 3020 servant,
2680 2958 2810 3012 dum
2864 2963 3183 3029 creduntur,
3241 2967 3328 3024 vel

1754 3036 1930 3091 minus
1970 3038 2185 3093 ﬁrmum
2214 3044 2564 3101 cxsistentem
2594 3064 2722 3119 erga
2765 3066 2825 3105 ea
2853 3067 2973 3121 quae
3009 3058 3324 3123 creduntur,

85 3127 239 3198 μηδὲν
257 3128 372 3199 (47)
389 3128 532 3201 ἔχειν
555 3129 877 3203 βεϐαιότητα
897 3150 910 3162 ·
944 3133 1025 3186 ὅτι
1057 3133 1116 3185 ού
1139 3133 1200 3186 τὸ
1214 3132 1325 3186 ἴσον
1354 3134 1563 3207 ἀπόστη
1573 3153 1624 3206 μι

1801 3143 1816 3181 ›
1871 3131 2041 3199 magis
2097 3133 2286 3188 abesse
2324 3136 2393 3192 ab
2437 3138 2689 3193 habendo
2732 3157 2944 3196 eniriem
2995 3145 3176 3209 ﬁdem,
3211 3163 3322 3217 quo

81 3217 185 3271 ἀπὸ
212 3219 314 3290 τῆς
357 3221 495 3291 πρὸς
543 3222 611 3275 τὰ
656 3224 1021 3295 πιστευόμενα
1070 3224 1419 3296 βεϐαιότητος
1456 3227 1648 3297 ἀπέχει

83 3311 297 3375 ἕκαστος
328 3313 461 3379 τῶν,
492 3315 557 3368 ἵν’
583 3315 754 3380 οὕτως
803 3316 1053 3388 ὀνομάσω
1089 3320 1230 3372 κατὰ
1262 3319 1361 3390 τὴν
1402 3319 1645 3391 Γραφὴν,

82 3404 449 3472 όλιγοπίστων,
487 3407 579 3460 καὶ⁴
613 3408 710 3479 τὴν
760 3409 893 3483 πρὸς
920 3409 987 3463 τὰ
1026 3411 1390 3482 πιστευόμενα
1436 3411 1649 3483 βεϐαιό-

83 3514 212 3569 τητα
237 3498 451 3553 οὐδέπω
481 3501 864 3573 ἀνειληφότων.
897 3502 1116 3566 Τούτοις
1148 3503 1206 3556 δὲ
1232 3503 1424 3557 ἕπεται
1453 3504 1538 3558 διὰ
1563 3503 1642 3556 τό’

90 3608 106 3640 ι
138 3590 287 3643 Κατά
328 3592 435 3663 τὴν
468 3593 652 3646 πίστιν
685 3611 778 3647 σου
813 3594 1097 3665 γενηθήτω
1127 3612 1229 3658 σοι,
1264 3616 1283 3647 ι
1313 3596 1407 3649 καὶ
1428 3596 1515 3650 διὰ
1543 3596 1604 3649 τό
1627 3613 1640 3626 ’

89 3700 115 3749 «1
146 3681 207 3733 Ἠ
236 3682 426 3748 πίστις⁴
446 3700 540 3736 σου
580 3683 693 3753 (48)
727 3684 935 3738 σέσωκὲ
966 3701 1047 3749 σε,
1082 3705 1100 3736 ι
1154 3687 1369 3758 ἑκάστῳ
1404 3688 1645 3759 ἀπαντῆ-

84 3789 163 3827 σαι
189 3776 326 3829 κατὰ
354 3775 454 3847 τὴν
478 3776 544 3829 ’ἐν
575 3779 639 3853 τῇ
671 3776 856 3848 δικαίᾳ
879 3777 1056 3848 κρίσει
1084 3777 1177 3832 τοῦ
1225 3778 1360 3831 Θεοῦ
1388 3779 1641 3851 ἀμοιϐὴν,

81 3867 326 3937 ἀνάλογον
348 3869 525 3941 τοιᾷδε
552 3869 646 3922 καὶ
676 3871 853 3941 τοιᾷδε
885 3869 1082 3933 πίστει,
1113 3870 1210 3924 καὶ
1238 3871 1480 3943 σωτηρίᾳ
1506 3872 1638 3942 (49)°

81 3958 130 4011 εἴ
155 3960 215 4029 γέ
256 3960 372 4014 ὲστί
396 3978 479 4025 τις
500 3960 595 4017 κα).
638 3962 696 4013 ὲν
721 3961 892 4037 ταύτῃ
927 3961 1248 4032 σωζομένων
1286 3961 1537 4033 διαφορὰ,
1566 3962 1642 4025 ὡς

82 4051 166 4106 τό’
203 4048 298 4126 ιᾯ
337 4054 520 4125 μέτρῳ
547 4055 815 4124 μετρεῖτε,
850 4040 1569 4126 ἀντιμετρηθήσεταίὺμῑν,
1615 4075 1633 4106 ι

84 4146 287 4213 φθάνειν
316 4149 414 4201 καὶ
447 4147 538 4199 ἐπὶ
578 4144 648 4198 τὰ
695 4148 869 4217 μέτρα
900 4146 997 4217 τῆς
1025 4147 1281 4211 πίστεως,
1317 4147 1411 4200 καὶ
1443 4147 1511 4202 τὰ
1543 4147 1643 4216 μέα

82 4254 174 4308 τρα
198 4239 289 4310 τῆς
317 4239 427 4293 ἀπὸ
457 4239 594 4292 Θεοῦ
623 4237 876 4310 ἀμοιϐῆς,
905 4240 999 4291 καὶ
1030 4240 1321 4310 σωτηρίας.
1363 4239 1420 4291 Ὁ
1458 4231 1515 4292 δὲ
1550 4238 1638 4293 τὸν

83 4329 267 4384 τούτων
286 4332 629 4402 κατανοήσας
655 4331 813 4398 λόγον
841 4329 1106 4401 θεωρήσει
1152 4327 1269 4392 πῶς
1300 4328 1532 4398 εὐλόγως
1560 4328 1639 4393 ὡς

87 4415 152 4485 μὴ
179 4415 486 4489 δυναμένοις
514 4419 717 4490 κρίνειν
744 4421 856 4481 τοῖς
881 4416 1187 4489 ἀνθρώποις
1210 4417 1455 4487 λέγεται·
1491 4437 1509 4469 ι
1546 4418 1637 4489 Μὴ

1751 3220 1936 3289 plures
2004 3226 2215 3279 numeri
2275 3227 2382 3283 sibi
2455 3231 2699 3286 credenti
2762 3234 3324 3311 defuerint:quoque

1751 3313 1924 3383 inagis
1968 3316 2204 3372 abfuerit
2243 3334 2278 3373 a
2328 3318 2813 3379 ﬁrmitate‘eorum
2850 3344 2971 3398 qua:
3005 3332 3321 3401 creduntur,

1750 3407 1867 3460 sive
1911 3408 2176 3474 omnium,
2221 3411 2336 3467 sive
2384 3412 2691 3483 aliquorum
2750 3426 2832 3488 (ut
2878 3422 3097 3477 interim
3129 3424 3322 3483 demus

1749 3499 1982 3567 aliquem
2023 3502 2296 3571 aliquibus
2345 3515 2660 3563 constanter
2707 3516 2935 3567 credere
2982 3529 3182 3584 posse,
3223 3519 3323 3572 ali-

1748 3592 1947 3658 quibus
1975 3606 2107 3647 vero
2140 3596 2386 3661 credere,
2415 3598 2507 3653 sed
2542 3614 2647 3653 non
2682 3610 3039 3671 constanter),
3075 3618 3320 3665 attamen

1747 3682 1987 3739 omnium
2038 3699 2310 3741 consensu
2367 3690 2585 3745 dederis
2652 3692 3026 3753 diﬁicillimum
3092 3701 3322 3768 demon-g

1747 3785 1923 3829 stratu
1967 3792 2105 3842 esse,
2149 3787 2213 3833 ut
2256 3781 2343 3834 cui
2395 3797 2535 3838 unus
2590 3784 2824 3842 defuerit
2876 3806 3155 3859 numerus,
3181 3798 3318 3857 nihil

1747 3866 1949 3922 habeat
1980 3869 2255 3925 ﬁrmitatis
2282 3890 2299 3926 ι
2326 3887 2393 3928 eo
2425 3876 2571 3943 quod
2596 3892 2701 3931 non
2726 3881 2925 3948 mquali
2954 3884 3210 3941 distantia
3235 3891 3316 3943 di.

1747 3969 1851 4014 stet
1883 3976 1911 4013 a
1955 3961 2229 4028 ﬁrmitate,
2256 3978 2384 4035 erga
2413 3980 2476 4020 ea
2506 3982 2626 4035 qua:
2664 3973 2981 4038 creduntur,
3018 3982 3315 4049 unusquis-

1745 4064 1850 4118 que
1899 4065 2088 4105 eorum
2115 4053 2206 4122 qui
2235 4068 2380 4119 sunt,
2416 4066 2473 4110 ut
2519 4058 2590 4111 ita
2621 4059 2815 4128 loquar
2843 4061 2997 4131 juxta
3063 4066 3314 4140 Scriptu.

1745 4159 1886 4209 ram,
1923 4144 2116 4215 exigua
2160 4146 2267 4201 ﬁde
2308 4150 2544 4217 praediti,
2578 4161 2633 4205 et
2664 4154 2757 4221 qui
2801 4157 3040 4212 nondum
3092 4176 3315 4233 recepe-

1744 4244 1869 4289 runt
1898 4234 2214 4292 ﬁrmitatem
2247 4254 2374 4308 erga
2424 4254 2488 4295 ea
2539 4258 2660 4311 quae
2699 4247 3019 4303 creduntur.
3053 4250 3150 4306 llis
3184 4268 3316 4311 Vero

1743 4344 2083 4397 consequens
2132 4339 2237 4395 est,
2268 4342 2491 4400 propter
2521 4334 2649 4388 illud
2674 4354 2695 4393 ι
2731 4353 2751 4386 ι
2773 4335 2937 4392 Juxta
2977 4340 3135 4395 ﬁdem
3167 4353 3313 4401 tuam

1744 4420 1839 4472 ﬁat
1876 4419 2052 4487 tibi“,
2081 4439 2103 4471 ο
2151 4431 2208 4476 et
2250 4422 2415 4477 illud:
2452 4443 2470 4475 ι
2499 4423 2661 4480 Fides
2706 4435 2795 4481 tua
2838 4438 2889 4483 te
2937 4434 3256 4502 servavit“,
3287 4456 3307 4493 ι

84 4507 298 4576 κρίνετε,
332 4511 420 4565 ἵνα
448 4512 523 4585 μὴ
546 4510 790 4582 κριθῆτε,
812 4530 845 4593 ι»
881 4512 976 4564 καὶ
1006 4511 1067 4563 τό
1085 4527 1098 4541 ⁸
1137 4529 1156 4561 ι
1190 4511 1282 4582 Μὴ
1311 4512 1415 4583 πρὸ
1443 4511 1624 4582 καιροί

1802 4527 2186 4582 iuinquemque
2233 4514 2433 4571 habere
2477 4518 2892 4575 retributionem
2949 4538 3069 4593 quae
3124 4535 3208 4586 est
3257 4530 3311 4587 in

84 4611 129 4647 τι
156 4599 377 4669 κρίνετε,
409 4600 513 4664 ἕως
536 4598 602 4654 ἂν
637 4601 764 4672 ἔλθῃ
793 4588 821 4654 ό
852 4600 1076 4672 Κύριος.
1103 4622 1120 4651 ι
1150 4600 1316 4655 Πάλιν
1340 4604 1419 4664 είς
1442 4601 1635 4665 ταῦτα,

85 4688 192 4742 ἐπεὶ
221 4690 420 4762 ἔλεγον,
447 4694 524 4756 ὼς
557 4692 667 4766 (50)
697 4694 791 4746 ἐπὶ
824 4692 1282 4765 παραδείγματος,
1318 4692 1510 4745 ἑκατὸν
1549 4691 1638 4744 όν·-

1733 4603 1880 4672 justo
1912 4604 2118 4673 judicio
2156 4605 2272 4670 Dei,
2305 4607 2464 4676 juxta
2506 4613 2910 4678 proportionem
2942 4614 3066 4671 talis
3096 4628 3151 4672 et
3186 4621 3309 4676 talis

1740 4696 1866 4752 ﬁdei
1926 4706 1980 4752 et
2017 4697 2257 4753 salutis:
2289 4701 2724 4772 quandoquidem
2760 4706 2813 4758 in
2845 4707 2946 4762 hac
2989 4720 3074 4765 est
3117 4728 3309 4769 eorum

84 4791 177 4829 των
196 4779 296 4836 τῶν
328 4778 607 4845 σωζόντων
631 4784 688 4835 ἐν
727 4780 805 4852 τῷ
842 4781 1216 4848 πιστεύεσθαι,
1249 4781 1339 4835 τὸν
1379 4782 1481 4853 μὲν
1526 4784 1624 4845 τοῖς

1801 4788 1829 4841 ιί
1881 4799 2169 4843 servantur
2235 4790 2542 4847 diﬂ‘erentia
2580 4796 2761 4851 :adeo
2818 4806 2876 4851 ut
2935 4800 3113 4856 illud:
3148 4824 3166 4856 ι
3193 4805 3310 4873 Qua

84 4868 257 4924 ἑκατὸν
286 4872 512 4942 βεϐαίως
540 4873 864 4928 πιστεύοντα
909 4876 1090 4929 πᾶσαν
1115 4874 1257 4945 ἔχειν
1283 4874 1382 4944 τὴν
1419 4874 1601 4927 πίστιν
1620 4915 1635 4939 ,

84 4960 163 5012 τὸν
186 4962 239 5015 δὲ
261 4963 511 5019 λείποντα
542 4969 608 5036 τῇ
636 4964 773 5037 πρός
800 4983 922 5019 τινα
956 4966 1063 5018 τῶν
1090 4966 1282 5021 ἑκατὸν
1326 4966 1525 5031 πίστει,
1565 4968 1633 5038 τῇ

87 5049 205 5118 πρὸς
225 5051 290 5104 τὰ
309 5053 673 5124 πιστευόμενα
701 5053 1006 5126 βεϐαιότητι
1026 5055 1315 5127 διαφόρως,
1349 5055 1424 5127 μὴ
1456 5056 1635 5109 πᾶσαν

88 5138 213 5207 ἔχειν
241 5142 334 5214 τὴν
356 5145 558 5199 πίστιν·
583 5145 890 5218 ὲκθήσομεν
917 5148 1216 5217 σαφηνείας
1247 5148 1432 5202 ἕνεκεν
1458 5147 1636 5202 τοιαῦ-

89 5249 161 5285 τα.
188 5235 398 5306 Πῴτον
428 5238 647 5293 πάντων
683 5240 991 5305 πίστευσον,
1016 5242 1097 5294 ὄτι
1125 5237 1205 5306 εἷς
1236 5243 1383 5298 ἐστιν
1411 5244 1439 5296 ὁ
1476 5241 1629 5307 Θεὸς,

1739 4893 1994 4934 mensura
2050 4882 2372 4949 metiemini,
2421 4885 2611 4940 eadem
2684 4902 2935 4944 mensura
2993 4897 3313 4954 remetietur

1743 4972 1897 5026 vobis
1912 4972 1982 5037 ⁸⁸,
2008 4991 2027 5024 ι
2059 4974 2330 5043 pertingat
2372 4976 2536 5029 etiam
2568 4979 2635 5033 ad
2667 4996 2951 5039 mensuras
2976 4985 3122 5055 ﬁdei,
3154 5000 3209 5044 et
3241 4993 3308 5048 ad

1744 5078 2027 5118 mensuras
2073 5065 2465 5130 retributionis,
2502 5078 2558 5124 et
2600 5071 2793 5129 salutis
2832 5091 2958 5145 quae
2991 5089 3075 5135 est
3104 5096 3134 5137 a
3176 5082 3305 5141 Deo.

1742 5147 1894 5204 Hanc
1942 5151 2207 5205 rationem
2239 5154 2329 5221 qui
2368 5157 2732 5215 considerarit
2757 5163 3068 5235 diligenter,
3099 5171 3305 5228 videbit

1740 5243 2012 5312 quomodo
2040 5244 2242 5298 merito
2270 5245 2486 5302 dicatur
2514 5250 2847 5320 hominibus,
2875 5260 3029 5326 quasi
3055 5261 3305 5329 judicare

141 5368 182 5401 "
198 5371 348 5431 Prov.
378 5395 455 5447 1x,
490 5379 544 5438 8.
622 5381 667 5412 ⁶⁰
696 5381 827 5437 ibid.
877 5382 930 5437 9.
1006 5383 1048 5415 “
1076 5384 1269 5439 Matth.
1306 5401 1382 5449 Ix,
1407 5385 1495 5440 29.
1577 5385 1620 5421 ⁸³
1643 5382 1774 5440 ibid.
1833 5383 1938 5451 22;
1972 5383 2138 5443 Marc.
2168 5403 2223 5453 κ,
2254 5389 2343 5444 52.
2422 5390 2468 5422 ⁸³
2501 5391 2693 5451 Matth.
2723 5398 2902 5464 vll,2;
2935 5399 3099 5457 Marc.
3120 5405 3300 5469 tv,24.

101 5499 695 5592 9‘_(4.77)A(aodex.Regins
725 5530 1007 5592 perperam
1052 5519 1234 5585 habet,
1260 5520 1627 5592 ὁμολογοῦμεν

88 5573 428 5665 Ξξλδοθεῖἒαν
466 5573 745 5665 ἀμήῖεανον
783 5573 1354 5665 ἀποδερινυντανιίτδνζ

88 5639 207 5708 πρδς
230 5649 425 5719 μηδὲν,
466 5639 688 5709 cunmm
739 5639 914 5712 codex
931 5639 1309 5715 hodi-cianus
1325 5639 1622 5718 lectione":

92 5716 240 5794 nostri
275 5716 716 5794 textusexhibet,
747 5743 869 5794 quae
897 5741 1043 5783 certe
1084 5745 1207 5783 vera
1247 5742 1350 5786 est.
1388 5761 1460 5772 —
1484 5716 1623 5787 (Ser;

91 5782 186 5834 tius
214 5782 385 5845 forsan
413 5793 480 5847 ad
517 5782 1037 5875 verum'accederet,
1066 5782 1425 5881 simplicitate
1453 5782 1620 5881 μηδέν

1736 5525 1956 5596 exeod.
1999 5524 2137 5596 Reg.
2181 5529 2583 5586 restitueretur.
2618 5533 2779 5592 Enn.
2814 5536 3051 5595 PATROL.

1805 5595 1916 5682 (ᾖὸ)
1950 5595 2099 5649 Σσυζ
2121 5597 2281 5653 Deest
2309 5601 2361 5653 ἶιι
2414 5604 2599 5657 codice
2636 5605 2823 5675 llegio,
2864 5612 2958 5662 sed
2990 5613 3186 5682 legitur
3242 5619 3297 5676 in

1731 5663 2045 5720 Bodleiano.

1936 5736 2117 5814 (iudex
2139 5738 2352 5814 _Reg_ius
2381 5740 2536 5814 habet
2557 5746 2850 5814 σωτηρίαν,
2886 5752 3043 5807 male.

1798 5806 1908 5878 (50)
1937 5807 2115 5862 Codex
2136 5806 2354 5880 Regius,
2381 5812 2540 5866 πάλιν
2564 5806 2735 5869 ταῦτα
2754 5806 2877 5873 ἐπεὶ
2892 5806 3046 5891 λέγον
3070 5827 3163 5893 ὡς,
3190 5841 3273 5886 cu:
