3712 6138
401 337 505 393 785

1873 348 2196 407 ORIGENIS
3510 366 3589 421 τε,

358 526 361 527 γ
394 477 499 515 non
525 458 828 513 valentibus
856 472 869 507 :
903 473 924 509 ι
952 455 1126 511 Nolite
1155 457 1420 528 judicare,
1444 459 1611 532 429
1647 475 1715 516 ne
1739 460 1913 533 judice

2057 463 2083 516 6
2110 464 2181 517 τὰ
2209 464 2383 519 πάντα
2415 467 2628 531 κτίσας,
2663 469 2758 522 καὶ
2788 471 3140 542 καταρτίσας,
3170 474 3267 525 καὶ
3300 475 3519 545 ποιήσας
3541 480 3592 535 ir.

392 551 615 618 mini“,
646 571 666 606 ›
705 561 760 608 et
810 552 940 607 illud
973 569 988 606 :
1022 569 1043 602 ι
1081 550 1160 608 Ne
1184 553 1440 620 judicetis
1495 556 1792 626 quidquam
1826 565 1913 610 anl

2057 553 2148 607 τοῦ
2179 554 2254 626 μὴ
2281 555 2432 620 ὄντος
2463 559 2542 621 εἰς
2569 558 2631 611 τὸ
2652 556 2790 613 εἶναι
2828 560 2897 614 τὰ
2926 562 3125 616 πάντα.
3155 564 3279 635 Χρὴ
3322 564 3384 618 δὲ
3415 567 3501 619 καὶ
3525 589 3593 623 2::-

390 656 623 716 tempus,
680 644 852 702 donec
898 644 1110 700 venerit
1159 645 1420 702 Dominus
1443 646 1508 700 ⁸³.
1544 664 1564 699 ι
1625 647 1836 703 Rursus
1898 649 1951 703 in

390 738 525 803 inec,
551 736 807 807 quoniam
835 736 945 791 dixi
973 736 1204 806 exempli
1243 737 1442 808 gratia,
1478 745 1696 792 centum
1724 750 1952 793 numero

389 831 771 887 exsistentibus
817 830 898 885 his
948 844 1068 900 qua:
1097 838 1321 885 servant
1361 830 1486 884 dum
1517 831 1835 896 creduntur,
1865 830 1950 885 his

387 935 605 980 centum
638 923 866 977 ﬁrmiter
893 922 1225 985 credentem,
1255 937 1473 977 onmem
1515 922 1717 978 habere
1756 923 1945 987 ﬁdem;

387 1036 491 1074 non
524 1018 811 1072 habentem
839 1029 966 1068 vero
997 1014 1154 1067 ﬁdem
1197 1029 1326 1083 erga
1380 1014 1559 1083 aliqua
1593 1029 1779 1069 eorum
1817 1030 1948 1069 cen-

389 1120 522 1173 tum,
557 1107 638 1162 vel
666 1106 813 1160 varie
851 1105 1100 1159 affectum
1138 1104 1395 1159 ﬁrmitate
1430 1118 1556 1175 erga
1588 1119 1649 1159 ea
1675 1120 1794 1175 qua:
1825 1120 1947 1160 cre-

388 1202 607 1265 duntur,
658 1214 764 1255 non
819 1196 1016 1251 habere
1064 1209 1276 1250 omnem
1328 1196 1512 1262 ﬁdem,
1543 1196 1947 1265 e:planationis

387 1292 558 1364 gratia
596 1303 930 1360 exponemus
959 1286 1082 1340 talia
1109 1303 1123 1338 :
1155 1286 1296 1341 Ante
1323 1286 1504 1340 omnia
1532 1287 1739 1342 credito
1778 1301 1945 1342 unum

385 1399 506 1440 esse
540 1383 728 1447 Deum,
764 1379 855 1450 qui
888 1380 1069 1433 omnia
1098 1378 1367 1444 condidit,
1412 1385 1467 1430 et
1519 1376 1787 1446 perfecit;
1820 1377 1943 1446 qui-

385 1491 490 1546 que
532 1474 713 1531 omnia
761 1473 888 1527 fecit
917 1481 973 1525 ut
1002 1479 1302 1535 essent,ex
1352 1484 1413 1526 re
1458 1486 1563 1525 non
1600 1471 1938 1526 exsistente:

383 1567 512 1637 quin
544 1565 706 1620 etiam
746 1563 1031 1618 credamus
1070 1574 1294 1616 necesse
1340 1570 1424 1616 est
1454 1560 1637 1616 Jesum
1663 1560 1940 1616 Christum

384 1675 502 1716 esse
533 1658 839 1721 Dominum,
871 1663 923 1710 et
972 1655 1121 1711 omni
1147 1656 1382 1722 veritati,
1409 1669 1529 1725 quae
1558 1656 1624 1710 de
1653 1655 1773 1723 ipso
1808 1653 1942 1708 dici-

384 1764 472 1807 tur
510 1762 620 1806 tum
665 1749 817 1820 juxta
869 1748 1015 1803 illius
1052 1747 1413 1813 divinitatem,
1450 1756 1562 1800 tum
1598 1748 1754 1816 juxta
1790 1746 1937 1800 illius

381 1842 767 1899 humanitatem
802 1859 815 1895 :
844 1841 895 1894 in
935 1838 1197 1907 Spiritum
1222 1838 1386 1892 etiam
1430 1847 1678 1892 sanctum
1709 1838 1940 1893 creden—

378 1934 434 1990 di
485 1934 860 1989 necessitatem
914 1928 1217 1984 habemus:
1249 1929 1469 1998 etquod
1514 1928 1671 1983 l‘iberi
1721 1927 1936 1982 arbitrii

382 2042 502 2082 cum
531 2027 719 2089 simus,
751 2022 1006 2093 punimur
1032 2022 1101 2076 ob
1131 2034 1195 2075 ea
1219 2035 1338 2089 qua:
1366 2033 1675 2088 peccamus,
1706 2019 1940 2074 honore-

382 2134 504 2174 mur
528 2132 657 2173 vero
697 2117 766 2172 ob
817 2124 962 2169 recte
1001 2112 1166 2168 facta.
1203 2112 1318 2182 Age
1357 2112 1522 2180 igitur
1572 2127 1856 2182 ponamus,
1891 2113 1936 2168 si

381 2213 504 2282 quis
525 2226 583 2266 se
611 2208 835 2266 credere
866 2209 920 2262 in
958 2204 1144 2261 Jesum
1185 2213 1399 2273 putans,
1431 2219 1537 2260 non
1561 2206 1748 2260 credat
1772 2221 1936 2260 unum

380 2317 500 2359 esse
528 2301 693 2355 Deum
724 2297 905 2370 Legis.
935 2307 991 2352 et
1021 2295 1320 2367 Evangelii,
1348 2294 1507 2366 cujus
1534 2295 1758 2365 gloriam
1787 2298 1935 2365 caeli,

382 2405 637 2463 tanquam
670 2392 737 2446 ab
768 2392 883 2461 ipso
928 2388 1079 2457 facti,
1123 2397 1407 2456 enarrant,
1443 2399 1499 2443 et
1532 2388 1934 2444 ﬁrmamentum

381 2486 669 2542 annuntiat
708 2499 869 2553 opera
907 2498 1164 2538 manuum
1195 2497 1418 2538 suarum
1435 2482 1501 2548 ⁸⁸,
1549 2490 1804 2551 tanquam
1843 2496 1936 2538 ea-

380 2596 499 2636 rum
529 2593 700 2649 opus;
731 2578 859 2633 huic
889 2575 1131 2647 profecto
1166 2575 1461 2630 maximum
1490 2574 1665 2630 deerit
1693 2576 1815 2630 ﬁdei
1843 2590 1935 2631 ca-

381 2682 495 2744 put.
535 2671 633 2727 Vel
664 2685 849 2726 rursus
888 2670 930 2723 si
983 2669 1104 2738 quis
1142 2668 1329 2724 credat
1362 2666 1547 2722 Jesum
1590 2666 1691 2722 sub
1739 2667 1933 2722 Pontio

379 2766 555 2822 Pilato
594 2764 821 2835 praeside
855 2761 1003 2817 cruci
1049 2759 1290 2824 aﬁixum,
1322 2773 1534 2814 sacram
1591 2774 1706 2814 rem
1738 2774 1932 2829 quam-

377 2859 521 2923 dam,
552 2865 608 2911 et
630 2856 917 2910 salutarem
949 2850 1149 2905 mundo
1187 2850 1472 2917 attulisse;
1509 2865 1614 2906 non
1648 2850 1777 2905 item
1810 2865 1931 2906 cre-

377 2952 508 3003 dens
535 2963 658 3003 eum
704 2961 769 3001 ex
810 2943 977 2998 Maria
1015 2941 1261 3013 Virgine,
1290 2951 1343 2996 et
1372 2953 1563 2998 sancto
1597 2942 1804 3012 Spiritu
1837 2958 1932 2996 or-

378 3054 491 3096 tum
548 3037 926 3106 assumpsisse,
981 3036 1074 3088 sed
1122 3049 1188 3087 ex
1231 3033 1429 3102 Joseph
1482 3043 1537 3088 et
1573 3033 1933 3091 Maria:huic

2057 645 2287 712 στεύειν,
2316 647 2397 700 ὅτι
2438 648 2643 720 Κύριος
2678 651 2883 724 Ἰησοῦς
2922 655 3178 725 Χριστὸς,
3218 658 3315 709 καὶ
3362 657 3505 729 πάσῃ
3542 665 3594 733 τῇ

2055 738 2184 809 περὶ
2206 738 2371 793 αὐτοῦ
2402 740 2544 794 κατὰ
2574 740 2672 813 τὴν
2699 742 2926 814 θεότητα
2953 745 3047 798 καὶ
3089 746 3189 817 τὴν
3230 746 3598 822 ἀνθρωπότητι

2052 830 2313 903 ἀληθείᾳ·
2343 832 2427 885 δεῖ
2456 832 2514 886 δὲ
2549 834 2643 887 καὶ
2675 837 2755 898 εἰς
2781 836 2842 889 τὸ
2867 837 3019 906 ἆγιον
3052 839 3332 893 πιστεύειν
3368 841 3594 912 Πνεῦμαυ

2053 925 2147 977 καὶ
2188 924 2271 977 ὅτι
2302 925 2637 993 αὐτεξούσιοι
2684 927 2836 992 ὅντες
2879 929 3221 1000 κολαζόμεθα
3262 932 3369 1002 μὲν
3416 934 3494 1002 ἐφ’
3535 930 3599 998 οἷς

2053 1016 2457 1089 ἁμαρτάνομεν,
2506 1019 2794 1091 τιμώμεθα
2839 1022 2895 1074 δὲ
2939 1023 3024 1090 ἐφ’
3050 1019 3132 1088 οἷς
3170 1021 3237 1080 ,εὖ
3287 1027 3600 1098 πράττομεν.

2048 1109 2184 1180 Φέρε
2212 1104 2305 1163 οῦν
2327 1112 2446 1165 καθ’
2475 1113 2751 1181 ὑπόθεσιν,
2783 1114 2837 1167 εἴ
2862 1132 2965 1179 τις,
2995 1116 3167 1172 δοκῶν
3195 1120 3309 1190 (51)
3350 1121 3603 1174 πιστεύειν

2048 1203 2127 1265 εἰς
2153 1201 2244 1255 τὸν
2280 1203 2507 1274 Ἰησοῦν,
2545 1204 2619 1276 μὴ
2668 1206 2933 1273 πιστεύοι,
2969 1210 3048 1263 ὅτι
3070 1207 3151 1275 εἷς
3187 1212 3342 1266 ἐστιν
3377 1215 3407 1265 6
3439 1213 3604 1277 Θεδςό

2046 1292 2231 1363 Νόμου
2274 1296 2368 1349 καὶ
2416 1296 2767 1365 Εὑαγγελίου,
2818 1293 2878 1353 οὗ
2912 1299 3011 1371 τὴν
3055 1300 3212 1366 δόξαν
3260 1304 3505 1374 οὐρανοὶ,
3541 1305 3602 1367 ὡς

2047 1385 2138 1439 ὑπ’
2166 1386 2330 1440 αὑτοῦ
2358 1390 2730 1459 γεγενημένοι,
2755 1389 3088 1461 διηγοῦνται,
3117 1394 3212 1446 καὶ
3245 1394 3306 1447 τὸ
3336 1395 3605 1467 στερέωμα

2045 1478 2364 1546 ἀναγγέλλει
2387 1479 2487 1551 τὴν
2516 1480 2735 1551 ποίησιν
2759 1483 2868 1535 τῶν
2898 1482 3093 1555 χειρῶν
3129 1484 3319 1549 αὐτοῦ,
3358 1486 3437 1549 ὡς
3464 1486 3608 1559 ἔργον

2043 1570 2307 1640 τυγχάνον
2359 1571 2567 1625 αὐτῶνο
2602 1567 2756 1638 οὗτος
2793 1574 2857 1629 ἂν
2902 1576 2984 1647 τῷ
3025 1576 3269 1649 μεγίστῳ
3316 1577 3495 1632 λείποι
3524 1580 3606 1649 τῆς

2043 1661 2278 1724 πίστεως
2301 1660 2579 1733 κεφαλαίῳ
2600 1662 2732 1733 (52)
2762 1665 2795 1736 ἣ
2839 1665 3000 1718 πάλιν
3027 1666 3186 1730 εἴτις
3220 1667 3501 1720 πιστεύων
3528 1668 3603 1721 ὅτι

2043 1747 2176 1818 (55),
2211 1749 2303 1801 ἐπὶ
2346 1749 2568 1803 Ποντίου
2601 1750 2832 1806 Πιλάτου
2867 1755 3198 1826 σταυρωθεὶς
3241 1756 3393 1828 ἱερόν
3426 1756 3533 1826 (ὢ)
3562 1775 3606 1809 τι

2041 1841 2228 1912 χρῆμα
2255 1842 2350 1894 καὶ
2378 1842 2643 1913 σωτήριον
2685 1843 2763 1913 τῷ
2801 1846 2990 1917 κόσμῳ
3032 1846 3439 1918 ὲπιδεδήμηκεν
3460 1864 3474 1877 ·
3503 1848 3607 1901 ἀλλ’

2040 1934 2139 1986 οὐκ
2161 1935 2225 1986 ἐκ
2251 1932 2526 2007 Παρθένου
2561 1933 2661 2003 τῆς
2704 1936 2942 2007 Μαρίας,
2971 1939 3065 1991 καὶ
3104 1937 3265 2006 ἁγίου
3299 1939 3605 2010 Πνεύματος

2039 2024 2136 2095 τὴν
2159 2024 2370 2092 γένεσιν
2394 2022 2703 2095 ἀνείληφεν,
2732 2023 2853 2079 ἀλλ’
2894 2026 2953 2094 ἐξ
2988 2028 3186 2099 Ἰωσὴφ
3232 2030 3330 2083 καὶ
3364 2032 3603 2102 Μαρίας·

2039 2113 2135 2165 καὶ
2159 2112 2333 2184 τούτῳ
2363 2113 2431 2167 ἂν
2480 2113 2656 2167 λείποι
2688 2115 2769 2178 εἰς
2795 2115 2857 2170 τὸ
2896 2119 3075 2171 πᾶσαν
3104 2118 3250 2189 ἔχειν
3279 2120 3384 2191 τὴν
3434 2121 3605 2174 πίστιν

2038 2205 2107 2260 τὰ
2133 2207 2557 2276 ἀναγκαιότατα.
2593 2207 2763 2262 Πάλιν
2787 2226 2847 2262 τε
2873 2207 2940 2264 αὖ
2968 2213 3014 2264 εἰ
3051 2212 3148 2284 τὴν
3188 2213 3289 2285 μὲν
3338 2214 3455 2286 (55)
3497 2215 3607 2269 θεό-

2039 2299 2179 2371 τητά
2194 2316 2277 2363 τις
2295 2299 2458 2353 αὐτοῦ
2482 2301 2855 2373 παραδέχοιτο,
2873 2305 2941 2374 τῇ
2966 2302 3021 2356 δὲ
3045 2303 3437 2378 ἀνθρωπτὴητι
3457 2324 3608 2377 προσ-

2038 2392 2255 2446 κόπτων
2326 2392 2490 2463 μηδὲν
2551 2392 2888 2465 ἀνθρώπινον
2957 2396 3085 2466 περὶ
3138 2396 3303 2451 αὐτὸν
3366 2398 3605 2452 πιστεύοι

2038 2483 2337 2553 γεγονέναι,
2367 2484 2399 2556 ἢ
2427 2485 2721 2539 ὑπόστασιν
2750 2486 3028 2556 εἰληφέναι
3046 2505 3061 2519 ’
3092 2489 3185 2541 καὶ
3209 2488 3391 2561 τούτῳ
3414 2489 3483 2544 ἂν
3506 2489 3607 2543 λεί-

2038 2592 2130 2629 ποι
2178 2575 2316 2646 πρὸς
2369 2578 2552 2631 πᾶσαν
2582 2577 2679 2648 τὴν
2712 2577 2893 2631 πίστιν
2937 2578 3001 2631 οὐ
3042 2579 3112 2633 τὰ
3156 2581 3413 2651 τυχόντα.
3448 2580 3515 2635 ‘li
3562 2583 3608 2634 εἰ

2037 2669 2301 2723 ἀνάπαλιν
2330 2669 2401 2724 τά
2437 2670 2536 2741 μὲν
2568 2672 2698 2742 περὶ
2736 2672 2895 2726 αὑτὸν
2943 2672 3255 2745 ἀνθρώπινα
3307 2674 3605 2746 προσίοιτο,

2036 2761 2135 2831 τὴν
2162 2761 2218 2815 δὲ
2250 2761 2545 2816 ὑπόστασιν
2588 2762 2681 2816 τοῦ
2713 2763 3069 2833 Μονογενοῦς,
3112 2767 3207 2819 καλ⁵
3251 2766 3609 2837 Πρωτοτόκου

2038 2853 2216 2924 πάσης
2247 2854 2476 2919 κτίσεως
2503 2854 2686 2908 ἀθετοῖ
2707 2872 2720 2886 ·
2758 2856 2851 2908 καὶ
2881 2849 3034 2920 οὗτος
3072 2857 3133 2909 οὐ
3178 2856 3399 2911 δύναιτο
3433 2857 3606 2925 λέγειν

2038 2944 2215 2998 πᾶσαν
2238 2944 2380 3015 ἔχειν
2404 2943 2502 3015 τὴν
2532 2945 2730 3001 πίστιν.
2761 2947 2871 3000 Καὶ
2895 2946 3067 3010 οὕτως
3093 2947 3334 3017 καθεξῆς
3360 2966 3455 3019 μοι
3480 2949 3606 3007 νόει,

2037 3033 2123 3085 ἵνα
2171 3032 2533 3105 θεωρήσωμεν
2574 3035 2833 3106 ὁπηλίκον
2889 3037 3005 3090 ἐστὶ
3056 3037 3116 3091 τὸ
3154 3037 3464 3102 ὰνελλιπῶς
3518 3038 3609 3092 καὶ

374 3135 535 3188 etiam
573 3131 801 3184 deerunt
851 3126 1085 3180 maxime
1143 3126 1448 3180 necessaria
1502 3125 1570 3180 ad
1629 3126 1913 3181 habendan

2057 3125 2268 3189 βεϐαίως
2295 3128 2472 3180 πᾶσαν
2497 3127 2595 3199 τὴν
2626 3128 2806 3181 πίστιν
2827 3126 3255 3199 ἐχειν,τοσοῦτον
3276 3129 3604 3201 δυναμένην,

374 3238 587 3278 onmem
621 3222 802 3274 ﬁdem.
830 3217 1038 3272 Rursus
1066 3232 1096 3269 e
1122 3216 1338 3284 regione
1359 3217 1402 3270 si
1436 3216 1557 3286 quis
1591 3217 1931 3271 divinitatem

374 3314 518 3369 illius
552 3311 820 3373 admittat,
857 3308 1300 3376 humanitateque
1342 3305 1463 3375 ejus
1508 3306 1744 3363 offensus
1798 3308 1934 3362 nihil

376 3402 595 3460 humani
628 3402 770 3456 circa
801 3413 922 3454 eum
969 3397 1170 3451 factum
1206 3396 1372 3452 fuisse
1396 3399 1604 3462 credat,
1639 3399 1722 3453 vel
1755 3399 1925 3470 hypo-

374 3496 543 3551 stasin
568 3492 880 3563 sumpsisse,
903 3491 1033 3544 huic
1057 3504 1271 3559 quoque
1299 3504 1403 3543 non
1426 3488 1667 3559 vulgaria
1700 3490 1932 3546 deerunt

375 3589 441 3643 ad
469 3601 684 3641 omnem
722 3584 899 3638 ﬁdem.
933 3581 1251 3636 Econtrario
1280 3583 1455 3636 denuo
1492 3583 1537 3635 si
1580 3582 1703 3650 quis
1734 3582 1930 3637 huma-

371 3698 468 3737 nas
500 3683 565 3735 de
596 3695 661 3734 eo
705 3692 793 3732 res
820 3677 1095 3739 admittat,
1123 3684 1304 3743 spreta
1338 3674 1615 3744 hypostasi
1652 3675 1930 3744 Unigeniti

369 3785 423 3830 et
456 3771 804 3842 Primogeniti
846 3769 1022 3823 omnis
1071 3776 1365 3833 creatum;
1415 3767 1835 3837 haudquaquam
1885 3769 1931 3824 is

369 3867 550 3920 dicere
590 3864 785 3932 poterit
815 3876 1028 3916 omnem
1066 3872 1125 3913 se
1156 3859 1357 3915 habere
1385 3858 1566 3913 ﬁdem.
1602 3858 1800 3927 Sicque
1828 3859 1929 3914 mi-

372 3961 425 4013 hi
452 3975 545 4028 per
570 3958 814 4012 ordinem
844 3955 1124 4009 considera
1157 3971 1171 4020 ;
1207 3963 1265 4006 ut
1297 3951 1580 4006 videamus
1605 3960 1809 4020 quanta
1838 3966 1928 4006 res

369 4051 440 4102 sit
478 4051 681 4115 absque
730 4047 839 4100 ullo
874 4045 1085 4100 defectu
1130 4054 1185 4099 et
1229 4050 1548 4099 constanter
1580 4056 1797 4095 omnem
1831 4042 1928 4095 ba-

367 4142 496 4195 bere
533 4140 712 4203 ﬁdem,
739 4140 870 4193 adeo
901 4145 1198 4210 potentem,
1233 4135 1448 4204 quando
1484 4142 1593 4186 tota
1618 4144 1700 4186 est
1734 4132 1785 4185 in
1826 4133 1922 4186 bo-

368 4231 528 4284 minis
560 4230 763 4293 anima,
794 4236 852 4281 ut
877 4228 958 4282 vel
994 4235 1205 4280 montes
1234 4223 1661 4295 (qualescunque
1694 4222 1800 4277 sint
1824 4221 1923 4292 illi)

368 4322 668 4376 transferre
696 4320 863 4389 possit
888 4338 902 4375 :
927 4318 1092 4391 430
1123 4333 1245 4372 cum
1282 4331 1470 4371 omnes
1499 4316 1717 4385 quidem
1747 4315 1923 4369 homi-

365 4430 460 4469 nes
509 4414 628 4467 loco
682 4414 954 4467 dimovere
1006 4410 1219 4464 valeant
1263 4418 1525 4473 montem,
1574 4409 1657 4462 vel
1708 4418 1918 4461 montes

2037 3219 2125 3272 ὅτε
2172 3218 2320 3272 πᾶσά
2374 3221 2518 3272 ἐστιν
2566 3222 2623 3273 ἐν
2667 3219 2950 3293 ἀνθρώπου
2998 3221 3166 3293 ψυχῇ,
3206 3221 3351 3276 ὥστε
3398 3224 3439 3278 ἆ
3492 3223 3609 3276 τινά

2036 3309 2166 3362 ποτέ
2197 3312 2314 3362 ἐστι
2341 3308 2408 3363 τὰ
2432 3309 2556 3381 ὅρη,
2582 3310 2920 3381 μεθιστάνειν
2957 3312 3095 3365 αὐτὰ
3126 3312 3421 3366 δύνασθαι·
3476 3314 3605 3367 πάν-

2034 3417 2138 3453 των
2190 3401 2286 3470 μὲν
2317 3399 2426 3453 τῶν
2465 3400 2764 3471 ἀνθρώπων
2812 3402 3121 3473 δυναμένων
3166 3402 3519 3473 μεθιστάνειν
3549 3405 3605 3457 τὸ

2031 3489 2376 3560 δεικνύμενον
2405 3490 2509 3543 ὑπὸ
2547 3488 2640 3543 τοῦ
2678 3490 2848 3560 Ἰησοῦ
2882 3491 3026 3563 ὅρος,
3055 3494 3149 3545 καὶ
3179 3490 3249 3544 τὰ
3274 3492 3606 3563 δεικνύμενα

2030 3579 2209 3651 αὐτῷ’
2242 3581 2289 3632 εί
2321 3579 2378 3633 δὲ
2413 3580 2586 3634 λείποι
2628 3581 2750 3634 τινὰ
2778 3584 2842 3653 τῇ
2875 3582 3021 3654 πάσῃ
3061 3583 3260 3649 πίστει,
3296 3580 3515 3637 λείπειν
3539 3588 3603 3654 τῇ

2030 3671 2258 3742 δυνάμει
2290 3672 2382 3726 τοῦ
2413 3672 2752 3744 μετατιθέναι
2787 3673 2910 3745 ὅρη.
2963 3675 3071 3727 Καὶ
3100 3674 3379 3746 χρήσομαὶ
3412 3692 3480 3744 γε
3512 3674 3603 3727 καὶ

2031 3763 2254 3835 τοιούτῳ
2279 3765 2372 3818 xui.
2402 3767 2482 3828 είς
2505 3764 2679 3819 ταῦτα
2710 3766 3143 3837 παραδείγματι·
3179 3766 3368 3840 ὧσπερ
3404 3768 3603 3821 καθέλ-

2030 3869 2214 3908 κουσιν
2240 3856 2288 3909 οἱ
2316 3854 2582 3927 τοσοῦτοι,
2609 3856 2813 3910 τοιάνδε
2844 3856 3069 3929 δύναμιν
3098 3858 3334 3930 ἔχοντες,
3367 3860 3603 3932 πρώτως

2028 3948 2109 4008 είς
2134 3944 2408 4000 θάλασσαν
2440 3946 2537 4019 τὴν
2565 3946 2696 4001 ναῦν
2714 3964 2728 3977 °
2764 3949 2812 4000 εί
2853 3947 2911 4000 δὲ
2939 3947 3171 4001 λείποιεν
3198 3945 3345 4003 οὗτοι
3383 3952 3497 4004 κᾶν
3523 3951 3603 4002 ἑνὶ

2026 4038 2133 4092 τῶν
2164 4038 2510 4111 συνεργῶν,ἦ
2537 4042 2602 4110 τῇ
2627 4039 2850 4111 δυνάμει
2873 4041 3036 4107 τινὸς,
3059 4042 3159 4095 οῦκ
3177 4041 3245 4095 ἂν
3278 4041 3604 4095 καθέλκοιτο

2024 4137 2059 4206 ἡ
2094 4132 2260 4196 ναῦς*
2310 4132 2482 4197 οὕτως
2512 4132 2673 4186 οἱονεὶ
2724 4132 2908 4186 πολλοὶ
2960 4132 3340 4204 μετατιθέντες
3374 4134 3493 4185 εἰσὶ
3537 4133 3605 4185 τὰ

2025 4226 2147 4297 ὅρη,
2185 4226 2219 4297 ἡ
2246 4226 2393 4279 πᾶσα
2439 4225 2647 4287 πίστις·
2678 4224 2926 4277 τοσοῦτον
2972 4224 3027 4276 δὲ
3055 4224 3228 4277 λείπει
3266 4227 3335 4295 τῇ
3366 4224 3602 4295 δυνάμει

2022 4317 2124 4387 τῆς
2146 4316 2252 4369 τῶν
2280 4317 2420 4388 ὀρῶν
2447 4316 2805 4387 μεταθέσεως,
2831 4317 2952 4369 ὅσον
2968 4315 3141 4369 λείπει
3164 4316 3303 4387 πρὸς
3326 4317 3390 4369 τὸ
3414 4319 3600 4370 πᾶσαν

2023 4409 2119 4481 τὴν
2141 4410 2322 4463 πίστιν
2349 4408 2511 4480 ἔχειν,
2532 4411 2560 4461 ὁ
2587 4408 2665 4462 ἔτι
2698 4411 2817 4463 κατ’
2840 4408 3006 4480 αὐτὴν
3026 4408 3242 4478 ἀτελής.
3272 4409 3388 4462 Καὶ
3419 4394 3528 4481 δρα
3551 4410 3602 4461 εἰ

360 4523 497 4578 quos
532 4506 688 4562 Iesus
728 4503 1058 4571 ostenderit;
1093 4504 1174 4558 sin
1206 4516 1335 4557 vero
1366 4502 1611 4570 quaedam
1642 4499 1913 4554 defuerint

2057 4500 2097 4572 ,ὴ
2127 4501 2406 4572 χρησίμως
2429 4500 2525 4554 δλα
2544 4499 2715 4555 ταῦτα
2741 4500 3025 4572 ἐξήτασται
3053 4499 3142 4553 διὰ
3166 4500 3291 4564 τοὺς
3314 4500 3597 4573 μαθητὰς,

362 4597 613 4668 perfectae
663 4596 809 4662 ﬁdei,
856 4596 995 4650 desit
1041 4595 1204 4647 etiam
1253 4591 1491 4661 potentia
1552 4589 1917 4643 transferendi

361 4697 592 4744 montes.
630 4690 710 4742 Ac
738 4687 986 4757 profecto
1018 4686 1111 4740 tali
1150 4685 1202 4738 in
1243 4681 1550 4751 hujusmodi
1600 4682 1762 4735 rebus
1793 4690 1918 4734 utar

359 4779 644 4848 exemplo:
676 4778 743 4834 Ut
775 4779 931 4842 tales,
972 4786 1160 4847 totque
1191 4776 1453 4829 habentes
1479 4773 1647 4837 vires,
1681 4772 1913 4840 primum

360 4871 536 4926 navim
562 4870 832 4925 deducunt
855 4871 907 4923 in
940 4883 1115 4933 mare;
1156 4867 1240 4922 sin
1283 4880 1415 4920 vero
1445 4864 1529 4918 vel
1563 4879 1701 4919 unus
1722 4878 1918 4934 coope-

358 4959 558 5023 rarius,
593 4958 675 5014 vel
711 4972 854 5012 Vires
873 4958 1102 5028 alicujus
1122 4957 1198 5013 rei
1236 4956 1320 5011 his
1350 4953 1648 5017 defuerint,
1683 4969 1790 5008 non
1819 4956 1916 5010 de-

426 5074 473 5106 “
498 5072 692 5128 Matth.
730 5085 825 5136 vn,
852 5071 903 5124 l.

430 5163 632 5238 (51)}?!
665 5179 772 5229 τις,
806 5161 1019 5227 δοκῶν,
1054 5171 1161 5217 etc.
1219 5161 1681 5238 Quemadmodum
1715 5163 1913 5219 Valen-

361 5234 551 5292 tiniani
580 5246 878 5301 eorumque
906 5234 1268 5286 consectanei.

429 5306 542 5376 (52)
561 5306 674 5376 ᾼᾊν
703 5302 783 5376 τῷ
803 5302 1064 5376 μεγίστῳ
1086 5302 1281 5376 λείποι
1316 5301 1427 5368 τῆς
1454 5302 1710 5376 πίστεως
1736 5318 1915 5371 κεφα-

355 5372 525 5439 λαίῳ.
558 5374 653 5428 His
674 5372 854 5427 verbis
880 5373 1059 5442 hiatus
1085 5373 1175 5437 qui
1215 5374 1268 5424 in
1300 5376 1489 5427 codice
1550 5372 1719 5442 Regio
1764 5384 1912 5439 erat,

361 5462 486 5513 repa
497 5454 645 5497 ratur
667 5458 732 5496 ex
750 5442 953 5513 codice
983 5440 1295 5495 Bodleiano.

427 5509 540 5583 (55)
574 5515 640 5570 Ἢ
678 5512 861 5567 πάλιν
899 5512 955 5566 εί
1005 5528 1094 5577 τις
1136 5514 1450 5583 πιστεύων,
1479 5510 1587 5576 ὅτι,
1620 5521 1736 5583 getc.
1786 5509 1914 5568 llrec

356 5580 576 5638 haeresis
605 5587 671 5635 ad
723 5583 1194 5650 Carpocratianos,
1264 5580 1562 5645 Ehionitas,
1606 5581 1913 5635 Cerinthia-

360 5666 478 5722 nos,
508 5652 721 5722 aliaque
755 5653 1045 5708 Christiani
1072 5651 1308 5706 nominis
1347 5653 1618 5722 propudia
1652 5653 1908 5722 pertinet.

584 5717 759 5792 Codex
787 5722 1003 5792 Regius,
1038 5721 1267 5792 Etspov._
1348 5717 1367 5721 ’
1449 5717 1464 5721 ⁷
1541 5789 1559 5792 _
1611 5717 1618 5724 ’

434 5789 543 5853 (35)
567 5789 755 5844 Πάλιν
778 5808 839 5845 τε
870 5788 945 5848 ἱιῦ
979 5794 1031 5847 εὶ
1058 5788 1169 5861 τὴν
1198 5789 1330 5858 μέν,
1380 5799 1484 5844 etc.
1541 5789 1595 5844 In
1633 5789 1762 5854 ipsis
1809 5790 1911 5845 Ec-

1001 5071 1045 5103 "
1073 5069 1096 5123 l
1121 5070 1246 5125 Cor.
1277 5084 1352 5134 tv,
1385 5069 1438 5123 5.
1516 5067 1717 5123 “Psal.
1747 5085 1903 5135 xvm,
1933 5071 1987 5127 2.

2019 4586 2095 4646 ὧν
2119 4592 2342 4661 ἔνιψενὸ
2381 4591 2584 4663 Ἰησοῦς
2607 4593 2733 4656 τοὺς
2769 4592 2952 4655 πόδας,
2983 4588 3116 4663 πρὸς
3159 4590 3251 4655 οὓς
3288 4592 3489 4658 εἰπὼν,
3525 4593 3600 4653 ὡς

2018 4683 2084 4738 ἂν
2115 4682 2374 4736 ὑπολάϐοι
2403 4683 2432 4733 6
2470 4681 2544 4753 μὴ
2571 4681 2850 4747 ἐξετάσας,
2876 4689 2952 4747 ὡς
2978 4682 3215 4753 ,μηδέπω
3261 4684 3601 4738 πιστεύσαν-

2018 4792 2147 4840 τας,
2176 4774 2258 4828 τό·
2288 4795 2306 4826 ι
2329 4772 2556 4844 Ἀπάρτι
2591 4772 2733 4842 λέγω
2775 4775 2901 4844 ὑμῖν
2943 4774 3049 4846 πρὸ
3077 4773 3170 4827 τοῦ
3199 4774 3481 4844 γενέσθαι,
3513 4777 3600 4828 ἵνα

2021 4863 2512 4935 πιστεύσητε,δταν
2533 4863 2777 4935 γένηται,
2816 4865 2897 4918 ὅτι
2935 4863 3044 4934 ἐγώ
3097 4867 3232 4936 εἰμι.
3273 4886 3292 4918 ι
3331 4869 3493 4939 Ἅμα
3542 4868 3599 4920 δὲ

2019 4957 2112 5012 καὶ
2156 4956 2627 5027 ἀναπτυσσόμενος
2669 4958 2698 5010 6
2744 4956 2901 5025 λόγος
2943 4957 3181 5010 δείκνυσι
3234 4959 3450 5031 πηλίκη
3498 4958 3599 5029 μέν

2018 5163 2197 5220 οιεείω
2222 5161 3033 5233 incunabulisWsuccrevitghzec
3056 5161 3305 5233 haeresis,
3350 5178 3598 5233 eamque

2007 5231 2504 5303 jugulatloannes,
2531 5232 2546 5284 Ι
2574 5232 2744 5303 Epist.
2777 5246 2851 5303 ιν,
2882 5231 2916 5285 3
2942 5251 2956 5287 ;
2983 5232 3097 5284 Πᾶν
3144 5231 3367 5303 πνεῦμα
3422 5233 3455 5285 ὂ
3507 5231 3595 5303 ’μὴ

2011 5280 2268 5374 ὂῇῗίὸγὲῗ
2281 5280 2647 5374 ῖτὶῖίῖιᾙσὸιῇτ
2659 5280 2908 5373 mea;
2925 5280 3026 5374 ἐξ
3037 5280 3205 5372 ἓάρὲέι
3221 5280 3238 5283 ⁷
3254 5280 3595 5374 ὲῗῆλυὶιάὲἐξ

2013 5371 2077 5428 ὲκ
2103 5371 2237 5427 Θεοῦ
2261 5373 2358 5426 οὐκ
2406 5371 2542 5426 ἐστι.
2582 5371 2726 5426 Ηωσ
2753 5380 2872 5427 erat
2928 5371 3036 5426 τῶν
3076 5371 3505 5440 φαπασιαστῶν
3540 5386 3595 5425 et

2011 5444 2250 5516 δοκητῶν
2278 5443 2482 5516 opinio,
2511 5458 2633 5516 qua;
2659 5442 2709 5495 in
2747 5443 2929 5516 varias
2960 5443 3445 5516 sectasdissipata
3476 5454 3586 5516 est.

2013 5513 2110 5568 His
2129 5511 2326 5568 Simon
2357 5511 2562 5579 Magus,
2602 5512 2946 5577 Saturninus,
3009 5511 3293 5577 Basilides,
3336 5513 3554 5567 Valenti

2012 5600 2132 5646 nus,
2160 5583 2394 5650 Cerdon,
2431 5581 2692 5650 Marcion.
2717 5581 2950 5648 Apelles,
2980 5581 3180 5648 aliique
3207 5583 3273 5635 de
3306 5597 3364 5636 se
3412 5582 3588 5650 nomi-

2013 5668 2078 5707 na
2118 5652 2383 5709 fecerunt.
2429 5651 2565 5706 Vide
2598 5658 2601 5660 ’
2629 5649 3051 5720 Τνιιευόοτειυω,
3081 5650 3333 5708 Ha'retic.
3375 5649 3582 5706 Fabul.

2012 5721 2110 5781 lib.
2134 5739 2189 5792 v,
2219 5738 2340 5794 cap.
2367 5722 2428 5778 ll
2467 5722 2632 5779 εἴη,
2666 5719 2927 5778 ιιυετιυε.
