3712 6138
93 259 194 314 785
209 275 220 280 '

1114 236 1470 320 conamur.
1514 264 1584 320 IN
1620 263 1809 322 JOAN.
1847 263 2083 324 TOMUS
2115 266 2329 326 xxxu.

3227 274 3332 331 786

91 375 235 426 ἐστιν
271 371 465 443 ἠκατά
492 373 592 445 τὴν
621 376 802 430 πᾶσαν
826 378 1008 431 πίστιν
1037 377 1226 449 ἀρετὴ,
1266 379 1360 432 καὶ
1399 378 1484 432 ὅτι

1865 381 1988 436 :itur
2016 382 2200 449 navis;
2243 384 2325 439 sic
2365 383 2527 439 veluti
2570 384 2723 443 multi
2759 386 3150 444 transferentes
3180 406 3331 444 mon-

89 464 214 528 νίως
247 465 640 539 εὑρισκομένη·
682 468 833 540 πόσῳ
859 470 903 522 δ’
936 471 1164 535 ἕκαστος
1191 469 1349 541 ἡμῶν
1377 469 1668 524 ἀπολείπε-

89 572 176 609 ται
204 556 300 610 τοῦ
330 558 429 630 τὴν
475 560 658 613 πᾶσαν
704 560 847 631 ἔχειν
877 562 1082 627 πίστιν,
1105 561 1246 615 ὥστε
1271 561 1371 633 ὅρη
1408 561 1668 633 μεθιστά-

90 666 219 703 νειν.
248 648 395 720 Πλὴν
419 652 522 703 οὐκ
552 652 1026 725 εὐκαταφρόνητον
1063 652 1201 724 πρὸς
1241 652 1304 705 τὸ
1349 654 1520 706 ποιεῖν
1569 670 1662 705 πι-

92 741 299 795 στεύειν
327 745 446 798 ὲστὶ
475 743 616 798 κατά
642 745 710 799 τά
740 744 836 800 νῦν
880 746 1237 817 προκείμενα,
1274 744 1337 797 τὸ
1375 746 1502 809 τοὺς
1526 760 1661 815 προ-

90 837 261 904 φήτας
291 837 390 907 μὲν
414 838 900 910 προτεθεσπικέναι
923 839 991 893 τά
1012 839 1142 910 περὶ
1163 836 1256 891 τοῦ
1282 835 1456 908 Ἰησοῦ
1478 852 1493 867 ο
1522 835 1660 890 κατά

86 928 141 979 δὲ
169 928 261 982 τὸν
281 929 438 1000 λόγον
465 929 645 985 αὐτῶν
670 932 1044 1004 ἀπηντηκέναι
1072 931 1151 1003 τῷ
1181 931 1395 1003 Σωτῆρι
1422 931 1489 986 τὰ
1527 949 1660 1004 προ·

83 1022 365 1093 ειρημένα.

1770 481 1851 528 tes
1889 482 1973 528 est
2011 475 2192 529 omnis
2226 474 2382 541 lldes,
2418 477 2471 530 in
2499 493 2603 549 qua
2634 480 2727 547 qui
2760 478 2924 534 fuerit
2949 479 3324 549 imperfectus,

1766 580 1876 636 quo
1910 566 2087 622 minus
2118 567 2374 623 habuerit
2394 584 2607 626 omnem
2645 570 2831 635 fidem,
2862 586 2929 626 eo
2967 571 3138 640 magis
3159 572 3332 628 aberit

1768 672 1799 712 a
1836 660 2079 728 polentia
2135 659 2502 717 transferendi
2550 672 2783 719 montes.
2834 663 3069 719 Proinde
3108 664 3228 718 vide
3262 681 3329 718 an

1767 762 1875 802 non
1916 750 2125 805 utiliter
2174 752 2293 806 haec
2342 753 2527 807 omnia
2571 753 2821 824 indagata
2859 752 3062 807 fuerint
3108 764 3331 824 propter

1768 840 2086 911 discipulos,
2119 843 2188 898 ad
2226 858 2369 913 quos
2402 844 2547 915 (cum
2571 844 2798 901 lavisset
2833 843 2991 902 Jesus
3016 860 3203 900 eorum
3238 859 3332 917 pe-

1765 931 1885 1003 des)
1916 941 1977 986 ut
2004 934 2268 1003 suspicari
2302 944 2485 1007 posset
2526 937 2803 1007 negligens
2849 938 3041 1002 lector,
3073 939 3231 1008 quasi
3262 939 3331 993 ad

1765 1025 2005 1079 nondum
2036 1027 2345 1095 credentes,
2364 1029 2539 1085 dixit:
2577 1047 2597 1081 ι
2622 1029 2777 1086 Nunc
2814 1031 2935 1086 dico
2967 1032 3119 1087 vobis
3150 1033 3330 1102 prius-

88 1129 245 1182 quam
283 1116 396 1179 fiat,
430 1125 490 1170 ut
514 1132 639 1172 cum
692 1115 898 1174 factum
923 1117 1110 1184 fuerit,
1171 1116 1409 1175 credatis
1436 1116 1563 1188 quia
1588 1129 1690 1185 ego
1729 1129 1851 1170 sum
1868 1117 1934 1172 ⁸⁷.
1960 1136 1980 1171 ι
2017 1118 2232 1176 Pariter
2286 1136 2414 1177 vero
2440 1122 2604 1177 etiam
2631 1122 2901 1193 explicata
2925 1122 3122 1187 oratio,
3154 1138 3329 1192 quan-

93 1217 143 1260 ta
180 1223 268 1262 res
319 1209 392 1263 sit
420 1211 596 1266 virtus
631 1224 849 1266 omnem
879 1212 1169 1267 continens
1216 1212 1377 1265 ﬁdem
1432 1209 1691 1275 ostendit,
1727 1218 1784 1264 et
1832 1211 1976 1279 quod
2022 1225 2148 1267 raro
2203 1212 2550 1268 inveniatur:
2579 1213 2817 1269 ostendit
2852 1226 3112 1283 praeterea
3167 1230 3328 1285 quam

88 1302 270 1370 procul
317 1302 462 1358 absit
503 1304 688 1373 quivis
733 1313 1023 1371 nostrum,
1070 1314 1130 1359 ut
1179 1306 1378 1361 habeat
1419 1303 1563 1358 illam
1604 1315 1820 1357 omnem
1884 1301 2067 1371 fidem,
2131 1319 2236 1374 qua
2296 1315 2507 1363 montes
2556 1307 2867 1363 transferat.
2914 1309 3178 1364 Craterum
3221 1323 3329 1361 non

89 1396 479 1450 contemnenda
513 1411 599 1452 res
629 1407 713 1453 est
749 1412 869 1467 qua:
900 1411 999 1455 nos
1027 1399 1096 1454 ad
1126 1396 1454 1453 credendum
1483 1392 1710 1458 inducit,
1739 1392 1894 1462 juxta
1918 1409 1981 1450 ea
2015 1412 2137 1467 qua:
2165 1414 2309 1459 nunc
2349 1410 2478 1455 sunt
2514 1402 2809 1471 proposita,
2863 1405 3006 1472 quod
3054 1403 3331 1473 propheta:

89 1488 363 1544 vaticinati
403 1499 565 1545 antea
615 1490 823 1547 fuerint
870 1507 992 1562 quae
1033 1493 1100 1548 ad
1135 1490 1321 1547 Iesum
1352 1488 1652 1561 pertinent,
1682 1495 1739 1543 et
1764 1490 1909 1559 quod
1941 1489 2098 1561 juxta
2128 1508 2434 1551 sermonem
2467 1494 2679 1550 illorum
2729 1494 3006 1551 Servatori
3034 1496 3329 1553 acciderint

86 1598 203 1654 quas
228 1584 298 1639 ab
327 1584 462 1653 ipsis
492 1585 761 1655 praedicta
794 1585 1037 1641 fuerunt.

158 1678 241 1734 10.
280 1696 301 1730 t
337 1678 531 1751 Ἀμὴν,
562 1678 710 1751 ἀμὴν
756 1678 900 1748 λέγω
952 1680 1113 1750 ὑμῖνο
1158 1679 1216 1732 '0
1250 1676 1543 1748 λαμϐάνων
1572 1675 1624 1728 6v

1871 1671 1925 1727 0.
1970 1691 1991 1725 ί
2019 1676 2214 1737 Amen,
2240 1689 2401 1730 amen
2428 1675 2550 1731 dico
2575 1675 2731 1732 vobis
2756 1692 2769 1728 :
2794 1675 2896 1743 Qui
2927 1677 3117 1747 recipit
3143 1694 3328 1748 quem-

87 1789 201 1826 τινα
257 1769 484 1841 πέμψω,
545 1769 647 1840 ἐμὲ
680 1768 981 1839 λαμϐάνεισ
1037 1769 1067 1822 6
1110 1768 1166 1822 δὲ
1216 1768 1317 1839 ἐμὲ
1368 1764 1659 1838 λαμϐάνων

93 1860 355 1932 λαμϐάνει
379 1860 471 1914 τὸν
500 1860 797 1932 πέμψαντά
822 1876 909 1931 με.
946 1878 965 1911 ι
1007 1859 1065 1913 Ὁ
1109 1857 1314 1931 Ἰησοῦς
1351 1858 1560 1928 πέμπει
1597 1857 1660 1909 οὐ

87 1956 239 2026 μόνον
282 1954 497 2024 ἀγίους,
545 1953 683 2009 ἀλλά
719 1953 813 2007 καὶ
850 1953 1039 2021 ἁγίους
1091 1953 1187 2005 καλ⁹
1222 1951 1487 2021 ἀγγέλους
1508 1967 1521 1980 ·
1567 1950 1663 2004 καὶ

87 2047 286 2117 πέμπει
319 2045 419 2116 μὲν
462 2045 590 2108 τοὺς
634 2043 724 2097 διὰ
770 2043 831 2097 τὸ
880 2042 1305 2097 ἀποστέλλεσθαι
1346 2042 1438 2095 ὑπ’
1492 2040 1660 2095 αὐτοῦ

83 2135 412 2198 ἀποστόλους
445 2133 894 2206 ὀνομαζομένους.
932 2133 1068 2205 Ἤδη
1124 2133 1182 2186 δὲ
1225 2132 1429 2188 τούτων
1466 2134 1517 2186 οἱ
1562 2132 1661 2204 μὲν

84 2228 355 2301 ἄνθρωποί
385 2230 544 2296 slew,
579 2229 629 2280 οἱ
675 2227 733 2280 δὲ
772 2226 1030 2298 δυνάμεις
1074 2226 1390 2298 κρείττους’
1447 2225 1508 2279 οὐ
1551 2224 1660 2297 γάρ

86 2321 513 2393 ἁμαρτησόμεθα
545 2319 630 2384 τὸ,
669 2318 985 2383 ἀπόστολος,
1029 2318 1200 2391 ὄνομα
1240 2319 1533 2383 τάσσοντες
1565 2319 1660 2373 καὶ

86 2414 437 2488 περὶτούτων
463 2414 593 2487 περὶ
619 2410 694 2468 ὧν
727 2413 1035 2485 γέγραπται
1054 2430 1068 2443 ·
1113 2431 1131 2464 t
1170 2412 1378 2475 Πάντες
1417 2413 1523 2467 είσὶ
1553 2411 1661 2466 λει-

83 2506 343 2580 τουργικά
373 2505 666 2577 πνεύματα
686 2506 767 2568 είς
794 2504 1071 2558 διακονίαν
1091 2502 1532 2574 ἀποστελλόμενα
1568 2502 1659 2557 διά

84 2599 203 2663 τοὺς
251 2598 546 2670 μέλλοντας
599 2597 955 2669 κληρονομεῖν
1000 2595 1299 2668 σωτηρίαν·
1347 2615 1368 2648 ι
1434 2598 1499 2649 El
1549 2595 1657 2669 γὰρ

84 2690 225 2762 παρὰ
269 2690 380 2762 (56)
418 2690 478 2744 τὸ
517 2689 1006 2744 ἀποστέλλεσθαι
1050 2688 1355 2753 ἀπόστολοι,
1379 2688 1577 2752 πάντες
1599 2688 1656 2743 δέ

84 2784 213 2836 εἰσιν
240 2782 344 2836 ὑπὸ
375 2800 395 2832 ι
425 2780 520 2835 τοῦ
544 2778 821 2843 ποιοῦντος
851 2780 978 2843 τοὺς
1011 2778 1277 2848 ἀγγέλους
1302 2777 1465 2833 αὐτοῦ
1489 2777 1656 2832 πνεύ-

86 2894 242 2947 ματα,
284 2876 383 2930 καὶ
419 2876 547 2939 τοὺς
591 2874 940 2946 λειτουργοὺς
986 2871 1154 2926 αὐτοῦ
1189 2871 1359 2945 πυρὸς
1395 2871 1587 2942 φλόγα,
1630 2891 1650 2924 ι

86 2972 159 3033 εἰς
183 2968 456 3032 διακονίας
486 2967 600 3039 (57)
647 2965 1101 3037 ἀποστελλόμενοι
1127 2964 1278 3028 ὄντες
1309 2964 1655 3037 λειτουργικὰ

86 3059 393 3131 πνεύματα,¹
439 3060 534 3112 καὶ
594 3051 739 3111 οὗτοι
785 3056 852 3110 ἂν
898 3052 1009 3110 εἷεν
1058 3056 1344 3112 ἀπόστολοι
1387 3053 1484 3108 τοῦ
1518 3056 1655 3111 ἀπο-

85 3151 385 3214 στέλλοντος
427 3148 656 3212 αὐτούς’
691 3149 785 3203 καλ⁸
824 3147 1056 3212 ἕκαστός
1107 3164 1171 3217 γε
1224 3146 1334 3202 τῶν
1362 3149 1655 3220 πεμπομέ-

83 3263 180 3299 νων
202 3244 308 3298 ἀπό
339 3260 490 3306 τινος
515 3241 812 3305 ἀπόστολός
843 3242 960 3294 ἐστι
986 3240 1080 3295 τοῦ
1125 3240 1472 3313 πέμψαντος⁸
1516 3240 1652 3296 καθὸ

48 3343 136 3392 “ὲν
186 3343 293 3405 τοῖς
351 3338 614 3411 ἀνωτέρω
665 3336 919 3392 λέλεκται
969 3336 1109 3410 μετά
1155 3337 1252 3392 τόδ
1297 3356 1317 3389 t
1377 3338 1492 3392 οὐκ
1536 3337 1652 3393 ἔστι

83 3430 253 3496 δοῦλος
305 3429 510 3502 μείζων
562 3427 659 3482 τοῦ
723 3428 915 3501 κυρίου
985 3426 1174 3495 αὐτοῦ,
1217 3426 1339 3481 οὐδὲ
1421 3428 1652 3482 ἀπόστο-

82 3525 164 3589 λος
194 3525 397 3598 μείζων
419 3523 514 3578 τοῦ
537 3523 850 3596 πέμψαντος
897 3525 1080 3578 αὐτόν.
1124 3544 1143 3575 ι
1192 3523 1350 3579 Κατά
1394 3524 1551 3578 τοῦτο
1593 3525 1653 3579 δὲ

86 3619 178 3689 οὐχ
204 3618 510 3690 ἁμαρτήσει
554 3617 653 3671 καὶ
699 3617 791 3671 τὸν
836 3615 1087 3688 Ἰωάννην
1138 3616 1435 3671 ἀπόστολον
1476 3616 1651 3686 λέγων

90 3709 215 3763 Θεοῦ
256 3710 347 3765 διά
369 3709 461 3763 τό·
519 3728 539 3762 t
616 3710 861 3778 Ἐγένετο
905 3708 1191 3779 ἄνθρωπος
1244 3708 1651 3780 ἀπεσταλμένος

89 3800 228 3874 παρὰ
252 3800 413 3865 Θεοῦ,
435 3799 606 3873 ὄνομα
633 3799 785 3872 αὐτῷ
825 3800 1078 3870 Ἰωάννης
1094 3817 1110 3832 ’
1142 3820 1161 3851 ι
1188 3801 1282 3853 καὶ
1298 3800 1390 3854 τὸν
1423 3799 1650 3854 Ἡσαΐαν

81 3890 161 3946 διὰ
183 3892 275 3946 τό*
318 3911 337 3944 ‹
372 3892 511 3945 Τίνα
556 3889 858 3952 ἀποστελῶ,
909 3890 1006 3944 καὶ
1045 3889 1132 3954 τίς
1162 3889 1485 3961 πορεύσεται
1514 3889 1652 3960 πρὸς

79 3983 162 4037 τὸν
191 3983 315 4039 λαὸν
344 3982 569 4050 τοῦτον;
612 4002 630 4034 ι
667 3984 755 4038 ὅτε
805 3983 1138 4052 ἀπεκρίνατο
1180 3982 1384 4051 λέγων·
1441 4000 1461 4033 t
1519 3981 1649 4035 Ἰδού

79 4076 184 4147 εἰμι
209 4076 340 4146 ἐγὼ,
373 4075 693 4130 ἀπόστειλόν
731 4092 819 4145 με.
862 4094 881 4125 ι
920 4073 986 4126 Τί
1010 4073 1068 4127 δὲ
1100 4072 1457 4145 περὶτούτων
1484 4072 1649 4140 λέγω,

78 4171 159 4220 ὅτε
187 4169 279 4223 καὶ
297 4171 356 4223 ὲν
380 4170 450 4239 τῇ
478 4167 613 4238 πρὸς
660 4164 943 4237 Ἑϐραίους
993 4164 1277 4235 Ἐπιστολῇ
1306 4164 1417 4232 (58)
1444 4165 1473 4217 6
1496 4164 1649 4234 τηλι-

82 4259 261 4325 κοῦτος
290 4259 451 4332 ήμῶν
479 4257 672 4332 Σωτὴρ
702 4257 998 4320 ἀπόστολος
1029 4256 1244 4328 εἴρηται
1275 4255 1370 4310 τοῦ
1400 4257 1648 4327 Πατρός;

1678 3022 1726 3086 0

1765 1778 1980 1834 cunque
2018 1765 2241 1829 misero,
2275 1780 2361 1820 me
2390 1766 2586 1836 recipit
2617 1786 2630 1821 :
2670 1767 2760 1836 qui
2785 1777 2968 1823 autem
2997 1785 3083 1825 me
3108 1772 3324 1841 recipit,

1766 1856 1957 1927 recipit
1981 1871 2105 1912 eum
2137 1858 2229 1927 qui
2258 1857 2409 1913 misit
2431 1872 2516 1912 me
2538 1859 2605 1911 ⁸⁸.
2640 1876 2659 1909 ι
2701 1857 2865 1914 Mittit
2912 1857 3070 1915 Iesus
3114 1876 3220 1917 non
3245 1878 3330 1917 so-

1764 1948 1871 2002 lum
1904 1958 2146 2014 sanctos,
2176 1963 2368 2005 verum
2420 1950 2583 2005 etiam
2631 1960 2685 2004 et
2742 1964 2957 2008 sanctos
2977 1962 3031 2007 et
3060 1954 3280 2025 angelos
3308 1972 3325 2010 :

1765 2040 2235 2111 nominanturque
2285 2041 2338 2096 bi
2377 2055 2516 2111 quos
2565 2042 2755 2106 mittit,
2800 2058 2864 2099 eo
2901 2045 3043 2115 quod
3090 2047 3157 2100 ab
3206 2047 3325 2117 ipso

1763 2134 2068 2199 mittantur,
2100 2134 2353 2205 apostoli,
2389 2132 2518 2207 [hoc
2555 2144 2639 2192 cst
2677 2136 2873 2210 misul]
2914 2135 3032 2193 1am
3065 2153 3193 2195 vero
3224 2140 3325 2194 lto-

1762 2240 1881 2280 rum
1928 2226 2303 2298 apostolorum
2357 2227 2449 2282 alii
2498 2238 2626 2283 sunt
2667 2230 2947 2296 homines;
2994 2230 3087 2285 alii
3121 2231 3323 2288 virtute

1758 2318 2166 2387 praastantiores
2199 2336 2213 2372 :
2242 2333 2344 2374 nec
2373 2319 2521 2374 enim
2562 2336 2591 2373 a
2623 2335 2751 2376 vero
2780 2322 3152 2378 aberravimus
3205 2340 3330 2396 apo-

1762 2405 1898 2465 stoli’
1924 2424 2121 2465 nomen
2156 2409 2242 2465 his
2285 2410 2495 2481 angelis
2530 2414 2692 2467 etiam
2728 2423 3011 2482 ponentes,
3042 2416 3109 2469 de
3129 2417 3328 2485 quibus

1761 2501 2021 2568 scriptum
2054 2501 2222 2566 est”,
2262 2503 2405 2573 quod
2442 2521 2461 2554 ι
2495 2518 2686 2559 omnes
2724 2505 2834 2559 sint
2878 2505 3333 2562 administratorii

1758 2593 2009 2664 spiritus,
2041 2593 2135 2664 qui
2181 2594 2234 2648 in
2287 2594 2649 2650 ministerium
2702 2596 3051 2664 emittuntur,
3103 2610 3325 2671 propter

1757 2700 1853 2742 eos
1902 2686 1996 2756 qui
2047 2686 2290 2742 basi-edes
2342 2698 2503 2743 erunt
2530 2688 2740 2744 salutis.
2783 2708 2802 2742 ι
2843 2688 2976 2745 Nam
3003 2692 3047 2748 si
3084 2692 3237 2765 παρὰ
3260 2691 3324 2747 τὸ

1756 2777 2243 2835 ἀποστέλλεσθαι
2258 2780 2542 2836 ἀπόστολοι
2556 2781 2682 2856 {hoc
2701 2794 2806 2850 est,
2824 2800 2854 2839 a
2871 2785 3124 2840 mittendo
3152 2784 3323 2860 missi]

1757 2885 2057 2943 omnesque
2096 2871 2166 2927 ab
2215 2888 2280 2929 eo
2313 2893 2333 2926 t
2367 2874 2454 2943 qui
2484 2875 2613 2929 facit
2650 2876 2870 2947 angelos
2904 2892 3033 2934 suos
3075 2879 3323 2947 spiritus,

1757 2971 1813 3016 et
1860 2963 2137 3019 ministros
2181 2978 2307 3020 suos
2342 2965 2483 3034 ignis
2537 2965 2897 3034 ﬂammam",
2929 2987 2949 3021 ι
2984 2971 3037 3024 in
3078 2970 3327 3026 ministe-

1759 3054 1898 3109 rium
1932 3055 2225 3111 mittuntur
2261 3057 2710 3114 administratorii
2760 3060 3005 3130 spiritus,
3042 3061 3099 3117 lti
3156 3061 3325 3116 etiam

1755 3147 1981 3217 apostoli
2020 3146 2150 3220 [hoc
2193 3157 2280 3205 est
2326 3148 2496 3222 missi]
2534 3149 2783 3206 dicentur
2826 3152 2944 3221 ejus
2975 3167 3004 3206 a
3048 3167 3158 3223 quo
3200 3155 3325 3208 mit-

1756 3245 1966 3294 tuntur.
2008 3239 2189 3309 Atque
2235 3241 2610 3312 unusquisque
2658 3240 2905 3311 profecto
2947 3246 3041 3316 qui
3088 3246 3323 3303 mittitur

1758 3332 1826 3387 ab
1847 3330 2049 3401 aliquo,
2069 3333 2369 3402 aposwlus,
2396 3331 2528 3406 [hoc
2550 3341 2637 3390 est
2668 3335 2911 3409 missus,]
2941 3346 3026 3393 est
3055 3337 3201 3393 illius
3227 3338 3318 3408 qui

1757 3422 1906 3476 misit
1923 3441 1938 3488 ;
1950 3421 2103 3491 juxta
2121 3424 2266 3494 quod
2297 3424 2353 3479 in
2369 3424 2748 3496 superioribus
2768 3435 2856 3482 est
2887 3428 3087 3482 dictum
3106 3436 3230 3497 post
3256 3442 3322 3483 ea

1753 3517 1968 3571 verbau
1982 3514 2096 3572 Non
2119 3526 2202 3571 est
2226 3532 2414 3575 servus
2436 3520 2610 3589 major
2631 3519 2850 3575 domino
2871 3535 2992 3588 suo,
3012 3536 3184 3590 neque
3200 3535 3324 3589 apo-

1754 3609 1924 3666 stolus
1967 3608 2127 3681 431
2158 3615 2334 3678 major
2363 3626 2429 3668 eo
2457 3612 2549 3681 qui
2598 3613 2745 3669 misit
2773 3615 2966 3683 ipsum.
3006 3635 3026 3669 ι
3072 3614 3221 3673 llanc
3250 3619 3320 3673 ob

1755 3718 1973 3759 causam
2022 3720 2128 3758 non
2179 3706 2459 3763 aberrabit
2504 3721 2535 3760 a
2561 3722 2693 3763 vero
2729 3708 2816 3777 qui
2859 3706 3120 3763 Joannem
3151 3710 3318 3765 etiam

1752 3794 1951 3849 dixerit
1978 3793 2072 3849 Dei
2107 3796 2408 3864 apostolum
2436 3806 2660 3867 propter
2700 3798 2865 3854 illud:
2928 3816 2947 3848 ε
2981 3798 3105 3854 Fuit
3161 3801 3322 3857 homo

1753 3885 1951 3940 missus
1987 3900 2020 3940 a
2054 3883 2200 3950 Deo,
2228 3885 2315 3940 cui
2343 3901 2537 3941 nomen
2579 3895 2700 3943 erat
2738 3888 2971 3945 Joannes
3003 3891 3067 3945 '“.
3118 3909 3137 3943 ι
3178 3890 3317 3956 Quin

1751 3976 1914 4032 Isaias
1941 3992 2155 4047 quoque
2174 3977 2449 4047 apostolus
2478 3980 2604 4045 erit,
2637 3989 2855 4050 propter
2882 3981 3008 4036 illud
3041 4001 3056 4037 :
3097 4000 3115 4033 t
3146 3983 3318 4050 Quem

1752 4070 1994 4135 mittam,
2024 4080 2080 4125 et
2109 4071 2230 4141 quis
2265 4070 2364 4127 ibit
2395 4073 2461 4124 ad
2504 4073 2758 4141 populum
2804 4075 2986 4129 hunc?
3025 4094 3046 4127 ι
3099 4078 3329 4145 quando.

1753 4163 2030 4231 respondit
2071 4163 2291 4218 dicens:
2345 4181 2366 4214 ‹
2416 4162 2496 4218 Εη
2540 4178 2640 4236 ego
2691 4159 2854 4230 sum,
2889 4166 3042 4221 mitte
3086 4181 3172 4222 me
3192 4166 3257 4220 "'.
3291 4187 3311 4220 ι

1752 4255 1857 4312 Sed
1887 4255 2015 4324 quid
2048 4255 2114 4310 de
2157 4255 2305 4310 hisce
2340 4255 2502 4321 dico,
2534 4256 2750 4325 quando
2791 4266 2844 4311 et
2878 4257 2930 4311 in
2965 4256 3201 4326 Epistola
3250 4258 3317 4310 ad

80 4353 377 4425 γέγραπται
405 4351 543 4424 γάρ·
576 4370 594 4402 ‹
621 4351 877 4421 Ἔχοντες
905 4344 997 4403 οὖν
1028 4348 1290 4421 ἀρχιερέα
1321 4348 1494 4420 μέγαν
1512 4348 1546 4417 (ε

1854 4364 2008 4404 παιοε
2034 4348 2157 4404 talis
2195 4356 2480 4417 tantusque
2513 4346 2771 4404 Servator
2806 4357 2989 4404 noster
3031 4350 3208 4404 dictus
3248 4350 3320 4402 sit

80 4446 167 4498 καὶ
192 4444 486 4499 ἀπόστολον
514 4442 723 4515 Ἰησοῦν
747 4443 1005 4514 Χριστόν.
1041 4462 1059 4493 ι
1098 4443 1211 4494 Καὶ
1240 4439 1338 4496 νῦν
1359 4438 1452 4495 οὖν
1471 4441 1530 4496 ὃν
1552 4443 1648 4497 ὲάν

80 4537 369 4610 ἀποστέλλῃ
411 4540 441 4591 6
470 4537 661 4608 Σωτὴρ
688 4536 1144 4606 διακονησάμενον
1175 4537 1243 4606 τῇ
1271 4551 1432 4589 τινων
1472 4551 1647 4607 σωτηο

86 4629 198 4700 ρίᾳ,
231 4630 259 4683 6
291 4629 755 4700 ἀποστελλόμενος
783 4627 1078 4691 άπόστολός
1109 4627 1256 4682 ἐστιν
1304 4626 1479 4698 Ἰησοῦ
1510 4626 1647 4699 Χρισ·

85 4721 222 4777 στοῦ.
272 4722 413 4776 Ἀλλ’
473 4726 503 4777 ό
536 4720 850 4785 ἀπόστολος,
891 4719 1080 4791 ὥσπερ
1103 4718 1198 4772 τοῦ
1230 4719 1643 4784 ἀποστείλαντός

82 4813 219 4867 ἐστιν
254 4815 550 4878 ἀπόστολος
572 4855 588 4880 ,
631 4811 804 4876 οὕτως
829 4812 939 4866 τισὶ
968 4811 1105 4881 πρὸς
1131 4810 1226 4875 οὓς
1255 4812 1641 4866 ἀποστέλλεται

83 4906 251 4975 μόνοις
294 4908 407 4980 (60)
440 4909 587 4962 ἐστὶν
632 4906 956 4970 ἀπόστολος·
1011 4906 1150 4976 ὅπερ
1181 4905 1316 4959 νοῶν
1354 4907 1384 4958 6
1432 4904 1644 4970 Παῦλος

80 4998 286 5069 ἔλεγεν·
324 5021 345 5054 ι
398 5003 464 5055 Εἰ
494 4995 601 5054 καῖ
631 4999 809 5062 ἄλλοις
850 4999 951 5052 οὐκ
991 4999 1107 5070 εἰμὶ
1151 4997 1471 5062 ἀπόστολος,
1506 4996 1644 5052 ἀλλά

81 5108 137 5159 γε
174 5093 299 5164 ὑμῖν
341 5094 485 5165 εἰμι’
536 5094 570 5163 ἡ
624 5091 735 5164 γὰρ
785 5090 1019 5162 σφραγίς
1071 5107 1171 5161 μου
1202 5089 1305 5160 τῆς
1338 5089 1640 5160 ἀποστολῆς

82 5183 225 5254 ὑμεῖς
253 5186 377 5238 ἐστε
407 5185 466 5239 ὲν
497 5183 703 5256 Κυρίῳ.
745 5201 764 5235 ι
801 5182 1048 5250 Ἔξεστιν
1076 5176 1170 5235 οὖν
1196 5198 1320 5235 τινα
1344 5176 1481 5235 εἶναι
1504 5181 1641 5236 ἀπό-

1755 4442 2028 4514 apostolus
2056 4459 2084 4496 a
2119 4441 2322 4497 Patre?
2349 4440 2623 4510 Scriptum
2652 4450 2736 4495 est
2763 4441 2907 4494 enim
2935 4456 2950 4493 :
2985 4459 3005 4493 ι
3043 4440 3318 4497 Habentes

1753 4537 1915 4606 igitur
1934 4534 2248 4590 Pontificem
2270 4549 2518 4602 magnum
2547 4541 2603 4588 et
2627 4532 2929 4602 aposwlum
2952 4530 3137 4588 Jesum
3163 4533 3322 4597 Clll‘i-g

1750 4637 1896 4681 stum
1932 4626 1999 4680 ⁷³.
2038 4645 2059 4679 ι
2092 4624 2454 4692 Quamobrem
2496 4625 2542 4680 si
2576 4624 2835 4679 Servator
2877 4624 3107 4692 aliquem
3150 4624 3317 4678 mise-

1752 4719 1824 4773 rit
1871 4718 1963 4787 qui
2017 4716 2319 4786 aliquorum
2378 4716 2610 4773 salutem
2658 4715 3091 4782 administrarit,
3139 4716 3186 4770 is
3222 4717 3316 4785 qui

1750 4811 2018 4874 mittitur,
2064 4808 2343 4880 apostolus
2390 4819 2475 4866 est
2518 4808 2654 4868 Jesu
2702 4809 2927 4865 Christi.
3001 4807 3200 4863 Verum
3261 4819 3319 4864 ut

1749 4902 2024 4972 apostolus
2051 4900 2324 4972 apostolus
2351 4911 2435 4957 est
2471 4900 2593 4971 ejus
2622 4902 2715 4972 qui
2752 4900 2933 4967 misit,
2983 4899 3063 4954 sic
3094 4898 3318 4969 quibus-

1749 4996 1874 5050 dam
1915 4995 2045 5050 solis
2098 4994 2168 5049 ad
2208 5007 2346 5064 quos
2390 4992 2659 5058 mittitur,
2706 5000 2791 5048 est
2832 4991 3126 5061 apostolus.
3167 4991 3319 5046 lianc

1749 5102 1864 5142 rem
1907 5072 2262 5148 considerans
2298 5083 2500 5140 Paulus
2545 5083 2761 5139 dicebat
2798 5098 2808 5131 :
2863 5102 2883 5135 ι
2921 5083 3149 5139 Etiamsi
3190 5082 3316 5137 aliis

1748 5196 1855 5235 non
1876 5179 1977 5235 sim
2005 5179 2280 5249 apostolus
2301 5216 2319 5244 ,
2364 5176 2520 5232 vobis
2550 5190 2671 5231 sum
2705 5183 2927 5242 tamen;
2961 5190 3085 5231 nam
3129 5175 3316 5245 signa-

136 5300 358 5358 "Joan.
389 5316 509 5366 xm,
538 5299 621 5354 l9.
695 5298 739 5330 "'
771 5297 902 5354 ibid.
962 5297 1054 5354 26.
1128 5296 1407 5365 "Hebr.t,
1435 5298 1523 5356 M.
1599 5299 1602 5311 “

1847 5297 1877 5351 7
1910 5306 1967 5351 et
1994 5293 2137 5350 Psal.
2198 5309 2316 5361 cut,
2346 5293 2398 5347 4.
2475 5292 2519 5324 ⁷²
2552 5290 2710 5348 Joan.
2740 5308 2778 5359 ι,
2813 5291 2867 5348 6.
2943 5292 2991 5325 ⁷³
3020 5290 3123 5347 lsa.
3156 5307 3231 5357 vr,
3257 5291 3313 5346 8.

80 5368 123 5401 ⁷³
147 5370 302 5425 Hebr.
336 5386 421 5432 tu,
454 5371 476 5424 ἱ
504 5389 519 5438 ;
547 5384 621 5435 tv,
657 5369 744 5425 14.

84 5460 472 5586 Βοὲἷῖξὲἓῖξέιρὰ.
508 5463 670 5517 Deest
690 5461 745 5515 in
778 5461 969 5517 codice
999 5460 1205 5531 Regio,
1234 5461 1331 5517 sed
1358 5461 1554 5534 legitur
1579 5462 1632 5518 in

147 5600 252 5669 (57)
275 5601 602 5666 Διακονιας.
633 5600 800 5657 Forte
832 5600 1116 5667 legendum
1141 5601 1431 5657 διακονίαν.

1737 5532 1894 5586 locos
1942 5532 1994 5585 in
2052 5546 2241 5593 unum,
2301 5534 2564 5585 memoria

1744 5601 2125 5656 festinantibus
2162 5601 2318 5665 solet,
2359 5600 2606 5654 confudit
2639 5599 2725 5652 hic
2750 5596 3045 5667 Origenes;
3082 5596 3309 5653 alterum

1816 5459 2249 5538 (59)_'Exort8c
2279 5458 2390 5513 οὖν
2437 5456 2713 5538 ἀρχιερέα
2754 5455 2966 5538 μέγαν,
3015 5463 3139 5538 etc.’
3168 5453 3312 5510 Duos

1942 5531 1994 5585 in
2052 5546 2241 5593 unum,
2301 5534 2564 5585 memoria
2619 5529 2820 5595 lapsus,
2875 5535 2934 5580 ut
2990 5529 3314 5595 contingere

150 5670 635 5744 (ξξὸῂἙξπιστοιρῑῇ.
674 5671 837 5727 Deest
864 5671 920 5728 in
956 5672 1142 5729 codice
1175 5673 1363 5744 ltegio,
1405 5675 1500 5732 sed
1550 5690 1610 5732 es

1254 5673 1363 5744 gio,
1405 5675 1500 5732 sed
1550 5683 1634 5732 est
1740 5673 1911 5744 Hebr.
1946 5687 2028 5744 ll_l,
2062 5672 2118 5744 j,
2146 5679 2210 5744 et
2234 5686 2307 5744 tv,
2345 5670 2431 5734 14,
2472 5670 2720 5744 alterum.

87 5740 135 5793 in
175 5740 473 5797 Bodleiano.

1815 5740 1927 5814 (60)
1966 5742 2145 5800 Codex
2176 5739 2396 5814 Regius,
2424 5740 2609 5812 μόνος.
