3712 6138
372 256 475 319 787

1848 251 2006 308 ORIG
2018 248 2172 306 ENIS
3504 244 3587 299 τις

371 380 550 436 rulnm
575 376 905 450 apostolatus
924 375 1028 430 mei
1051 386 1146 430 vos
1170 375 1299 430 estis
1328 374 1380 429 in
1399 373 1625 430 Domino
1652 373 1726 438 7‘;
1751 390 1771 425 ι
1806 352 1933 440 pro-

2041 368 2223 422 στολον
2278 362 2450 435 Ἰησοῦ
2493 361 2725 433 Χριστοῦ
2771 358 2851 413 ἑνὶ
2891 359 3037 431 μόνῳ
3068 356 3517 424 ὲξαποσταλὲντα,
3550 364 3591 412 εἰ

371 475 502 528 inde
525 472 648 526 licet
674 466 835 524 alicui
866 483 988 523 esse
1023 468 1271 539 apostolo
1292 468 1418 523 Jesu
1441 467 1639 523 Christi
1672 466 1737 520 ad
1754 480 1931 518 'unum

371 565 541 619 solum
582 563 781 627 misso;
819 562 903 626 si,
940 562 1033 615 Dei
1070 562 1439 631 providentia,
1470 561 1559 615 uni
1590 559 1691 615 soli
1726 572 1935 613 sermo-

371 665 489 705 nem
538 650 585 705 is
634 649 1116 703 administraverit.
1171 648 1302 715 Quae
1326 649 1543 718 quidem
1578 648 1844 711 diximus,
1879 654 1938 700 ut

371 754 561 793 rursus
606 739 886 793 videamus
935 752 1124 793 eorum
1156 740 1245 805 qui
1277 737 1406 793 Jesu
1453 737 1655 795 Chrisﬁ
1705 737 1934 807 apostoli

371 833 590 886 fuerunt
650 832 850 896 habiti,
898 832 1270 887 excellentiam
1332 849 1348 885 :
1398 851 1416 883 ι
1478 831 1739 887 Dexteras
1791 831 1933 884 enim

369 924 645 980 societatis
710 924 872 989 milti,
941 934 992 977 et
1041 924 1331 989 Barnabze,
1396 925 1603 994 inquit,
1649 925 1933 986 dederunt,

372 1030 429 1072 ut
460 1034 558 1073 nos
586 1019 639 1072 in
672 1026 891 1087 gentes,
923 1018 1023 1087 ipsi
1058 1031 1186 1072 vero
1219 1019 1272 1071 in
1302 1017 1771 1072 circumcisiouetn
1803 1017 1868 1070 ⁷⁸.
1912 1035 1931 1067 ι

372 1110 541 1179 igitur
572 1108 767 1164 Paulus
789 1110 1037 1179 gentibus
1064 1110 1195 1164 solis
1243 1118 1364 1164 erat
1406 1110 1710 1177 apostolus,
1745 1107 1936 1163 Petrus

374 1202 469 1256 toti
504 1203 928 1259 eireumeisioni.
973 1203 1127 1268 Quod
1157 1202 1204 1257 si
1237 1216 1301 1257 ex
1330 1202 1487 1256 nobis
1519 1203 1734 1256 habitus
1774 1200 1938 1255 fuerit

373 1292 569 1362 aliquis
600 1293 811 1361 dignus,
852 1302 907 1345 ut
934 1292 1170 1346 ostendit
1194 1292 1475 1362 apostolus
1500 1333 1514 1356 ,
1542 1293 1702 1347 eundi
1737 1292 1803 1345 ad
1839 1292 1937 1344 ali-

373 1401 570 1453 quem,
603 1386 686 1440 vel
719 1385 783 1440 ad
820 1385 980 1454 paulo
1015 1386 1232 1452 plures.
1272 1386 1552 1455 apostolus
1581 1386 1626 1440 is
1673 1385 1932 1439 efﬁcitur.

375 1478 491 1534 Nec
519 1479 811 1534 extollatur
827 1478 997 1534 factus
1023 1478 1335 1547 Apostolus,
1367 1477 1511 1533 illius
1536 1479 1663 1535 dicti
1690 1495 1933 1536 memor:

380 1592 398 1623 σ
437 1572 588 1639 Quod
622 1579 1069 1641 snperestautem
1093 1611 1107 1633 ,
1145 1570 1275 1626 illud
1308 1570 1680 1638 requiriturin
1723 1573 1939 1641 dispen-

2036 462 2119 517 έν).
2152 460 2317 531 μόνῳ,
2350 456 2485 511 Θεοῦ
2511 456 2756 527 προνοίᾳ,
2779 454 2869 507 τὸν
2899 453 3056 521 λόγον
3088 451 3469 523 διηκονήσατο,
3499 452 3587 506 Καὶ

2035 550 2205 606 ταῦτά
2237 566 2416 620 φαμεν
2451 548 2538 600 ἵνα
2565 546 2726 599 πάλιν
2758 544 3042 615 βλέπωμεν
3080 540 3179 611 τὴν
3207 539 3321 592 τῶν
3345 557 3575 610 χρηματι»

2038 644 2246 698 σάντων
2292 640 2466 713 Ἰησοῦ
2495 638 2730 711 Χριστοῦ
2765 636 3073 690 ἀποστόλων
3106 634 3393 704 ὑπεροχήν
3414 649 3430 661 ·
3463 651 3482 682 ι
3515 635 3576 684 As

2037 733 2156 801 ξιὰς
2188 732 2317 804 γάρ,
2361 731 2547 802 φησὶν,
2587 729 2793 782 ἔδωκαν
2842 728 2984 798 ἐμοὶ,
3023 726 3117 778 καὶ
3142 724 3410 794 Βαρνάϐᾳ
3434 741 3580 776 κοινω

2037 828 2175 891 νίας,
2220 826 2307 879 ἵνα
2344 826 2505 895 ἡμεῖς
2542 825 2622 886 εἰς
2654 822 2722 874 τὰ
2760 821 2885 891 ἔθνη
2905 862 2920 883 ,
2957 821 3111 872 αὐτοὶ
3140 818 3200 871 δὲ
3230 819 3313 880 εἰς
3336 816 3437 886 τὴν
3462 832 3589 885 περι-

2036 921 2225 992 τομήν.
2295 937 2315 968 ι
2353 915 2561 970 Οὐκοῦν
2612 912 2822 976 Παῦλος
2867 911 3043 964 ἔθνεσι
3093 910 3276 979 μόνοις
3324 906 3595 967 ἀπόστολοι

2035 1009 2127 1083 ἦν,
2187 1013 2282 1066 καὶ
2326 1010 2530 1082 Πέτρος
2569 1008 2666 1081 ὅλῃ
2715 1010 2781 1077 τῇ
2834 1001 3361 1076 περιτομῇεἪμῶν
3416 1000 3473 1051 δὲ
3513 999 3596 1051 κὶα.

2039 1103 2241 1174 ἀξιωθῇ
2288 1120 2390 1168 τις,
2439 1102 2516 1164 ὡς
2548 1100 2891 1171 παρέστησεν
2937 1098 2966 1149 6
2998 1094 3345 1156 Ἀπόστολος,
3393 1090 3486 1144 τοῦ
3523 1108 3597 1158 γε·

2038 1196 2222 1251 νέσθαι
2264 1197 2343 1249 ὲνί
2400 1212 2522 1259 που,
2575 1195 2608 1263 ἢ
2652 1193 2819 1263 ὀλίγῳ
2849 1191 3108 1253 πλείοσιν,
3138 1185 3449 1249 ἀπόστολος
3477 1185 3593 1251 γίνε-

2037 1304 2146 1340 ται.
2194 1284 2313 1339 Κᾶν
2359 1286 2581 1354 γένηται
2621 1283 2698 1349 δὲ,
2748 1283 2822 1354 μὴ
2871 1279 3197 1352 ἐπαιρέσθω,
3268 1276 3603 1349 μεμνημένος

2036 1378 2130 1430 τοῦ
2150 1395 2163 1406 ·
2206 1396 2225 1428 ι
2266 1377 2331 1429 Ὀ
2353 1375 2409 1428 δὲ
2433 1374 2637 1438 λοιπὸν,
2676 1372 2917 1442 ζητεῖται
2954 1372 3011 1423 ἐν
3045 1373 3157 1432 τοῖς
3186 1366 3503 1436 οἰκονόμοις
3529 1366 3603 1417 ἶνα

2039 1467 2226 1530 πιστός
2252 1483 2335 1528 τις
2371 1464 2599 1536 εὑρεθῇ⁸
2646 1481 2666 1513 ι
2700 1462 2760 1515 ού
2798 1460 2907 1532 γὰρ
2936 1459 3147 1521 πάντως
3174 1458 3225 1509 εἰ
3259 1453 3532 1524 ζητεῖται,
3558 1454 3607 1505 :6

2038 1558 2367 1630 ζητούμενον
2408 1554 2736 1627 εὑρίσκεται.
2775 1551 2960 1605 Ταῦτα
2988 1550 3074 1603 διὰ
3105 1548 3195 1601 τό·
3234 1568 3254 1599 ι
3313 1548 3375 1599 ’0
3408 1545 3606 1615 λαμϐά-

374 1666 666 1726 satoribus,
699 1675 756 1718 ut
784 1663 921 1717 ﬁdus
939 1662 1132 1733 aliquis
1153 1663 1461 1718 inveniatur
1482 1666 1568 1729 7';
1609 1684 1628 1717 ι
1662 1679 1767 1720 non
1792 1639 1933 1719 enim

2037 1669 2143 1704 νων
2186 1650 2285 1703 ἐάν
2331 1666 2449 1703 τινα
2502 1647 2733 1718 πέμψω-
2784 1663 2803 1695 ι
2858 1646 3016 1705 ὅσους
3058 1641 3337 1711 ἐνδέχεται
3398 1639 3605 1707 πέμπε-

373 1759 417 1811 si
450 1758 707 1828 quaeritur
737 1757 975 1827 aliquid,
1021 1756 1150 1811 illud
1183 1758 1405 1812 omnino
1441 1728 1732 1813 invenitur.
1763 1758 1935 1813 Caete-

2041 1740 2163 1794 σθαι
2206 1740 2318 1811 (61)
2354 1739 2458 1792 ὑπὸ
2491 1736 2585 1791 τοῦ
2631 1735 2803 1808 Ἰησοῦ
2837 1730 3090 1804 ὀνομάζει
3118 1729 3484 1793 ἀποστόλους,
3516 1728 3607 1781 κᾶν

372 1865 489 1903 rum
518 1858 739 1920 propter
766 1850 868 1904 hoc
892 1848 1095 1903 dictum
1127 1864 1141 1902 :
1172 1867 1189 1898 ι
1224 1847 1322 1914 Qui
1352 1848 1545 1914 recipit
1574 1848 1618 1901 si
1647 1863 1804 1916 quem
1833 1848 1937 1902 mi~

373 1958 494 1997 sero
527 1934 619 2009 ⁷⁷,
648 1960 667 1993 ι
698 1954 1047 2011 quoscunque
1081 1940 1366 2008 contigerit
1399 1955 1428 1993 a
1454 1938 1579 1994 Jesu
1612 1941 1789 2006 mitti,
1834 1942 1935 1995 hos

371 2034 613 2089 nominat
640 2032 937 2103 apostolos,
971 2032 1183 2086 etiamsi
1228 2033 1364 2087 tales
1402 2048 1507 2088 non
1543 2034 1651 2088 sint
1686 2042 1747 2086 ut
1796 2032 1937 2086 dixi-

371 2143 510 2183 mus.
554 2127 797 2181 Diximus
827 2128 990 2181 etiam
1023 2127 1354 2195 contingere,
1394 2135 1453 2179 ut
1474 2126 1648 2196 aliqua
1674 2138 1933 2195 prtrstan-

374 2220 538 2283 riora,
566 2232 727 2288 quam
748 2228 941 2272 natura
968 2218 1039 2271 sit
1071 2219 1343 2273 hominum
1365 2258 1379 2281 ,
1407 2219 1691 2273 mittantur
1716 2234 1745 2273 a
1769 2219 1930 2288 Jesu;

372 2317 679 2379 propterea,
709 2309 798 2376 qui
832 2310 1025 2375 recipit
1060 2323 1217 2375 quem
1260 2309 1468 2363 miserit
1513 2308 1700 2372 Jesus,
1749 2309 1930 2365 Jesnm

373 2401 426 2453 in
459 2399 625 2455 misso
659 2400 882 2469 recipit;
908 2401 999 2469 qui
1029 2409 1207 2454 autem
1232 2397 1429 2454 'Jesutn
1469 2401 1680 2469 recipit,
1715 2401 1928 2457 Patrem

372 2492 596 2561 recipit:
627 2492 790 2561 igitur
817 2493 906 2561 qui
948 2492 1139 2560 recipit
1167 2496 1325 2561 quem
1356 2490 1513 2546 Jesus
1547 2493 1774 2559 miserit,
1803 2493 1930 2548 Jesu

371 2583 587 2640 Patrem
627 2586 837 2656 recipit,
872 2586 962 2656 qui
996 2585 1139 2640 misit
1170 2586 1367 2655 ipsum.
1409 2583 1595 2643 Potest
1626 2588 1788 2644 etiam
1819 2589 1933 2642 haec

370 2678 544 2732 oratio
573 2679 696 2733 talis
721 2693 841 2736 esse
870 2697 884 2734 :
923 2679 1020 2746 Qui
1054 2682 1244 2752 recipit
1281 2696 1438 2751 quem
1460 2697 1561 2751 ego
1591 2683 1811 2746 misero,
1848 2696 1932 2736 me

371 2769 594 2839 recipit,
635 2785 701 2825 eo
755 2786 924 2841 usque
969 2772 1282 2842 pertingens
1322 2786 1383 2829 ut
1424 2789 1511 2829 me
1540 2775 1800 2842 recipiat;
1840 2774 1930 2843 qui

371 2875 501 2914 vero
530 2875 617 2913 me
646 2876 751 2916 non
792 2862 983 2933 recipit
1007 2877 1106 2933 per
1138 2864 1372 2933 aliquem
1398 2879 1577 2919 meum
1604 2865 1929 2934 apostolum,

369 2950 465 3003 sed
490 2946 652 3020 ωε
687 2965 775 3005 me
803 2951 1015 3020 recipit,
1043 2965 1149 3006 non
1177 2953 1244 3007 ab
1269 2952 1597 3020 hominibus,
1634 2970 1809 3024 neque
1838 2969 1934 3023 per

370 3040 615 3095 homines
658 3041 1094 3096 administratum
1116 3083 1131 3109 ,
1164 3043 1257 3099 sed
1286 3043 1350 3097 ad
1381 3044 1591 3099 animas
1632 3045 1927 3100 advenien-
1956 3079 1998 3135 ε

371 3141 480 3185 tem
512 3145 698 3186 eorum
732 3133 825 3203 qui
863 3148 923 3188 se
965 3134 1110 3203 ipsos
1155 3135 1444 3206 diligenter
1485 3148 1928 3207 praeparaverunt

368 3224 436 3278 ad
468 3226 569 3279 mei
603 3227 1000 3297 receptionem;
1046 3229 1098 3282 hi
1131 3227 1367 3295 Patrem,
1394 3232 1487 3300 qui
1514 3246 1601 3284 me
1627 3231 1811 3294 misit,
1844 3247 1930 3286 re-

369 3316 607 3386 cipiunt,
637 3318 709 3372 ita
732 3328 791 3373 ut
818 3334 923 3375 non
951 3319 1098 3374 solus
1118 3334 1218 3390 ego
1236 3320 1484 3376 Christus
1508 3321 1722 3376 futurus
1753 3323 1853 3376 sim
1876 3323 1929 3376 in

370 3407 511 3476 ipso,
538 3409 630 3463 sed
661 3411 775 3479 ipse
792 3425 1005 3480 quoque
1028 3410 1204 3466 Pater.
1226 3411 1517 3468 Possumus
1545 3424 1725 3468 autem
1756 3429 1819 3467 ex
1844 3414 1929 3468 his

370 3501 722 3569 repugnantia
755 3502 915 3557 etiam
941 3503 1287 3558 considerare
1313 3521 1327 3557 :
1355 3505 1446 3573 qui
1481 3518 1716 3574 namque
1740 3505 1933 3573 recipit

370 3604 529 3661 quem
562 3592 770 3646 miserit
794 3593 934 3650 ﬁlius
970 3594 1120 3658 mali,
1148 3593 1238 3648 ille
1266 3595 1659 3650 Antichristum
1698 3596 1928 3665 recipit;

369 3683 459 3749 qui
489 3698 615 3736 vero
643 3684 833 3753 recipit
864 3683 1032 3739 ﬁlium
1066 3685 1228 3750 ntali,
1255 3690 1312 3741 et
1362 3687 1602 3742 admittit
1628 3702 1930 3742 sermonem

371 3774 594 3829 Christo
639 3777 1011 3842 contrarium’,
1039 3776 1327 3847 ﬁngentem
1357 3792 1417 3832 se
1459 3792 1583 3833 esse
1621 3780 1930 3844 veritatem,

369 3868 621 3938 falsoque
666 3869 1080 3939 promittentem
1116 3883 1175 3922 se
1200 3883 1321 3924 esse
1341 3868 1640 3936 Justitiam,
1676 3869 1720 3923 is
1758 3870 1931 3939 ipsum

370 3962 569 4030 recipit
614 3961 841 4018 malum.
897 3961 1257 4028 Quamobrem
1307 3962 1679 4024 attendamus,
1710 3970 1767 4014 ut
1817 3969 1935 4014 tan-

370 4066 531 4119 quam
579 4052 701 4106 boni
734 4054 1080 4109 nummularii
1103 4094 1118 4118 ,
1152 4068 1337 4108 eorum
1378 4053 1591 4121 quidem
1640 4067 1761 4123 qua:
1793 4067 1931 4108 vera

370 4152 527 4208 sunt,
583 4145 888 4199 tninistrnm
947 4148 1262 4215 probemus,
1315 4143 1445 4199 falsa
1516 4159 1645 4199 vero
1699 4145 1936 4199 admini-

370 4245 637 4290 strantem
669 4237 1039 4306 reprobemus.
1081 4241 1257 4307 Atque
1287 4237 1387 4291 hoc
1432 4237 1649 4306 quidem
1691 4237 1743 4292 in
1793 4237 1933 4304 loco,

376 4344 397 4377 ι
434 4326 535 4392 Qui
565 4329 789 4396 recipit,
858 4329 1070 4398 inquit,
1116 4330 1160 4383 si
1193 4343 1353 4398 quem
1401 4330 1599 4384 misero
1622 4369 1638 4392 ,
1687 4346 1773 4383 me
1799 4331 1937 4385 reci-

2038 1834 2134 1905 μὴ,
2183 1833 2256 1896 ὡς
2303 1832 2625 1903 εἰρήκαμεν,
2681 1826 2909 1880 τοιοῦτοι
2934 1820 3056 1886 ὦσι,
3101 1824 3197 1877 καὶ
3222 1825 3307 1877 ὅτι
3342 1822 3607 1891 ἐνδέχεται

2035 1928 2129 1980 καὶ
2159 1926 2256 1995 τῆς
2291 1921 2593 1995 ἀνθρώπων
2632 1919 2845 1990 φύσεως
2890 1917 3174 1989 κρείττονα
3207 1915 3341 1968 ὄντα
3394 1915 3606 1983 πέμπε-

2036 2019 2160 2071 σθαι
2192 2015 2297 2068 ὑπὸ
2322 2013 2414 2067 τοῦ
2452 2011 2654 2084 Ἰησοῦ’
2698 2014 2726 2063 6
2749 2004 2840 2063 οὖν
2871 2008 3158 2079 λαμϐάνων
3179 2006 3240 2059 ὃν
3271 2004 3341 2059 ἂν
3364 2005 3561 2074 πέμψῃ
3581 2006 3607 2054 ὁ

2046 2107 2271 2180 Ἰησοῦς,
2312 2106 2401 2159 τὸν
2438 2105 2496 2158 ἐν
2523 2103 2600 2174 τῷ
2626 2101 2979 2156 ἀποσταλέντι
3025 2097 3230 2168 Ἰησοῦν
3255 2096 3563 2166 λαμϐάνειι
3582 2098 3609 2147 6

2032 2201 2088 2254 δὲ
2125 2199 2415 2271 λαμϐάνων
2458 2198 2546 2250 τὸν
2592 2193 2794 2268 Ἰησοῦν
2840 2193 3056 2262 Πατέρα
3095 2190 3406 2275 λαμϐάνει·
3445 2192 3477 2241 ὁ
3510 2189 3609 2258 ἀρα

2032 2291 2322 2362 λαμϐάνων
2340 2290 2399 2343 ὂν
2424 2288 2490 2343 ἂν
2520 2287 2706 2358 πέμψῃ
2727 2288 2757 2339 6
2794 2283 3018 2357 Ἰησοῦς,
3047 2281 3317 2353 λαμϐάνει
3341 2281 3442 2333 τὸν
3474 2281 3605 2349 ήμ-

2033 2384 2207 2454 ψαντα
2234 2383 2324 2435 τὸν
2369 2380 2543 2452 Ἰησοῦ
2576 2378 2813 2450 Πατέρα.
2848 2376 3080 2429 Δύναται
3109 2375 3164 2426 δὲ
3192 2375 3288 2427 καὶ
3317 2371 3606 2434 τοιοῦτοςό

2032 2475 2185 2543 λόγος
2224 2470 2392 2527 εἶναι’
2447 2473 2504 2524 'U
2547 2472 2643 2542 μὲν
2677 2470 2965 2541 λαμϐάνων
2992 2468 3051 2521 ὂν
3089 2466 3183 2519 ἐὰν
3224 2463 3341 2532 ἐγὼ
3385 2463 3609 2534 πέμψω,

2032 2568 2131 2638 ἐμὲ
2158 2565 2439 2637 λαμϐάνει,
2473 2565 2567 2617 καὶ
2604 2563 2761 2634 μέχρι
2788 2561 2882 2614 τοῦ
2915 2560 3013 2631 ἐμὲ
3033 2555 3451 2629 παραδέξασθαι
3482 2554 3608 2623 φθά-

2033 2680 2114 2716 νει
2133 2678 2146 2690 ·
2179 2661 2208 2713 6
2233 2660 2289 2712 δὲ
2308 2658 2383 2730 μὴ
2403 2655 2491 2710 διά
2515 2673 2658 2719 τινος
2680 2653 2813 2726 ἐμοῦ
2842 2652 3139 2708 ἀποστόλου
3158 2650 3260 2720 ἐμὲ
3289 2648 3605 2720 λαμϐάνων,

2032 2753 2166 2808 ἀλλά
2197 2751 2388 2823 χωρῶν
2432 2749 2532 2819 ἐμὲ
2572 2749 2671 2802 οὐκ
2711 2748 2804 2801 ἀπ’
2844 2745 3163 2817 ἀνθρώπων,
3194 2745 3255 2796 οὐ
3288 2743 3359 2796 δι’
3396 2742 3603 2813 ἀνθρὼκ

2033 2866 2149 2905 πων
2174 2846 2606 2916 διακονούμενον,
2630 2843 2744 2898 ἀλλ’
2765 2840 3131 2912 ἐπιδημοῦντα
3148 2842 3267 2901 ταῖς
3293 2838 3407 2890 τῶν
3438 2838 3607 2907 εὐτρε-

2030 2942 2304 2995 πισάντων
2333 2938 2559 3000 ἑαυτοὺς
2589 2935 2724 3007 πρὸς
2743 2933 2840 3005 τὴν
2867 2932 3006 3003 ἐμὴν
3036 2930 3354 3001 παραδοχὴν
3382 2928 3605 2998 ψυχαῖς,

2032 3037 2121 3090 τὸν
2152 3033 2444 3105 πέμψαντά
2473 3048 2539 3101 με
2562 3028 2824 3100 λαμϐάνει
2845 3022 3083 3096 Πατέρα,
3108 3025 3184 3086 ὡς
3216 3022 3292 3093 μὴ
3315 3022 3485 3092 μόνον
3514 3023 3606 3091 ἐμὲ

2030 3129 2121 3179 τὸν
2165 3124 2396 3197 Χριστὸν
2449 3118 2586 3175 εἶναι
2627 3122 2684 3172 έν
2725 3117 2894 3187 αὐτῷ,
2931 3114 3065 3170 ἀλλὰ
3109 3114 3203 3168 καὶ
3233 3113 3329 3166 τὸν
3363 3113 3603 3183 Πατέρα.

2033 3218 2188 3270 Ἔστι
2228 3215 2285 3267 δὲ
2318 3214 2384 3267 ὲκ
2420 3212 2624 3265 τούτων
2667 3212 2762 3263 καὶ
2810 3207 2878 3261 τὰ
2918 3208 3038 3260 κατ’
3081 3202 3442 3272 ἐναντιότητα
3486 3201 3604 3269 νοῆ-

2032 3327 2120 3362 σαι
2161 3306 2273 3379 (62)
2300 3323 2314 3336 ·
2360 3307 2388 3358 6
2414 3305 2522 3375 γὰρ
2564 3301 2854 3373 λαμϐάνων
2882 3298 2940 3350 ὃν
2978 3296 3070 3349 ἐὰν
3101 3293 3295 3365 πέμψῃ
3322 3296 3352 3347 6
3378 3292 3498 3355 υἱὸς
3520 3290 3604 3343 τοῦ

2031 3397 2289 3470 πονηροῦ,
2312 3396 2515 3457 ἐκεῖνος
2537 3393 2628 3447 τὸν
2643 3392 3007 3461 Ἀντίχριστον
3026 3386 3310 3457 λαμϐάνει·
3342 3387 3371 3438 6
3395 3384 3457 3435 δὲ
3477 3382 3606 3451 λαμ·

2032 3490 2209 3544 ϐάνων
2234 3488 2323 3541 τὸν
2347 3487 2461 3540 υἱδν
2490 3484 2584 3539 τοῦ
2618 3482 2881 3554 πονηροῦ,
2918 3480 3011 3534 καὶ
3042 3476 3494 3550 παραδεξάμενος
3522 3475 3604 3528 τὸν

2031 3580 2369 3651 ἀντίχριστον
2397 3577 2574 3645 λόγον,
2599 3574 3021 3646 ὑποκρινόμενον
3045 3566 3182 3624 εἶναι
3209 3567 3494 3640 ἀλήθειαν,
3516 3567 3606 3618 καὶ

2031 3670 2238 3742 ψευδῶς
2263 3668 2725 3738 ἐπαγγελλόμενον
2756 3660 2891 3717 εἶναι
2917 3662 3257 3731 δικαιοσύνην
3275 3700 3291 3725 ,
3332 3653 3491 3721 οὗτος
3522 3659 3607 3709 αὖ·

2032 3764 2123 3820 τὸν
2156 3763 2421 3834 λαμϐάνει
2452 3761 2544 3814 τὸν
2587 3758 2839 3829 πονηρόν.
2878 3756 2970 3809 Διὸ
3003 3755 3385 3827 προσέχωμεν,
3431 3752 3496 3804 ἶν’
3520 3750 3606 3813 ὡς

2034 3859 2188 3914 καλοὶ
2228 3855 2547 3928 τραπεζῖται
2587 3849 2967 3921 δοκιμάζωμεν
2997 3847 3095 3918 μὲν
3127 3842 3215 3899 τὸν
3249 3844 3359 3899 τῶν
3395 3840 3606 3913 ἀληθῶν

2032 3951 2274 4006 διάκονον
2305 3989 2321 4015 ,
2387 3945 2875 4023 ἀποδοκιμάζωμεν
2936 3943 2993 3995 δὲ
3048 3940 3138 3993 τὸν
3207 3938 3317 3991 τῶν
3375 3935 3605 4006 ψευδῶν.

2047 4042 2263 4098 Ἐνθάδε
2300 4041 2397 4112 μὲν
2418 4035 2512 4093 οὖν
2547 4057 2565 4090 ι
2605 4040 2635 4092 6
2658 4036 2969 4108 λαμϐάνων,
2993 4033 3180 4105 φησὶν,
3204 4031 3301 4084 ὲάν
3328 4047 3454 4083 τινα
3475 4027 3609 4097 πέμ-

2034 4136 2140 4206 ψω,
2174 4136 2273 4207 ἐμὲ
2302 4132 2599 4203 λαμϐάνεν
2646 4131 2676 4182 6
2710 4129 2769 4182 δὲ
2789 4128 2888 4199 ἐμὲ
2910 4125 3199 4197 λαμϐάνων
3221 4121 3494 4192 λαμϐάνει
3521 4119 3607 4170 τὸν

2037 4225 2330 4299 πέμψαντά
2369 4242 2466 4297 με’
2501 4225 2596 4278 καὶ
2640 4226 2669 4277 6
2715 4218 2934 4290 θεωρῶν
2979 4216 3079 4288 ἐμὲ
3114 4215 3311 4283 θεωρεῖ
3347 4211 3442 4264 τὸν
3476 4210 3608 4279 τέμ-

2036 4318 2218 4390 ψαντά
2253 4334 2351 4388 με·
2398 4335 2417 4367 ι
2457 4314 2580 4368 οὔτε
2603 4313 2660 4367 δὲ
2693 4311 2933 4383 εἴρηται·
2975 4308 3033 4359 '0
3059 4302 3328 4358 πιστεύων
3352 4304 3436 4364 εἰς
3471 4302 3607 4371 ὑμεῖς

368 4419 483 4488 pit;
532 4419 624 4489 qui
679 4430 858 4475 autem
903 4436 995 4475 me
1038 4425 1261 4493 recipit,
1306 4423 1497 4494 recipit
1553 4438 1674 4477 eum
1725 4423 1816 4492 qui
1851 4437 1936 4476 me

2040 4410 2379 4473 πιστεύειεὶς
2405 4407 2505 4478 ἐμέ
2524 4423 2539 4437 ο
2565 4404 2687 4459 οὕτε
2705 4422 2719 4435 ⁸
2756 4402 2815 4456 '0
2841 4397 3060 4470 θεωρῶν
3086 4397 3230 4466 ὑμᾶς
3253 4394 3454 4465 θεωρεῖ

372 4509 523 4567 misit
551 4513 598 4543 ⁷⁸
627 4530 641 4567 :
684 4531 704 4565 ι
737 4522 827 4567 et:
852 4531 872 4565 ι
904 4514 1003 4580 Qui
1031 4515 1176 4571 videt
1200 4532 1302 4579 me,
1333 4484 1475 4570 videt
1496 4530 1640 4578 eum,
1667 4484 1759 4582 qui
1791 4513 1937 4568 misit

2040 4501 2334 4574 λαμϐάνειν
2376 4501 2477 4571 μὲν
2514 4498 2622 4568 γάρ
2660 4497 2808 4568 ἡμᾶς
2842 4491 3089 4564 βούλεται
3120 4490 3246 4582 τοῦς
3280 4484 3605 4582 ἀποστόλους

373 4616 462 4655 nte
483 4602 569 4655 ἠε
613 4621 633 4655 ι
691 4614 749 4659 at
801 4617 932 4658 vero
974 4620 1079 4658 non
1126 4605 1326 4659 dictum
1359 4613 1483 4657 est:
1514 4602 1616 4669 Qui
1662 4575 1837 4657 credit
1880 4601 1932 4654 in

2039 4593 2231 4648 ἑαυτοῦ
2251 4632 2267 4656 ,
2309 4593 2368 4645 ού
2406 4590 2511 4662 μὴν
2542 4591 2638 4643 καὶ
2666 4585 2938 4641 πιστεύειν
2960 4586 3039 4646 εἰς
3060 4579 3275 4642 αὐτούς.
3309 4575 3602 4647 Λαμϐάνω-

372 4708 490 4760 vos,
520 4695 693 4750 credit
725 4696 777 4751 in
804 4711 918 4763 me;
955 4709 1130 4765 neque
1162 4714 1176 4750 :
1205 4695 1304 4762 Qui
1335 4695 1477 4750 videt
1502 4692 1792 4756 vos,videt
1817 4706 1929 4745 me:

2042 4701 2141 4755 μεν
2176 4679 2268 4737 οὖν
2299 4684 2423 4745 τοὺς
2457 4681 2561 4734 ὑπὸ
2590 4678 2684 4732 τοῦ
2715 4678 2886 4746 Λόγου
2921 4677 3053 4746 ἡμῖν
3089 4668 3599 4738 ἀποστελλομένους,

372 4796 433 4840 ut
454 4786 598 4840 enim
631 4788 955 4856 recipiamus
984 4803 1115 4843 suos
1144 4788 1314 4857 ipsius
1351 4787 1626 4855 apostolos
1657 4784 1769 4837 vult
1813 4785 1933 4853 qui-

2041 4779 2133 4831 καὶ
2160 4776 2322 4830 αὐτὸν
2351 4775 2441 4827 τὸν
2470 4773 2640 4841 Λόγον
2672 4769 2763 4825 τοῦ
2795 4767 2929 4822 Θεοῦ
2951 4785 2963 4797 ·
2999 4765 3265 4837 μηδέποτε
3290 4761 3348 4814 δὲ
3382 4757 3601 4857 παραδεο

375 4879 498 4931 dem
536 4876 659 4943 ille,
707 4892 811 4931 non
844 4886 1023 4933 tamen
1054 4888 1111 4931 nt
1156 4879 1209 4932 in
1234 4878 1360 4932 illos
1393 4876 1695 4931 credamus.
1733 4874 1937 4941 Quam-

2045 4871 2263 4943 ξώμεθα
2292 4867 2586 4923 ἀπόστολον
2614 4860 2999 4933 Ἀντιχρίστου,
3034 4859 3126 4911 καὶ
3157 4855 3315 4923 λόγον
3346 4852 3537 4923 ψευδῆ.

373 4968 558 5022 obrem
595 4966 922 5036 recipiamus
965 4983 1060 5022 eos
1122 4967 1213 5037 qui
1267 4983 1297 5022 a
1363 4964 1623 5021 Sermone
1682 4966 1747 5018 ad
1780 4978 1879 5017 nos
1950 4963 2277 5027 mittuntur,
2310 4960 2595 5030 ipsumque
2643 4956 2737 5011 Dei
2784 4954 3138 5017 Sermonem;
3190 4948 3600 5016 haudquaquam

374 5070 559 5115 tamen
586 5060 910 5129 recipiamus
932 5061 1230 5129 apostolum
1254 5058 1571 5114 Antichristi
1604 5070 2015 5126 sermonemque
2045 5055 2263 5110 falsum.
3562 5124 3573 5129 ἕ

444 5153 530 5207 Η.
577 5170 598 5204 ι
628 5128 760 5207 Cum
792 5152 906 5206 haec
939 5153 1170 5206 dixisset
1201 5143 1383 5217 latus,
1410 5152 1659 5205 turbatus
1692 5158 1776 5203 est
1817 5148 1929 5217 spi-

2110 5148 2197 5203 11.
2237 5168 2256 5200 ‹
2286 5144 2471 5200 Ταῦτα
2499 5141 2669 5197 εἰπὼν
2700 5142 2729 5194 6
2772 5137 2978 5211 Ἰησοῦς
3024 5133 3298 5208 ἐταράχθη
3324 5131 3404 5203 τῷ
3455 5128 3599 5185 πνεύο

372 5245 527 5309 ritu,
572 5252 628 5298 et
675 5243 998 5298 testiﬁcatus
1034 5254 1148 5309 est,
1195 5254 1250 5299 et
1293 5244 1473 5298 dixit:
1516 5245 1720 5306 Amen,
1775 5254 1931 5295 amen

2048 5258 2176 5313 ματι
2204 5277 2220 5306 ,
2274 5240 2367 5294 καὶ
2419 5236 2767 5308 ἐμαρτύρησε
2821 5233 2913 5286 καὶ
2959 5226 3147 5283 εἶπενο
3203 5224 3418 5297 Ἀμὴν,
3473 5222 3600 5293 ἀμὴν

373 5337 494 5391 dico
513 5335 687 5403 vobis,
706 5338 849 5407 quod
872 5350 1008 5390 unus
1029 5350 1094 5388 ex
1114 5334 1264 5391 vobis
1284 5349 1369 5390 me
1389 5335 1700 5406 proditurus
1722 5331 1884 5388 est“.
1910 5347 1932 5381 ι

2043 5329 2186 5397 λέγω
2225 5321 2577 5400 ὑμῖν,ὃτιεῖς
2602 5327 2661 5392 ἐξ
2686 5325 2838 5396 ὑμῶν
2884 5317 3196 5391 παραδώσει
3255 5333 3344 5388 με,
3386 5334 3407 5367 ι
3465 5315 3601 5367 Ἄνω-

442 5447 490 5575 ἷιδ
519 5451 801 5575 129032“,
827 5452 884 5507 2.
958 5448 1005 5485 ⁷⁸
1037 5451 1213 5509 Galat.
1247 5468 1306 5520 ιι,
1334 5452 1388 5511 9.
1465 5452 1509 5484 ⁷⁸
1546 5452 1565 5507 l
1594 5453 1718 5507 Cor.
1744 5467 1817 5517 nr,
1850 5449 1907 5504 2.

2056 5446 2190 5506 ibid.
2264 5447 2311 5479 ⁷⁸
2334 5446 2490 5503 Joan.
2518 5460 2638 5510 χιιι,
2673 5441 2769 5495 20.
2837 5442 2882 5476 7’
2904 5438 3062 5495 Joan.
3099 5450 3200 5501 xu,
3230 5434 3321 5489 45.
3376 5432 3428 5465 ⁸ο
3454 5432 3594 5486 Joan.

374 5537 497 5585 xm,
535 5537 627 5589 21,
657 5537 746 5575 zz.
1460 5544 1463 5551 ν

448 5616 560 5683 (61)
595 5617 695 5688 Si?
712 5616 880 5688 codex
912 5617 1270 5684 Bodleianus,
1321 5616 1522 5688 Regius
1555 5629 1703 5683 vero,
1738 5615 1831 5669 ἐὰν
1861 5614 1945 5668 δέ-

601 5617 685 5671 Sic
712 5616 880 5672 codex
912 5617 1270 5684 Bodleianus,
1321 5616 1522 5688 Regius
1555 5629 1703 5683 vero,
1738 5615 1831 5669 ἐὰν
1861 5614 1945 5668 δέ-

601 5686 890 5741 mensem.
1629 5722 1636 5730 .

2089 5606 2238 5737 ὰιϐἓ)
2272 5604 2454 5661 Codex
2501 5601 2701 5683 Regius
2731 5612 3012 5671 perperam
3041 5595 3201 5653 habet
3219 5591 3493 5651 κατέναντι
3522 5588 3601 5645 ὃτι

2055 5692 2082 5734 τ
2153 5694 2355 5741 vomat.

375 5701 536 5753 χεται.
560 5701 890 5750 πεμψασυαι.

2055 5680 2127 5737 τά
2153 5680 2355 5741 νοῆσαι.

1946 5766 1966 5795 \
