3712 6138
44 233 151 282 139

1093 232 1451 286 CUMMENT.
1490 234 1554 285 [Ν
1588 234 1786 290 JOAN.
1828 236 2068 292 TOMUS
2105 237 2320 295 XXXII.

3214 251 3316 309 790

38 342 198 416 τέρω
232 338 397 397 εἷπε·
435 362 455 395 r
498 342 612 398 Νῦν
639 344 673 416 ἡ
706 343 850 416 ψυχή
885 362 983 416 μου
1016 346 1377 418 τετάρακταισ
1415 367 1434 399 ι
1473 347 1567 402 νῦν
1587 349 1646 402 δὲ

1755 350 2016 423 Superius
2035 356 2278 411 dixerat:
2310 375 2329 408 ι
2356 357 2511 414 Νιιηε
2529 358 2706 414 anima
2722 374 2840 415 mea
2870 361 3077 418 turbata
3092 373 3175 420 est
3193 368 3235 399 '“
3256 388 3271 431 ;
3299 387 3317 419 ι

39 439 303 508 Λέγεται,
350 440 431 492 ὅτι
466 456 486 489 ι
528 437 713 491 Ταῦτα
746 436 916 493 εἰπὼν
946 440 975 491 ό
1025 438 1229 511 Ἰησοῦς
1266 439 1539 513 ἐταράχθη
1572 440 1649 512 τῷ

44 530 347 601 πνεύματι
368 547 381 560 ο
396 549 415 582 ι
438 529 532 585 καὶ
559 530 707 602 ζητῶ
721 531 945 585 τοιαῦτα
964 532 1044 595 είς
1066 532 1156 587 τὸν
1172 532 1355 599 τόπον,
1379 534 1432 586 τί
1450 534 1650 606 δήποτε

40 624 146 677 οῦκ
177 624 412 695 εἴρηται
455 622 716 692 ἀνάλογον
747 623 826 695 τῷ
846 642 858 654 ·
902 643 921 676 ι
960 622 1075 679 Νῦν
1108 626 1141 696 ὴ
1170 625 1315 698 ψυχή
1352 643 1453 696 μου
1487 626 1647 680 τετά-

46 732 286 786 ρακται,
325 735 348 767 ι
379 716 471 770 τό·
502 734 519 766 ε
549 715 623 768 Τὸ
650 715 868 787 πνεῦμα
903 735 922 767 ι
954 716 1048 771 τοῦ
1082 717 1256 788 Ἰησοῦ
1282 719 1612 791 τετάρακται
1632 736 1645 749 ·

43 810 80 880 ἢ
136 809 419 878 ἀνάλογον
468 807 578 880 τῷ·
621 828 640 861 ί
665 808 967 881 Ἐταράχθη
1018 809 1097 881 τῷ
1151 810 1439 882 πνεύματι,
1484 831 1502 863 ι
1552 812 1645 865 τό·

62 922 86 955 ο
126 902 251 956 Νῦν
283 906 321 974 η
361 902 505 975 ψυχή
539 920 639 974 μου
672 901 1020 973 τετάρακται.
1062 921 1082 953 ι
1116 902 1226 957 Καὶ
1256 901 1431 956 ταῦτα
1453 901 1649 974 ⁸ζητεῖν

55 994 351 1067 ἐτόλμησα
391 996 647 1068 μετρίως,
680 996 925 1067 τηρήσας
953 996 1011 1049 ὲν
1036 995 1184 1069 πάσῃ
1216 995 1326 1068 (65)
1361 998 1423 1067 τῇ
1460 996 1647 1068 Γραφῇ

53 1088 332 1158 διαφορὰν
380 1086 556 1158 ψυχῆς
597 1087 690 1140 καὶ
736 1086 1075 1159 πνεύματος,
1117 1088 1213 1142 καὶ
1246 1088 1409 1158 μέσον
1452 1086 1554 1159 μέν
1598 1105 1649 1140 τι

51 1178 283 1249 θεωρῶν
318 1177 576 1249 εἶναιτὴν
596 1179 773 1251 ψυχὴν
806 1180 901 1234 καὶ
920 1179 1308 1251 ἐπιδεχομένην
1326 1179 1529 1252 ἀρετὴν
1555 1180 1649 1234 καὶ

60 1274 263 1326 κακίαν
283 1290 298 1303 ·
337 1273 686 1327 ἀνεπίδεκτον
712 1272 768 1327 δὲ
797 1273 905 1327 τῶν
936 1274 1192 1346 χειρόνων
1216 1274 1278 1327 τὸ
1310 1273 1525 1344 πνεῦμα
1552 1271 1645 1326 τοῦ

60 1363 365 1435 ἀνθρώπου
398 1365 461 1418 τὸ
494 1366 550 1417 ἐν
583 1364 762 1435 αὐτῷ·
796 1364 865 1418 τὰ
888 1366 996 1437 γὰρ
1027 1364 1288 1419 κάλλιστα
1320 1366 1522 1437 καρποὶ
1558 1365 1646 1418 λέ-

62 1471 251 1522 γονται
287 1454 434 1507 εἶναι
473 1453 568 1508 τοῦ
598 1454 923 1526 πνεύματος,
966 1455 1064 1527 οὐχ
1104 1455 1179 1520 ὼς
1220 1455 1287 1509 ἂν
1323 1456 1529 1528 οἰηθείη
1563 1473 1647 1520 τις

62 1546 155 1599 τοῦ
190 1547 380 1616 ἁγίου,
422 1547 559 1602 ἀλλὰ
600 1547 694 1602 τοῦ
731 1547 1051 1619 ἀνθρώπου·
1089 1549 1224 1620 πρὸς
1246 1550 1647 1622 ἀντιδιαστολὴν

63 1640 167 1712 γὰρ
193 1638 393 1694 τούτου
431 1640 639 1713 φανερὰ
678 1641 894 1712 λέγεται
928 1638 1068 1698 εἶναι
1114 1642 1181 1697 τὰ
1217 1642 1353 1715 ἔργα
1383 1644 1483 1716 τῆς
1516 1661 1648 1716 σαρ-

1752 462 1897 501 ηιιηε
1919 462 2052 501 vero
2076 447 2275 502 dicitur
2316 467 2329 501 :
2369 468 2389 501 ‹
2419 450 2543 507 ηερε
2568 467 2690 506 cum
2728 453 2952 509 dixisset
2979 452 3167 519 Jesus,
3206 466 3320 513 tur-

1751 535 1909 591 batus
1940 548 2023 593 est
2061 540 2286 609 spiritu;
2330 560 2349 594 ι
2382 552 2436 597 ει
2479 556 2662 612 quaero
2693 543 2836 598 hunc
2861 545 2913 598 in
2940 545 3117 601 locum
3150 549 3276 604 talia
3304 566 3321 615 ;

1751 644 1976 684 curnam
2024 632 2231 689 scilicet
2258 635 2458 690 dictum
2502 651 2608 691 non
2662 635 2865 703 fuerit,
2914 637 3148 709 Spiritus
3193 639 3324 697 Jesu

1752 722 2001 777 turbatus
2050 732 2167 789 est,
2220 726 2445 795 perinde
2491 734 2680 797 atque,
2721 745 2741 779 ί
2770 726 2925 785 Νυηε
2973 731 3151 786 anima
3203 748 3322 788 mea

1753 814 1965 869 turbata
2007 822 2123 882 est;
2159 833 2179 867 ι
2210 815 2291 871 vel
2328 832 2424 871 cur
2451 815 2557 871 hoc
2580 816 2782 873 dictum
2817 836 2832 873 :
2873 838 2892 871 ι
2937 819 3091 877 Νυηε
3140 823 3321 877 anima

1754 918 1872 958 ruea
1901 904 2116 961 turbata
2155 916 2337 973 est,»
2370 909 2439 963 ad
2480 908 2888 967 similitudinem
2939 912 3084 968 illius
3138 916 3265 971 dicti
3302 934 3316 970 :

1757 1012 1776 1044 ‹
1807 993 2082 1051 Turbatus
2104 1005 2190 1053 est
2208 998 2401 1067 spiritu
2424 1040 2439 1066 ,
2472 1017 2492 1051 ι
2534 1005 2943 1070 pronuntiatum
2978 1019 3087 1059 non
3134 1004 3316 1059 fuerit.

1752 1085 1880 1152 Qua:
1909 1101 2155 1155 quaerere
2188 1102 2353 1143 ausus
2381 1103 2501 1145 sum
2531 1090 2906 1159 mediocriter,
2935 1094 3078 1163 quod
3114 1108 3210 1164 per
3237 1104 3321 1150 to-

1753 1186 1862 1231 tam
1893 1176 2232 1246 Scripturam
2256 1178 2542 1251 diligenter
2571 1180 2976 1239 observaverim
3010 1185 3238 1254 spiritus
3266 1197 3322 1239 et

1750 1269 1948 1323 animae
1971 1268 2330 1325 differentiam
2352 1312 2368 1338 ,
2416 1271 2760 1341 mediumque
2786 1275 3040 1343 quiddam
3092 1277 3318 1331 viderim

1749 1375 1870 1415 esse
1894 1360 2154 1429 animam,
2176 1376 2544 1432 capacemque
2570 1364 2789 1421 virtutis
2811 1376 2866 1421 et
2883 1367 3037 1433 vitii;
3067 1368 3317 1437 spiritum

1748 1467 1880 1507 vero
1909 1453 2144 1510 hominis
2166 1455 2259 1524 qui
2292 1456 2346 1510 in
2374 1457 2492 1529 ipso
2518 1468 2632 1524 est,
2660 1458 2800 1513 mala
2826 1460 3069 1530 recipere
3096 1461 3321 1516 minime

1749 1560 1952 1614 posse;
1999 1546 2198 1618 quippe
2247 1564 2370 1603 cum
2429 1565 2517 1605 res
2552 1552 2771 1621 optima:
2818 1552 3031 1608 fruetus
3071 1554 3321 1609 dicantur

1750 1650 1869 1692 esse
1935 1638 2176 1709 spiritus,
2220 1649 2276 1697 et
2323 1641 2546 1711 spiritus
2601 1643 2872 1709 hominis,
2930 1658 3039 1697 non
3086 1643 3320 1712 Spiritus

62 1732 177 1794 κὸς,
230 1732 419 1785 πάντα
464 1733 639 1803 ψεκτὰ
683 1734 1047 1805 τυγχάνοντα’
1097 1735 1220 1789 ἐπεὶ
1282 1736 1447 1807 μηδὲν
1492 1735 1648 1808 ἔργον

1750 1731 1962 1795 sancti,
1995 1741 2053 1786 ut
2079 1730 2438 1789 arbitraretur
2477 1735 2701 1805 aliquis.
2748 1733 2883 1790 Nam
2913 1737 2978 1790 ad
3009 1736 3318 1791 distinctio-

65 1824 266 1894 σαρκὸς
308 1824 615 1878 ἐπαινετόν.
668 1825 848 1893 "Ar-cae
880 1826 938 1880 δὲ
971 1827 1133 1898 μέχρι
1170 1826 1264 1879 τοῦ
1306 1826 1465 1899 δεῦρο
1492 1822 1648 1898 εὗρον

66 1917 279 1987 πνεῦμα
319 1918 531 1987 φαύλου
566 1919 958 1992 σκληρύνεσθαι
985 1920 1276 1991 λεγόμενον
1304 1921 1409 1973 ὑπὸ
1440 1922 1645 1993 Κυρίου

64 2007 154 2061 τοῦ
201 2008 370 2063 Θεοῦ-
420 2011 733 2082 γέγραπται
778 2011 886 2084 γάρ
924 2011 1096 2076 οὕτως
1128 2012 1186 2064 ἐν
1218 2010 1295 2082 τῷ
1329 2014 1646 2082 Δευτερονο-

68 2100 171 2172 μίῳ
194 2117 210 2132 ·
244 2121 265 2153 ι
302 2103 419 2157 Καὶ
443 2105 543 2157 οὐκ
568 2104 799 2177 ἠθέλησε
822 2104 974 2176 Σηὼν
997 2104 1249 2176 βασιλεὺς
1280 2104 1512 2158 Ἐσεϐὼν
1534 2104 1644 2176 (64)

68 2193 356 2266 παρελθεῖν
398 2198 548 2271 qua;
592 2197 661 2250 δι’
695 2197 881 2263 αὑτοῦ,
920 2199 1001 2251 ὅτι
1046 2198 1346 2270 ἐσκλήρυνε
1374 2197 1576 2271 Κύριος
1618 2200 1647 2252 ό

65 2287 196 2351 Θεὸς
223 2287 285 2341 τὸ
308 2288 532 2360 πνεῦμα
554 2288 742 2354 αὐτοῦ,
767 2291 860 2344 καὶ
886 2291 1181 2362 κατίσχυσε
1207 2290 1432 2364 καρδίαν
1455 2290 1643 2357 αὐτοῦ,

68 2379 154 2433 ἴνα
200 2381 483 2453 παραδοθῇ
530 2383 608 2446 είς
650 2382 748 2439 τὰς
796 2383 985 2455 χεῖράς
1028 2400 1144 2447 σου,
1176 2382 1252 2448 ὡς
1282 2385 1340 2436 ἐν
1367 2386 1433 2454 τῇ
1462 2385 1648 2457 ἡμέρᾳ

68 2471 255 2544 ταύτῃ·
284 2490 307 2526 ι
341 2472 481 2528 ἀλλὰ
504 2473 571 2527 τὰ
598 2476 724 2545 περὶ
755 2475 852 2546 μὲν
883 2475 1073 2529 τούτου
1098 2475 1422 2549 οίκειότερον
1454 2478 1513 2530 ἐν
1534 2480 1645 2541 τοῖς

71 2567 149 2630 εἰς
178 2567 238 2620 τὸ
267 2569 688 2640 Δευτερονόμιον
726 2566 1036 2638 ἐξετασθείη
1079 2567 1143 2623 ἄν
1163 2588 1176 2601 ·
1207 2567 1302 2623 νῦν
1339 2569 1397 2623 δέ
1433 2571 1649 2642 πρόκει-

72 2676 156 2713 ται
203 2659 381 2728 λέγειν
448 2660 568 2724 πῶς
614 2660 684 2715 τὰ
744 2661 1121 2734 προειρημένα
1162 2661 1331 2716 είπὼν
1368 2663 1397 2714 ό
1440 2663 1645 2735 Ἰησοῦς

76 2748 362 2821 ἐταράχθη,
391 2749 456 2803 οὐ
475 2751 575 2823 τὴν
594 2750 792 2824 ψυχὴν,
826 2752 947 2806 οὐδέ
968 2754 1033 2823 τῇ
1058 2751 1224 2823 ψυχῇ,
1259 2751 1374 2805 ἀλλ’
1399 2752 1519 2806 οὐδὲ
1550 2753 1644 2807 τοῦ

77 2840 403 2911 πνεύματος,
435 2842 575 2897 ἀλλὰ
603 2843 681 2914 τῷ
723 2843 1012 2915 πνεύματι.
1065 2845 1159 2898 ”Ιν’
1193 2840 1285 2898 οῦν
1312 2843 1374 2897 τὸ
1402 2844 1643 2916 περὶτοῦ

80 2930 375 3002 πνεύματος
417 2935 800 3005 παρατήρημα
854 2936 929 3007 μὴ
974 2934 1261 3006 διαπίπτῃ,
1295 2934 1532 3001 λεκτέον,
1562 2936 1644 2989 ὅτι

81 3023 132 3073 ἐν
162 3023 254 3093 μὲν
277 3023 355 3095 τῷ
375 3042 388 3055 ’
430 3045 451 3076 ι
497 3025 612 3079 Νῦν
650 3026 851 3098 ἡψυχή
888 3043 988 3097 μου
1014 3025 1362 3098 τετάρακται,
1405 3046 1424 3079 ι
1460 3028 1522 3081 τὸ
1546 3028 1643 3099 τῆς

1751 1839 1873 1878 nem
1900 1824 2063 1895 hujus
2091 1826 2317 1895 spiritus
2350 1829 2615 1893 hominis,
2646 1828 2934 1884 manifesta
2987 1844 3148 1900 opera
3196 1844 3320 1883 car-

1750 1914 1833 1969 nis
1856 1924 2239 1986 nuncupantur
2266 1934 2328 1973 ea
2373 1920 2556 1974 omnia
2588 1934 2710 1989 quae
2750 1929 2879 1975 sunt
2918 1919 3317 1987 vituperabilia,

1749 2006 2003 2074 quoniam
2060 2007 2263 2063 nullum
2308 2019 2390 2064 est
2430 2012 2613 2066 carnis
2646 2026 2784 2080 opus
2822 2012 3113 2067 laudabile.
3157 2011 3264 2084 43

1751 2098 2022 2156 Hactenus
2073 2108 2253 2155 autem
2304 2104 2471 2158 semel
2520 2104 2700 2157 inveni
2765 2105 3013 2175 spiritum
3082 2098 3319 2161 homin'is

1749 2191 1875 2245 mali
1908 2192 2148 2247 indurari
2183 2192 2382 2248 dietum
2430 2208 2460 2247 a
2492 2195 2719 2250 [Domino
2747 2196 2875 2250 Deo.
2922 2195 3075 2249 llunc
3095 2197 3241 2250 enim
3265 2196 3318 2250 in

1748 2283 1966 2337 modum
1993 2284 2255 2353 scriptum
2284 2295 2369 2340 est
2391 2286 2446 2339 in
2475 2286 2895 2342 Deuteronomio
2924 2303 2940 2340 :
2981 2306 2999 2338 ι
3032 2286 3321 2356 Noluitquc

1749 2375 1913 2441 Seon,
1946 2390 2040 2431 rex
2085 2376 2317 2442 Esebon,
2348 2377 2625 2447 praeterire
2661 2394 2762 2434 nos
2793 2393 2891 2449 per
2931 2379 3105 2449 ipsum
3128 2419 3143 2444 ,
3177 2378 3321 2448 quod

1750 2469 2099 2523 induraverat
2133 2467 2392 2524 Dominus
2420 2468 2564 2525 Deus
2589 2471 2839 2542 spiritum
2870 2472 3017 2540 ejus;
3064 2482 3117 2525 et
3158 2487 3321 2526 occu-

1746 2559 1896 2630 pavit
1922 2573 2019 2614 cor
2046 2557 2163 2628 ejus
2184 2599 2200 2625 ,
2231 2571 2291 2615 ut
2325 2560 2632 2616 traderetur
2682 2561 2735 2614 in
2768 2576 2962 2616 manus
2998 2570 3147 2626 tuas,
3176 2570 3234 2614 ut
3264 2562 3317 2616 iu
3428 2622 3437 2633 θ

1748 2649 1837 2704 die
1860 2648 1963 2705 hac
1986 2650 2032 2682 ⁸⁸
2061 2665 2077 2716 ;
2117 2668 2136 2701 ι
2173 2665 2292 2719 quae
2313 2650 2530 2720 quidem
2556 2652 3013 2707 accommodatius
3037 2652 3089 2706 in
3122 2653 3322 2706 Dente-

1749 2741 2000 2798 ronomio
2042 2742 2521 2798 examinabuntur.
2569 2739 2725 2797 Nunc
2766 2752 2946 2797 autem
2981 2740 3317 2813 propositum

1747 2846 1832 2890 est
1863 2836 2024 2891 nobis
2060 2835 2274 2905 dicere,
2304 2836 2573 2906 quomodo
2592 2875 2609 2902 ,
2636 2850 2755 2905 quae
2775 2834 3025 2904 superius
3058 2834 3320 2900 diximus,

1747 2928 1963 2984 loeutus
1987 2926 2170 2993 Jesus,
2200 2929 2449 2983 turbatus
2486 2929 2688 2995 luerit;
2716 2938 2770 2983 et
2805 2943 2903 2982 cur
2929 2927 3179 2984 turbatus
3212 2941 3318 2980 non

1750 3021 1913 3077 fuerit
1960 3022 2016 3077 in
2047 3024 2227 3076 anima
2249 3061 2265 3087 ,
2299 3036 2474 3092 neque
2500 3031 2722 3093 propter
2753 3022 2992 3077 animam
3015 3061 3029 3087 ,
3078 3034 3254 3090 neque
3289 3034 3321 3074 a

81 3116 307 3187 ταραχῆς
329 3116 505 3181 πάθος
525 3117 702 3190 ψυχῆς
731 3114 800 3190 ἦν
819 3136 832 3149 ’
866 3121 925 3172 ἐν
950 3119 1007 3173 δὲ
1029 3118 1141 3190 τῷο
1178 3138 1197 3170 ι
1244 3118 1549 3191 Ἐταράχθη
1569 3119 1647 3190 τῷ

1749 3113 1942 3184 spiritu
1966 3154 1983 3180 ,
2032 3114 2125 3169 sed
2157 3114 2371 3182 spiritu.
2412 3113 2491 3169 Ne
2533 3114 2697 3185 igitur
2724 3114 2872 3184 quod
2905 3111 3322 3168 observavimus

84 3208 332 3278 πνεύματι
363 3211 393 3263 ό
437 3209 667 3281 Ἰησοῦς,
715 3229 735 3262 ι
773 3210 910 3281 ὅπερ
941 3210 1057 3263 ἐστὶ
1091 3209 1152 3263 τὸ
1182 3209 1538 3282 ἀνθρώπινον,
1586 3210 1647 3264 τὸ

86 3295 242 3360 πάθος
280 3292 348 3368 ἦν
387 3298 687 3370 ἐρχόμενον
717 3301 783 3371 τῇ
825 3300 1154 3372 ἐπικρατείᾳ
1183 3300 1276 3354 τοῦ
1305 3300 1610 3372 πνεύματος
1629 3318 1642 3330 ·

84 3384 152 3447 ὼς
180 3384 281 3457 γὰρ
316 3387 346 3439 ὁ
380 3385 537 3455 ἅγιος
568 3387 634 3460 ζῇ
676 3388 947 3460 πνεύματι
985 3389 1418 3462 προκατάρχοντι
1451 3390 1556 3446 τῶν
1590 3392 1647 3445 ἐν

86 3476 154 3545 τῷ
185 3477 299 3549 ζῇν,
324 3482 418 3535 καὶ
441 3482 629 3553 πάσης
649 3481 921 3555 πράξεως,
949 3484 1045 3537 καὶ
1058 3484 1242 3556 εὐχῆς,
1271 3484 1366 3538 καὶ
1394 3484 1489 3538 τοῦ
1512 3484 1647 3557 πρὸς

88 3568 205 3624 Θεὸν
256 3570 424 3643 ὕμνου
449 3592 467 3606 ·
519 3574 692 3639 οὕτως
737 3577 845 3630 πᾶν
895 3577 924 3630 ὅ
967 3576 1020 3630 τί
1060 3578 1178 3631 ποτ’
1219 3576 1285 3632 ἂν
1320 3582 1471 3650 ποιῇ,
1505 3581 1651 3635 ποιεῖ

91 3662 367 3734 πνεύματι·
401 3666 541 3721 ἀλλὰ
570 3667 671 3722 κᾶν
704 3668 908 3741 πάσχῃ,
947 3668 1144 3739 πάσχει
1177 3669 1464 3742 πνεύματι.
1495 3671 1560 3724 Ei
1590 3670 1647 3723 δὲ

90 3751 114 3800 ὁ
144 3752 304 3820 ἅγιος,
346 3756 498 3831 πόσῳ
552 3757 754 3829 μᾶλλον
806 3758 981 3813 ταῦτα
1020 3758 1237 3813 λεκτέον
1260 3761 1387 3831 περὶ
1414 3758 1508 3813 τοῦ
1541 3760 1649 3815 τῶν

92 3842 243 3909 ἁγίων
263 3847 503 3920 ἀρχηγοῦ
557 3850 753 3921 Ἰησοῦ,
782 3845 843 3905 οὗ
869 3836 931 3904 τὸ
963 3852 1182 3923 πνεῦμα
1212 3856 1308 3910 τοῦ
1336 3853 1644 3925 ἀνθρώπου,

94 3936 143 3987 ἐν
160 3936 234 4008 τῷ
262 3940 605 4014 ἀνειληφέναι
644 3944 808 3998 αὐτὸν
836 3944 957 3999 ὅλον
985 3944 1290 4015 ἄνθρωπον,
1331 3946 1391 4001 τὸ
1416 3947 1473 4003 ἐν
1501 3945 1649 4016 αὑτῷ

93 4026 301 4085 διέσεισε
336 4033 404 4091 τὰ
437 4035 603 4090 λοιπὰ
646 4039 703 4090 ἐν
747 4037 895 4109 αὐτῷ
942 4036 1291 4111 ἀνθρώπινα;
1328 4038 1440 4090 Καὶ
1479 4036 1650 4101 οὕτως

96 4126 350 4203 ἐταράχθη
384 4132 460 4201 τῷ
496 4135 789 4205 πνεύματι,
827 4134 913 4187 ἵνα
947 4135 1290 4207 μαρτυρήσῃ,
1329 4135 1424 4189 καὶ
1454 4134 1544 4188 ἵνα
1568 4132 1649 4185 εί-

99 4235 167 4290 πῃ
206 4221 335 4290 μετὰ
362 4223 455 4279 τοῦ
486 4224 633 4279 θείου
676 4226 835 4280 οἱονεὶ
871 4226 1054 4297 ὅρκου,
1087 4225 1203 4291 τοῦ,
1238 4245 1256 4277 ι
1279 4225 1469 4297 Ἀμὴν,
1503 4244 1521 4276 ι
1548 4224 1609 4278 τό
1631 4242 1644 4257 ο

105 4328 119 4358 ι
148 4311 292 4381 Λέγω
334 4316 481 4386 ὑμῖν,
513 4318 596 4371 ὅτι
632 4311 714 4382 εἷς
757 4317 817 4383 ἐξ
844 4317 998 4389 ὑμῶν
1024 4316 1334 4390 παραδώσει
1365 4335 1432 4388 με
1455 4335 1469 4347 -
1508 4336 1527 4370 ι
1553 4316 1647 4370 τοῦ

101 4399 196 4472 γὰρ
230 4408 548 4478 πνεύματος,
580 4404 753 4481 οἶμαι,
788 4409 1164 4482 θεωρήσαντος
1185 4410 1247 4463 τὸ
1280 4410 1379 4481 ἤδη
1414 4409 1523 4464 άπὸ
1552 4408 1646 4463 τοῦ

104 4464 325 4555 διαϐόλου
361 4464 686 4573 θεϐλημένόν
711 4464 790 4565 είς
813 4464 912 4574 τὴν
945 4464 1172 4574 καρδίαν
1213 4464 1383 4556 Ἰοόδά
1410 4503 1649 4574 Σίμωνος
1678 4464 1724 4521 D

115 4581 454 4659 Ἰσκαριώτου,
478 4592 564 4646 ἵνα
579 4591 668 4646 τὸν
695 4591 1022 4650 Διδάσκαλον
1049 4592 1296 4664 παραδῷ,
1319 4592 1649 4662 φωτισθείσα

107 4670 159 4724 τὸ
183 4674 419 4747 ἐσόμενον
458 4682 570 4754 (65)
598 4683 871 4755 ἐταράχθη
895 4700 908 4713 ·
946 4683 1041 4737 καὶ
1069 4683 1192 4737 ἐπεὶ
1219 4685 1252 4755 η
1293 4684 1504 4757 ταραχὴ
1538 4684 1646 4737 ἀπὸ

108 4763 193 4832 τῆς
217 4768 270 4821 ἐν
293 4771 553 4843 πνεύματι
571 4775 825 4844 γνώσεως
848 4774 1159 4846 γεγένηται,
1194 4774 1223 4827 ὃ
1244 4774 1337 4829 καὶ
1359 4777 1417 4828 ἐν
1434 4779 1648 4848 ταραχῇ

110 4853 320 4925 ἐγένετο,
375 4865 596 4937 Ἰησοῦς,
644 4866 880 4940 εἴρηται,
926 4865 1203 4938 ἐταράχθη
1246 4865 1323 4937 τῷ
1357 4866 1646 4939 πνεύματι.

111 4946 243 5018 Τάχα
294 4954 349 5008 δέ
388 4959 480 5011 καὶ
541 4959 682 5013 κατὰ
730 4959 856 5029 μίαν
902 4959 1125 5031 ἐκδοχὴν
1174 4959 1294 5029 τὴν,
1347 4978 1366 5011 ι
1418 4960 1482 5012 Ἡ
1517 4960 1652 5033 σὰρξ

114 5038 334 5115 ἀσθενὴς,
382 5067 402 5101 ι
450 5053 599 5125 καὶὴ
637 5052 772 5124 σάρξ
809 5054 1177 5125 τετάρακται·
1221 5052 1393 5107 ταῦτα
1438 5054 1482 5106 δ’
1525 5051 1592 5127 ἦν
1622 5057 1651 5108 ὁ

126 5129 325 5201 Ἰησοῦς,
351 5142 474 5211 περὶ
500 5138 560 5197 οῦ
588 5144 691 5197 ὑπο
724 5143 818 5197 τοῦ
862 5144 1099 5216 Γαϐριὴλ
1131 5145 1267 5215 πρὸς
1303 5142 1402 5214 τὴν
1434 5146 1651 5216 Μαρίαν

1748 3207 1813 3259 de
1859 3205 2050 3274 spiritu
2085 3213 2371 3276 prmtereat
2396 3244 2412 3269 ,
2452 3204 2737 3260 dicendum
2761 3213 2882 3272 est,
2931 3202 3024 3258 ubi
3076 3202 3317 3257 dicitur:

1752 3313 1772 3347 ι
1808 3294 1964 3351 Νυηε
1991 3297 2171 3351 anima
2201 3312 2319 3352 mea
2359 3298 2571 3352 turbata
2607 3306 2712 3363 est,
2751 3315 2771 3349 ι
2810 3295 2957 3350 illam
2992 3293 3320 3350 turbationis

1746 3390 2086 3447 all‘ectionem
2124 3391 2290 3446 fuisse
2316 3392 2543 3457 animm;
2572 3390 2661 3445 ubi
2688 3404 2822 3445 vero
2847 3388 3077 3445 dicitur:
3119 3406 3138 3439 ι
3161 3385 3320 3443 Jesus

1747 3489 1994 3540 turbatus
2008 3493 2090 3540 est
2107 3485 2324 3555 Spiritu,
2345 3504 2364 3537 ι
2388 3481 2728 3539 ειΠεειίοιιειη
2744 3483 3033 3538 humanam
3052 3479 3219 3537 fuisse
3236 3493 3322 3532 ve-

1749 3577 1982 3631 nientem
2004 3594 2032 3630 a
2048 3577 2287 3631 dominio
2310 3577 2552 3646 spiritus.
2568 3575 2640 3631 Ut
2659 3576 2803 3631 enim
2823 3583 3042 3631 sanctus
3062 3572 3192 3626 vivit
3212 3572 3319 3640 spi-

1749 3671 1854 3723 ritu
1879 3669 2194 3739 auspicante
2214 3669 2268 3723 in
2288 3672 2398 3723 vita
2422 3669 2686 3724 actionem
2705 3682 2941 3735 omnem,
2965 3674 3019 3720 et
3040 3675 3241 3728 votum,
3267 3673 3323 3717 et

1750 3759 1962 3815 laudem
1985 3760 2052 3815 ad
2082 3761 2283 3826 Deum;
2320 3760 2401 3815 sic
2433 3759 2695 3830 quidquid
2726 3759 2939 3827 fecerit,
2973 3758 3025 3815 id
3049 3759 3182 3812 facit
3210 3758 3321 3825 spi-

1751 3854 1893 3919 ritu;
1934 3865 2098 3923 atque
2125 3853 2312 3919 etiam,
2348 3854 2392 3908 si
2420 3854 2643 3923 patitur,
2677 3852 2869 3921 spiritu
2904 3852 3127 3921 patitur.
3165 3848 3319 3916 Quod

1749 3943 1795 3999 si
1827 3953 2046 3999 sanctus
2072 3944 2153 3998 sic
2182 3959 2241 3998 se
2265 3944 2465 4005 habet,
2500 3953 2708 4014 quanto
2737 3942 2906 4012 magis
2934 3941 3158 3996 dicenda
3193 3949 3320 3995 sunt

1751 4038 1865 4090 haec
1893 4038 1959 4091 de
1982 4034 2111 4090 Jesu
2138 4047 2454 4090 sanctorum
2483 4020 2746 4104 principe,
2775 4034 2929 4102 cujus
2964 4031 3185 4101 spiritus
3218 4031 3318 4084 ho-

1750 4129 1909 4183 minis
1930 4129 2020 4197 qui
2055 4129 2109 4181 in
2138 4142 2204 4182 eo
2238 4136 2345 4190 est,
2373 4127 2501 4182 dum
2529 4127 2705 4195 ipsum
2736 4134 2904 4179 totum
2930 4124 3204 4178 hominem
3233 4136 3325 4175 as-

1750 4229 2031 4286 sumeret,
2064 4220 2343 4275 concussit
2368 4228 2565 4274 cmtera
2596 4218 2650 4271 in
2687 4218 2806 4287 ipso
2838 4214 3118 4271 humana?
3140 4214 3325 4268 llunc-

1749 4326 1854 4382 que
1879 4312 1930 4365 in
1960 4312 2180 4365 modum
2212 4312 2460 4364 turbatus
2505 4317 2588 4364 est
2634 4309 2824 4378 spiritu
2846 4349 2861 4372 ,
2897 4318 2956 4361 ut
3005 4317 3319 4371 testaretur,

1751 4416 1806 4460 et
1825 4407 2031 4461 diceret
2051 4420 2171 4460 curn
2194 4404 2377 4459 divino
2397 4404 2548 4473 quasi
2569 4404 2878 4471 iuramento
2903 4404 3028 4456 illud
3057 4420 3070 4457 :
3102 4421 3120 4452 ‹
3150 4403 3324 4455 Amen

1752 4497 1875 4552 dico
1894 4497 2071 4562 vobis,
2087 4498 2230 4567 quod
2255 4511 2394 4551 unus
2410 4512 2475 4551 ex
2500 4496 2653 4551 vobis
2678 4510 2763 4549 me
2779 4497 3094 4565 proditurus
3112 4491 3254 4547 est”
3270 4508 3283 4556 ;
3300 4509 3325 4555 ιν

1748 4603 1870 4643 eum
1902 4590 2069 4657 enim,
2104 4590 2320 4659 opinor,
2346 4589 2569 4659 spiritus
2593 4588 2817 4643 vidisset
2848 4586 2899 4639 id
2924 4584 3065 4654 quod
3088 4584 3197 4650 jam
3225 4583 3325 4636 im-

1750 4681 1973 4736 missum
2007 4681 2185 4735 !ucrat
2233 4698 2263 4736 a
2292 4680 2506 4735 diabolo
2536 4678 2588 4732 in
2613 4693 2707 4732 cor
2731 4674 2879 4731 Iudae
2912 4672 3150 4731 Simonis
3180 4672 3324 4725 Isea-

1750 4772 1937 4839 riotze,
1966 4774 2222 4833 nimirum
2255 4783 2312 4828 ut
2335 4772 2735 4841 Prmceplorcm
2767 4768 3050 4838 proderet,
3081 4765 3323 4819 futurum

1747 4865 2054 4935 praavidens
2099 4866 2347 4921 turbatus
2400 4873 2525 4931 est;
2576 4871 2630 4918 ct
2672 4860 2930 4931 quoniam
2986 4856 3327 4928 perturbatio

1760 4958 1847 5012 illa
1873 4973 1942 5016 ex
1971 4960 2279 5029 cognitione
2309 4966 2407 5023 est
2457 4966 2576 5012 orta
2611 4969 2734 5024 qua:
2756 4964 2873 5008 erat
2916 4966 3011 5022 per
3049 4951 3325 5022 spiritum,

1760 5052 1850 5123 qui
1880 5052 2044 5107 etiam
2073 5052 2300 5122 spiritus
2342 5047 2801 5122 perturbabatur,
2831 5045 3007 5100 dictus
3041 5051 3123 5099 est
3166 5040 3326 5096 Jesus

1762 5147 2014 5201 turbatus
2035 5143 2205 5200 fuisse
2239 5144 2451 5214 spiritu.
2493 5140 2752 5196 Fortasse
2807 5153 2935 5193 vero
2968 5137 3123 5207 juxta
3161 5149 3325 5188 uuam

204 5265 244 5298 "
271 5268 417 5331 Joan.
450 5294 543 5347 xn,
573 5281 663 5336 27.
738 5281 782 5312 δ’
824 5283 977 5336 Deut.
1009 5297 1070 5350 ll,
1111 5281 1199 5338 ὅθ.
1276 5282 1322 5315 ⁸³
1352 5280 1510 5339 Joan.
1541 5300 1663 5354 xm,
1697 5286 1788 5342 2|.

125 5378 585 5522 ,οῇξξδζηῖηξήξας
638 5395 707 5449 ἐν·
754 5394 944 5465 πάσῃ,
986 5403 1095 5450 ειε.
1157 5395 1296 5451 Vide
1342 5396 1401 5450 in
1453 5395 1648 5455 Matth.

311 5518 481 5606 Qodex
517 5518 735 5606 Regius,
769 5534 907 5589 Σιὼν
942 5535 1191 5606 βασιλεὺς
1247 5536 1506 5591 εὐσεϐῶν.

188 5591 286 5676 (ἥδ)
308 5591 659 5676 Φίιέτιοζθεῖὸα
697 5591 765 5659 τὸ
813 5591 1131 5676 ἐσόμενον.
1162 5591 1255 5662 Sic
1286 5608 1448 5662 habet
1474 5608 1647 5663 codex

126 5651 320 5729 Rogitas.
374 5651 648 5733 Perionius
683 5677 868 5745 vertit,
890 5651 1260 5735 Virillustratuvs
1303 5680 1370 5734 ad
1420 5680 1479 5735 id
1504 5651 1654 5747 quod

1759 5403 1997 5456 futurum
2024 5411 2184 5465 erat;
2235 5418 2253 5450 ι
2290 5399 2518 5468 videtur;
2544 5394 2765 5468 legisse
2804 5386 3091 5468 φωτισθειςς
3144 5387 3224 5448 εἰς
3248 5388 3329 5468 prb

1760 5473 2036 5543 ἐσόμενον.
2075 5458 2276 5543 Eodem
2315 5469 2456 5523 redit
2481 5458 2721 5521 Ferrarii
2753 5458 3151 5543 ip‘terpretatio,
3185 5475 3204 5507 ι
3247 5458 3329 5543 ιιι-

1764 5532 1943 5597 turum
1970 5540 2295 5611 praevidens.
2327 5558 2347 5591 ι
2379 5553 2540 5609 quem
2565 5545 2746 5595 tamen
2774 5532 2846 5589 ita
2877 5532 3072 5599 legisse
3103 5544 3210 5585 non
3238 5542 3332 5583 as.

1753 5614 2073 5671 severarim.
2113 5611 2375 5671 Hunnus.
