3712 6138
378 248 471 301 79!
1836 258 1947 315 ORI

2130 260 2158 316 Β
3514 276 3597 333 τινε

374 367 784 435 intelligentiam
813 410 830 436 ,
892 387 1085 443 nempe
1119 374 1265 430 illam
1290 391 1409 446 quae
1433 377 1559 433 dicit
1588 420 1602 443 ,
1633 398 1652 431 ι
1692 381 1830 436 Caro
1865 391 1947 438 est

2130 399 2261 455 ιηται
2283 384 2343 437 τό
2362 402 2376 414 ·
2414 403 2434 435 ι
2455 385 2567 439 Καὶ
2589 385 2696 440 ἰδοὺ
2725 385 2970 463 συλλήψῃ
2997 389 3055 441 ἐν
3086 389 3304 459 γαστρὶ,
3333 390 3428 445 καὶ
3457 395 3594 449 καλέ-

375 458 589 515 infirma
619 461 687 526 “,
737 481 757 514 ι
791 479 923 518 caro
942 467 1107 522 etiam
1137 471 1448 538 perturbata
1474 480 1589 529 est:
1622 473 1735 528 haec
1768 486 1946 529 autem

376 568 508 607 caro
537 563 659 608 erat
683 553 841 611 Jesus
863 600 879 622 ,
898 556 1054 626 juxta
1091 560 1219 614 illud
1242 563 1385 630 quod
1413 578 1444 617 a
1476 563 1726 621 Gabriele
1767 566 1950 623 Mariae

375 642 579 698 dictum
606 653 729 700 est:
769 664 790 698 ι
822 645 966 704 Ecce
1005 652 1282 720 concipies
1314 653 1368 706 iu
1396 665 1553 709 utero
1578 696 1595 720 ,
1645 667 1697 711 et
1728 659 1949 714 vocabis

374 748 570 790 nomen
592 736 710 807 ejus
736 737 945 795 Jesum.
985 738 1085 797 Hic
1106 745 1217 799 erit
1244 761 1494 816 magnus,
1528 758 1584 802 et
1615 749 1755 804 illius
1784 750 1949 806 Altis-

374 826 497 880 simi
522 829 808 884 vocabitur
829 830 899 886 ⁸⁸.
933 849 953 884 ι
978 832 1246 889 Creternm
1280 839 1494 893 notabis
1517 838 1569 893 in
1599 840 1684 895 his
1712 855 1833 911 qua
1860 841 1947 895 in-

373 916 724 987 dagavimus,
769 925 1042 991 quomodo
1080 941 1181 981 vox
1224 938 1446 984 testatus
1482 941 1557 984 est
1589 930 1857 986 referatur
1879 933 1947 987 ad

373 1023 437 1062 ea
495 1013 683 1076 verba,
737 1032 757 1065 ι
805 1014 957 1071 Unus
990 1031 1059 1071 ex
1092 1020 1247 1074 vobis
1292 1036 1379 1076 me
1406 1023 1718 1092 proditurus
1766 1034 1872 1082 est.
1922 1047 1941 1077 ι

373 1101 489 1159 11οο
524 1107 723 1160 etenim
752 1106 955 1162 dictum
998 1110 1313 1181 discipulis,
1354 1123 1410 1168 et
1451 1116 1832 1184 prophetatum
1879 1119 1947 1173 de

372 1195 530 1260 Juda,
560 1196 652 1267 qui
680 1196 846 1272 434
878 1216 1015 1257 unus
1044 1213 1162 1257 erat
1192 1218 1260 1259 ex
1283 1205 1392 1272 eis,
1436 1208 1802 1262 testimonium
1828 1220 1948 1264 erat

372 1289 683 1357 aaquivoce,
709 1292 934 1360 Opinor,
961 1309 1082 1347 cum
1119 1295 1209 1348 illa
1232 1296 1637 1368 significatione
1659 1315 1779 1369 quae
1805 1317 1834 1355 a
1861 1311 1945 1354 te-

373 1380 569 1434 stando
603 1380 671 1435 'et
717 1383 996 1439 moriendo
1026 1401 1124 1455 pro
1165 1386 1259 1440 Dei
1301 1387 1450 1442 cultu
1492 1389 1799 1446 deducitur.
1836 1391 1948 1447 Nec

371 1471 515 1525 enim
546 1475 794 1530 eamdem
821 1476 1274 1547 significationem
1305 1480 1470 1536 fuisse
1494 1497 1618 1536 reor
1642 1499 1738 1553 per
1760 1499 1946 1539 vocem

372 1572 595 1618 testatus
620 1576 697 1620 est
719 1608 734 1633 ,
758 1571 978 1637 quando
1005 1571 1317 1626 declaratur
1344 1576 1566 1629 verbum
1594 1577 1747 1642 illud,
1778 1593 1809 1631 a
1838 1594 1947 1647 quo

370 1658 399 1709 ὁ
430 1655 640 1727 μάρτυς
674 1657 810 1731 [hoc
837 1672 924 1716 est
952 1663 1138 1736 testis]
1169 1664 1263 1720 Dei
1300 1677 1356 1722 et
1384 1667 1588 1723 Christi
1627 1670 1708 1724 sui
1740 1669 1944 1741 ﬁgura-

373 1760 463 1804 tus
488 1760 608 1817 est,
656 1730 713 1806 ct
753 1768 899 1810 nunc
920 1730 1137 1826 quando
1192 1759 1428 1813 refertur
1482 1762 1550 1815 ad
1592 1762 1707 1818 Ι]ωο
1756 1730 1943 1830 vcrba,
1977 1730 2021 1786 Β

377 1856 397 1891 ι
434 1839 578 1896 Unus
618 1858 685 1897 ex
732 1844 889 1901 vobis
929 1862 1015 1901 me
1058 1849 1377 1918 proditurus
1414 1861 1521 1906 est.
1562 1872 1583 1905 ι
1621 1853 1813 1908 Adhuc
1848 1869 1947 1923 pro

372 1932 577 1988 viribus
621 1935 878 1997 observo.
937 1955 957 1989 ι
1002 1936 1153 1993 Unus
1200 1955 1267 1995 ex
1315 1941 1471 1997 vobis
1512 1958 1598 1999 me
1634 1946 1947 2013 proditurus

373 2035 490 2101 est,
537 2044 557 2076 ι
594 2026 738 2094 quod
765 2027 1000 2083 refertur
1037 2034 1104 2085 ad
1127 2029 1344 2098 Judam,
1372 2049 1441 2087 ne
1467 2033 1608 2090 forte
1637 2036 1740 2092 hoc
1765 2047 1949 2093 osten-

373 2115 465 2168 dat
491 2130 614 2169 eum
647 2115 712 2170 ab
740 2119 936 2175 ordine
973 2121 1275 2190 apostolico
1300 2124 1590 2189 decidisse,
1625 2127 1680 2180 in
1710 2142 1817 2198 quo
1842 2128 1947 2183 fuit

373 2216 429 2259 et
454 2205 569 2273 ipse
591 2208 951 2277 sublimatus,
1001 2215 1147 2282 quod
1193 2215 1489 2284 aliquando
1533 2233 1686 2287 aeque
1721 2217 1948 2276 allectus

374 2299 536 2354 fuerit
565 2309 730 2370 atque
757 2303 847 2357 alii
882 2307 1138 2375 apostoli.
1182 2307 1275 2364 Sic
1308 2311 1455 2364 enim
1497 2326 1596 2383 ego
1625 2313 1866 2385 intelligo
1896 2324 1950 2368 et

374 2391 541 2447 illud:
569 2413 590 2445 ι
619 2394 696 2448 En
718 2396 889 2452 Adam
912 2397 1086 2455 factus
1112 2410 1197 2456 est
1216 2403 1369 2473 quasi
1396 2420 1535 2461 unus
1556 2420 1622 2461 ex
1644 2407 1802 2463 nobis
1823 2408 1899 2476 3‘;
1922 2428 1942 2460 ι

373 2488 632 2553 quoniam
683 2503 751 2542 ne
799 2489 910 2545 illic
960 2492 1177 2560 quidem
1224 2494 1425 2550 dictum
1468 2496 1633 2553 fuerit
1655 2501 1806 2570 quasi
1832 2517 1945 2561 nos.

372 2574 459 2628 vel
484 2576 638 2644 quasi
662 2593 794 2647 ego;
829 2580 923 2634 sed
956 2589 1176 2649 propter
1209 2596 1376 2636 unum
1406 2584 1497 2653 qui
1540 2585 1740 2639 cecidit
1766 2602 1794 2639 a
1817 2588 1947 2641 bea-

374 2667 625 2735 titudine,
661 2670 817 2740 quasi
853 2687 989 2725 unus
1015 2688 1079 2726 ex
1126 2673 1275 2727 nobis
1298 2717 1313 2740 ,
1342 2675 1598 2744 quoniam
1639 2690 1776 2731 unus
1805 2678 1949 2732 ceci-

374 2759 489 2824 dit;
527 2761 671 2829 quod
715 2761 881 2817 etiam
929 2766 1223 2820 concinere
1256 2766 1386 2821 mihi
1434 2767 1649 2821 videtur
1688 2782 1813 2823 cum
1844 2768 1949 2823 hoc

375 2864 537 2907 versu
565 2869 578 2905 :
625 2870 646 2904 ι
687 2851 794 2909 Vos
817 2864 996 2909 autem
1027 2857 1185 2925 quasi
1217 2857 1467 2912 homines
1523 2858 1863 2925 moriemini,
1894 2873 1950 2915 et

375 2944 530 3010 quasi
562 2960 704 3000 unus
730 2947 797 3000 de
820 2947 1157 3020 principibus
1195 2949 1405 3005 cadetis
1431 2948 1498 3006 ⁸⁷.
1537 2969 1555 3001 ι
1586 2949 1774 3007 Plures
1802 2953 1946 3031 enim

2053 491 2165 540 σεις
2192 475 2252 529 τὸ
2277 477 2447 549 ὄνομα
2471 478 2636 532 αὑτοῦ
2681 480 2905 551 Ἰησοῦν.
2929 476 3098 546 Οὗτος
3123 482 3275 536 ἔσται
3304 484 3494 553 μέγας,
3519 491 3595 540 καὶ

2050 567 2167 631 υίὸς
2209 568 2463 638 Ὑψίστου
2495 570 2845 642 κληθήσεται.
2883 593 2903 625 ι
2939 574 3228 647 Σημειιέπῃ
3262 575 3321 628 δὲ
3352 576 3473 631 τίνα
3503 582 3597 651 τρό-

2049 678 2151 713 πον
2201 662 2259 714 ὲν
2300 664 2412 727 τοῖς
2448 663 2858 735 ὲξεταζομένοις
2897 666 2978 731 τὸ,
3016 667 3455 737 ἐμαρτύρησεν,
3492 672 3596 725 ἀνα-

2049 753 2270 824 φέρεται
2300 755 2393 809 ἐπὶ
2420 755 2530 827 (66)
2559 756 2620 810 τό
2641 774 2655 787 ·
2694 775 2714 808 ι
2751 752 2848 822 Εἷς
2878 758 2937 825 ἐξ
2962 760 3113 831 ὑμῶν
3135 760 3451 833 παραδώσει
3486 782 3560 833 με.
3578 786 3591 813 ι

2049 848 2161 901 Καὶ
2216 849 2372 903 τοῦτο
2407 850 2506 921 μὲν
2551 849 2841 920 λεγόμενον
2881 853 2975 905 καὶ
3004 855 3483 925 προφητευόμενον
3510 858 3599 919 rei;

2052 939 2320 1012 μαθηταῖς
2361 943 2488 1014 περὶ
2521 941 2613 995 τοῦ
2650 941 2818 996 Ἰούδα
2844 944 2939 997 τοῦ
2964 944 3082 1008 ἐνὸς
3107 943 3169 1009 ἐξ
3197 945 3385 997 αὐτῶν
3425 964 3601 1017 μαρτυο

2051 1034 2142 1105 ρία
2187 1031 2257 1106 ἦν
2306 1036 2610 1109 ὁμώνυμος,
2644 1033 2818 1109 οἶμαι,
2853 1037 2931 1111 τῷ
2986 1037 3247 1110 παρά-τὸ
3304 1045 3598 1111 μαρτυρεῖν,

2048 1127 2141 1180 καὶ
2182 1128 2547 1201 ἀποθνήσκειν
2583 1129 2724 1202 ὑπὲρ
2756 1130 3065 1195 θεοσεϐείας
3108 1130 3525 1203 σημαινομένῳ’
3552 1135 3601 1186 οὗ

2048 1219 2158 1292 γὰρ
2182 1219 2354 1274 ταῦτα
2372 1221 2576 1293 νομίζω
2602 1221 2961 1294 σημαίνεσθαι
2989 1224 3049 1277 ὲν
3062 1221 3161 1292 τῷ,
3184 1222 3601 1292 ἐμαρτύρησεν,

2048 1314 2137 1366 ὅτε
2181 1312 2435 1384 δηλοῦται
2460 1314 2521 1368 τὸ
2563 1315 2712 1387 ῥῆμα
2759 1313 2887 1386 παρ’
2915 1314 2944 1369 ὃ
2984 1317 3192 1389 μάρτυς
3224 1316 3603 1387 ἐσχημάτισται

2048 1404 2141 1458 τοῦ
2174 1404 2311 1459 Θεοῦ
2332 1448 2346 1472 ,
2381 1408 2476 1460 καὶ
2501 1406 2596 1460 τοῦ
2631 1407 2865 1479 Χριστοῦ
2899 1407 3085 1472 αὑτοῦ,
3123 1409 3216 1460 καὶ
3244 1407 3344 1462 νῦν
3374 1409 3463 1461 ὅτε
3493 1411 3604 1463 ἀνα-

2050 1497 2270 1568 φέρεται
2308 1498 2399 1551 ἐπὶ
2431 1497 2543 1571 (67)
2574 1499 2665 1552 τό”
2706 1518 2725 1551 ι
2757 1493 2854 1563 Εἷς
2876 1498 2935 1564 ἐξ
2962 1499 3115 1570 ὑμῶν
3144 1498 3461 1571 παραδώσει
3484 1519 3561 1571 με.
3586 1520 3600 1551 ι

2052 1588 2172 1641 Ἔτι
2196 1588 2337 1643 κατὰ
2379 1588 2607 1662 δύναμιν
2636 1590 2747 1661 ἐγὼ
2789 1593 3048 1665 ὲφίστημι
3082 1593 3175 1647 καὶ
3206 1590 3316 1663 τῷ·
3377 1611 3398 1643 ί
3440 1587 3531 1655 Εἷς
3560 1593 3606 1658 ἐξ

2048 1681 2223 1753 ὑμῶν,
2264 1701 2283 1735 ι
2337 1684 2727 1756 ἀναφερομένῳ
2767 1685 2861 1738 ἐπὶ
2898 1686 2989 1739 τὸν
3025 1685 3246 1751 Ἰούδαν,
3281 1686 3495 1757 μήποτε
3524 1686 3605 1756 ὲμκ

2049 1776 2229 1845 φαίνει
2279 1775 2341 1829 τὸ
2379 1778 2487 1831 ἀπὸ
2527 1778 2734 1844 τάξεως
2773 1780 3157 1850 άποστολικῆς,
3180 1782 3238 1833 ὲν
3340 1780 3436 1833 καὶ
3467 1780 3607 1845 αὐτὸς

2048 1865 2258 1937 ῦψωται
2294 1868 2402 1939 (68)
2436 1867 2514 1940 τῷ
2534 1869 2773 1924 διάθεσίν
2806 1889 2935 1925 ποτε
2964 1872 3352 1942 παραπλησίαν
3379 1874 3488 1935 τοῖς
3516 1873 3606 1925 λοι-

2048 1960 2170 2022 ποῖς
2200 1959 2516 2024 ἀποστόλοις
2541 1959 2684 2032 ἔχειν
2714 1961 2896 2028 αὑτὸν,
2928 1963 3387 2017 ἀποπεπτωκέναι
3408 1975 3424 1990 ·
3454 1962 3606 2025 οὕτως

2048 2049 2157 2121 γὰρ
2198 2048 2309 2118 ἐγὼ
2332 2052 2541 2123 ἤκουσα
2573 2054 2667 2107 καὶ
2693 2053 2819 2106 τοῦ’
2862 2074 2881 2105 ι
2903 2055 3032 2109 Ἰδοὺ
3083 2055 3251 2127 Ἀδὰμ
3282 2056 3510 2124 γέγονεν
3545 2055 3606 2119 ὡς

2048 2141 2130 2208 εἷς
2159 2144 2219 2209 ἐξ
2471 2165 2490 2199 ι
2520 2146 2641 2199 ἐπεὶ
2671 2145 2803 2215 μηδὲ
2830 2147 2944 2199 ἐκεῖ
2972 2145 3207 2217 εἴρηται,
3238 2148 3321 2212 ὡς
3350 2144 3536 2216 ἡμεῖς,
3558 2145 3604 2215 ἦ.

2048 2236 2129 2303 ὡς
2153 2237 2290 2308 ἐγὼ,
2329 2238 2464 2293 ἀλλά
2494 2239 2583 2294 διὰ
2616 2239 2706 2293 τὸν
2746 2238 2842 2292 ἕνα
2884 2238 3185 2293 ἐκπεσόντα
3229 2240 3333 2311 τῆς
3370 2239 3609 2311 μακαριό-

2047 2345 2228 2398 τητος,
2268 2328 2356 2383 τό·
2399 2330 2495 2396 Ὠς
2525 2326 2606 2396 εἷς
2648 2331 2717 2395 ἐξ
2747 2330 2946 2398 ἡμῶν,
2979 2331 3056 2393 ὡς
3086 2325 3167 2393 εἷς
3201 2330 3501 2383 πέπτωκεο
3532 2331 3609 2383 καὶ

2052 2421 2295 2493 συνᾴδειν
2324 2440 2413 2493 μοι
2444 2422 2704 2476 δοκεῖκαὶ
2729 2421 2866 2494 μετά
2898 2422 2991 2476 τοῦ
3009 2440 3022 2452 ·
3051 2442 3070 2473 ι
3116 2423 3303 2492 Ὑμεῖς
3342 2422 3456 2492 (69)
3480 2421 3608 2485 δὲέκ

2049 2510 2322 2583 ἄνθρωποι
2349 2511 2739 2584 ἀποθνήσκετε,
2765 2513 2858 2566 καὶ
2884 2513 2960 2576 ὡς
2983 2506 3062 2575 εἷς
3089 2512 3196 2565 τῶν
3229 2511 3515 2583 ἀρχόντων
3538 2510 3611 2561 πί-

2051 2618 2246 2655 πτετε·
2287 2621 2307 2654 »
2339 2602 2599 2656 πλειόνων
2648 2601 2758 2674 γὰρ
2811 2602 3083 2673 ἀρχόντων
3109 2600 3443 2670 γενομένων,
3474 2601 3504 2651 ὁ
3545 2594 3610 2661 εἷς

2052 2693 2360 2758 πέπτωκεν,
2408 2687 2453 2762 ᾧ
2496 2693 2889 2765 παραπλησίως
2935 2691 3258 2764 μιμούμενοι
3280 2692 3388 2763 τὴν
3420 2690 3609 2745 ἐκείνου

2050 2785 2259 2841 πτῶσιν
2295 2786 2582 2840 πίπτουσιν
2617 2786 2668 2840 οἱ
2694 2785 3098 2857 ἁμαρτάνοντες
3118 2802 3133 2814 -
3172 2784 3248 2847 ὼς
3276 2783 3392 2854 γάρ
3423 2783 3610 2844 ἐκεῖνος

2049 2880 2107 2932 ὲν
2151 2876 2367 2951 θεότητι
2410 2879 2690 2951 τυγχάνων
2719 2880 3022 2943 πέπτωκεν,
3072 2876 3217 2931 οὕτω
3247 2877 3345 2930 καὶ
3372 2874 3510 2946 πρὸς
3531 2872 3610 2935 οὓς

2050 2970 2078 3021 ό
2114 2970 2283 3038 Λόγος
2315 2970 2448 3039 φησὶ
2480 2968 2541 3023 τό
2567 2987 2581 2999 ο
2623 2986 2643 3020 ι
2688 2966 2829 3037 Ἐγὼ
2861 2964 3022 3020 εἶπα·
3057 2965 3181 3019 Θεοί
3216 2966 3365 3031 ἐστε,
3401 2964 3494 3017 καὶ
3523 2962 3609 3014 υἱοὶ

375 3051 498 3090 cum
519 3047 701 3092 essent
731 3040 1029 3110 principes,
1057 3056 1196 3097 unus
1229 3041 1372 3109 ruit,
1409 3040 1562 3110 cujus
1590 3045 1802 3097 ruinam
1833 3045 1947 3101 fere

2130 3062 2315 3132 ψίστου
2334 3063 2532 3124 πάντες
2553 3078 2565 3089 ·
2589 3080 2609 3113 ι
2640 3060 3006 3123 ἀποπεσόντες
3026 3058 3084 3111 δὲ
3108 3056 3207 3128 τῆς
3224 3055 3611 3127 μακαριότητος

377 3127 652 3186 imitantes
680 3144 1017 3201 peccatores,
1050 3135 1194 3192 illius
1224 3135 1379 3191 ruina
1424 3145 1610 3191 ruunt.
1682 3137 1755 3194 Ut
1797 3139 1945 3193 enim

377 3223 466 3278 ille
485 3225 539 3278 in
563 3225 843 3281 divinitate
863 3227 1134 3285 exsistens
1156 3231 1284 3297 ruit,
1311 3229 1390 3285 sic
1412 3237 1467 3284 et
1488 3228 1525 3284 ii
1547 3231 1744 3299 quibus
1768 3246 1948 3286 sermo

378 3317 468 3372 ille
492 3318 708 3388 inquit:
746 3339 765 3372 ι
802 3321 910 3390 Ego
945 3322 1098 3377 dixi:
1164 3321 1247 3376 Dii
1296 3323 1467 3389 estis,
1511 3331 1568 3379 et
1613 3323 1710 3378 lilii
1738 3325 1946 3382 Excelsi

376 3426 568 3468 clunes
588 3412 656 3468 ⁸⁸.
695 3434 715 3466 ι
772 3414 907 3469 Cum
961 3425 1145 3470 autem
1179 3415 1476 3471 ceciderint
1514 3432 1543 3469 a
1593 3419 1945 3485 beatitudine,

379 3521 501 3558 cum
536 3506 910 3576 principaliter
949 3523 1055 3562 non
1088 3517 1271 3563 essent
1323 3509 1571 3564 homines
1593 3549 1610 3572 ,
1642 3511 1949 3565 moriuntur

377 3597 533 3661 quasi
562 3597 829 3663 bonnines,
854 3606 910 3652 et
932 3598 1089 3669 quasi
1112 3613 1251 3655 unus
1276 3614 1343 3653 ex
1365 3600 1699 3670 principibus
1722 3602 1942 3657 cadunt.

378 3683 643 3742 Existimo
670 3701 799 3742 vero
826 3688 990 3743 etiam
1018 3686 1140 3744 eum
1171 3689 1533 3745 admiratione
1583 3690 1725 3746 dicta
1776 3692 1949 3747 fuisse

378 3776 496 3831 haec
531 3779 696 3833 verba
724 3780 818 3834 tali
850 3794 1012 3835 sensu
1042 3796 1058 3833 :
1096 3779 1201 3847 Qui
1241 3796 1328 3836 me
1363 3782 1675 3851 proditurus
1700 3791 1805 3848 est,
1839 3798 1945 3838 non

376 3876 462 3922 est
486 3868 695 3924 alienus
720 3885 750 3924 a
777 3870 1060 3941 discipulis
1088 3872 1244 3936 meis,
1278 3885 1342 3926 ac
1371 3887 1441 3926 ne
1465 3887 1605 3926 unus
1630 3873 1846 3941 quidem
1877 3888 1945 3928 ex

377 3958 562 4015 multis
586 3969 642 4016 et
680 3961 991 4030 vulgaribus
1020 3963 1321 4034 discipulis,
1353 3964 1448 4018 sed
1476 3978 1615 4018 unus
1637 3979 1705 4017 ex
1730 3964 1944 4019 illorum

379 4053 746 4119 apostolorum
784 4069 1011 4110 numero
1037 4070 1174 4126 quos
1220 4071 1319 4124 ego
1352 4058 1481 4111 mihi
1509 4057 1824 4112 honorando
1854 4057 1947 4110 de-

379 4143 638 4215 legeram.
675 4148 851 4215 Atque
872 4147 1023 4202 multi
1053 4148 1269 4217 quidem
1299 4150 1389 4220 qui
1413 4148 1598 4205 Iesum
1620 4150 1948 4204 condemna-

380 4246 544 4301 runt,
572 4237 759 4292 dicunt
792 4255 805 4291 :
842 4257 862 4291 ι
897 4238 1205 4311 Crucilige,
1238 4242 1496 4313 crucillge
1533 4258 1657 4298 eum
1691 4242 1772 4310 ⁸³,
1813 4263 1832 4296 ι
1867 4253 1944 4307 et.

384 4345 403 4376 ε
441 4325 592 4382 Tolle
622 4328 768 4384 hunc
792 4340 999 4384 eterra
1028 4330 1110 4397 ὀς
1149 4349 1169 4383 ι
1206 4342 1262 4385 at
1290 4347 1412 4385 eum
1456 4334 1669 4388 tradere
1720 4348 1856 4402 opus
1883 4333 1947 4386 il-

2053 3153 2115 3206 οὐ
2157 3152 2582 3225 προηγουμένως
2627 3153 2779 3216 ὄντες
2831 3151 3106 3221 ἄνθρωποι
3131 3189 3146 3213 ,
3200 3148 3607 3218 ἀποθνήσκουσι.

2055 3250 2150 3303 καὶ
2188 3248 2263 3312 ὡς
2291 3241 2371 3312 εἷς
2399 3247 2507 3301 τῶν
2550 3246 2826 3318 ἀρχόντων
2867 3245 3145 3297 πίπτουσι.
3192 3238 3426 3312 Νομίζω
3451 3240 3507 3293 δὲ
3533 3239 3610 3291 καὶ

2054 3338 2440 3412 θαυμαστικῶς
2470 3337 2718 3411 εἰρῆσθαι
2746 3337 2970 3409 τοιούτῳ
3001 3335 3079 3406 νῷ
3105 3333 3165 3389 τὸ
3190 3334 3491 3404 λεγόμενον
3510 3350 3522 3361 ·
3563 3331 3611 3383 ’0

2053 3432 2392 3506 παραδώσων
2440 3449 2508 3502 με
2557 3432 2657 3485 οὐκ
2707 3429 2986 3500 ἀλλότριος
3027 3428 3137 3482 τῶν
3183 3426 3336 3498 ἐμῶν
3371 3422 3609 3506 μαθητῶν

2054 3505 2220 3586 ἐστιν,
2272 3520 2388 3575 ἀλλ’
2424 3520 2545 3574 οὐδὲ
2572 3515 2652 3584 εἷς
2683 3518 2790 3572 τῶν
2816 3518 3024 3572 πολλῶν
3062 3514 3343 3589 μαθητῶν,
3385 3513 3524 3567 ἀλλά
3545 3505 3609 3572 εἷς

2052 3609 2162 3664 τῶν
2193 3612 2254 3665 ὲν
2285 3609 2481 3681 ἐκλογῇ
2521 3626 2610 3681 μοι
2649 3608 3024 3681 τετιμημένων
3061 3603 3400 3660 ἀποστόλων.
3439 3601 3609 3656 Πολλοὶ

2056 3703 2155 3774 μὲν
2187 3697 2281 3757 οὖν
2312 3700 2805 3772 καταψηφιζόμενοι
2844 3699 2937 3755 τοῦ
2982 3698 3155 3769 Ἰησοῦ
3186 3713 3350 3768 φασι·
3393 3715 3414 3747 ι
3455 3694 3606 3748 Σταύ-

2056 3811 2171 3867 ρου,
2201 3795 2433 3863 σταύρου
2466 3793 2647 3859 αὐτὸν,
2686 3813 2705 3845 ι
2752 3793 2878 3846 καίο
2919 3811 2937 3843 ι
2983 3788 3114 3862 Αἶρε
3144 3790 3250 3844 ἀπὸ
3279 3790 3380 3860 τῆς
3407 3789 3510 3858 γῆς
3531 3786 3607 3838 τὸν

2052 3884 2291 3939 τοιοῦτον
2307 3901 2319 3913 ·
2344 3903 2363 3936 ι
2382 3885 2444 3938 τὺ
2462 3884 2519 3938 δὲ
2536 3881 2869 3955 παραδοῦναι
2889 3882 3049 3937 αὐτὸν
3067 3882 3223 3951 ἔργον
3245 3875 3315 3951 ἦν
3333 3878 3433 3932 τοῦ
3455 3879 3607 3948 ἑωρα-

2053 3979 2209 4041 κότος
2255 3976 2351 4029 καὶ
2391 3975 2705 4046 νενοηκότος
2745 3973 2905 4027 αὐτόν
2925 3989 2937 4000 ·
2985 3971 3301 4026 διδάσκαλον
3330 3968 3440 4041 γάρ
3466 3967 3606 4021 αὐτὸν

2052 4069 2414 4140 ἐπιστάμενος
2440 4067 2549 4121 τῶν
2584 4065 2917 4138 τηλικούτων
2944 4064 3039 4118 καὶ
3068 4063 3339 4117 τοσούτων
3373 4062 3485 4132 (70)
3515 4076 3604 4131 p.1-

2054 4162 2333 4235 θημάτων,
2365 4160 2401 4214 ἃ
2432 4160 2551 4214 κατ’
2580 4159 2714 4213 ἰδίαν
2751 4157 2890 4230 μετά
2920 4157 3028 4211 τῶν
3056 4155 3365 4211 ἀποστόλων
3400 4154 3602 4224 ἤκουσε,

2052 4256 2146 4308 καὶ
2173 4253 2375 4326 Κύριον
2399 4253 2560 4306 αὐτὸν
2584 4250 2761 4315 εἰδὼς,
2788 4249 3060 4322 παραδοὺς
3091 4248 3202 4319 (71)
3224 4247 3411 4308 αὑτὸν,
3434 4245 3463 4297 ὅ
3482 4244 3605 4311 ἔγνω

2056 4345 2282 4416 μέγεθος
2320 4342 2484 4397 αὐτοῦ
2513 4342 2848 4413 παρέδωκεν,
2876 4342 2975 4394 οὑκ
3008 4341 3075 4393 ἂν
3104 4339 3432 4408 ποιήσαντος
3463 4334 3604 4387 τοῦτό

381 4420 486 4475 lius
535 4419 637 4476 fuit
675 4422 769 4492 qui
818 4423 955 4477 vidit
1003 4433 1057 4478 et
1081 4425 1336 4493 cognovit
1370 4438 1491 4479 eum
1528 4425 1756 4480 :tallum
1800 4426 1942 4480 enim

2133 4457 2191 4504 ος
2230 4437 2292 4492 τὸ
2334 4436 2563 4508 μέγεθος
2606 4436 2768 4490 αὐτοῦ
2809 4435 2884 4508 μὴ
2931 4433 3364 4505 τεθεωρηκότος·
3402 4429 3493 4482 τὸν
3518 4428 3602 4498 μὲν

379 4524 764 4582 tantarumque
787 4513 1220 4584 disciplinarum,
1247 4531 1384 4585 quas
1415 4516 1644 4571 seorsitu
1671 4532 1795 4571 cum
1820 4533 1950 4587 apo-

376 4604 532 4659 stolis
556 4605 822 4670 audierat,
873 4621 995 4661 cum
1048 4608 1218 4663 sciret
1258 4622 1381 4661 eum
1429 4618 1853 4679 praeceptorem,
1884 4624 1950 4665 ac

378 4696 665 4752 Dominum
698 4712 821 4753 cum
849 4699 1182 4771 agnovisset,
1225 4703 1460 4770 prodens
1492 4715 1639 4766 eum,
1680 4703 1948 4773 magnitu-

2048 4531 2158 4601 γὰρ
2190 4530 2363 4602 μέγαν
2396 4527 2797 4600 παραδέδωκεν,
2832 4527 2893 4580 οὺ
2926 4525 3062 4580 καθὸ
3098 4523 3269 4596 μέγας
3299 4522 3467 4585 ἐστὶν,
3495 4519 3601 4573 ἐπεὶ

2049 4622 2123 4694 μὴ
2153 4621 2258 4676 εἶδε
2295 4622 2429 4685 καθὸ
2463 4621 2635 4693 μέγας
2662 4621 2837 4674 ἐστίν·
2874 4621 2903 4672 ὁ
2933 4618 2990 4672 δὲ
3019 4619 3113 4672 καὶ
3146 4612 3333 4688 μαθὼν
3365 4614 3482 4679 πῶς
3520 4611 3599 4683 μέ-

2043 4732 2145 4784 γας
2172 4710 2261 4786 ἦν,
2308 4716 2404 4768 καὶ
2449 4713 2722 4787 ἀκροατὴς
2750 4713 3039 4782 γενόμενος
3066 4710 3161 4764 τοῦ
3205 4706 3470 4780 μεγέθους
3514 4703 3598 4770 τῆς

378 4788 562 4843 dinem
598 4787 764 4855 illius,
794 4806 954 4860 quam
987 4803 1161 4856 norat,
1192 4792 1449 4863 prodidit,
1480 4807 1604 4847 cum
1637 4792 1816 4850 nullus
1846 4797 1938 4865 qui

2132 4807 2278 4879 αὑτῷ
2306 4808 2516 4875 σοφίας,
2544 4806 2637 4860 καὶ
2668 4806 2847 4874 λόγου,
2877 4804 2970 4857 καὶ
2997 4804 3238 4875 χάριτος,
3267 4803 3359 4854 καὶ
3385 4796 3598 4871 προδοὺς

376 4880 802 4950 magnitudinem
818 4881 966 4936 illius
987 4899 1091 4937 non
1106 4883 1352 4950 vidisset,
1372 4896 1594 4939 acturus
1615 4884 1806 4940 fuisset
1821 4888 1941 4944 hoc.

377 4971 514 5026 Nam
539 4971 772 5041 prodens
798 4974 1051 5042 proderet
1072 4976 1160 5030 ille
1188 4977 1405 5046 quidem
1434 4992 1722 5047 magnum;
1759 4987 1816 5032 at
1837 4994 1942 5034 non

378 5061 431 5115 in
456 5070 717 5131 quantum
758 5072 843 5117 est
878 5079 1135 5136 magnus,
1163 5083 1284 5121 cum
1319 5067 1503 5123 Jesum
1545 5083 1653 5123 non
1676 5078 1861 5131 nosset
1886 5069 1940 5124 in

2051 4900 2211 4954 αὐτὸν
2250 4898 2555 4970 προέδωκεν
2597 4898 2659 4951 οὺ
2694 4895 2814 4950 καθ’
2861 4895 2982 4950 ὅλον
3017 4895 3046 4946 ὃ
3076 4890 3184 4946 εἶδε
3215 4891 3326 4961 (72)
3364 4888 3594 4961 μέγεθος.

2050 4989 2149 5043 Διά
2185 4988 2342 5042 τοῦτο
2372 4987 2662 5059 συνέφερεν
2695 4985 2843 5057 αὑτῷ
2874 4986 2923 5037 εί
2960 4983 3034 5055 μὴ
3062 4979 3346 5053 ἐγεννήθη,
3381 4980 3488 5031 εἴτε
3514 4975 3596 5043 τὴν

2049 5082 2147 5153 τῆς
2196 5080 2610 5150 παλιγγενεσίας
2650 5079 2861 5149 γένεσιν
2885 5118 2901 5144 ,
2942 5077 3018 5141 ὡς
3073 5076 3139 5129 ἂν
3195 5071 3485 5145 βαθύτερόν
3528 5085 3595 5128 τις

442 5224 491 5302 ο)
525 5223 717 5279 Matth.
746 5239 896 5302 xxvi,
930 5225 1023 5302 ιιξ
1067 5226 1260 5302 ’Ματα
1289 5228 1527 5302 muas.
1604 5230 1649 5262 es
1679 5230 1810 5286 Luc.
1830 5246 1873 5298 ι,
1902 5232 1947 5288 3,

2188 5239 2237 5272 ⁸⁸
2258 5237 2396 5295 Gen.
2426 5254 2510 5301 tu,
2539 5237 2630 5293 ἓξ.
2707 5235 2968 5292 ⁸⁷Ρειιιιη.
2991 5250 3179 5299 Lxxxl,
3205 5232 3259 5288 7.
3331 5231 3373 5264 ⁸⁸
3396 5230 3522 5286 ibid.
3546 5227 3592 5284 6.

377 5293 422 5326 ⁸³
458 5295 588 5351 Luc.
618 5311 777 5363 um,
808 5295 899 5349 21.
978 5298 1025 5327 ⁹⁰
1051 5297 1173 5352 Act.
1209 5314 1345 5368 xm,
1374 5298 1465 5355 22.

451 5434 564 5511 (εἰς)
599 5436 762 5511 Ἐπί.
781 5434 951 5511 peest
970 5438 1034 5511 Ain
1066 5436 1258 5511 codice
1287 5439 1485 5511 Regio.

444 5502 559 5581 (ti?)
598 5506 744 5581 Ἐστι.
776 5504 940 5581 Deest
970 5504 1022 5561 in
1049 5510 1242 5581 codice
1280 5502 1473 5581 Regio.

587 5575 770 5653 Codex
807 5576 1008 5653 Regius
1048 5579 1244 5653 habet,
1288 5575 1438 5653 ὲνξῇ
1482 5582 1644 5653 αὐτος
1678 5580 1815 5651 ὓψω,
1849 5580 1948 5653 τῷ.

446 5641 727 5724 ςθυλιάειιι
755 5641 1176 5724 eodes‘liegius,
1208 5641 1283 5715 ὡς
1308 5641 1686 5724 εἷς,”συνᾴδέιν
1726 5641 1825 5724 ’μοι
1865 5641 1947 5704 δὸς

380 5714 467 5764 κεῖ
494 5713 585 5766 καὶ
604 5715 739 5782 μετά
768 5715 829 5769 τό
848 5732 860 5747 ·
908 5713 1112 5789 ’λ’μεῗς.

2154 5506 2241 5587 71)
2269 5513 2413 5587 [dem
2439 5506 2615 5587 code}
2645 5506 2876 5587 1‘38“?!
2906 5506 3255 5587 ’1⁵9ρώ⁸60ρῷ
3300 5577 3331 5587 ·Α
3435 5574 3448 5584 ·

2130 5576 2242 5660 (72)
2268 5583 2460 5660 Proof)
2492 5582 2615 5660 καθ’
2642 5576 2763 5660 ὅλον
2789 5579 2835 5660 ’ὃ
2861 5576 3014 5660 ,εἶδερ
3042 5577 3404 5660 quod‘legi't‘ur
3435 5576 3486 5627 in
3516 5587 3592 5623 ro-

2129 5442 2242 5559 ςῖθξ
2270 5442 2453 5499 Codex
2477 5440 2703 5510 Regius,
2734 5437 3126 5521 τηλικουτῶνδε
3151 5437 3246 5521 καὶ
3275 5434 3519 5489 τοσῶνδε.

2162 5517 2211 5559 ιΙ
2269 5513 2413 5559 Idem
2444 5516 2611 5559 codex
2654 5513 2876 5559 Rectus.
2906 5507 3255 5559 παραδιδους.

2207 5447 2220 5498 ι
2270 5442 2453 5499 Codex
2477 5442 2703 5510 Regius,
2734 5442 3126 5512 τηλικουτῶνδε
3151 5442 3246 5490 καὶ
3275 5442 3392 5489 road

2207 5442 2413 5711 liuent
2444 5516 2615 5568 codex
2653 5513 2876 5580 Regius,
2906 5506 3255 5579 παραδιδούς.
3300 5577 3311 5587 ·

2207 5588 2221 5638 ί
2268 5585 2372 5639 Pro
2400 5583 2460 5637 οὐ
2492 5582 2615 5637 καθ’
2642 5581 2762 5635 ὅλον
2805 5579 2835 5632 ὃ
2884 5576 3014 5642 εἶδε,
3042 5578 3184 5646 quod
3217 5580 3392 5660 legitur

2251 5655 2525 5723 odleiano,
2546 5653 2749 5726 Regius
2788 5651 2949 5707 habet
2977 5652 3005 5704 ὁ
3033 5648 3244 5712 Λουκᾶς
3277 5648 3392 5700 suis.

2059 5659 2179 5715 dice
