3712 6138
135 274 247 332 793

1148 261 1502 334 COMMENT.
1540 274 1606 329 IN
1644 271 1835 329 JOAN.
1872 272 2113 330 TOMUS
2150 274 2365 332 xxxu.

3270 282 3370 331 794

133 390 365 447 ἀκούσαι
381 388 512 462 (75),
532 387 641 443 εἴτε
656 390 749 443 καὶ
770 388 868 462 τὴν
894 390 1196 463 κοινότερον
1219 392 1510 462 νοουμένην
1533 408 1547 423 ο
1579 391 1705 462 περὶ

1881 400 2066 445 antum
2109 407 2380 463 magnum.
2422 394 2491 448 At
2515 407 2643 448 vero
2672 393 2758 448 hic
2794 393 2885 464 qui
2912 394 3206 461 didicerat,
3236 413 3373 466 quo-

134 480 204 558 ῆς
238 488 266 538 6
290 483 627 555 πραγμάτων
651 482 843 536 ἑαυτὸν
870 482 1228 538 ἀπαλλάττειν
1255 482 1420 537 θέλων
1437 523 1452 547 ,
1483 485 1574 537 κα)⁹
1602 482 1701 554 ζη-

134 578 309 649 τήσας
326 576 409 629 ὅτι
437 569 482 644 ᾧ
504 575 804 646 συμφέρει,
830 574 942 627 ὄντι
971 574 1256 646 συμφέρει,
1287 577 1380 629 καὶ
1403 574 1705 647 ὑπονοήσας

134 667 239 720 οὐκ
264 665 331 719 ἂν
375 665 449 735 μὴ
478 664 592 717 ὄντι
616 663 725 733 (74)
751 662 898 734 αὐτῷ
931 664 1247 735 συνέφερεν,
1275 664 1368 718 ἐπὶ
1398 664 1495 735 τὴν
1521 664 1705 718 δευτέ-

141 771 243 826 ραν
275 750 546 807 κατελθὼν
572 752 684 825 (75)
716 753 965 824 διήγησιν
986 790 1002 816 ,
1045 750 1260 823 ἐκείνην
1288 751 1485 823 μᾶλλον
1529 771 1708 827 παρα-

133 842 364 909 δέξεται.

1811 483 1970 538 modo
1989 484 2316 555 sitmagnus,
2342 484 2557 540 auditor
2578 484 2753 540 factus
2773 487 3156 554 magnitudinis
3167 492 3374 558 sapien-

1813 576 1918 638 tite,
1948 590 2068 644 qua
2094 585 2178 630 est
2204 580 2256 631 in
2280 591 2366 643 eo,
2397 588 2453 633 et
2471 579 2717 642 rationis,
2743 585 2798 633 et
2823 579 3031 647 gratiae,
3061 590 3113 632 et
3136 578 3372 648 prodidit

1809 680 1955 732 eum,
1984 676 2040 721 et
2060 669 2296 735 prodidit
2325 678 2515 733 totam,
2541 684 2698 737 quam
2721 671 2890 735 novit,
2923 670 3369 740 magnitudinem.

1808 757 1970 830 435
1999 757 2147 815 Hanc
2186 762 2255 815 ob
2299 775 2521 816 causam
2567 763 2903 817 conducebat
2942 762 3017 817 illi
3049 773 3229 817 natum
3263 778 3368 817 non

1812 849 1980 905 fuisse
1991 851 2061 916 ",
2085 852 2201 907 sive
2222 854 2650 923 regenerationis
2675 866 2820 918 ortu,
2837 863 2895 908 ut
2917 852 3235 923 profundius
3250 854 3372 923 quis

138 941 486 1012 intelligeret,
513 940 628 996 sive
649 941 754 994 hoc
772 939 1130 1005 communiori
1160 949 1319 995 ortu:
1344 941 1412 996 de
1440 957 1548 1011 quo
1568 951 1689 997 ortu
1715 944 1976 1002 molestiis
2007 961 2067 1003 se
2097 949 2338 1005 eximere
2361 952 2486 1020 quis
2522 951 2726 1017 volens,
2754 967 2874 1006 cum
2898 951 3203 1020 inquisierit
3230 942 3389 1022 quod

136 1040 397 1111 quidquid
426 1037 558 1093 utile
585 1045 690 1103 est,
725 1037 857 1092 utile
884 1036 956 1091 sit
980 1039 1029 1091 ei
1058 1039 1150 1106 qui
1180 1048 1286 1104 est,
1309 1047 1363 1093 et
1384 1040 1732 1095 considerans
1762 1043 1907 1111 quod
1929 1044 1979 1099 ei
2007 1045 2100 1114 qui
2126 1060 2235 1100 non
2267 1047 2337 1102 sit
2372 1048 2507 1103 nihil
2529 1048 2801 1114 conferat,
2828 1058 2884 1104 et
2904 1049 3038 1103 utile
3068 1050 3161 1116 sit,
3190 1049 3256 1103 ad
3286 1062 3374 1104 se-

136 1134 369 1190 cundam
395 1132 780 1202 expositionem
807 1145 929 1186 cum
960 1130 1255 1195 devenerit,
1287 1129 1429 1186 illam
1466 1134 1636 1202 magis
1664 1135 1938 1204 suscipiet.

208 1247 297 1300 12.
333 1263 352 1298 ι
386 1245 651 1300 Ἐϐλεπον
682 1244 741 1299 δέ
784 1247 863 1309 εἰς
894 1244 1156 1316 ἀλλήλους
1192 1248 1241 1300 οἱ
1276 1247 1544 1318 μαθηταὶ,
1569 1249 1705 1301 ἀπο-

140 1338 392 1409 ρούμενοι
420 1338 547 1408 περὶ
572 1337 716 1401 τίνος
745 1335 912 1404 λέγει.
948 1355 967 1388 ι
992 1337 1055 1389 Εἰ
1085 1337 1185 1408 μὲν
1213 1339 1490 1410 προφανὴς
1502 1333 1570 1409 ἦν
1596 1341 1707 1402 τοῖς

150 1428 329 1500 Ἰησοῦ
366 1428 628 1500 μαθηταῖς
656 1432 690 1500 ή
735 1428 829 1482 τοῦ
870 1429 1037 1483 Ἰούδα
1067 1428 1232 1484 κακία
1252 1470 1267 1494 ,
1314 1429 1416 1485 κᾶν
1451 1429 1705 1500 ἔγνωστο,

1881 1251 1967 1305 12.
1990 1270 2008 1303 ι
2028 1252 2379 1322 Aspiciebant
2398 1262 2573 1307 autem
2592 1269 2710 1309 sese
2727 1263 2910 1307 mutuo
2927 1253 3196 1321 discipuli,
3211 1253 3372 1307 dulii-

1813 1350 1989 1397 tantes
2005 1345 2071 1398 de
2087 1359 2321 1413 quonam
2341 1346 2543 1400 diceret
2558 1345 2621 1399 ".
2644 1365 2662 1395 ι
2682 1344 2944 1414 Equidem
2968 1344 3011 1399 si
3032 1352 3216 1413 aperta
3243 1342 3374 1397 fuis-

1813 1444 1894 1489 set
1920 1434 2071 1490 Judze
2093 1436 2297 1489 malitia
2326 1434 2450 1491 .lesn
2474 1435 2772 1503 discipulis,
2807 1437 3017 1505 agnitus
3048 1434 3211 1488 etiam
3239 1434 3371 1489 l'nis—

139 1522 385 1586 είπόντος
411 1520 506 1575 τοῦ
532 1522 800 1593 Σωτῆρος,
831 1522 933 1587 ὅτι,
956 1541 975 1574 ι
1008 1517 1102 1586 Εἷς
1125 1522 1185 1587 ἐξ
1214 1522 1367 1593 ὑμῶν
1399 1521 1707 1595 παραδώσει

1881 1536 1893 1580 t
1917 1525 2007 1580 ille
2029 1528 2117 1595 qui
2143 1526 2454 1595 Magistrum
2481 1527 2791 1595 proditurus
2818 1534 2985 1588 esset,
3008 1525 3224 1579 dicente
3246 1523 3374 1578 Ser-

140 1632 208 1687 με
235 1654 251 1679 ,
292 1634 311 1666 ι
339 1614 423 1679 τίς
453 1609 523 1686 ἦν
553 1615 582 1667 ὁ
626 1612 961 1685 παραδώσων
995 1613 1082 1666 τὸν
1103 1613 1459 1668 Διδάσκαλονο
1490 1614 1606 1668 νυνὶ
1651 1614 1708 1668 δέ

1883 1626 2034 1672 tore:
2075 1635 2094 1669 ι
2133 1617 2285 1674 Unus
2318 1628 2554 1673 vestrum
2599 1632 2684 1671 me
2713 1615 3024 1684 proditurus
3062 1625 3144 1670 est
3160 1616 3242 1680 ’3;
3274 1633 3291 1665 ι
3321 1624 3375 1667 at

139 1707 425 1777 βλέπουσιν
446 1708 526 1771 είς
549 1704 808 1778 ἀλλήλους
834 1707 883 1761 οἱ
912 1704 1170 1778 μαθηταὶ,
1196 1705 1555 1779 ἀπορούμενοι
1583 1706 1709 1778 περὶ

136 1798 280 1862 τίνος
312 1790 480 1867 λέγει.
515 1799 625 1852 Καὶ
654 1797 764 1870 γὰρ
804 1797 1003 1862 Ἰούδας
1034 1798 1176 1868 τάχα
1207 1795 1305 1868 μὲν
1344 1799 1408 1850 ἐκ
1447 1796 1709 1870 πρότερον

138 1890 516 1962 χρηστστέρων
545 1890 809 1944 ἐδυσώπει
838 1891 964 1954 τοὺς
1002 1889 1329 1953 ἀποστόλους
1360 1889 1497 1961 πρὸς
1521 1889 1583 1941 τὸ
1609 1907 1711 1960 μη-

137 1982 225 2035 δὲν
263 1982 561 2052 ὑπονοῆσαι
605 1983 734 2051 περὶ
764 1981 927 2036 αὑτοῦ
967 1979 1168 2050 φαῦλον
1191 1997 1205 2011 ·
1238 1983 1380 2052 τάχα
1402 1979 1458 2033 δὲ
1498 1979 1708 2033 καὶτοῦ

136 2074 384 2128 διαϐόλου
412 2056 855 2145 ῆδτίβεϐληκότος
881 2075 960 2137 είς
988 2072 1086 2145 τήν
1104 2072 1349 2145 καρδίαν,
1373 2071 1460 2124 ἴνα
1484 2069 1711 2142 παραδῷ

137 2168 300 2222 αὐτὸν
346 2167 544 2231 Ἰούδας
570 2165 810 2237 Σίμωνος
844 2164 1224 2237 Ἰσκαριώτης,
1257 2165 1356 2218 οὐκ
1397 2158 1466 2235 ῆν
1492 2162 1590 2233 τῆς
1617 2180 1712 2216 πο-

138 2259 330 2332 νηρίας
377 2257 576 2323 ἐξολών
614 2256 789 2329 (76)·
832 2255 1130 2326 λείμματος
1180 2254 1289 2326 γὰρ
1340 2254 1710 2326 προαιρέσεως

137 2351 350 2423 ἀγαθῆς
377 2351 709 2421 ὑπάρχοντος
750 2348 809 2401 ἐν
849 2347 996 2418 αύτῷ
1019 2390 1035 2414 ,
1079 2345 1235 2411 ίδὼν,
1268 2347 1348 2400 ὅτι
1391 2346 1706 2418 κατεκρίθη,

136 2443 298 2512 ἡνίκα
318 2443 575 2515 δήσαντες
609 2441 770 2494 αὐτὸν
798 2440 1101 2513 ἀπήγαγον,
1138 2439 1232 2493 καὶ
1259 2440 1581 2511 παρέδωκαν
1610 2440 1709 2491 Πι-

134 2537 281 2607 λάτῳ
311 2536 391 2607 τῷ
417 2533 677 2606 ήγεμόνι,
725 2552 744 2585 ι
785 2530 1182 2604 μεταμεληθεὶς
1214 2531 1443 2602 ἔστρεφε
1466 2529 1533 2584 τὰ
1556 2530 1711 2602 τριά-

136 2646 299 2682 κοντα
318 2627 559 2699 ἀργύρια
586 2629 698 2689 τοῖς
720 2624 1035 2697 ἀρχιερεῦσι
1063 2623 1158 2678 καὶ
1180 2622 1592 2695 πρεσϐυτέροις,
1621 2622 1711 2675 λέ-

137 2738 246 2789 γων
270 2738 284 2752 ·
320 2721 605 2791 Ἥμαρτον
632 2718 909 2789 παραδοὺς
934 2711 1072 2787 αἷμα
1097 2715 1273 2769 ἀθῶον
1296 2731 1310 2746 ⁸
1342 2734 1361 2768 ι
1398 2715 1508 2778 ὅτε,
1532 2714 1712 2767 είπόν-

137 2824 243 2865 των
276 2808 491 2864 αὐτῶν*
524 2826 543 2859 ι
578 2808 645 2861 Τί
673 2808 808 2879 πρὸς
833 2808 981 2878 ἡμᾶς
1007 2822 1023 2872 ;
1059 2805 1122 2859 σὺ
1281 2821 1295 2835 ⁸
1325 2803 1485 2877 ῥίψας
1520 2823 1538 2856 ι
1572 2804 1601 2856 ὁ
1624 2819 1712 2872 φι-

1811 1726 1954 1764 uunc
2000 1711 2283 1765 intuentur
2312 1725 2430 1766 sese
2466 1720 2650 1763 mutuo
2679 1709 2952 1779 discipuli,
2984 1711 3291 1765 dubitantes
3308 1710 3375 1762 de

1809 1816 1918 1871 quo
1948 1801 2176 1858 diceret.
2205 1801 2231 1856 J
2244 1806 2378 1856 udas
2408 1803 2605 1857 etenim
2637 1801 2870 1857 fortasse
2911 1801 3129 1870 quidem
3175 1814 3242 1855 ex
3291 1801 3375 1854 his

1810 1908 1929 1964 qua:
1957 1904 2118 1949 antea
2163 1907 2313 1950 recte
2360 1905 2568 1966 egerat,
2612 1905 2963 1964 persuaserat
3001 1893 3260 1963 apostolis
3316 1903 3375 1947 ut

1810 1987 1945 2042 nihil
1977 1991 2042 2042 de
2072 1987 2166 2042 illo
2188 1987 2595 2056 suspicarentur
2628 1987 2755 2040 mali
2782 2003 2795 2037 ε
2837 1985 3066 2040 fortasse
3089 2001 3217 2039 vero
3240 2001 3375 2039 non-

1810 2081 1934 2134 dum
1968 2079 2137 2135 Judas
2170 2080 2356 2133 Simon
2382 2077 2669 2133 Iscariotes
2697 2079 2925 2147 perditae
2973 2078 3193 2132 malititc
3236 2085 3375 2142 erat,

1809 2172 2019 2226 etiamsi
2064 2170 2307 2227 diabolus
2349 2171 2463 2242 jam
2518 2171 2832 2228 immisisset
2888 2171 2941 2223 in
2986 2186 3081 2226 cor
3129 2170 3274 2225 illius
3320 2178 3374 2223 ut

1810 2264 2063 2341 proderet
2100 2261 2306 2327 Jesum,
2333 2262 2577 2330 reliquiis
2600 2261 2897 2315 etiamnum
2920 2260 3303 2315 exsistentibus
3323 2260 3375 2313 in

1812 2358 1929 2428 ipso
1962 2357 2086 2431 boni
2112 2355 2395 2426 propositi,
2419 2353 2619 2425 quibus
2650 2369 2774 2408 cum
2805 2353 3171 2422 perspexisset
3196 2350 3376 2405 Jesunt

1810 2449 2246 2510 condemnatum,
2290 2447 2508 2517 quando
2544 2446 2771 2516 ligatum
2805 2460 2934 2499 eum
2960 2445 3299 2498 abduxerunt
3325 2451 3405 2517 et,
3446 2474 3447 2477 η

1812 2539 2150 2593 tradiderunt
2173 2516 2346 2592 Pilato
2379 2535 2617 2606 prtesidi,
2650 2554 2668 2586 ι
2699 2534 3033 2603 paenitudine
3071 2532 3263 2585 ductus
3295 2516 3407 2583 re?

1812 2631 1938 2685 tulit
1974 2631 2190 2700 triginta
2218 2637 2511 2699 argenteos
2543 2627 2880 2699 principibus
2928 2624 3292 2683 sacerdotum,
3323 2633 3378 2674 et

1811 2720 2139 2789 senioribus,
2165 2723 2389 2778 dicens:
2421 2720 2645 2777 Peccavi
2684 2720 2905 2775 tradens
2936 2717 3252 2786 sanguinem
3295 2714 3379 2766 in-

1812 2825 2134 2884 nocentem;
2167 2835 2186 2868 ι
2224 2816 2442 2884 quando
2467 2824 2522 2869 et
2561 2813 2866 2867 dicentibus
2894 2811 3032 2866 illis:
3069 2827 3089 2862 ι
3135 2809 3271 2876 Quid
3311 2807 3377 2859 ad

137 2905 409 2976 λάργυρος
436 2901 631 2964 Ἰούδας
662 2918 679 2952 ι
710 2899 779 2952 τὰ
806 2899 1064 2970 ἀργύρια,
1090 2896 1338 2952 ἀπελθὼν
1362 2895 1663 2968 ἀπήγξατο,
1688 2915 1708 2947 ι

1881 2907 1958 2961 »εἳ
1993 2915 2045 2961 ιιι
2070 2907 2302 2974 videris;
2328 2906 2581 2976 proiectis
2608 2905 2879 2975 argenteis
2909 2922 2928 2955 ι
2955 2892 3143 2966 ιῐυάοέ,
3167 2898 3377 2967 argenti

142 2996 274 3068 μηδέ
305 2993 628 3066 περιμείνας
656 2995 784 3047 ἰδεῖν
806 2991 900 3045 τοῦ
938 2991 1067 3063 περὶ
1091 2991 1182 3045 τὸν
1219 2988 1424 3062 Ἰησοῦν
1450 2988 1599 3060 παρά
1628 2988 1710 3060 τῷ

1881 3014 1930 3053 se
1959 2998 2207 3067 cupidus,
2248 3016 2266 3048 ι
2296 2997 2483 3051 abiens
2510 2996 2707 3067 laqueo
2749 3010 2808 3050 se
2852 2992 3214 3063 suspendit”,
3243 3009 3262 3041 ι
3312 3004 3381 3042 ne

142 3087 359 3157 Πιλάτῳ
390 3085 653 3158 κρίματος
684 3083 746 3136 τὸ
775 3081 947 3145 τέλος.
994 3080 1105 3133 Καὶ
1149 3079 1372 3148 γέγονεν
1407 3077 1555 3149 αὐτῷ
1587 3074 1710 3131 οὗτε

1881 3088 2233 3160 ierequidem
2256 3098 2581 3159 exspectans
2595 3087 2783 3157 judicii
2817 3088 2977 3141 ﬁnem
3003 3084 3067 3139 de
3088 3081 3213 3138 Jesu
3239 3081 3380 3152 apud

140 3176 357 3254 καθαρὰ
385 3176 495 3230 ἀπὸ
536 3174 806 3249 ἁμαρτίας
840 3172 1094 3246 μετάνοια
1118 3213 1133 3238 ,
1160 3169 1284 3224 οὔτε
1312 3170 1550 3241 ἄκρατος
1575 3170 1711 3245 πρός

1881 3184 2061 3237 uitium
2093 3181 2355 3238 Pilatum.
2387 3181 2572 3252 Neque
2601 3179 2688 3235 hic
2720 3178 2936 3237 sincere
2965 3192 2994 3228 a
3034 3183 3255 3245 peccato
3294 3189 3381 3227 re-

138 3292 188 3326 τι
214 3271 579 3345 χρηστότερον
604 3271 639 3341 ἡ
669 3267 919 3340 πονηρία*
945 3268 995 3319 ει
1031 3266 1127 3337 μὲν
1147 3264 1255 3336 γάρ
1282 3262 1534 3336 καθαρῶς
1559 3280 1714 3336 μετε-

140 3368 276 3432 νόει,
322 3366 421 3419 καὶ
472 3364 548 3428 ὡς
585 3364 613 3416 6
641 3361 841 3434 λῃστὴς
870 3357 1071 3413 είπών⁸
1105 3377 1123 3410 ι
1147 3356 1429 3430 Μνήσθητί
1459 3374 1580 3428 μου,
1618 3359 1715 3429 Ἰη-

144 3456 259 3522 σοῦ,
290 3457 424 3511 ὅταν
452 3455 609 3527 ἔλθῃς
641 3455 698 3507 ἐν
729 3454 796 3524 τῇ
823 3449 1065 3522 βασιλείᾳ
1094 3466 1208 3513 σου,
1241 3468 1259 3499 ι
1296 3447 1608 3521 προσελθὼν
1635 3447 1714 3520 τῷ

142 3549 352 3620 Σωτῆρι
379 3545 552 3600 ἐποίει
591 3543 660 3598 τά
704 3543 835 3615 παρ’
872 3539 1068 3608 αὑτοῦ,
1097 3537 1233 3610 πρὸς
1261 3535 1323 3590 τὸ
1368 3535 1713 3602 ἐξιλάσασθαι

140 3643 299 3696 αὑτὸν
348 3640 444 3694 ἐπὶ
491 3641 557 3710 τῇ
622 3636 873 3709 φθασάσῃ
916 3631 1197 3702 γεγονέναι
1246 3630 1518 3703 προδόσει.
1566 3630 1716 3684 Εἰδέ

142 3732 317 3802 πάντη
341 3729 443 3802 τῆν
469 3727 562 3783 τοῦ
583 3725 746 3782 καλοῦ
783 3724 994 3779 εὔνοιαν
1020 3721 1356 3792 ἐξεληλακώς
1376 3718 1445 3794 ἦν
1464 3723 1564 3793 τῆς
1590 3724 1716 3776 ἐαυ-

139 3823 232 3879 τοῦ
270 3821 474 3893 ψυχῆς,
505 3818 616 3872 οὔτ’
650 3818 715 3873 ἂν
749 3813 1090 3888 μετεμελήθη
1123 3812 1267 3878 ίδὼν,
1299 3812 1382 3866 ὅτι
1413 3812 1712 3885 κατεκρίθη

139 3918 168 3970 ὁ
189 3914 399 3988 Ἰησοῦς
421 3930 434 3943 ·
460 3911 595 3966 ἀλλά
623 3909 717 3964 καὶ
746 3905 1056 3979 προσετίθει
1084 3905 1151 3959 ἂν
1181 3903 1372 3974 λόγους
1393 3901 1715 3976 κατηγορῶν

142 4007 304 4061 αὐτοῦ
348 4004 629 4073 συγγενεῖς
676 4002 742 4072 τῇ
793 3998 1080 4071 προδοσίᾳ·
1119 3996 1255 4051 ἀλλά
1302 3997 1394 4050 κα)⁸
1428 3995 1714 4050 ἀπολαύων

145 4100 209 4155 ἂν
239 4101 316 4164 ὡς
337 4097 670 4168 φιλάργυρος
703 4088 777 4149 ὧν
803 4091 961 4146 έλαὸε
984 4091 1275 4163 τριάκοντα
1301 4089 1596 4161 ἀργυρίων,
1617 4088 1714 4160 τήν

142 4191 302 4262 τιμὴν
332 4188 427 4242 τοῦ
460 4184 820 4257 τετιμημένου
837 4223 852 4247 ,
875 4179 987 4234 οὔτ’
1013 4179 1079 4234 ἂν
1104 4176 1458 4231 ἐϐουλεύσατο
1486 4174 1713 4243 ἀπώσα-

1814 3275 1995 3343 sipuit,
2025 3287 2200 3343 neque
2223 3272 2329 3326 fuit
2359 3271 2517 3337 huius
2546 3271 2749 3325 malitia
2779 3270 2845 3323 ad
2876 3266 3080 3338 aliquid
3108 3265 3236 3321 boni
3272 3264 3379 3319 iiii-

1815 3380 1946 3433 pos;
1989 3364 2031 3417 si
2064 3363 2211 3418 enim
2243 3363 2455 3417 sincere
2487 3361 2833 3430 resipuisset,
2864 3359 3030 3413 etiam
3064 3355 3287 3427 perinde
3314 3368 3380 3421 ac

1814 3455 1955 3508 latro
1993 3452 2083 3507 ille
2107 3452 2201 3522 qni
2226 3451 2398 3506 dixit:
2430 3470 2449 3502 ι
2486 3448 2754 3504 Memento
2791 3449 2917 3514 mei,
2968 3446 3210 3509 Domine,
3255 3444 3378 3498 dum

1814 3545 2031 3601 veneris
2067 3547 2120 3598 in
2151 3554 2371 3614 regnum
2407 3550 2559 3596 tuum
2579 3541 2647 3607 θ’,
2677 3559 2697 3591 ι
2734 3540 2801 3593 ad
2844 3538 3188 3593 Servatorem
3221 3548 3379 3589 acce-

1815 3640 1948 3692 dens
1988 3636 2210 3690 l'ecissct
2240 3649 2360 3704 quae
2386 3634 2452 3688 ad
2486 3634 2663 3704 ipsum
2692 3629 3054 3701 pertinebant,
3098 3636 3157 3679 ut
3195 3622 3377 3680 Jesum

1815 3727 2090 3797 placatum
2136 3726 2391 3781 redderet
2436 3724 2506 3780 ob
2534 3722 2913 3792 proditionem,
2939 3733 3057 3787 quae
3083 3718 3195 3787 jam
3243 3729 3377 3783 pra:-

1813 3826 2074 3874 cesserat.
2106 3816 2259 3882 Quod
2285 3815 2328 3869 si
2354 3830 2484 3870 vero
2506 3814 2729 3868 omnino
2762 3808 3058 3880 expulisset
3095 3808 3164 3862 ab
3202 3806 3377 3859 anima

1812 3925 1911 3966 sua
1936 3910 2061 3966 boui
2085 3910 2382 3972 notionem,
2407 3907 2822 3975 haudquaquam
2854 3900 3169 3970 resipuisset
3191 3898 3377 3951 videns

1814 4001 1997 4058 Jesum
2025 4002 2485 4058 condemnatum:
2533 3998 2642 4053 imo
2673 3995 2822 4049 illum
2857 4008 3122 4049 accusans
3142 3991 3376 4046 addidis-

1815 4100 1897 4146 set
1927 4104 2207 4146 sermones
2229 4088 2434 4144 similes
2469 4086 2763 4157 proditioni
2785 4102 2797 4138 :
2817 4083 2947 4153 quin
2979 4083 3141 4137 etiam
3171 4082 3378 4139 fruens.

1815 4195 1910 4235 ceu
1946 4179 2156 4249 argenti
2189 4177 2446 4246 cupidus,
2496 4172 2771 4245 argenteis
2814 4171 3057 4239 triginta,
3106 4180 3241 4236 quos
3284 4181 3376 4218 ac—

144 4260 270 4338 aOVat‘
290 4281 363 4336 τά
390 4278 647 4351 ἀργύρια,
670 4274 781 4329 οὔτ’
814 4275 880 4330 ἂν
910 4273 1169 4347 ἔστρεψεν
1199 4271 1340 4326 αύτά
1378 4272 1489 4332 τοῖς
1524 4269 1712 4340 ἀρχιε-

1883 4280 2035 4340 perat
2057 4270 2290 4339 pretium
2327 4267 2642 4339 appretiati,
2672 4278 2849 4333 neque
2877 4260 3142 4315 voluisset
3183 4272 3367 4328 argen-

146 4376 296 4449 ρεῦσι
318 4375 417 4430 καὶ
442 4370 860 4445 πρεσϐυτέροις,
894 4367 1004 4423 οὔτ’
1039 4368 1105 4422 ἂν
1145 4367 1231 4420 ἐπ’
1266 4365 1442 4421 αὐτῶν
1488 4365 1711 4418 ἐκείνων

142 4468 607 4541 ἐξωμολογήσατο,
641 4464 805 4520 αὑτοῦ
846 4463 943 4535 μὲν
969 4458 1308 4531 κατηγορῶν,
1334 4458 1425 4513 τὸν
1452 4456 1715 4512 Διδάσκα-

142 4561 231 4616 λον
271 4561 330 4614 δὲ
355 4557 714 4630 ἐγκωμιάζων
738 4555 849 4629 (77)
876 4556 934 4608 ἐν
956 4552 1033 4623 τῷ
1055 4570 1068 4583 ·
1099 4553 1412 4622 «Ἥμαρτον
1440 4548 1715 4620 παραδοὺς

144 4646 281 4723 αἷμα
314 4650 539 4704 δίκαιον.
577 4666 597 4700 ι
641 4646 803 4701 Ἀλλά
847 4645 940 4700 καὶ
976 4645 1037 4697 τὸ
1066 4641 1410 4711 ἀπάγξασθαι
1440 4640 1601 4696 αὑτὸν
1624 4640 1710 4692 ob-

144 4746 252 4810 δεὶς
278 4743 436 4807 ἀλλος
459 4741 732 4811 ἐποίησεν,
754 4738 788 4810 ἢ
811 4741 839 4793 6
871 4735 1147 4809 βεϐληκὼς
1171 4734 1334 4788 αὑτοῦ
1361 4735 1441 4797 είς
1467 4733 1565 4805 τὴν
1581 4750 1715 4805 καρ-

146 4836 259 4891 δίαν
281 4878 296 4901 ,
332 4837 420 4890 ἵνα
471 4830 698 4905 παραδῷ
734 4830 826 4883 τὸν
873 4829 1099 4900 Σωτῆρα
1139 4826 1283 4898 (78)’
1317 4826 1411 4880 ml
1447 4827 1608 4880 τόπον
1649 4842 1714 4894 γε

149 4928 265 4980 κατ’
298 4924 584 4997 ἀμφότερα
624 4921 792 4975 ἔδωκε
849 4920 925 4992 τῷ
957 4918 1206 4990 διαϐόλῳ.
1264 4915 1451 4971 Ταῦτα
1491 4917 1548 4970 δὲ
1577 4916 1717 4971 κατὰ

1820 4374 1935 4420 teos
1959 4364 2265 4434 projicere;
2297 4375 2474 4430 neque
2505 4359 2781 4415 retulisset
2804 4371 2899 4411 eos
2924 4355 3259 4424 principibus
3291 4368 3375 4407 sn-

1817 4455 2096 4510 cerdotum
2142 4463 2199 4511 et
2223 4453 2388 4526 436
2422 4450 2775 4507 senioribus:
2817 4462 2994 4516 neque
3043 4458 3225 4500 coram
3277 4441 3381 4496 illis

1819 4546 1951 4618 ipsis
1981 4555 2260 4616 peccatum
2285 4560 2439 4600 suum
2479 4542 2657 4597 lassus
2696 4539 2888 4594 fuisset
2931 4538 3168 4605 seipsum
3221 4548 3380 4588 accu-

1820 4654 1967 4705 sans,
1995 4647 2047 4692 et
2069 4638 2383 4706 Magistrum
2409 4636 2637 4691 laudans
2660 4632 2895 4688 dicendo
2922 4655 2933 4687 :
2969 4648 2989 4682 ι
3020 4626 3247 4684 Peccavi
3271 4635 3375 4678 tra-

1815 4731 1949 4786 dens
1981 4731 2295 4800 sanguinem
2315 4728 2577 4798 justum.)
2612 4726 2752 4793 Quin
2794 4726 2958 4779 etiam
2982 4720 3275 4792 praefocare
3301 4731 3373 4771 se-

1817 4821 1999 4890 ipsum
2034 4820 2236 4889 laqueo
2264 4834 2424 4874 nemo
2450 4819 2586 4873 alius
2614 4816 2854 4880 fecisset,
2887 4821 3085 4883 ιιι-αξιοι·
3110 4809 3258 4864 illum
3295 4804 3386 4874 qui

1818 4913 1874 4967 in
1903 4929 1998 4969 cor
2044 4928 2204 4968 suum
2248 4913 2490 4968 misisset
2537 4921 2595 4965 ut
2629 4910 2885 4981 proderet
2911 4905 3278 4962 Servatorem.
3310 4903 3383 4954 Ac

149 4993 374 5084 δύναμιν
396 4993 896 5082 ἐπεξειργασάμην,
923 5009 1038 5078 ἅμα
1068 5009 1166 5079 μὲν
1186 5007 1454 5080 παριστὰς
1476 5008 1590 5071 τοῖς
1613 5007 1712 5060 olo-

1881 5004 2064 5060 ol‘ecto
2090 5005 2144 5060 in
2173 5005 2417 5075 utrisque
2444 5001 2772 5058 deditJudas
2799 4999 2976 5055 locum
3004 4996 3239 5053 diabolo.
3265 4993 3374 5049 Ca:-

217 5154 263 5186 “
301 5151 495 5208 Mat-th.
522 5166 674 5218 τινι,
697 5151 793 5212 24;
828 5150 996 5207 Marc.
1028 5166 1142 5215 xiv,
1162 5149 1254 5204 21.

155 5239 309 5288 xxtu,
338 5223 431 5278 42.
581 5244 587 5249 θ

222 5361 335 5434 (:13)
374 5362 669 5434 ᾈκούσίᾳι.
700 5360 866 5434 Deest
893 5359 945 5434 in
975 5359 1164 5434 codice
1190 5356 1375 5428 Regio.

223 5428 338 5499 (τι)
372 5432 547 5486 Editio
580 5431 779 5491 Huetii,
802 5429 966 5495 male,
997 5428 1168 5491 ὄντος.

228 5496 341 5568 (75)
365 5501 695 5556 Κατελθών.
740 5503 898 5554 Deest
932 5500 984 5552 in
1011 5500 1198 5553 codice
1234 5496 1424 5568 Regio.

223 5567 337 5641 (76)
382 5570 652 5635 'EEoJo'w.
673 5570 764 5625 Sic
791 5570 1017 5641 videtur
1033 5570 1226 5640 legisse
1258 5567 1540 5641 Perionius
1563 5584 1578 5641 ς
1599 5582 1720 5641 ver-

157 5638 241 5692 tit‘
278 5638 447 5704 enim,
503 5661 521 5692 ι
566 5642 788 5707 perdita:
844 5638 1298 5707 coniplorattequc
1351 5638 1715 5707 improbitatis

159 5727 264 5766 non
310 5721 445 5766 erat.
490 5731 507 5763 ι
550 5704 831 5767 Ferrarius
878 5704 1006 5765 vero
1051 5704 1283 5778 legebat,
1324 5710 1376 5764 ni
1427 5704 1612 5771 iallor,
1653 5704 1717 5771 ἐξ

1357 5149 1402 5182 ⁸³
1428 5147 1587 5205 Joan.
1619 5165 1740 5220 xm,
1772 5150 1860 5206 22.
1934 5150 1981 5182 ”
2018 5149 2151 5205 ibid.
2188 5149 2280 5204 21.

2381 5147 2429 5180 ’⁵
2462 5145 2652 5201 Matth.
2695 5159 2830 5208 xvn,
2885 5142 2920 5196 '5
2965 5154 3079 5207 seq.
3169 5134 3215 5166 "
3252 5133 3365 5188 Luc

1828 5355 1984 5420 ὅλων,
2013 5355 2056 5410 si
2090 5356 2308 5426 quidem
2337 5354 2504 5426 vertit
2538 5371 2582 5410 ιι
2618 5351 3117 5426 nond_um_prorsl_ls
3150 5356 3194 5426 τι.
3230 5340 3372 5426 ntali»

1830 5429 1899 5480 tia
1927 5412 2282 5495 dependebat.
2328 5445 2346 5477 ι
2380 5423 2637 5495 Neutrum
2670 5422 2805 5495 satis
2835 5412 3009 5495 placet
3037 5412 3233 5470 ﬂuetio
3258 5428 3275 5479 ;
3306 5421 3375 5465 at:

1831 5488 2010 5551 tamen
2032 5498 2235 5551 rectius
2264 5496 2477 5550 videtur
2502 5494 2695 5562 legisse
2727 5488 3028 5562 Periouius.

1896 5567 2010 5633 (77)
2048 5567 2225 5622 Codex
2268 5566 2489 5635 Regius,
2518 5556 2613 5618 xit).
2646 5556 3023 5635 ἐγκωμιάζων.

1894 5629 2004 5709 (78)
2043 5636 2184 5695 Idem
2211 5629 2379 5693 codei
2411 5629 2627 5706 Regius,
2670 5629 2893 5703 Ἰησοῦν.
