3712 6138
1802 226 1916 281 ORI

2091 228 2120 283 Β
3492 237 3575 289 796

335 359 510 402 terunt
541 344 658 415 haec
692 357 787 412 pro
838 340 1045 396 viribus
1093 351 1349 398 accurate
1383 342 1643 414 inquisivi
1680 361 1694 398 :
1744 346 1905 401 simul

2091 364 2191 411 νοις
2217 346 2326 418 (79)
2358 346 2517 401 αὑτὸν
2542 347 2699 419 φύσει
2728 348 3009 418 γεγονέναι
3041 350 3399 407 ἀνεπίδεκτον
3429 369 3575 424 amr.

333 437 627 493 ostendens
657 434 740 489 his
765 437 859 502 qui
886 431 1079 487 Judam
1124 435 1515 490 existimabant
1560 436 1748 491 salutis
1796 453 1901 492 non

2091 457 2148 503 .ς,
2182 439 2264 492 ὅτι
2306 440 2365 492 οὐ
2410 441 2648 503 τοιοῦτος
2678 436 2776 512 ἦν·
2820 442 2935 512 ἅμα
2971 442 3029 494 δὲ
3071 442 3434 512 διηγούμενος
3457 484 3471 506 ,
3511 447 3573 498 ὅτι

334 543 591 598 capacem
628 542 751 582 esse
779 536 1001 592 natura,
1028 526 1187 581 talem
1222 543 1328 582 non
1356 543 1508 583 esse:
1547 528 1706 583 simul
1739 529 1902 584 etiam

326 236 436 288 Ἰυιι

335 633 610 690 exponens
640 619 916 687 quomodo
948 620 1143 673 merito
1180 619 1530 675 intuerentur
1552 635 1672 676 sese
1720 630 1905 677 mutuo

334 707 565 778 apostoli
593 708 664 763 ob
696 707 907 762 Domini
941 722 1271 772 sermonem,
1310 710 1621 766 dubitantes
1670 712 1736 766 de
1765 727 1903 781 quo-

334 815 464 853 nam
508 800 763 854 diceret:
815 801 909 852 sed
952 798 1191 853 sufﬁciat
1226 801 1291 854 ad
1347 801 1739 857 ostendendum
1781 819 1904 858 eum

336 892 631 958 corruisse,
672 906 794 945 cum
836 901 1063 945 sanctus
1111 901 1279 958 esset,
1321 890 1517 947 aﬁ'erre
1566 894 1621 948 in
1670 896 1903 951 medium

335 985 623 1039 lectionem
656 984 1028 1054 propheticam
1057 998 1123 1037 ex
1152 984 1364 1053 psalmo
1387 986 1802 1057 quadragesimo
1825 990 1907 1045 sic

334 1074 623 1130 habentem
651 1092 666 1129 :
705 1093 723 1126 ι
749 1071 960 1129 Etenim
1003 1074 1164 1127 homo
1196 1073 1347 1142 pacis
1379 1090 1531 1142 meas,
1568 1077 1620 1131 in
1649 1093 1755 1147 quo
1784 1095 1906 1149 spe-

337 1168 451 1222 ravi
482 1208 499 1234 ,
527 1168 618 1237 qui
653 1168 845 1222 edebat
874 1180 1041 1235 panes
1084 1178 1234 1220 meos
1266 1180 1500 1233 mecum,
1538 1172 1908 1240 tnagniﬁcavit

335 1274 501 1329 super
537 1273 623 1313 me
652 1258 1198 1328 supplantationem.»
1228 1257 1368 1324 Quin
1408 1259 1572 1315 etiam
1599 1261 1767 1318 illud:
1801 1284 1821 1316 ι
1847 1268 1903 1322 Si

335 1349 587 1405 inimicus
612 1365 770 1417 ,meus
795 1348 1058 1404 conviciis
1108 1364 1195 1404 me
1245 1352 1577 1419 incessisset,
1613 1356 1907 1412 sustinuis-

334 1456 449 1496 sem
485 1441 669 1511 utique
689 1439 789 1504 9°,»
819 1440 961 1508 quod
987 1438 1052 1491 ad
1084 1440 1333 1493 eumdem
1377 1441 1631 1509 refertur,
1666 1445 1908 1501 declarat

334 1550 459 1588 eum
491 1549 520 1588 a
550 1533 815 1605 principio
847 1532 1125 1587 inimicum
1160 1547 1264 1585 non
1295 1532 1482 1590 fuisse.
1522 1532 1658 1591 Illud
1696 1537 1859 1592 etiam
1886 1558 1903 1595 :

339 1645 356 1677 ι
388 1625 445 1679 Si
474 1626 521 1680 is
552 1627 642 1695 qui
675 1641 763 1681 me
805 1626 1012 1691 oderat,
1056 1625 1349 1680 adversum
1380 1642 1467 1681 me
1514 1628 1653 1681 mala
1692 1628 1907 1688 locutus

2005 530 2242 598 εὐλόγως
2266 531 2316 583 οἱ
2346 530 2588 602 μαθηταὶ
2616 533 2709 586 ἐπὶ
2738 532 2815 603 τῷ
2840 531 2935 585 τοῦ
2962 533 3168 604 Κυρίου
3193 532 3342 602 λόγῳ
3371 533 3597 591 ἐσλεπονι

2004 626 2084 688 εἰς
2114 623 2409 695 ἀλλήλους,
2441 624 2804 696 ἀπορούμενοι
2855 626 2982 697 περὶ
3012 625 3157 688 τίνος
3191 625 3366 694 λέγει.
3417 627 3575 697 Ἀρκεῖ

2003 717 2060 770 δὲ
2089 716 2428 788 παραθέσθαι
2458 717 2553 770 καὶ
2586 718 2929 789 προφητικὴν
2961 717 3106 781 λέξιν
3133 718 3243 771 ἀπὸ
3268 718 3369 770 τοῦ
3402 736 3571 772 τεο-σει⁹

2008 809 2271 879 ρακοστοῦ
2301 809 2517 880 ψαλμοῦ
2539 850 2554 877 ,
2590 812 2967 881 παριστᾶσαν,
2998 810 3077 863 ὅτι
3126 809 3285 878 ἅγιος
3324 810 3405 863 ὢν
3436 829 3575 881 μετα-

2006 901 2312 966 πέπτωκεν,
2347 900 2501 954 ἐπεί·
2541 921 2558 952 ι
2587 902 2698 955 Καὶ
2724 901 2831 973 γάρ
2862 903 2891 954 ό
2928 900 3213 973 ἄνθρωπος
3236 902 3342 973 τῆς
3376 905 3573 974 εἰρήνης

2008 1010 2109 1063 μου
2130 1032 2144 1055 ,
2180 993 2265 1062 ἐφ’
2295 993 2353 1046 ὃν
2381 993 2583 1064 ήλπισα
2607 1033 2621 1059 ,
2655 992 2852 1047 ἐσθίων
2890 993 3086 1064 ἄρτους
3119 1011 3222 1065 μου
3261 994 3575 1065 ἐμεγάλυνεν

2005 1085 2093 1137 ἐπ’
2120 1083 2220 1154 ἐμὲ
2247 1084 2594 1154 πτερνισμόν·
2623 1103 2641 1134 ι
2673 1083 2807 1136 ἀλλά
2831 1083 2925 1137 καὶ
2954 1083 3016 1136 τό
3034 1099 3046 1112 ·
3076 1102 3095 1134 ι
3124 1084 3187 1136 Εἰ
3211 1083 3417 1155 ἐχθρὸς
3444 1083 3577 1138 ὠνεί-

2004 1176 2120 1229 δισέ
2165 1193 2267 1247 με,
2312 1177 2593 1247 ὑπήνεγκα
2625 1176 2724 1238 ἂν,
2766 1195 2784 1226 ι
2815 1178 2901 1229 ἐπ’
2948 1176 3109 1230 αὐτὸν
3158 1177 3573 1247 ἀναφερόμενον,

2004 1267 2155 1338 δηλοῖ
2173 1312 2189 1333 ,
2222 1269 2303 1321 ὅτι
2331 1268 2430 1321 οὐκ
2457 1267 2694 1338 ἀρχῆθεν
2732 1267 2926 1339 ἐχθρὸς
2948 1263 3038 1339 ἦν·
3067 1267 3202 1321 ἀλλὰ
3220 1270 3323 1321 καὶ
3356 1269 3438 1320 τό·
3479 1289 3497 1321 ι
3527 1271 3576 1323 Εἰ

2005 1361 2034 1412 ό
2068 1360 2241 1430 μισῶν
2278 1376 2344 1430 με
2367 1360 2453 1411 ἐπ’
2479 1360 2577 1430 ἐμὲ
2611 1359 3223 1431 ἐμεγαλοῤῥημόνησεν,
3254 1360 3500 1432 ἐκρύὸην
3525 1361 3577 1412 ἂν

2005 1454 2100 1506 ἀπ’
2132 1453 2329 1517 αὐτοῦ,
2371 1472 2390 1506 ι
2436 1453 2797 1525 παρίστησιν,
2838 1454 2920 1506 ὃτι
2967 1455 3059 1508 καὶ
3096 1455 3287 1523 ἠγάπα
3333 1455 3466 1507 ποτὲ
3502 1455 3577 1507 τὸν

2018 1543 2245 1614 Ἰησοῦν,
2265 1542 2475 1612 φθάσας
2502 1544 2595 1595 ἐπὶ
2622 1542 2682 1595 τὸ
2707 1544 2802 1595 καὶ
2827 1541 3077 1613 ίσόψυχος
3101 1543 3252 1613 αὑτῷ
3280 1544 3575 1613 τυγχάνειν

2007 1635 2128 1688 ἐπεὶ
2147 1636 2451 1707 γέγραπται
2476 1652 2490 1666 ε
2533 1654 2552 1685 ι
2584 1634 2655 1689 Σὺ
2684 1634 2760 1699 δὲ,
2792 1634 3042 1704 ἄνθρωπε
3069 1635 3315 1705 ίσόψυχε,
3348 1635 3447 1688 καὶ
3464 1636 3577 1703 ἠγε-

335 1716 550 1780 fuisset,
580 1715 989 1770 abscondissem
1014 1732 1099 1771 me
1132 1716 1361 1771 forsitan
1393 1716 1460 1770 ab
1492 1730 1559 1771 eo
1584 1718 1654 1783 ’⁷,
1683 1737 1702 1769 ι
1730 1718 1904 1787 palam

2091 1745 2127 1781 ιν
2164 1706 2285 1799 μου,
2313 1728 2406 1781 καὶ
2438 1727 2647 1796 γνωστέ
2703 1745 2823 1798 μου.
2869 1747 2887 1778 ι
2926 1728 3034 1780 Καὶ
3068 1727 3204 1780 ἄλλα
3234 1727 3283 1779 δ’
3316 1727 3390 1780 ἂν
3416 1726 3579 1797 εὕροις

334 1809 574 1864 ostendit
599 1809 743 1863 hunc
769 1807 1063 1878 aliquando
1094 1807 1349 1863 dilexisse
1369 1807 1552 1863 Jesum
1584 1826 1599 1864 :
1644 1826 1708 1866 eo
1734 1826 1908 1881 usque

333 1903 498 1956 etiam
519 1902 756 1955 amando
781 1901 1184 1968 pervenientem
1214 1909 1271 1954 ut
1291 1910 1438 1956 esset
1459 1901 1582 1959 Jesu
1613 1907 1903 1971 unanimis,

327 1994 481 2063 juxta
513 1994 645 2049 illud
673 2012 685 2048 :
723 2013 742 2046 ι
775 1992 853 2047 Tu
879 2002 1061 2047 autem
1093 1994 1255 2049 homo
1283 1996 1576 2062 unanimis,
1600 1998 1707 2052 dux
1730 2015 1907 2065 meus,

333 2096 388 2141 et
417 2087 760 2141 necessarius
789 2101 942 2140 mens
967 2085 1065 2137 ³³.»
1088 2085 1307 2156 Alioqui
1332 2096 1592 2143 sexcenta
1611 2089 1715 2143 alia
1753 2091 1908 2144 inve-

333 2180 473 2244 nias,
524 2193 592 2232 ex
640 2178 836 2247 quibus
883 2176 1154 2247 intelliges
1201 2180 1400 2233 merito
1438 2180 1739 2249 discipulos
1784 2197 1907 2237 sese

335 2281 525 2325 mutuo
563 2271 897 2339 respexisse,
939 2270 1251 2326 dubitantes
1299 2272 1366 2325 de
1397 2287 1633 2341 quonam
1675 2273 1903 2328 diceret.

336 2363 507 2418 Porro
528 2363 701 2418 Lucas
731 2364 971 2434 scripsit,
1000 2379 1122 2418 cum
1149 2363 1382 2420 dixisset
1408 2361 1602 2420 Iesus:
1643 2365 1906 2431 «Verum-

335 2466 514 2511 tamen
544 2468 611 2511 en
645 2471 837 2511 manus
865 2472 949 2510 me
979 2457 1243 2512 tradentis
1269 2467 1352 2511 est
1375 2473 1583 2512 mecum
1608 2459 1663 2512 in
1686 2474 1902 2513 mensa:

332 2558 388 2604 et
420 2549 591 2605 Filius
613 2549 834 2620 quidem
864 2550 1098 2605 hominis
1123 2550 1297 2617 vadit,
1322 2550 1475 2620 juxta
1519 2551 1573 2606 id
1612 2556 1756 2621 quod
1802 2554 1904 2609 sibi

332 2641 613 2697 deﬁnitum
646 2643 788 2706 fuit,
843 2651 1222 2696 verumtamen
1267 2656 1347 2696 vae
1397 2642 1605 2697 homini
1657 2644 1754 2708 illi,
1808 2660 1907 2713 per

333 2749 492 2805 quem
520 2735 879 2797 tradetur”,t
913 2732 1209 2803 discipulos
1238 2734 1472 2804 ccepisse
1513 2734 1657 2789 inter
1680 2750 1739 2789 se
1767 2751 1907 2803 quae-

333 2842 455 2881 rere
483 2825 730 2896 quisnam
765 2839 949 2879 eorum
978 2832 1124 2878 esset
1152 2823 1257 2878 hoc
1286 2823 1548 2880 facturus.
1581 2824 1907 2891 Quatrebant

332 2920 477 2976 enim
509 2921 654 2973 inter
692 2933 752 2973 se
779 2916 1095 2972 dubitantes
1125 2916 1192 2971 de
1228 2931 1337 2987 quo
1370 2917 1596 2972 diceret.
1628 2915 1746 2973 Jam
1775 2934 1905 2974 vero

2012 1820 2195 1890 μυρία,
2224 1819 2284 1884 ἐξ
2313 1815 2386 1873 ὧν
2413 1821 2687 1891 συνήσεις,
2716 1821 2799 1872 ὅτι
2829 1819 3051 1882 εἰκότως
3080 1820 3130 1873 οἱ
3162 1820 3414 1891 μαθηταὶ
3443 1820 3576 1871 ἐόλε-

2009 1927 2108 1963 πον
2140 1912 2219 1974 είς
2258 1910 2517 1982 ἀλλήλους
2538 1951 2554 1976 ,
2582 1911 2943 1983 ἀπορούμενοι
2980 1912 3105 1982 περὶ
3131 1911 3279 1975 τίνος
3326 1911 3497 1980 λέγει.
3532 1913 3579 1963 ὐ

2006 2002 2063 2054 δὲ
2091 2003 2304 2065 Λουκᾶς
2337 2002 2675 2073 ἀνέγραψεν,
2712 2003 2794 2056 ὅτι
2819 2043 2834 2068 ,
2866 2002 3109 2066 εἰπόντος
3152 2002 3248 2056 τσῦ
3299 2002 3576 2072 Σωτῆρος·

2013 2110 2032 2141 ί
2070 2091 2214 2162 Πλὴν
2251 2091 2359 2145 ίδοὺ
2399 2093 2432 2162 ἡ
2478 2092 2599 2162 χεὶρ
2645 2091 2740 2143 τοῦ
2770 2091 3152 2160 παραδιδόντος
3189 2107 3258 2162 με
3302 2092 3426 2160 μετ’
3461 2090 3578 2159 ἐμοῦ

2007 2185 2098 2237 ἐπὶ
2130 2184 2228 2256 τῆς
2251 2184 2528 2257 τραπέζης
2546 2201 2559 2214 ·
2587 2187 2615 2238 ό
2646 2184 2743 2255 μὲν
2769 2185 2895 2247 Υἱὸς
2920 2184 3013 2237 τοῦ
3044 2182 3339 2254 ἀνθρώπου
3370 2182 3505 2236 κατά
3529 2181 3578 2234 tit

2006 2278 2307 2351 ὡρισμένον
2334 2279 2486 2352 αὐτῷ
2525 2278 2815 2349 πορεύεται
2836 2296 2850 2309 ⁸
2880 2277 3019 2347 πλὴν
3060 2276 3181 2329 οὐαὶ
3214 2275 3297 2347 τῷ
3324 2275 3580 2347 ἀνθρώπῳ

2008 2372 2199 2442 ἐκείνῳ
2220 2371 2284 2424 δι’
2317 2363 2382 2424 οὗ
2409 2371 2793 2443 παραδίδοται,
2835 2390 2853 2423 ι
2889 2373 2937 2424 οἱ
2974 2369 3211 2441 μαθηταὶ
3242 2366 3484 2439 ἤρξαντο
3512 2385 3580 2419 συ-

2006 2461 2187 2534 ζητεῖν
2221 2463 2357 2532 πρὸς
2380 2462 2607 2525 ἑαυτοὺς
2629 2504 2644 2527 ,
2672 2462 2756 2525 τίς
2786 2461 2893 2531 ἄρα
2918 2458 3002 2528 εἴη
3029 2458 3087 2523 ἐξ
3111 2456 3295 2510 αὐτῶν
3330 2460 3361 2510 ὁ
3392 2455 3581 2526 μέλλων

2004 2553 2162 2606 τοῦτο
2205 2553 2502 2624 πράσσειν·
2550 2553 2875 2624 συνεζήτουν
2915 2550 3023 2622 γὰρ
3056 2549 3430 2620 ἀπορούμενοι
3472 2546 3580 2616 περὶ

2004 2646 2146 2709 τίνος
2172 2645 2338 2714 λέγει.
2388 2644 2548 2698 Ἀλλά
2575 2645 2717 2698 κατά
2759 2646 2857 2714 μὲν
2884 2644 2975 2697 τὸν
3003 2643 3217 2696 Λουκᾶν
3263 2641 3372 2692 οὐκ
3401 2638 3583 2708 ἐμφαὶο

2006 2757 2174 2803 νεται,
2198 2739 2280 2792 ὅτι
2311 2738 2539 2802 ἕκαστος
2572 2738 2667 2791 καὶ
2696 2738 2889 2791 ἑαυτὸν
2919 2735 3133 2788 ὑπενόει
3167 2733 3281 2804 (80)
3306 2748 3319 2759 ·
3353 2730 3494 2784 κατά
3534 2729 3581 2783 δὲ

2005 2830 2095 2883 τὸν
2117 2829 2392 2883 Ματθαῖον
2422 2828 2516 2881 καὶ
2546 2829 2636 2881 τὸν
2663 2829 2888 2898 Μάρκον
2915 2828 3008 2881 καὶ
3032 2823 3190 2878 τοῦτο
3225 2821 3575 2893 amplctimur

2005 2925 2034 2977 ό
2071 2923 2167 2993 μὲν
2195 2922 2303 2995 γάρ
2326 2920 2603 2983 Ματθαῖός
2634 2937 2763 2989 φησι
2783 2936 2797 2949 ·
2840 2937 2859 2970 ι
2893 2920 3002 2973 Καὶ
3031 2916 3369 2987 λυπούμενοι
3397 2911 3578 2982 σφόδρα

332 3008 633 3064 secundum
675 3006 876 3063 Lucam
923 3021 1032 3061 non
1082 3013 1308 3074 apparet
1350 3021 1791 3077 unumquemque
1848 3022 1906 3062 se

2091 3014 2242 3081 ξαντο
2267 3013 2443 3081 λέγειν
2462 3029 2478 3044 ο
2510 3013 2656 3083 Μήτι
2685 3009 2795 3079 ἐγώ
2822 3012 2957 3080 εἰμι,
2986 3007 3157 3076 Κύριε
3186 3024 3200 3071 ;
3246 3026 3264 3057 ι
3298 3007 3329 3057 ό
3361 3005 3421 3058 δὲ
3444 3004 3580 3100 Map-

332 3110 639 3170 suspectum
687 3100 906 3167 habere,
951 3098 1177 3168 perinde
1210 3106 1374 3167 atque
1402 3100 1547 3167 apud
1591 3098 1903 3154 Matthreum

332 3201 388 3247 et
419 3192 681 3256 Marcum,
713 3192 804 3260 qui
838 3190 1014 3260 palam
1055 3190 1160 3245 hoc
1185 3193 1502 3246 ostendunt.
1543 3188 1725 3261 Inquit
1762 3193 1906 3246 enim

335 3284 628 3340 Matthteus
657 3286 715 3338 ἐ
759 3303 778 3336 ι
819 3284 887 3338 Et
922 3283 1081 3338 valde
1124 3285 1305 3339 maesti
1350 3294 1637 3354 coeperunt
1688 3285 1904 3340 dicere:

334 3377 586 3447 Nunquid
617 3391 716 3447 ego
742 3391 885 3440 sum,
912 3374 1176 3431 Domine?
1198 3393 1218 3426 ι
1249 3374 1319 3428 At
1341 3374 1633 3431 Marcus':
1669 3394 1689 3429 ι
1721 3377 1912 3450 Ccepe-

337 3479 463 3525 runt
492 3471 673 3525 moesti
695 3484 838 3534 esse,
874 3478 926 3522 et
952 3468 1138 3522 dicere
1164 3467 1237 3520 illi
1267 3468 1578 3537 singulatim
1609 3486 1624 3523 :
1660 3470 1909 3539 Nunquid

337 3563 475 3633 ego?
503 3575 558 3618 et
591 3563 769 3618 alius:
800 3561 1055 3632 Nunquid
1087 3575 1187 3632 ego
1207 3559 1231 3614 7
1254 3557 1490 3615 iSecum
1519 3561 1662 3616 enim
1695 3570 1910 3631 repete-

337 3658 487 3719 bant,
517 3655 729 3724 opinor,
762 3670 823 3710 se
847 3653 1093 3709 homines
1118 3667 1261 3720 esse,
1302 3661 1355 3705 et
1384 3652 1716 3722 propositum
1736 3655 1914 3708 adhuc

338 3747 741 3817 prolicientium
783 3746 1052 3802 mutabile
1082 3759 1225 3808 esse,
1258 3759 1539 3814 capaxque
1580 3744 1794 3798 volendi
1828 3759 1914 3798 re-

339 3841 631 3911 pugnantia
691 3840 777 3895 his
832 3855 952 3910 qua:
1008 3851 1166 3897 antea
1217 3840 1623 3910 proposuisset,
1663 3838 1914 3894 fortassis

338 3932 502 3985 etiam
530 3932 706 3987 edocti
748 3943 937 3987 contra
990 3949 1112 4002 qua:
1162 3934 1235 3987 sit
1271 3933 1430 3987 nobis
1477 3931 1644 3994 lucta,
1694 3940 1914 4000 propter

340 4025 600 4079 incertum
624 4038 802 4079 rerum
822 4025 1182 4079 humanarum
1205 4025 1434 4091 exitum,
1463 4022 1624 4095 437
1657 4033 1915 4078 verentur

338 4128 407 4169 ne
428 4114 756 4185 quandoque
796 4115 925 4169 victi
979 4114 1270 4169 admittant
1306 4114 1667 4184 proditionem
1697 4114 1763 4168 de
1797 4112 1915 4169 Ma-

2011 3123 2104 3169 κος
2123 3146 2138 3168 ,
2168 3105 2248 3157 ὃτι
2286 3123 2305 3156 ι
2341 3102 2612 3174 Ἤρξαντο
2640 3100 2923 3155 λυπεῖσθαι
2943 3139 2958 3163 ,
2994 3099 3088 3152 καὶ
3113 3096 3297 3164 λέγειν
3331 3092 3481 3163 αὐτῷ
3513 3086 3579 3153 εἷς

2011 3197 2129 3251 καθ’
2162 3197 2290 3250 ένα’
2321 3197 2468 3267 Μήτι
2499 3193 2641 3263 syth;
2674 3195 2767 3247 καὶ
2797 3192 2972 3256 ἄλλος,
2999 3191 3145 3261 Μήτι
3171 3186 3286 3257 ἐγώ
3313 3207 3330 3255 ;
3369 3208 3389 3239 ι
3438 3184 3579 3254 Ἐμέο

2016 3306 2215 3360 μνηντο
2246 3287 2376 3359 γὰρ,
2392 3282 2567 3358 οἶμαι,
2591 3286 2867 3357 ἄνθρωποι
2895 3284 3068 3346 ὅντες,
3092 3282 3175 3334 ὅτι
3207 3280 3425 3351 τρεπτή
3454 3280 3579 3330 ἐστιν

2010 3383 2043 3452 ἡ
2079 3381 2395 3452 προαίρεσις
2417 3377 2524 3431 τῶν
2548 3377 2629 3431 ἔτι
2653 3374 3089 3448 προκοπτόντων,
3113 3372 3208 3425 καὶ
3234 3367 3579 3441 ἐπιδεχομένη

2010 3471 2079 3524 τά
2110 3471 2327 3524 ἐναντία
2370 3468 2543 3522 θέλειν
2569 3462 2651 3530 οἷς
2678 3466 2940 3537 πρότερον
2972 3464 3081 3535 (81)
3131 3460 3400 3534 προέθετο
3420 3475 3433 3487 ·
3463 3458 3581 3525 τάλα

2011 3562 2067 3615 δὲ
2100 3563 2195 3615 καὶ
2232 3561 2493 3633 μαθόντες
2533 3559 2669 3631 πρὸς
2720 3557 2754 3611 ἃ
2782 3560 2915 3629 ἡμῖν
2960 3559 3107 3609 ἐστιν
3152 3557 3185 3625 ἡ
3219 3552 3368 3622 πάλη
3394 3590 3411 3613 ,
3444 3550 3580 3601 εὐλα-

2013 3652 2206 3706 ϐοῦντο
2229 3653 2316 3706 διὰ
2341 3653 2399 3705 τὸ
2429 3653 2486 3704 ἐν
2522 3650 2834 3722 ἀνθρώποις
2864 3649 3078 3721 ἄδηλον,
3110 3648 3323 3718 μήποτε
3355 3641 3583 3714 νικηθέν-

2010 3762 2103 3810 τες
2128 3746 2534 3818 παραδέξωνται
2566 3745 2659 3797 καὶ
2688 3743 2786 3815 τὴν
2814 3742 2905 3797 τοῦ
2924 3740 3250 3795 Διδασκάλου
3282 3737 3576 3810 προδοσίαν·

2013 3839 2108 3893 καὶ
2133 3839 2240 3910 γὰρ
2267 3842 2295 3892 ό
2321 3839 2526 3908 Πέτρος
2556 3837 2815 3909 πρόθεσιν
2838 3836 2935 3907 μὲν
2958 3831 3121 3905 εἶχεν,
3146 3834 3234 3886 ὅτε
3261 3827 3580 3885 διαϐεϐαιού-

2017 3944 2176 3998 μενος
2204 3926 2386 3993 ἔλεγεν
2406 3943 2419 3956 '
2462 3944 2479 3976 ι
2512 3926 2574 3980 Ei
2602 3926 2694 3979 καὶ
2730 3925 2932 3987 πάντες
2961 3920 3508 3992 σκανδαλισθήσονται
3533 3918 3581 3968 ἐν

2015 4023 2118 4087 σοὶ,
2146 4018 2254 4090 ἐγὼ
2286 4021 2346 4073 ού
2374 4018 2922 4089 σκανδαλισθήσομαι,
2954 4036 2972 4068 ι
3016 4017 3090 4087 μὴ
3132 4012 3471 4086 ἀρνήσασθαι
3507 4011 3582 4062 τὸν

2027 4115 2234 4184 Ἰησοῦν
2262 4129 2274 4142 ·
2305 4111 2614 4184 ὲκνικηθεὶς
2641 4111 2698 4164 δὲ
2736 4111 2840 4164 ὑπὸ
2866 4108 2958 4162 τοῦ
2992 4109 3091 4179 τῆς
3118 4106 3322 4170 δειλίας
3359 4104 3580 4173 πνεύμαο

338 4208 545 4278 gistro;
587 4222 823 4275 namque
865 4205 1062 4260 Petrus
1092 4208 1430 4276 propositum
1481 4208 1696 4279 quidem
1751 4209 1917 4263 habe-

2091 4196 2117 4268 ς’
2145 4205 2251 4275 πρὸ
2296 4202 2730 4275 ἀλεκτροφωνίας
2774 4201 2896 4273 τρὶς
2944 4199 3107 4253 αὑτὸν
3152 4199 3449 4268 ἠρνήσατο.
3504 4194 3581 4245 Ἐκ

339 4304 454 4365 hat,
488 4316 611 4355 cum
644 4302 1000 4356 coulirmatus
1026 4298 1243 4352 dicebat
1267 4319 1279 4354 :
1320 4319 1339 4350 ι
1364 4300 1587 4356 Etiamsi
1615 4316 1808 4356 omnes
1832 4300 1915 4355 of-

2015 4297 2124 4351 τῶν
2157 4297 2409 4350 τοιούτων
2437 4297 2500 4370 δὴ
2532 4298 2704 4366 λόγων
2733 4295 3115 4368 διδασκόμεθα,
3139 4296 3244 4359 ὅτι,
3277 4313 3296 4344 ‹
3345 4294 3403 4347 Ὀ
3432 4290 3579 4343 δοκῶν

340 4390 628 4447 fendantur
646 4402 734 4445 tua
753 4407 936 4456 causa,
952 4406 1052 4457 ego
1074 4403 1252 4447 tamen
1271 4406 1545 4461 nunquam
1570 4389 1861 4457 oﬁ'endar',
1883 4409 1902 4444 ο

2091 4391 2235 4445 cavat
2268 4390 2378 4462 (82)
2423 4390 2668 4460 βλεπέτω
2700 4390 2773 4461 μὴ
2805 4389 2948 4461 πέσῃ
2972 4429 2986 4451 ,
3028 4406 3046 4439 ι
3085 4387 3202 4451 καὶ,
3233 4404 3252 4436 ‹
3293 4384 3389 4455 Μὴ
3414 4380 3579 4450 καυχῶ

341 4500 448 4538 non
486 4485 715 4554 negandi
737 4483 919 4540 Jcsum
942 4525 960 4552 ,
989 4494 1045 4540 at
1078 4488 1254 4539 victus
1277 4490 1497 4553 pr0pter
1525 4483 1772 4536 timorem
1804 4482 1914 4552 spi-

342 4577 500 4638 ritus,
541 4589 665 4631 ante
696 4578 818 4648 galli
845 4589 1066 4633 cantum
1102 4588 1186 4633 ter
1210 4592 1334 4631 eum
1371 4575 1608 4646 negavit.
1636 4572 1915 4628 Istiusmo—

342 4668 396 4722 di
449 4668 609 4738 igitur
658 4671 960 4724 rationibus
999 4670 1312 4733 edocemur,
1351 4678 1407 4722 ut
1452 4687 1470 4719 ι
1509 4668 1599 4737 qui
1641 4666 1913 4721 existimat

341 4775 403 4816 se
427 4773 591 4827 stare,
616 4763 800 4818 videat
835 4779 903 4818 ne
926 4764 1088 4820 cadat
1114 4761 1156 4829 ⁸,
1186 4782 1204 4814 ι
1249 4771 1412 4831 atque
1434 4763 1595 4817 etiam
1629 4780 1648 4812 ι
1701 4776 1768 4815 ne
1798 4760 1913 4829 glo-

343 4850 504 4907 rieris
530 4853 597 4907 de
630 4853 715 4907 die
746 4856 1014 4919 crastino,
1065 4854 1285 4924 quando
1332 4855 1511 4908 nescis
1561 4852 1693 4921 quid
1724 4868 1915 4923 super-

344 4955 571 5001 ventura
596 4945 773 5015 pariat
799 4947 913 5002 dies
939 4948 1014 5003 ⁵.»
1048 4947 1304 5003 Fortasse
1347 4961 1476 5001 vero
1523 4947 1690 5001 etiam
1740 4946 1911 5002 illud:

347 5036 751 5092 «Intuehantur
800 5052 922 5093 sese
968 5047 1159 5093 mutuo
1214 5036 1498 5107 discipuli,
1537 5054 1557 5089 ι
1616 5045 1812 5107 praeter
1862 5037 1914 5091 id

413 5184 460 5215 '°
489 5181 632 5237 Psal.
666 5196 812 5245 ωειν,
847 5180 934 5234 15.
1009 5181 1055 5212 ⁸⁷
1079 5181 1210 5236 ibid.
1283 5181 1331 5216 ⁸⁸
1358 5181 1489 5237 ibid.
1538 5180 1627 5235 M.
1701 5180 1745 5213 ⁹⁹
1772 5180 1904 5236 Luc.

413 5254 597 5307 Matth.
625 5251 887 5307 κκιν.53.
988 5250 1011 5282 ⁸
1046 5253 1065 5306 1
1103 5251 1231 5307 Cor.
1277 5268 1337 5307 x.
1362 5251 1450 5307 12.
1549 5253 1571 5284 '
1605 5253 1767 5306 Prov.
1808 5267 1914 5306 xxv

2117 5181 2206 5247 2|,
2229 5181 2320 5237 25.

344 5255 363 5284 ³
406 5254 597 5308 Matth.
625 5251 887 5319 κκιν,53.
988 5250 1011 5282 ⁸
1046 5253 1065 5306 1
1103 5251 1231 5307 Cor.
1277 5268 1337 5315 x.
1362 5251 1450 5308 12.

417 5388 528 5454 ('79)
563 5383 693 5452 Τοῖς
713 5384 1025 5455 οἰομένοις.
1053 5382 1471 5441 Valentinianis.

418 5458 527 5526 (δυ)
554 5458 734 5511 Codex
792 5457 1114 5511 Bodleianns
1154 5465 1299 5509 recte
1350 5457 1509 5511 habet
1541 5455 1782 5525 ὑπενόει,
1814 5470 1914 5526 pro

350 5525 458 5594 quo
489 5536 707 5596 tantum
738 5526 939 5596 legitur
975 5527 1028 5580 itt
1057 5525 1248 5596 Regio,
1273 5526 1403 5581 νόει.

422 5595 709 5671 (85)_Idem
732 5594 904 5671 codex
948 5594 1302 5671 Bodleianus,
1331 5598 1558 5669 Optime,
1603 5594 1684 5663 οἷς
1716 5598 1922 5671 πρότε.,

350 5672 444 5733 (30v
472 5680 483 5692 ·
519 5665 737 5735 Regius,
771 5668 930 5733 male,
955 5668 1034 5733 εἰς
1062 5667 1345 5733 πρότερον.

2018 4484 2086 4538 τὰ
2121 4486 2200 4547 είς
2234 4482 2424 4557 αὔριον
2445 4501 2462 4516 ·
2491 4483 2552 4536 οὐ
2577 4483 2684 4554 γὰρ
2725 4478 2873 4545 οἶδας
2900 4481 2952 4535 τί
2976 4478 3186 4546 τέξεται
3219 4480 3254 4549 ἡ
3282 4476 3522 4529 ἐπιοῦσα.
3560 4490 3573 4519 ι

2018 4577 2172 4648 Τάχα
2194 4577 2251 4630 δὲ
2280 4578 2374 4630 καὶ
2398 4577 2477 4629 τόο
2503 4574 2802 4628 ι”ιιζὸλεπον
2827 4577 2906 4637 εἰς
2923 4572 3184 4644 ἀλλήλους
3209 4573 3259 4625 οἱ
3289 4567 3534 4641 μαθηταὶ,
3560 4584 3573 4611 ι

2019 4668 2155 4741 πρὸς
2181 4668 2259 4739 τῷ
2288 4668 2651 4738 ἁπλούστερον
2676 4665 2947 4736 νοουμένῳ
2970 4664 3064 4718 καὶ
3091 4662 3330 4717 τοιοῦτόν
3350 4679 3401 4715 τι
3431 4659 3579 4731 δηλοῖ,

2019 4760 2100 4812 ὃτι
2126 4760 2357 4823 ἕκαστος
2376 4758 2512 4812 κατὰ
2534 4761 2593 4813 τὸ
2617 4758 2842 4813 δυνατὸν
2864 4755 3176 4828 ἀνθρωπίνῃ
3210 4754 3372 4823 φύσει
3398 4751 3577 4819 ἐνεώρα

2021 4855 2099 4915 εἰς
2131 4853 2229 4923 τὴν
2267 4850 2583 4923 προαίρεσιν
2610 4850 2703 4904 τοῦ
2742 4850 2952 4920 ἑτέρου,
2977 4846 3272 4917 ὲπαπορῶν
3302 4848 3353 4898 εἰ
3381 4845 3575 4898 δύναται

2022 4948 2056 5017 ἡ
2085 4945 2306 5001 τοιαῦτα
2336 4943 2588 5015 πράξασα
2614 4943 2780 5015 ψυχὴ,
2816 4944 2909 4996 καὶ
2930 4941 3072 4995 οὕτω
3097 4938 3234 5012 πρὸς
3270 4939 3362 4992 τὸν
3395 4933 3573 5008 ἀψευδῆ

2003 5037 2351 5091 ’Διδάσκαλον
2382 5036 2689 5091 διατεθεῖσα
2723 5033 2939 5105 ἀληθῶς
2975 5032 3399 5104 μαρτυρήσαντα
3434 5030 3489 5081 ἐν
3514 5023 3575 5094 τῷ

2428 5179 2665 5234 IMatth.
2718 5193 2867 5245 xxvi,
2899 5175 2991 5230 22.
3099 5175 3122 5206 ³
3167 5174 3447 5236 Marcauv,
3500 5168 3568 5224 l9.

2091 5384 2203 5455 (82)
2245 5385 2387 5450 Ὅτι,
2426 5401 2448 5436 ι
2491 5381 2768 5455 Ὁςδοκῶν
2796 5374 3339 5455 eatdrat,_etc._Sie
3376 5369 3568 5455 sanitati

2023 5438 2463 5512 restit'uitttr'ltic
2494 5454 2647 5508 locus
2682 5469 2782 5522 ope
2815 5438 3176 5522 manuscripti
3211 5444 3491 5522 Bodleiani.
3525 5438 3567 5522 l'tt

2028 5509 2489 5597 Regiowmendose
2540 5509 2756 5597 legitur,
2790 5524 2819 5576 ό
2853 5524 3068 5596 στήκων
3097 5509 3350 5591 ’βλεπέτω
3380 5515 3450 5586 μὴ
3494 5509 3571 5567 nio

2037 5595 2134 5672 σῃ,
2159 5597 2253 5652 καὶ⁹
2290 5596 2365 5669 μὴ
2399 5596 2459 5649 ού
2493 5595 2629 5669 γάρ,
2648 5604 2753 5650 etc.
2941 5595 2944 5596 ⁷
3597 5613 3603 5617 λ
