3712 6138
115 273 220 332 797
1167 275 1523 332 COMMENT.
1562 275 1626 330 IN
1657 274 1851 332 JOAN.
1888 272 2127 331 TOMUS
2166 275 2378 330 litim.
3279 276 3377 331 793

122 390 395 461 εἰρηκέναι
418 404 431 420 ο
456 388 709 461 (Ἀμὴν,
741 388 887 461 ἀμὴν
911 388 1053 459 λέγω
1082 390 1233 459 ὑμῖν,
1256 390 1338 443 ὅτι
1359 385 1437 454 εἷς
1462 390 1522 454 ἐξ
1550 391 1579 441 ὑ

1910 389 1949 442 ιιι
1977 388 2296 457 simpliciter
2320 385 2659 456 intelligitur,
2697 385 2806 441 tale
2837 385 3090 456 quiddam
3113 386 3376 445 declarat.

124 479 426 550 παραδώσει
479 498 568 552 με,
607 501 625 531 ι
657 482 749 534 snt
804 479 1055 535 τοσοῦτον
1114 483 1390 554 τραπῆναι
1441 483 1534 535 καὶ
1582 485 1590 532 i

1909 480 1954 532 id
1988 480 2355 548 unusquisque
2396 479 2551 546 juxta
2600 477 2743 531 vires
2788 477 3039 531 humanze
3079 487 3287 533 natura:
3323 482 3375 532 in

115 572 373 628 λαθέσθαι
408 572 518 626 τῶν
545 572 642 626 τοῦ
691 574 1022 629 Διδασκάλου
1075 575 1444 647 μαθημάτων,
1482 574 1558 638 ὡς

1914 570 2143 639 positum
2171 571 2396 625 alterius
2420 572 2742 635 intueretur,
2774 568 3098 624 addubitans
3117 586 3183 623 an
3208 572 3380 641 possit

121 666 209 719 int
253 665 355 736 τὴν
377 665 661 736 προδοσίαν
703 665 867 719 αὑτοῦ
911 667 1114 736 φθάσαι
1140 685 1153 699 ο
1190 666 1497 738 ὲμφαντικὴ
1529 667 1587 735 γά

1912 679 1989 719 ma
2027 679 2144 732 qum
2179 663 2305 717 talia
2339 664 2627 733 peregerit,
2665 673 2718 717 et
2747 662 2827 717 sic
2851 660 3051 717 affecta
3105 678 3230 733 erga
3286 680 3378 717 ve-

122 758 242 828 περὶ
268 757 375 810 τῶν
401 756 658 829 μαθητῶν
676 756 819 823 λέξις
851 759 905 829 ή,
934 776 954 811 ι
978 757 1366 829 Ἀπορούμενοι
1401 756 1529 826 περὶ
1556 773 1587 808 τ

1909 771 1985 810 em
2013 754 2349 824 Magistrum,
2385 756 2479 823 qui
2506 769 2633 810 vere
2659 762 2887 809 testatus
2916 754 3078 808 fuerit
3104 755 3335 810 dicendo
3359 773 3375 810 :

114 848 295 918 λέγει·
339 868 358 900 ι
407 848 468 901 οὐ
509 847 618 919 γὰρ
661 848 923 919 εὐπόρουν
966 848 1217 919 ἐννοῆσαι
1270 848 1398 918 περὶ
1446 845 1580 909 τίνος

1912 862 2068 909 men,
2099 861 2256 899 amen
2282 846 2406 899 dico
2436 846 2609 907 vobis,
2639 845 2784 914 quod
2817 861 2960 899 unus
2990 860 3054 898 ex
3084 846 3241 899 vobis
3291 860 3378 899 me

123 939 511 1011 προειρημένον
545 936 643 1011 ἦν·
683 939 797 993 ἀλλ’
844 935 983 1010 ἦσαν
1012 940 1141 1011 περὶ
1165 939 1357 994 τούτου
1383 938 1589 1011 ἀπορού

1906 937 2120 991 diturus
2144 948 2248 1000 est,
2281 956 2300 988 ι
2329 952 2381 990 ιιι
2415 945 2622 991 tantum
2673 938 2974 999 immutari,
3022 948 3074 991 et
3130 938 3372 992 oblivisci

118 1046 227 1091 χοι,
262 1028 358 1082 καὶ
409 1028 560 1081 οὐδὲν
604 1027 728 1082 οὔτε
762 1031 900 1082 νοεῖν
921 1064 936 1093 ,
966 1026 1094 1081 οὔτε
1128 1028 1309 1097 λέγειν
1346 1029 1516 1100 σαφὲς
1547 1046 1584 1082 et

1908 1029 2169 1083 triuarum
2198 1028 2462 1100 Magistri,
2498 1038 2556 1083 ut
2588 1027 2655 1082 ad
2693 1043 2815 1083 eum
2873 1028 3194 1083 tradendum
3245 1043 3374 1098 per-

123 1137 359 1184 τκοντες.
982 1156 983 1161 η
1801 1122 2052 1177 venirent
2095 1143 2106 1177 :
2156 1123 2437 1190 emphasin
2503 1124 2647 1176 enim
2704 1123 2868 1177 habet
2922 1121 3088 1176 dictio
3143 1122 3257 1175 hzec
3305 1122 3377 1175 de

120 1215 417 1285 discipulis,
475 1233 496 1268 ι
554 1214 866 1271 dubitantes
918 1215 986 1270 de
1039 1229 1147 1285 quo
1200 1214 1436 1279 diceret,
1484 1235 1504 1267 ι
1569 1230 1674 1270 non
1726 1215 1869 1269 enim
1960 1216 2237 1271 habebant
2288 1217 2496 1285 ecpiam
2563 1217 2833 1286 cogitandi
2886 1216 2970 1271 cui
3047 1224 3379 1285 competeret

122 1308 258 1381 quod
294 1307 611 1377 pnedietum
683 1307 889 1371 fuerat,
918 1310 1011 1362 sed
1051 1308 1117 1360 de
1152 1307 1253 1363 hoc
1297 1307 1636 1371 dubitabant,
1677 1307 1814 1361 nihil
1859 1318 2104 1375 apertum
2161 1308 2245 1362 Vel
2281 1309 2522 1378 cogitare
2573 1309 2658 1362 vel
2700 1308 2882 1363 dicere
2917 1308 3268 1362 invenientes.

187 1401 269 1455 15.
304 1392 446 1454 ιἾῙν
474 1400 834 1468 ἀνακείμενος
870 1394 950 1462 εἷς
980 1401 1049 1453 ἐκ
1093 1398 1202 1453 τῶν
1246 1398 1503 1471 μαθητῶν
1534 1399 1653 1452 αὐτ(

1914 1400 1967 1454 5.
2002 1420 2021 1451 ‹
2055 1400 2185 1454 Erat
2210 1411 2391 1453 autem
2424 1415 2563 1456 unus
2595 1415 2661 1454 ex
2693 1400 2972 1471 discipulis
3003 1399 3128 1455 Jesu
3164 1416 3373 1455 recum-

111 1495 175 1547 ἐν
197 1488 276 1562 τῷ
306 1489 492 1560 κόλπῳ
518 1490 613 1543 τοῦ
651 1488 825 1560 Ἰησοῦ
847 1530 861 1552 ,
894 1489 953 1543 ὃν
978 1490 1170 1559 ἠγάπα
1198 1491 1226 1543 6
1275 1488 1500 1560 Ἰησοῦς.
1536 1489 1577 1541 Ν

1915 1492 2019 1547 sin
2048 1491 2170 1546 sinu
2221 1493 2411 1560 ipsius,
2455 1506 2616 1561 quem
2666 1490 2923 1560 diligebat
2968 1490 3148 1546 Iesus.
3194 1493 3376 1547 Iunuit

112 1578 204 1638 οὖν
232 1582 407 1653 τούτῳ
440 1583 622 1654 Σίμων
650 1582 857 1655 Πέτρος
879 1625 894 1649 ,
924 1585 1017 1637 καί
1049 1583 1196 1653 λέγει
1239 1583 1420 1654 αὐτῷ·
1451 1584 1578 1637 Εἰπὲ

1910 1599 1930 1636 ι
1964 1583 2089 1637 huic
2122 1583 2307 1637 Simon
2339 1582 2556 1648 Petrus,
2580 1593 2633 1636 et
2654 1582 2796 1636 dixit
2819 1582 2891 1649 ei,
2919 1593 2977 1636 ut
3002 1584 3376 1638 sciscitaretur

114 1681 225 1732 ἐστι
255 1676 387 1747 περὶ
413 1670 476 1730 οῦ
505 1675 673 1745 λέγει.
714 1675 1026 1729 Ἀναπεσὼν
1056 1677 1263 1741 ἐκεῖνος
1287 1676 1382 1729 ἐπὶ
1414 1676 1474 1730 τὸ
1506 1676 1699 1747 στῆθος

113 1767 202 1821 τοῦ
244 1767 443 1839 Ἰησοῦ,
473 1767 621 1837 λέγει
650 1768 797 1839 αὑτῷ
816 1786 830 1798 ·
867 1768 1072 1841 Κύριε,
1096 1768 1180 1832 τίς
1211 1771 1361 1822 ἐστιν
1387 1785 1401 1833 ;
1441 1769 1699 1841 Ἀποκρί-

116 1876 255 1914 νεται
279 1855 375 1915 οὖν
402 1862 433 1913 ὁ
474 1859 683 1932 Ἰησοῦς
706 1878 719 1891 ·
771 1861 1011 1925 Ἐκεῖνός
1047 1863 1194 1915 ἐστιν
1313 1861 1424 1932 ἐγὼ
1455 1861 1610 1932 βάψω
1639 1862 1700 1915 τὸ

111 1949 335 2027 ψωμίον.
374 1948 564 2019 Βάψας
588 1948 680 2003 οὖν
712 1951 772 2004 τὸ
801 1949 1014 2022 ψωμίον
1046 1951 1334 2023 λαμϐάνει,
1361 1952 1457 2005 καὶ
1482 1952 1698 2005 δίδωσιν

124 2037 287 2110 Ἰούδᾳ
312 2038 519 2109 Σίμωνι
561 2038 883 2112 Ἰσκαριώτῃ
914 2038 1024 2111 (85)
1048 2058 1063 2072 ο
1095 2042 1190 2095 καὶ
1231 2040 1368 2112 μετά
1397 2042 1461 2095 τὸ
1480 2041 1695 2111 ψωμίον

114 2127 228 2182 τότε
256 2127 510 2198 εἰσῆλθεν
537 2130 616 2192 εἰς
654 2130 863 2183 ἐκεῖνον
893 2132 922 2184 6
948 2130 1211 2194 Σατανᾶς.
1243 2131 1406 2201 Λέγει
1432 2128 1524 2185 οὖν
1550 2131 1699 2203 αὐτῷ

121 2222 151 2275 6
171 2220 375 2293 Ἰησοῦς
401 2239 417 2252 ο
446 2222 511 2275 Ὃ
535 2224 725 2287 ποιεῖς,
751 2223 979 2294 ποίησον
1008 2224 1213 2295 τάχιον.
1241 2224 1412 2279 Τοῦτο
1437 2225 1495 2278 δὲ
1526 2225 1699 2289 οὐδεὶς

117 2321 250 2380 ἔγνω
266 2315 378 2368 τῶν
407 2316 780 2387 ἀνακειμένων
803 2317 939 2388 πρὸς
969 2318 1020 2371 τί
1045 2314 1196 2372 εἶπεν
1218 2318 1366 2390 αὐτῷ
1381 2336 1394 2349 ·
1420 2318 1565 2381 τινὲς
1589 2318 1697 2391 γὰρ

118 2401 348 2471 ἐδόκουν,
367 2406 495 2460 ἐπεὶ
521 2407 583 2460 τὸ
610 2407 995 2480 γλωσσόκομον
1023 2405 1168 2479 εἶχεν
1200 2409 1419 2473 Ἰούδας,
1445 2411 1526 2463 ὅτι
1550 2409 1698 2477 λέγει

117 2495 256 2569 αὐτῷ
299 2498 541 2571 Ἰησοῦςι
586 2499 879 2572 Ἀγόρασον
921 2493 996 2555 ὧν
1029 2502 1220 2573 χρείαν
1265 2501 1460 2573 ἔχομεν
1489 2503 1569 2565 εἰς
1598 2501 1698 2573 τὴν

117 2587 299 2660 ἑορτήν
317 2605 331 2618 ·
362 2588 399 2659 ἢ
432 2592 546 2653 τοῖς
570 2592 804 2662 πτωχοῖς
842 2591 929 2644 ἵνα
953 2609 1005 2645 τι
1045 2592 1141 2663 δῷ.
1176 2612 1196 2644 ι
1237 2594 1297 2646 '0
1322 2595 1379 2646 ὲν
1406 2593 1485 2663 τῷ
1513 2591 1698 2663 κόλπῳ

114 2679 206 2734 τοῦ
248 2680 424 2752 Ἰησοῦ
454 2682 813 2754 ἀνακείμενος
846 2678 926 2748 εἷς
962 2685 1071 2739 τῶν
1116 2685 1392 2757 μαθητῶν,
1418 2685 1477 2740 ὃν
1507 2686 1697 2757 ἠγάπα

123 2775 147 2826 6
176 2771 397 2845 Ἰησοῦς,
423 2772 598 2829 ἔοικεν
622 2775 651 2827 6
672 2774 888 2847 γράψας
909 2776 969 2829 τὸ
994 2777 1176 2846 Εὐαγγ
1186 2778 1324 2832 έλιον
1343 2775 1482 2832 εἶναι
1513 2779 1697 2833 Ἰωάνο

1803 1676 1924 1742 quis
1964 1686 2110 1729 esset
2157 1675 2223 1729 de
2268 1689 2379 1745 quo
2435 1674 2767 1743 loqueretur.
2807 1673 2995 1745 Itaque
3037 1690 3159 1730 cum
3220 1691 3377 1730 recti.-

1800 1765 2007 1821 buisset
2047 1764 2136 1819 ille
2189 1781 2353 1835 super
2393 1774 2587 1835 pectus
2628 1762 2778 1829 Jesu,
2827 1766 2958 1820 dicit
2984 1766 3075 1821 ei:
3123 1766 3372 1831 Domine,

1800 1859 1923 1925 quis
1944 1859 2066 1913 est?
2087 1858 2383 1929 Respondit
2415 1855 2610 1911 Jesus:
2640 1858 2733 1913 Ille
2749 1868 2829 1912 est
2850 1860 2933 1913 cui
2958 1874 3060 1930 ego
3087 1860 3373 1915 intinctam

1800 1950 2016 2007 ollulam
2048 1966 2363 2022 porrexero.
2397 1951 2464 2004 Et
2492 1967 2616 2006 cum
2666 1952 2973 2008 iutinxissct
3001 1952 3238 2019 ollulam,
3274 1954 3372 2008 de-

1800 2045 1879 2098 dit
1908 2048 2052 2098 tllam
2092 2042 2245 2099 Iuda:
2279 2042 2485 2097 Simoni
2534 2042 2842 2100 lscariolte:
2891 2054 2946 2099 et
2988 2055 3110 2116 post
3156 2046 3371 2101 offulam

1800 2136 2078 2203 ingressus
2102 2146 2188 2191 est
2221 2138 2274 2190 in
2307 2152 2432 2191 eum
2468 2138 2715 2192 Satanas.
2744 2138 2882 2193 Dicit
2914 2140 3078 2209 igitur
3105 2143 3153 2195 ei
3179 2139 3373 2195 Jesus:

1800 2227 1951 2293 Quod
1988 2226 2140 2288 facis.
2168 2228 2253 2283 [ac
2283 2228 2455 2284 ocius.
2491 2228 2607 2283 Hoc
2632 2237 2813 2284 autem
2846 2245 3007 2285 nemo
3030 2232 3375 2286 discumben-

1802 2321 1937 2373 tium
1966 2320 2308 2388 intelligebat
2338 2323 2404 2375 ad
2438 2320 2570 2389 quid
2601 2321 2649 2374 ei
2681 2321 2949 2377 dixisset:
2979 2323 3201 2392 quidam
3229 2325 3375 2377 enim

1799 2412 2066 2482 putabant
2089 2413 2213 2480 quia
2245 2413 2453 2469 loculos
2483 2413 2721 2468 habebat
2747 2412 2936 2481 Judas,
2970 2415 3175 2470 dixisse
3200 2416 3247 2469 ei
3284 2414 3377 2469 Je-

1798 2519 1917 2559 sum
1935 2510 1953 2559 ἐ
1974 2504 2105 2559 Eme
2125 2518 2187 2558 ea
2217 2519 2339 2574 qua:
2365 2520 2507 2577 opus
2536 2516 2666 2562 sunt
2691 2507 2849 2562 nobis
2883 2508 2948 2559 ad
2985 2507 3127 2560 diem
3152 2505 3374 2572 festum,

1799 2606 1893 2650 aut
1934 2597 2121 2667 egenis
2152 2606 2209 2651 ut
2242 2598 2444 2666 aliquid
2471 2599 2631 2654 daret
2658 2600 2700 2654 °.
2732 2617 2751 2650 ι
2784 2598 2876 2653 llle
2899 2597 2991 2667 qui
3022 2599 3074 2652 in
3105 2599 3222 2653 sinu
3247 2598 3373 2654 Jesu

1798 2698 1915 2744 erat
1940 2689 2284 2756 recumbens,
2316 2706 2456 2746 unus
2495 2706 2561 2746 ex
2594 2690 2899 2758 discipulis,
2927 2704 3088 2759 quem
3119 2690 3376 2760 diligebat

1798 2779 1977 2848 Jesus,
2025 2782 2238 2837 videtur
2284 2798 2406 2837 esse
2442 2782 2680 2838 Joannes
2711 2784 2799 2853 qui
2836 2782 3190 2851 Evangelium
3237 2785 3375 2836 scri-

126 2885 213 2938 νης
230 2886 243 2899 ·
276 2869 368 2922 ἐπὶ
387 2869 500 2940 γάρ
536 2868 615 2940 τῷ
641 2869 783 2923 τέλει
807 2869 900 2924 τοῦ
930 2870 1262 2951 Εὐαγγελίου
1290 2871 1592 2943 γέγραπται

1906 2913 1939 2938 ,,
1984 2873 2131 2943 quod
2176 2874 2227 2927 in
2272 2873 2378 2928 line
2405 2874 2686 2943 Evangelii
2729 2874 2988 2942 scriptum
3038 2875 3109 2928 sit
3140 2874 3283 2927 hunc
3320 2874 3372 2927 iu

129 2981 146 3011 ι
167 2961 548 3033 Ἐπιστραφεὶς
568 2964 596 3015 6
616 2962 819 3035 Πέτρος
842 2962 1029 3033 βλέπει
1051 2963 1139 3017 τὸν
1165 2964 1411 3035 μαθητὴν
1425 2963 1486 3018 ὃν
1506 2964 1697 3034 ἠγάπα

126 3047 153 3097 6
177 3047 373 3119 Ἰησοῦς
387 3050 805 3115 ἀκολουθοῦντα,
820 3051 879 3116 ὃς
905 3054 999 3106 καὶ
1028 3053 1290 3106 ἀνέπεσεν
1315 3056 1372 3107 ὲν
1395 3053 1474 3126 τῷ
1499 3054 1699 3125 δείπνῳ

124 3139 207 3193 ἐπὶ
235 3140 292 3195 τὸ
336 3141 534 3213 στῆθος
564 3141 729 3196 αὑτοῦ
748 3183 762 3207 ,
798 3144 893 3198 καὶ
938 3140 1091 3198 εἷπε·
1131 3146 1304 3218 Κύριε
1325 3186 1340 3211 ,
1384 3146 1469 3211 τίς
1495 3149 1641 3201 ἐστιν
1671 3150 1701 3202 6

125 3231 435 3303 παραδιδούς
469 3249 568 3299 σε;
598 3234 798 3288 Τοῦτον
832 3230 927 3289 οὖν
952 3236 1075 3291 ἰδὼν
1106 3239 1134 3290 ὁ
1164 3238 1368 3309 Πέτρος
1387 3281 1402 3304 ,
1435 3238 1582 3307 λέγει
1622 3240 1700 3311 τῷ

133 3323 297 3395 Ἰησοῦ
317 3343 330 3356 '
366 3326 570 3398 Κύριε,
606 3321 757 3391 οὗτος
783 3328 843 3380 δὲ
867 3329 920 3381 τί
947 3346 961 3395 ;
996 3329 1159 3399 Λέγει
1210 3331 1358 3401 αὑτῷ
1384 3332 1413 3383 6
1456 3332 1662 3404 Ἰησοῦς
1681 3351 1693 3364 °

135 3417 252 3473 Ἐἀν
274 3419 435 3474 αὐτὸν
467 3420 604 3473 θέλω
634 3421 814 3492 μένειν
845 3421 949 3485 ἕως
974 3421 1224 3494 ἔρχομαι,
1251 3424 1305 3477 τί
1333 3422 1468 3494 πρὸς
1498 3425 1595 3491 σέ;
1624 3424 1696 3478 Σύ

132 3526 212 3580 μοι
235 3511 535 3567 ἀκολούθει.
571 3512 822 3586 Ἐξῆλθεν
841 3508 933 3567 οὖν
954 3515 983 3567 6
1003 3514 1160 3583 λόγος
1172 3518 1251 3579 εἰς
1271 3515 1399 3579 τοὺς
1418 3516 1696 3586 ἀδελφοὺς,

125 3602 202 3655 ὅτι
227 3605 254 3656 6
282 3603 532 3676 μαθητὴς
577 3605 782 3667 ἐκεῖνος
813 3603 913 3657 οὐκ
950 3604 1312 3677 ἀποθνήσκει·
1339 3607 1439 3660 οὐκ
1475 3602 1597 3660 εἷπε
1641 3607 1700 3661 δὲ

122 3694 261 3766 αὐτῷ
286 3697 315 3749 6
350 3695 581 3768 Ἰησοῦς,
609 3696 829 3750 ὅτι’οὑκ
858 3696 1210 3769 ἀποθνήσκει,
1233 3697 1506 3751 ἀλλ”Ἐάν
1536 3697 1698 3751 αὐτὸν

125 3786 250 3840 θέλω
283 3789 465 3860 μένειν
491 3788 598 3850 ἓως
626 3788 947 3859 ἐρχομαι,τί
970 3788 1106 3861 πρὸς
1136 3790 1195 3843 σέ
1219 3807 1234 3857 ;
1266 3810 1285 3840 ι
1315 3791 1434 3844 Ὅτι
1460 3790 1518 3843 δὲ
1546 3793 1575 3844 6
1603 3809 1700 3860 μα-

124 3876 282 3952 θητὴς
307 3875 465 3944 οὗτος
491 3883 521 3934 ὁ
541 3879 760 3952 γράψας
780 3880 842 3933 τὸ
882 3880 1210 3949 Εὐαγγέλιον
1253 3882 1503 3953 Ἰωάννης
1527 3883 1693 3947 ἐστὶν,

120 3971 267 4042 δῆλον
286 3973 351 4026 ὲκ
369 3972 482 4026 τῶν
505 3972 935 4043 ἐπιφερομένων,
960 3973 1132 4039 οὕτως
1155 3973 1386 4045 ἑχόντων
1400 3990 1415 4006 ·
1445 3974 1527 4027 ὅτι
1557 3992 1575 4025 ι
1602 3964 1699 4026 Οὗ-

122 4064 207 4128 ιιός
240 4068 385 4120 ἐστιν
424 4068 454 4120 6
501 4064 749 4138 μαθητὴς
775 4069 805 4120 6
847 4067 1141 4141 μαρτυρῶν
1165 4069 1293 4140 περὶ
1327 4067 1535 4122 τούτων
1557 4108 1571 4134 ,
1604 4068 1698 4121 καὶ

123 4156 329 4227 γράψας
366 4158 562 4212 ταῦτα.
605 4177 625 4210 ι
669 4160 985 4233 Παρατήρει
1029 4161 1087 4214 δὲ
1126 4163 1184 4214 ὲν
1216 4161 1546 4232 ἀμφοτέροις
1582 4162 1697 4225 τοῖς

1799 2965 2018 3018 modum
2035 2965 2090 3017 τε
2124 2983 2144 3016 ι
2167 2964 2475 3020 Conversus
2499 2963 2689 3020 Petrus
2711 2966 2855 3019 videt
2881 2965 3030 3019 illum
3051 2966 3373 3033 discipulum

1798 3070 1959 3124 quem
2008 3056 2267 3124 diligebat
2303 3055 2483 3120 Jesus,
2505 3066 2843 3126 sequentem,
2892 3057 2982 3125 qui
3030 3066 3085 3110 et
3126 3058 3377 3112 recubuit

1801 3148 1855 3202 in
1893 3161 2046 3202 omna
2079 3162 2243 3217 super
2271 3159 2461 3216 pectus
2490 3146 2629 3215 ejus,
2666 3157 2721 3202 et
2755 3148 2930 3202 dixit:
2970 3149 3214 3215 Domine,
3254 3151 3375 3218 quis

1799 3250 1881 3295 est
1900 3239 1989 3294 ille
2012 3239 2087 3292 tui
2117 3239 2399 3307 proditor?
2427 3238 2581 3294 Hunc
2604 3254 2736 3308 ergo
2765 3255 2886 3293 cum
2907 3240 3129 3296 vidisset
3158 3241 3373 3307 Petrus,

1799 3331 1932 3386 dicit
1953 3328 2116 3385 Jesu:
2145 3328 2312 3401 438
2364 3329 2616 3395 Domine,
2666 3331 2756 3385 hic
2794 3340 2979 3385 autem
3029 3332 3196 3400 quid?
3235 3332 3377 3386 Dicit

1798 3422 1848 3476 ei
1880 3421 2035 3477 Jesus
2061 3436 2075 3474 :
2107 3420 2163 3476 Si
2185 3436 2309 3475 eum
2333 3421 2491 3474 velim
2517 3437 2760 3489 manere,
2794 3425 2965 3477 donec
2993 3423 3375 3493 veniam,quid

1801 3514 1867 3567 ad
1908 3514 1999 3568 te?
2028 3512 2106 3566 Tu
2140 3528 2225 3567 me
2256 3527 2505 3583 sequere.
2534 3513 2683 3567 Exiit
2715 3528 2847 3581 ergo
2874 3529 3059 3568 sermo
3096 3515 3187 3568 ille
3231 3516 3375 3570 inter

1800 3605 2016 3668 fratres,
2048 3606 2191 3674 quod
2223 3605 2523 3675 discipulus
2551 3605 2639 3660 ille
2667 3622 2773 3661 non
2811 3618 3148 3671 moreretur,
3185 3614 3241 3659 et
3267 3619 3370 3659 non

1799 3698 2009 3752 dixerat
2037 3698 2084 3751 ei
2135 3696 2328 3752 Jesus:
2365 3696 2484 3751 Non
2530 3698 2790 3762 moritur,
2834 3698 2927 3751 sed
2969 3698 3016 3750 si
3055 3697 3215 3751 velim
3250 3711 3377 3750 eum

1800 3804 2045 3853 manere,
2078 3790 2251 3844 donec
2288 3790 2526 3854 veniam,
2556 3788 2685 3858 quid
2719 3792 2784 3842 ad
2815 3789 2905 3842 te?
2933 3806 2954 3840 ι
2991 3788 3146 3855 Quod
3193 3799 3372 3842 autem

1800 3880 2097 3950 discipulus
2124 3880 2227 3935 iste
2249 3882 2340 3950 qui
2369 3881 2594 3950 scripsit
2619 3881 2992 3950 Evangelium,
3017 3883 3090 3936 sit
3111 3880 3374 3942 Joannes,

1799 3974 1975 4043 liquet
2012 3989 2079 4028 ex
2109 3973 2197 4028 his
2226 3989 2347 4043 qua:
2375 3974 2783 4043 subiunguntur
2802 3974 2859 4025 8:
2915 3989 2935 4023 ι
2969 3972 3067 4026 ilic
3096 3982 3181 4026 est
3211 3972 3375 4027 disci-

1799 4066 1963 4134 pulus
1992 4065 2080 4139 ιιιι
2105 4067 2198 4135 qui
2229 4065 2599 4119 testimonium
2618 4064 2864 4133 perhibet
2890 4064 2956 4117 de
2982 4064 3066 4118 his
3083 4072 3137 4117 et
3157 4063 3379 4133 scripsit

1801 4160 1972 4213 haec.»
2024 4158 2264 4214 Observa
2298 4170 2478 4211 autem
2524 4158 2578 4211 in
2632 4158 2876 4226 utrisque
2912 4156 3184 4226 Evangelii
3217 4156 3375 4222 locis,

123 4248 295 4315 τόποις
318 4250 413 4305 τοῦ
456 4251 793 4319 Εὐαγγελὶου
824 4253 948 4306 τίνα
978 4253 1179 4325 τρόπον
1222 4253 1251 4304 6
1275 4252 1481 4323 Πέτρος
1505 4252 1581 4316 ὡς

1906 4264 2034 4304 nam
2060 4260 2217 4318 pacto
2240 4250 2437 4304 Petrus
2453 4249 2598 4303 velut
2615 4248 3068 4318 quamplurimum
3087 4248 3160 4302 illi
3182 4248 3372 4313 ﬁdens,

126 4338 294 4394 πλεῖον
335 4341 488 4413 αὐτῷ
526 4340 746 4414 θαρρῶν
767 4383 782 4408 ,
819 4342 912 4396 καὶ
962 4340 1387 4413 ἀναηκλιμένος
1417 4339 1525 4413 (84)
1563 4341 1696 4394 ὅπου

129 4430 220 4500 μὲν
240 4433 380 4487 νεύει
410 4434 598 4504 αὐτῷ,
634 4423 728 4488 καὶ
769 4434 953 4504 λέγει·
996 4452 1016 4485 ι
1050 4434 1147 4497 Τίς
1187 4436 1303 4487 ἐστι
1329 4432 1440 4505 (85)
1473 4433 1600 4505 περ)⁵
1636 4428 1696 4489 οὗ

125 4523 152 4574 6
184 4524 378 4594 Ἰησοῦς
412 4524 785 4597 προδώσοντός
822 4543 1028 4597 φησιν;
1065 4544 1085 4578 ι
1115 4526 1248 4579 ὅπου
1274 4526 1331 4579 δὲ
1375 4524 1497 4579 ἰδὼν
1533 4526 1695 4579 αὐτὸν

125 4615 529 4687 ἀκολουθοῦντα,
546 4619 622 4684 ὡς
648 4621 946 4691 φροντίζων
969 4620 1134 4674 αὐτοῦ
1167 4621 1364 4691 μᾶλλον
1387 4620 1538 4692 παρά
1570 4621 1696 4685 τοὺς

128 4706 352 4775 λοιποὺς,
382 4712 533 4781 λέγει
560 4712 641 4784 τῷ
680 4712 855 4786 Ἰησοῦ
882 4714 1011 4785 περὶ
1032 4713 1199 4768 αὐτοῦ
1222 4731 1236 4744 ο
1280 4733 1300 4765 ι
1328 4712 1521 4784 Κύριε,
1545 4706 1702 4778 οὗτος

127 4798 179 4851 δὲ
202 4801 291 4867 τί;
326 4823 345 4856 ι
380 4804 704 4875 βουλόμενος
737 4805 928 4878 μαθεῖν
971 4807 1067 4860 καὶ
1106 4806 1169 4859 16
1212 4805 1356 4861 κατά
1386 4804 1478 4859 τὸν
1519 4806 1701 4861 Ἰωάν-

130 4907 219 4960 νην
242 4893 390 4960 τέλος
413 4930 429 4960 ,
458 4898 662 4969 ὁμοίως
685 4898 764 4969 τῷ
792 4899 1089 4967 ἐγνωκέναι
1107 4898 1176 4952 τά
1207 4898 1337 4970 περὶ
1374 4898 1564 4963 αὑτοῦ,
1590 4899 1694 4963 ὅτι,

131 4979 247 5036 ὅταν
275 4987 514 5060 γηράσῃ,
544 4990 753 5043 ἐκτενεί
776 4972 888 5061 (86)
921 4989 1020 5054 τὰς
1045 4991 1234 5061 χεῖρας
1261 4988 1451 5053 αὐτοῦ,
1480 4990 1575 5043 καὶ⁴
1604 4988 1698 5043 άλ-

132 5072 214 5137 λος
243 5077 398 5132 αὐτὸν
423 5079 608 5145 ζώσει,
643 5081 736 5135 καὶ
764 5080 902 5135 οἴσει
929 5082 1064 5135 ὅπου
1091 5083 1151 5135 οὐ
1183 5080 1343 5136 θέλει.
1374 5082 1548 5153 Εἴπερ
1578 5081 1635 5133 δὲ
1663 5079 1700 5134 ἃ

136 5164 297 5222 ἐλάλει
324 5172 547 5243 ῥήματα
572 5175 601 5227 6
636 5174 865 5245 Ἰησοῦς,
892 5175 1112 5247 πνεῦμά
1142 5177 1278 5242 ἐστι,
1313 5177 1408 5230 καὶ
1427 5177 1489 5229 οὐ
1523 5174 1701 5247 γράμ-

141 5270 230 5323 μα,
252 5256 317 5312 δι’
345 5260 482 5317 ὅλων
506 5263 617 5337 ζωή
644 5265 782 5332 ἐστι,
806 5266 901 5320 καὶ
930 5265 1183 5337 οὐδαμῶς
1214 5264 1462 5332 θάνατος,
1484 5264 1580 5319 καὶ
1612 5281 1702 5335 μι-

1802 4355 1857 4397 et
1884 4347 2238 4407 accumbens,
2264 4342 2562 4413 aliquando
2594 4343 2809 4410 quidem
2846 4343 3034 4395 innuat
3065 4340 3257 4395 Joanni
3297 4342 3379 4394 di—

1802 4448 1932 4488 cens
1957 4448 1972 4484 :
2003 4452 2020 4483 ι
2047 4432 2181 4498 Quis
2197 4441 2303 4498 est,
2322 4434 2388 4485 de
2406 4445 2514 4500 quo
2530 4431 2817 4498 prodituro
2837 4427 2992 4483 Iesus
3021 4428 3262 4496 loquitur
3280 4428 3300 4460 ³
3320 4428 3374 4480 ⁸3»

1800 4523 2097 4593 aliquando
2127 4537 2263 4576 vero
2289 4536 2413 4576 eum
2449 4520 2676 4574 intuitus
2709 4529 3050 4588 sequentem,
3098 4518 3264 4573 veluti
3316 4517 3380 4571 il-

1800 4617 1905 4672 lius
1940 4616 2227 4686 plusquam
2260 4622 2578 4668 cazterorum
2615 4626 2802 4666 curam
2832 4611 3055 4676 habens,
3082 4610 3225 4664 dicat
3250 4608 3378 4664 Jesu

1802 4710 1869 4761 de
1897 4720 2004 4760 eo:
2061 4724 2082 4756 ι
2112 4704 2363 4769 Domine,
2404 4704 2492 4758 hic
2535 4714 2716 4756 autem
2762 4702 2891 4771 quid
2918 4702 3005 4755 ὀἳ
3035 4721 3054 4753 ι
3093 4701 3252 4756 linem
3284 4700 3379 4756 Jo-

1799 4799 1958 4854 annis
1986 4798 2199 4853 discere
2239 4796 2446 4863 volens,
2489 4797 2719 4866 perinde
2750 4806 2918 4863 atque
2946 4808 3105 4847 suum
3145 4807 3378 4863 agnove-

1799 4903 1922 4958 rat,
1959 4905 2155 4960 nempe
2185 4891 2330 4960 quod
2357 4905 2478 4944 cum
2534 4887 2823 4950 senuisset,
2878 4887 3119 4940 futurum
3165 4895 3287 4940 erat
3319 4893 3382 4938 ut

1804 4998 2001 5039 manus
2052 4997 2183 5038 suas
2225 4981 2569 5046 extenderet,
2598 4989 2653 5034 et
2692 4979 2830 5033 alius
2862 4992 2983 5033 eum
3032 4979 3294 5049 cingeret,
3327 4983 3382 5029 et

1811 5078 2035 5132 duceret
2067 5090 2174 5145 quo
2208 5089 2318 5129 non
2349 5073 2510 5128 vellet
2534 5073 2598 5129 “.
2633 5073 2788 5139 Quod
2817 5074 2862 5127 si
2904 5087 3034 5126 vero
3066 5071 3231 5124 verba
3256 5085 3382 5138 quae

1810 5168 2021 5225 locutus
2045 5179 2130 5222 est
2154 5166 2333 5231 Jesus,
2359 5165 2585 5237 spiritus
2613 5174 2741 5220 sunt
2762 5165 2835 5229 η,
2861 5174 2916 5218 et
2947 5180 3052 5219 non
3088 5163 3289 5225 littera,
3327 5162 3383 5214 in

1810 5262 2006 5333 quibus
2033 5262 2287 5316 omnibus
2313 5260 2421 5314 vita
2465 5272 2571 5325 est,
2599 5268 2655 5312 et
2706 5272 2973 5327 nusquam
3008 5270 3187 5323 mors,
3219 5262 3274 5306 et
3301 5253 3383 5307 di-

206 5422 394 5503 “..loan.
417 5429 647 5503 x111_,_25
681 5446 798 5503 seq.
875 5433 895 5465 "
925 5430 1085 5488 Joen.
1126 5448 1242 5500 xxi,
1275 5433 1366 5500 20,
1401 5447 1516 5502 seq.
1593 5430 1615 5463 ⁸
1651 5428 1783 5485 ibid.
1809 5427 1900 5482 24.
1978 5428 1998 5457 ε
2024 5424 2181 5481 Joan.
2219 5438 2340 5489 xm,
2362 5420 2455 5476 2.6.
2534 5419 2750 5477 "Joan.
2772 5417 2978 5483 “1,21.
3055 5414 3099 5450 “
3124 5415 3256 5475 ibid.
3289 5418 3375 5476 18.

143 5490 182 5521 “
217 5491 368 5551 Joan.
395 5512 472 5565 vn,
500 5490 586 5555 64.

211 5624 319 5764 (Βὸἶ
339 5627 514 5684 Codex
545 5632 765 5702 Regius,
800 5633 1041 5706 Σίμωνος
1082 5634 1447 5703 Ἰσκαριώτου.

211 5695 295 5758 tu
343 5698 526 5757 Codex
554 5702 774 5764 Regius.
804 5707 1284 5764 προσκεκλιμένος.

211 5695 319 5764 ll“)
343 5698 526 5757 Codex
554 5695 774 5771 Regius,
804 5695 1284 5773 προσκεὲιλιμένός.

1880 5631 1995 5701 (85)
2031 5626 2183 5687 Idem
2218 5631 2384 5685 codex
2415 5630 2643 5701 Regius,
2667 5628 2795 5701 εἰπὲ.
2819 5627 2901 5692 τίς
2929 5630 3070 5684 ἐστι.

1879 5699 1995 5775 (86)
2028 5707 2171 5763 Idem
2200 5703 2372 5759 codex
2396 5699 2614 5773 Regius,
2651 5699 2903 5757 ἐκτείνει.
