  <div class='ocr_page' id='page_1' title='image "/cluster/home/n/w/nwhite01/storage/ocr_20150623/14/mdp.39015052831362/447.png"; bbox 0 0 3712 6138; ppageno 0'>
   <div class='ocr_carea' id='block_1_1' title="bbox 320 234 425 293">
    <p class='ocr_par' dir='ltr' id='par_1_1' title="bbox 320 234 425 293">
     <span class='ocr_line' id='line_1_1' title="bbox 320 234 425 293; baseline 0.038 -4"><span class='ocrx_word' id='word_1_1' title='bbox 320 234 425 293; x_wconf 72' lang='lat'><strong>799</strong></span> 
     </span>
    </p>
   </div>
   <div class='ocr_carea' id='block_1_2' title="bbox 1777 235 2100 294">
    <p class='ocr_par' dir='ltr' id='par_1_2' title="bbox 1777 235 2100 294">
     <span class='ocr_line' id='line_1_2' title="bbox 1777 235 2100 294; baseline -0.003 -1"><span class='ocrx_word' id='word_1_2' title='bbox 1777 235 2100 294; x_wconf 75' lang='lat' dir='ltr'><strong>ORIGENIS</strong></span> 
     </span>
    </p>
   </div>
   <div class='ocr_carea' id='block_1_3' title="bbox 3476 237 3569 288">
    <p class='ocr_par' dir='ltr' id='par_1_3' title="bbox 3476 237 3569 288">
     <span class='ocr_line' id='line_1_3' title="bbox 3476 237 3569 288; baseline -0.011 0"><span class='ocrx_word' id='word_1_3' title='bbox 3476 237 3569 288; x_wconf 70' lang='lat'><strong>800</strong></span> 
     </span>
    </p>
   </div>
   <div class='ocr_carea' id='block_1_4' title="bbox 322 349 1913 424">
    <p class='ocr_par' dir='ltr' id='par_1_4' title="bbox 322 349 1898 423">
     <span class='ocr_line' id='line_1_4' title="bbox 322 349 1898 423; baseline 0.001 -17"><span class='ocrx_word' id='word_1_4' title='bbox 322 352 565 422; x_wconf 87' lang='lat' dir='ltr'><strong>scipulns</strong></span> <span class='ocrx_word' id='word_1_5' title='bbox 580 364 740 422; x_wconf 87' lang='lat' dir='ltr'><strong>quem</strong></span> <span class='ocrx_word' id='word_1_6' title='bbox 770 350 1027 421; x_wconf 82' lang='lat' dir='ltr'><strong>diligebat</strong></span> <span class='ocrx_word' id='word_1_7' title='bbox 1050 349 1232 419; x_wconf 67' lang='lat' dir='ltr'><strong>Iesus,</strong></span> <span class='ocrx_word' id='word_1_8' title='bbox 1258 351 1438 422; x_wconf 88' lang='lat' dir='ltr'><strong>ipsum</strong></span> <span class='ocrx_word' id='word_1_9' title='bbox 1464 351 1708 421; x_wconf 84' lang='lat' dir='ltr'><strong>imitans,</strong></span> <span class='ocrx_word' id='word_1_10' title='bbox 1732 354 1898 423; x_wconf 65' lang='lat' dir='ltr'><strong>spiri~</strong></span> 
     </span>
    </p>
   </div>
   <div class='ocr_carea' id='block_1_5' title="bbox 2090 349 3568 424">
    <p class='ocr_par' dir='ltr' id='par_1_5' title="bbox 2090 349 3568 424">
     <span class='ocr_line' id='line_1_5' title="bbox 2090 349 3568 424; baseline 0.001 -19"><span class='ocrx_word' id='word_1_11' title='bbox 2090 355 2277 423; x_wconf 66' lang='lat' dir='ltr'><strong>Jpsvo;</strong></span> <span class='ocrx_word' id='word_1_12' title='bbox 2312 353 2474 407; x_wconf 79' lang='grc' dir='ltr'>αὐτὸν</span> <span class='ocrx_word' id='word_1_13' title='bbox 2512 353 2541 405; x_wconf 87' lang='grc' dir='ltr'><strong>ὁ</strong></span> <span class='ocrx_word' id='word_1_14' title='bbox 2587 350 2832 424; x_wconf 80' lang='grc' dir='ltr'>μαθητὴς</span> <span class='ocrx_word' id='word_1_15' title='bbox 2861 350 2919 405; x_wconf 86' lang='grc' dir='ltr'><strong>δν</strong></span> <span class='ocrx_word' id='word_1_16' title='bbox 2965 352 3153 422; x_wconf 73' lang='grc' dir='ltr'>ἠγάπα</span> <span class='ocrx_word' id='word_1_17' title='bbox 3178 392 3193 414; x_wconf 95' lang='grc'><strong>,</strong></span> <span class='ocrx_word' id='word_1_18' title='bbox 3235 349 3453 421; x_wconf 79' lang='grc' dir='ltr'>πνεῦμα</span> <span class='ocrx_word' id='word_1_19' title='bbox 3489 357 3568 406; x_wconf 76' lang='grc' dir='ltr'><strong>καὶ</strong></span> 
     </span>
    </p>
   </div>
   <div class='ocr_carea' id='block_1_6' title="bbox 326 444 1899 516">
    <p class='ocr_par' dir='ltr' id='par_1_6' title="bbox 326 444 1899 516">
     <span class='ocr_line' id='line_1_6' title="bbox 326 444 1899 516; baseline 0 -16"><span class='ocrx_word' id='word_1_20' title='bbox 326 456 439 500; x_wconf 89' lang='lat' dir='ltr'><strong>tum</strong></span> <span class='ocrx_word' id='word_1_21' title='bbox 461 456 516 500; x_wconf 91' lang='lat' dir='ltr'><strong>et</strong></span> <span class='ocrx_word' id='word_1_22' title='bbox 543 446 709 500; x_wconf 86' lang='lat' dir='ltr'><strong>vitam</strong></span> <span class='ocrx_word' id='word_1_23' title='bbox 732 444 971 515; x_wconf 93' lang='lat' dir='ltr'><strong>scripsit,</strong></span> <span class='ocrx_word' id='word_1_24' title='bbox 998 444 1403 516; x_wconf 83' lang='lat' dir='ltr'><strong>intelligendum</strong></span> <span class='ocrx_word' id='word_1_25' title='bbox 1428 455 1513 499; x_wconf 91' lang='lat' dir='ltr'><strong>est</strong></span> <span class='ocrx_word' id='word_1_26' title='bbox 1534 445 1663 500; x_wconf 87' lang='lat' dir='ltr'><strong>iHud</strong></span> <span class='ocrx_word' id='word_1_27' title='bbox 1689 464 1702 500; x_wconf 90' lang='lat'>:</span> <span class='ocrx_word' id='word_1_28' title='bbox 1738 446 1899 501; x_wconf 67' lang='lat' dir='ltr'><strong>«Erat</strong></span> 
     </span>
    </p>
   </div>
   <div class='ocr_carea' id='block_1_7' title="bbox 327 536 1900 607">
    <p class='ocr_par' dir='ltr' id='par_1_7' title="bbox 327 536 1900 607">
     <span class='ocr_line' id='line_1_7' title="bbox 327 536 1900 607; baseline -0.001 -13"><span class='ocrx_word' id='word_1_29' title='bbox 327 537 647 594; x_wconf 78' lang='lat' dir='ltr'><strong>recumbens</strong></span> <span class='ocrx_word' id='word_1_30' title='bbox 671 552 811 593; x_wconf 89' lang='lat' dir='ltr'><strong>unus</strong></span> <span class='ocrx_word' id='word_1_31' title='bbox 838 551 907 592; x_wconf 90' lang='lat' dir='ltr'><strong>ex</strong></span> <span class='ocrx_word' id='word_1_32' title='bbox 931 537 1210 607; x_wconf 81' lang='lat' dir='ltr'><strong>discipulis</strong></span> <span class='ocrx_word' id='word_1_33' title='bbox 1224 538 1343 607; x_wconf 83' lang='lat' dir='ltr'><strong>ejus</strong></span> <span class='ocrx_word' id='word_1_34' title='bbox 1365 536 1422 591; x_wconf 93' lang='lat' dir='ltr'><strong>in</strong></span> <span class='ocrx_word' id='word_1_35' title='bbox 1444 537 1565 591; x_wconf 85' lang='lat' dir='ltr'><strong>sinu</strong></span> <span class='ocrx_word' id='word_1_36' title='bbox 1592 536 1775 602; x_wconf 66' lang='lat' dir='ltr'><strong>Jesu,»</strong></span> <span class='ocrx_word' id='word_1_37' title='bbox 1802 554 1900 607; x_wconf 92' lang='lat' dir='ltr'><strong>pro</strong></span> 
     </span>
    </p>
   </div>
   <div class='ocr_carea' id='block_1_8' title="bbox 326 630 1897 701">
    <p class='ocr_par' dir='ltr' id='par_1_8' title="bbox 326 630 1897 701">
     <span class='ocr_line' id='line_1_8' title="bbox 326 630 1897 701; baseline 0.004 -22"><span class='ocrx_word' id='word_1_38' title='bbox 326 632 588 701; x_wconf 71' lang='lat' dir='ltr'><strong>dignitate</strong></span> <span class='ocrx_word' id='word_1_39' title='bbox 640 631 886 695; x_wconf 85' lang='lat' dir='ltr'><strong>honoris,</strong></span> <span class='ocrx_word' id='word_1_40' title='bbox 938 646 1102 701; x_wconf 89' lang='lat' dir='ltr'><strong>quem</strong></span> <span class='ocrx_word' id='word_1_41' title='bbox 1148 632 1481 686; x_wconf 83' lang='lat' dir='ltr'><strong>conveniens</strong></span> <span class='ocrx_word' id='word_1_42' title='bbox 1509 641 1593 687; x_wconf 91' lang='lat' dir='ltr'><strong>est</strong></span> <span class='ocrx_word' id='word_1_43' title='bbox 1628 630 1766 686; x_wconf 88' lang='lat' dir='ltr'><strong>Filio</strong></span> <span class='ocrx_word' id='word_1_44' title='bbox 1800 632 1897 686; x_wconf 88' lang='lat' dir='ltr'><strong>Dei</strong></span> 
     </span>
    </p>
   </div>
   <div class='ocr_carea' id='block_1_9' title="bbox 326 722 1902 792">
    <p class='ocr_par' dir='ltr' id='par_1_9' title="bbox 326 722 1902 792">
     <span class='ocr_line' id='line_1_9' title="bbox 326 722 1902 792; baseline 0 -16"><span class='ocrx_word' id='word_1_45' title='bbox 326 722 479 785; x_wconf 92' lang='lat' dir='ltr'><strong>dare,</strong></span> <span class='ocrx_word' id='word_1_46' title='bbox 512 730 568 775; x_wconf 92' lang='lat' dir='ltr'><strong>et</strong></span> <span class='ocrx_word' id='word_1_47' title='bbox 587 722 635 774; x_wconf 91' lang='lat' dir='ltr'><strong>ei</strong></span> <span class='ocrx_word' id='word_1_48' title='bbox 659 736 819 791; x_wconf 86' lang='lat' dir='ltr'><strong>quem</strong></span> <span class='ocrx_word' id='word_1_49' title='bbox 842 722 959 791; x_wconf 86' lang='lat' dir='ltr'><strong>ipse</strong></span> <span class='ocrx_word' id='word_1_50' title='bbox 987 723 1260 789; x_wconf 72' lang='lat' dir='ltr'><strong>dilexerit,</strong></span> <span class='ocrx_word' id='word_1_51' title='bbox 1280 724 1550 792; x_wconf 88' lang='lat' dir='ltr'><strong>accipere,</strong></span> <span class='ocrx_word' id='word_1_52' title='bbox 1572 731 1628 778; x_wconf 91' lang='lat' dir='ltr'><strong>et</strong></span> <span class='ocrx_word' id='word_1_53' title='bbox 1647 724 1902 778; x_wconf 89' lang='lat' dir='ltr'><strong>existimo</strong></span> 
     </span>
    </p>
   </div>
   <div class='ocr_carea' id='block_1_10' title="bbox 326 811 1902 885">
    <p class='ocr_par' dir='ltr' id='par_1_10' title="bbox 326 811 1902 885">
     <span class='ocr_line' id='line_1_10' title="bbox 326 811 1902 885; baseline 0.004 -22"><span class='ocrx_word' id='word_1_54' title='bbox 326 812 473 880; x_wconf 85' lang='lat' dir='ltr'><strong>quod</strong></span> <span class='ocrx_word' id='word_1_55' title='bbox 501 811 755 882; x_wconf 87' lang='lat' dir='ltr'><strong>quamvis</strong></span> <span class='ocrx_word' id='word_1_56' title='bbox 785 812 1085 883; x_wconf 86' lang='lat' dir='ltr'><strong>symbolice</strong></span> <span class='ocrx_word' id='word_1_57' title='bbox 1122 814 1466 868; x_wconf 88' lang='lat' dir='ltr'><strong>recumberet</strong></span> <span class='ocrx_word' id='word_1_58' title='bbox 1505 825 1616 869; x_wconf 91' lang='lat' dir='ltr'><strong>tum</strong></span> <span class='ocrx_word' id='word_1_59' title='bbox 1644 816 1902 885; x_wconf 86' lang='lat' dir='ltr'><strong>temporis</strong></span> 
     </span>
    </p>
   </div>
   <div class='ocr_carea' id='block_1_11' title="bbox 326 902 1900 978">
    <p class='ocr_par' dir='ltr' id='par_1_11' title="bbox 326 902 1900 978">
     <span class='ocr_line' id='line_1_11' title="bbox 326 902 1900 978; baseline 0 -18"><span class='ocrx_word' id='word_1_60' title='bbox 326 904 564 960; x_wconf 79' lang='lat' dir='ltr'><strong>Joannes</strong></span> <span class='ocrx_word' id='word_1_61' title='bbox 617 905 671 958; x_wconf 93' lang='lat' dir='ltr'><strong>in</strong></span> <span class='ocrx_word' id='word_1_62' title='bbox 721 904 843 959; x_wconf 87' lang='lat' dir='ltr'><strong>sinu</strong></span> <span class='ocrx_word' id='word_1_63' title='bbox 892 902 1045 969; x_wconf 83' lang='lat' dir='ltr'><strong>Jesu,</strong></span> <span class='ocrx_word' id='word_1_64' title='bbox 1098 903 1201 971; x_wconf 76' lang='lat' dir='ltr'><strong>hoc</strong></span> <span class='ocrx_word' id='word_1_65' title='bbox 1239 921 1467 962; x_wconf 88' lang='lat' dir='ltr'><strong>mnnere</strong></span> <span class='ocrx_word' id='word_1_66' title='bbox 1501 907 1752 978; x_wconf 87' lang='lat' dir='ltr'><strong>dignatus</strong></span> <span class='ocrx_word' id='word_1_67' title='bbox 1800 922 1900 961; x_wconf 89' lang='lat' dir='ltr'><strong>cen</strong></span> 
     </span>
    </p>
   </div>
   <div class='ocr_carea' id='block_1_12' title="bbox 331 994 1905 1069">
    <p class='ocr_par' dir='ltr' id='par_1_12' title="bbox 331 994 1905 1069">
     <span class='ocr_line' id='line_1_12' title="bbox 331 994 1905 1069; baseline 0.001 -19"><span class='ocrx_word' id='word_1_68' title='bbox 331 996 602 1067; x_wconf 68' lang='lat' dir='ltr'><strong>praecipuo</strong></span> <span class='ocrx_word' id='word_1_69' title='bbox 627 1011 816 1051; x_wconf 87' lang='lat' dir='ltr'><strong>amore</strong></span> <span class='ocrx_word' id='word_1_70' title='bbox 841 994 1088 1065; x_wconf 74' lang='lat' dir='ltr'><strong>Magistri</strong></span> <span class='ocrx_word' id='word_1_71' title='bbox 1117 996 1337 1052; x_wconf 88' lang='lat' dir='ltr'><strong>babitns</strong></span> <span class='ocrx_word' id='word_1_72' title='bbox 1380 998 1597 1067; x_wconf 84' lang='lat' dir='ltr'><strong>dignus,</strong></span> <span class='ocrx_word' id='word_1_73' title='bbox 1626 998 1729 1053; x_wconf 86' lang='lat' dir='ltr'><strong>hoc</strong></span> <span class='ocrx_word' id='word_1_74' title='bbox 1755 1013 1905 1069; x_wconf 87' lang='lat' dir='ltr'><strong>sym-</strong></span> 
     </span>
    </p>
   </div>
   <div class='ocr_carea' id='block_1_13' title="bbox 328 1086 1904 1157">
    <p class='ocr_par' dir='ltr' id='par_1_13' title="bbox 328 1086 1904 1157">
     <span class='ocr_line' id='line_1_13' title="bbox 328 1086 1904 1157; baseline 0.003 -13"><span class='ocrx_word' id='word_1_75' title='bbox 328 1088 564 1145; x_wconf 83' lang='lat' dir='ltr'><strong>bolicum</strong></span> <span class='ocrx_word' id='word_1_76' title='bbox 590 1090 849 1144; x_wconf 83' lang='lat' dir='ltr'><strong>denotare</strong></span> <span class='ocrx_word' id='word_1_77' title='bbox 871 1086 1160 1157; x_wconf 84' lang='lat' dir='ltr'><strong>Joannem,</strong></span> <span class='ocrx_word' id='word_1_78' title='bbox 1193 1090 1463 1145; x_wconf 86' lang='lat' dir='ltr'><strong>addictum</strong></span> <span class='ocrx_word' id='word_1_79' title='bbox 1496 1093 1547 1145; x_wconf 93' lang='lat' dir='ltr'><strong>in</strong></span> <span class='ocrx_word' id='word_1_80' title='bbox 1582 1092 1904 1148; x_wconf 89' lang='lat' dir='ltr'><strong>Sermonem</strong></span> 
     </span>
    </p>
   </div>
   <div class='ocr_carea' id='block_1_14' title="bbox 333 1180 1906 1251">
    <p class='ocr_par' dir='ltr' id='par_1_14' title="bbox 333 1180 1906 1251">
     <span class='ocr_line' id='line_1_14' title="bbox 333 1180 1906 1251; baseline 0.001 -15"><span class='ocrx_word' id='word_1_81' title='bbox 333 1182 528 1236; x_wconf 83' lang='lat' dir='ltr'><strong>Filium</strong></span> <span class='ocrx_word' id='word_1_82' title='bbox 556 1181 672 1245; x_wconf 84' lang='lat' dir='ltr'><strong>Dei,</strong></span> <span class='ocrx_word' id='word_1_83' title='bbox 702 1194 1052 1251; x_wconf 82' lang='lat' dir='ltr'><strong>propensum,</strong></span> <span class='ocrx_word' id='word_1_84' title='bbox 1080 1190 1136 1235; x_wconf 92' lang='lat' dir='ltr'><strong>et</strong></span> <span class='ocrx_word' id='word_1_85' title='bbox 1165 1180 1241 1234; x_wconf 93' lang='lat' dir='ltr'><strong>illi</strong></span> <span class='ocrx_word' id='word_1_86' title='bbox 1275 1182 1501 1235; x_wconf 90' lang='lat' dir='ltr'><strong>multum</strong></span> <span class='ocrx_word' id='word_1_87' title='bbox 1531 1181 1824 1247; x_wconf 87' lang='lat' dir='ltr'><strong>faventem,</strong></span> <span class='ocrx_word' id='word_1_88' title='bbox 1854 1185 1906 1239; x_wconf 93' lang='lat' dir='ltr'><strong>in</strong></span> 
     </span>
    </p>
   </div>
   <div class='ocr_carea' id='block_1_15' title="bbox 335 1273 1909 1342">
    <p class='ocr_par' dir='ltr' id='par_1_15' title="bbox 335 1273 1909 1342">
     <span class='ocr_line' id='line_1_15' title="bbox 335 1273 1909 1342; baseline 0.004 -15"><span class='ocrx_word' id='word_1_89' title='bbox 335 1274 606 1342; x_wconf 79' lang='lat' dir='ltr'><strong>rebusque</strong></span> <span class='ocrx_word' id='word_1_90' title='bbox 634 1273 1026 1327; x_wconf 84' lang='lat' dir='ltr'><strong>secretioribus</strong></span> <span class='ocrx_word' id='word_1_91' title='bbox 1069 1274 1537 1342; x_wconf 84' lang='lat' dir='ltr'><strong>acqniescentetn,</strong></span> <span class='ocrx_word' id='word_1_92' title='bbox 1590 1278 1909 1334; x_wconf 86' lang='lat' dir='ltr'><strong>recubuisse</strong></span> 
     </span>
    </p>
   </div>
   <div class='ocr_carea' id='block_1_16' title="bbox 334 1363 1909 1437">
    <p class='ocr_par' dir='ltr' id='par_1_16' title="bbox 334 1363 1909 1437">
     <span class='ocr_line' id='line_1_16' title="bbox 334 1363 1909 1437; baseline 0.006 -21"><span class='ocrx_word' id='word_1_93' title='bbox 334 1366 388 1418; x_wconf 91' lang='lat' dir='ltr'><strong>in</strong></span> <span class='ocrx_word' id='word_1_94' title='bbox 422 1365 632 1419; x_wconf 90' lang='lat' dir='ltr'><strong>sinibus</strong></span> <span class='ocrx_word' id='word_1_95' title='bbox 658 1364 949 1419; x_wconf 87' lang='lat' dir='ltr'><strong>Sermonis</strong></span> <span class='ocrx_word' id='word_1_96' title='bbox 980 1363 1125 1437; x_wconf 81' lang='lat' dir='ltr'><strong>[Filii</strong></span> <span class='ocrx_word' id='word_1_97' title='bbox 1158 1364 1303 1437; x_wconf 88' lang='lat' dir='ltr'><strong>Dei],</strong></span> <span class='ocrx_word' id='word_1_98' title='bbox 1335 1367 1561 1435; x_wconf 80' lang='lat' dir='ltr'><strong>perinde</strong></span> <span class='ocrx_word' id='word_1_99' title='bbox 1591 1376 1756 1437; x_wconf 92' lang='lat' dir='ltr'><strong>atque</strong></span> <span class='ocrx_word' id='word_1_100' title='bbox 1788 1369 1909 1437; x_wconf 89' lang='lat' dir='ltr'><strong>ipse</strong></span> 
     </span>
    </p>
   </div>
   <div class='ocr_carea' id='block_1_17' title="bbox 336 1457 1913 1529">
    <p class='ocr_par' dir='ltr' id='par_1_17' title="bbox 336 1457 1913 1529">
     <span class='ocr_line' id='line_1_17' title="bbox 336 1457 1913 1529; baseline 0.004 -18"><span class='ocrx_word' id='word_1_101' title='bbox 336 1457 430 1512; x_wconf 87' lang='lat' dir='ltr'><strong>Dei</strong></span> <span class='ocrx_word' id='word_1_102' title='bbox 463 1458 653 1511; x_wconf 87' lang='lat' dir='ltr'><strong>Sermo</strong></span> <span class='ocrx_word' id='word_1_103' title='bbox 693 1466 779 1512; x_wconf 88' lang='lat' dir='ltr'><strong>est</strong></span> <span class='ocrx_word' id='word_1_104' title='bbox 800 1458 853 1511; x_wconf 91' lang='lat' dir='ltr'><strong>in</strong></span> <span class='ocrx_word' id='word_1_105' title='bbox 881 1458 1092 1512; x_wconf 85' lang='lat' dir='ltr'><strong>sinibus</strong></span> <span class='ocrx_word' id='word_1_106' title='bbox 1115 1457 1313 1523; x_wconf 86' lang='lat' dir='ltr'><strong>Patris,</strong></span> <span class='ocrx_word' id='word_1_107' title='bbox 1341 1460 1498 1529; x_wconf 88' lang='lat' dir='ltr'><strong>juxta</strong></span> <span class='ocrx_word' id='word_1_108' title='bbox 1528 1460 1695 1516; x_wconf 88' lang='lat' dir='ltr'><strong>illud:</strong></span> <span class='ocrx_word' id='word_1_109' title='bbox 1728 1480 1746 1513; x_wconf 85' lang='grc' dir='ltr'><strong>ι</strong></span> <span class='ocrx_word' id='word_1_110' title='bbox 1781 1461 1913 1518; x_wconf 88' lang='lat' dir='ltr'><strong>Uni-</strong></span> 
     </span>
    </p>
   </div>
   <div class='ocr_carea' id='block_1_18' title="bbox 335 1549 1914 1621">
    <p class='ocr_par' dir='ltr' id='par_1_18' title="bbox 335 1549 1914 1621">
     <span class='ocr_line' id='line_1_18' title="bbox 335 1549 1914 1621; baseline 0.003 -18"><span class='ocrx_word' id='word_1_111' title='bbox 335 1550 554 1619; x_wconf 79' lang='lat' dir='ltr'><strong>genitus</strong></span> <span class='ocrx_word' id='word_1_112' title='bbox 585 1550 750 1614; x_wconf 89' lang='lat' dir='ltr'><strong>Deus,</strong></span> <span class='ocrx_word' id='word_1_113' title='bbox 781 1550 874 1617; x_wconf 86' lang='lat' dir='ltr'><strong>qui</strong></span> <span class='ocrx_word' id='word_1_114' title='bbox 912 1559 999 1604; x_wconf 90' lang='lat' dir='ltr'><strong>est</strong></span> <span class='ocrx_word' id='word_1_115' title='bbox 1030 1550 1083 1603; x_wconf 91' lang='lat' dir='ltr'><strong>in</strong></span> <span class='ocrx_word' id='word_1_116' title='bbox 1113 1552 1234 1604; x_wconf 81' lang='lat' dir='ltr'><strong>sinu</strong></span> <span class='ocrx_word' id='word_1_117' title='bbox 1278 1549 1479 1617; x_wconf 81' lang='lat' dir='ltr'><strong>Patris,</strong></span> <span class='ocrx_word' id='word_1_118' title='bbox 1526 1554 1643 1621; x_wconf 86' lang='lat' dir='ltr'><strong>ipse</strong></span> <span class='ocrx_word' id='word_1_119' title='bbox 1689 1569 1914 1609; x_wconf 90' lang='lat' dir='ltr'><strong>enarra-</strong></span> 
     </span>
    </p>
   </div>
   <div class='ocr_carea' id='block_1_19' title="bbox 335 1639 1909 1712">
    <p class='ocr_par' dir='ltr' id='par_1_19' title="bbox 335 1639 1909 1712">
     <span class='ocr_line' id='line_1_19' title="bbox 335 1639 1909 1712; baseline 0.006 -21"><span class='ocrx_word' id='word_1_120' title='bbox 335 1642 413 1694; x_wconf 87' lang='lat' dir='ltr'><strong>vit</strong></span> <span class='ocrx_word' id='word_1_121' title='bbox 435 1642 532 1695; x_wconf 79' lang='grc'><strong>¹³.»</strong></span> <span class='ocrx_word' id='word_1_122' title='bbox 561 1640 701 1708; x_wconf 83' lang='lat' dir='ltr'><strong>Quin</strong></span> <span class='ocrx_word' id='word_1_123' title='bbox 731 1640 835 1696; x_wconf 82' lang='lat' dir='ltr'><strong>nisi</strong></span> <span class='ocrx_word' id='word_1_124' title='bbox 860 1639 1124 1709; x_wconf 87' lang='lat' dir='ltr'><strong>abjectius</strong></span> <span class='ocrx_word' id='word_1_125' title='bbox 1156 1641 1526 1712; x_wconf 82' lang='lat' dir='ltr'><strong>intelligamus</strong></span> <span class='ocrx_word' id='word_1_126' title='bbox 1551 1646 1652 1700; x_wconf 88' lang='lat' dir='ltr'><strong>hoc</strong></span> <span class='ocrx_word' id='word_1_127' title='bbox 1676 1646 1909 1701; x_wconf 87' lang='lat' dir='ltr'><strong>dictum:</strong></span> 
     </span>
    </p>
   </div>
   <div class='ocr_carea' id='block_1_20' title="bbox 2002 435 3566 514">
    <p class='ocr_par' dir='ltr' id='par_1_20' title="bbox 2002 435 3566 514">
     <span class='ocr_line' id='line_1_20' title="bbox 2002 435 3566 514; baseline -0.003 -20"><span class='ocrx_word' id='word_1_128' title='bbox 2002 442 2145 514; x_wconf 78' lang='grc' dir='ltr'>ζωὴν</span> <span class='ocrx_word' id='word_1_129' title='bbox 2176 443 2515 512; x_wconf 74' lang='grc' dir='ltr'>ἀναγράφει·</span> <span class='ocrx_word' id='word_1_130' title='bbox 2548 441 2841 495; x_wconf 79' lang='grc' dir='ltr'><strong>ἀκουστέον</strong></span> <span class='ocrx_word' id='word_1_131' title='bbox 2883 439 2976 493; x_wconf 80' lang='grc' dir='ltr'>τοῦ</span> <span class='ocrx_word' id='word_1_132' title='bbox 2994 457 3007 470; x_wconf 83' lang='grc'><em>’</em></span> <span class='ocrx_word' id='word_1_133' title='bbox 3046 458 3065 489; x_wconf 81' lang='grc' dir='ltr'><strong>ι</strong></span> <span class='ocrx_word' id='word_1_134' title='bbox 3088 435 3197 491; x_wconf 84' lang='grc' dir='ltr'>Ἤν</span> <span class='ocrx_word' id='word_1_135' title='bbox 3227 439 3566 509; x_wconf 70' lang='grc' dir='ltr'><strong>ἀνακείμενος</strong></span> 
     </span>
    </p>
   </div>
   <div class='ocr_carea' id='block_1_21' title="bbox 2000 530 3564 605">
    <p class='ocr_par' dir='ltr' id='par_1_21' title="bbox 2000 530 3564 605">
     <span class='ocr_line' id='line_1_21' title="bbox 2000 530 3564 605; baseline -0.003 -19"><span class='ocrx_word' id='word_1_136' title='bbox 2000 531 2080 597; x_wconf 80' lang='grc' dir='ltr'>εἷς</span> <span class='ocrx_word' id='word_1_137' title='bbox 2109 536 2173 587; x_wconf 81' lang='grc' dir='ltr'><strong>ἐκ</strong></span> <span class='ocrx_word' id='word_1_138' title='bbox 2201 534 2307 587; x_wconf 81' lang='grc' dir='ltr'><strong>τῶν</strong></span> <span class='ocrx_word' id='word_1_139' title='bbox 2341 534 2595 605; x_wconf 81' lang='grc' dir='ltr'><strong>μαθητῶν</strong></span> <span class='ocrx_word' id='word_1_140' title='bbox 2624 533 2785 586; x_wconf 80' lang='grc' dir='ltr'>αὐτοῦ</span> <span class='ocrx_word' id='word_1_141' title='bbox 2814 534 2872 585; x_wconf 76' lang='grc' dir='ltr'>ἐν</span> <span class='ocrx_word' id='word_1_142' title='bbox 2898 531 2976 603; x_wconf 84' lang='grc' dir='ltr'>τῷ</span> <span class='ocrx_word' id='word_1_143' title='bbox 3002 531 3186 602; x_wconf 81' lang='grc' dir='ltr'>κόλπῳ</span> <span class='ocrx_word' id='word_1_144' title='bbox 3218 530 3315 584; x_wconf 80' lang='grc' dir='ltr'><strong>τοῦ</strong></span> <span class='ocrx_word' id='word_1_145' title='bbox 3351 531 3564 601; x_wconf 73' lang='grc' dir='ltr'>Ἰησοῦ,ι</span> 
     </span>
    </p>
   </div>
   <div class='ocr_carea' id='block_1_22' title="bbox 2001 620 3569 697">
    <p class='ocr_par' dir='ltr' id='par_1_22' title="bbox 2001 620 3569 697">
     <span class='ocr_line' id='line_1_22' title="bbox 2001 620 3569 697; baseline -0.005 -17"><span class='ocrx_word' id='word_1_146' title='bbox 2001 626 2166 693; x_wconf 76' lang='grc' dir='ltr'>ἀξίως</span> <span class='ocrx_word' id='word_1_147' title='bbox 2192 628 2290 697; x_wconf 80' lang='grc' dir='ltr'>τῆς</span> <span class='ocrx_word' id='word_1_148' title='bbox 2324 626 2486 697; x_wconf 83' lang='grc' dir='ltr'>τιμῆς</span> <span class='ocrx_word' id='word_1_149' title='bbox 2509 626 2577 697; x_wconf 81' lang='grc' dir='ltr'>ἦν</span> <span class='ocrx_word' id='word_1_150' title='bbox 2603 624 2803 696; x_wconf 80' lang='grc' dir='ltr'>πρέπει</span> <span class='ocrx_word' id='word_1_151' title='bbox 2838 623 2949 692; x_wconf 84' lang='grc'><strong>(87)</strong></span> <span class='ocrx_word' id='word_1_152' title='bbox 2977 622 3173 675; x_wconf 79' lang='grc' dir='ltr'><strong>διδόναι</strong></span> <span class='ocrx_word' id='word_1_153' title='bbox 3203 621 3298 673; x_wconf 81' lang='grc' dir='ltr'><strong>τὸν</strong></span> <span class='ocrx_word' id='word_1_154' title='bbox 3333 621 3460 673; x_wconf 81' lang='grc' dir='ltr'>Υἱὺν</span> <span class='ocrx_word' id='word_1_155' title='bbox 3489 620 3569 672; x_wconf 72' lang='grc' dir='ltr'>τοῦ</span> 
     </span>
    </p>
   </div>
   <div class='ocr_carea' id='block_1_23' title="bbox 2001 712 3572 789">
    <p class='ocr_par' dir='ltr' id='par_1_23' title="bbox 2001 712 3572 789">
     <span class='ocr_line' id='line_1_23' title="bbox 2001 712 3572 789; baseline -0.004 -17"><span class='ocrx_word' id='word_1_156' title='bbox 2001 718 2158 782; x_wconf 81' lang='grc' dir='ltr'>Θεοῦ,</span> <span class='ocrx_word' id='word_1_157' title='bbox 2187 719 2278 772; x_wconf 67' lang='grc' dir='ltr'><strong>κα)⁵</strong></span> <span class='ocrx_word' id='word_1_158' title='bbox 2306 718 2599 789; x_wconf 78' lang='grc' dir='ltr'>λαμϐάνειν</span> <span class='ocrx_word' id='word_1_159' title='bbox 2624 717 2714 769; x_wconf 82' lang='grc' dir='ltr'><strong>τὸν</strong></span> <span class='ocrx_word' id='word_1_160' title='bbox 2741 714 3100 785; x_wconf 74' lang='grc' dir='ltr'><strong>ἀγαπώμενον</strong></span> <span class='ocrx_word' id='word_1_161' title='bbox 3129 716 3219 767; x_wconf 85' lang='grc' dir='ltr'>ὑπ’</span> <span class='ocrx_word' id='word_1_162' title='bbox 3245 712 3415 767; x_wconf 72' lang='grc' dir='ltr'>αὑτοῦ</span> <span class='ocrx_word' id='word_1_163' title='bbox 3440 730 3453 742; x_wconf 88' lang='grc'><strong>·</strong></span> <span class='ocrx_word' id='word_1_164' title='bbox 3489 714 3572 765; x_wconf 64' lang='grc' dir='ltr'>καὶ</span> 
     </span>
    </p>
   </div>
   <div class='ocr_carea' id='block_1_24' title="bbox 2002 805 3573 880">
    <p class='ocr_par' dir='ltr' id='par_1_24' title="bbox 2002 805 3573 880">
     <span class='ocr_line' id='line_1_24' title="bbox 2002 805 3573 880; baseline -0.003 -18"><span class='ocrx_word' id='word_1_165' title='bbox 2002 810 2247 880; x_wconf 78' lang='grc' dir='ltr'>νομίζω,</span> <span class='ocrx_word' id='word_1_166' title='bbox 2283 812 2396 875; x_wconf 84' lang='grc' dir='ltr'>ὅτι,</span> <span class='ocrx_word' id='word_1_167' title='bbox 2437 813 2487 864; x_wconf 78' lang='grc' dir='ltr'><strong>εί</strong></span> <span class='ocrx_word' id='word_1_168' title='bbox 2530 811 2623 864; x_wconf 73' lang='grc' dir='ltr'>καὶ</span> <span class='ocrx_word' id='word_1_169' title='bbox 2668 807 3011 879; x_wconf 78' lang='grc' dir='ltr'>συμϐολικῶς</span> <span class='ocrx_word' id='word_1_170' title='bbox 3058 807 3180 860; x_wconf 85' lang='grc' dir='ltr'>τότε</span> <span class='ocrx_word' id='word_1_171' title='bbox 3223 805 3573 875; x_wconf 72' lang='grc' dir='ltr'><strong>ἀνακείμενος</strong></span> 
     </span>
    </p>
   </div>
   <div class='ocr_carea' id='block_1_25' title="bbox 2017 899 3573 974">
    <p class='ocr_par' dir='ltr' id='par_1_25' title="bbox 2017 899 3573 974">
     <span class='ocr_line' id='line_1_25' title="bbox 2017 899 3573 974; baseline -0.004 -17"><span class='ocrx_word' id='word_1_172' title='bbox 2017 903 2270 973; x_wconf 83' lang='grc' dir='ltr'><strong>Ἰωάννης</strong></span> <span class='ocrx_word' id='word_1_173' title='bbox 2315 900 2383 974; x_wconf 83' lang='grc' dir='ltr'>ἦν</span> <span class='ocrx_word' id='word_1_174' title='bbox 2418 906 2475 957; x_wconf 82' lang='grc' dir='ltr'>ὲν</span> <span class='ocrx_word' id='word_1_175' title='bbox 2514 903 2594 974; x_wconf 83' lang='grc' dir='ltr'><strong>τῷ</strong></span> <span class='ocrx_word' id='word_1_176' title='bbox 2637 903 2822 973; x_wconf 88' lang='grc' dir='ltr'>κόλπῳ</span> <span class='ocrx_word' id='word_1_177' title='bbox 2861 901 2955 955; x_wconf 73' lang='grc' dir='ltr'>τοῦ</span> <span class='ocrx_word' id='word_1_178' title='bbox 3003 900 3213 970; x_wconf 79' lang='grc' dir='ltr'>Ἰησοῦ,</span> <span class='ocrx_word' id='word_1_179' title='bbox 3267 899 3365 953; x_wconf 75' lang='grc' dir='ltr'>τοῦ</span> <span class='ocrx_word' id='word_1_180' title='bbox 3412 899 3573 968; x_wconf 82' lang='grc' dir='ltr'>γέρως</span> 
     </span>
    </p>
   </div>
   <div class='ocr_carea' id='block_1_26' title="bbox 2005 990 3576 1071">
    <p class='ocr_par' dir='ltr' id='par_1_26' title="bbox 2005 990 3576 1071">
     <span class='ocr_line' id='line_1_26' title="bbox 2005 990 3576 1071; baseline -0.004 -23"><span class='ocrx_word' id='word_1_181' title='bbox 2005 995 2192 1048; x_wconf 85' lang='grc' dir='ltr'>τούτου</span> <span class='ocrx_word' id='word_1_182' title='bbox 2224 995 2475 1060; x_wconf 72' lang='grc' dir='ltr'>ἀξιωθεὶς</span> <span class='ocrx_word' id='word_1_183' title='bbox 2506 995 2582 1060; x_wconf 81' lang='grc' dir='ltr'>ὡς</span> <span class='ocrx_word' id='word_1_184' title='bbox 2619 996 2895 1067; x_wconf 78' lang='grc' dir='ltr'>ἐξαιρέτου</span> <span class='ocrx_word' id='word_1_185' title='bbox 2937 996 3155 1065; x_wconf 78' lang='grc' dir='ltr'><strong>ἀγάπης</strong></span> <span class='ocrx_word' id='word_1_186' title='bbox 3180 991 3400 1071; x_wconf 72' lang='grc' dir='ltr'>κριθεὶς</span> <span class='ocrx_word' id='word_1_187' title='bbox 3445 990 3576 1055; x_wconf 78' lang='grc' dir='ltr'>ἄξιος</span> 
     </span>
    </p>
   </div>
   <div class='ocr_carea' id='block_1_27' title="bbox 2005 1082 3576 1159">
    <p class='ocr_par' dir='ltr' id='par_1_27' title="bbox 2005 1082 3576 1159">
     <span class='ocr_line' id='line_1_27' title="bbox 2005 1082 3576 1159; baseline -0.005 -18"><span class='ocrx_word' id='word_1_188' title='bbox 2005 1089 2104 1159; x_wconf 85' lang='grc' dir='ltr'>τῆς</span> <span class='ocrx_word' id='word_1_189' title='bbox 2128 1088 2237 1141; x_wconf 85' lang='grc' dir='ltr'>ἀπὸ</span> <span class='ocrx_word' id='word_1_190' title='bbox 2264 1087 2358 1141; x_wconf 82' lang='grc' dir='ltr'>τοῦ</span> <span class='ocrx_word' id='word_1_191' title='bbox 2385 1086 2717 1140; x_wconf 88' lang='grc' dir='ltr'>Διδασκάλου</span> <span class='ocrx_word' id='word_1_192' title='bbox 2738 1126 2755 1150; x_wconf 92' lang='grc'><strong>,</strong></span> <span class='ocrx_word' id='word_1_193' title='bbox 2795 1086 2855 1139; x_wconf 85' lang='grc' dir='ltr'><strong>τὸ</strong></span> <span class='ocrx_word' id='word_1_194' title='bbox 2892 1084 3213 1156; x_wconf 83' lang='grc' dir='ltr'>συμϐολικὸν</span> <span class='ocrx_word' id='word_1_195' title='bbox 3241 1082 3406 1136; x_wconf 74' lang='grc' dir='ltr'>τοῦτο</span> <span class='ocrx_word' id='word_1_196' title='bbox 3452 1098 3576 1152; x_wconf 79' lang='grc' dir='ltr'>παρ-</span> 
     </span>
    </p>
   </div>
   <div class='ocr_carea' id='block_1_28' title="bbox 2011 1177 3581 1253">
    <p class='ocr_par' dir='ltr' id='par_1_28' title="bbox 2011 1177 3581 1253">
     <span class='ocr_line' id='line_1_28' title="bbox 2011 1177 3581 1253; baseline -0.003 -20"><span class='ocrx_word' id='word_1_197' title='bbox 2011 1182 2243 1253; x_wconf 75' lang='grc' dir='ltr'>ίστησιν,</span> <span class='ocrx_word' id='word_1_198' title='bbox 2274 1183 2354 1235; x_wconf 81' lang='grc' dir='ltr'><strong>ὃτι</strong></span> <span class='ocrx_word' id='word_1_199' title='bbox 2390 1182 2640 1252; x_wconf 79' lang='grc' dir='ltr'><strong>Ἰωάννης</strong></span> <span class='ocrx_word' id='word_1_200' title='bbox 2664 1180 3018 1251; x_wconf 84' lang='grc' dir='ltr'>ἀνακείμενος</span> <span class='ocrx_word' id='word_1_201' title='bbox 3042 1177 3121 1249; x_wconf 80' lang='grc' dir='ltr'>τῷ</span> <span class='ocrx_word' id='word_1_202' title='bbox 3147 1177 3331 1247; x_wconf 84' lang='grc' dir='ltr'>Λόγῳ,</span> <span class='ocrx_word' id='word_1_203' title='bbox 3363 1177 3461 1229; x_wconf 71' lang='grc' dir='ltr'><strong>καὶ</strong></span> <span class='ocrx_word' id='word_1_204' title='bbox 3482 1177 3581 1239; x_wconf 72' lang='grc' dir='ltr'>τοῖς</span> 
     </span>
    </p>
   </div>
   <div class='ocr_carea' id='block_1_29' title="bbox 2014 1266 3583 1347">
    <p class='ocr_par' dir='ltr' id='par_1_29' title="bbox 2014 1266 3583 1347">
     <span class='ocr_line' id='line_1_29' title="bbox 2014 1266 3583 1347; baseline -0.007 -17"><span class='ocrx_word' id='word_1_205' title='bbox 2014 1276 2437 1347; x_wconf 84' lang='grc' dir='ltr'>μυστικωτέροις</span> <span class='ocrx_word' id='word_1_206' title='bbox 2469 1273 2869 1344; x_wconf 80' lang='grc' dir='ltr'>ὲναπαυόμενος</span> <span class='ocrx_word' id='word_1_207' title='bbox 2891 1312 2908 1337; x_wconf 93' lang='grc'><strong>,</strong></span> <span class='ocrx_word' id='word_1_208' title='bbox 2945 1271 3189 1324; x_wconf 82' lang='grc' dir='ltr'>ἀνέκειτο</span> <span class='ocrx_word' id='word_1_209' title='bbox 3234 1271 3295 1323; x_wconf 79' lang='grc' dir='ltr'>ὲν</span> <span class='ocrx_word' id='word_1_210' title='bbox 3327 1270 3446 1331; x_wconf 87' lang='grc' dir='ltr'>τοῖς</span> <span class='ocrx_word' id='word_1_211' title='bbox 3475 1266 3583 1320; x_wconf 71' lang='grc' dir='ltr'>κόλο-</span> 
     </span>
    </p>
   </div>
   <div class='ocr_carea' id='block_1_30' title="bbox 2014 1357 3582 1436">
    <p class='ocr_par' dir='ltr' id='par_1_30' title="bbox 2014 1357 3582 1436">
     <span class='ocr_line' id='line_1_30' title="bbox 2014 1357 3582 1436; baseline -0.008 -13"><span class='ocrx_word' id='word_1_212' title='bbox 2014 1388 2134 1433; x_wconf 84' lang='grc' dir='ltr'>ποις</span> <span class='ocrx_word' id='word_1_213' title='bbox 2160 1367 2255 1422; x_wconf 80' lang='grc' dir='ltr'><strong>τοῢ</strong></span> <span class='ocrx_word' id='word_1_214' title='bbox 2290 1369 2483 1436; x_wconf 84' lang='grc' dir='ltr'>Λόγου,</span> <span class='ocrx_word' id='word_1_215' title='bbox 2505 1366 2765 1435; x_wconf 81' lang='grc' dir='ltr'>ἀνάλογον</span> <span class='ocrx_word' id='word_1_216' title='bbox 2797 1364 2876 1436; x_wconf 83' lang='grc' dir='ltr'>τῷ</span> <span class='ocrx_word' id='word_1_217' title='bbox 2904 1363 2999 1418; x_wconf 73' lang='grc' dir='ltr'>καὶ</span> <span class='ocrx_word' id='word_1_218' title='bbox 3028 1364 3192 1416; x_wconf 82' lang='grc' dir='ltr'>αὐτὸν</span> <span class='ocrx_word' id='word_1_219' title='bbox 3222 1357 3365 1415; x_wconf 76' lang='grc' dir='ltr'>εἶναι</span> <span class='ocrx_word' id='word_1_220' title='bbox 3392 1362 3454 1412; x_wconf 84' lang='grc' dir='ltr'>ὲν</span> <span class='ocrx_word' id='word_1_221' title='bbox 3484 1361 3582 1422; x_wconf 83' lang='grc' dir='ltr'>τοῖς</span> 
     </span>
    </p>
   </div>
   <div class='ocr_carea' id='block_1_31' title="bbox 2014 1449 3582 1531">
    <p class='ocr_par' dir='ltr' id='par_1_31' title="bbox 2014 1449 3582 1531">
     <span class='ocr_line' id='line_1_31' title="bbox 2014 1449 3582 1531; baseline -0.01 -15"><span class='ocrx_word' id='word_1_222' title='bbox 2014 1463 2233 1524; x_wconf 82' lang='grc' dir='ltr'>κόλποις</span> <span class='ocrx_word' id='word_1_223' title='bbox 2257 1459 2352 1513; x_wconf 84' lang='grc' dir='ltr'>τοῦ</span> <span class='ocrx_word' id='word_1_224' title='bbox 2387 1458 2619 1531; x_wconf 64' lang='grc' dir='ltr'>Πατρός,</span> <span class='ocrx_word' id='word_1_225' title='bbox 2651 1457 2794 1511; x_wconf 86' lang='grc' dir='ltr'><strong>κατά</strong></span> <span class='ocrx_word' id='word_1_226' title='bbox 2820 1456 2882 1510; x_wconf 89' lang='grc' dir='ltr'><strong>τό</strong></span> <span class='ocrx_word' id='word_1_227' title='bbox 2906 1473 2920 1487; x_wconf 74' lang='grc'><strong><em>⁸</em></strong></span> <span class='ocrx_word' id='word_1_228' title='bbox 2960 1475 2980 1506; x_wconf 85' lang='lat' dir='ltr'><strong>t</strong></span> <span class='ocrx_word' id='word_1_229' title='bbox 3018 1456 3076 1508; x_wconf 88' lang='lat'><strong>&#39;0</strong></span> <span class='ocrx_word' id='word_1_230' title='bbox 3108 1452 3411 1524; x_wconf 80' lang='grc' dir='ltr'>μονογενὴς</span> <span class='ocrx_word' id='word_1_231' title='bbox 3432 1449 3582 1513; x_wconf 80' lang='grc' dir='ltr'>Θεὺς,</span> 
     </span>
    </p>
   </div>
   <div class='ocr_carea' id='block_1_32' title="bbox 2014 1548 3579 1622">
    <p class='ocr_par' dir='ltr' id='par_1_32' title="bbox 2014 1548 3579 1622">
     <span class='ocr_line' id='line_1_32' title="bbox 2014 1548 3579 1622; baseline -0.011 -10"><span class='ocrx_word' id='word_1_232' title='bbox 2014 1561 2043 1612; x_wconf 87' lang='grc' dir='ltr'>ὁ</span> <span class='ocrx_word' id='word_1_233' title='bbox 2068 1558 2143 1610; x_wconf 86' lang='grc' dir='ltr'><strong>ὣν</strong></span> <span class='ocrx_word' id='word_1_234' title='bbox 2161 1560 2241 1620; x_wconf 90' lang='grc' dir='ltr'>εἰς</span> <span class='ocrx_word' id='word_1_235' title='bbox 2271 1557 2364 1610; x_wconf 82' lang='grc' dir='ltr'><strong>τὸν</strong></span> <span class='ocrx_word' id='word_1_236' title='bbox 2390 1555 2590 1610; x_wconf 78' lang='grc' dir='ltr'>κόλπον</span> <span class='ocrx_word' id='word_1_237' title='bbox 2610 1552 2701 1606; x_wconf 77' lang='grc' dir='ltr'>τοῦ</span> <span class='ocrx_word' id='word_1_238' title='bbox 2730 1551 2963 1622; x_wconf 72' lang='grc' dir='ltr'>Πατρός,</span> <span class='ocrx_word' id='word_1_239' title='bbox 2985 1551 3192 1611; x_wconf 81' lang='grc' dir='ltr'>ἐκεῖνος</span> <span class='ocrx_word' id='word_1_240' title='bbox 3210 1548 3539 1617; x_wconf 79' lang='grc' dir='ltr'>ἐξηγήσατο.</span> <span class='ocrx_word' id='word_1_241' title='bbox 3564 1564 3579 1593; x_wconf 81' lang='grc' dir='ltr'><strong>ι</strong></span> 
     </span>
    </p>
   </div>
   <div class='ocr_carea' id='block_1_33' title="bbox 2017 1638 3586 1721">
    <p class='ocr_par' dir='ltr' id='par_1_33' title="bbox 2017 1638 3586 1721">
     <span class='ocr_line' id='line_1_33' title="bbox 2017 1638 3586 1721; baseline -0.01 -17"><span class='ocrx_word' id='word_1_242' title='bbox 2017 1653 2081 1704; x_wconf 82' lang='lat' dir='ltr'><strong>Ei</strong></span> <span class='ocrx_word' id='word_1_243' title='bbox 2112 1651 2186 1721; x_wconf 84' lang='grc' dir='ltr'>μὴ</span> <span class='ocrx_word' id='word_1_244' title='bbox 2224 1648 2607 1718; x_wconf 85' lang='grc' dir='ltr'>ταπεινότερον</span> <span class='ocrx_word' id='word_1_245' title='bbox 2626 1646 2683 1698; x_wconf 88' lang='grc' dir='ltr'>δὲ</span> <span class='ocrx_word' id='word_1_246' title='bbox 2708 1643 2978 1714; x_wconf 76' lang='grc' dir='ltr'>ἀκούομεν</span> <span class='ocrx_word' id='word_1_247' title='bbox 3004 1643 3099 1696; x_wconf 70' lang='grc' dir='ltr'><strong>καὶ</strong></span> <span class='ocrx_word' id='word_1_248' title='bbox 3139 1640 3235 1694; x_wconf 81' lang='grc' dir='ltr'><strong>τοῦ</strong></span> <span class='ocrx_word' id='word_1_249' title='bbox 3255 1657 3268 1668; x_wconf 93' lang='grc'><strong>·</strong></span> <span class='ocrx_word' id='word_1_250' title='bbox 3306 1658 3325 1690; x_wconf 84' lang='lat' dir='ltr'><strong>t</strong></span> <span class='ocrx_word' id='word_1_251' title='bbox 3348 1638 3586 1703; x_wconf 75' lang='grc' dir='ltr'>Ἐγένετο</span> 
     </span>
    </p>
   </div>
   <div class='ocr_carea' id='block_1_34' title="bbox 342 1717 1913 1807">
    <p class='ocr_par' dir='ltr' id='par_1_34' title="bbox 342 1731 1913 1798">
     <span class='ocr_line' id='line_1_34' title="bbox 342 1731 1913 1798; baseline 0.006 -16"><span class='ocrx_word' id='word_1_252' title='bbox 342 1749 361 1782; x_wconf 78' lang='grc' dir='ltr'><strong>ι</strong></span> <span class='ocrx_word' id='word_1_253' title='bbox 397 1731 589 1785; x_wconf 84' lang='lat' dir='ltr'><strong>Evenit</strong></span> <span class='ocrx_word' id='word_1_254' title='bbox 618 1740 799 1785; x_wconf 88' lang='lat' dir='ltr'><strong>autem</strong></span> <span class='ocrx_word' id='word_1_255' title='bbox 834 1740 896 1784; x_wconf 91' lang='lat' dir='ltr'><strong>ut</strong></span> <span class='ocrx_word' id='word_1_256' title='bbox 926 1740 1237 1786; x_wconf 82' lang='lat' dir='ltr'><strong>moreretur</strong></span> <span class='ocrx_word' id='word_1_257' title='bbox 1265 1734 1567 1798; x_wconf 87' lang='lat' dir='ltr'><strong>mendicus,</strong></span> <span class='ocrx_word' id='word_1_258' title='bbox 1598 1744 1653 1790; x_wconf 89' lang='lat' dir='ltr'><strong>et</strong></span> <span class='ocrx_word' id='word_1_259' title='bbox 1682 1736 1913 1791; x_wconf 87' lang='lat' dir='ltr'><strong>deduce-</strong></span> 
     </span>
    </p>
   </div>
   <div class='ocr_carea' id='block_1_35' title="bbox 2090 1717 3587 1807">
    <p class='ocr_par' dir='ltr' id='par_1_35' title="bbox 2092 1717 3587 1807">
     <span class='ocr_line' id='line_1_35' title="bbox 2092 1717 3587 1807; baseline -0.009 -13"><span class='ocrx_word' id='word_1_260' title='bbox 2092 1717 2384 1795; x_wconf 81' lang='grc' dir='ltr'>ἀποθανεῖν</span> <span class='ocrx_word' id='word_1_261' title='bbox 2406 1739 2497 1791; x_wconf 80' lang='grc' dir='ltr'>τὸν</span> <span class='ocrx_word' id='word_1_262' title='bbox 2519 1717 2752 1807; x_wconf 82' lang='grc' dir='ltr'>πτωχὸν,</span> <span class='ocrx_word' id='word_1_263' title='bbox 2776 1738 2871 1788; x_wconf 73' lang='grc' dir='ltr'><strong>καὶ</strong></span> <span class='ocrx_word' id='word_1_264' title='bbox 2903 1732 3263 1803; x_wconf 80' lang='grc' dir='ltr'>ἀπενεχθῆναι</span> <span class='ocrx_word' id='word_1_265' title='bbox 3296 1731 3463 1784; x_wconf 78' lang='grc' dir='ltr'>αὐτὸν</span> <span class='ocrx_word' id='word_1_266' title='bbox 3489 1728 3587 1780; x_wconf 73' lang='grc' dir='ltr'>ἀπὸ</span> 
     </span>
    </p>
   </div>
   <div class='ocr_carea' id='block_1_36' title="bbox 337 1826 1907 1900">
    <p class='ocr_par' dir='ltr' id='par_1_36' title="bbox 337 1826 1907 1900">
     <span class='ocr_line' id='line_1_36' title="bbox 337 1826 1907 1900; baseline 0.006 -21"><span class='ocrx_word' id='word_1_267' title='bbox 337 1837 487 1881; x_wconf 86' lang='lat' dir='ltr'><strong>retur</strong></span> <span class='ocrx_word' id='word_1_268' title='bbox 511 1828 579 1880; x_wconf 88' lang='lat' dir='ltr'><strong>ab</strong></span> <span class='ocrx_word' id='word_1_269' title='bbox 601 1826 809 1897; x_wconf 78' lang='lat' dir='ltr'><strong>angelis</strong></span> <span class='ocrx_word' id='word_1_270' title='bbox 838 1829 892 1882; x_wconf 92' lang='lat' dir='ltr'><strong>in</strong></span> <span class='ocrx_word' id='word_1_271' title='bbox 921 1828 1099 1881; x_wconf 88' lang='lat' dir='ltr'><strong>sinum</strong></span> <span class='ocrx_word' id='word_1_272' title='bbox 1132 1827 1606 1892; x_wconf 65' lang='lat' dir='ltr'><strong>Abrahat&quot;,ttale</strong></span> <span class='ocrx_word' id='word_1_273' title='bbox 1650 1832 1907 1900; x_wconf 84' lang='lat' dir='ltr'><strong>quiddam</strong></span> 
     </span>
    </p>
   </div>
   <div class='ocr_carea' id='block_1_37' title="bbox 336 1916 1912 1989">
    <p class='ocr_par' dir='ltr' id='par_1_37' title="bbox 336 1916 1912 1989">
     <span class='ocr_line' id='line_1_37' title="bbox 336 1916 1912 1989; baseline 0.004 -19"><span class='ocrx_word' id='word_1_274' title='bbox 336 1918 404 1971; x_wconf 89' lang='lat' dir='ltr'><strong>de</strong></span> <span class='ocrx_word' id='word_1_275' title='bbox 434 1918 555 1971; x_wconf 89' lang='lat' dir='ltr'><strong>sinu</strong></span> <span class='ocrx_word' id='word_1_276' title='bbox 581 1917 812 1971; x_wconf 68' lang='lat' dir='ltr'><strong>Abraltte</strong></span> <span class='ocrx_word' id='word_1_277' title='bbox 841 1918 1003 1971; x_wconf 87' lang='lat' dir='ltr'><strong>etiam</strong></span> <span class='ocrx_word' id='word_1_278' title='bbox 1035 1916 1531 1982; x_wconf 82' lang='lat' dir='ltr'><strong>considerabimus,</strong></span> <span class='ocrx_word' id='word_1_279' title='bbox 1595 1922 1740 1989; x_wconf 92' lang='lat' dir='ltr'><strong>quod</strong></span> <span class='ocrx_word' id='word_1_280' title='bbox 1768 1923 1912 1977; x_wconf 87' lang='lat' dir='ltr'><strong>hunc</strong></span> 
     </span>
    </p>
   </div>
   <div class='ocr_carea' id='block_1_38' title="bbox 339 2004 1911 2068">
    <p class='ocr_par' dir='ltr' id='par_1_38' title="bbox 339 2004 1911 2068">
     <span class='ocr_line' id='line_1_38' title="bbox 339 2004 1911 2068; baseline 0.006 -11"><span class='ocrx_word' id='word_1_281' title='bbox 339 2006 393 2058; x_wconf 92' lang='lat' dir='ltr'><strong>in</strong></span> <span class='ocrx_word' id='word_1_282' title='bbox 446 2006 664 2059; x_wconf 91' lang='lat' dir='ltr'><strong>modum</strong></span> <span class='ocrx_word' id='word_1_283' title='bbox 721 2006 1126 2068; x_wconf 90' lang='lat' dir='ltr'><strong>enarrabimus,</strong></span> <span class='ocrx_word' id='word_1_284' title='bbox 1176 2018 1276 2061; x_wconf 91' lang='lat' dir='ltr'><strong>nos</strong></span> <span class='ocrx_word' id='word_1_285' title='bbox 1330 2004 1682 2065; x_wconf 85' lang='lat' dir='ltr'><strong>defendentes</strong></span> <span class='ocrx_word' id='word_1_286' title='bbox 1720 2020 1911 2066; x_wconf 88' lang='lat' dir='ltr'><strong>contra</strong></span> 
     </span>
    </p>
   </div>
   <div class='ocr_carea' id='block_1_39' title="bbox 336 2097 1913 2167">
    <p class='ocr_par' dir='ltr' id='par_1_39' title="bbox 336 2097 1913 2167">
     <span class='ocr_line' id='line_1_39' title="bbox 336 2097 1913 2167; baseline 0.005 -18"><span class='ocrx_word' id='word_1_287' title='bbox 336 2098 732 2153; x_wconf 87' lang='lat' dir='ltr'><strong>dnbitationem</strong></span> <span class='ocrx_word' id='word_1_288' title='bbox 750 2112 816 2152; x_wconf 85' lang='lat' dir='ltr'><strong>ex</strong></span> <span class='ocrx_word' id='word_1_289' title='bbox 836 2098 1144 2167; x_wconf 80' lang='lat' dir='ltr'><strong>ignorantia</strong></span> <span class='ocrx_word' id='word_1_290' title='bbox 1172 2097 1475 2167; x_wconf 60' lang='lat' dir='ltr'><strong>Scriptura;</strong></span> <span class='ocrx_word' id='word_1_291' title='bbox 1505 2100 1725 2155; x_wconf 91' lang='lat' dir='ltr'><strong>ductam</strong></span> <span class='ocrx_word' id='word_1_292' title='bbox 1756 2103 1825 2155; x_wconf 93' lang='lat' dir='ltr'><strong>ab</strong></span> <span class='ocrx_word' id='word_1_293' title='bbox 1847 2117 1913 2157; x_wconf 90' lang='lat' dir='ltr'><strong>eo</strong></span> 
     </span>
    </p>
   </div>
   <div class='ocr_carea' id='block_1_40' title="bbox 338 2188 1911 2259">
    <p class='ocr_par' dir='ltr' id='par_1_40' title="bbox 338 2188 1911 2259">
     <span class='ocr_line' id='line_1_40' title="bbox 338 2188 1911 2259; baseline 0.007 -25"><span class='ocrx_word' id='word_1_294' title='bbox 338 2188 1303 2257; x_wconf 80' lang='lat' dir='ltr'><strong>qnispernerevoluitenarrationem</strong></span> <span class='ocrx_word' id='word_1_295' title='bbox 1324 2189 1393 2244; x_wconf 90' lang='lat' dir='ltr'><strong>de</strong></span> <span class='ocrx_word' id='word_1_296' title='bbox 1408 2189 1574 2244; x_wconf 85' lang='lat' dir='ltr'><strong>divite</strong></span> <span class='ocrx_word' id='word_1_297' title='bbox 1586 2199 1911 2259; x_wconf 88' lang='lat' dir='ltr'><strong>etpaupere.</strong></span> 
     </span>
    </p>
   </div>
   <div class='ocr_carea' id='block_1_41' title="bbox 344 2278 1913 2348">
    <p class='ocr_par' dir='ltr' id='par_1_41' title="bbox 344 2278 1913 2348">
     <span class='ocr_line' id='line_1_41' title="bbox 344 2278 1913 2348; baseline 0.004 -17"><span class='ocrx_word' id='word_1_298' title='bbox 344 2298 363 2331; x_wconf 78' lang='grc' dir='ltr'><strong>ι</strong></span> <span class='ocrx_word' id='word_1_299' title='bbox 389 2278 518 2331; x_wconf 86' lang='lat' dir='ltr'><strong>Nam</strong></span> <span class='ocrx_word' id='word_1_300' title='bbox 533 2278 577 2333; x_wconf 92' lang='lat' dir='ltr'><strong>si</strong></span> <span class='ocrx_word' id='word_1_301' title='bbox 599 2279 961 2345; x_wconf 85' lang='lat' dir='ltr'><strong>recumbebat,</strong></span> <span class='ocrx_word' id='word_1_302' title='bbox 982 2280 1178 2348; x_wconf 92' lang='lat' dir='ltr'><strong>inquit,</strong></span> <span class='ocrx_word' id='word_1_303' title='bbox 1197 2280 1500 2335; x_wconf 82' lang='lat' dir='ltr'><strong>Lazarusin</strong></span> <span class='ocrx_word' id='word_1_304' title='bbox 1516 2282 1639 2336; x_wconf 90' lang='lat' dir='ltr'><strong>sinu</strong></span> <span class='ocrx_word' id='word_1_305' title='bbox 1656 2284 1913 2348; x_wconf 75' lang='lat' dir='ltr'><strong>Abralne,</strong></span> 
     </span>
    </p>
   </div>
   <div class='ocr_carea' id='block_1_42' title="bbox 334 2367 1911 2440">
    <p class='ocr_par' dir='ltr' id='par_1_42' title="bbox 334 2367 1911 2440">
     <span class='ocr_line' id='line_1_42' title="bbox 334 2367 1911 2440; baseline 0.004 -18"><span class='ocrx_word' id='word_1_306' title='bbox 334 2367 504 2439; x_wconf 64' lang='lat'><strong>439</strong></span> <span class='ocrx_word' id='word_1_307' title='bbox 551 2369 692 2424; x_wconf 90' lang='lat' dir='ltr'><strong>alter</strong></span> <span class='ocrx_word' id='word_1_308' title='bbox 720 2380 1011 2440; x_wconf 86' lang='lat' dir='ltr'><strong>antequam</strong></span> <span class='ocrx_word' id='word_1_309' title='bbox 1056 2371 1145 2426; x_wconf 85' lang='lat' dir='ltr'><strong>hic</strong></span> <span class='ocrx_word' id='word_1_310' title='bbox 1191 2388 1258 2427; x_wconf 88' lang='lat' dir='ltr'><strong>ex</strong></span> <span class='ocrx_word' id='word_1_311' title='bbox 1300 2373 1403 2427; x_wconf 85' lang='lat' dir='ltr'><strong>bac</strong></span> <span class='ocrx_word' id='word_1_312' title='bbox 1431 2374 1540 2427; x_wconf 88' lang='lat' dir='ltr'><strong>vita</strong></span> <span class='ocrx_word' id='word_1_313' title='bbox 1595 2377 1911 2439; x_wconf 78' lang='lat' dir='ltr'><strong>excederet,</strong></span> 
     </span>
    </p>
   </div>
   <div class='ocr_carea' id='block_1_43' title="bbox 340 2463 1913 2537">
    <p class='ocr_par' dir='ltr' id='par_1_43' title="bbox 340 2463 1913 2537">
     <span class='ocr_line' id='line_1_43' title="bbox 340 2463 1913 2537; baseline 0.006 -23"><span class='ocrx_word' id='word_1_314' title='bbox 340 2469 458 2514; x_wconf 89' lang='lat' dir='ltr'><strong>erat</strong></span> <span class='ocrx_word' id='word_1_315' title='bbox 481 2463 534 2516; x_wconf 93' lang='lat' dir='ltr'><strong>in</strong></span> <span class='ocrx_word' id='word_1_316' title='bbox 557 2464 789 2518; x_wconf 68' lang='lat' dir='ltr'><strong>Abrahae</strong></span> <span class='ocrx_word' id='word_1_317' title='bbox 805 2464 951 2532; x_wconf 89' lang='lat' dir='ltr'><strong>sinu,</strong></span> <span class='ocrx_word' id='word_1_318' title='bbox 973 2474 1030 2520; x_wconf 91' lang='lat' dir='ltr'><strong>et</strong></span> <span class='ocrx_word' id='word_1_319' title='bbox 1059 2474 1187 2520; x_wconf 87' lang='lat' dir='ltr'><strong>ante</strong></span> <span class='ocrx_word' id='word_1_320' title='bbox 1213 2465 1365 2521; x_wconf 92' lang='lat' dir='ltr'><strong>illum</strong></span> <span class='ocrx_word' id='word_1_321' title='bbox 1388 2467 1528 2522; x_wconf 90' lang='lat' dir='ltr'><strong>alius</strong></span> <span class='ocrx_word' id='word_1_322' title='bbox 1553 2484 1569 2521; x_wconf 90' lang='lat'><strong>:</strong></span> <span class='ocrx_word' id='word_1_323' title='bbox 1591 2469 1723 2537; x_wconf 91' lang='lat' dir='ltr'><strong>quin</strong></span> <span class='ocrx_word' id='word_1_324' title='bbox 1747 2470 1913 2524; x_wconf 84' lang='lat' dir='ltr'><strong>etiam</strong></span> 
     </span>
    </p>
   </div>
   <div class='ocr_carea' id='block_1_44' title="bbox 340 2552 1915 2625">
    <p class='ocr_par' dir='ltr' id='par_1_44' title="bbox 340 2552 1915 2625">
     <span class='ocr_line' id='line_1_44' title="bbox 340 2552 1915 2625; baseline 0.008 -22"><span class='ocrx_word' id='word_1_325' title='bbox 340 2552 469 2619; x_wconf 88' lang='lat' dir='ltr'><strong>alio,</strong></span> <span class='ocrx_word' id='word_1_326' title='bbox 523 2553 698 2623; x_wconf 88' lang='lat' dir='ltr'><strong>inquit</strong></span> <span class='ocrx_word' id='word_1_327' title='bbox 724 2592 741 2617; x_wconf 93' lang='lat'><strong>,</strong></span> <span class='ocrx_word' id='word_1_328' title='bbox 773 2554 923 2624; x_wconf 86' lang='lat' dir='ltr'><strong>justo</strong></span> <span class='ocrx_word' id='word_1_329' title='bbox 966 2571 1033 2610; x_wconf 90' lang='lat' dir='ltr'><strong>ex</strong></span> <span class='ocrx_word' id='word_1_330' title='bbox 1087 2557 1199 2612; x_wconf 89' lang='lat' dir='ltr'><strong>vita</strong></span> <span class='ocrx_word' id='word_1_331' title='bbox 1235 2557 1531 2613; x_wconf 86' lang='lat' dir='ltr'><strong>decedente</strong></span> <span class='ocrx_word' id='word_1_332' title='bbox 1560 2598 1577 2625; x_wconf 93' lang='lat'><strong>,</strong></span> <span class='ocrx_word' id='word_1_333' title='bbox 1631 2561 1915 2617; x_wconf 87' lang='lat' dir='ltr'><strong>mendicus</strong></span> 
     </span>
    </p>
   </div>
   <div class='ocr_carea' id='block_1_45' title="bbox 341 2645 1915 2717">
    <p class='ocr_par' dir='ltr' id='par_1_45' title="bbox 341 2645 1915 2717">
     <span class='ocr_line' id='line_1_45' title="bbox 341 2645 1915 2717; baseline 0.008 -20"><span class='ocrx_word' id='word_1_334' title='bbox 341 2656 614 2714; x_wconf 84' lang='lat' dir='ltr'><strong>assurget.</strong></span> <span class='ocrx_word' id='word_1_335' title='bbox 653 2665 673 2699; x_wconf 77' lang='grc' dir='ltr'><strong>ι</strong></span> <span class='ocrx_word' id='word_1_336' title='bbox 706 2645 812 2701; x_wconf 88' lang='lat' dir='ltr'><strong>Sed</strong></span> <span class='ocrx_word' id='word_1_337' title='bbox 848 2646 942 2717; x_wconf 88' lang='lat' dir='ltr'><strong>qni</strong></span> <span class='ocrx_word' id='word_1_338' title='bbox 975 2649 1042 2703; x_wconf 84' lang='lat' dir='ltr'><strong>de.</strong></span> <span class='ocrx_word' id='word_1_339' title='bbox 1070 2651 1221 2705; x_wconf 87' lang='lat' dir='ltr'><strong>hisce</strong></span> <span class='ocrx_word' id='word_1_340' title='bbox 1253 2651 1490 2717; x_wconf 89' lang='lat' dir='ltr'><strong>dubitat,</strong></span> <span class='ocrx_word' id='word_1_341' title='bbox 1528 2669 1637 2709; x_wconf 92' lang='lat' dir='ltr'><strong>non</strong></span> <span class='ocrx_word' id='word_1_342' title='bbox 1672 2655 1806 2709; x_wconf 83' lang='lat' dir='ltr'><strong>vidit</strong></span> <span class='ocrx_word' id='word_1_343' title='bbox 1836 2656 1915 2710; x_wconf 89' lang='lat' dir='ltr'><strong>si-</strong></span> 
     </span>
    </p>
   </div>
   <div class='ocr_carea' id='block_1_46' title="bbox 341 2737 1915 2813">
    <p class='ocr_par' dir='ltr' id='par_1_46' title="bbox 341 2737 1915 2813">
     <span class='ocr_line' id='line_1_46' title="bbox 341 2737 1915 2813; baseline 0.006 -24"><span class='ocrx_word' id='word_1_344' title='bbox 341 2751 469 2790; x_wconf 79' lang='lat' dir='ltr'><strong>num</strong></span> <span class='ocrx_word' id='word_1_345' title='bbox 498 2737 767 2804; x_wconf 71' lang='lat' dir='ltr'><strong>Abrabm;</strong></span> <span class='ocrx_word' id='word_1_346' title='bbox 805 2754 905 2793; x_wconf 87' lang='lat' dir='ltr'><strong>nec</strong></span> <span class='ocrx_word' id='word_1_347' title='bbox 951 2738 1114 2796; x_wconf 80' lang='lat' dir='ltr'><strong>facile</strong></span> <span class='ocrx_word' id='word_1_348' title='bbox 1160 2741 1306 2796; x_wconf 88' lang='lat' dir='ltr'><strong>factu</strong></span> <span class='ocrx_word' id='word_1_349' title='bbox 1330 2757 1452 2798; x_wconf 86' lang='lat' dir='ltr'><strong>esse</strong></span> <span class='ocrx_word' id='word_1_350' title='bbox 1480 2745 1634 2813; x_wconf 86' lang='lat' dir='ltr'><strong>vidit,</strong></span> <span class='ocrx_word' id='word_1_351' title='bbox 1670 2756 1728 2799; x_wconf 94' lang='lat' dir='ltr'><strong>ut</strong></span> <span class='ocrx_word' id='word_1_352' title='bbox 1755 2748 1915 2800; x_wconf 81' lang='lat' dir='ltr'><strong>innu-</strong></span> 
     </span>
    </p>
   </div>
   <div class='ocr_carea' id='block_1_47' title="bbox 343 2829 1918 2907">
    <p class='ocr_par' dir='ltr' id='par_1_47' title="bbox 343 2829 1918 2907">
     <span class='ocr_line' id='line_1_47' title="bbox 343 2829 1918 2907; baseline 0.007 -26"><span class='ocrx_word' id='word_1_353' title='bbox 343 2829 476 2882; x_wconf 89' lang='lat' dir='ltr'><strong>meri</strong></span> <span class='ocrx_word' id='word_1_354' title='bbox 509 2830 562 2883; x_wconf 88' lang='lat' dir='ltr'><strong>iu</strong></span> <span class='ocrx_word' id='word_1_355' title='bbox 610 2830 731 2884; x_wconf 89' lang='lat' dir='ltr'><strong>sinu</strong></span> <span class='ocrx_word' id='word_1_356' title='bbox 763 2832 996 2886; x_wconf 66' lang='lat' dir='ltr'><strong>Abrahae</strong></span> <span class='ocrx_word' id='word_1_357' title='bbox 1027 2849 1133 2886; x_wconf 90' lang='lat' dir='ltr'><strong>una</strong></span> <span class='ocrx_word' id='word_1_358' title='bbox 1167 2835 1582 2904; x_wconf 88' lang='lat' dir='ltr'><strong>conquiescant,</strong></span> <span class='ocrx_word' id='word_1_359' title='bbox 1626 2838 1918 2907; x_wconf 89' lang='lat' dir='ltr'><strong>participes</strong></span> 
     </span>
    </p>
   </div>
   <div class='ocr_carea' id='block_1_48' title="bbox 344 2921 1916 2999">
    <p class='ocr_par' dir='ltr' id='par_1_48' title="bbox 344 2921 1916 2999">
     <span class='ocr_line' id='line_1_48' title="bbox 344 2921 1916 2999; baseline 0.006 -25"><span class='ocrx_word' id='word_1_360' title='bbox 344 2935 524 2975; x_wconf 86' lang='lat' dir='ltr'><strong>rerum</strong></span> <span class='ocrx_word' id='word_1_361' title='bbox 557 2921 636 2974; x_wconf 91' lang='lat' dir='ltr'><strong>illi</strong></span> <span class='ocrx_word' id='word_1_362' title='bbox 668 2932 1019 2981; x_wconf 88' lang='lat' dir='ltr'><strong>retectarum.</strong></span> <span class='ocrx_word' id='word_1_363' title='bbox 1067 2922 1164 2979; x_wconf 89' lang='lat' dir='ltr'><strong>Sin</strong></span> <span class='ocrx_word' id='word_1_364' title='bbox 1195 2940 1327 2981; x_wconf 89' lang='lat' dir='ltr'><strong>vero</strong></span> <span class='ocrx_word' id='word_1_365' title='bbox 1371 2926 1550 2982; x_wconf 91' lang='lat' dir='ltr'><strong>locum</strong></span> <span class='ocrx_word' id='word_1_366' title='bbox 1602 2929 1768 2983; x_wconf 91' lang='lat' dir='ltr'><strong>alium</strong></span> <span class='ocrx_word' id='word_1_367' title='bbox 1818 2945 1916 2999; x_wconf 91' lang='lat' dir='ltr'><strong>pro</strong></span> 
     </span>
    </p>
   </div>
   <div class='ocr_carea' id='block_1_49' title="bbox 2013 1820 3588 1901">
    <p class='ocr_par' dir='ltr' id='par_1_49' title="bbox 2013 1820 3588 1901">
     <span class='ocr_line' id='line_1_49' title="bbox 2013 1820 3588 1901; baseline -0.011 -14"><span class='ocrx_word' id='word_1_368' title='bbox 2013 1833 2121 1887; x_wconf 84' lang='grc' dir='ltr'>τῶν</span> <span class='ocrx_word' id='word_1_369' title='bbox 2152 1832 2396 1901; x_wconf 84' lang='grc' dir='ltr'>ἀγγέλων</span> <span class='ocrx_word' id='word_1_370' title='bbox 2433 1833 2513 1894; x_wconf 73' lang='grc' dir='ltr'><strong>εἰς</strong></span> <span class='ocrx_word' id='word_1_371' title='bbox 2540 1830 2630 1882; x_wconf 83' lang='grc' dir='ltr'><strong>τὸν</strong></span> <span class='ocrx_word' id='word_1_372' title='bbox 2662 1828 2860 1882; x_wconf 83' lang='grc' dir='ltr'>κόλπον</span> <span class='ocrx_word' id='word_1_373' title='bbox 2901 1825 3183 1897; x_wconf 77' lang='grc' dir='ltr'>’Δϐραάμ,</span> <span class='ocrx_word' id='word_1_374' title='bbox 3219 1842 3238 1876; x_wconf 75' lang='grc' dir='ltr'><strong>ι</strong></span> <span class='ocrx_word' id='word_1_375' title='bbox 3272 1820 3519 1875; x_wconf 79' lang='grc' dir='ltr'>τοιοῦτόν</span> <span class='ocrx_word' id='word_1_376' title='bbox 3541 1837 3588 1871; x_wconf 78' lang='grc' dir='ltr'>τι</span> 
     </span>
    </p>
   </div>
   <div class='ocr_carea' id='block_1_50' title="bbox 2018 1916 3586 1998">
    <p class='ocr_par' dir='ltr' id='par_1_50' title="bbox 2018 1916 3586 1998">
     <span class='ocr_line' id='line_1_50' title="bbox 2018 1916 3586 1998; baseline -0.006 -18"><span class='ocrx_word' id='word_1_377' title='bbox 2018 1928 2108 1985; x_wconf 60' lang='grc' dir='ltr'>καὶ</span> <span class='ocrx_word' id='word_1_378' title='bbox 2135 1928 2262 1998; x_wconf 80' lang='grc' dir='ltr'>περὶ</span> <span class='ocrx_word' id='word_1_379' title='bbox 2293 1924 2386 1979; x_wconf 79' lang='grc' dir='ltr'>τοῦ</span> <span class='ocrx_word' id='word_1_380' title='bbox 2417 1926 2617 1978; x_wconf 85' lang='grc' dir='ltr'>κόλπου</span> <span class='ocrx_word' id='word_1_381' title='bbox 2659 1922 2909 1994; x_wconf 73' lang='grc' dir='ltr'>Ἀϐραὰμ</span> <span class='ocrx_word' id='word_1_382' title='bbox 2938 1923 3200 1992; x_wconf 84' lang='grc' dir='ltr'>νοήσομεν</span> <span class='ocrx_word' id='word_1_383' title='bbox 3241 1916 3388 1990; x_wconf 90' lang='grc'><strong>(88)·</strong></span> <span class='ocrx_word' id='word_1_384' title='bbox 3439 1918 3586 1985; x_wconf 80' lang='grc' dir='ltr'>ὅπερ.</span> 
     </span>
    </p>
   </div>
   <div class='ocr_carea' id='block_1_51' title="bbox 2014 2007 3589 2086">
    <p class='ocr_par' dir='ltr' id='par_1_51' title="bbox 2014 2007 3589 2086">
     <span class='ocr_line' id='line_1_51' title="bbox 2014 2007 3589 2086; baseline -0.008 -14"><span class='ocrx_word' id='word_1_385' title='bbox 2014 2019 2109 2072; x_wconf 76' lang='grc' dir='ltr'><strong>ὲάν</strong></span> <span class='ocrx_word' id='word_1_386' title='bbox 2141 2018 2312 2080; x_wconf 79' lang='grc' dir='ltr'>οὓτως</span> <span class='ocrx_word' id='word_1_387' title='bbox 2339 2014 2727 2086; x_wconf 85' lang='grc' dir='ltr'>διηγησώμεθα</span> <span class='ocrx_word' id='word_1_388' title='bbox 2750 2055 2765 2076; x_wconf 87' lang='grc'><strong>,</strong></span> <span class='ocrx_word' id='word_1_389' title='bbox 2796 2012 3266 2082; x_wconf 83' lang='grc' dir='ltr'>ἀπολογησάμενοι</span> <span class='ocrx_word' id='word_1_390' title='bbox 3315 2009 3459 2079; x_wconf 81' lang='grc' dir='ltr'>πρὸς</span> <span class='ocrx_word' id='word_1_391' title='bbox 3501 2007 3589 2074; x_wconf 73' lang='grc' dir='ltr'><strong>τὴν</strong></span> 
     </span>
    </p>
   </div>
   <div class='ocr_carea' id='block_1_52' title="bbox 2014 2100 3589 2180">
    <p class='ocr_par' dir='ltr' id='par_1_52' title="bbox 2014 2100 3589 2180">
     <span class='ocr_line' id='line_1_52' title="bbox 2014 2100 3589 2180; baseline -0.008 -15"><span class='ocrx_word' id='word_1_392' title='bbox 2014 2114 2134 2165; x_wconf 83' lang='grc' dir='ltr'>κατ’</span> <span class='ocrx_word' id='word_1_393' title='bbox 2178 2110 2400 2179; x_wconf 80' lang='grc' dir='ltr'>ἄγνοιαν</span> <span class='ocrx_word' id='word_1_394' title='bbox 2434 2111 2561 2180; x_wconf 80' lang='grc' dir='ltr'><strong>περὶ</strong></span> <span class='ocrx_word' id='word_1_395' title='bbox 2588 2108 2690 2178; x_wconf 79' lang='grc' dir='ltr'><strong>τῆς</strong></span> <span class='ocrx_word' id='word_1_396' title='bbox 2720 2108 2939 2179; x_wconf 80' lang='grc' dir='ltr'>Γραφῆς</span> <span class='ocrx_word' id='word_1_397' title='bbox 2973 2105 3348 2177; x_wconf 83' lang='grc' dir='ltr'>ὲπαπόρησιν,</span> <span class='ocrx_word' id='word_1_398' title='bbox 3377 2100 3589 2171; x_wconf 79' lang='grc' dir='ltr'>λεχθείη</span> 
     </span>
    </p>
   </div>
   <div class='ocr_carea' id='block_1_53' title="bbox 2017 2191 3592 2269">
    <p class='ocr_par' dir='ltr' id='par_1_53' title="bbox 2017 2191 3592 2269">
     <span class='ocr_line' id='line_1_53' title="bbox 2017 2191 3592 2269; baseline -0.006 -14"><span class='ocrx_word' id='word_1_399' title='bbox 2017 2202 2083 2255; x_wconf 85' lang='grc' dir='ltr'><strong>ἂν</strong></span> <span class='ocrx_word' id='word_1_400' title='bbox 2111 2202 2215 2255; x_wconf 81' lang='grc' dir='ltr'><strong>ὑπὸ</strong></span> <span class='ocrx_word' id='word_1_401' title='bbox 2243 2200 2336 2254; x_wconf 78' lang='grc' dir='ltr'>τοῦ</span> <span class='ocrx_word' id='word_1_402' title='bbox 2373 2198 2722 2269; x_wconf 78' lang='grc' dir='ltr'>βουληθέντος</span> <span class='ocrx_word' id='word_1_403' title='bbox 2752 2197 3011 2267; x_wconf 77' lang='grc' dir='ltr'>ἀθετῆσαι</span> <span class='ocrx_word' id='word_1_404' title='bbox 3039 2196 3138 2266; x_wconf 79' lang='grc' dir='ltr'><strong>τὴν</strong></span> <span class='ocrx_word' id='word_1_405' title='bbox 3165 2196 3297 2266; x_wconf 74' lang='grc' dir='ltr'>περὶ</span> <span class='ocrx_word' id='word_1_406' title='bbox 3320 2194 3415 2246; x_wconf 81' lang='grc' dir='ltr'><strong>τὸν</strong></span> <span class='ocrx_word' id='word_1_407' title='bbox 3442 2191 3592 2245; x_wconf 76' lang='grc' dir='ltr'>πλού-</span> 
     </span>
    </p>
   </div>
   <div class='ocr_carea' id='block_1_54' title="bbox 2017 2283 3590 2360">
    <p class='ocr_par' dir='ltr' id='par_1_54' title="bbox 2017 2283 3590 2360">
     <span class='ocr_line' id='line_1_54' title="bbox 2017 2283 3590 2360; baseline -0.007 -15"><span class='ocrx_word' id='word_1_408' title='bbox 2017 2309 2130 2345; x_wconf 92' lang='grc' dir='ltr'>σιον</span> <span class='ocrx_word' id='word_1_409' title='bbox 2167 2291 2261 2345; x_wconf 78' lang='grc' dir='ltr'><strong>καὶ</strong></span> <span class='ocrx_word' id='word_1_410' title='bbox 2314 2290 2405 2344; x_wconf 85' lang='grc' dir='ltr'>τὸν</span> <span class='ocrx_word' id='word_1_411' title='bbox 2438 2290 2645 2360; x_wconf 84' lang='grc' dir='ltr'>πένητα</span> <span class='ocrx_word' id='word_1_412' title='bbox 2676 2288 2926 2359; x_wconf 75' lang='grc' dir='ltr'>διήγησιν</span> <span class='ocrx_word' id='word_1_413' title='bbox 2948 2302 2962 2316; x_wconf 85' lang='grc'><strong>·</strong></span> <span class='ocrx_word' id='word_1_414' title='bbox 3021 2306 3040 2336; x_wconf 80' lang='grc' dir='ltr'><strong>ι</strong></span> <span class='ocrx_word' id='word_1_415' title='bbox 3080 2285 3142 2337; x_wconf 87' lang='grc' dir='ltr'><strong>Εἰ</strong></span> <span class='ocrx_word' id='word_1_416' title='bbox 3174 2284 3288 2355; x_wconf 77' lang='grc' dir='ltr'><strong>γὰρ</strong></span> <span class='ocrx_word' id='word_1_417' title='bbox 3328 2283 3590 2345; x_wconf 82' lang='grc' dir='ltr'>ἀνέκειτο,</span> 
     </span>
    </p>
   </div>
   <div class='ocr_carea' id='block_1_55' title="bbox 2017 2375 3590 2454">
    <p class='ocr_par' dir='ltr' id='par_1_55' title="bbox 2017 2375 3590 2454">
     <span class='ocr_line' id='line_1_55' title="bbox 2017 2375 3590 2454; baseline -0.006 -18"><span class='ocrx_word' id='word_1_418' title='bbox 2017 2384 2220 2454; x_wconf 74' lang='grc' dir='ltr'>φησὶν,</span> <span class='ocrx_word' id='word_1_419' title='bbox 2281 2384 2361 2445; x_wconf 85' lang='grc' dir='ltr'><strong>είς</strong></span> <span class='ocrx_word' id='word_1_420' title='bbox 2405 2381 2497 2435; x_wconf 86' lang='grc' dir='ltr'><strong>τὸν</strong></span> <span class='ocrx_word' id='word_1_421' title='bbox 2561 2380 2759 2434; x_wconf 88' lang='grc' dir='ltr'>κόλπον</span> <span class='ocrx_word' id='word_1_422' title='bbox 2814 2378 2908 2431; x_wconf 77' lang='grc' dir='ltr'><strong>τοῦ</strong></span> <span class='ocrx_word' id='word_1_423' title='bbox 2949 2377 3199 2449; x_wconf 74' lang='grc' dir='ltr'>Ἀϐραὰμ</span> <span class='ocrx_word' id='word_1_424' title='bbox 3242 2378 3272 2429; x_wconf 85' lang='grc' dir='ltr'><strong>ό</strong></span> <span class='ocrx_word' id='word_1_425' title='bbox 3320 2375 3590 2445; x_wconf 78' lang='grc' dir='ltr'>Λάζαρος,</span> 
     </span>
    </p>
   </div>
   <div class='ocr_carea' id='block_1_56' title="bbox 2015 2464 3594 2549">
    <p class='ocr_par' dir='ltr' id='par_1_56' title="bbox 2015 2464 3594 2549">
     <span class='ocr_line' id='line_1_56' title="bbox 2015 2464 3594 2549; baseline -0.009 -18"><span class='ocrx_word' id='word_1_426' title='bbox 2015 2478 2204 2549; x_wconf 69' lang='grc' dir='ltr'>ἔτερος</span> <span class='ocrx_word' id='word_1_427' title='bbox 2236 2476 2343 2548; x_wconf 88' lang='grc' dir='ltr'><strong>πρὸ</strong></span> <span class='ocrx_word' id='word_1_428' title='bbox 2380 2474 2474 2528; x_wconf 79' lang='grc' dir='ltr'>τοῦ</span> <span class='ocrx_word' id='word_1_429' title='bbox 2507 2474 2694 2527; x_wconf 77' lang='grc' dir='ltr'>τοῦτον</span> <span class='ocrx_word' id='word_1_430' title='bbox 2736 2472 2970 2539; x_wconf 73' lang='grc' dir='ltr'>ἐξελθεῖν</span> <span class='ocrx_word' id='word_1_431' title='bbox 3010 2470 3105 2523; x_wconf 75' lang='grc' dir='ltr'>τοῦ</span> <span class='ocrx_word' id='word_1_432' title='bbox 3138 2470 3279 2540; x_wconf 80' lang='grc' dir='ltr'>βίου,</span> <span class='ocrx_word' id='word_1_433' title='bbox 3316 2464 3389 2539; x_wconf 81' lang='grc' dir='ltr'>ἦν</span> <span class='ocrx_word' id='word_1_434' title='bbox 3430 2470 3491 2519; x_wconf 83' lang='grc' dir='ltr'>ὲν</span> <span class='ocrx_word' id='word_1_435' title='bbox 3524 2466 3594 2536; x_wconf 77' lang='grc' dir='ltr'>τῷ</span> 
     </span>
    </p>
   </div>
   <div class='ocr_carea' id='block_1_57' title="bbox 2018 2559 3594 2640">
    <p class='ocr_par' dir='ltr' id='par_1_57' title="bbox 2018 2559 3594 2640">
     <span class='ocr_line' id='line_1_57' title="bbox 2018 2559 3594 2640; baseline -0.007 -17"><span class='ocrx_word' id='word_1_436' title='bbox 2018 2569 2203 2640; x_wconf 85' lang='grc' dir='ltr'>κόλπῳ</span> <span class='ocrx_word' id='word_1_437' title='bbox 2242 2566 2336 2622; x_wconf 81' lang='grc' dir='ltr'>τοῦ</span> <span class='ocrx_word' id='word_1_438' title='bbox 2365 2566 2653 2639; x_wconf 78' lang='grc' dir='ltr'>Ἀϐραὰμ,</span> <span class='ocrx_word' id='word_1_439' title='bbox 2705 2567 2800 2619; x_wconf 61' lang='grc' dir='ltr'><strong>καὶ⁵</strong></span> <span class='ocrx_word' id='word_1_440' title='bbox 2854 2565 2961 2637; x_wconf 83' lang='grc' dir='ltr'><strong>πρὸ</strong></span> <span class='ocrx_word' id='word_1_441' title='bbox 2991 2564 3198 2617; x_wconf 77' lang='grc' dir='ltr'>ἐκείνου</span> <span class='ocrx_word' id='word_1_442' title='bbox 3233 2562 3415 2625; x_wconf 75' lang='grc' dir='ltr'>ἄλλος·</span> <span class='ocrx_word' id='word_1_443' title='bbox 3470 2559 3594 2613; x_wconf 73' lang='grc' dir='ltr'><strong>ἀλλά</strong></span> 
     </span>
    </p>
   </div>
   <div class='ocr_carea' id='block_1_58' title="bbox 2018 2656 3594 2733">
    <p class='ocr_par' dir='ltr' id='par_1_58' title="bbox 2018 2656 3594 2733">
     <span class='ocr_line' id='line_1_58' title="bbox 2018 2656 3594 2733; baseline -0.006 -17"><span class='ocrx_word' id='word_1_444' title='bbox 2018 2664 2111 2717; x_wconf 78' lang='grc' dir='ltr'>καὶ</span> <span class='ocrx_word' id='word_1_445' title='bbox 2140 2662 2488 2733; x_wconf 78' lang='grc' dir='ltr'>ἄλλου,φησὶ,</span> <span class='ocrx_word' id='word_1_446' title='bbox 2512 2660 2718 2714; x_wconf 81' lang='grc' dir='ltr'>δικαίου</span> <span class='ocrx_word' id='word_1_447' title='bbox 2749 2658 3074 2726; x_wconf 70' lang='grc' dir='ltr'>ἐξελθόντος,</span> <span class='ocrx_word' id='word_1_448' title='bbox 3096 2660 3125 2710; x_wconf 86' lang='grc' dir='ltr'>ὁ</span> <span class='ocrx_word' id='word_1_449' title='bbox 3141 2656 3356 2726; x_wconf 79' lang='grc' dir='ltr'>πτωχὸς</span> <span class='ocrx_word' id='word_1_450' title='bbox 3390 2656 3594 2709; x_wconf 75' lang='grc' dir='ltr'>ὕπαναο</span> 
     </span>
    </p>
   </div>
   <div class='ocr_carea' id='block_1_59' title="bbox 2019 2747 3594 2826">
    <p class='ocr_par' dir='ltr' id='par_1_59' title="bbox 2019 2747 3594 2826">
     <span class='ocr_line' id='line_1_59' title="bbox 2019 2747 3594 2826; baseline -0.006 -18"><span class='ocrx_word' id='word_1_451' title='bbox 2019 2757 2305 2826; x_wconf 72' lang='grc' dir='ltr'>στήσεταιο</span> <span class='ocrx_word' id='word_1_452' title='bbox 2351 2774 2369 2805; x_wconf 75' lang='grc' dir='ltr'><strong>ι</strong></span> <span class='ocrx_word' id='word_1_453' title='bbox 2423 2755 2485 2806; x_wconf 79' lang='grc' dir='ltr'>οὐ</span> <span class='ocrx_word' id='word_1_454' title='bbox 2518 2754 2627 2824; x_wconf 74' lang='grc' dir='ltr'><strong>γὰρ</strong></span> <span class='ocrx_word' id='word_1_455' title='bbox 2678 2750 2825 2821; x_wconf 79' lang='grc' dir='ltr'>ἑώρα</span> <span class='ocrx_word' id='word_1_456' title='bbox 2870 2752 2961 2804; x_wconf 85' lang='grc' dir='ltr'>τὸν</span> <span class='ocrx_word' id='word_1_457' title='bbox 2990 2750 3189 2803; x_wconf 81' lang='grc' dir='ltr'>κόλπον</span> <span class='ocrx_word' id='word_1_458' title='bbox 3215 2748 3312 2801; x_wconf 81' lang='grc' dir='ltr'>τοῦ</span> <span class='ocrx_word' id='word_1_459' title='bbox 3343 2747 3594 2817; x_wconf 67' lang='grc' dir='ltr'>Ἀϐραὰμ</span> 
     </span>
    </p>
   </div>
   <div class='ocr_carea' id='block_1_60' title="bbox 2017 2838 3593 2918">
    <p class='ocr_par' dir='ltr' id='par_1_60' title="bbox 2017 2838 3593 2918">
     <span class='ocr_line' id='line_1_60' title="bbox 2017 2838 3593 2918; baseline -0.006 -20"><span class='ocrx_word' id='word_1_460' title='bbox 2017 2847 2047 2900; x_wconf 87' lang='grc' dir='ltr'><strong>δ</strong></span> <span class='ocrx_word' id='word_1_461' title='bbox 2080 2846 2210 2918; x_wconf 72' lang='grc' dir='ltr'>περὶ</span> <span class='ocrx_word' id='word_1_462' title='bbox 2236 2843 2440 2897; x_wconf 85' lang='grc' dir='ltr'>τούτων</span> <span class='ocrx_word' id='word_1_463' title='bbox 2467 2842 2791 2914; x_wconf 72' lang='grc' dir='ltr'>ὲπαποριῖιν,</span> <span class='ocrx_word' id='word_1_464' title='bbox 2838 2842 2934 2895; x_wconf 80' lang='grc' dir='ltr'>καὶ</span> <span class='ocrx_word' id='word_1_465' title='bbox 2975 2843 3058 2893; x_wconf 86' lang='grc' dir='ltr'>ὅτι</span> <span class='ocrx_word' id='word_1_466' title='bbox 3091 2838 3316 2893; x_wconf 83' lang='grc' dir='ltr'>δυνατόν</span> <span class='ocrx_word' id='word_1_467' title='bbox 3348 2841 3471 2891; x_wconf 78' lang='grc' dir='ltr'>ἐστι</span> <span class='ocrx_word' id='word_1_468' title='bbox 3511 2856 3593 2907; x_wconf 80' lang='grc' dir='ltr'>μυ-</span> 
     </span>
    </p>
   </div>
   <div class='ocr_carea' id='block_1_61' title="bbox 2024 2928 3594 3009">
    <p class='ocr_par' dir='ltr' id='par_1_61' title="bbox 2024 2928 3594 3009">
     <span class='ocr_line' id='line_1_61' title="bbox 2024 2928 3594 3009; baseline -0.005 -20"><span class='ocrx_word' id='word_1_469' title='bbox 2024 2936 2171 3009; x_wconf 85' lang='grc' dir='ltr'>ρίους</span> <span class='ocrx_word' id='word_1_470' title='bbox 2202 2939 2262 2989; x_wconf 84' lang='grc' dir='ltr'>ὲν</span> <span class='ocrx_word' id='word_1_471' title='bbox 2286 2936 2366 3007; x_wconf 78' lang='grc' dir='ltr'><strong>τῷ</strong></span> <span class='ocrx_word' id='word_1_472' title='bbox 2394 2936 2581 3007; x_wconf 78' lang='grc' dir='ltr'>κόλπῳ</span> <span class='ocrx_word' id='word_1_473' title='bbox 2603 2933 2698 2987; x_wconf 82' lang='grc' dir='ltr'>τοῦ</span> <span class='ocrx_word' id='word_1_474' title='bbox 2727 2932 2980 3005; x_wconf 82' lang='grc' dir='ltr'>’Δϐραάμ</span> <span class='ocrx_word' id='word_1_475' title='bbox 3022 2933 3143 3002; x_wconf 78' lang='grc' dir='ltr'><strong>ἅμα</strong></span> <span class='ocrx_word' id='word_1_476' title='bbox 3185 2928 3594 2984; x_wconf 65' lang='grc' dir='ltr'>ἀναπαύσεσθαι</span> 
     </span>
    </p>
   </div>
   <div class='ocr_carea' id='block_1_62' title="bbox 342 3016 1913 3113">
    <p class='ocr_par' dir='ltr' id='par_1_62' title="bbox 342 3016 1913 3093">
     <span class='ocr_line' id='line_1_62' title="bbox 342 3016 1913 3093; baseline 0.008 -24"><span class='ocrx_word' id='word_1_477' title='bbox 342 3017 492 3071; x_wconf 83' lang='lat' dir='ltr'><strong>sinus</strong></span> <span class='ocrx_word' id='word_1_478' title='bbox 514 3016 923 3072; x_wconf 85' lang='lat' dir='ltr'><strong>nomenclatura</strong></span> <span class='ocrx_word' id='word_1_479' title='bbox 958 3019 1011 3073; x_wconf 90' lang='lat' dir='ltr'><strong>in</strong></span> <span class='ocrx_word' id='word_1_480' title='bbox 1052 3019 1292 3074; x_wconf 91' lang='lat' dir='ltr'><strong>medium</strong></span> <span class='ocrx_word' id='word_1_481' title='bbox 1323 3020 1571 3090; x_wconf 86' lang='lat' dir='ltr'><strong>proferre</strong></span> <span class='ocrx_word' id='word_1_482' title='bbox 1590 3037 1725 3093; x_wconf 87' lang='lat' dir='ltr'><strong>opus</strong></span> <span class='ocrx_word' id='word_1_483' title='bbox 1749 3023 1913 3081; x_wconf 90' lang='lat' dir='ltr'><strong>fuerit</strong></span> 
     </span>
    </p>
   </div>
   <div class='ocr_carea' id='block_1_63' title="bbox 2090 3016 3595 3113">
    <p class='ocr_par' dir='ltr' id='par_1_63' title="bbox 2093 3019 3595 3092">
     <span class='ocr_line' id='line_1_63' title="bbox 2093 3019 3595 3092; baseline -0.006 -13"><span class='ocrx_word' id='word_1_484' title='bbox 2093 3024 2413 3089; x_wconf 85' lang='grc' dir='ltr'>ινωνοῦντας</span> <span class='ocrx_word' id='word_1_485' title='bbox 2453 3025 2562 3078; x_wconf 83' lang='grc' dir='ltr'>τῶν</span> <span class='ocrx_word' id='word_1_486' title='bbox 2588 3022 3081 3092; x_wconf 82' lang='grc' dir='ltr'>ἀποκαλυφθέντων</span> <span class='ocrx_word' id='word_1_487' title='bbox 3119 3020 3290 3090; x_wconf 71' lang='grc' dir='ltr'>αὐτῷ.</span> <span class='ocrx_word' id='word_1_488' title='bbox 3329 3021 3394 3073; x_wconf 84' lang='grc' dir='ltr'><strong>Εἰ</strong></span> <span class='ocrx_word' id='word_1_489' title='bbox 3423 3019 3483 3073; x_wconf 80' lang='grc' dir='ltr'>δὲ</span> <span class='ocrx_word' id='word_1_490' title='bbox 3510 3020 3595 3071; x_wconf 72' lang='grc' dir='ltr'>καὶ</span> 
     </span>
    </p>
   </div>
   <div class='ocr_carea' id='block_1_64' title="bbox 342 3109 1919 3183">
    <p class='ocr_par' dir='ltr' id='par_1_64' title="bbox 342 3109 1919 3183">
     <span class='ocr_line' id='line_1_64' title="bbox 342 3109 1919 3183; baseline 0.007 -22"><span class='ocrx_word' id='word_1_491' title='bbox 342 3124 408 3162; x_wconf 92' lang='lat' dir='ltr'><strong>ex</strong></span> <span class='ocrx_word' id='word_1_492' title='bbox 438 3109 743 3179; x_wconf 86' lang='lat' dir='ltr'><strong>Scriptura,</strong></span> <span class='ocrx_word' id='word_1_493' title='bbox 775 3126 873 3181; x_wconf 90' lang='lat' dir='ltr'><strong>age</strong></span> <span class='ocrx_word' id='word_1_494' title='bbox 898 3112 1279 3167; x_wconf 90' lang='lat' dir='ltr'><strong>examinemus</strong></span> <span class='ocrx_word' id='word_1_495' title='bbox 1308 3128 1545 3182; x_wconf 86' lang='lat' dir='ltr'><strong>quonam</strong></span> <span class='ocrx_word' id='word_1_496' title='bbox 1578 3125 1736 3183; x_wconf 89' lang='lat' dir='ltr'><strong>pacto</strong></span> <span class='ocrx_word' id='word_1_497' title='bbox 1766 3116 1919 3172; x_wconf 91' lang='lat' dir='ltr'><strong>dixe-</strong></span> 
     </span>
    </p>
   </div>
   <div class='ocr_carea' id='block_1_65' title="bbox 347 3203 1916 3276">
    <p class='ocr_par' dir='ltr' id='par_1_65' title="bbox 347 3203 1916 3276">
     <span class='ocr_line' id='line_1_65' title="bbox 347 3203 1916 3276; baseline 0.006 -22"><span class='ocrx_word' id='word_1_498' title='bbox 347 3204 416 3256; x_wconf 90' lang='lat' dir='ltr'><strong>rit</strong></span> <span class='ocrx_word' id='word_1_499' title='bbox 450 3203 709 3258; x_wconf 88' lang='lat' dir='ltr'><strong>Dominus</strong></span> <span class='ocrx_word' id='word_1_500' title='bbox 760 3203 971 3276; x_wconf 75' lang='lat' dir='ltr'><strong>Moysi:</strong></span> <span class='ocrx_word' id='word_1_501' title='bbox 1012 3222 1033 3256; x_wconf 78' lang='grc' dir='ltr'><strong>ι</strong></span> <span class='ocrx_word' id='word_1_502' title='bbox 1069 3203 1282 3259; x_wconf 62' lang='lat' dir='ltr'><strong>Rumus</strong></span> <span class='ocrx_word' id='word_1_503' title='bbox 1328 3205 1471 3260; x_wconf 85' lang='lat' dir='ltr'><strong>infer</strong></span> <span class='ocrx_word' id='word_1_504' title='bbox 1517 3222 1736 3262; x_wconf 85' lang='lat' dir='ltr'><strong>manum</strong></span> <span class='ocrx_word' id='word_1_505' title='bbox 1769 3222 1916 3264; x_wconf 89' lang='lat' dir='ltr'><strong>tuam</strong></span> 
     </span>
    </p>
   </div>
   <div class='ocr_carea' id='block_1_66' title="bbox 347 3294 1916 3360">
    <p class='ocr_par' dir='ltr' id='par_1_66' title="bbox 347 3294 1916 3360">
     <span class='ocr_line' id='line_1_66' title="bbox 347 3294 1916 3360; baseline 0.005 -14"><span class='ocrx_word' id='word_1_506' title='bbox 347 3294 400 3346; x_wconf 92' lang='lat' dir='ltr'><strong>in</strong></span> <span class='ocrx_word' id='word_1_507' title='bbox 452 3294 631 3347; x_wconf 78' lang='lat' dir='ltr'><strong>sinum</strong></span> <span class='ocrx_word' id='word_1_508' title='bbox 668 3303 850 3360; x_wconf 87' lang='lat' dir='ltr'><strong>tuum;</strong></span> <span class='ocrx_word' id='word_1_509' title='bbox 911 3306 967 3351; x_wconf 89' lang='lat' dir='ltr'><strong>et</strong></span> <span class='ocrx_word' id='word_1_510' title='bbox 990 3295 1176 3350; x_wconf 92' lang='lat' dir='ltr'><strong>intulit</strong></span> <span class='ocrx_word' id='word_1_511' title='bbox 1205 3310 1426 3351; x_wconf 89' lang='lat' dir='ltr'><strong>manum</strong></span> <span class='ocrx_word' id='word_1_512' title='bbox 1469 3312 1625 3353; x_wconf 86' lang='lat' dir='ltr'><strong>suam</strong></span> <span class='ocrx_word' id='word_1_513' title='bbox 1656 3299 1709 3354; x_wconf 91' lang='lat' dir='ltr'><strong>in</strong></span> <span class='ocrx_word' id='word_1_514' title='bbox 1739 3302 1916 3354; x_wconf 91' lang='lat' dir='ltr'><strong>sinum</strong></span> 
     </span>
    </p>
   </div>
   <div class='ocr_carea' id='block_1_67' title="bbox 346 3389 1921 3456">
    <p class='ocr_par' dir='ltr' id='par_1_67' title="bbox 346 3389 1921 3456">
     <span class='ocr_line' id='line_1_67' title="bbox 346 3389 1921 3456; baseline 0.004 -16"><span class='ocrx_word' id='word_1_515' title='bbox 346 3400 539 3452; x_wconf 86' lang='lat' dir='ltr'><strong>suum;</strong></span> <span class='ocrx_word' id='word_1_516' title='bbox 589 3401 823 3452; x_wconf 88' lang='lat' dir='ltr'><strong>cumque</strong></span> <span class='ocrx_word' id='word_1_517' title='bbox 875 3389 1185 3443; x_wconf 90' lang='lat' dir='ltr'><strong>exeruisset</strong></span> <span class='ocrx_word' id='word_1_518' title='bbox 1231 3405 1352 3444; x_wconf 90' lang='lat' dir='ltr'><strong>eam</strong></span> <span class='ocrx_word' id='word_1_519' title='bbox 1401 3406 1433 3444; x_wconf 92' lang='lat' dir='ltr'><strong>e</strong></span> <span class='ocrx_word' id='word_1_520' title='bbox 1478 3391 1599 3444; x_wconf 89' lang='lat' dir='ltr'><strong>sinu</strong></span> <span class='ocrx_word' id='word_1_521' title='bbox 1648 3407 1768 3456; x_wconf 88' lang='lat' dir='ltr'><strong>suo,</strong></span> <span class='ocrx_word' id='word_1_522' title='bbox 1802 3404 1921 3447; x_wconf 85' lang='lat' dir='ltr'><strong>erat</strong></span> 
     </span>
    </p>
   </div>
   <div class='ocr_carea' id='block_1_68' title="bbox 347 3477 1920 3549">
    <p class='ocr_par' dir='ltr' id='par_1_68' title="bbox 347 3477 1920 3549">
     <span class='ocr_line' id='line_1_68' title="bbox 347 3477 1920 3549; baseline 0.003 -18"><span class='ocrx_word' id='word_1_523' title='bbox 347 3492 537 3533; x_wconf 83' lang='lat' dir='ltr'><strong>manus</strong></span> <span class='ocrx_word' id='word_1_524' title='bbox 564 3477 682 3547; x_wconf 86' lang='lat' dir='ltr'><strong>ejus</strong></span> <span class='ocrx_word' id='word_1_525' title='bbox 707 3479 945 3549; x_wconf 79' lang='lat' dir='ltr'><strong>leprosa,</strong></span> <span class='ocrx_word' id='word_1_526' title='bbox 975 3480 1121 3535; x_wconf 83' lang='lat' dir='ltr'><strong>velut</strong></span> <span class='ocrx_word' id='word_1_527' title='bbox 1143 3481 1259 3536; x_wconf 89' lang='lat' dir='ltr'><strong>nix.</strong></span> <span class='ocrx_word' id='word_1_528' title='bbox 1289 3480 1357 3535; x_wconf 88' lang='lat' dir='ltr'><strong>Et</strong></span> <span class='ocrx_word' id='word_1_529' title='bbox 1384 3481 1525 3535; x_wconf 87' lang='lat' dir='ltr'><strong>dixit</strong></span> <span class='ocrx_word' id='word_1_530' title='bbox 1552 3498 1567 3535; x_wconf 88' lang='lat'>:</span> <span class='ocrx_word' id='word_1_531' title='bbox 1597 3480 1780 3538; x_wconf 88' lang='lat' dir='ltr'><strong>Insere</strong></span> <span class='ocrx_word' id='word_1_532' title='bbox 1804 3500 1920 3537; x_wconf 85' lang='lat' dir='ltr'><strong>ma-</strong></span> 
     </span>
    </p>
   </div>
   <div class='ocr_carea' id='block_1_69' title="bbox 346 3570 1918 3640">
    <p class='ocr_par' dir='ltr' id='par_1_69' title="bbox 346 3570 1918 3640">
     <span class='ocr_line' id='line_1_69' title="bbox 346 3570 1918 3640; baseline 0.003 -17"><span class='ocrx_word' id='word_1_533' title='bbox 346 3584 474 3623; x_wconf 88' lang='lat' dir='ltr'><strong>num</strong></span> <span class='ocrx_word' id='word_1_534' title='bbox 505 3579 647 3624; x_wconf 88' lang='lat' dir='ltr'><strong>tuam</strong></span> <span class='ocrx_word' id='word_1_535' title='bbox 673 3570 728 3625; x_wconf 90' lang='lat' dir='ltr'><strong>in</strong></span> <span class='ocrx_word' id='word_1_536' title='bbox 766 3571 944 3625; x_wconf 90' lang='lat' dir='ltr'><strong>sinum</strong></span> <span class='ocrx_word' id='word_1_537' title='bbox 975 3582 1148 3640; x_wconf 90' lang='lat' dir='ltr'><strong>tuum,</strong></span> <span class='ocrx_word' id='word_1_538' title='bbox 1178 3582 1236 3628; x_wconf 91' lang='lat' dir='ltr'><strong>et</strong></span> <span class='ocrx_word' id='word_1_539' title='bbox 1264 3573 1494 3628; x_wconf 89' lang='lat' dir='ltr'><strong>inseruit</strong></span> <span class='ocrx_word' id='word_1_540' title='bbox 1521 3589 1739 3628; x_wconf 88' lang='lat' dir='ltr'><strong>manum</strong></span> <span class='ocrx_word' id='word_1_541' title='bbox 1767 3591 1918 3630; x_wconf 83' lang='lat' dir='ltr'><strong>suam</strong></span> 
     </span>
    </p>
   </div>
   <div class='ocr_carea' id='block_1_70' title="bbox 347 3666 1918 3736">
    <p class='ocr_par' dir='ltr' id='par_1_70' title="bbox 347 3666 1918 3736">
     <span class='ocr_line' id='line_1_70' title="bbox 347 3666 1918 3736; baseline 0.004 -16"><span class='ocrx_word' id='word_1_542' title='bbox 347 3667 401 3720; x_wconf 93' lang='lat' dir='ltr'><strong>in</strong></span> <span class='ocrx_word' id='word_1_543' title='bbox 435 3666 614 3721; x_wconf 87' lang='lat' dir='ltr'><strong>sinum</strong></span> <span class='ocrx_word' id='word_1_544' title='bbox 640 3683 820 3735; x_wconf 88' lang='lat' dir='ltr'><strong>suum,</strong></span> <span class='ocrx_word' id='word_1_545' title='bbox 856 3677 913 3724; x_wconf 89' lang='lat' dir='ltr'><strong>et</strong></span> <span class='ocrx_word' id='word_1_546' title='bbox 940 3684 1063 3724; x_wconf 89' lang='lat' dir='ltr'><strong>cum</strong></span> <span class='ocrx_word' id='word_1_547' title='bbox 1086 3672 1393 3727; x_wconf 85' lang='lat' dir='ltr'><strong>exeruisset</strong></span> <span class='ocrx_word' id='word_1_548' title='bbox 1431 3687 1555 3728; x_wconf 88' lang='lat' dir='ltr'><strong>eam</strong></span> <span class='ocrx_word' id='word_1_549' title='bbox 1587 3688 1621 3728; x_wconf 89' lang='lat' dir='ltr'><strong>e</strong></span> <span class='ocrx_word' id='word_1_550' title='bbox 1653 3674 1774 3729; x_wconf 91' lang='lat' dir='ltr'><strong>sinu</strong></span> <span class='ocrx_word' id='word_1_551' title='bbox 1797 3690 1918 3736; x_wconf 86' lang='lat' dir='ltr'><strong>suo,</strong></span> 
     </span>
    </p>
   </div>
   <div class='ocr_carea' id='block_1_71' title="bbox 348 3764 1915 3822">
    <p class='ocr_par' dir='ltr' id='par_1_71' title="bbox 348 3764 1915 3822">
     <span class='ocr_line' id='line_1_71' title="bbox 348 3764 1915 3822; baseline 0.004 -7"><span class='ocrx_word' id='word_1_552' title='bbox 348 3777 562 3816; x_wconf 85' lang='lat' dir='ltr'><strong>rursum</strong></span> <span class='ocrx_word' id='word_1_553' title='bbox 598 3764 850 3818; x_wconf 85' lang='lat' dir='ltr'><strong>restituta</strong></span> <span class='ocrx_word' id='word_1_554' title='bbox 896 3774 980 3819; x_wconf 89' lang='lat' dir='ltr'><strong>est</strong></span> <span class='ocrx_word' id='word_1_555' title='bbox 1023 3765 1076 3818; x_wconf 94' lang='lat' dir='ltr'><strong>in</strong></span> <span class='ocrx_word' id='word_1_556' title='bbox 1129 3766 1367 3821; x_wconf 89' lang='lat' dir='ltr'><strong>colorem</strong></span> <span class='ocrx_word' id='word_1_557' title='bbox 1417 3768 1602 3822; x_wconf 88' lang='lat' dir='ltr'><strong>carnis</strong></span> <span class='ocrx_word' id='word_1_558' title='bbox 1636 3783 1747 3822; x_wconf 70' lang='lat' dir='ltr'><strong>sua:</strong></span> <span class='ocrx_word' id='word_1_559' title='bbox 1780 3768 1846 3821; x_wconf 82' lang='lat'><strong>&quot;.</strong></span> <span class='ocrx_word' id='word_1_560' title='bbox 1897 3788 1915 3817; x_wconf 79' lang='grc' dir='ltr'><strong>ι</strong></span> 
     </span>
    </p>
   </div>
   <div class='ocr_carea' id='block_1_72' title="bbox 347 3857 1919 3930">
    <p class='ocr_par' dir='ltr' id='par_1_72' title="bbox 347 3857 1919 3930">
     <span class='ocr_line' id='line_1_72' title="bbox 347 3857 1919 3930; baseline 0.004 -21"><span class='ocrx_word' id='word_1_561' title='bbox 347 3859 527 3927; x_wconf 78' lang='lat' dir='ltr'><strong>Atque</strong></span> <span class='ocrx_word' id='word_1_562' title='bbox 548 3857 766 3913; x_wconf 79' lang='lat' dir='ltr'><strong>diﬂicile</strong></span> <span class='ocrx_word' id='word_1_563' title='bbox 785 3858 1006 3928; x_wconf 88' lang='lat' dir='ltr'><strong>quidem</strong></span> <span class='ocrx_word' id='word_1_564' title='bbox 1033 3869 1221 3926; x_wconf 85' lang='lat' dir='ltr'><strong>est,ac</strong></span> <span class='ocrx_word' id='word_1_565' title='bbox 1245 3877 1407 3930; x_wconf 86' lang='lat' dir='ltr'><strong>supra</strong></span> <span class='ocrx_word' id='word_1_566' title='bbox 1433 3870 1650 3930; x_wconf 84' lang='lat' dir='ltr'><strong>captum</strong></span> <span class='ocrx_word' id='word_1_567' title='bbox 1677 3872 1919 3916; x_wconf 89' lang='lat' dir='ltr'><strong>nostrum</strong></span> 
     </span>
    </p>
   </div>
   <div class='ocr_carea' id='block_1_73' title="bbox 347 3947 1923 4023">
    <p class='ocr_par' dir='ltr' id='par_1_73' title="bbox 347 3947 1923 4023">
     <span class='ocr_line' id='line_1_73' title="bbox 347 3947 1923 4023; baseline 0.005 -23"><span class='ocrx_word' id='word_1_568' title='bbox 347 3947 554 4015; x_wconf 89' lang='lat' dir='ltr'><strong>videre,</strong></span> <span class='ocrx_word' id='word_1_569' title='bbox 582 3950 740 4017; x_wconf 87' lang='lat' dir='ltr'><strong>cujus</strong></span> <span class='ocrx_word' id='word_1_570' title='bbox 768 3952 841 4004; x_wconf 87' lang='lat' dir='ltr'><strong>rei</strong></span> <span class='ocrx_word' id='word_1_571' title='bbox 866 3961 996 4005; x_wconf 82' lang='lat' dir='ltr'><strong>nota</strong></span> <span class='ocrx_word' id='word_1_572' title='bbox 1026 3953 1197 4021; x_wconf 87' lang='lat' dir='ltr'><strong>possit</strong></span> <span class='ocrx_word' id='word_1_573' title='bbox 1223 3968 1343 4007; x_wconf 79' lang='lat' dir='ltr'><strong>esse</strong></span> <span class='ocrx_word' id='word_1_574' title='bbox 1377 3953 1480 4007; x_wconf 87' lang='lat' dir='ltr'><strong>hoc</strong></span> <span class='ocrx_word' id='word_1_575' title='bbox 1506 3954 1743 4023; x_wconf 81' lang='lat' dir='ltr'><strong>signum.</strong></span> <span class='ocrx_word' id='word_1_576' title='bbox 1775 3955 1923 4020; x_wconf 82' lang='lat' dir='ltr'><strong>Quo-</strong></span> 
     </span>
    </p>
   </div>
   <div class='ocr_carea' id='block_1_74' title="bbox 348 4041 1922 4115">
    <p class='ocr_par' dir='ltr' id='par_1_74' title="bbox 348 4041 1922 4115">
     <span class='ocr_line' id='line_1_74' title="bbox 348 4041 1922 4115; baseline 0.004 -21"><span class='ocrx_word' id='word_1_577' title='bbox 348 4041 494 4095; x_wconf 81' lang='lat' dir='ltr'><strong>niam</strong></span> <span class='ocrx_word' id='word_1_578' title='bbox 550 4056 682 4095; x_wconf 78' lang='lat' dir='ltr'><strong>vero</strong></span> <span class='ocrx_word' id='word_1_579' title='bbox 730 4057 838 4095; x_wconf 91' lang='lat' dir='ltr'><strong>non</strong></span> <span class='ocrx_word' id='word_1_580' title='bbox 887 4053 1103 4111; x_wconf 83' lang='lat' dir='ltr'><strong>oportet</strong></span> <span class='ocrx_word' id='word_1_581' title='bbox 1131 4054 1187 4098; x_wconf 90' lang='lat' dir='ltr'><strong>et</strong></span> <span class='ocrx_word' id='word_1_582' title='bbox 1229 4059 1329 4098; x_wconf 90' lang='lat' dir='ltr'><strong>nos</strong></span> <span class='ocrx_word' id='word_1_583' title='bbox 1355 4060 1385 4098; x_wconf 84' lang='lat' dir='ltr'><strong>a</strong></span> <span class='ocrx_word' id='word_1_584' title='bbox 1416 4045 1711 4115; x_wconf 65' lang='lat' dir='ltr'><strong>quaerendo</strong></span> <span class='ocrx_word' id='word_1_585' title='bbox 1736 4047 1922 4100; x_wconf 88' lang='lat' dir='ltr'><strong>dolere</strong></span> 
     </span>
    </p>
   </div>
   <div class='ocr_carea' id='block_1_75' title="bbox 345 4131 1923 4205">
    <p class='ocr_par' dir='ltr' id='par_1_75' title="bbox 345 4131 1923 4205">
     <span class='ocr_line' id='line_1_75' title="bbox 345 4131 1923 4205; baseline 0.006 -22"><span class='ocrx_word' id='word_1_586' title='bbox 345 4134 492 4199; x_wconf 88' lang='lat' dir='ltr'><strong>quod</strong></span> <span class='ocrx_word' id='word_1_587' title='bbox 542 4131 699 4185; x_wconf 87' lang='lat' dir='ltr'><strong>nobis</strong></span> <span class='ocrx_word' id='word_1_588' title='bbox 725 4135 998 4186; x_wconf 90' lang='lat' dir='ltr'><strong>succurrit</strong></span> <span class='ocrx_word' id='word_1_589' title='bbox 1048 4137 1324 4190; x_wconf 86' lang='lat' dir='ltr'><strong>tradentes</strong></span> <span class='ocrx_word' id='word_1_590' title='bbox 1358 4136 1423 4189; x_wconf 89' lang='lat' dir='ltr'><strong>ad</strong></span> <span class='ocrx_word' id='word_1_591' title='bbox 1458 4136 1813 4205; x_wconf 84' lang='lat' dir='ltr'><strong>judicandum</strong></span> <span class='ocrx_word' id='word_1_592' title='bbox 1840 4137 1923 4192; x_wconf 80' lang='lat' dir='ltr'><strong>le-</strong></span> 
     </span>
    </p>
   </div>
   <div class='ocr_carea' id='block_1_76' title="bbox 346 4223 1924 4296">
    <p class='ocr_par' dir='ltr' id='par_1_76' title="bbox 346 4223 1924 4296">
     <span class='ocr_line' id='line_1_76' title="bbox 346 4223 1924 4296; baseline 0.005 -22"><span class='ocrx_word' id='word_1_593' title='bbox 346 4232 526 4288; x_wconf 84' lang='lat' dir='ltr'><strong>cturo,</strong></span> <span class='ocrx_word' id='word_1_594' title='bbox 558 4223 800 4276; x_wconf 85' lang='lat' dir='ltr'><strong>dicemus</strong></span> <span class='ocrx_word' id='word_1_595' title='bbox 830 4238 1047 4277; x_wconf 86' lang='lat' dir='ltr'><strong>manum</strong></span> <span class='ocrx_word' id='word_1_596' title='bbox 1074 4225 1395 4296; x_wconf 90' lang='lat' dir='ltr'><strong>plerumque</strong></span> <span class='ocrx_word' id='word_1_597' title='bbox 1422 4230 1800 4295; x_wconf 84' lang='lat' dir='ltr'><strong>operationum</strong></span> <span class='ocrx_word' id='word_1_598' title='bbox 1826 4245 1924 4282; x_wconf 86' lang='lat' dir='ltr'><strong>no-</strong></span> 
     </span>
    </p>
   </div>
   <div class='ocr_carea' id='block_1_77' title="bbox 346 4313 1921 4388">
    <p class='ocr_par' dir='ltr' id='par_1_77' title="bbox 346 4313 1921 4388">
     <span class='ocr_line' id='line_1_77' title="bbox 346 4313 1921 4388; baseline 0.006 -23"><span class='ocrx_word' id='word_1_599' title='bbox 346 4322 458 4365; x_wconf 76' lang='lat' dir='ltr'><strong>tam</strong></span> <span class='ocrx_word' id='word_1_600' title='bbox 491 4328 641 4376; x_wconf 90' lang='lat' dir='ltr'><strong>esse;</strong></span> <span class='ocrx_word' id='word_1_601' title='bbox 673 4313 855 4367; x_wconf 89' lang='lat' dir='ltr'><strong>sinum</strong></span> <span class='ocrx_word' id='word_1_602' title='bbox 884 4328 1015 4367; x_wconf 90' lang='lat' dir='ltr'><strong>vero</strong></span> <span class='ocrx_word' id='word_1_603' title='bbox 1053 4318 1251 4387; x_wconf 77' lang='lat' dir='ltr'><strong>Moysis</strong></span> <span class='ocrx_word' id='word_1_604' title='bbox 1283 4318 1419 4371; x_wconf 85' lang='lat' dir='ltr'><strong>duas</strong></span> <span class='ocrx_word' id='word_1_605' title='bbox 1446 4320 1720 4388; x_wconf 86' lang='lat' dir='ltr'><strong>potentias</strong></span> <span class='ocrx_word' id='word_1_606' title='bbox 1750 4321 1921 4374; x_wconf 85' lang='lat' dir='ltr'><strong>habe-</strong></span> 
     </span>
    </p>
   </div>
   <div class='ocr_carea' id='block_1_78' title="bbox 2019 3111 3593 3189">
    <p class='ocr_par' dir='ltr' id='par_1_78' title="bbox 2019 3111 3593 3189">
     <span class='ocr_line' id='line_1_78' title="bbox 2019 3111 3593 3189; baseline -0.009 -13"><span class='ocrx_word' id='word_1_607' title='bbox 2019 3120 2176 3176; x_wconf 78' lang='grc' dir='ltr'>ἀλλον</span> <span class='ocrx_word' id='word_1_608' title='bbox 2195 3118 2359 3172; x_wconf 87' lang='grc' dir='ltr'>τόπον</span> <span class='ocrx_word' id='word_1_609' title='bbox 2405 3118 2531 3189; x_wconf 79' lang='grc' dir='ltr'>περὶ</span> <span class='ocrx_word' id='word_1_610' title='bbox 2562 3117 2664 3187; x_wconf 80' lang='grc' dir='ltr'>τῆς</span> <span class='ocrx_word' id='word_1_611' title='bbox 2701 3116 2794 3170; x_wconf 82' lang='grc' dir='ltr'>τοῦ</span> <span class='ocrx_word' id='word_1_612' title='bbox 2827 3115 3027 3168; x_wconf 84' lang='grc' dir='ltr'>κόλπου</span> <span class='ocrx_word' id='word_1_613' title='bbox 3078 3112 3372 3184; x_wconf 79' lang='grc' dir='ltr'>ὀνομασίας</span> <span class='ocrx_word' id='word_1_614' title='bbox 3422 3111 3593 3181; x_wconf 76' lang='grc' dir='ltr'>δεήσει</span> 
     </span>
    </p>
   </div>
   <div class='ocr_carea' id='block_1_79' title="bbox 2019 3205 3595 3285">
    <p class='ocr_par' dir='ltr' id='par_1_79' title="bbox 2019 3205 3595 3285">
     <span class='ocr_line' id='line_1_79' title="bbox 2019 3205 3595 3285; baseline -0.005 -19"><span class='ocrx_word' id='word_1_615' title='bbox 2019 3212 2358 3285; x_wconf 85' lang='grc' dir='ltr'>παραθέσθαι</span> <span class='ocrx_word' id='word_1_616' title='bbox 2416 3211 2526 3265; x_wconf 79' lang='grc' dir='ltr'><strong>ἀπὸ</strong></span> <span class='ocrx_word' id='word_1_617' title='bbox 2571 3211 2674 3280; x_wconf 78' lang='grc' dir='ltr'>τῆς</span> <span class='ocrx_word' id='word_1_618' title='bbox 2741 3210 2781 3262; x_wconf 85' lang='grc' dir='ltr'><strong>Γ</strong></span> <span class='ocrx_word' id='word_1_619' title='bbox 2787 3208 3006 3282; x_wconf 60' lang='grc' dir='ltr'>ραφῖκ,</span> <span class='ocrx_word' id='word_1_620' title='bbox 3063 3208 3197 3279; x_wconf 72' lang='grc' dir='ltr'>φέρε</span> <span class='ocrx_word' id='word_1_621' title='bbox 3254 3205 3595 3276; x_wconf 76' lang='grc' dir='ltr'>ἐξετάσωμεν</span> 
     </span>
    </p>
   </div>
   <div class='ocr_carea' id='block_1_80' title="bbox 2016 3298 3596 3376">
    <p class='ocr_par' dir='ltr' id='par_1_80' title="bbox 2016 3298 3596 3376">
     <span class='ocr_line' id='line_1_80' title="bbox 2016 3298 3596 3376; baseline -0.004 -18"><span class='ocrx_word' id='word_1_622' title='bbox 2016 3305 2138 3358; x_wconf 84' lang='grc' dir='ltr'>τίνα</span> <span class='ocrx_word' id='word_1_623' title='bbox 2183 3305 2384 3376; x_wconf 81' lang='grc' dir='ltr'>τρόπον</span> <span class='ocrx_word' id='word_1_624' title='bbox 2413 3298 2537 3357; x_wconf 81' lang='grc' dir='ltr'>εἶπε</span> <span class='ocrx_word' id='word_1_625' title='bbox 2564 3302 2770 3375; x_wconf 82' lang='grc' dir='ltr'>Κύριος</span> <span class='ocrx_word' id='word_1_626' title='bbox 2806 3301 2885 3373; x_wconf 86' lang='grc' dir='ltr'>τῷ</span> <span class='ocrx_word' id='word_1_627' title='bbox 2926 3302 3133 3372; x_wconf 82' lang='grc' dir='ltr'>Μωῦσῇ</span> <span class='ocrx_word' id='word_1_628' title='bbox 3161 3318 3176 3332; x_wconf 87' lang='grc'><strong>·</strong></span> <span class='ocrx_word' id='word_1_629' title='bbox 3218 3318 3238 3351; x_wconf 77' lang='grc' dir='ltr'><strong>ι</strong></span> <span class='ocrx_word' id='word_1_630' title='bbox 3278 3298 3452 3353; x_wconf 80' lang='grc' dir='ltr'>Πάλιν</span> <span class='ocrx_word' id='word_1_631' title='bbox 3483 3301 3596 3351; x_wconf 84' lang='grc' dir='ltr'>εἰσ-</span> 
     </span>
    </p>
   </div>
   <div class='ocr_carea' id='block_1_81' title="bbox 2017 3390 3595 3467">
    <p class='ocr_par' dir='ltr' id='par_1_81' title="bbox 2017 3390 3595 3467">
     <span class='ocr_line' id='line_1_81' title="bbox 2017 3390 3595 3467; baseline -0.004 -18"><span class='ocrx_word' id='word_1_632' title='bbox 2017 3396 2240 3465; x_wconf 86' lang='grc' dir='ltr'>ένεγκον</span> <span class='ocrx_word' id='word_1_633' title='bbox 2271 3395 2370 3467; x_wconf 80' lang='grc' dir='ltr'>τὴν</span> <span class='ocrx_word' id='word_1_634' title='bbox 2425 3395 2585 3466; x_wconf 84' lang='grc' dir='ltr'>χεῖρά</span> <span class='ocrx_word' id='word_1_635' title='bbox 2617 3412 2710 3448; x_wconf 93' lang='grc' dir='ltr'><strong>σου</strong></span> <span class='ocrx_word' id='word_1_636' title='bbox 2741 3394 2822 3458; x_wconf 75' lang='grc' dir='ltr'>εἰς</span> <span class='ocrx_word' id='word_1_637' title='bbox 2850 3392 2942 3446; x_wconf 73' lang='grc' dir='ltr'><strong>τὸν</strong></span> <span class='ocrx_word' id='word_1_638' title='bbox 2974 3392 3175 3447; x_wconf 88' lang='grc' dir='ltr'>κόλπον</span> <span class='ocrx_word' id='word_1_639' title='bbox 3201 3408 3296 3445; x_wconf 92' lang='grc' dir='ltr'><strong>σου</strong></span> <span class='ocrx_word' id='word_1_640' title='bbox 3314 3408 3328 3421; x_wconf 91' lang='grc'><strong>·</strong></span> <span class='ocrx_word' id='word_1_641' title='bbox 3355 3390 3455 3445; x_wconf 71' lang='grc' dir='ltr'><strong>καὶ</strong></span> <span class='ocrx_word' id='word_1_642' title='bbox 3481 3393 3595 3443; x_wconf 76' lang='grc' dir='ltr'>εἰσ·</span> 
     </span>
    </p>
   </div>
   <div class='ocr_carea' id='block_1_82' title="bbox 2018 3486 3597 3560">
    <p class='ocr_par' dir='ltr' id='par_1_82' title="bbox 2018 3486 3597 3560">
     <span class='ocr_line' id='line_1_82' title="bbox 2018 3486 3597 3560; baseline -0.003 -18"><span class='ocrx_word' id='word_1_643' title='bbox 2018 3490 2219 3559; x_wconf 83' lang='grc' dir='ltr'>ήνεγκε</span> <span class='ocrx_word' id='word_1_644' title='bbox 2268 3490 2370 3560; x_wconf 75' lang='grc' dir='ltr'><strong>τὴν</strong></span> <span class='ocrx_word' id='word_1_645' title='bbox 2408 3491 2567 3560; x_wconf 85' lang='grc' dir='ltr'>χεῖρα</span> <span class='ocrx_word' id='word_1_646' title='bbox 2592 3489 2758 3541; x_wconf 78' lang='grc' dir='ltr'>αὐτοῦ</span> <span class='ocrx_word' id='word_1_647' title='bbox 2794 3489 2873 3550; x_wconf 87' lang='grc' dir='ltr'><strong>είς</strong></span> <span class='ocrx_word' id='word_1_648' title='bbox 2908 3486 3000 3540; x_wconf 72' lang='grc' dir='ltr'>τὸν</span> <span class='ocrx_word' id='word_1_649' title='bbox 3026 3487 3228 3541; x_wconf 83' lang='grc' dir='ltr'>κόλπον</span> <span class='ocrx_word' id='word_1_650' title='bbox 3266 3486 3432 3539; x_wconf 76' lang='grc' dir='ltr'>αὐτοῦ</span> <span class='ocrx_word' id='word_1_651' title='bbox 3452 3502 3468 3515; x_wconf 89' lang='grc'><strong>·</strong></span> <span class='ocrx_word' id='word_1_652' title='bbox 3504 3487 3597 3538; x_wconf 72' lang='grc' dir='ltr'>καὶ</span> 
     </span>
    </p>
   </div>
   <div class='ocr_carea' id='block_1_83' title="bbox 2018 3578 3595 3652">
    <p class='ocr_par' dir='ltr' id='par_1_83' title="bbox 2018 3578 3595 3652">
     <span class='ocr_line' id='line_1_83' title="bbox 2018 3578 3595 3652; baseline -0.002 -18"><span class='ocrx_word' id='word_1_653' title='bbox 2018 3582 2310 3651; x_wconf 79' lang='grc' dir='ltr'>ἐξήνεγκεν</span> <span class='ocrx_word' id='word_1_654' title='bbox 2337 3580 2506 3652; x_wconf 78' lang='grc' dir='ltr'>αὐτὴν</span> <span class='ocrx_word' id='word_1_655' title='bbox 2538 3583 2604 3634; x_wconf 83' lang='grc' dir='ltr'>ὲκ</span> <span class='ocrx_word' id='word_1_656' title='bbox 2631 3579 2725 3633; x_wconf 76' lang='grc' dir='ltr'><strong>τοῦ</strong></span> <span class='ocrx_word' id='word_1_657' title='bbox 2747 3580 2947 3633; x_wconf 88' lang='grc' dir='ltr'>κόλπου</span> <span class='ocrx_word' id='word_1_658' title='bbox 2974 3578 3162 3633; x_wconf 78' lang='grc' dir='ltr'>αὑτοῦ·</span> <span class='ocrx_word' id='word_1_659' title='bbox 3195 3580 3290 3632; x_wconf 77' lang='grc' dir='ltr'>καὶ</span> <span class='ocrx_word' id='word_1_660' title='bbox 3320 3578 3542 3646; x_wconf 78' lang='grc' dir='ltr'>ἐγένετο</span> <span class='ocrx_word' id='word_1_661' title='bbox 3565 3579 3595 3647; x_wconf 79' lang='grc' dir='ltr'><strong>ἡ</strong></span> 
     </span>
    </p>
   </div>
   <div class='ocr_carea' id='block_1_84' title="bbox 2018 3665 3593 3745">
    <p class='ocr_par' dir='ltr' id='par_1_84' title="bbox 2018 3665 3593 3745">
     <span class='ocr_line' id='line_1_84' title="bbox 2018 3665 3593 3745; baseline -0.003 -20"><span class='ocrx_word' id='word_1_662' title='bbox 2018 3675 2139 3745; x_wconf 78' lang='grc' dir='ltr'>χεὶρ</span> <span class='ocrx_word' id='word_1_663' title='bbox 2192 3672 2356 3726; x_wconf 75' lang='grc' dir='ltr'>αὐτοῦ</span> <span class='ocrx_word' id='word_1_664' title='bbox 2397 3672 2656 3743; x_wconf 85' lang='grc' dir='ltr'>λεπρῶσα</span> <span class='ocrx_word' id='word_1_665' title='bbox 2707 3671 2817 3743; x_wconf 89' lang='lat'><strong>(89)</strong></span> <span class='ocrx_word' id='word_1_666' title='bbox 2857 3672 2991 3724; x_wconf 80' lang='grc' dir='ltr'>ὡσεὶ</span> <span class='ocrx_word' id='word_1_667' title='bbox 3043 3670 3194 3742; x_wconf 79' lang='grc' dir='ltr'>χιών.</span> <span class='ocrx_word' id='word_1_668' title='bbox 3246 3671 3360 3723; x_wconf 78' lang='grc' dir='ltr'>Καὶ</span> <span class='ocrx_word' id='word_1_669' title='bbox 3403 3665 3593 3723; x_wconf 69' lang='grc' dir='ltr'>εἶπενι</span> 
     </span>
    </p>
   </div>
   <div class='ocr_carea' id='block_1_85' title="bbox 2020 3762 3596 3837">
    <p class='ocr_par' dir='ltr' id='par_1_85' title="bbox 2020 3762 3596 3837">
     <span class='ocr_line' id='line_1_85' title="bbox 2020 3762 3596 3837; baseline -0.003 -19"><span class='ocrx_word' id='word_1_670' title='bbox 2020 3766 2308 3834; x_wconf 81' lang='grc' dir='ltr'>Είσένεγκε</span> <span class='ocrx_word' id='word_1_671' title='bbox 2337 3766 2436 3837; x_wconf 79' lang='grc' dir='ltr'>τὴν</span> <span class='ocrx_word' id='word_1_672' title='bbox 2470 3766 2627 3836; x_wconf 85' lang='grc' dir='ltr'>χεῖρά</span> <span class='ocrx_word' id='word_1_673' title='bbox 2657 3782 2750 3817; x_wconf 93' lang='grc' dir='ltr'><strong>σου</strong></span> <span class='ocrx_word' id='word_1_674' title='bbox 2772 3766 2853 3829; x_wconf 89' lang='grc' dir='ltr'>εἰς</span> <span class='ocrx_word' id='word_1_675' title='bbox 2871 3764 2964 3818; x_wconf 84' lang='grc' dir='ltr'><strong>τὸν</strong></span> <span class='ocrx_word' id='word_1_676' title='bbox 2995 3764 3194 3817; x_wconf 82' lang='grc' dir='ltr'>κόλπον</span> <span class='ocrx_word' id='word_1_677' title='bbox 3221 3780 3335 3816; x_wconf 86' lang='grc' dir='ltr'>σου·</span> <span class='ocrx_word' id='word_1_678' title='bbox 3354 3762 3452 3815; x_wconf 80' lang='grc' dir='ltr'>καὶ</span> <span class='ocrx_word' id='word_1_679' title='bbox 3482 3764 3596 3815; x_wconf 62' lang='grc' dir='ltr'>εξστ</span> 
     </span>
    </p>
   </div>
   <div class='ocr_carea' id='block_1_86' title="bbox 2018 3855 3594 3929">
    <p class='ocr_par' dir='ltr' id='par_1_86' title="bbox 2018 3855 3594 3929">
     <span class='ocr_line' id='line_1_86' title="bbox 2018 3855 3594 3929; baseline -0.003 -19"><span class='ocrx_word' id='word_1_680' title='bbox 2018 3859 2215 3928; x_wconf 85' lang='grc' dir='ltr'>ήνεγκε</span> <span class='ocrx_word' id='word_1_681' title='bbox 2252 3858 2352 3928; x_wconf 77' lang='grc' dir='ltr'>τὴν</span> <span class='ocrx_word' id='word_1_682' title='bbox 2401 3860 2558 3929; x_wconf 85' lang='grc' dir='ltr'>χεῖρα</span> <span class='ocrx_word' id='word_1_683' title='bbox 2610 3856 2774 3910; x_wconf 73' lang='grc' dir='ltr'>αὑτοῦ</span> <span class='ocrx_word' id='word_1_684' title='bbox 2816 3859 2898 3920; x_wconf 85' lang='grc' dir='ltr'><strong>είς</strong></span> <span class='ocrx_word' id='word_1_685' title='bbox 2928 3856 3020 3909; x_wconf 75' lang='grc' dir='ltr'><strong>τὸν</strong></span> <span class='ocrx_word' id='word_1_686' title='bbox 3046 3856 3248 3910; x_wconf 87' lang='grc' dir='ltr'>κόλπον</span> <span class='ocrx_word' id='word_1_687' title='bbox 3280 3855 3467 3910; x_wconf 81' lang='grc' dir='ltr'>αὐτοῦ·</span> <span class='ocrx_word' id='word_1_688' title='bbox 3498 3856 3594 3908; x_wconf 69' lang='grc' dir='ltr'>καὶ</span> 
     </span>
    </p>
   </div>
   <div class='ocr_carea' id='block_1_87' title="bbox 2019 3946 3595 4020">
    <p class='ocr_par' dir='ltr' id='par_1_87' title="bbox 2019 3946 3595 4020">
     <span class='ocr_line' id='line_1_87' title="bbox 2019 3946 3595 4020; baseline -0.003 -19"><span class='ocrx_word' id='word_1_689' title='bbox 2019 3948 2307 4020; x_wconf 57' lang='grc' dir='ltr'>ὲῇνεγκεν</span> <span class='ocrx_word' id='word_1_690' title='bbox 2355 3950 2526 4020; x_wconf 80' lang='grc' dir='ltr'>αὐτὴν</span> <span class='ocrx_word' id='word_1_691' title='bbox 2581 3951 2647 4001; x_wconf 82' lang='grc' dir='ltr'><strong>ἐκ</strong></span> <span class='ocrx_word' id='word_1_692' title='bbox 2693 3948 2787 4001; x_wconf 79' lang='grc' dir='ltr'>τοῦ</span> <span class='ocrx_word' id='word_1_693' title='bbox 2820 3948 3022 4001; x_wconf 86' lang='grc' dir='ltr'>κόλπου</span> <span class='ocrx_word' id='word_1_694' title='bbox 3057 3947 3245 4013; x_wconf 76' lang='grc' dir='ltr'>αὑτοῦ,</span> <span class='ocrx_word' id='word_1_695' title='bbox 3295 3948 3391 4000; x_wconf 77' lang='grc' dir='ltr'><strong>καὶ</strong></span> <span class='ocrx_word' id='word_1_696' title='bbox 3437 3946 3595 3999; x_wconf 73' lang='grc' dir='ltr'>πάλιν</span> 
     </span>
    </p>
   </div>
   <div class='ocr_carea' id='block_1_88' title="bbox 2020 4038 3595 4112">
    <p class='ocr_par' dir='ltr' id='par_1_88' title="bbox 2020 4038 3595 4112">
     <span class='ocr_line' id='line_1_88' title="bbox 2020 4038 3595 4112; baseline -0.004 -17"><span class='ocrx_word' id='word_1_697' title='bbox 2020 4041 2435 4111; x_wconf 85' lang='grc' dir='ltr'>ἀπεκατεστάοη</span> <span class='ocrx_word' id='word_1_698' title='bbox 2506 4042 2586 4104; x_wconf 79' lang='grc' dir='ltr'>εἰς</span> <span class='ocrx_word' id='word_1_699' title='bbox 2650 4041 2748 4112; x_wconf 80' lang='grc' dir='ltr'>τὴν</span> <span class='ocrx_word' id='word_1_700' title='bbox 2819 4042 2986 4111; x_wconf 86' lang='grc' dir='ltr'>χρόαν</span> <span class='ocrx_word' id='word_1_701' title='bbox 3050 4040 3152 4109; x_wconf 78' lang='grc' dir='ltr'>τῆς</span> <span class='ocrx_word' id='word_1_702' title='bbox 3222 4038 3422 4110; x_wconf 70' lang='grc' dir='ltr'>σαρκὸς</span> <span class='ocrx_word' id='word_1_703' title='bbox 3499 4039 3595 4090; x_wconf 68' lang='grc' dir='ltr'>αξι-</span> 
     </span>
    </p>
   </div>
   <div class='ocr_carea' id='block_1_89' title="bbox 2019 4128 3593 4203">
    <p class='ocr_par' dir='ltr' id='par_1_89' title="bbox 2019 4128 3593 4203">
     <span class='ocr_line' id='line_1_89' title="bbox 2019 4128 3593 4203; baseline 0.001 -17"><span class='ocrx_word' id='word_1_704' title='bbox 2019 4133 2136 4188; x_wconf 83' lang='grc' dir='ltr'>τοῦ.</span> <span class='ocrx_word' id='word_1_705' title='bbox 2161 4153 2182 4185; x_wconf 72' lang='grc' dir='ltr'><strong>ι</strong></span> <span class='ocrx_word' id='word_1_706' title='bbox 2233 4133 2487 4186; x_wconf 74' lang='grc' dir='ltr'>Χαλεπὸν</span> <span class='ocrx_word' id='word_1_707' title='bbox 2523 4133 2621 4203; x_wconf 81' lang='grc' dir='ltr'><strong>μὲν</strong></span> <span class='ocrx_word' id='word_1_708' title='bbox 2649 4128 2742 4186; x_wconf 79' lang='grc' dir='ltr'><strong>οὖν</strong></span> <span class='ocrx_word' id='word_1_709' title='bbox 2791 4132 2918 4186; x_wconf 83' lang='grc' dir='ltr'>ἰδεῖν</span> <span class='ocrx_word' id='word_1_710' title='bbox 2970 4133 3064 4185; x_wconf 77' lang='grc' dir='ltr'><strong>καὶ</strong></span> <span class='ocrx_word' id='word_1_711' title='bbox 3091 4132 3232 4202; x_wconf 45' lang='grc' dir='ltr'><strong>ὑάρ</strong></span> <span class='ocrx_word' id='word_1_712' title='bbox 3265 4132 3413 4202; x_wconf 73' lang='grc' dir='ltr'>ἡμᾶς</span> <span class='ocrx_word' id='word_1_713' title='bbox 3454 4130 3593 4187; x_wconf 74' lang='grc' dir='ltr'>τίνος</span> 
     </span>
    </p>
   </div>
   <div class='ocr_carea' id='block_1_90' title="bbox 2021 4221 3591 4299">
    <p class='ocr_par' dir='ltr' id='par_1_90' title="bbox 2021 4221 3591 4299">
     <span class='ocr_line' id='line_1_90' title="bbox 2021 4221 3591 4299; baseline -0.005 -18"><span class='ocrx_word' id='word_1_714' title='bbox 2021 4227 2289 4299; x_wconf 76' lang='grc' dir='ltr'>σύμϐολον</span> <span class='ocrx_word' id='word_1_715' title='bbox 2321 4222 2461 4280; x_wconf 81' lang='grc' dir='ltr'>εἶναι</span> <span class='ocrx_word' id='word_1_716' title='bbox 2494 4225 2718 4279; x_wconf 75' lang='grc' dir='ltr'>δύναται</span> <span class='ocrx_word' id='word_1_717' title='bbox 2763 4225 2825 4278; x_wconf 82' lang='grc' dir='ltr'>τὸ</span> <span class='ocrx_word' id='word_1_718' title='bbox 2869 4227 3093 4295; x_wconf 87' lang='grc' dir='ltr'>σημεῖον</span> <span class='ocrx_word' id='word_1_719' title='bbox 3147 4223 3325 4276; x_wconf 77' lang='grc' dir='ltr'>τοῦτο.</span> <span class='ocrx_word' id='word_1_720' title='bbox 3374 4221 3591 4291; x_wconf 78' lang='grc' dir='ltr'>Ἐπειδὴ</span> 
     </span>
    </p>
   </div>
   <div class='ocr_carea' id='block_1_91' title="bbox 2021 4314 3591 4391">
    <p class='ocr_par' dir='ltr' id='par_1_91' title="bbox 2021 4314 3591 4391">
     <span class='ocr_line' id='line_1_91' title="bbox 2021 4314 3591 4391; baseline -0.006 -18"><span class='ocrx_word' id='word_1_721' title='bbox 2021 4321 2127 4391; x_wconf 77' lang='grc' dir='ltr'><strong>χρὴ</strong></span> <span class='ocrx_word' id='word_1_722' title='bbox 2182 4320 2277 4372; x_wconf 65' lang='grc' dir='ltr'><strong>κα)⁵</strong></span> <span class='ocrx_word' id='word_1_723' title='bbox 2326 4320 2474 4389; x_wconf 81' lang='grc' dir='ltr'>ἡμᾶς</span> <span class='ocrx_word' id='word_1_724' title='bbox 2517 4317 2592 4388; x_wconf 82' lang='grc' dir='ltr'>μὴ</span> <span class='ocrx_word' id='word_1_725' title='bbox 2621 4317 2807 4385; x_wconf 82' lang='grc' dir='ltr'>ἀλγεῖν</span> <span class='ocrx_word' id='word_1_726' title='bbox 2833 4316 2945 4370; x_wconf 84' lang='grc' dir='ltr'><strong>ἀπὸ</strong></span> <span class='ocrx_word' id='word_1_727' title='bbox 2995 4314 3091 4368; x_wconf 77' lang='grc' dir='ltr'>τοῦ</span> <span class='ocrx_word' id='word_1_728' title='bbox 3139 4314 3321 4384; x_wconf 76' lang='grc' dir='ltr'>ζητεῖν</span> <span class='ocrx_word' id='word_1_729' title='bbox 3363 4314 3426 4366; x_wconf 83' lang='grc' dir='ltr'>τὺ</span> <span class='ocrx_word' id='word_1_730' title='bbox 3463 4314 3591 4365; x_wconf 82' lang='grc' dir='ltr'>ὐπο-</span> 
     </span>
    </p>
   </div>
   <div class='ocr_carea' id='block_1_92' title="bbox 349 4404 1913 4483">
    <p class='ocr_par' dir='ltr' id='par_1_92' title="bbox 349 4404 1913 4475">
     <span class='ocr_line' id='line_1_92' title="bbox 349 4404 1913 4475; baseline 0.004 -18"><span class='ocrx_word' id='word_1_731' title='bbox 349 4418 409 4457; x_wconf 89' lang='lat' dir='ltr'><strong>re</strong></span> <span class='ocrx_word' id='word_1_732' title='bbox 438 4419 455 4457; x_wconf 89' lang='lat'><strong>:</strong></span> <span class='ocrx_word' id='word_1_733' title='bbox 483 4405 716 4472; x_wconf 90' lang='lat' dir='ltr'><strong>priorem</strong></span> <span class='ocrx_word' id='word_1_734' title='bbox 745 4404 965 4473; x_wconf 85' lang='lat' dir='ltr'><strong>quidem</strong></span> <span class='ocrx_word' id='word_1_735' title='bbox 1010 4404 1301 4462; x_wconf 88' lang='lat' dir='ltr'><strong>facientem</strong></span> <span class='ocrx_word' id='word_1_736' title='bbox 1342 4408 1497 4475; x_wconf 83' lang='lat' dir='ltr'><strong>juxta</strong></span> <span class='ocrx_word' id='word_1_737' title='bbox 1532 4410 1728 4465; x_wconf 77' lang='lat' dir='ltr'><strong>littera:</strong></span> <span class='ocrx_word' id='word_1_738' title='bbox 1758 4426 1913 4465; x_wconf 87' lang='lat' dir='ltr'><strong>sensa</strong></span> 
     </span>
    </p>
   </div>
   <div class='ocr_carea' id='block_1_93' title="bbox 2090 4404 3592 4483">
    <p class='ocr_par' dir='ltr' id='par_1_93' title="bbox 2090 4407 3592 4483">
     <span class='ocr_line' id='line_1_93' title="bbox 2090 4407 3592 4483; baseline -0.009 -16"><span class='ocrx_word' id='word_1_739' title='bbox 2090 4430 2221 4467; x_wconf 83' lang='grc' dir='ltr'>πτον</span> <span class='ocrx_word' id='word_1_740' title='bbox 2253 4415 2334 4476; x_wconf 84' lang='grc' dir='ltr'>εἰς</span> <span class='ocrx_word' id='word_1_741' title='bbox 2368 4412 2548 4483; x_wconf 89' lang='grc' dir='ltr'>κρίσιν</span> <span class='ocrx_word' id='word_1_742' title='bbox 2588 4409 2917 4483; x_wconf 78' lang='grc' dir='ltr'>παραδοῦναι</span> <span class='ocrx_word' id='word_1_743' title='bbox 2955 4409 3035 4479; x_wconf 79' lang='grc' dir='ltr'><strong>τῷ</strong></span> <span class='ocrx_word' id='word_1_744' title='bbox 3080 4407 3473 4477; x_wconf 80' lang='grc' dir='ltr'>ὲντευξομένῳ,</span> <span class='ocrx_word' id='word_1_745' title='bbox 3498 4408 3592 4475; x_wconf 74' lang='grc' dir='ltr'><strong>φή-</strong></span> 
     </span>
    </p>
   </div>
   <div class='ocr_carea' id='block_1_94' title="bbox 347 4496 1915 4570">
    <p class='ocr_par' dir='ltr' id='par_1_94' title="bbox 347 4496 1915 4570">
     <span class='ocr_line' id='line_1_94' title="bbox 347 4496 1915 4570; baseline 0.004 -22"><span class='ocrx_word' id='word_1_746' title='bbox 347 4497 624 4564; x_wconf 85' lang='lat' dir='ltr'><strong>opcrantis</strong></span> <span class='ocrx_word' id='word_1_747' title='bbox 654 4496 948 4561; x_wconf 86' lang='lat' dir='ltr'><strong>actionem,</strong></span> <span class='ocrx_word' id='word_1_748' title='bbox 992 4497 1269 4565; x_wconf 70' lang='lat' dir='ltr'><strong>lt-prosam</strong></span> <span class='ocrx_word' id='word_1_749' title='bbox 1310 4500 1477 4554; x_wconf 86' lang='lat' dir='ltr'><strong>veluti</strong></span> <span class='ocrx_word' id='word_1_750' title='bbox 1506 4502 1620 4566; x_wconf 86' lang='lat' dir='ltr'><strong>nix,</strong></span> <span class='ocrx_word' id='word_1_751' title='bbox 1651 4511 1915 4570; x_wconf 87' lang='lat' dir='ltr'><strong>quantnm</strong></span> 
     </span>
    </p>
   </div>
   <div class='ocr_carea' id='block_1_95' title="bbox 349 4586 1916 4658">
    <p class='ocr_par' dir='ltr' id='par_1_95' title="bbox 349 4586 1916 4658">
     <span class='ocr_line' id='line_1_95' title="bbox 349 4586 1916 4658; baseline 0.004 -17"><span class='ocrx_word' id='word_1_752' title='bbox 349 4588 416 4641; x_wconf 91' lang='lat' dir='ltr'><strong>ad</strong></span> <span class='ocrx_word' id='word_1_753' title='bbox 446 4586 791 4643; x_wconf 73' lang='lat' dir='ltr'><strong>Hebraeorum</strong></span> <span class='ocrx_word' id='word_1_754' title='bbox 818 4604 1044 4656; x_wconf 86' lang='lat' dir='ltr'><strong>vocem;</strong></span> <span class='ocrx_word' id='word_1_755' title='bbox 1077 4591 1433 4658; x_wconf 85' lang='lat' dir='ltr'><strong>posteriorem</strong></span> <span class='ocrx_word' id='word_1_756' title='bbox 1466 4608 1594 4647; x_wconf 85' lang='lat' dir='ltr'><strong>vero</strong></span> <span class='ocrx_word' id='word_1_757' title='bbox 1625 4594 1916 4647; x_wconf 85' lang='lat' dir='ltr'><strong>ostenden-</strong></span> 
     </span>
    </p>
   </div>
   <div class='ocr_carea' id='block_1_96' title="bbox 348 4680 1914 4754">
    <p class='ocr_par' dir='ltr' id='par_1_96' title="bbox 348 4680 1914 4754">
     <span class='ocr_line' id='line_1_96' title="bbox 348 4680 1914 4754; baseline 0.004 -21"><span class='ocrx_word' id='word_1_758' title='bbox 348 4690 455 4733; x_wconf 87' lang='lat' dir='ltr'><strong>tem</strong></span> <span class='ocrx_word' id='word_1_759' title='bbox 481 4680 788 4736; x_wconf 88' lang='lat' dir='ltr'><strong>institutum</strong></span> <span class='ocrx_word' id='word_1_760' title='bbox 815 4684 941 4737; x_wconf 60' lang='lat' dir='ltr'><strong>vitae</strong></span> <span class='ocrx_word' id='word_1_761' title='bbox 959 4682 1256 4748; x_wconf 84' lang='lat' dir='ltr'><strong>sincerum,</strong></span> <span class='ocrx_word' id='word_1_762' title='bbox 1276 4683 1432 4753; x_wconf 86' lang='lat' dir='ltr'><strong>juxta</strong></span> <span class='ocrx_word' id='word_1_763' title='bbox 1461 4685 1799 4754; x_wconf 85' lang='lat' dir='ltr'><strong>spiritualem</strong></span> <span class='ocrx_word' id='word_1_764' title='bbox 1831 4687 1914 4740; x_wconf 88' lang='lat' dir='ltr'><strong>le-</strong></span> 
     </span>
    </p>
   </div>
   <div class='ocr_carea' id='block_1_97' title="bbox 342 4773 1915 4840">
    <p class='ocr_par' dir='ltr' id='par_1_97' title="bbox 342 4773 1915 4840">
     <span class='ocr_line' id='line_1_97' title="bbox 342 4773 1915 4840; baseline 0.003 -15"><span class='ocrx_word' id='word_1_765' title='bbox 342 4787 491 4840; x_wconf 77' lang='lat' dir='ltr'><strong>gem,</strong></span> <span class='ocrx_word' id='word_1_766' title='bbox 522 4773 827 4826; x_wconf 87' lang='lat' dir='ltr'><strong>restitutum</strong></span> <span class='ocrx_word' id='word_1_767' title='bbox 852 4774 922 4828; x_wconf 87' lang='lat' dir='ltr'><strong>ad</strong></span> <span class='ocrx_word' id='word_1_768' title='bbox 966 4773 1297 4829; x_wconf 84' lang='lat' dir='ltr'><strong>voluntatem</strong></span> <span class='ocrx_word' id='word_1_769' title='bbox 1346 4786 1556 4830; x_wconf 74' lang='lat' dir='ltr'><strong>natura:</strong></span> <span class='ocrx_word' id='word_1_770' title='bbox 1583 4785 1637 4831; x_wconf 92' lang='lat' dir='ltr'><strong>et</strong></span> <span class='ocrx_word' id='word_1_771' title='bbox 1665 4776 1915 4830; x_wconf 83' lang='lat' dir='ltr'><strong>rationis.</strong></span> 
     </span>
    </p>
   </div>
   <div class='ocr_carea' id='block_1_98' title="bbox 350 4864 1918 4938">
    <p class='ocr_par' dir='ltr' id='par_1_98' title="bbox 350 4864 1918 4938">
     <span class='ocr_line' id='line_1_98' title="bbox 350 4864 1918 4938; baseline 0.003 -20"><span class='ocrx_word' id='word_1_772' title='bbox 350 4864 416 4918; x_wconf 75' lang='lat' dir='ltr'><strong>Et</strong></span> <span class='ocrx_word' id='word_1_773' title='bbox 454 4865 683 4919; x_wconf 87' lang='lat' dir='ltr'><strong>observa</strong></span> <span class='ocrx_word' id='word_1_774' title='bbox 717 4867 862 4935; x_wconf 89' lang='lat' dir='ltr'><strong>quod</strong></span> <span class='ocrx_word' id='word_1_775' title='bbox 893 4867 981 4923; x_wconf 84' lang='lat' dir='ltr'><strong>bis</strong></span> <span class='ocrx_word' id='word_1_776' title='bbox 1008 4868 1373 4938; x_wconf 77' lang='lat' dir='ltr'><strong>sultjungatur</strong></span> <span class='ocrx_word' id='word_1_777' title='bbox 1402 4886 1417 4922; x_wconf 91' lang='lat'><strong>:</strong></span> <span class='ocrx_word' id='word_1_778' title='bbox 1454 4888 1473 4919; x_wconf 80' lang='grc' dir='ltr'><strong>ι</strong></span> <span class='ocrx_word' id='word_1_779' title='bbox 1505 4870 1561 4924; x_wconf 85' lang='lat' dir='ltr'><strong>Si</strong></span> <span class='ocrx_word' id='word_1_780' title='bbox 1597 4886 1704 4923; x_wconf 89' lang='lat' dir='ltr'><strong>non</strong></span> <span class='ocrx_word' id='word_1_781' title='bbox 1741 4871 1918 4923; x_wconf 85' lang='lat' dir='ltr'><strong>credi-</strong></span> 
     </span>
    </p>
   </div>
   <div class='ocr_carea' id='block_1_99' title="bbox 346 4955 1911 5029">
    <p class='ocr_par' dir='ltr' id='par_1_99' title="bbox 346 4955 1911 5029">
     <span class='ocr_line' id='line_1_99' title="bbox 346 4955 1911 5029; baseline 0.003 -21"><span class='ocrx_word' id='word_1_782' title='bbox 346 4956 528 5009; x_wconf 87' lang='lat' dir='ltr'><strong>derint</strong></span> <span class='ocrx_word' id='word_1_783' title='bbox 555 4955 676 5019; x_wconf 92' lang='lat' dir='ltr'><strong>tibi,</strong></span> <span class='ocrx_word' id='word_1_784' title='bbox 722 4970 899 5025; x_wconf 89' lang='lat' dir='ltr'><strong>neque</strong></span> <span class='ocrx_word' id='word_1_785' title='bbox 935 4960 1283 5014; x_wconf 86' lang='lat' dir='ltr'><strong>exaudierint</strong></span> <span class='ocrx_word' id='word_1_786' title='bbox 1313 4973 1506 5013; x_wconf 84' lang='lat' dir='ltr'><strong>vocem</strong></span> <span class='ocrx_word' id='word_1_787' title='bbox 1540 4959 1702 5028; x_wconf 88' lang='lat' dir='ltr'><strong>primi</strong></span> <span class='ocrx_word' id='word_1_788' title='bbox 1748 4959 1911 5029; x_wconf 82' lang='lat' dir='ltr'><strong>signi,</strong></span> 
     </span>
    </p>
   </div>
   <div class='ocr_carea' id='block_1_100' title="bbox 345 5049 1912 5122">
    <p class='ocr_par' dir='ltr' id='par_1_100' title="bbox 345 5049 1912 5122">
     <span class='ocr_line' id='line_1_100' title="bbox 345 5049 1912 5122; baseline 0.002 -19"><span class='ocrx_word' id='word_1_789' title='bbox 345 5049 570 5105; x_wconf 69' lang='lat' dir='ltr'><strong>eralent</strong></span> <span class='ocrx_word' id='word_1_790' title='bbox 595 5057 774 5103; x_wconf 81' lang='lat' dir='ltr'><strong>tamen</strong></span> <span class='ocrx_word' id='word_1_791' title='bbox 805 5049 926 5104; x_wconf 87' lang='lat' dir='ltr'><strong>voci</strong></span> <span class='ocrx_word' id='word_1_792' title='bbox 956 5052 1276 5119; x_wconf 78' lang='lat' dir='ltr'><strong>posterioris</strong></span> <span class='ocrx_word' id='word_1_793' title='bbox 1305 5052 1447 5121; x_wconf 79' lang='lat' dir='ltr'><strong>signi</strong></span> <span class='ocrx_word' id='word_1_794' title='bbox 1475 5052 1561 5117; x_wconf 79' lang='lat'><strong>“;</strong></span> <span class='ocrx_word' id='word_1_795' title='bbox 1594 5071 1613 5105; x_wconf 73' lang='grc' dir='ltr'>ι</span> <span class='ocrx_word' id='word_1_796' title='bbox 1653 5068 1778 5106; x_wconf 91' lang='lat' dir='ltr'><strong>nam</strong></span> <span class='ocrx_word' id='word_1_797' title='bbox 1816 5053 1912 5122; x_wconf 92' lang='lat' dir='ltr'><strong>qui</strong></span> 
     </span>
    </p>
   </div>
   <div class='ocr_carea' id='block_1_101' title="bbox 347 5140 1909 5212">
    <p class='ocr_par' dir='ltr' id='par_1_101' title="bbox 347 5140 1909 5212">
     <span class='ocr_line' id='line_1_101' title="bbox 347 5140 1909 5212; baseline 0.003 -17"><span class='ocrx_word' id='word_1_798' title='bbox 347 5156 455 5196; x_wconf 92' lang='lat' dir='ltr'><strong>non</strong></span> <span class='ocrx_word' id='word_1_799' title='bbox 499 5140 797 5197; x_wconf 65' lang='lat' dir='ltr'><strong>crwidcrit</strong></span> <span class='ocrx_word' id='word_1_800' title='bbox 842 5142 1281 5212; x_wconf 88' lang='lat' dir='ltr'><strong>interpretationi</strong></span> <span class='ocrx_word' id='word_1_801' title='bbox 1313 5144 1530 5210; x_wconf 61' lang='lat' dir='ltr'><strong>littere,</strong></span> <span class='ocrx_word' id='word_1_802' title='bbox 1567 5146 1613 5200; x_wconf 91' lang='lat' dir='ltr'><strong>is</strong></span> <span class='ocrx_word' id='word_1_803' title='bbox 1636 5146 1709 5201; x_wconf 93' lang='lat' dir='ltr'><strong>ob</strong></span> <span class='ocrx_word' id='word_1_804' title='bbox 1741 5146 1909 5200; x_wconf 90' lang='lat' dir='ltr'><strong>animi</strong></span> 
     </span>
    </p>
   </div>
   <div class='ocr_carea' id='block_1_102' title="bbox 420 5282 1973 5357">
    <p class='ocr_par' dir='ltr' id='par_1_102' title="bbox 420 5282 1973 5357">
     <span class='ocr_line' id='line_1_102' title="bbox 420 5282 1973 5357; baseline 0.004 -18"><span class='ocrx_word' id='word_1_805' title='bbox 420 5284 463 5315; x_wconf 89' lang='grc'>¹³</span> <span class='ocrx_word' id='word_1_806' title='bbox 487 5283 803 5349; x_wconf 75' lang='lat' dir='ltr'><strong>Joan.t,l8.</strong></span> <span class='ocrx_word' id='word_1_807' title='bbox 873 5283 921 5316; x_wconf 76' lang='lat'>“</span> <span class='ocrx_word' id='word_1_808' title='bbox 943 5282 1075 5339; x_wconf 92' lang='lat' dir='ltr'><strong>Luc.</strong></span> <span class='ocrx_word' id='word_1_809' title='bbox 1119 5302 1231 5351; x_wconf 85' lang='lat' dir='ltr'><strong>xvt,</strong></span> <span class='ocrx_word' id='word_1_810' title='bbox 1257 5286 1347 5341; x_wconf 70' lang='grc'><strong>22.</strong></span> <span class='ocrx_word' id='word_1_811' title='bbox 1427 5287 1471 5318; x_wconf 70' lang='grc'><strong>³⁸</strong></span> <span class='ocrx_word' id='word_1_812' title='bbox 1511 5286 1684 5345; x_wconf 84' lang='lat' dir='ltr'><strong>Exod.</strong></span> <span class='ocrx_word' id='word_1_813' title='bbox 1719 5305 1791 5357; x_wconf 90' lang='lat' dir='ltr'><strong>tv,</strong></span> <span class='ocrx_word' id='word_1_814' title='bbox 1843 5290 1898 5354; x_wconf 88' lang='lat'><strong>6,</strong></span> <span class='ocrx_word' id='word_1_815' title='bbox 1941 5290 1973 5345; x_wconf 82' lang='lat'><strong>7</strong></span> 
     </span>
    </p>
   </div>
   <div class='ocr_carea' id='block_1_103' title="bbox 420 5396 1913 5473">
    <p class='ocr_par' dir='ltr' id='par_1_103' title="bbox 420 5396 1913 5473">
     <span class='ocr_line' id='line_1_103' title="bbox 420 5396 1913 5473; baseline 0.002 -20"><span class='ocrx_word' id='word_1_816' title='bbox 420 5398 529 5468; x_wconf 83' lang='lat'><strong>(87)</strong></span> <span class='ocrx_word' id='word_1_817' title='bbox 560 5396 706 5453; x_wconf 82' lang='lat' dir='ltr'><strong>Idem</strong></span> <span class='ocrx_word' id='word_1_818' title='bbox 751 5396 922 5452; x_wconf 85' lang='lat' dir='ltr'><strong>codex</strong></span> <span class='ocrx_word' id='word_1_819' title='bbox 983 5397 1200 5470; x_wconf 81' lang='lat' dir='ltr'><strong>Regius,</strong></span> <span class='ocrx_word' id='word_1_820' title='bbox 1245 5400 1412 5466; x_wconf 78' lang='grc' dir='ltr'>ἀξίως</span> <span class='ocrx_word' id='word_1_821' title='bbox 1456 5402 1624 5473; x_wconf 83' lang='grc' dir='ltr'>τιμῆς</span> <span class='ocrx_word' id='word_1_822' title='bbox 1662 5397 1731 5473; x_wconf 80' lang='grc' dir='ltr'>ἧς</span> <span class='ocrx_word' id='word_1_823' title='bbox 1779 5404 1913 5473; x_wconf 84' lang='grc' dir='ltr'>πρέ-</span> 
     </span>
    </p>
   </div>
   <div class='ocr_carea' id='block_1_104' title="bbox 348 5486 1913 5615">
    <p class='ocr_par' dir='ltr' id='par_1_104' title="bbox 348 5486 1913 5615">
     <span class='ocr_line' id='line_1_104' title="bbox 348 5486 458 5520; baseline 0 0"><span class='ocrx_word' id='word_1_824' title='bbox 348 5486 458 5520; x_wconf 79' lang='grc' dir='ltr'>πει.</span> 
     </span>
     <span class='ocr_line' id='line_1_105' title="bbox 352 5536 1913 5615; baseline 0.005 -25"><span class='ocrx_word' id='word_1_825' title='bbox 352 5607 366 5615; x_wconf 84' lang='lat'><strong>_</strong></span> <span class='ocrx_word' id='word_1_826' title='bbox 418 5536 748 5615; x_wconf 60' lang='grc' dir='ltr'><strong>(δίιμῖοςίοι⁸</strong></span> <span class='ocrx_word' id='word_1_827' title='bbox 784 5538 1004 5615; x_wconf 74' lang='lat' dir='ltr'><strong>Regius,</strong></span> <span class='ocrx_word' id='word_1_828' title='bbox 1055 5541 1370 5611; x_wconf 79' lang='grc' dir='ltr'>νοήσωμεν·</span> <span class='ocrx_word' id='word_1_829' title='bbox 1428 5544 1567 5615; x_wconf 77' lang='grc' dir='ltr'>ὅπερ</span> <span class='ocrx_word' id='word_1_830' title='bbox 1610 5542 1705 5598; x_wconf 77' lang='grc' dir='ltr'>ἐὰν</span> <span class='ocrx_word' id='word_1_831' title='bbox 1744 5543 1913 5609; x_wconf 74' lang='grc' dir='ltr'>οὕτως</span> 
     </span>
    </p>
   </div>
   <div class='ocr_carea' id='block_1_105' title="bbox 349 5607 1114 5680">
    <p class='ocr_par' dir='ltr' id='par_1_105' title="bbox 349 5607 1114 5680">
     <span class='ocr_line' id='line_1_106' title="bbox 349 5607 1114 5680; baseline 0.003 -20"><span class='ocrx_word' id='word_1_832' title='bbox 349 5607 606 5680; x_wconf 60' lang='grc' dir='ltr'>ἐσόμεθα,</span> <span class='ocrx_word' id='word_1_833' title='bbox 627 5608 863 5680; x_wconf 69' lang='grc' dir='ltr'>ἀπολογη</span> <span class='ocrx_word' id='word_1_834' title='bbox 872 5614 1114 5680; x_wconf 85' lang='grc' dir='ltr'>σάμενοι.</span> 
     </span>
    </p>
   </div>
   <div class='ocr_carea' id='block_1_106' title="bbox 422 5677 1315 5754">
    <p class='ocr_par' dir='ltr' id='par_1_106' title="bbox 422 5677 1315 5754">
     <span class='ocr_line' id='line_1_107' title="bbox 422 5677 1315 5754; baseline 0.011 -26"><span class='ocrx_word' id='word_1_835' title='bbox 422 5678 534 5743; x_wconf 69' lang='lat'><strong>(89)</strong></span> <span class='ocrx_word' id='word_1_836' title='bbox 568 5677 746 5732; x_wconf 82' lang='lat' dir='ltr'><strong>Codex</strong></span> <span class='ocrx_word' id='word_1_837' title='bbox 773 5677 995 5750; x_wconf 72' lang='lat' dir='ltr'><strong>Regius,</strong></span> <span class='ocrx_word' id='word_1_838' title='bbox 1017 5682 1315 5754; x_wconf 82' lang='grc' dir='ltr'>λεπρωσία.</span> 
     </span>
    </p>
   </div>
   <div class='ocr_carea' id='block_1_107' title="bbox 2024 4498 3589 4575">
    <p class='ocr_par' dir='ltr' id='par_1_107' title="bbox 2024 4498 3589 4575">
     <span class='ocr_line' id='line_1_108' title="bbox 2024 4498 3589 4575; baseline -0.007 -16"><span class='ocrx_word' id='word_1_839' title='bbox 2024 4522 2190 4575; x_wconf 87' lang='grc' dir='ltr'>σομεν</span> <span class='ocrx_word' id='word_1_840' title='bbox 2222 4505 2354 4574; x_wconf 86' lang='lat'><strong>(90),</strong></span> <span class='ocrx_word' id='word_1_841' title='bbox 2393 4506 2476 4557; x_wconf 85' lang='grc' dir='ltr'>ὅτι</span> <span class='ocrx_word' id='word_1_842' title='bbox 2513 4506 2548 4575; x_wconf 86' lang='grc' dir='ltr'>ή</span> <span class='ocrx_word' id='word_1_843' title='bbox 2590 4505 2712 4574; x_wconf 74' lang='grc' dir='ltr'>χεὶρ</span> <span class='ocrx_word' id='word_1_844' title='bbox 2740 4502 2993 4574; x_wconf 79' lang='grc' dir='ltr'>πράξεων</span> <span class='ocrx_word' id='word_1_845' title='bbox 3019 4499 3287 4570; x_wconf 85' lang='grc' dir='ltr'>πολλαχοῦ</span> <span class='ocrx_word' id='word_1_846' title='bbox 3330 4498 3589 4569; x_wconf 78' lang='grc' dir='ltr'>σύμϐολόν</span> 
     </span>
    </p>
   </div>
   <div class='ocr_carea' id='block_1_108' title="bbox 2022 4588 3588 4659">
    <p class='ocr_par' dir='ltr' id='par_1_108' title="bbox 2022 4588 3588 4659">
     <span class='ocr_line' id='line_1_109' title="bbox 2022 4588 3588 4659; baseline -0.005 -11"><span class='ocrx_word' id='word_1_847' title='bbox 2022 4597 2168 4648; x_wconf 76' lang='grc' dir='ltr'>ἐστιν</span> <span class='ocrx_word' id='word_1_848' title='bbox 2187 4612 2201 4625; x_wconf 88' lang='grc'><strong>·</strong></span> <span class='ocrx_word' id='word_1_849' title='bbox 2236 4598 2266 4648; x_wconf 86' lang='grc' dir='ltr'><strong>ὁ</strong></span> <span class='ocrx_word' id='word_1_850' title='bbox 2293 4595 2351 4647; x_wconf 83' lang='grc' dir='ltr'>δὲ</span> <span class='ocrx_word' id='word_1_851' title='bbox 2382 4594 2581 4657; x_wconf 83' lang='grc' dir='ltr'>κόλπος</span> <span class='ocrx_word' id='word_1_852' title='bbox 2618 4594 2893 4655; x_wconf 80' lang='grc' dir='ltr'>Μωῡσέως</span> <span class='ocrx_word' id='word_1_853' title='bbox 2922 4592 3017 4645; x_wconf 74' lang='grc' dir='ltr'>δύο</span> <span class='ocrx_word' id='word_1_854' title='bbox 3045 4591 3303 4658; x_wconf 73' lang='grc' dir='ltr'>δυνάμεις</span> <span class='ocrx_word' id='word_1_855' title='bbox 3332 4589 3469 4659; x_wconf 73' lang='grc' dir='ltr'>ἔχει,</span> <span class='ocrx_word' id='word_1_856' title='bbox 3501 4588 3588 4656; x_wconf 77' lang='grc' dir='ltr'><strong>τὴν</strong></span> 
     </span>
    </p>
   </div>
   <div class='ocr_carea' id='block_1_109' title="bbox 2029 4683 3587 4759">
    <p class='ocr_par' dir='ltr' id='par_1_109' title="bbox 2029 4683 3587 4759">
     <span class='ocr_line' id='line_1_110' title="bbox 2029 4683 3587 4759; baseline -0.008 -15"><span class='ocrx_word' id='word_1_857' title='bbox 2029 4688 2127 4759; x_wconf 81' lang='grc' dir='ltr'>μὲν</span> <span class='ocrx_word' id='word_1_858' title='bbox 2180 4687 2452 4758; x_wconf 87' lang='grc' dir='ltr'>προτέραν</span> <span class='ocrx_word' id='word_1_859' title='bbox 2503 4687 2599 4741; x_wconf 77' lang='grc' dir='ltr'>καὶ</span> <span class='ocrx_word' id='word_1_860' title='bbox 2632 4686 2773 4739; x_wconf 87' lang='grc' dir='ltr'><strong>κατά</strong></span> <span class='ocrx_word' id='word_1_861' title='bbox 2820 4684 2890 4738; x_wconf 83' lang='grc' dir='ltr'><strong>τά</strong></span> <span class='ocrx_word' id='word_1_862' title='bbox 2942 4683 3037 4737; x_wconf 76' lang='grc' dir='ltr'>τοῦ</span> <span class='ocrx_word' id='word_1_863' title='bbox 3097 4684 3427 4754; x_wconf 75' lang='grc' dir='ltr'>γράμματος</span> <span class='ocrx_word' id='word_1_864' title='bbox 3478 4684 3587 4750; x_wconf 66' lang='lat' dir='ltr'><strong>vei,-</strong></span> 
     </span>
    </p>
   </div>
   <div class='ocr_carea' id='block_1_110' title="bbox 2028 4770 3584 4850">
    <p class='ocr_par' dir='ltr' id='par_1_110' title="bbox 2028 4770 3584 4850">
     <span class='ocr_line' id='line_1_111' title="bbox 2028 4770 3584 4850; baseline -0.008 -17"><span class='ocrx_word' id='word_1_865' title='bbox 2028 4797 2175 4850; x_wconf 88' lang='grc' dir='ltr'>ματα</span> <span class='ocrx_word' id='word_1_866' title='bbox 2228 4778 2488 4832; x_wconf 77' lang='grc' dir='ltr'>ποιοῦσαν</span> <span class='ocrx_word' id='word_1_867' title='bbox 2546 4777 2645 4848; x_wconf 80' lang='grc' dir='ltr'>τὴν</span> <span class='ocrx_word' id='word_1_868' title='bbox 2708 4777 2911 4847; x_wconf 80' lang='grc' dir='ltr'>πρᾶξιν</span> <span class='ocrx_word' id='word_1_869' title='bbox 2946 4773 3041 4827; x_wconf 78' lang='grc' dir='ltr'><strong>τοῦ</strong></span> <span class='ocrx_word' id='word_1_870' title='bbox 3079 4774 3411 4843; x_wconf 73' lang='grc' dir='ltr'>πράττοντος</span> <span class='ocrx_word' id='word_1_871' title='bbox 3466 4770 3584 4823; x_wconf 75' lang='grc' dir='ltr'>ὡσεὶ</span> 
     </span>
    </p>
   </div>
   <div class='ocr_carea' id='block_1_111' title="bbox 2025 4860 3585 4942">
    <p class='ocr_par' dir='ltr' id='par_1_111' title="bbox 2025 4860 3585 4942">
     <span class='ocr_line' id='line_1_112' title="bbox 2025 4860 3585 4942; baseline -0.007 -19"><span class='ocrx_word' id='word_1_872' title='bbox 2025 4870 2157 4942; x_wconf 78' lang='grc' dir='ltr'>χιὼν</span> <span class='ocrx_word' id='word_1_873' title='bbox 2181 4909 2198 4934; x_wconf 95' lang='grc'><strong>,</strong></span> <span class='ocrx_word' id='word_1_874' title='bbox 2247 4870 2371 4923; x_wconf 86' lang='grc' dir='ltr'>ὅσον</span> <span class='ocrx_word' id='word_1_875' title='bbox 2424 4869 2519 4921; x_wconf 76' lang='grc' dir='ltr'>ἐπὶ</span> <span class='ocrx_word' id='word_1_876' title='bbox 2549 4871 2616 4939; x_wconf 76' lang='grc' dir='ltr'>τῇ</span> <span class='ocrx_word' id='word_1_877' title='bbox 2655 4866 2924 4938; x_wconf 84' lang='grc' dir='ltr'>Ἐϐραίων</span> <span class='ocrx_word' id='word_1_878' title='bbox 2955 4867 3105 4936; x_wconf 76' lang='grc' dir='ltr'>φωνῇ</span> <span class='ocrx_word' id='word_1_879' title='bbox 3124 4904 3142 4927; x_wconf 90' lang='grc'><strong>,</strong></span> <span class='ocrx_word' id='word_1_880' title='bbox 3167 4864 3202 4935; x_wconf 78' lang='grc' dir='ltr'><strong>ἢ</strong></span> <span class='ocrx_word' id='word_1_881' title='bbox 3236 4863 3333 4916; x_wconf 79' lang='grc' dir='ltr'>καὶ</span> <span class='ocrx_word' id='word_1_882' title='bbox 3384 4860 3585 4931; x_wconf 80' lang='grc' dir='ltr'>λεπρῶ-</span> 
     </span>
    </p>
   </div>
   <div class='ocr_carea' id='block_1_112' title="bbox 2025 4952 3585 5033">
    <p class='ocr_par' dir='ltr' id='par_1_112' title="bbox 2025 4952 3585 5033">
     <span class='ocr_line' id='line_1_113' title="bbox 2025 4952 3585 5033; baseline -0.008 -17"><span class='ocrx_word' id='word_1_883' title='bbox 2025 4979 2125 5016; x_wconf 87' lang='grc' dir='ltr'><strong>σαν</strong></span> <span class='ocrx_word' id='word_1_884' title='bbox 2143 4979 2158 4992; x_wconf 74' lang='grc' dir='ltr'><strong>ο</strong></span> <span class='ocrx_word' id='word_1_885' title='bbox 2191 4962 2291 5033; x_wconf 81' lang='grc' dir='ltr'>τὴν</span> <span class='ocrx_word' id='word_1_886' title='bbox 2323 4960 2581 5030; x_wconf 85' lang='grc' dir='ltr'>δευτέραν</span> <span class='ocrx_word' id='word_1_887' title='bbox 2610 4959 2705 5011; x_wconf 78' lang='grc' dir='ltr'>καὶ</span> <span class='ocrx_word' id='word_1_888' title='bbox 2736 4956 2880 5011; x_wconf 85' lang='grc' dir='ltr'><strong>κατά</strong></span> <span class='ocrx_word' id='word_1_889' title='bbox 2906 4956 2999 5009; x_wconf 77' lang='grc' dir='ltr'><strong>τὸν</strong></span> <span class='ocrx_word' id='word_1_890' title='bbox 3027 4953 3397 5024; x_wconf 83' lang='grc' dir='ltr'>πνευματικὸν</span> <span class='ocrx_word' id='word_1_891' title='bbox 3436 4952 3585 5021; x_wconf 85' lang='grc' dir='ltr'>νόμον</span> 
     </span>
    </p>
   </div>
   <div class='ocr_carea' id='block_1_113' title="bbox 2018 5043 3583 5124">
    <p class='ocr_par' dir='ltr' id='par_1_113' title="bbox 2018 5043 3583 5124">
     <span class='ocr_line' id='line_1_114' title="bbox 2018 5043 3583 5124; baseline -0.009 -16"><span class='ocrx_word' id='word_1_892' title='bbox 2018 5054 2286 5124; x_wconf 66' lang='grc' dir='ltr'>καθαρὰν,</span> <span class='ocrx_word' id='word_1_893' title='bbox 2315 5050 2712 5106; x_wconf 74' lang='grc' dir='ltr'>ἀποδεικνῦσαν</span> <span class='ocrx_word' id='word_1_894' title='bbox 2755 5048 2855 5119; x_wconf 85' lang='grc' dir='ltr'>τὴν</span> <span class='ocrx_word' id='word_1_895' title='bbox 2884 5046 3191 5111; x_wconf 84' lang='grc' dir='ltr'>πολιτείαν,</span> <span class='ocrx_word' id='word_1_896' title='bbox 3225 5045 3320 5099; x_wconf 81' lang='grc' dir='ltr'>καὶ</span> <span class='ocrx_word' id='word_1_897' title='bbox 3352 5043 3583 5098; x_wconf 66' lang='lat' dir='ltr'><strong>timuii—</strong></span> 
     </span>
    </p>
   </div>
   <div class='ocr_carea' id='block_1_114' title="bbox 2020 5134 3584 5214">
    <p class='ocr_par' dir='ltr' id='par_1_114' title="bbox 2020 5134 3584 5214">
     <span class='ocr_line' id='line_1_115' title="bbox 2020 5134 3584 5214; baseline -0.01 -16"><span class='ocrx_word' id='word_1_898' title='bbox 2020 5144 2373 5214; x_wconf 80' lang='grc' dir='ltr'>ιστανομένην</span> <span class='ocrx_word' id='word_1_899' title='bbox 2426 5144 2507 5205; x_wconf 81' lang='grc' dir='ltr'>εἰς</span> <span class='ocrx_word' id='word_1_900' title='bbox 2554 5142 2615 5195; x_wconf 85' lang='grc' dir='ltr'>τὸ</span> <span class='ocrx_word' id='word_1_901' title='bbox 2659 5140 2908 5212; x_wconf 77' lang='grc' dir='ltr'>βούλημα</span> <span class='ocrx_word' id='word_1_902' title='bbox 2969 5138 3071 5209; x_wconf 83' lang='grc' dir='ltr'>τῆς</span> <span class='ocrx_word' id='word_1_903' title='bbox 3102 5137 3319 5206; x_wconf 75' lang='grc' dir='ltr'>φύσεως</span> <span class='ocrx_word' id='word_1_904' title='bbox 3366 5134 3462 5188; x_wconf 75' lang='grc' dir='ltr'>τοῦ</span> <span class='ocrx_word' id='word_1_905' title='bbox 3510 5135 3584 5186; x_wconf 79' lang='grc' dir='ltr'>λό-</span> 
     </span>
    </p>
   </div>
   <div class='ocr_carea' id='block_1_115' title="bbox 2075 5286 2360 5344">
    <p class='ocr_par' dir='ltr' id='par_1_115' title="bbox 2075 5286 2360 5344">
     <span class='ocr_line' id='line_1_116' title="bbox 2075 5286 2360 5344; baseline -0.011 0"><span class='ocrx_word' id='word_1_906' title='bbox 2075 5292 2118 5323; x_wconf 85' lang='grc'><strong>¹⁶</strong></span> <span class='ocrx_word' id='word_1_907' title='bbox 2155 5288 2283 5344; x_wconf 88' lang='lat' dir='ltr'><strong>ibid.</strong></span> <span class='ocrx_word' id='word_1_908' title='bbox 2307 5286 2360 5343; x_wconf 90' lang='lat'><strong>8.</strong></span> 
     </span>
    </p>
   </div>
   <div class='ocr_carea' id='block_1_116' title="bbox 2090 5387 3579 5470">
    <p class='ocr_par' dir='ltr' id='par_1_116' title="bbox 2090 5387 3579 5470">
     <span class='ocr_line' id='line_1_117' title="bbox 2090 5387 3579 5470; baseline -0.024 -10"><span class='ocrx_word' id='word_1_909' title='bbox 2090 5403 2201 5470; x_wconf 85' lang='lat'><strong>(90)</strong></span> <span class='ocrx_word' id='word_1_910' title='bbox 2224 5401 2335 5457; x_wconf 70' lang='lat' dir='ltr'><strong>Kal</strong></span> <span class='ocrx_word' id='word_1_911' title='bbox 2374 5399 2521 5467; x_wconf 77' lang='grc' dir='ltr'>ὑπὲρ</span> <span class='ocrx_word' id='word_1_912' title='bbox 2556 5395 2711 5470; x_wconf 69' lang='grc' dir='ltr'>ἡμᾶς</span> <span class='ocrx_word' id='word_1_913' title='bbox 2752 5398 2917 5470; x_wconf 63' lang='grc' dir='ltr'>τινος</span> <span class='ocrx_word' id='word_1_914' title='bbox 2944 5398 3032 5461; x_wconf 73' lang='grc' dir='ltr'>εἰς</span> <span class='ocrx_word' id='word_1_915' title='bbox 3056 5394 3262 5470; x_wconf 43' lang='grc' dir='ltr'><strong>δρία-ἔν</strong></span> <span class='ocrx_word' id='word_1_916' title='bbox 3302 5387 3579 5470; x_wconf 51' lang='grc' dir='ltr'><strong>παραδῶ-</strong></span> 
     </span>
    </p>
   </div>
   <div class='ocr_carea' id='block_1_117' title="bbox 2022 5465 3576 5540">
    <p class='ocr_par' dir='ltr' id='par_1_117' title="bbox 2022 5465 3576 5540">
     <span class='ocr_line' id='line_1_118' title="bbox 2022 5465 3576 5540; baseline -0.014 -12"><span class='ocrx_word' id='word_1_917' title='bbox 2022 5465 2119 5528; x_wconf 70' lang='grc' dir='ltr'>ναι</span> <span class='ocrx_word' id='word_1_918' title='bbox 2170 5465 2251 5538; x_wconf 66' lang='grc' dir='ltr'>τῷ</span> <span class='ocrx_word' id='word_1_919' title='bbox 2291 5465 2702 5539; x_wconf 54' lang='grc' dir='ltr'><strong>ἑντειξομὲνῳ</strong></span> <span class='ocrx_word' id='word_1_920' title='bbox 2726 5469 3024 5537; x_wconf 67' lang='grc' dir='ltr'>φήσομεν.</span> <span class='ocrx_word' id='word_1_921' title='bbox 3053 5466 3146 5518; x_wconf 87' lang='lat' dir='ltr'><strong>Sic</strong></span> <span class='ocrx_word' id='word_1_922' title='bbox 3198 5466 3342 5517; x_wconf 87' lang='lat' dir='ltr'><strong>hunc</strong></span> <span class='ocrx_word' id='word_1_923' title='bbox 3388 5465 3576 5540; x_wconf 65' lang='lat' dir='ltr'><strong>loctnn,</strong></span> 
     </span>
    </p>
   </div>
   <div class='ocr_carea' id='block_1_118' title="bbox 2024 5540 3577 5610">
    <p class='ocr_par' dir='ltr' id='par_1_118' title="bbox 2024 5540 3577 5610">
     <span class='ocr_line' id='line_1_119' title="bbox 2024 5540 3577 5610; baseline -0.008 -14"><span class='ocrx_word' id='word_1_924' title='bbox 2024 5546 2114 5610; x_wconf 85' lang='lat' dir='ltr'><strong>qni</strong></span> <span class='ocrx_word' id='word_1_925' title='bbox 2172 5544 2225 5595; x_wconf 93' lang='lat' dir='ltr'><strong>in</strong></span> <span class='ocrx_word' id='word_1_926' title='bbox 2279 5544 2466 5596; x_wconf 83' lang='lat' dir='ltr'><strong>codice</strong></span> <span class='ocrx_word' id='word_1_927' title='bbox 2527 5540 2690 5609; x_wconf 72' lang='lat' dir='ltr'><strong>Hegio</strong></span> <span class='ocrx_word' id='word_1_928' title='bbox 2728 5541 2950 5593; x_wconf 85' lang='lat' dir='ltr'><strong>omnin</strong></span> <span class='ocrx_word' id='word_1_929' title='bbox 2978 5551 3209 5593; x_wconf 81' lang='lat' dir='ltr'><strong>mancus</strong></span> <span class='ocrx_word' id='word_1_930' title='bbox 3240 5543 3346 5599; x_wconf 87' lang='lat' dir='ltr'><strong>est,</strong></span> <span class='ocrx_word' id='word_1_931' title='bbox 3373 5540 3577 5585; x_wconf 73' lang='lat' dir='ltr'><strong>samum</strong></span> 
     </span>
    </p>
   </div>
   <div class='ocr_carea' id='block_1_119' title="bbox 2030 5610 2849 5669">
    <p class='ocr_par' dir='ltr' id='par_1_119' title="bbox 2030 5610 2849 5669">
     <span class='ocr_line' id='line_1_120' title="bbox 2030 5610 2849 5669; baseline -0.006 0"><span class='ocrx_word' id='word_1_932' title='bbox 2030 5614 2265 5669; x_wconf 78' lang='lat' dir='ltr'><strong>restituit</strong></span> <span class='ocrx_word' id='word_1_933' title='bbox 2296 5613 2469 5668; x_wconf 83' lang='lat' dir='ltr'><strong>codex</strong></span> <span class='ocrx_word' id='word_1_934' title='bbox 2499 5610 2849 5666; x_wconf 80' lang='lat' dir='ltr'><strong>Bodleianus.</strong></span> 
     </span>
    </p>
   </div>
  </div>
