3712 6138
114 320 236 375 801

1193 333 1549 394 COMMENT.
1596 338 1659 394 IN
1699 338 1893 400 JOAN.
1935 342 2175 402 TOMUS
2214 345 2431 402 XXXII.

3312 353 3418 407 80$

110 457 258 537 γου.
286 443 407 498 Καὶ
432 444 589 537 τήρει
619 463 706 516 γε,
737 448 819 503 δτι
842 450 1159 524 ἐπιφέρεται
1187 456 1398 521 τούτοις
1424 459 1505 511 τό·
1550 480 1567 510 ι

1944 468 2206 522 :stantiam
2271 469 2458 523 credet
2516 467 2787 536 spirituali
2849 466 2984 537 legis
3054 467 3410 522 enarratioui.

116 533 207 604 μὴ
235 536 592 592 πιστεύσωσί
623 557 727 606 σοι,
757 542 892 614 μηδὲ
915 546 1275 603 εἰσακούσωσι
1306 551 1405 623 τῆς
1426 554 1610 625 φωνῆς
1639 554 1735 608 τοῦ

113 626 386 695 σημείου
412 627 509 681 τοῦ
546 628 784 702 πρώτου,
815 636 1163 693 πιστεύσουσί
1190 658 1271 696 σοι
1304 642 1404 715 τῆς
1431 646 1618 716 φωνῆς
1638 647 1734 701 τοῦ

116 717 400 811 σημείουΔ
417 718 513 773 τοῦ
542 720 815 796 δευτέρου·
847 745 866 779 ι
898 730 927 781 6
957 729 1067 801 γὰρ
1099 732 1175 803 μὴ
1214 735 1510 801 πιστεύσας
1538 742 1604 811 τῇ
1640 742 1735 794 ἐκ·

110 808 263 880 δοκῇ
299 808 403 863 τοῦ
438 813 787 885 γράμματος,
826 817 915 872 διά
946 821 1299 890 μεγαλόνοιαν
1333 808 1614 883 πιστεύσει
1665 834 1732 904 τῇ

114 909 497 997 πνευματικῇ
550 907 646 961 τοῦ
702 910 869 982 νόμου
922 912 1191 986 διηγήσει.
1241 917 1368 973 Ἐὰν
1409 920 1465 974 δέ
1524 939 1609 988 τις
1657 924 1733 997 μὴ

114 996 415 1088 πιστεύσῃ
460 1001 572 1063 τοῖς
608 999 728 1054 δυσὶ
777 1003 1022 1073 σημείοις
1067 1008 1310 1074 τούτοις,
1338 1010 1416 1083 τῷ
1456 1013 1554 1084 μὲν
1601 996 1734 1088 προέ

114 1086 303 1156 τέρῳ,
354 1089 436 1143 ὅτι
469 1089 676 1163 λεπράν
707 1096 852 1147 ποιεῖ
878 1096 977 1169 τὴν
1009 1099 1231 1170 πρᾶξιν,
1260 1102 1341 1173 τῷ
1371 1103 1428 1157 δὲ
1455 1086 1693 1179 δευτέρῳ
1713 1149 1728 1173 ,

112 1180 214 1274 ὅτιΔ
244 1181 694 1274 ἀποκαθίστησιν
714 1187 882 1260 αὐτὴν
915 1191 995 1254 είς
1025 1191 1088 1245 τὸ
1114 1194 1256 1247 κατὰ
1282 1196 1464 1265 φύσιν,
1497 1199 1559 1252 τὸ
1586 1199 1731 1274 ὕδωρ

115 1269 314 1341 τούτῳ
368 1267 508 1344 αἷμα
557 1275 799 1342 γίνεται·
833 1280 1142 1352 γέγραπται
1176 1287 1315 1359 γάρ·
1360 1307 1380 1339 ι
1421 1291 1531 1344 Καὶ
1576 1267 1729 1347 ἔσται

114 1362 221 1414 ἐὰν
258 1362 345 1434 μὴ
381 1365 711 1421 πιστεύσωσί
770 1387 852 1423 σοι
883 1374 995 1436 τοῖς
1030 1373 1150 1427 δυσὶ
1181 1379 1428 1449 σημείοις
1472 1382 1681 1448 τούτοις
1711 1427 1726 1452 ,

120 1455 279 1527 μηδὲ¹
334 1458 702 1514 είσακούσωσι
749 1465 848 1534 τῆς
895 1465 1081 1536 φωνῆς
1129 1485 1247 1535 σου,
1298 1470 1456 1543 λήψει
1490 1477 1599 1530 ἀπὸ
1634 1477 1727 1531 τοῦ

117 1544 332 1612 ὕδατος
379 1547 475 1602 τοῦ
524 1553 801 1625 ποταμοῦ,
835 1560 928 1611 καὶ¹
976 1560 1154 1631 ὲκχεῖς
1196 1563 1289 1616 ἐπὶ
1324 1563 1387 1617 τὸ
1416 1563 1599 1638 ξηρόν·
1634 1570 1727 1622 καὶ

118 1640 282 1695 ἔσται
318 1642 388 1697 τὸ
418 1642 565 1717 ὕδωρ
605 1646 633 1700 δ
675 1647 771 1702 ἐὰν
820 1648 991 1724 λάϐῃς
1024 1654 1132 1707 ἀπὸ
1170 1654 1265 1709 τοῦ
1309 1659 1556 1731 ποταμοῦ
1585 1655 1726 1732 αἷμα

116 1735 217 1787 ἐπὶ
238 1734 346 1787 τοῦ
380 1734 570 1807 ξηροῦ.
606 1756 625 1790 ι
651 1739 763 1793 Καὶ
806 1740 1041 1813 πρόσχες
1065 1744 1153 1811 δὲ,
1182 1746 1264 1799 ὅτι
1287 1747 1380 1800 ἐπὶ
1409 1748 1599 1804 τούτου
1628 1752 1723 1806 τοῦ

1842 559 1996 625 Quod
2028 561 2071 615 si
2100 562 2224 630 quis
2247 575 2378 616 vero
2410 562 2496 616 his
2522 561 2732 615 duobus
2761 559 2932 631 signis
2957 575 3063 615 non
3086 560 3411 624 crediderit,

1840 651 2005 719 priori
2052 653 2293 722 quidem,
2328 654 2455 723 quia
2493 652 2763 722 leprosam
2791 650 2926 706 facit
2965 654 3271 716 actionem;
3326 668 3413 707 se.

1837 746 2014 799 cnndo
2043 755 2244 812 autem,
2269 749 2398 818 quia
2426 761 2547 802 eam
2587 745 2828 800 restituit
2866 745 2921 799 in
2958 753 3205 799 naturam
3228 760 3413 809 suam,

1839 854 1977 908 aqua
2015 839 2141 895 huic
2166 840 2397 895 edicitur
2429 841 2692 911 sanguis;
2723 839 2984 909 scriptum
3027 847 3112 894 est
3138 839 3283 893 enim
3319 838 3361 871 "
3392 853 3410 893 ε

1843 951 1862 984 ι
1896 930 1963 985 Et
1986 934 2114 995 erit,
2141 934 2185 987 si
2216 949 2322 987 non
2355 933 2566 987 duobus
2614 931 2699 986 his
2723 931 2896 1000 signis
2926 930 3278 994 crediderint,
3314 932 3411 985 nei-

1836 1041 1943 1096 que
1993 1026 2266 1082 audierint
2295 1040 2479 1081 vocem
2518 1036 2707 1090 tuam;
2743 1023 2981 1092 accipies
3011 1023 3079 1077 de
3107 1024 3264 1092 aquis
3307 1023 3409 1076 lin-

1834 1118 2019 1183 minis,
2057 1129 2113 1173 et
2133 1117 2380 1173 eﬂ‘undes
2405 1118 2457 1171 in
2490 1117 2691 1171 siccam
2721 1117 2942 1170 humum
2969 1131 2987 1182 ;
3027 1115 3239 1184 eritque
3269 1130 3408 1185 aqua

1834 1208 1943 1273 illa,
1974 1223 2138 1278 quam
2183 1208 2251 1265 de
2297 1208 2519 1264 ﬂumine
2548 1208 2844 1276 acceperis,
2872 1206 3039 1280 ΜΟ
3081 1210 3305 1279 sanguis
3352 1209 3406 1262 in

1831 1300 2034 1355 siccam
2066 1302 2308 1356 humum.
2342 1320 2362 1354 ι
2397 1302 2466 1355 Ει
2491 1312 2727 1358 mentem
2756 1300 2972 1363 adhibe,
3012 1301 3158 1369 quod
3199 1300 3253 1353 in
3305 1299 3409 1353 hoc

1829 1393 1986 1462 signo
2017 1406 2121 1445 non
2166 1392 2399 1460 amplius
2422 1394 2635 1448 dicatur
2665 1410 2680 1448 :
2706 1392 2963 1455 Credent,
2992 1390 3102 1455 vel,
3138 1388 3257 1443 Non
3286 1403 3408 1443 ere‘

1830 1486 1957 1540 deut
2003 1484 2122 1540 tibi.
2150 1484 2402 1539 lnnuitur
2435 1487 2603 1549 enim,
2650 1485 2795 1554 quod
2834 1500 2939 1540 non
2978 1483 3230 1538 credenti
3274 1484 3410 1536 dun-

1828 1577 1933 1633 bus
1962 1575 2153 1647 signis,
2185 1592 2325 1648 aqua
2375 1578 2442 1632 de
2476 1578 2700 1632 ﬂumine
2744 1586 2958 1645 sumpta
3008 1574 3104 1629 ﬁat
3156 1573 3403 1644 sanguis,

1829 1662 2121 1740 nequeunti
2171 1680 2397 1740 propter
2426 1671 2806 1725 inﬁdelitatem
2838 1668 2946 1723 frui
2977 1668 3193 1745 ratione
3241 1674 3405 1733 pota-

1829 1761 1946 1817 bili.
1970 1763 2078 1817 Sed
2107 1763 2394 1818 redeamus
2415 1763 2560 1818 unde
2577 1762 2858 1818 aberrarat
2883 1762 3084 1823 oratio,
3102 1774 3225 1814 cum
3245 1758 3401 1829 plura

122 1828 371 1897 σημείου
430 1830 531 1882 οὐκ
573 1829 653 1884 ἔτι
700 1830 919 1902 λέγεται
960 1836 1039 1901 τὸ,
1073 1836 1498 1923 ἣηΠιστεύσωσί
1532 1859 1588 1896 σο

1937 1872 1985 1909 m
2003 1871 2240 1925 praesens
2266 1856 2415 1912 locus
2438 1855 2695 1925 postulet,
2718 1856 2784 1910 de
2800 1854 2918 1909 sinu
2939 1852 3068 1909 Jesu
3092 1865 3401 1917 assumpse-

118 1919 199 1971 Οὐ
260 1920 607 1978 πιστεύσωσι
629 1941 644 1957 ·
676 1924 929 1996 δηλοῦται
975 1929 1104 2000 γὰρ,
1132 1919 1221 1983 ⁷ὅτι
1256 1932 1334 2002 τῷ
1367 1933 1442 2004 μὴ
1494 1926 1719 1989 πιστεύ-

122 2027 286 2064 σαντι
314 2014 437 2076 τοῖς
474 2012 594 2068 δυσὶ
643 2016 892 2087 σημείοις
940 2018 1005 2072 τὸ
1043 2019 1453 2093 λαμϐανόμενον
1478 2026 1587 2079 ἀπὸ
1623 2026 1718 2081 τοῦ

120 2106 388 2177 ποταμοῦ
428 2107 573 2182 ὕδωρ
601 2105 739 2182 αἷμα
773 2112 1019 2181 γίνεται,
1068 2115 1136 2170 δι’
1178 2118 1435 2173 ἀπιστίαν
1487 2122 1717 2193 ποτίμου

122 2200 434 2254 ἀπολαύειν
472 2202 534 2255 οὐ
562 2201 842 2277 δυναμένῳ
880 2205 1059 2275 λόγου.
1088 2207 1250 2263 Ἀλλά
1275 2209 1385 2283 γὰρ
1408 2212 1717 2268 ἐπανέλθω-

125 2309 248 2360 μεν,
287 2293 517 2348 πλείονα
570 2294 665 2348 τοῦ
702 2296 910 2363 δέοντος
940 2299 1030 2353 διὰ
1055 2300 1146 2355 τὸν
1175 2302 1375 2357 κόλπον
1403 2305 1497 2359 τοῦ
1538 2306 1716 2377 Ἰησοῦ

124 2385 548 2458 παραλαϐόντες
572 2390 651 2453 είς
674 2389 764 2444 τὸν
789 2391 954 2446 τόπον
982 2393 1075 2447 ἐπὶ
1119 2395 1180 2448 τὸ
1213 2399 1591 2470 προκείμενον,
1618 2402 1714 2455 καὶ

124 2477 424 2547 μαθόντες,
466 2481 549 2534 ὅτι
588 2480 647 2534 ὃν
698 2484 889 2553 ἠγάπα
912 2487 941 2539 6
979 2487 1207 2557 Ἰησοῦς,
1247 2484 1316 2560 ἦν
1355 2492 1715 2565 ἀνακείμενος

126 2570 183 2623 ἐν
214 2570 296 2642 τῷ
330 2571 524 2645 κόλπῳ
561 2575 655 2629 τοῦ
716 2577 921 2648 Ἰησοῦ,
969 2578 1147 2634 πάντα
1199 2582 1528 2655 πράττωμεν
1578 2587 1715 2658 πρὸς

121 2660 184 2714 τὸ
210 2664 544 2737 ὲγκριθῆναι
576 2668 642 2739 τῇ
679 2666 943 2741 ἐξαιρέτῳ
970 2669 1135 2725 αὐτοῦ
1164 2673 1387 2747 ἀγάπῃ·
1422 2676 1564 2731 οὕτω
1603 2678 1713 2752 γὰρ

125 2754 220 2808 καὶ
248 2756 408 2809 αὐτοὶ
442 2758 845 2831 ἀνακεισόμεθα
895 2763 954 2816 ἐν
1007 2762 1087 2834 τῷ
1129 2764 1316 2836 κόλπῳ
1367 2767 1462 2820 τοῦ
1509 2769 1708 2840 Ἰησοῦ.

124 2843 288 2897 Νεύει
318 2844 379 2898 δὲ
404 2844 486 2916 τῷ
507 2848 856 2921 ἀγαπωμένῳ
881 2850 1094 2925 μαθητῇ
1140 2854 1323 2927 Σίμων
1358 2856 1583 2930 Πέτρος,
1617 2862 1711 2915 καὶ

130 2937 203 3008 μὴ
254 2938 600 3012 ἀρκούμενος
649 2942 728 3014 τῷ
766 2944 995 3016 νεύματι
1035 2964 1167 3019 φησι
1187 2949 1366 3021 αὐτῷ·
1394 2968 1413 3002 ι
1443 2952 1581 3007 Είπὲ
1624 2955 1712 3020 τίς

126 3028 239 3081 ἐστι
292 3031 429 3101 περί¹
484 3026 546 3086 οὗ
600 3032 770 3103 λέγει.
812 3054 832 3087 ι
885 3037 1038 3089 Ἐπεὶ
1066 3032 1159 3091 οὖν
1183 3039 1242 3093 τὸ
1276 3042 1479 3096 νεύειν
1506 3046 1564 3098 ὲν
1589 3049 1710 3110 ταῖς

127 3119 456 3192 Παροιμίαις
490 3123 568 3188 είς
607 3124 858 3199 διαϐολὴν
889 3126 1241 3199 λαμϐάνεται·
1282 3133 1310 3185 6
1346 3133 1457 3206 γὰρ
1501 3136 1706 3205 φαῦλος

131 3227 149 3259 ι
179 3210 384 3265 ὲννεύει
417 3213 518 3283 μὲν
557 3214 821 3288 ὀφθαλμῷ
845 3260 860 3284 ,
910 3221 1164 3290 σημαίνει
1194 3222 1252 3275 δὲ
1284 3225 1435 3289 ποδὶ,
1465 3225 1705 3283 διδάσκει

127 3301 180 3354 δὲ
238 3304 475 3395 νεύμασι
530 3306 806 3364 δακτύλων
831 3351 848 3378 ,
905 3314 999 3367 καὶ
1048 3312 1458 3392 διεστραμμένη
1509 3321 1707 3395 καρδίᾳ

125 3394 469 3450 τεκταίνεται
523 3396 633 3469 (Si)
673 3401 852 3455 κακά·
893 3421 913 3454 ι
946 3402 1059 3456 καί·
1103 3422 1123 3455 ι
1165 3406 1222 3459 '0
1252 3407 1482 3463 ὲννεύων
1508 3394 1706 3480 ὀφθαλὲ

132 3488 246 3555 μοῖς
279 3489 420 3558 μετά
461 3489 615 3544 δόλου
659 3495 882 3564 συνάγει
907 3497 1132 3569 ἀνδράσι
1159 3499 1357 3564 λύπας·
1393 3521 1412 3553 ι
1448 3503 1666 3558 λεκτέον
1684 3545 1700 3571 ,

125 3574 203 3628 ὃτι
222 3580 424 3646 φαῦλον
455 3582 518 3635 ού
550 3582 611 3638 τὸ
637 3584 812 3640 νεύειν
841 3588 1005 3652 ἐστὶν,
1036 3589 1171 3645 ἀλλὰ
1204 3592 1265 3645 τὸ
1302 3593 1477 3649 νεύειν
1502 3595 1703 3664 ὀφθαλ-

131 3670 248 3742 μῷ,
281 3676 576 3742 τουτέστι,
616 3676 935 3748 πλαγιάζειν
987 3680 1079 3734 τὸν
1127 3683 1440 3755 ὀφθαλμὸν,
1493 3689 1589 3741 καὶ
1626 3689 1700 3760 μὴ

126 3762 255 3835 ὀρθὰ
310 3765 569 3836 βλέπειν,
623 3771 719 3825 καὶ
760 3771 820 3824 τὸ
858 3773 1034 3827 νεύειν
1083 3776 1222 3845 μετά
1267 3776 1417 3831 δόλου
1467 3781 1584 3834 ἐστὶ
1638 3782 1701 3836 τὸ

126 3856 313 3924 ψεκτόν
332 3876 348 3891 ·
379 3859 561 3914 νεύειν
603 3861 660 3916 δὲ
692 3862 1006 3936 φιλομαθῶς
1047 3867 1254 3940 Πέτρου
1279 3869 1438 3942 ἔργον
1463 3866 1531 3942 ἦν
1553 3912 1568 3937 ,
1606 3873 1700 3927 καὶ

127 3950 428 4020 ἀκολούθως
473 3953 552 4027 τῷ
598 3956 821 4029 τοιούτῳ
868 3958 1098 4030 νεύματι
1145 3961 1322 4030 λέγειν
1353 3962 1430 4034 τῷ
1465 3981 1696 4036 συμφοιο

128 4048 289 4117 τητῇ,
332 4047 410 4113 ὡς
460 4050 774 4121 παρῤησίαν
822 4050 1043 4105 πλείονα
1072 4052 1248 4125 ἔχοντι
1282 4056 1419 4127 πρὸς
1468 4056 1560 4110 τὸν
1604 4059 1697 4110 Δι-

128 4135 412 4194 δάσκαλον·
468 4160 488 4193 ι
518 4142 652 4196 Εἰπὲ
698 4141 781 4206 τίς
814 4145 930 4197 ἐστι
966 4146 1091 4217 περὶ
1142 4141 1203 4201 οὗ
1248 4147 1415 4217 λέγει.
1451 4168 1469 4201 ι
1514 4150 1698 4204 Ἐϐού-

130 4223 243 4279 λετο
278 4228 386 4301 γὰρ
420 4230 552 4296 ἴσως
582 4231 640 4286 τὸ
671 4232 812 4286 κατά
854 4234 953 4306 τὴν
991 4236 1281 4308 προδοσίαν
1320 4238 1388 4310 ῆν
1436 4241 1696 4312 προδίδω-

132 4331 209 4368 σιν
225 4316 423 4385 Ἰούδας
437 4323 531 4377 τὺν
546 4322 753 4395 Ἰησοῦν
776 4328 1075 4398 μυστήριον
1101 4328 1247 4382 ίδείν·
1268 4330 1404 4402 ὅπερ
1430 4331 1515 4386 ἴνα
1548 4333 1695 4408 μάθῃ

131 4407 157 4457 ὁ
204 4410 419 4487 Πέτρος,
468 4417 723 4488 Ἰωάννης
774 4419 1040 4490 πρότερον
1094 4420 1453 4493 ἀνακείμενος
1502 4425 1562 4477 ὲν
1614 4407 1693 4497 τῷ

1822 1949 2023 2014 rimus;
2064 1962 2298 2018 cumque
2335 1948 2689 2002 didicerimus
2715 1961 2838 2001 eum
2868 1960 3030 2016 quem
3061 1952 3211 1998 amat
3239 1941 3399 1999 Jesus

1820 2045 2137 2099 recumbere
2157 2042 2210 2096 in
2227 2043 2348 2097 sinu
2368 2040 2517 2106 Jesu,
2537 2040 2670 2095 nihil
2694 2056 2800 2095 non
2817 2032 3181 2109 agamus,quo
3202 2039 3399 2108 prmci-

1820 2151 1928 2206 puo
1944 2136 2113 2206 ipsius
2134 2149 2321 2190 amore
2338 2134 2483 2203 digni
2506 2132 2846 2202 iudicemur:
2874 2132 3020 2185 hunc
3046 2130 3190 2185 enim
3210 2130 3261 2183 in
3282 2143 3398 2182 mo-

1819 2231 1944 2283 dum
1969 2228 2345 2284 recumbemus
2368 2227 2534 2281 etiam
2564 2225 2664 2294 ipsi
2702 2224 2754 2278 in
2783 2222 2903 2277 sinu
2931 2220 3080 2276 Jesu.
3109 2221 3182 2273 At
3207 2219 3399 2273 annuit

1818 2320 2015 2375 dilecto
2050 2319 2317 2389 discipulo
2347 2316 2535 2372 Simon
2566 2316 2782 2382 Petrus,
2830 2328 2929 2369 nec
2962 2312 3220 2383 annuisse
3264 2328 3397 2365 con-

1819 2420 2000 2467 tentus
2034 2412 2209 2481 inquit
2238 2409 2313 2465 illi
2346 2426 2362 2463 :
2401 2427 2422 2461 ι
2454 2408 2777 2471 Sciscitare,
2811 2406 3063 2474 quisnam
3099 2403 3172 2458 sit
3208 2403 3298 2457 ille
3329 2405 3397 2457 de

1814 2519 1923 2575 quo
1947 2504 2189 2574 loquitur
2223 2502 2287 2557 ¹⁸.
2326 2521 2344 2554 ι
2379 2501 2741 2569 Quamobrem
2771 2498 3031 2567 quoniam
3062 2511 3296 2549 annuere
3337 2494 3391 2548 in

1813 2594 2129 2649 Proverbiis
2145 2596 2442 2649 assumitur
2460 2592 2512 2646 in
2536 2590 2891 2653 calumniam,
2912 2602 3032 2642 nam
3052 2587 3228 2641 malus
3253 2603 3273 2637 ι
3294 2601 3390 2638 an-

1814 2687 1930 2740 nuit
1961 2685 2141 2751 oculo,
2183 2685 2378 2739 annuit
2411 2692 2466 2738 et
2498 2681 2659 2753 pede,
2689 2684 2957 2749 docetque
2992 2678 3214 2732 nutibus
3246 2677 3387 2746 digi-

1816 2788 2016 2841 torum,
2056 2777 2217 2832 corde
2265 2789 2524 2846 perverso
2557 2772 2698 2828 mala
2747 2771 3069 2827 machinans
3099 2771 3187 2834 ¹⁹;
3230 2787 3251 2820 ι
3287 2779 3338 2823 et
3371 2787 3385 2822 :

1816 2884 1836 2917 ι
1882 2866 1983 2933 Qui
2016 2867 2206 2920 annuit
2238 2865 2413 2920 oculis
2456 2879 2578 2920 cum
2622 2864 2766 2927 dolo,
2794 2869 3052 2932 aggregat
3079 2858 3214 2914 viris
3255 2873 3389 2914 mte-

1812 2973 1968 3014 rorcs
1994 2956 2066 3023 ",
2102 2976 2120 3009 ι
2153 2958 2438 3012 dicendum
2469 2965 2555 3011 est
2585 2954 2784 3008 malum
2816 2968 2922 3007 non
2965 2966 3087 3006 esse
3120 2963 3383 3015 annuere,

1812 3050 1907 3105 sed
1938 3050 2099 3104 oculo
2122 3048 2484 3115 annuere,hoc
2502 3055 2607 3114 est,
2631 3045 2789 3100 oculo
2808 3053 3115 3099 transversa
3141 3041 3303 3106 tueri,
3330 3052 3386 3094 et

1732 3165 1775 3224 ρ
1811 3156 1915 3196 non
1951 3150 2100 3195 recte
2124 3139 2333 3203 videre,
2360 3148 2416 3192 et
2437 3151 2681 3191 annuere
2704 3151 2827 3191 cum
2853 3133 2997 3201 dolo,
3024 3133 3385 3201 vituperabile

1809 3246 1963 3297 esse;
1990 3239 2041 3284 at
2060 3246 2143 3284 am
2154 3239 2311 3284 auter
2330 3244 2590 3292 annuere,
2607 3227 2752 3282 Petri
2768 3225 3001 3280 oliicimn
3023 3240 3165 3287 esse,
3184 3232 3238 3278 et
3258 3225 3383 3279 huic

1807 3335 2204 3393 consequenter
2251 3322 2403 3375 nutui
2434 3318 2636 3375 dicere
2680 3317 3089 3388 condiscipulo,
3124 3326 3382 3386 tauquam

1807 3413 2065 3481 majorem
2098 3429 2225 3485 erga
2258 3413 2575 3483 Magistrum
2597 3412 2906 3467 libertatem
2928 3410 3147 3465 habenti
3174 3426 3187 3462 :
3223 3427 3241 3460 ι
3265 3408 3386 3463 Sci-

1804 3507 2024 3570 scitare,
2048 3507 2300 3574 quisnam
2333 3507 2400 3560 sit
2422 3505 2532 3571 ille,
2562 3508 2629 3560 de
2656 3520 2764 3576 quo
2793 3506 3050 3574 loquitur.
3096 3523 3116 3557 ι
3151 3503 3383 3559 Volebat

1803 3601 1948 3653 enim
1980 3599 2232 3654 fortassis
2270 3600 2616 3669 mysterium,
2646 3600 2789 3668 quod
2819 3598 3038 3680 erat-in
3072 3597 3385 3663 proditione

1802 3707 1910 3763 qua
1942 3691 2128 3748 Jesum
2154 3690 2324 3747 Judas
2345 3692 2548 3760 prodit,
2585 3708 2745 3748 nosse
2770 3709 2785 3758 ;
2819 3692 2963 3761 quod
2992 3701 3052 3745 ut
3079 3692 3255 3746 discat
3277 3691 3385 3746 Pe-

1801 3792 1944 3852 trus,
1997 3784 2240 3840 Joannes
2271 3785 2363 3856 qui
2400 3787 2553 3855 prius
2606 3789 2934 3842 recubuerat
2966 3787 3022 3841 in
3057 3787 3179 3841 sinu
3224 3785 3378 3851 Jesu,

1801 3880 2211 3948 superascendit
2251 3889 2308 3933 et
2355 3879 2602 3935 recubuit
2634 3895 2799 3949 super
2840 3889 3050 3950 pectus.
3082 3879 3149 3934 Et
3170 3878 3376 3935 fortas-

1798 3968 1878 4023 sis
1915 3985 2024 4025 non
2061 3970 2399 4025 recumbenti
2443 3985 2608 4040 super
2635 3982 2847 4041 pectus,
2879 3972 2973 4026 sed
3004 3973 3379 4040 perseveranti

1797 4059 1853 4114 in
1876 4059 1995 4114 sinu
2033 4060 2348 4118 recumbere
2381 4061 2804 4132 haudquaquam
2831 4062 3155 4118 reddidisset
3189 4062 3376 4130 Jesus,

1796 4164 1957 4220 quem
1992 4149 2187 4206 Petrus
2215 4160 2272 4206 et
2314 4151 2555 4209 Joannes
2598 4155 3006 4222 desiderabant,
3040 4170 3373 4213 sermonem.

1796 4242 2055 4309 Quamvis
2113 4245 2276 4315 igitur
2327 4254 2493 4300 antea
2527 4248 2873 4303 recumberet
2926 4249 2980 4302 in
3036 4250 3159 4303 sinu
3212 4247 3369 4313 Jesu,

1797 4335 1990 4391 deinde
2012 4351 2141 4392 vero
2195 4340 2508 4395 recubuerit
2557 4355 2717 4410 supra
2752 4352 2946 4411 pectus
2997 4340 3148 4407 Jesu,
3186 4352 3374 4398 tamen

1794 4443 1896 4497 per
1920 4431 2218 4485 secundum
2248 4433 2381 4488 illud
2407 4473 2425 4496 ,
2472 4443 2658 4504 utpote
2687 4433 2860 4503 majus
2888 4445 2946 4489 et
2989 4436 3371 4503 excellentius,

132 4499 303 4574 κόλπῳ
336 4507 430 4561 τοῦ
477 4507 654 4591 Ἰησοῦ
687 4511 1067 4584 ὲπαναϐέϐηκε
1090 4554 1106 4579 ,
1154 4514 1250 4568 καὶ
1288 4515 1552 4570 ἀνέπεσεν

1905 4538 2085 4579 nanus
2127 4523 2254 4581 Jesu
2307 4499 2608 4597 discipulus
2661 4528 2713 4582 in
2746 4499 3037 4599 postremis
3085 4499 3371 4600 Evangelii

133 4590 188 4644 τὸ
228 4595 434 4667 στῆθος.
466 4602 578 4655 Καὶ
607 4584 750 4674 τάχα
784 4603 859 4675 μὴ
889 4605 1213 4660 ἀναπεσόντι
1243 4607 1337 4660 ἐπὶ
1364 4607 1425 4661 τὸ
1449 4607 1646 4679 στῆθος
1670 4648 1685 4674 ,

131 4683 253 4740 ἀλλὰ
287 4692 527 4761 μείναντι
584 4697 677 4750 ἐπὶ
733 4696 827 4751 τοῦ
885 4698 1200 4752 ἀνακεῖσθαι
1234 4701 1292 4754 ὲν
1336 4699 1414 4771 τῷ
1454 4701 1639 4774 κόλπῳ
1669 4739 1685 4766 ,

134 4777 223 4868 οὐκ
253 4779 316 4835 ἂν
344 4787 658 4858 παρέδωκεν
701 4787 760 4842 δν
807 4789 990 4844 ἐπόθει
1027 4789 1317 4862 μανθάνειν
1360 4794 1617 4864 Ἰωάννης
1651 4796 1681 4868 ἢ

1789 4613 2129 4685 designatur;
2156 4621 2417 4689 scriptum
2442 4629 2528 4674 est
2557 4620 2702 4674 enim
2731 4636 2747 4676 :
2780 4637 2799 4671 ι
2819 4620 3126 4677 Conversus
3149 4621 3371 4688 Petrus,

1787 4705 1940 4762 videt
1965 4708 2313 4777 discipulum,
2341 4726 2502 4782 quem
2533 4712 2792 4784 diligebat
2816 4711 2991 4779 Iesus,
3024 4725 3365 4785 sequentem,

1788 4797 1882 4866 qui
1909 4805 1965 4852 et
1995 4798 2251 4854 recubuit
2272 4801 2326 4854 in
2359 4813 2514 4855 ctena
2547 4814 2713 4869 super
2733 4812 2926 4871 pectus
2951 4799 3090 4869 ejus,
3113 4811 3169 4856 et
3199 4802 3368 4856 dixit:

136 4867 320 4964 Πέτρος
339 4876 511 4946 λόγον.
530 4880 592 4933 Ei
615 4881 710 4934 καὶ
732 4882 1088 4953 ἀνακείμενος
1105 4880 1200 4938 οῦν
1218 4886 1481 4957 πρότερον
1501 4887 1601 4958 μὲν

1907 4890 2035 4958 line,
2061 4893 2186 4963 quis
2221 4903 2305 4949 est
2328 4895 2418 4964 qui
2443 4867 2630 4950 tradet
2650 4903 2703 4948 te
2728 4867 2773 4928 ίι
2801 4895 2825 4948 ?
2862 4915 2881 4948 ι
2917 4867 3027 4950 non
3056 4896 3200 4951 enim
3230 4896 3373 4951 scri-

135 4959 187 5012 ὲν
212 4965 284 5036 τῷ
312 4969 493 5042 κόλπῳ
518 4971 612 5026 τοῦ
642 4973 841 5045 Ἰησοῦ,
876 4973 1103 5048 ὕστερον
1127 4976 1184 5029 δὲ
1213 4976 1478 5033 ἀνέπεσεν
1505 4979 1600 5032 ἐπὶ

1539 4979 1600 5032 πὶ
1622 4959 1686 5034 τὸ
1789 4991 1943 5053 ptum
1974 4959 2130 5049 est,'c
2162 4986 2264 5054 Qui
2294 4959 2545 5043 recubuit
2568 4989 2620 5042 in
2647 4987 2768 5043 sinu
2799 4986 2952 5043 Jesu.
2986 5008 3005 5042 ι

136 5058 312 5155 ςτῆθος
342 5067 433 5121 τοῦ
461 5067 672 5141 Ἰησοῦ,
708 5071 796 5126 διὰ
827 5071 924 5126 τοῦ
991 5072 1248 5146 δευτέρου
1282 5076 1341 5128 ἐν
1384 5077 1496 5140 τοῖς
1542 5076 1873 5144 τελευταίοις
1930 5081 2263 5152 Εὐαγγελίου
2319 5082 2798 5154 χαρακτηρίζεται,
2869 5083 2944 5148 ὡς
2988 5080 3230 5155 μείζονος
3266 5082 3364 5136 καὶ

134 5144 486 5249 δξαφέρογτος,
531 5162 562 5214 ὅ
603 5162 697 5215 τοῦ
757 5161 934 5234 Ἰησοῦ
983 5144 1205 5236 γνήσιός
1275 5165 1558 5239 μαθητής·
1609 5168 1919 5243 γέγραπται
1979 5144 2128 5246 γάῥζ
2181 5176 2264 5229 ὅτι
2396 5144 2796 5249 Ἐπιστραφεὶς,
2821 5179 2850 5229 6
3176 5144 3363 5246 βλέπει

130 5239 209 5340 τὸν
264 5245 500 5322 μαθητὴν
542 5251 602 5306 ὃν
641 5253 828 5322 ἠγάπα
883 5256 913 5308 6
970 5254 1178 5329 Ἰησοῦς
1241 5256 1635 5314 ἀκολουθοῦντα
1660 5300 1677 5327 ,
1718 5239 1781 5326 δς
1818 5264 1913 5318 καὶ
1967 5239 2229 5320 ἀνέπεσεν
2282 5268 2341 5322 ὲν
2392 5268 2471 5340 τῷ
2526 5239 2726 5340 δείπνῳ
2764 5239 2860 5322 επὶ
2905 5268 2965 5321 τὸ
3014 5239 3208 5339 στῆθος
3263 5269 3362 5321 αύ-

131 5334 230 5403 τοῦ,
265 5342 354 5396 καὶ
380 5342 525 5401 εἷπε·
560 5348 752 5421 Κύριε,
775 5350 859 5414 τίς
888 5351 1035 5406 ἐστιν
1064 5354 1093 5407 ὁ
1119 5353 1443 5424 παραδιδούς
1471 5372 1572 5424 σε;
1619 5375 1638 5409 ι
1664 5356 1727 5410 οὐ
1783 5358 1892 5429 γὰρ
1934 5361 2266 5434 γέγραπται·
2304 5381 2324 5415 ι
2369 5334 2465 5427 Ὃς
2514 5358 2583 5434 ἦν
2612 5334 2966 5435 ἀνακείμενος
3015 5362 3073 5417 ὲν
3103 5334 3191 5433 ’τῷ
3232 5360 3359 5416 κόλ-

133 5443 207 5499 πῳ
234 5435 386 5493 αὐτοῦ
417 5442 543 5515 (9-2).
577 5463 597 5496 ι

231 5571 266 5602 "
309 5577 432 5639 ibid.
467 5584 518 5640 9.
596 5586 818 5645 “Joan.
847 5604 968 5651 xm,
1007 5589 1099 5645 24.
1197 5592 1240 5626 ¹⁹
1276 5591 1439 5651 Prov.
1472 5608 1550 5660 vt,
1576 5592 1669 5661 l5,
1702 5592 1792 5648 M.

325 5702 491 5777 [Index
527 5709 751 5777 Regius.
795 5713 953 5774 male.
990 5713 1384 5771 τεκτενεύεται.

1893 5594 1940 5627 ’⁰
1972 5592 2136 5650 Prov.
2167 5592 2334 5661 κ,10.
2409 5594 2452 5625 ’⁸
2476 5591 2632 5650 Joan.
2658 5609 2774 5663 xxI,
2801 5592 2894 5651 20.

203 5763 302 5832 (Ἧι
331 5769 432 5833 Pro
468 5763 1533 5856 ato-:05,’éaué'i'iiégiﬁ;'{dﬁitiﬁf'imbet
1560 5785 1967 5847 rolli‘errarius
2015 5785 2227 5859 legebat
2268 5782 2464 5858 Ἰησοῦ.
