3712 6138
328 326 434 383 803

1774 329 2099 387 ORIGEMS
3482 338 3568 395 8οι

401 448 558 522 44],
594 449 681 502 14.
725 446 864 514 Quid
916 462 1044 502 vero
1079 449 1240 505 etiam
1277 452 1610 519 respondens
1642 451 1812 508 Domi:

2078 455 2164 509 M.
2198 454 2261 507 Τί
2297 454 2355 507 δὲ
2387 456 2480 508 καὶ
2506 455 2936 526 ἀποκρινόμενος
2963 451 3118 509 εἶπεν
3147 457 3176 509 6
3200 455 3429 527 Κύριος,
3459 458 3570 513 θεω-

330 544 551 606 dixerit,
581 541 884 595 videmnus.
920 559 939 591 ι
981 541 1091 605 Ille,
1140 542 1336 610 inquit,
1381 553 1487 607 est,
1519 544 1604 599 cui
1636 560 1734 614 ego
1766 544 1907 599 offu-

2014 550 2286 621 ρήσωμεν.
2325 564 2344 598 ι
2394 549 2651 611 Ἐκεῖνος,
2715 548 2881 619 φησὶν
2909 587 2926 613 ,
2980 550 3129 602 ἐστὶν
3177 542 3223 617 ᾧ
3272 548 3388 617 ἐγὼ

329 636 432 689 lam
474 635 760 703 iutingam,
811 641 867 687 et
917 649 1212 702 porrexero
1242 637 1308 690 ".
1354 655 1374 688 ι
1410 637 1552 691 Dixit
1607 637 1812 707 igitur]

2007 641 2070 693 τὸ
2114 640 2326 711 ψωμίον
2352 680 2366 704 ,
2426 641 2520 693 καὶ
2569 638 2726 692 δώσω
2757 637 2926 709 αὐτῷ.
2969 659 2988 689 ι
3027 636 3196 693 Εἶπεν
3227 635 3325 692 οὖν
3370 638 3515 692 τοῦτο
3548 644 3572 699 6

325 726 521 790 Jesus;
568 745 587 777 ι
631 740 863 791 cumque
888 726 1202 781 intinxisset
1239 727 1482 792 ollulam,
1520 749 1539 781 ι
1571 743 1689 782 eam
1715 731 1904 794 sumit,

2022 729 2260 801 Ἰησοῦς·
2298 748 2317 779 ι
2357 730 2451 783 καὶ
2496 729 2675 800 βάψας
2718 728 2782 782 τὸ
2812 729 3047 800 ψωμίον,
3079 750 3097 781 ι
3135 729 3410 800 λαμϐάνει
3435 774 3448 794 ,
3491 732 3569 784 καὶ

328 826 381 869 et
406 837 424 867 ι
461 817 692 887 porrigit
717 816 867 871 .ludte
902 816 1113 871 Simoni
1146 815 1422 873 lscariotaa
1448 860 1465 884 ,
1492 830 1547 873 et
1572 821 1757 875 statim
1788 836 1812 890 p

2014 838 2031 870 ι
2054 819 2265 874 δίδωσιν
2293 822 2464 893 Ἰούδᾳ
2498 821 2701 892 Σίμωνι
2729 820 3053 892 Ἰσκαριώτῃ
3084 822 3219 891 (95),
3250 820 3349 874 καὶ
3373 822 3501 891 μετὰ
3524 824 3575 875 τὸ

327 904 547 958 ollulam
600 907 824 961 intravit
866 906 919 959 in
973 906 1124 960 illum
1173 905 1406 963 Satanas
1431 910 1500 974 ’³,
1537 930 1555 961 ›
1593 911 1684 979 qui
1731 927 1906 980 neque

329 1006 490 1051 antea
524 997 767 1051 valuerat
795 999 1021 1061 intrare,
1057 1012 1231 1067 neque
1278 1000 1443 1054 etiam
1473 1017 1596 1056 mox
1643 1017 1767 1056 cum
1805 1004 1906 1056 mi-

329 1090 492 1145 sisset
525 1090 576 1143 in
600 1090 744 1144 illius
776 1106 870 1145 cor
904 1100 963 1145 ut
991 1106 1111 1146 eum
1144 1096 1399 1162 proderet.
1424 1094 1489 1149 ³⁸.
1514 1094 1744 1151 Necesse
1759 1098 1903 1152 enim

327 1192 467 1245 erat,
495 1182 710 1249 opinor,
757 1184 829 1237 ob
882 1183 1158 1238 dationem
1190 1185 1387 1251 oﬂ‘ular,
1419 1196 1477 1241 ut
1502 1186 1660 1243 Jesus
1701 1191 1905 1245 reacci-

329 1277 574 1342 peretah
618 1274 838 1343 indigno
876 1274 1007 1328 illud
1043 1277 1391 1343 praestantius
1413 1281 1553 1346 quod
1580 1281 1787 1335 habere
1826 1280 1905 1333 vi-

329 1368 578 1431 debatur,
623 1368 1061 1436 quandoquidem
1115 1387 1135 1420 ι
1173 1371 1241 1425 ab
1265 1387 1331 1425 eo
1358 1373 1451 1441 qui
1490 1388 1596 1427 non
1631 1374 1814 1436 habet,
1849 1383 1905 1428 et

328 1459 382 1512 id
412 1459 554 1527 quod
583 1460 794 1513 videtur
821 1461 1044 1525 habere,
1068 1463 1348 1517 auferetur
1376 1465 1446 1517 ab
1468 1479 1533 1520 eo
1555 1464 1623 1519 ³⁸.
1662 1483 1680 1516 ι
1718 1464 1903 1518 Priva-

330 1560 417 1605 tus
463 1566 594 1620 ergo
647 1549 833 1615 Judas,
866 1553 1034 1606 veluti
1088 1554 1361 1623 indignus,
1396 1556 1464 1609 ah
1514 1556 1899 1611 excellentiori

327 1645 417 1712 qui
458 1654 712 1712 precatus
751 1645 929 1699 fuerat
959 1662 1171 1715 pacem,
1204 1649 1408 1716 recepit
1459 1648 1765 1718 ingressum
1799 1648 1902 1702 Sa-

329 1744 470 1791 tana:
516 1736 569 1789 iu
616 1750 693 1789 se.
724 1736 967 1805 Exempli
999 1746 1178 1792 autem
1209 1739 1411 1808 gratia,
1465 1748 1522 1792 ut
1567 1738 1901 1808 intelligatur

327 1830 598 1898 quomodo
622 1828 773 1884 Judae
804 1831 1023 1898 quidem
1079 1831 1289 1884 dederit
1339 1831 1601 1887 Dominus
1631 1832 1856 1887 offulam
1883 1872 1898 1896 ,

333 1924 423 1977 ille
447 1934 624 1977 autem
661 1934 787 1978 tunc
830 1924 960 1977 illud
990 1940 1019 1977 a
1049 1939 1109 1978 se
1140 1925 1404 1993 repulerit
1441 1926 1584 1994 quod
1617 1926 1670 1980 in
1695 1940 1756 1980 se
1787 1929 1905 1980 exi-

331 2019 496 2073 mium
516 2018 769 2082 habebat,
794 2028 848 2071 et
878 2017 1111 2072 fortasse
1138 2033 1329 2087 pacem
1367 2028 1725 2074 revertentem
1746 2020 1816 2075 ab
1837 2036 1903 2075 eo

328 2112 421 2179 qui
475 2109 718 2171 audivit,
765 2118 820 2164 et
871 2125 975 2162 non
1010 2110 1250 2176 admisit,
1302 2112 1370 2164 ad
1421 2112 1694 2166 dicentem
1725 2127 1740 2165 :
1773 2132 1791 2164 ι
1844 2114 1901 2169 Si

331 2200 595 2253 manserit
643 2199 753 2252 illic
805 2199 946 2253 ﬁlius
980 2201 1145 2268 pacis,
1191 2215 1296 2270 pax
1338 2213 1520 2256 vestra
1555 2219 1718 2272 super
1752 2204 1900 2259 illum

331 2290 665 2359 requiescet;
698 2292 780 2343 sin
829 2291 1027 2357 minus,
1055 2306 1159 2359 pax
1210 2303 1390 2348 vestra
1440 2293 1504 2346 ad
1543 2309 1638 2348 vos
1666 2306 1904 2350 reverte-

329 2392 417 2433 tur
447 2382 517 2446 ²⁶,
568 2399 586 2432 ι
616 2382 667 2434 in
700 2382 936 2436 medium
970 2384 1307 2440 adducemus
1331 2399 1451 2453 quae
1489 2386 1540 2440 in
1571 2388 1807 2442 secunda
1834 2391 1900 2442 ad

327 2472 640 2527 Corinthios
670 2473 911 2539 Epistola
956 2475 1101 2530 hunc
1150 2476 1204 2529 in
1253 2479 1468 2530 modum
1498 2488 1625 2533 sunt
1653 2481 1854 2549 scripta
1882 2499 1895 2536 :

332 2579 356 2612 ι
397 2562 584 2617 Vestra
619 2563 777 2632 copia
814 2564 1027 2619 illorum
1060 2567 1256 2634 inopia:
1273 2578 1582 2632 succurrat,
1612 2579 1673 2624 ot
1698 2581 1752 2626 et
1786 2572 1901 2626 illo-

332 2669 453 2707 rum
504 2654 658 2722 copia
703 2666 898 2711 vestra;
944 2656 1139 2726 inopiae
1166 2658 1232 2712 ³⁷.
1276 2678 1297 2711 ι
1328 2658 1385 2713 Si
1416 2660 1561 2715 enim
1590 2663 1902 2718 considera-

328 2746 476 2801 veris
507 2748 915 2802 retributionem
955 2749 1009 2803 in
1048 2750 1198 2806 hisee
1229 2753 1391 2807 rebus
1443 2769 1623 2808 rerum
1656 2763 1900 2809 terrena-

325 2852 446 2890 rum
477 2838 543 2892 ad
578 2839 904 2907 spiritualia,
958 2841 1104 2896 scire
1150 2843 1358 2911 poteris
1398 2846 1671 2913 quomodo
1703 2847 1755 2900 ei
1804 2848 1896 2916 qui

324 2929 578 2999 indignus
624 2942 744 2984 erat
798 2946 974 2999 pane,
1017 2933 1356 2988 distribuerit
1394 2936 1635 3002 ollulam,
1688 2946 1747 2990 ut
1804 2953 1900 3007 per

323 3035 446 3074 eam
479 3038 508 3075 a
550 3020 686 3076 Juda
718 3023 956 3078 auferret
1006 3039 1217 3092 pacem,
1250 3036 1508 3096 tauquam
1543 3028 1765 3098 indigno
1805 3029 1897 3098 qui

2005 909 2216 980 ψωμίον
2243 913 2363 965 τότε
2392 913 2637 983 εἰσῆλθεν
2665 915 2743 976 εἰς
2772 914 2979 966 ἐκεῖνον
3006 916 3034 966 6
3063 915 3337 977 Σατανᾶς,
3366 933 3384 964 ι
3419 915 3476 967 οὐ
3498 915 3573 967 δυ-

2006 1002 2190 1073 νηθεὶς
2223 1004 2485 1076 πρότερον
2509 1003 2792 1067 εἰσελθεῖν,
2838 1005 2949 1058 οὐδ’
3001 1004 3207 1081 εὐθέως
3230 1005 3354 1073 ἄμα
3390 1003 3465 1073 τῷ
3500 1005 3572 1074 βε-

2007 1095 2269 1167 ϐληκέναι
2295 1097 2374 1159 εἰς
2407 1095 2504 1164 τήν
2544 1096 2794 1167 καρδίαν,
2827 1096 2914 1148 ἵνα
2950 1095 3173 1167 παραδῷ
3202 1097 3397 1150 αὐτόν.
3442 1098 3575 1168 Χρῆν

2004 1188 2134 1258 γὰρ,
2167 1182 2339 1256 οἶμαι,
2374 1187 2463 1241 διᾶ
2493 1188 2591 1257 τῆς
2623 1187 2820 1252 δόσεως
2862 1188 2971 1259 (94)
3005 1188 3098 1243 τοῦ
3129 1189 3353 1259 ψωμίου
3386 1190 3577 1244 ἀντιλα-

2004 1279 2118 1332 ϐεῖν
2146 1280 2278 1333 αὐτὸ
2312 1279 2423 1335 άπὸ
2449 1279 2543 1332 τοῦ
2566 1279 2782 1344 ἀναξίου
2817 1280 2961 1350 ἔχειν
2993 1281 3055 1334 τὸ
3091 1286 3345 1353 κρεῖττον
3376 1282 3405 1334 δ
3426 1283 3579 1336 ἐδόκει

2004 1370 2167 1441 ἔχειν·
2203 1389 2221 1420 ι
2261 1371 2368 1425 ἀπὸ
2416 1369 2524 1440 γὰρ
2577 1370 2671 1423 τοῦ
2712 1372 2787 1442 μὴ
2813 1372 3049 1442 ἔχοντος,
3080 1374 3174 1427 καὶ
3207 1373 3410 1444 ὃνδοκεῖ
3453 1374 3577 1444 ἔχειν

2004 1462 2304 1532 ἀρθήσεται
2332 1462 2426 1513 ἀπ’
2453 1459 2641 1514 αὑτοῦ·
2675 1480 2692 1512 ι
2730 1462 3048 1534 ἀφαιρεθεὶς
3079 1458 3172 1517 οὖν
3199 1467 3229 1516 6
3259 1465 3487 1526 Ἰούδας,
3515 1465 3579 1528 ὡς

2003 1551 2220 1617 ἀνάξιος
2246 1551 2338 1605 τοῦ
2389 1553 2697 1624 κρείττονος
2739 1554 2833 1607 τοῦ
2865 1555 3108 1618 εἰπόντος
3142 1555 3281 1624 (94⁸)
3307 1554 3578 1626 κεχώρηκε

2003 1644 2101 1717 τὴν
2138 1645 2218 1708 εἰς
2243 1644 2404 1697 αὑτὸν
2423 1642 2517 1697 τοῦ
2549 1646 2765 1698 Σατανᾶ
2785 1644 3008 1699 εἴσοδον.
3053 1645 3510 1717 Παραδείγματος
3532 1646 3580 1701 δὲ

2003 1736 2212 1799 ἕνεκεν,
2242 1736 2329 1789 ἵνα
2363 1735 2526 1806 νοηθῇ
2559 1735 2675 1798 πῶς
2700 1736 2912 1807 ψωμίον
2957 1738 3054 1807 μὲν
3083 1737 3285 1792 ἔδωκεν
3319 1739 3351 1789 ὁ
3391 1737 3582 1808 Κύριος

2004 1831 2082 1902 τῷ
2110 1830 2304 1900 Ἰούδᾳ,
2334 1831 2538 1893 ἐκεῖνος
2564 1829 2622 1882 δὲ
2651 1831 2770 1881 τότε
2805 1829 3038 1883 ἀπέθετο
3068 1832 3321 1902 κρεῖττόν
3353 1849 3409 1885 τι
3432 1833 3580 1884 ἐνυπσ

2005 1925 2173 1994 άρχον
2222 1923 2281 1974 ὲν
2320 1920 2487 1991 αὐτῷ,
2541 1921 2635 1974 καὶ
2683 1922 2823 1991 τάχα
2878 1921 2977 1993 τὴν
3020 1925 3269 1995 εἰρήνην,
3321 1925 3581 1995 ὑποστρέ-

2005 2032 2211 2085 φουσαν
2253 2014 2361 2068 ἀπὸ
2408 2013 2501 2066 τοῦ
2535 2013 2886 2080 ἀκούσαντος,
2941 2017 3035 2072 καὶ
3089 2017 3163 2087 μὴ
3203 2016 3581 2088 παραδεξαμέ-

2004 2125 2096 2163 νου
2144 2109 2235 2161 ἐπὶ
2271 2108 2363 2161 τὸν
2406 2107 2649 2169 εἰπόντα,
2680 2107 2824 2160 κατὰ
2856 2108 2918 2161 τὸ
2959 2108 3250 2178 λεγόμενον
3301 2109 3440 2179 (95),
3488 2111 3577 2171 ὅτι,

2011 2221 2029 2253 ι
2080 2201 2203 2254 Ἐὰν
2240 2200 2339 2271 μὲν
2429 2201 2546 2252 ἐκεῖ
2574 2199 2688 2262 υίὸς
2730 2201 2953 2272 εἰρήνης
2981 2240 2995 2263 ,
3030 2202 3063 2271 ή
3096 2202 3289 2273 εἰρήνη
3320 2201 3478 2273 ὑμῶν
3503 2203 3580 2254 ἐπ’

2002 2295 2164 2347 αὐτὸν
2191 2292 2581 2347 ἀναπαύσεται’
2616 2293 2710 2347 ἐὰν
2742 2293 2799 2347 δὲ
2855 2295 2929 2365 μὴ
3040 2295 3155 2346 ἐκεῖ
3187 2292 3304 2356 υἱὸς
3341 2295 3577 2364 εἰρήνης,

2002 2386 2035 2455 ή
2064 2385 2251 2455 εἰρήνη
2287 2384 2438 2455 ὑμῶν
2471 2385 2556 2453 ἐφ’
2589 2384 3122 2455 ὑμᾶςτάνακάμψειη
3152 2383 3582 2456 παραθησόμεθσ.

2004 2477 2095 2528 καί
2109 2474 2216 2527 ἀπὸ
2230 2475 2329 2545 τῆς
2350 2475 2484 2547 προς
2506 2474 2822 2546 Κορινθίους
2833 2474 3086 2547 δευτέρας
3112 2476 3441 2547 Ἐπιστολῆς
3460 2477 3580 2530 ταῦ-

2002 2584 2069 2620 τα
2100 2566 2273 2629 οὕτως
2306 2568 2686 2638 γεγραμμένα·
2721 2588 2740 2621 ι
2764 2568 2836 2621 Τὸ
2866 2567 3017 2639 ὑμῶν
3048 2569 3401 2639 περίσσευμα
3426 2572 3505 2633 εἰς
3531 2568 3582 2624 τὸ

2004 2661 2227 2715 ἐκείνων
2256 2663 2560 2734 ὑστέρημα,
2594 2662 2681 2716 ἵνα
2735 2663 2831 2716 καὶ
2886 2664 2946 2717 τὸ
2993 2665 3202 2716 ἐκείνου
3238 2665 3579 2734 περίσσευμα

2001 2755 2224 2826 γένηται
2253 2757 2332 2818 εἰς
2357 2754 2418 2809 τὸ
2443 2745 2593 2825 ὑμῶν
2617 2755 2951 2827 ὑστέρημαοι
2974 2758 3320 2827 κατανοήσας
3349 2758 3462 2826 γάρ
3493 2758 3579 2827 τὴν

2001 2848 2061 2901 ἐν
2087 2849 2296 2911 τούτοις
2324 2847 2588 2901 ἀντίδοσιν
2612 2846 2807 2916 χοῖκῶν
2830 2846 2966 2918 πρὸς
2987 2848 3357 2918 πνευματικά,
3387 2848 3577 2918 δυνήσῃ

2004 2938 2134 2992 ἰδεῖν
2175 2938 2294 3001 πῶς
2336 2937 2415 3009 τῷ
2448 2937 2523 3009 μὴ
2558 2936 2694 3007 ἀξίῳ
2741 2939 2905 3009 ἄρτου
2950 2937 3163 3010 ψωμίον
3212 2939 3575 3001 ἐπιδέδωκεν,

2004 3032 2091 3085 ἵνα
2120 3030 2210 3086 διὰ
2232 3031 2327 3084 τοῦ
2354 3031 2569 3102 ψωμίου
2610 3032 2785 3105 ἀφέλῃ
2813 3030 3000 3094 αὐτοῦ,
3032 3064 3102 3072 -
3125 3031 3200 3095 ὼς
3249 3031 3480 3097 ἀναξίου
3507 3032 3578 3084 ἔτι

325 3113 556 3182 amplius
580 3114 794 3169 audiret
825 3128 839 3167 :
874 3133 892 3166 ι
927 3115 1141 3170 Etenim
1187 3119 1348 3193 homo
1406 3119 1554 3187 pacis
1583 3135 1718 3173 mea:
1748 3120 1794 3152 "

2000 3122 2237 3177 ἀκούειν’
2265 3124 2401 3176 «Kal
2439 3123 2547 3197 γὰρ
2575 3124 2604 3177 6
2636 3123 2918 3193 ἄνθρωπος
2944 3122 3043 3193 τῆς
3071 3124 3299 3195 εἰρήνης
3336 3141 3495 3194 pou,»
3518 3155 3577 3164 —-

326 3223 450 3261 nam
486 3226 505 3259 ι
536 3206 798 3262 Sordidus
825 3208 1108 3262 sordescat
1138 3192 1318 3264 adhuc
1345 3211 1424 3274 1"';
1473 3229 1491 3261 ι
1538 3225 1645 3279 qua
1691 3210 1893 3275 ablata,

324 3299 417 3354 ille
445 3300 536 3369 qui
573 3299 899 3354 observabat
935 3301 1280 3355 occasionem
1322 3303 1658 3372 ingrediendi
1694 3303 1745 3358 in
1778 3305 1894 3359 anis

324 3411 469 3449 mam
522 3395 692 3459 illius,
720 3403 775 3449 et
816 3395 870 3449 in
909 3396 1126 3449 dantem
1162 3396 1265 3450 sibi
1307 3396 1643 3462 ingrediendi
1692 3398 1892 3466 locum,

323 3489 380 3542 in
424 3487 618 3544 ludam
662 3490 940 3559 ingressus
980 3500 1087 3543 est.
1124 3488 1343 3543 Pariter
1367 3493 1597 3544 observa
1634 3489 1898 3545 Satanam

324 3589 487 3634 antea
519 3596 622 3635 non
654 3581 955 3650 ingressum
1006 3581 1177 3635 fuisse
1216 3582 1269 3635 iu
1315 3578 1535 3644 ludam,
1561 3583 1657 3637 sed
1686 3592 1897 3638 tantum

323 3673 539 3728 misisse
563 3674 613 3727 in
638 3688 733 3727 cor
756 3673 873 3742 ejus
904 3684 963 3728 ut
1003 3673 1324 3744 Magistrum
1351 3673 1610 3742 proderet
1631 3671 1711 3739 ³⁶;
1740 3677 1896 3743 juxta

324 3779 389 3819 ea
420 3780 549 3820 vero
572 3780 694 3836 quae
727 3780 877 3821 nunc
908 3777 1166 3821 accurate
1210 3766 1620 3835 exquisivimus,
1657 3777 1777 3833 post
1807 3767 1896 3823 of-

325 3857 488 3912 fulam
517 3858 793 3914 introiisse
824 3859 877 3913 iu
906 3873 1050 3913 eum.
1101 3858 1461 3926 Quamobrem
1506 3874 1796 3915 caveamus
1830 3869 1894 3916 et

325 3962 426 4002 nos
458 3963 523 4003 ne
557 3951 773 4017 quando
807 3948 1055 4004 diabolus
1082 3948 1135 4001 in
1164 3962 1260 4002 cor
1290 3958 1533 4002 nostrum
1560 3948 1735 4018 jaciat
1758 3964 1897 4018 qua-

325 4038 648 4108 lemcunque
675 4041 925 4109 sagittam
952 4040 1033 4093 sui
1080 4040 1248 4108 ipsius
1276 4040 1502 4109 ignitam
1530 4056 1545 4104 ;
1585 4056 1709 4094 nam
1744 4042 1789 4095 si
1812 4041 1897 4111 je-

326 4129 487 4194 cerit,
522 4143 644 4182 mox
670 4131 834 4182 etiam
861 4129 1115 4184 observat
1146 4138 1356 4199 tempus
1397 4129 1763 4199 ingrediendi.
1791 4129 1900 4187 Sed

326 4230 533 4289 (luerat
565 4220 763 4290 aliquis
787 4235 954 4291 quare
986 4220 1246 4287 scriptum
1276 4235 1382 4275 non
1407 4220 1594 4286 fuerit,
1633 4238 1651 4271 ι
1682 4219 1775 4275 llle
1792 4231 1895 4287 est,

322 4313 410 4366 cui
492 4325 595 4382 ego
643 4310 857 4366 oﬂulam
899 4312 1090 4365 dedero
1118 4312 1184 4378 ³¹,
1221 4332 1239 4364 ι
1276 4313 1373 4367 sed
1419 4327 1543 4368 cmn
1595 4313 1900 4380 adjectione

327 4405 447 4470 hac,
482 4406 740 4477 intingam
765 4420 785 4458 :
814 4424 833 4457 ι
870 4406 965 4460 Cui
1012 4420 1110 4476 ego
1150 4426 1170 4459 ι
1205 4408 1372 4471 enim,
1420 4408 1615 4477 inquit,
1668 4425 1688 4458 ι
1731 4409 1898 4461 intin-

2001 3214 2098 3285 τὴν
2143 3215 2386 3286 εἰρήνην’
2426 3235 2443 3266 ι
2499 3216 2556 3268 '0
2606 3215 2850 3286 ῥυπαρὸς
2901 3214 3010 3285 γὰρ
3064 3214 3401 3286 ῥυπανθήτω
3434 3215 3571 3268 ἐτι-ι

1998 3300 2066 3378 ἦς
2099 3306 2512 3378 ἀφαιρεθείσης,
2531 3307 2559 3358 6
2579 3305 2853 3378 ἐπιτηρῶν
2878 3307 3071 3377 καιρὸν
3088 3307 3190 3376 τῆς
3218 3307 3305 3369 εἰς
3345 3307 3450 3377 τὴν
3475 3306 3576 3372 (96)

1998 3395 2177 3467 ψυχὴν
2226 3398 2432 3452 εἰσόδου
2482 3398 2672 3461 αὐτοῦ,
2709 3399 2804 3452 καὶ
2839 3398 2934 3451 τὸν
2975 3397 3186 3451 διδόντα
3232 3398 3389 3469 αὐτῷ
3422 3399 3577 3451 τόπον

1999 3487 2284 3551 εἰσελθεῖν,
2330 3490 2411 3551 εἰς
2451 3488 2544 3543 τὸν
2587 3488 2790 3555 Ἰούδαν
2833 3487 3081 3558 εἰσῆλθεν
3132 3487 3263 3557 (97).
3313 3490 3469 3559 ’Ἅμα
3523 3489 3573 3543 δὲ

2001 3581 2342 3651 παρατήρει,
2381 3581 2463 3633 ὅτι
2499 3580 2761 3651 πρότερον
2795 3581 2892 3650 μὲν
2924 3582 3024 3635 οὐκ
3045 3580 3292 3652 εἰσῆλθεν
3336 3584 3366 3635 ὁ
3415 3584 3575 3635 Σατα-

1998 3674 2095 3736 νᾶς
2115 3674 2194 3735 εἰς
2213 3672 2304 3726 τὸν
2332 3672 2554 3737 Ἰούδαν,
2578 3673 2713 3727 ἀλλὰ
2729 3673 3011 3744 ἐϐεϐλήκει
3038 3673 3195 3744 μόνον
3216 3676 3295 3738 εἰς
3315 3675 3419 3745 τήν
3445 3691 3573 3747 καρ-

1998 3764 2121 3819 δίαν.
2168 3764 2334 3819 αὑτοῦ
2373 3764 2483 3835 (98)
2522 3765 2609 3819 ἵνα
2659 3764 2885 3837 παραδῷ
2925 3764 3016 3817 τὸν
3058 3763 3416 3830 Διδάσκαλον,
3442 3764 3575 3819 κατὰ

1998 3856 2055 3910 δὲ
2081 3856 2150 3910 τὰ
2176 3856 2271 3912 νῦν
2294 3856 2660 3928 ἐξεταζόμενα
2694 3857 2833 3928 μετὰ
2866 3857 2927 3910 τὸ
2951 3856 3165 3928 ψωμίον
3206 3855 3472 3913 εἰσελθεῖν
3504 3859 3577 3918 εἰς

2000 3951 2225 4002 ἐκεῖνον.
2274 3948 2475 4019 Διόπερ
2520 3948 2614 4001 καὶ
2656 3951 2816 4018 ἡμεῖς
2849 3949 3245 4021 φυλαττώμεθα
3274 3950 3350 4019 μή
3380 3965 3512 4000 ποτε
3549 3950 3575 4000 ὁ

1999 4040 2242 4104 διάϐολος
2278 4039 2411 4111 βάλῃ
2447 4042 2525 4103 είς
2556 4041 2655 4110 τὴν
2708 4040 2932 4111 καρδίαν
2965 4040 3120 4112 ήμῶν
3151 4040 3441 4094 ὁτιποτοῦν
3472 4038 3574 4092 τῶν

1999 4133 2413 4205 πεπυρωμένων
2451 4133 2615 4185 αὐτοῦ
2654 4132 2855 4202 βελῶν·
2888 4134 2982 4188 ἐὰν
3013 4135 3123 4204 γὰρ
3175 4133 3334 4206 βάλῃ,
3387 4134 3575 4201 ἐπιτη-

2004 4230 2086 4298 ρεῖ
2117 4226 2255 4296 μετὰ
2282 4226 2443 4279 τοῦτο
2467 4227 2562 4279 καὶ
2590 4226 2752 4289 αὐτὸς
2794 4225 3074 4282 εἰσελθεῖν.
3111 4226 3354 4295 Ζητήσαι
3412 4225 3459 4277 δ⁴
3509 4226 3571 4279 ἄν

1999 4334 2081 4381 τις
2122 4316 2209 4370 διὰ
2249 4317 2300 4370 τί
2335 4317 2396 4370 οὐ
2434 4317 2771 4388 γέγραπται*
2814 4335 2832 4367 ι
2901 4317 3136 4380 Ἐκεῖνός
3187 4318 3337 4369 ἐστιν
3382 4310 3430 4384 ᾧ
3470 4314 3572 4383 ἐγὼ

2000 4409 2172 4463 δώσω
2230 4409 2292 4462 τὸ
2346 4409 2575 4480 ψωμίον,
2622 4428 2640 4459 ι
2700 4408 2836 4463 ἀλλὰ
2896 4407 3034 4479 μετὰ
3089 4410 3410 4481 προσθήκης
3458 4409 3568 4478 τῆς,

324 4511 445 4566 gam
494 4497 712 4551 otl'ulam
741 4508 795 4553 et
821 4512 1111 4567 porrexero
1134 4515 1150 4565 ;
1173 4507 1228 4554 et
1259 4514 1378 4553 cum
1415 4498 1723 4553 intiuxisset
1761 4499 1812 4553 bl

2004 4499 2207 4569 ,ϐάψω
2236 4519 2253 4550 ι
2293 4501 2456 4571 Βάψω
2485 4522 2503 4553 ι
2524 4503 2661 4573 γὰρ,
2695 4503 2848 4573 φησὶ,
2886 4519 2903 4551 ι
2928 4501 2989 4554 τὸ
3013 4499 3245 4570 ψωμίον,
3278 4502 3372 4557 καὶ
3399 4500 3566 4553 δώσω·

326 4586 541 4652 uellam,
586 4607 606 4639 ι
655 4591 817 4643 sumit
846 4605 966 4642 eam
995 4630 1011 4655 ,
1060 4598 1116 4644 et
1163 4609 1182 4642 ‹
1226 4590 1455 4659 porrigit
1486 4588 1640 4645 Iuda:
1686 4589 1894 4644 Simoni

325 4677 613 4732 lscariotae.
648 4699 667 4731 ι
702 4679 757 4732 lu
784 4681 1052 4737 similibus
1083 4690 1262 4735 autem
1295 4680 1457 4753 442
1492 4681 1626 4736 locis
1655 4688 1895 4735 mentem

325 4770 543 4836 adhibe,
572 4788 639 4825 an
670 4774 841 4841 possis
881 4774 1063 4829 dicere
1104 4774 1377 4829 sincerum
1417 4788 1611 4842 panem
1640 4787 1746 4826 non
1774 4786 1895 4827 esse

327 4864 574 4929 tinctum,
618 4865 710 4918 sed
753 4880 823 4919 ex
870 4880 930 4919 se
979 4882 1099 4921 esse
1167 4866 1455 4938 τρόφιμον,
1497 4864 1625 4937 [hoc
1683 4874 1768 4919 est
1797 4881 1896 4919 nu-

325 4952 511 5027 triens]
532 4972 551 5020 ;
580 4956 710 5010 illud
752 4972 879 5011 vero
914 4959 1055 5026 quod
1084 4957 1235 5013 Judze
1270 4959 1524 5022 dabatur,
1567 4972 1675 5011 non
1723 4956 1894 5011 fuisse

325 5062 516 5116 panem
543 5089 559 5117 ,
607 5049 704 5105 sed
750 5048 1004 5117 offulam;
1054 5062 1108 5107 et
1155 5067 1261 5108 non
1299 5051 1519 5107 ollulam
1556 5052 1762 5121 absque
1792 5049 1894 5103 im-

416 5236 462 5267 "
489 5235 644 5290 Joan.
671 5252 789 5298 xm,
826 5237 917 5292 26.
994 5240 1040 5270 ’³
1067 5239 1199 5292 ibid.
1227 5240 1319 5292 27.
1408 5239 1453 5271 ’³⁵
1493 5238 1621 5293 ibid.
1646 5238 1701 5293 2.

324 5319 441 5371 vm,
471 5307 557 5359 14.
647 5308 692 5339 ³⁸
715 5307 863 5364 Psal.
892 5324 978 5376 XL,
1006 5308 1090 5363 10.
1167 5309 1213 5340 ²⁹
1241 5310 1408 5379 Apoc.
1433 5325 1565 5375 xxn,
1592 5309 1681 5362 11.

533 5444 715 5521 βρύοις
742 5446 963 5521 Regius,
996 5447 1236 5521 Σίμωνος
1274 5449 1638 5521 Ἰσκαριώτου.

393 5515 680 5590 (θυιᾳειιι
710 5515 876 5571 codex
897 5515 1134 5587 Regius,
1162 5518 1341 5590 δόσης,
1374 5515 1534 5577 mide.

395 5585 531 5655 (94‘)
566 5584 863 5651 Lacunam,
911 5584 1072 5657 quam
1120 5584 1389 5644 asterisco
1427 5590 1635 5645 notavit
1666 5590 1887 5656 Ruams,

325 5654 542 5726 obvium
576 5669 685 5726 est,
742 5654 1086 5724 sequentium
1150 5662 1360 5713 ratione
1411 5661 1618 5726 habita,
1683 5654 1890 5715 sarcire

325 5722 623 5798 Sltppletttlo
649 5722 895 5798 εἰρήνην.
933 5727 1092 5783 Ευιτ.
1127 5729 1365 5784 PATROL.
1603 5722 1612 5726 ⁷
1731 5760 1738 5768 ε

399 5790 512 5849 (95)
544 5790 800 5848 Kata'z'é
830 5790 954 5857 ζιετ.
993 5801 1149 5854 Deest
1202 5802 1253 5854 in
1304 5800 1427 5855 cod.
1470 5799 1778 5854 Bodleiano.

1805 5240 1851 5271 ’⁵
1873 5237 2063 5292 Matth.
2090 5252 2218 5298 xxv,
2238 5235 2348 5296 20;
2395 5234 2559 5288 Marc.
2589 5249 2663 5298 tv,
2683 5233 2774 5291 25.
2848 5230 2896 5263 ¹⁶
2919 5231 3053 5289 Luc.
3076 5248 3132 5298 ι,
3164 5231 3217 5288 6.

1767 5310 1813 5342 ³⁰
1835 5308 1993 5364 Joan.
2021 5324 2141 5374 xm,
2175 5307 2228 5361 2.

1995 4594 2089 4645 καὶ
2146 4592 2322 4662 βάψας
2352 4592 2412 4647 τὸ
2451 4594 2684 4665 ψωμίον,
2737 4613 2755 4644 ι
2814 4592 3115 4664 λαμϐάνει,
3171 4593 3266 4646 καὶ
3305 4613 3323 4644 ι
3364 4593 3570 4646 δίδωσιν

2000 4686 2178 4757 ,Ἰούδᾳ
2229 4686 2432 4757 Σίμωνι
2483 4686 2829 4760 Ἰσκαριώτῃ.
2870 4707 2889 4739 ι
2939 4688 3028 4751 Ὠς
3086 4689 3144 4741 ἐν
3195 4687 3463 4750 τοιούτοις
3510 4685 3568 4756 δή

1992 4778 2181 4840 τόποις
2220 4778 2456 4849 πρόσχες
2490 4779 2538 4830 εἰ
2572 4778 2792 4832 δύνασαι
2826 4778 2916 4832 τὸν
2955 4778 3222 4850 εἰλικρινῆ
3254 4779 3417 4850 ἄρτον
3445 4777 3567 4831 ἀϐα-

1994 4869 2069 4938 φῆ
2104 4868 2332 4937 φάσκειν
2371 4865 2511 4923 εἶναι
2534 4909 2550 4931 ,
2598 4871 2694 4922 καὶ
2731 4871 2851 4925 καθ’
2906 4869 3067 4922 αὑτὸν
3107 4869 3404 4941 τρόφιμον.
3433 4868 3491 4922 τὸ
3516 4868 3568 4921 δὲ

1997 4958 2077 5029 τῷ
2119 4958 2290 5029 Ἰούδᾳ
2320 4958 2682 5029 ἐπιδιδόμενον
2715 4960 2809 5013 καὶ
2834 4960 2933 5012 οὐκ
2967 4960 3130 5032 ἄρτος
3156 4955 3224 5030 ἦν
3250 4959 3311 5011 τὸ
3341 4958 3563 5029 ψωμίον,

2001 5052 2095 5106 καὶ¹
2123 5052 2184 5105 οὐ
2212 5051 2421 5123 ψωμίον
2451 5050 2678 5121 ἀϐαφὲς,
2722 5050 2857 5105 ἀλλὰ
2904 5051 3250 5123 βεϐαμμένον
3293 5051 3376 5121 τῷ
3415 5051 3564 5104 δυνα-

3312 5232 3358 5264 ¹⁷
3382 5230 3424 5285 ll
3443 5228 3561 5284 Cor.

2327 5306 2366 5337 ³⁸
2402 5305 2530 5359 ibid.
2568 5303 2660 5359 26.

2060 5446 2171 5520 (96)
2191 5444 2802 5520 Cod._llcg.,lc<_)rrupt_e,
2835 5442 2937 5520 xui.
2966 5441 3198 5520 ρευστὴς
3224 5445 3304 5505 εἰς
3322 5441 3438 5520 τήν,
3458 5447 3555 5520 etc.

2061 5514 2175 5583 (97)
2201 5515 2525 5584 Εἰσῆλθεν.
2560 5515 2721 5570 Deest
2743 5516 2796 5568 in
2821 5515 3007 5568 codice
3035 5514 3230 5584 Regio,
3264 5514 3358 5565 sed
3381 5514 3560 5578 legitur

1994 5588 2048 5642 in
2077 5588 2397 5641 Bodleiano.

2061 5658 2174 5727 (98)
2205 5655 2421 5735 Αιρςοῦ.
2472 5657 2630 5735 Deest
2671 5656 2727 5735 in
2762 5652 3175 5735 eotlieiltegio,
3308 5666 3414 5735 quo
3442 5662 3553 5735 mox

1990 5723 2183 5796 legitur
2216 5744 2230 5779 :
2265 5729 2380 5779 ’Ἰνα
2415 5725 2642 5797 παραδῴ
2684 5725 2882 5787 Ἰούδας
2932 5723 3176 5792 Σίμωνος
3222 5723 3559 5792 Ἰσκαριώτης

1988 5798 2079 5849 τὸν
2109 5797 2456 5851 Διδάσκαλον.
