3712 6138
91 340 207 397 805

1120 343 1503 400 'COMMENT.
1549 344 1613 399 IN
1650 342 1845 402 JOAN.
1885 346 2124 405 TOMUS
2162 348 2388 406 XXXII.

3257 354 3366 411 806

96 454 253 529 μένῳ
280 454 617 510 ἁποσπᾶσαι
650 456 749 528 τῆς
781 458 958 529 ψυχῆς
1011 461 1176 515 αὐτοῦ
1216 463 1313 534 τὴν
1351 464 1459 517 ἀπὸ
1495 464 1588 517 τοῦ
1626 463 1685 518 λό

1859 469 2103 533 κου-εἰοηο,
2140 471 2235 525 sed
2264 471 2509 535 tinctam,
2543 483 2597 528 et
2627 474 2937 530 immersam
2965 476 3034 532 ab
3063 491 3128 533 eo
3159 479 3250 547 qui
3273 496 3382 556 po-

92 564 195 616 γου
231 548 336 601 ἐτιῦ⁸
368 548 541 604 ποσὸν
569 550 928 623 ἐγγινομένην
959 553 1157 624 βαφὴν,
1194 554 1282 607 ἴνα
1313 555 1451 626 μετὰ
1485 555 1547 609 τὸ
1589 555 1705 625 ψω-

96 641 225 708 μίον
259 641 497 716 εἰσέλθῃ
549 644 757 697 ἐκεῖνον
788 646 817 697 ό
846 646 1110 709 Σατανᾶς.
1153 645 1295 716 Ἐγὼ
1325 646 1382 700 δέ
1411 646 1705 718 ζητήσαιμ’

92 735 161 789 ἂν
195 735 279 798 ὡς
307 734 498 807 τούτῳ
531 736 641 808 (99)
701 738 963 806 συγγενὲς
997 740 1059 792 τὸ
1098 740 1207 793 άπὸ
1236 739 1330 795 τοῦ
1364 740 1505 794 κατὰ
1554 742 1708 794 Ματ-

94 824 287 877 θαῖον·
318 843 341 875 ι
391 825 454 878 Ὁ
496 824 751 896 ἐμϐάψας
790 826 890 898 τὴν
938 831 1097 900 χεῖρα
1151 831 1268 901 μετ’
1320 831 1454 901 ἐμοῦ
1517 832 1574 884 ἐν
1628 830 1706 902 τῷ

93 916 374 987 τρυϐλίῳ,
412 908 568 980 οὗτός
598 934 664 988 με
695 918 1057 990 παραδώσειοι
1095 922 1190 973 καὶ
1217 921 1279 973 τὸ
1307 922 1416 976 ἀπὸ
1440 920 1532 975 τοῦ
1566 922 1706 976 κατὰ

95 1010 335 1081 Μάρκον
365 1026 380 1040 ·
426 1029 447 1062 ι
488 1011 548 1064 '0
572 1010 982 1082 ἐμϐαπτόμενος
1018 1016 1134 1084 μετ’
1166 1014 1303 1085 ἐμοῦ
1352 1017 1431 1078 εἰς
1476 1015 1535 1068 τὸ
1575 1032 1704 1085 τρυ-

42 1114 48 1126 “
96 1102 269 1155 ὀλίον·
309 1122 330 1154 ι
366 1104 470 1157 καὶ
498 1103 561 1156 τὸ
597 1103 706 1155 ἀπὸ
729 1103 822 1158 τοῦ
851 1105 994 1159 κατὰ
1026 1107 1239 1160 Λουκᾶν
1270 1105 1349 1171 δὲ,
1399 1108 1446 1160 εἰ
1481 1107 1574 1160 καὶ
1629 1106 1702 1178 μὴ

93 1194 365 1266 ὀνομάζει
404 1196 488 1248 τό·
529 1215 547 1247 ι
582 1197 858 1269 ἐμϐάψας,
900 1218 919 1250 ι
960 1198 1074 1252 ἀλλ’
1173 1200 1307 1270 φησί
1360 1217 1423 1268 γε
1449 1216 1462 1229 ·
1501 1219 1519 1251 ι
1557 1199 1703 1270 Πλὴν

99 1287 210 1340 ἰδοὺ
253 1289 289 1358 ή
335 1289 472 1359 χεὶρ
505 1287 597 1344 τοῦ
629 1290 1013 1361 παραδιδόντος
1042 1308 1110 1362 με
1152 1293 1270 1361 μετ’
1300 1290 1436 1362 ἐμοῦ
1468 1292 1560 1345 ἐπὶ
1603 1294 1703 1364 τῆς

93 1376 409 1453 τραπέζης.
449 1399 470 1431 ι
519 1380 578 1433 Ὁ
633 1380 731 1451 μὲν
754 1374 848 1433 οὖν
880 1380 1007 1451 περὶ
1059 1377 1248 1431 τούτου
1290 1377 1494 1449 ἀληθὴς
1545 1377 1701 1447 λόγος

97 1473 251 1545 παρὰ
307 1475 431 1536 τοῖς
490 1471 627 1540 ἐμοῦ
685 1472 935 1544 εὑρεθείη
993 1472 1059 1527 ἂν
1106 1472 1286 1543 πολλῷ
1330 1470 1658 1543 σοφωτέροις
1684 1485 1699 1500 ⁸

94 1566 205 1634 ἐγὼ
239 1565 299 1619 δὲ
332 1565 676 1636 στοχάζομαι
708 1567 916 1637 μήποτε
947 1565 1040 1619 καὶ
1072 1565 1133 1618 τὸ
1165 1565 1379 1627 ἀναιδὲς
1399 1562 1492 1616 τοῦ
1529 1562 1699 1616 Ἰούδα

99 1660 190 1713 καὶ
219 1661 280 1712 ὲν
311 1658 498 1731 τούτῳ
530 1660 855 1731 ἐμφαίνεται
892 1658 967 1731 μὴ
992 1657 1261 1730 τιμῶντος
1314 1658 1406 1711 τὸν
1431 1656 1698 1711 Διδάσκα-

96 1753 183 1804 lo»
214 1793 229 1816 ,
279 1753 342 1807 ἐν
396 1751 481 1823 τῷ
535 1751 858 1817 συνεσθίειν,
896 1752 1034 1823 μηδὲ
1067 1747 1519 1823 παραχωροῦντος
1551 1749 1698 1821 αὐτῷ

97 1846 193 1915 τῆς
214 1814 321 1908 εἰς
359 1845 429 1898 τὸ
450 1814 716 1915 ’τρυϐλίον
748 1814 1041 1915 ἐμόάίιρεως
1063 1884 1078 1909 ,
1122 1814 1198 1907 ως
1220 1814 1597 1915 ’παρεχώρουν
1648 1814 1696 1896 oi
1732 1814 1772 1870 Β

97 1939 294 1992 λοιποί.
356 1939 567 2008 Διόπερ
618 1935 841 1991 ἐκείνων
896 1935 992 2006 μὲν
1042 1935 1218 2000 οὐδεὶς
1273 1936 1541 2007 ἐνέδαπτε
1597 1936 1696 2007 τὴν

98 2034 256 2102 χεῖρα
298 2032 384 2094 είς
424 2030 490 2083 τὸ
543 2029 795 2101 τρυϐλίον
850 2030 966 2097 μετ’
1021 2027 1208 2081 αὑτοῦ⁹
1258 2022 1411 2092 οὗτος
1453 2028 1545 2092 δὲ,
1596 2028 1696 2081 οὐκ

98 2123 264 2187 ἀξιῶν
301 2122 424 2193 μετ’
453 2121 635 2176 αὐτῶν
669 2120 989 2193 ἐμϐάπτειν,
1041 2122 1158 2193 μετ’
1190 2118 1356 2175 αὐτοῦ
1408 2121 1694 2183 ἐνέϐαπτε,

103 2216 198 2287 τὴν
237 2217 466 2288 ἰσότητα
505 2215 673 2270 θέλων
705 2215 851 2287 ἔχειν
879 2216 1016 2286 πρὸς
1049 2216 1233 2279 αὐτὸν,
1263 2216 1380 2270 δέον
1405 2215 1555 2288 αὐτῷ
1588 2234 1695 2270 πα-

106 2312 375 2381 ραχωρεῖν
422 2308 529 2377 τῆς
580 2309 873 2379 ὑπεροχῆς.
911 2309 1061 2378 Τάχα
1091 2303 1185 2362 οὖν
1234 2307 1330 2361 τοῦ
1369 2308 1532 2361 αὑτοῦ
1581 2308 1698 2380 ἐχε-

103 2418 190 2454 ται
221 2400 315 2453 καὶ
348 2400 442 2453 τό·
484 2419 503 2452 ι
545 2398 690 2470 Πλὴν
724 2399 834 2453 mea
863 2401 896 2470 ἡ
927 2400 1047 2473 χεὶρ
1080 2398 1174 2453 τοῦ
1214 2399 1596 2470 παραδιδόντος
1628 2418 1695 2471 με

107 2493 219 2559 μετ’
252 2492 393 2562 ἐμοῦ
423 2493 520 2545 ἐπὶ
548 2492 648 2562 τῆς
673 2490 973 2562 τραπέζης.
1009 2510 1028 2543 ι
1069 2492 1178 2544 Καὶ
1223 2490 1698 2563 χαριεντιζόμενος

105 2584 159 2636 δέ
203 2601 334 2637 ποτε
385 2587 471 2648 εἰς
518 2583 832 2656 προτροπὴν
877 2585 1016 2647 νέοις
1065 2582 1330 2655 περὶτῆς
1363 2585 1422 2637 ἐν
1453 2583 1693 2638 ἑστιάσει

106 2678 269 2748 τιμῆς
301 2676 415 2730 τῶν
448 2676 837 2750 πρεσϐυτέρων
864 2716 878 2739 ,
933 2677 1216 2748 συγχρήσῃ
1251 2672 1327 2747 (l)
1374 2673 1452 2746 τῷ
1497 2676 1647 2747 ῥητῷ
1678 2715 1695 2740 ,

113 2772 195 2823 ἶνα
225 2769 300 2841 μὴ
334 2767 667 2822 συνθλίϐωσι
694 2768 793 2839 τὴν
824 2769 982 2839 χεῖρα
1012 2766 1122 2821 τῶν
1162 2766 1566 2838 πρεσϐυτέρων.
1596 2768 1695 2820 Γέ-

111 2880 351 2934 γραπται
380 2862 498 2931 γὰρ
521 2863 615 2915 καί¹
642 2860 819 2914 τοῦτο·
858 2880 877 2912 ι
907 2859 1000 2930 Μὴ
1052 2859 1337 2913 συνθλίὸου
1376 2860 1492 2931 μετ’
1528 2860 1694 2914 αὑτοῦ

114 2957 168 3008 ὲν
189 2954 265 3026 τῷ
287 2953 552 3028 τρυϐλίῳ.
586 2974 604 3005 ι
639 2953 753 3007 Οὐκ
777 2950 1102 3021 ἀγνοοῦντες
1128 2951 1187 3005 δέ
1210 2950 1367 3017 δόξαν
1401 2952 1694 3024 περιέργου

112 3043 385 3116 ζητήσεως
407 3085 423 3109 ,
464 3044 561 3098 καὶ
595 3041 801 3097 πείθειν
834 3042 908 3113 μὴ
949 3040 1254 3113 δυναμένης
1285 3041 1378 3096 τὸν
1419 3042 1695 3115 ἀκροατὴν

111 3138 400 3206 ἀπολογίας
425 3135 805 3208 ἀποφέρεσθαι
844 3136 920 3206 (‘2)
952 3135 1102 3208 παρὰ
1133 3137 1246 3198 τοῖς
1286 3134 1490 3189 τούτων
1528 3136 1687 3189 ἁκού-

110 3247 242 3297 ουσι,
276 3230 457 3284 ταῦτα
489 3230 892 3300 ἐτολμήσαμεν,
929 3231 1176 3300 κρεῖττον
1208 3222 1349 3282 εἶναι
1379 3226 1690 3298 νομίζοντες

109 3323 166 3377 τὺ
195 3325 370 3378 πάντα
409 3320 725 3393 βασανίζειν
753 3320 847 3376 τοῦ
896 3320 1185 3392 παρελθεῖν
1232 3338 1286 3374 τι
1324 3320 1687 3381 ἀϐασάνιστον

111 3416 214 3470 τῶν
234 3414 662 3487 γεγραμμένων.

181 3506 264 3560 15.
294 3505 645 3569 Εἰσελθόντος
681 3503 860 3575 μέντοι
880 3501 974 3556 τοῦ
999 3503 1212 3557 Σατανᾶ
1242 3504 1323 3566 είς
1349 3503 1439 3557 τὸν
1462 3502 1685 3567 Ἰούδαν,

120 3614 139 3648 ι
171 3597 329 3668 φησὶν
376 3596 528 3667 αὐτῷ
563 3594 637 3667 (5)
679 3597 708 3649 ὁ
741 3592 984 3666 Ἰησοῦςο
1035 3595 1101 3647 Ὃ
1149 3596 1353 3658 ποιεῖς,
1405 3595 1546 3648 ποίει
1594 3596 1689 3649 τά·

115 3704 243 3756 χιονσ
280 3707 298 3739 ι
328 3689 434 3741 τίνι
471 3687 560 3751 δὲ,
588 3685 757 3758 αὐτῷ,
785 3684 1106 3757 ἀμφίϐολον·
1143 3687 1266 3739 ἐπεὶ
1292 3685 1513 3740 δύναται
1540 3686 1688 3758 αὐτῷ

114 3779 186 3849 τῷ
221 3781 391 3854 Ἰούδᾳ
420 3782 521 3852 (4),
573 3780 608 3853 ἢ
654 3780 735 3851 τῷ
788 3780 1001 3851 Σατανᾷ
1048 3779 1326 3851 εἰρηκέναι
1371 3784 1399 3832 ὁ
1438 3779 1682 3852 κύριος’

121 3888 138 3920 ι
171 3872 233 3925 Ὅ
267 3875 470 3938 ποιεῖς,
520 3871 745 3943 ποίησον
776 3871 982 3941 τάχιον,
1017 3890 1035 3922 ›
1093 3870 1538 3943 προκαλούμενος
1592 3871 1686 3925 τὸν

117 3963 512 4032 ἀνταγωνιστὴν
558 3963 650 4017 ἐπὶ
694 3963 791 4036 τὴν
843 3963 1023 4034 πάλην
1057 3961 1172 4035 (5),
1212 3962 1244 4035 ἢ
1291 3962 1383 4017 τὸν
1421 3964 1685 4034 προδότην

118 4055 204 4107 ἐπὶ
267 4057 327 4109 τὸ
382 4056 702 4126 διακονῆσαι
760 4058 827 4128 τῇ
888 4055 1141 4127 σωτηρίῳ
1206 4055 1395 4126 κόσμῳ
1456 4055 1684 4128 ἐσομένη

115 4148 416 4220 οἰκονομίαν
466 4148 535 4220 ἦν
578 4148 678 4201 οὐκ
730 4147 810 4202 ἔτι
869 4147 1125 4219 μέλλειν,
1180 4147 1301 4200 οὐδὲ
1358 4146 1640 4218 βραδύνειν
1666 4187 1682 4213 ,

119 4237 221 4292 ἀλλ’
265 4241 362 4315 ὅση
402 4241 634 4314 δύναμις
672 4240 925 4312 ταχύνειν
974 4240 1162 4312 ἤθελεν
1203 4238 1301 4313 (6)-
1335 4241 1395 4293 οὐ
1429 4239 1639 4294 δειλιῶν
1666 4282 1681 4307 ,

118 4329 188 4393 ὼς
223 4331 419 4387 οἴονταί
468 4348 613 4395 τινες
653 4330 764 4384 τῶν
818 4328 894 4403 μὴ
959 4330 1269 4400 νοησάντων
1319 4329 1440 4383 τίνα
1485 4331 1684 4402 τρόπον

118 4416 258 4475 εἷπε·
297 4442 316 4476 ι
351 4426 535 4496 Πάτερ
558 4465 574 4488 ,
611 4425 660 4476 εί
686 4422 943 4486 δυνατὸν,
996 4420 1309 4493 παρελθέτω
1339 4421 1400 4474 τὸ
1426 4423 1682 4494 ποτήριον

1814 568 1954 614 terat
1986 564 2053 615 ab
2088 564 2267 617 anima
2299 563 2470 629 ipsius
2498 565 2732 622 avellere
2779 584 2996 623 onmem
3028 569 3319 626 tincturam
3350 587 3379 624 ιι

1811 653 2023 708 ratione
2055 653 2447 724 aliquantulum
2480 659 2739 723 infusam,
2790 669 2850 712 ut
2894 670 3014 728 post
3045 660 3263 717 offulam
3295 664 3380 716 in-

1807 745 2125 811 grederetur
2169 747 2219 800 in
2256 747 2404 801 illum
2442 749 2700 804 Satanas.
2735 751 2806 805 At
2838 766 2941 822 ego
2965 752 3143 807 adhuc
3176 770 3378 823 quaere-

1807 850 1922 890 rem
1949 840 2091 906 quod
2122 838 2176 893 in
2207 838 2466 896 Matthmo
2502 843 2760 896 scribitur
2789 843 2913 898 huic
2946 844 3067 899 loco
3090 844 3267 910 aliine,
3298 849 3379 904 sie

1806 925 2014 981 habens
2047 946 2061 983 :
2096 946 2115 979 ι
2155 928 2255 996 Qui
2292 931 2520 985 intinxit
2554 947 2762 987 mecum
2804 947 3020 987 manum
3073 936 3124 989 in
3176 938 3376 999 catino.

1807 1016 1898 1071 hic
1925 1032 2010 1072 me
2040 1021 2352 1088 proditurus
2385 1033 2470 1077 est
2500 1023 2586 1088 3';
2623 1041 2643 1075 ι
2672 1024 2802 1077 item
2837 1025 2964 1078 illud
3005 1027 3148 1095 quod
3182 1028 3378 1082 scribit

1805 1107 2020 1162 Marcus
2043 1110 2130 1164 “:
2168 1130 2187 1162 ι
2230 1113 2501 1183 lntingens
2535 1130 2745 1169 mecum
2796 1116 2847 1168 in
2878 1117 3097 1181 catino;
3137 1137 3155 1170 ι
3192 1135 3380 1174 rursus

1805 1198 1968 1251 etiam
2017 1201 2159 1269 quod
2208 1201 2386 1257 Lucas
2426 1202 2492 1267 ³⁸,
2541 1205 2758 1259 etiamsi
2795 1222 2898 1261 non
2933 1207 3117 1273 dicat,
3149 1227 3168 1259 ι
3210 1209 3379 1262 intin-

1805 1288 1904 1353 xit,
1954 1308 1972 1341 ι
2008 1290 2102 1346 sed
2149 1302 2356 1347 tantum
2393 1313 2405 1348 :
2443 1314 2463 1346 ι
2514 1295 2893 1351 Verumtamen
2941 1314 3007 1352 en
3053 1316 3248 1355 manus
3293 1316 3382 1355 me

1802 1382 2078 1450 prodeuntis
2102 1394 2189 1440 est
2216 1402 2425 1441 meeum
2471 1389 2522 1442 in
2557 1404 2764 1444 mensa.
2817 1410 2837 1441 ι
2872 1392 3049 1461 Atque
3078 1408 3240 1447 verus
3261 1394 3381 1463 qui-

1801 1468 1922 1523 dem
1962 1471 2114 1527 hisce
2146 1476 2214 1529 de
2246 1476 2408 1531 rebus
2436 1492 2619 1532 sermo
2646 1479 2952 1534 inveniatur
2982 1482 3121 1551 apud
3158 1497 3251 1537 eos
3283 1484 3375 1553 qui

1802 1577 1888 1617 me
1933 1561 2092 1633 longe
2135 1567 2402 1633 sapientia
2435 1579 2721 1636 prmstant,
2751 1585 2853 1641 ego
2884 1582 3063 1626 autem
3100 1574 3380 1643 eonjector

1800 1666 1869 1706 ne
1900 1651 2042 1708 forte
2084 1654 2415 1725 impudentia
2446 1657 2598 1714 Juda:
2643 1673 2907 1731 appareat
2938 1664 3039 1719 hac
3072 1680 3291 1735 quoque
3319 1667 3375 1719 in

1804 1758 1884 1808 re,
1917 1759 2022 1799 non
2055 1744 2373 1802 honorantis
2400 1747 2718 1820 Magistrum
2744 1752 2796 1805 in
2820 1753 3092 1816 convivia.
3116 1756 3243 1808 dum
3267 1770 3377 1808 una

1801 1836 2150 1905 comederet;
2204 1854 2380 1909 neque
2426 1839 2722 1897 deferentis
2770 1843 2868 1909 illi,
2915 1846 3042 1900 dum
3091 1846 3146 1901 in
3195 1847 3379 1903 catino

1801 1926 2172 1996 innnergeret,
2201 1937 2259 1982 ut
2290 1930 2471 1983 ezeteri
2501 1931 2836 1987 deferebant.
2871 1932 3024 1990 Hanc
3062 1936 3132 1991 ob
3154 1951 3375 1991 causam

1799 2031 1923 2070 cum
1956 2032 2114 2071 nemo
2140 2017 2352 2073 illorum
2388 2020 2732 2093 immergeret
2762 2040 2884 2079 eum
2922 2024 3075 2088 Jesu,
3124 2029 3240 2098 ipse
3282 2031 3375 2100 qui

1801 2125 1905 2163 non
1932 2110 2261 2179 dignabatur
2304 2128 2426 2166 cum
2476 2113 2580 2170 illis
2624 2116 2968 2186 immergere,
3003 2121 3374 2189 azqualitatem

1798 2202 1985 2256 volens
2005 2216 2129 2257 cum
2162 2203 2257 2258 illo
2301 2205 2524 2274 habere,
2550 2222 2673 2262 cum
2704 2210 2821 2280 ipso
2846 2211 3228 2282 immergebat,
3252 2231 3376 2272 eum

1798 2294 1992 2349 cedere
2045 2296 2322 2369 debuisset
2381 2298 2718 2355 excellentia:
2774 2302 2963 2371 ipsius.
3006 2303 3375 2372 Quamobrem

1802 2386 1929 2440 huic
1973 2386 2208 2442 fortasse
2253 2390 2564 2457 proximum
2607 2400 2690 2445 est
2727 2392 2857 2448 illud
2890 2412 2905 2448 :
2935 2413 2954 2447 ι
2986 2392 3375 2452 Verumtamen

1799 2494 1866 2533 en
1900 2494 2091 2533 manus
2117 2495 2200 2534 me
2224 2482 2522 2547 prudentis,
2559 2498 2772 2538 mecum
2813 2495 2900 2539 est
2922 2485 2976 2540 in
3004 2503 3211 2543 mensa.
3244 2508 3263 2540 ι
3296 2490 3378 2545 Ac

1799 2572 2042 2643 profecto
2069 2576 2321 2645 quisquis
2365 2578 2571 2631 urbane
2603 2576 2896 2646 aliquando
2920 2578 3156 2649 juvenes
3181 2582 3376 2636 admo-

1799 2666 2004 2729 nuerit,
2032 2676 2092 2720 ut
2125 2668 2435 2723 senioribus
2465 2668 2517 2722 in
2563 2668 2830 2724 conviviis
2859 2669 3131 2736 deferant,
3164 2673 3268 2727 hoc
3297 2673 3378 2727 di-

1798 2766 1886 2810 cto
1908 2768 2115 2822 utetur,
2144 2774 2215 2813 ne
2265 2775 2486 2813 ntanum
2516 2762 2886 2830 eomprimant
2925 2777 3145 2817 suorum
3192 2765 3377 2819 senio-

1800 2863 1941 2902 rum.
1966 2848 2239 2919 Scriptum
2264 2861 2347 2907 est
2381 2853 2525 2906 enim
2554 2862 2610 2906 et
2635 2853 2737 2908 hoc
2775 2868 3029 2923 quoque:
3066 2871 3087 2907 ι
3118 2854 3196 2910 No
3225 2871 3379 2911 con;-

1799 2943 2054 3009 printaris
2086 2960 2206 2998 cum
2234 2961 2303 3001 eo
2327 2946 2379 2999 in
2411 2945 2595 3000 catino
2620 2946 2684 3002 ⁸⁸.
2723 2965 2743 2999 ι
2795 2947 3067 3002 Caeterum
3095 2964 3201 3005 non
3224 2949 3378 3020 igno-

1798 3042 1982 3087 rantes
2031 3035 2098 3087 de
2123 3035 2337 3089 curiosa
2361 3036 2679 3104 quaestione,
2707 3046 2763 3092 et
2788 3037 2854 3092 de
2887 3038 3208 3094 defensione
3257 3054 3378 3109 per.

1797 3123 2027 3176 suadere
2055 3122 2287 3177 audituri
2314 3140 2421 3179 non
2448 3125 2667 3190 valenti,
2693 3126 2921 3196 gloriam
2950 3142 3054 3182 non
3089 3131 3365 3199 reportari

1799 3215 1940 3282 apud
1967 3229 2061 3270 eos
2089 3217 2180 3284 qui
2229 3216 2344 3271 haec
2373 3218 2619 3282 audiunt,
2646 3218 2762 3273 haec
2791 3219 2909 3273 ausi
2929 3235 3139 3284 sumus,
3182 3221 3377 3276 melius

1795 3321 1918 3361 esse
1941 3308 2042 3361 rati
2081 3311 2261 3363 omnia
2287 3310 2573 3379 explorare
2599 3326 2763 3381 quam
2794 3313 2999 3384 aliquid
3035 3315 3182 3385 quod
3230 3317 3374 3371 seri-

1796 3404 1944 3463 ptum
1972 3398 2044 3452 sit
2072 3401 2357 3468 praterire
2379 3402 2670 3456 intactum.

1867 3487 1955 3542 15.
1987 3489 2122 3543 Cum
2148 3505 2279 3545 vero
2300 3491 2579 3559 ingressus
2604 3492 2796 3551 fuisset
2820 3494 3054 3553 Satanas
3075 3497 3126 3552 in
3147 3496 3372 3566 Judam,

1801 3596 1819 3629 ι
1853 3579 1984 3633 dicit
2025 3579 2102 3633 illi
2136 3579 2335 3636 Jesus:
2367 3583 2523 3648 Quod
2565 3583 2725 3653 facis,
2762 3588 2847 3640 l‘ac
2898 3589 3052 3644 ocius
3075 3589 3163 3654 ³⁶;
3218 3608 3239 3642 ι
3276 3594 3372 3645 sed

1794 3672 1879 3725 cui
1914 3671 2058 3726 dicat
2102 3672 2323 3727 dubium
2356 3684 2474 3741 est;
2529 3691 2654 3728 nam
2701 3677 2783 3731 vel
2821 3676 2975 3733 Judze
3027 3680 3109 3733 vel
3156 3680 3373 3736 Satanae

1793 3775 1974 3834 potest
2006 3765 2213 3819 dixisse
2235 3764 2494 3820 Dominus
2521 3784 2536 3821 :
2601 3784 2623 3818 ι
2646 3766 2798 3834 Quod
2826 3767 2992 3834 facis,
3021 3769 3107 3825 fac
3146 3772 3320 3835 ocius,
3345 3791 3368 3827 θ

1796 3856 2036 3912 invitatis
2061 3858 2141 3912 vel
2173 3859 2575 3925 antagonistam
2602 3860 2671 3914 ad
2702 3876 2938 3931 pugnam
2965 3877 2981 3926 ;
3029 3862 3109 3917 vel
3138 3864 3372 3933 proditu-

1795 3965 1908 4004 rem
1959 3950 2026 4003 ad
2071 3951 2595 4006 snbministrandum
2648 3952 3074 4021 dispensationi,
3123 3969 3243 4024 qua:
3289 3966 3371 4009 to-

1796 4049 1848 4093 to
1902 4040 2023 4093 orbi
2079 4039 2360 4095 salutifera
2425 4040 2608 4095 futura
2632 4049 2803 4107 erat;
2869 4059 3032 4113 quam
3098 4058 3202 4097 non
3255 4060 3371 4097 ant-

1791 4131 1932 4202 plius
2010 4132 2294 4187 retardare
2332 4170 2349 4197 ,
2414 4135 2509 4187 sed
2587 4147 2688 4202 pro
2762 4133 2973 4189 viribus
3058 4133 3370 4189 accelerare

1791 4224 2070 4290 volebat;
2147 4238 2254 4278 non
2342 4234 2643 4290 metuens,
2714 4234 2774 4280 nt
2851 4226 3069 4294 quidam
3163 4226 3369 4281 existi-

1792 4326 1981 4382 mant,
2042 4333 2146 4373 non
2220 4318 2587 4388 iutelligentes
2649 4321 2921 4387 quomodo
2984 4318 3150 4392 M3
3214 4320 3369 4374 dixe-

1792 4412 1863 4465 rit
1909 4429 1922 4464 :
1981 4428 2000 4461 ι
2053 4409 2251 4474 Pater,
2312 4410 2358 4463 si
2413 4409 2530 4463 fieri
2586 4418 2808 4478 potest,
2878 4420 3123 4464 transeat
3195 4424 3224 4462 a
3283 4423 3369 4463 me

120 4510 284 4576 τοῦτο,
323 4533 342 4566 ι
378 4514 513 4568 ἀλλὰ
544 4511 964 4584 θαῤῥαλεώτατα
1006 4511 1101 4565 ἐπὶ
1128 4511 1223 4566 τὸν
1251 4512 1458 4581 ἀγῶνα,
1489 4512 1555 4566 ἵν’
1586 4511 1679 4566 οὖ-

1864 4504 1936 4558 lix
1981 4503 2083 4557 iste
2121 4502 2185 4567 ³⁷,
2233 4521 2252 4554 ›
2306 4500 2403 4556 sed
2450 4501 2912 4557 confidentissime
2954 4502 3020 4557 ad
3066 4509 3365 4566 certamen,

119 4620 219 4669 τως
242 4606 377 4661 εἴπω
402 4607 478 4680 (7)
500 4647 516 4674 ,
543 4605 924 4678 ἀποδυόμενος.
975 4603 1197 4675 Νομίζω
1240 4604 1298 4658 δὲ
1329 4606 1425 4659 καὶ
1466 4605 1556 4658 τὸν
1588 4610 1681 4670 κς¹

1788 4608 1847 4654 ιιι
1879 4596 1954 4653 ita
1983 4597 2193 4666 loquar,
2239 4605 2455 4656 exutus.
2495 4593 2731 4650 Proinde
2765 4594 3005 4651 arbitror
3050 4593 3366 4649 vicesimum

120 4692 316 4765 ψαλμὸν
356 4698 421 4752 ἐκ
466 4694 760 4770 προσώπου
795 4692 889 4748 τοῦ
932 4693 1183 4764 Σωτῆρος
1244 4693 1683 4765 προφητεύεσθαι

1859 4702 1998 4747 ιιιιιιι
2026 4692 2190 4746 etiam
2225 4689 2491 4759 psalmum
2531 4702 2601 4743 ex
2640 4702 2871 4757 persona
2907 4685 3214 4741 Servatoris
3236 4700 3365 4755 pro-

122 4786 261 4858 παρὰ
290 4790 378 4843 τὸν
399 4790 589 4860 καιρὸν
617 4786 710 4841 τοῦ
742 4785 947 4848 πάθους
966 4824 980 4849 ,
1021 4785 1114 4837 καὶ
1142 4782 1237 4837 τοῦ
1278 4784 1515 4857 πονηροῦ
1547 4802 1683 4839 παν-

126 4877 330 4945 στρατεὶ
344 4878 744 4950 ἀγωνιζομένου
757 4877 876 4931 κατ’
893 4876 1078 4930 αὐτοῦ’
1111 4874 1361 4936 οὕστινας
1379 4874 1502 4927 ἰδὼν
1530 4874 1684 4928 ὁπλι-

126 4962 364 5035 ζομένους
394 4970 515 5025 καθ’
539 4970 702 5025 αὑτοῦ
723 5010 738 5034 ,
770 4969 866 5023 καὶ
920 4968 1288 5040 κινουμένους,
1313 4967 1684 5040 ἡνίκαιπαρέο

128 5070 316 5126 στησαν
339 5064 387 5115 ot
417 5063 654 5133 βασιλεῖς
675 5061 774 5133 τῆς
793 5061 916 5132 γῆς,
935 5062 1030 5115 καί
1054 5063 1103 5114 οἱ
1129 5061 1389 5132 ἄρχοντες
1413 5058 1683 5131 συνήχθη-

180 5244 220 5277 ³²
257 5241 440 5301 Matth.
466 5265 611 5313 mn,
633 5248 724 5306 25.

122 5325 231 5377 xm.
271 5312 360 5374 27.
465 5320 511 5358 ³⁷
540 5312 732 5374 Matth.
764 5335 918 5385 xxw,
952 5319 1037 5378 l9.

184 5442 744 5521 _Codexiﬂegius,
784 5449 943 5516 male,
970 5449 1071 5521 τὴν
1093 5448 1172 5521 τῷ
1206 5464 1303 5519 pro
1333 5448 1528 5519 τούτῳ.

187 5514 277 5590 (θ’
294 5514 631 5590 Συγχρήσῃῖ
659 5521 818 5590 Deest
842 5521 895 5574 in
930 5514 1120 5576 codice
1143 5514 1336 5590 Regio.

125 5582 727 5717 ρίἓξζαῖὶήόᾧέρεἆθαι.
757 5589 1063 5661 Legendum
1095 5582 1307 5647 videt'ur
1339 5589 1440 5643 οὐκ
1472 5589 1677 5658 ἀποφέ-

1783 4783 2060 4852 phetatum
2109 4779 2277 4835 fuisse
2328 4786 2549 4848 propter
2578 4786 2792 4846 tempus
2831 4774 3121 4845 passionis,
3152 4772 3365 4828 diabolo

1790 4875 1915 4928 totis
1948 4873 2151 4927 viribus
2180 4874 2444 4927 adversus
2483 4886 2605 4925 eum
2629 4869 3023 4935 contendente;
3043 4882 3180 4937 quos
3203 4865 3363 4920 intui-

1786 4974 1874 5020 tus
1907 4968 2192 5020 adversmn
2217 4979 2277 5019 se
2309 4972 2568 5028 armatos,
2595 4972 2759 5031 atque
2783 4962 2851 5016 ad
2873 4975 3105 5030 pugnam
3125 4969 3362 5030 paratos,

1789 5059 2006 5126 quando
2038 5075 2058 5108 ι
2096 5056 2389 5112 astiterunt
2436 5067 2591 5125 reges
2623 5061 2804 5119 terrae,
2846 5061 2903 5107 et
2931 5051 3207 5123 principes
3256 5064 3360 5103 una

818 5248 864 5280 ³³
888 5247 1054 5303 Mare.
1079 5264 1186 5312 xw,
1217 5247 1307 5305 20.
1383 5247 1429 5279 ”
1452 5245 1584 5303 Luc.
1607 5264 1685 5303 xm

1859 5290 1864 5302 .
1943 5248 1987 5280 ³³
2006 5245 2171 5302 Eccli.
2196 5261 2348 5312 xxxi,
2379 5245 2468 5312 17,
2494 5244 2631 5299 alias
2653 5256 2842 5307 xxxnv,
2866 5239 2956 5307 ﬂ,
2984 5239 3067 5294 l7.
3142 5233 3359 5290 “Joan.

1857 5450 1934 5524 (4)
1970 5448 2118 5524 Idem
2151 5447 2574 5524 codexuﬂegius,
2606 5448 2830 5524 δύναται
2857 5444 2933 5515 τῷ
2957 5441 3172 5524 ,Ἰούδςῇ
3251 5511 3262 5522 _

1982 5523 2165 5577 Codex
2224 5511 2575 5585 Bodleiu'nus,
2623 5521 2852 5589 Optime,
2902 5511 3357 5583 irainvlliesi'm.

1784 5595 1947 5654 tnale,
1972 5591 2146 5645 πόλιν.

1855 5651 1944 5734 (6)
1983 5664 2074 5715 Sic
2101 5662 2317 5734 optime
2336 5660 2506 5734 habet
2543 5659 2710 5734 codex
2746 5655 3107 5734 Bodleianus;
3148 5651 3355 5734 Regius

310 5727 497 5792 Φησὶν
555 5728 733 5796 αὐτῷ.
783 5729 962 5787 Codex
1022 5730 1243 5802 Regius,
1299 5730 1467 5801 λέγει,
1511 5732 1676 5804 φησὶν

1859 5722 2269 5808 ieiunﬂpessime,
2296 5730 2413 5808 ἀλλ’
2447 5726 2514 5801 ἧς
2610 5728 2839 5808 δύναμις
2876 5723 3111 5796 ίσχύνειν
3145 5722 3354 5795 ἢθελεν.

126 5801 272 5863 αυτῷ.

1854 5804 1929 5874 (7)
1974 5802 2158 5857 Εἴπω.
2187 5802 2348 5857 Deest
2384 5803 2439 5855 in
2467 5798 2658 5856 codice
2688 5798 2883 5866 Regio.
