3712 6138
357 321 465 377 807

1805 308 2129 368 ORIGENIS

3506 315 3598 368 R08

312 434 319 439 ’
349 439 718 491 convenerunt
750 433 1009 487 adversus
1052 433 1361 495 Dominum,
1389 442 1447 489 et
1483 433 1743 487 adversus
1767 431 1903 486 Chri

2100 445 2126 480 ν
2150 426 2243 480 ἐπὶ
2272 427 2331 480 τὸ
2364 427 2495 481 αὐτὸ
2524 428 2663 482 κατὰ
2697 428 2790 485 τοῦ
2826 429 3163 501 Κυρίουκκαὶ
3188 426 3334 481 κατὰ
3354 428 3451 481 τοῦ
3481 431 3599 503 Χρι-

345 535 489 581 stum
518 524 633 591 ejus
653 524 717 590 ³⁸,
758 544 778 578 ι
809 525 984 594 inquit
1011 525 1055 558 ³⁸
1083 540 1138 577 :t
1177 525 1436 580 Dominus
1470 524 1561 578 lux
1590 539 1731 587 mea,
1756 533 1807 577 et
1835 539 1923 577 sa-

2031 519 2157 572 στοῦ
2184 520 2370 586 αὐτοῦ,
2409 540 2426 572 ι
2463 521 2595 592 φησί
2630 524 2702 593 (8)
2728 539 2740 551 θ
2777 542 2793 572 ι
2828 523 3030 595 Κύριος
3055 520 3335 592 φωτισμὸς
3367 539 3492 593 μου,
3521 526 3597 577 καὶ

348 618 431 672 lus
478 631 598 670 mea
622 656 637 679 ,
665 632 693 668 a
726 632 963 685 quonam
1007 627 1241 671 metuam
1281 617 1305 670 ?
1336 616 1598 672 Dominus
1648 626 1903 686 protector

2100 614 2210 686 ’τήρ
2243 631 2343 684 μου
2375 614 2596 686 Κύριος,
2623 616 2742 668 τίνα
2777 616 3178 687 φοϐηθήσομαι;
3213 616 3421 688 Κύριος
3446 617 3577 688 ὕπερ

344 712 468 765 vitae
511 723 664 772 mete,
687 724 853 776 aquo
895 725 1251 780 expavescam
1275 711 1299 764 ?
1326 711 1459 765 Dum
1488 712 1919 782 appropinquant

342 817 506 870 super
529 816 614 857 me
644 811 921 865 nocentes.
955 812 1013 856 ut
1040 803 1302 858 devorent
1329 819 1521 860 carnes
1548 819 1713 866 meas,
1748 806 1917 860 tribu-

340 894 515 950 lantes
549 909 655 960 me,
680 902 734 949 et
756 894 956 949 inimici
987 895 1114 958 mei,
1139 895 1236 964 ipsi
1271 895 1532 952 inﬁrmati
1566 906 1712 962 sunt,
1746 905 1803 952 et
1826 912 1916 952 ce-

340 983 609 1040 ciderunt.
629 986 684 1039 Si
721 987 890 1046 aciem
913 994 1126 1040 struant
1151 987 1437 1041 adversum
1480 1002 1565 1042 me
1585 997 1786 1053 castra,
1807 1004 1914 1043 non

341 1078 553 1133 timebit
589 1092 687 1132 cor
724 1092 904 1132 meum
932 1094 947 1142 ;
982 1080 1028 1132 si
1070 1078 1316 1148 insurgat
1341 1081 1624 1134 adversum
1659 1096 1744 1136 me
1776 1096 1915 1151 pra:-

337 1170 490 1234 lium,
519 1172 571 1225 in
597 1170 703 1226 hoc
738 1186 839 1242 ego
883 1173 1136 1240 sperabo.
1174 1190 1193 1224 ›
1231 1170 1612 1228 Verumtamen
1642 1175 1785 1242 quod
1827 1174 1916 1229 di-

338 1263 420 1316 xit
445 1261 621 1324 Jesus,
647 1264 762 1318 sive
787 1262 940 1319 Judze
964 1304 979 1330 ,
1020 1264 1138 1319 sive
1184 1264 1405 1320 Satanae
1436 1285 1450 1320 :
1483 1285 1502 1317 ι
1535 1266 1689 1334 Quod
1738 1267 1909 1332 facis,

335 1352 426 1409 fac
452 1355 655 1420 ocius,»
674 1371 834 1413 nemo
859 1361 1076 1439 agnovit
1106 1360 1557 1437 discumbentium
1589 1362 1655 1414 ad
1679 1360 1805 1431 quid
1827 1361 1912 1414 di-

334 1447 513 1512 xerit;
544 1447 761 1518 quidam
785 1450 927 1503 enim
956 1451 1394 1520 putabant,quod
1420 1453 1648 1506 instaret
1666 1449 1908 1507 Pascha-

338 1538 407 1591 tis
440 1538 556 1594 dies
609 1539 801 1604 festus,
831 1538 1016 1595 Jesum
1063 1542 1265 1597 dixisse
1312 1543 1530 1597 habenti
1577 1542 1905 1612 marsupium

332 1647 714 1703 expensarum,
744 1643 798 1690 et
829 1649 1016 1690 eorum
1044 1651 1167 1702 quze
1188 1638 1456 1692 dabantur
1487 1637 1539 1691 in
1587 1652 1742 1692 usum
1775 1652 1909 1706 pau-

2026 704 2298 775 ασπιστὴς
2338 704 2437 774 τῆς
2484 705 2628 777 ζωῆς
2682 722 2806 776 μου,
2851 705 2958 759 ἀπὸ
3000 705 3143 770 τίνος
3183 705 3480 769 δειλιάσωῖ
3520 708 3597 759 Ἐν

2024 792 2101 864 τῷ
2131 793 2366 863 ἐγγίζειν
2399 796 2485 847 ἐπ’
2517 796 2617 866 ἐμὲ
2648 796 2971 860 κακοῦντας,
3000 795 3094 849 τοῦ
3128 800 3326 865 φαγεῖν
3354 796 3456 861 τὰς
3483 799 3597 866 σάρ-

2022 901 2126 948 κας
2155 903 2256 955 μου
2283 926 2299 953 ,
2334 887 2383 940 οἱ
2432 885 2705 951 θλίϐοντες
2749 906 2815 959 με
2834 905 2846 919 ⁸
2881 889 2973 943 καὶ
3003 891 3051 943 οἱ
3081 869 3289 961 ἐχθροῧι
3304 907 3431 959 μου,
3461 891 3598 943 αὐτοὶ

2020 978 2326 1050 ἠσθένησαν
2373 979 2467 1032 καὶ
2516 978 2739 1034 ἔπεσαν.
2791 980 2917 1034 Ἐάν
2951 982 3333 1054 παρατάξηται
3382 983 3471 1035 ἐπ’
3507 984 3595 1053 ἐμὲ

2021 1072 2359 1145 παρεμϐολὴ,
2383 1074 2442 1126 οὐ
2473 1073 2840 1145 φοϐηθήσεται
2875 1077 2908 1146 ἡ
2956 1076 3148 1147 καρδία
3185 1078 3287 1148 μου
3311 1094 3324 1107 ·
3378 1076 3474 1131 ἐὰν
3510 1079 3599 1130 ἐπ-

2019 1169 2221 1237 αναστῇ
2240 1166 2463 1249 ἐπξέμέ·
2478 1166 2734 1249 πρλεμος,
2753 1170 2809 1220 ἐν
2827 1168 2999 1241 ταύτῃ
3025 1169 3133 1239 ἐγὼ
3158 1170 3386 1234 ἐλπίζω.
3422 1190 3440 1222 ι
3460 1170 3597 1240 Πλὴν

2016 1258 2077 1311 τὸ
2110 1238 2641 1331 λεγόμενονὶῖετέτῖξ)
2669 1261 2882 1333 Σατανᾷ
2914 1263 3022 1315 εἴτε
3052 1262 3131 1334 τῷ
3177 1263 3349 1335 Ἰούδᾳ
3384 1264 3490 1317 ὑπὸ
3508 1264 3595 1317 τοῦ

2030 1349 2201 1421 Ἰησοῦ
2226 1392 2240 1416 ,
2274 1353 2364 1405 τό’
2407 1371 2425 1403 t
2456 1355 2521 1406 Ὃ
2568 1358 2776 1419 ποιεῖς,
2828 1357 3052 1428 ποίησον
3094 1358 3284 1429 τάχιον
3312 1398 3327 1423 ,
3372 1377 3392 1410 ι
3432 1358 3597 1421 0:36:21;

2015 1439 2155 1509 ἔγνω
2187 1440 2295 1495 τῶν
2320 1442 2692 1513 ἀνακειμένων
2720 1443 2857 1515 πρὸς
2885 1446 2939 1498 τί
2978 1446 3193 1518 εἴρηται
3217 1464 3231 1477 ο
3261 1448 3313 1500 οἱ
3342 1449 3445 1518 μὲν
3471 1448 3595 1518 γὰρ.

2012 1529 2100 1583 διὰ
2141 1530 2203 1584 τὸ
2228 1532 2536 1586 ἐπικεῖσθαι
2563 1535 2661 1607 τὴν
2692 1535 2785 1588 τοῦ
2820 1537 3011 1607 Πάσχα
3041 1539 3232 1610 ἑορτὴν
3255 1581 3269 1605 ,
3302 1538 3473 1609 ᾤοντο
3517 1540 3595 1593 λέ-

2013 1640 2129 1692 γειν
2152 1624 2313 1679 αὐτὸν
2344 1624 2422 1697 τῷ
2459 1626 2635 1699 ἔχοντι
2660 1628 2719 1682 τὸ
2754 1629 3137 1703 γλωσσόκομον
3168 1632 3277 1686 τῶν
3308 1634 3593 1705 ἀναλωμά-

332 1743 548 1796 perum,
577 1736 638 1782 ut
672 1737 879 1783 emeret
908 1743 973 1783 ea
1003 1727 1198 1798 quibus
1220 1744 1353 1799 opus
1379 1730 1641 1785 haberent
1663 1730 1731 1785 ad
1761 1730 1902 1784 diem

2100 1734 2140 1782 ν,
2168 1718 2262 1771 καὶ
2286 1717 2394 1771 τῶν
2420 1721 2500 1783 εἰς
2512 1720 2642 1793 ἀτὴν.
2660 1722 2849 1792 χρείαν
2876 1723 2985 1778 τῶν
3018 1726 3247 1796 πτωχῶν
3279 1726 3590 1797 διδομένων,

332 1795 573 1885 l‘estum;
607 1818 691 1874 vel
720 1827 781 1874 ut
825 1833 892 1874 ex
937 1795 1164 1890 hisquaa
1204 1795 1427 1876 collecta
1470 1820 1700 1886 fuerant,
1752 1821 1903 1876 daret

2100 1824 2108 1837 ’
2154 1809 2366 1881 Ὦνήσει
2399 1809 2470 1881 (9)
2502 1804 2657 1876 οὗτος
2696 1806 2772 1867 ὧν
2804 1814 3075 1887 χρῄζομεν
3223 1817 3321 1888 τὴν
3365 1795 3586 1889 ἑορτήν·

330 1911 677 1981 pauperibus.
697 1913 768 1967 At
795 1911 952 1968 Jesus
978 1928 1084 1967 non
1118 1914 1219 1969 hoc
1246 1913 1496 1980 dixerat;
1521 1914 1614 1969 sed
1642 1914 1830 1969 videns
1854 1921 1909 1968 et

333 2001 591 2056 Satanam
650 2004 981 2072 ingressum,
1010 2012 1067 2059 et
1103 2003 1295 2059 Judam
1343 2006 1719 2061 admittentem
1756 2022 1903 2073 eum,

328 2109 628 2163 omnesque
666 2096 925 2150 adversus
951 2109 1009 2150 se
1036 2096 1282 2161 insidias,
1313 2098 1380 2152 ad
1432 2107 1706 2152 certamen
1739 2098 1904 2152 veluti

327 2194 548 2247 exutus,
573 2192 628 2237 et
653 2183 722 2237 ad
748 2193 968 2239 strenue
1002 2200 1062 2241 se
1085 2186 1378 2254 gerendum
1414 2201 1512 2254 pro
1538 2186 1710 2241 salute
1734 2186 1907 2240 homi-

330 2288 458 2326 num
491 2274 776 2328 adversum
805 2275 1028 2340 malum,
1053 2276 1106 2329 id
1144 2285 1230 2331 est
1254 2275 1549 2341 diabolum,
1584 2276 1687 2333 hoc
1719 2277 1858 2332 dixit
1888 2299 1901 2334 :

331 2380 355 2416 ι
384 2362 538 2431 Quod
567 2365 725 2432 facis,
749 2364 838 2421 fac
863 2366 1036 2422 ocius.
1069 2385 1090 2419 ι

393 2548 485 2606 16.
522 2568 541 2601 t
566 2548 698 2605 Cum
722 2549 1023 2620 accepisset
1049 2564 1180 2620 ergo
1203 2549 1291 2605 ille
1319 2547 1559 2616 offulam,
1584 2549 1749 2605 exivit
1773 2563 1903 2604 con-

324 2642 510 2696 tinuo:
550 2651 669 2698 erat
698 2651 880 2696 autem
914 2658 1023 2697 nox
1051 2644 1118 2697 ⁸ο.
1160 2663 1181 2696 ι
1215 2642 1435 2697 Dixerat
1457 2641 1672 2712 quidem
1701 2641 1900 2698 Serva-

325 2745 410 2788 tor
433 2724 583 2789 Iudae
618 2750 635 2791 :
668 2751 689 2786 ι
741 2733 893 2800 Quod
928 2735 1083 2800 facis,
1131 2734 1220 2790 fac
1267 2735 1460 2800 ocius;
1499 2752 1520 2786 ι
1568 2745 1626 2788 at
1659 2732 1900 2803 proditor

319 2824 424 2880 hac
459 2840 563 2878 una
597 2826 648 2880 in
693 2840 753 2880 re
791 2824 1046 2894 Magistro
1080 2840 1224 2880 nunc
1259 2836 1447 2895 paret;
1481 2836 1693 2895 sumpta
1740 2840 1897 2879 nam-

318 2931 426 2984 que
453 2914 613 2971 oﬂ'ula
637 2932 745 2972 non
779 2928 1045 2982 moratur,
1078 2920 1195 2982 sed,
1227 2926 1287 2970 ut
1312 2918 1570 2985 scriptum
1595 2926 1699 2981 est,
1726 2936 1745 2968 ι
1776 2917 1898 2971 exi-

319 3011 401 3064 vit
418 3013 701 3077 continuo,
722 3031 742 3064 ι
765 3021 823 3066 ut
847 3011 1050 3065 faceret
1065 3013 1221 3066 ocius
1245 3010 1565 3080 proditionis
1590 3025 1725 3080 opus
1741 3010 1895 3078 juxta

315 3103 612 3173 )nssionem
650 3102 821 3170 Jesu;
853 3112 907 3157 et
944 3117 1070 3156 vere
1120 3104 1330 3166 exivit;
1364 3118 1463 3158 nec
1501 3103 1645 3157 enim
1685 3112 1891 3156 tantum

313 3196 466 3266 juxta
508 3196 893 3267 simpliciorem
949 3212 1166 3252 sensum
1202 3196 1371 3251 exivit
1408 3211 1474 3250 ex
1512 3195 1673 3251 domo
1706 3196 1757 3250 in
1785 3210 1889 3265 qua

318 3303 471 3343 caena
504 3288 688 3353 ﬁebat,
713 3289 807 3344 sed
853 3289 1016 3343 etiam
1057 3290 1279 3345 omnino
1309 3288 1480 3342 exivit
1508 3304 1538 3342 a
1577 3286 1744 3353 Jesu;
1780 3304 1889 3342 non

314 3394 476 3434 secus
500 3388 664 3448 atque
688 3378 815 3432 illud
849 3397 865 3434 :
898 3398 916 3431 ‹
958 3380 1221 3435 Exierunt
1249 3396 1280 3433 a
1309 3378 1576 3435 nobis“.i
1615 3380 1892 3434 Arbitror-

316 3485 425 3541 que
476 3470 732 3525 Satanam
774 3471 827 3525 in
862 3469 1055 3525 Judam
1100 3471 1406 3541 ingressum
1463 3480 1586 3540 post
1625 3470 1845 3525 offulam
1871 3510 1886 3535 ,

317 3563 464 3618 ferre
496 3579 599 3618 non
627 3564 869 3633 potuisse
893 3574 949 3617 ut
976 3571 1119 3618 esset
1143 3564 1194 3617 in
1223 3567 1411 3619 eodem
1434 3563 1553 3619 loco
1580 3577 1700 3617 cum
1725 3561 1885 3627 Jesu;

314 3671 490 3726 neque
533 3657 676 3711 enim
719 3656 824 3710 ulla
871 3657 1252 3712 convenientia
1300 3667 1384 3711 est
1415 3656 1634 3712 Christo
1685 3656 1750 3708 ad
1786 3654 1890 3709 Be-

316 3748 500 3802 liar".
536 3748 729 3815 Quaero
760 3748 998 3813 insuper,
1026 3748 1128 3802 nisi
1160 3748 1212 3802 id
1259 3748 1534 3802 curiOsum
1582 3756 1686 3807 est,
1720 3759 1890 3815 quare

318 3840 533 3894 tandem
563 3840 684 3894 huic
710 3841 831 3895 voci
862 3857 876 3894 :
915 3856 936 3890 ι
962 3840 1096 3894 Cum
1127 3839 1430 3908 accepisset
1464 3838 1704 3903 offulam,
1738 3859 1756 3891 ι
1784 3856 1888 3893 non

315 3926 567 3995 addatur,
599 3941 648 3986 et
679 3934 1024 3997 comedisset;
1055 3933 1152 3986 sed
1179 3931 1436 4000 inspicies
1472 3932 1634 3987 etiam
1659 3941 1711 3986 tu
1746 3932 1887 4001 ipse;

318 4025 442 4079 huic
466 4026 609 4078 enim
648 4025 814 4079 verbo
841 4025 1154 4092 accipiendi,
1186 4023 1491 4079 comedendi
1532 4026 1754 4078 verbum
1789 4025 1880 4076 ad-

2008 1897 2079 1969 ἢ,
2120 1899 2212 1952 Ἐκ
2243 1898 2351 1952 τῶν
2403 1902 2772 1972 συναχθέντων
2803 1906 2889 1970 δὸς
2918 1910 3030 1971 τοῖς
3077 1912 3336 1979 πτωχοῖς.
3382 1912 3440 1962 ’0
3486 1911 3591 1983 γάρ

2021 1989 2224 2061 Ἰησοῦς
2254 1992 2315 2045 οὐ
2341 1992 2500 2047 τοῦτο
2527 1994 2709 2064 ἔλεγεν
2734 2013 2748 2026 ·
2780 1997 2914 2051 ἀλλὰ
2944 1998 3154 2070 βλέπων
3186 2002 3281 2054 καὶ
3309 2002 3403 2057 τὸν
3426 2004 3591 2056 εἰσελ-

2007 2081 2189 2143 θόντα,
2221 2086 2315 2138 καὶ
2339 2084 2428 2138 τὸν
2473 2087 2914 2160 παραδεξάμενον
2947 2091 3127 2156 αὐτὸν,
3154 2092 3250 2147 καὶ
3283 2096 3466 2149 πᾶσαν
3498 2096 3588 2167 τὴν

2006 2171 2130 2225 καθ’
2180 2173 2344 2227 αὐτοῦ
2392 2174 2713 2249 ἐπιϐουλὴν,
2760 2179 2852 2232 ἐπὶ
2912 2181 3005 2236 τὸν
3062 2182 3248 2251 ἀγῶνα
3291 2186 3589 2257 ἀποδυόμε-

2005 2276 2130 2327 νος,
2168 2263 2260 2314 καὶ
2311 2264 2402 2317 ἐπὶ
2430 2265 2492 2319 τὸ
2538 2267 2860 2338 ἀριστεῦσαι
2892 2270 3032 2343 ὑπὲρ
3073 2274 3354 2346 σωτηρίας
3391 2276 3588 2349 ἀνθρώ.

2005 2370 2122 2407 πων
2144 2355 2286 2409 κατὰ
2312 2356 2405 2410 τοῦ
2438 2359 2695 2432 πονηροῦ,
2726 2357 2846 2416 εἷπε
2877 2364 2938 2417 τό
2961 2382 2973 2394 ·
3012 2384 3031 2416 ς
3048 2367 3112 2419 Ὃ
3135 2371 3333 2433 ποιεῖς,
3366 2371 3587 2442 ποίησον

2002 2447 2212 2519 τάχιον.
2262 2468 2282 2501 ι

2085 2535 2172 2590 16.
2205 2556 2224 2588 t
2258 2538 2452 2594 Λαϐὼν
2485 2538 2578 2597 οὗν
2610 2543 2672 2597 τὸ
2707 2543 2916 2616 ψωμίον
2954 2548 3187 2612 ἐκεῖνος,
3224 2551 3449 2621 ἐξῆλθεν
3495 2557 3579 2608 εὐ-

2014 2624 2127 2689 θύς·
2154 2623 2220 2698 ἦν
2248 2628 2305 2682 δὲ
2336 2629 2450 2697 νύξ.
2488 2652 2507 2684 ι
2547 2633 2607 2686 '0
2638 2635 2735 2704 μὲν
2766 2635 2952 2707 Σωτὴρ
2980 2637 3162 2707 ἔλεγεν
3181 2657 3193 2669 ο
3229 2658 3248 2689 ‹
3291 2644 3356 2693 Ὃ
3385 2649 3574 2710 ποιεῖς,

2010 2717 2231 2786 ποίησον
2264 2719 2446 2791 τάχιον
2463 2761 2480 2789 ,
2520 2740 2541 2774 ι
2574 2723 2651 2794 τῷ
2674 2723 2872 2797 Ἰούδᾳο
2902 2730 2930 2779 6
2954 2727 3010 2779 δὲ
3035 2729 3299 2801 προδότης
3322 2734 3381 2785 ἐν
3407 2736 3579 2806 τούτῳ

2002 2816 2150 2887 μόνῳ
2179 2816 2272 2869 ἐπὶ
2296 2816 2373 2887 τῷ
2399 2817 2712 2890 Διδασκάλῳ
2736 2820 2996 2874 πείθεται·
3034 2821 3212 2876 λαϐὼν
3246 2823 3359 2894 γάρ
3387 2824 3450 2876 τὸ
3475 2825 3587 2893 ψω-

2001 2910 2125 2980 μίον
2158 2910 2258 2964 οὐκ
2297 2911 2591 2984 ἐμέλλησεν
2610 2953 2625 2978 ,
2651 2913 2760 2967 οὐδ’
2788 2913 3097 2986 ἐϐράδυνεν,
3129 2916 3246 2969 ἀλλ’
3276 2917 3354 2980 ὡς
3374 2917 3583 2990 γέγρα-

1997 3019 2153 3067 πται,
2177 3004 2397 3076 ἐξῆλθεν
2423 3005 2583 3069 εὐθὺς
2604 3006 2827 3076 ποιῆσαι
2854 3006 3037 3078 τάχιον
3058 3007 3201 3061 κατὰ
3222 3008 3323 3081 τὴν
3349 3009 3585 3081 πρόστα-

1999 3092 2079 3159 ξιν
2107 3095 2198 3148 τοῦ
2234 3096 2408 3167 Ἰησοῦ
2435 3096 2496 3150 τὸ
2527 3096 2626 3166 τῆς
2670 3097 2958 3168 προδοσίας
2993 3099 3180 3169 ἔργον*
3229 3102 3328 3154 καὶ
3368 3101 3586 3172 άληθῶς

1997 3186 2219 3258 ἐξῆλθεν
2240 3206 2253 3217 °
2283 3190 2345 3242 ού
2389 3188 2498 3260 γὰρ
2529 3188 2689 3259 μόνον
2716 3188 2856 3243 κατὰ
2886 3188 2948 3243 τὸ
2980 3190 3353 3264 ἁπλούστερον
3386 3192 3582 3262 ἐξῆλθε

1993 3280 2086 3333 τοῦ
2112 3280 2280 3346 οἴκου,
2311 3283 2368 3334 ἐν
2410 3275 2455 3350 ᾧ
2484 3281 2545 3334 τὸ
2594 3282 2808 3336 δεῖπνον
2835 3283 3062 3352 ἐγίνετο,
3105 3284 3241 3338 ἀλλὰ
3281 3286 3376 3339 καὶ
3399 3286 3586 3342 τέλεον

1993 3371 2212 3443 ἐξῆλθεν
2248 3372 2354 3427 ἀπὸ
2378 3373 2472 3427 τοῦ
2518 3373 2715 3446 Ἰησοῦ,
2747 3375 3005 3443 ἀνάλογον
3032 3376 3109 3447 τῷ
3133 3393 3146 3406 ⁸
3177 3396 3195 3428 ι
3238 3377 3497 3448 Ἐξῆλθον
3526 3379 3585 3446 ἐξ

1992 3468 2165 3540 ἡμῶν.
2202 3487 2221 3519 ι
2268 3466 2409 3537 Ἐγὼ
2440 3469 2486 3521 δ’
2528 3465 2703 3540 οἶμαι,
2733 3471 2814 3523 ὅτι
2842 3470 2963 3524 οὐδὲ
3003 3471 3032 3522 6
3061 3471 3318 3525 εἰσελθὼν
3346 3472 3495 3544 μετὰ
3524 3474 3585 3526 τὸ

1990 3559 2204 3631 ψωμίον
2230 3561 2310 3623 είς
2334 3560 2427 3613 τὸν
2465 3560 2665 3615 Ἰούδαν
2696 3562 2939 3625 Σατανᾶς
2972 3561 3166 3632 ἐχώρει
3191 3564 3380 3635 φέρειν
3403 3565 3472 3617 τὸ
3505 3560 3584 3617 εἷ-

1992 3670 2080 3706 ναι
2104 3655 2160 3706 ἐν
2180 3652 2258 3725 τῷ
2300 3652 2447 3724 αὐτῷ
2471 3653 2623 3724 τόπῳ
2657 3654 2792 3726 μετὰ
2827 3654 2919 3708 τοῦ
2961 3655 3134 3727 Ἰησοῦ
3162 3673 3174 3686 ⁸
3213 3656 3444 3727 οὐδεμία
3473 3657 3584 3729 γὰρ

1993 3744 2348 3816 συμφώνησις
2390 3745 2628 3817 Χριστοῦ
2680 3746 2813 3818 πρὸς
2857 3747 3051 3819 Βελίαρ
3085 3748 3250 3801 ἐστίν.
3287 3750 3354 3801 Εἰ
3394 3749 3459 3803 δὲ
3507 3751 3581 3821 μὴ

1993 3836 2299 3908 περιέργως
2323 3835 2491 3906 ζητῶ,
2522 3837 2575 3890 τί
2609 3836 2807 3908 δήποτε
2833 3838 2893 3892 ού
2918 3840 3236 3909 πρόσκειται
3259 3838 3338 3910 τῷ
3361 3858 3374 3870 ’
3405 3861 3429 3892 ι
3473 3846 3579 3896 Λα-

1994 3927 2103 3981 ϐὼν
2134 3928 2196 3982 τὺ
2227 3929 2460 3999 ψωμίον,
2494 3947 2512 3980 ι
2548 3929 2649 3983 καὶ
2677 3930 2903 4001 φαγὼν,
2927 3931 3021 3984 καὶ
3041 3932 3201 3995 αὐτὸς
3228 3934 3578 4005 ἐπιστήσεις·

1992 4019 2125 4073 ὅπου
2156 4019 2263 4089 γάρ
2293 4019 2560 4089 βούλεται,
2591 4022 2913 4092 προστίθησι
2953 4023 3047 4075 καὶ
3078 4021 3139 4074 τὸ
3175 4023 3392 4092 φαγεῖν
3426 4028 3459 4077 6
3497 4025 3581 4077 λὸ-

302 4112 447 4169 ἰιυιιι
475 4116 839 4186 evangelista,
871 4131 994 4170 cum
1028 4116 1250 4182 volunt;
1278 4114 1446 4168 veluti
1475 4116 1526 4168 in
1549 4113 1714 4188 444
1738 4117 1890 4184 panis

2118 4110 2194 4183 τῷ
2235 4111 2443 4165 λαϐεῖν
2466 4126 2480 4142 ο
2509 4111 2698 4185 ὥσπερ
2740 4114 2832 4165 ἐπὶ
2864 4113 2964 4182 τῆς
2998 4113 3088 4167 τοῦ
3119 4113 3282 4186 ἄρτου
3319 4116 3581 4186 εὐλογίας

317 4203 695 4256 benedictione
734 4205 991 4272 scriptum
1020 4214 1102 4257 est
1127 4204 1328 4259 dixisse
1354 4202 1536 4259 Jesum
1578 4205 1886 4275 discipulis:

2100 4220 2329 4275 ραπται,
2363 4203 2445 4257 ὅτι
2470 4199 2592 4257 εἷπε
2635 4205 2747 4267 τοῖς
2780 4203 3048 4276 μαθηταῖς
3075 4205 3103 4256 6
3142 4204 3381 4275 Ἰησοῦς⁵
3419 4225 3439 4256 ι
3470 4208 3578 4261 Λά-

317 4312 336 4343 σ
370 4292 636 4362 Accipite,
661 4296 931 4349 comedite
962 4295 1029 4347 ⁸⁸.
1064 4315 1084 4348 ι
1116 4299 1228 4365 Age
1271 4296 1453 4366 igitur,
1498 4310 1567 4349 an
1607 4307 1886 4366 acceptam

2100 4313 2134 4358 :,
2166 4296 2389 4365 φάγετε.
2432 4314 2451 4347 ι
2489 4291 2617 4366 τΑρ’
2647 4293 2739 4349 οὖν
2766 4295 2947 4349 λαϐὼν
2974 4296 3034 4349 τὸ
3065 4295 3278 4366 ψωμίον
3305 4296 3409 4349 οὐκ
3439 4296 3578 4364 ἔφα-

311 4385 527 4441 oﬂ‘ulam
565 4402 672 4442 non
711 4387 1009 4442 comederit
1041 4385 1209 4442 Judas
1241 4386 1490 4461 (etiamsi
1525 4389 1769 4457 quaedam
1795 4402 1882 4444 eo-

2110 4390 2138 4441 6
2166 4386 2400 4453 Ἰούδας;
2433 4387 2566 4458 φέρε
2593 4382 2705 4451 οὖν,
2742 4387 2790 4439 εἰ
2818 4386 2910 4439 καὶ
2946 4386 3020 4458 μὴ
3052 4387 3296 4458 συνᾴδειν
3330 4387 3457 4441 τινὰ
3487 4389 3578 4442 δύο

312 4495 431 4532 rum
452 4494 571 4549 quae
587 4477 784 4532 dicturi
802 4493 1008 4546 sumus,
1029 4479 1319 4533 convenire
1338 4493 1443 4532 non
1462 4478 1742 4533 videantur
1763 4495 1884 4533 cum

2100 4479 2205 4532 τῶν
2228 4478 2639 4550 λεχθησομένων
2665 4481 2779 4542 τοῖς
2813 4479 3251 4551 προειρημένοις,
3276 4482 3577 4550 γυμνάσω-

312 4571 730 4641 superioribus),
766 4569 1176 4640 explanabimus
1206 4570 1259 4623 in
1302 4571 1551 4638 pmscnti
1577 4569 1714 4633 loco,
1744 4570 1886 4637 judi—

2118 4569 2185 4623 τὰ
2217 4569 2357 4623 κατὰ
2387 4569 2477 4623 τὸν
2511 4569 2696 4634 τόπον,
2731 4569 3041 4641 κρινοῦντος
3063 4570 3158 4624 τοῦ
3182 4572 3575 4644 ἐντευξομένου

312 4671 473 4717 caute
502 4661 708 4718 lecturo
731 4674 913 4718 utrum
960 4671 1208 4733 oporteat
1237 4662 1523 4717 admittere
1553 4677 1674 4730 qua:
1701 4662 1884 4717 dit-en-

2100 4681 2246 4735 τερον
2291 4664 2429 4735 (10)
2464 4664 2571 4736 χρὴ
2612 4663 3018 4735 παραδέξασθαι
3064 4665 3174 4718 τῶν
3233 4665 3574 4737 λεγομένων.

312 4764 418 4812 tur.
457 4774 477 4808 ‹
522 4755 657 4811 Cum
689 4757 1014 4823 intinxisset,
1049 4774 1067 4806 ι
1104 4755 1294 4822 inquit,
1321 4753 1519 4809 Jesust
1543 4752 1879 4818 oll‘ulam“,r

2102 4755 2262 4825 ἅψας,
2318 4756 2471 4828 φησὶ,
2543 4754 2604 4808 τὸ
2653 4755 2867 4826 ψωμίον
2913 4776 2932 4808 ›
2973 4758 3001 4810 6
3057 4756 3301 4828 Ἰησοῦς,
3353 4759 3454 4811 καὶ
3486 4759 3576 4830 δῆ-

310 4858 366 4904 et
391 4848 687 4903 dimisisset
736 4862 879 4910 eam.
929 4848 1139 4903 scilicet
1192 4848 1244 4902 in
1279 4847 1483 4913 catino,
1538 4847 1738 4916 accipit
1782 4848 1884 4917 (sic

2133 4846 2235 4909 ὅτι,
2254 4847 2419 4910 ἐάσας
2440 4846 2572 4900 αὐτὸ
2598 4847 2655 4899 ἐν
2683 4845 2761 4917 τῷ
2782 4845 3035 4918 τρυϐλίῳ,
3062 4845 3331 4918 λαμϐάνει
3352 4865 3366 4877 '
3405 4849 3576 4919 (οὕτω

308 4938 455 4994 enim
504 4938 770 5010 intelliges
802 4938 951 5004 illud,
983 4957 1002 4991 ι
1032 4953 1154 4993 cum
1193 4956 1212 4989 ι
1246 4952 1376 5008 ergo
1406 4956 1427 4990 ι
1471 4937 1778 4993 intinxisset
1799 4938 1881 4993 of-

308 5031 497 5099 fulam,
528 5050 547 5083 ι
587 5045 653 5085 ne
690 5031 954 5085 redundet
982 5045 1084 5084 vox
1126 5027 1378 5100 accipit);
1413 5029 1606 5084 deinde
1644 5030 1878 5084 dicitur:

311 5140 329 5170 ε
370 5122 472 5174 Dat
505 5120 656 5176 Judaa
686 5120 893 5174 Simoni
924 5119 1210 5183 lscariotaz,
1245 5130 1298 5175 et
1330 5132 1449 5187 post
1483 5119 1723 5183 ollulam,
1754 5130 1879 5175 tunc

305 5212 585 5281 ingressus
619 5220 702 5266 est
728 5210 780 5264 in
812 5210 964 5265 illum
1011 5200 1264 5266 Satanas.
1310 5230 1331 5262 ι
1362 5210 1490 5266 Post
1519 5211 1740 5267 ollulam
1777 5214 1877 5283 igi-

306 5314 412 5368 tur,
436 5302 670 5359 fortasse
693 5317 724 5356 a
746 5300 884 5358 Juda
909 5318 1015 5358 non
1051 5313 1374 5369 comestam,
1412 5304 1746 5375 anticipante
1776 5303 1877 5358 Sa-

408 5445 607 5502 ”Psal.
647 5460 710 5509 tt,
760 5446 816 5499 ‘2.
922 5445 966 5478 ”
995 5443 1138 5502 Psal.
1204 5461 1353 5505 xxvr.
1383 5444 1498 5500 1-5.

305 5519 567 5580 xxvr,26.
645 5516 692 5548 “
716 5514 872 5570 Joan.
925 5531 1025 5581 xu,
1087 5513 1184 5570 ⁷26.

308 5636 455 5758 "r92
504 5636 646 5690 Idem
701 5639 870 5693 codex
924 5636 1129 5709 Regius
1187 5653 1287 5707 pro
1336 5638 1469 5709 φησί
1533 5637 1697 5722 habet
1751 5638 1869 5707 καί,

378 5772 451 5843 t9)
474 5775 615 5829 Idem
643 5777 810 5835 codex
842 5778 1061 5851 Regius,
1094 5779 1301 5851 ὠνήσῃ-

1594 5445 1639 5478 ⁸⁰
1670 5443 1828 5503 Joan.
1855 5450 2068 5516 xttt,’50.

1987 4939 2097 5011 γὰρ
2136 4941 2350 5011 νοήσεις
2384 4940 2478 4993 τό’
2517 4961 2535 4992 t
2578 4940 2764 5011 Βάψας
2831 4936 2924 4995 οὖν
2979 4940 3042 4994 τὸ
3087 4940 3332 5013 ψωμίον,
3400 4962 3423 4995 ι
3491 4945 3573 4998 ἴνα

1990 5033 2066 5104 μὴ
2094 5032 2342 5105 παρέλκῃ
2366 5032 2446 5095 τὸ,
2464 5033 2672 5089 λαϐεῖν
2689 5034 2728 5103 ο)
2762 5029 2884 5087 εἶτα
2907 5033 3145 5103 λέγεται,
3167 5034 3251 5087 ὅτι
3283 5052 3303 5084 ι
3340 5034 3570 5088 Δίδωσιν

2000 5109 2405 5196 Ἰούδα-Σίμωνι
2449 5125 2769 5197 Ἰσκαριώτῃ
2799 5126 2933 5197 (il),
2961 5127 3056 5179 καὶ
3088 5126 3229 5197 μετὰ
3258 5126 3322 5178 τὸ
3353 5126 3568 5197 ψωμίον

1984 5214 2108 5267 τότε
2131 5215 2377 5285 εἰσῆλθεν
2404 5217 2485 5287 είς
2515 5217 2722 5271 ἐκεῖνον
2749 5218 2778 5269 6
2807 5217 3072 5282 Σατανᾶς.
3112 5237 3130 5270 ι
3164 5216 3322 5273 Μετὰ
3354 5218 3418 5271 τὸ
3450 5218 3564 5287 ψω-

1989 5307 2109 5378 μίον
2137 5303 2229 5362 οὖν
2257 5306 2401 5379 τάχα
2431 5306 2504 5379 μὴ
2531 5308 2741 5381 βρωθὲν
2769 5309 2874 5363 ὑπὸ
2903 5308 2997 5367 τοῦ
3040 5308 3224 5374 Ἰούδα,
3260 5310 3561 5382 προλαϐόνς-

2163 5451 2205 5482 ’δί
2245 5451 2263 5505 l
2301 5451 2454 5506 Joan.
2486 5449 2650 5516 ".19.
2718 5449 2763 5481 "
2787 5449 2824 5503 ll
2859 5448 2986 5503 Cor.
3019 5465 3099 5513 vr,
3129 5447 3213 5503 lii.
3292 5448 3340 5481 “
3364 5447 3557 5505 Hauh.

2054 5640 2099 5719 (ᾖ
2113 5639 2166 5719 θ)
2192 5597 2377 5719 Codex
2420 5638 2641 5719 Regius.
2671 5636 2924 5719 δπότερα.
3103 5707 3141 5719 η
3330 5702 3344 5719 ο

2052 5707 2164 5783 (Η)
2191 5713 2333 5767 Idem
2370 5707 2541 5766 codex
2573 5710 2794 5781 Regius,
2824 5708 3065 5779 Σίμωνος
3103 5707 3484 5775 Ἰσκαριώτου.
