3712 6138
77 350 169 411 ευρ

1045 345 1399 403 COMMENT.
1442 342 1508 400 IN
1534 341 1741 398 -JO:\N.
1784 342 2019 403 TOMUS
2059 345 2275 402 XXXII.

3204 343 3309 401 8l0

66 485 149 533 ea;
172 465 265 521 τοῦ
295 462 625 526 εἰσελθόντος
659 464 739 527 είς
768 462 861 517 τὸν
902 462 1103 519 Ἰούδαν
1134 464 1349 519 Σατανᾶ
1377 462 1475 534 τὴν
1503 461 1606 533 χρῆ

1768 476 1889 526 ana,
1924 464 2015 533 qui
2050 463 2330 533 ingressus
2358 461 2536 518 fuerat
2573 464 2626 519 in
2668 461 2885 526 ludam.
2914 462 3092 520 oﬂ‘ula':
3128 481 3308 528 usum.

64 577 139 613 σιν
161 555 252 610 τοῦ
282 552 532 624 ψωμίου,
568 554 655 607 ἵνα
686 554 762 625 μὴ
811 553 998 625 δνηται
1048 556 1077 608 6
1122 555 1323 619 Ἰούδας
1370 556 1469 626 τῆς
1521 555 1629 608 ἀπὸ

63 647 145 703 τοῦ
182 644 354 719 Ἰησοῦ
381 645 580 709 δόσεως
620 644 717 698 τοῦ
764 645 980 717 ψωμίου
1002 664 1015 676 ·
1042 646 1103 699 τὸ
1130 647 1229 717 μὲν
1265 645 1375 719 γάρ
1395 642 1509 718 εἶχε
1534 646 1627 701 δύ-

62 761 208 814 ναμιν
235 738 580 811 ὠφελητικὴν
603 738 683 811 τῷ
710 739 1034 811 χρησομένῳ
1053 756 1067 770 ·
1093 740 1122 793 6
1164 740 1242 804 δέ,
1274 740 1421 808 ἅπαξ
1453 739 1629 812 βαλὼν

62 832 206 887 αἱ)τοῦ
232 834 309 896 εἰς
338 832 437 902 τὴν
469 830 699 903 καρδίαν
720 873 735 897 ,
776 831 864 884 ἵνα
893 831 1119 903 παραδῷ
1148 832 1240 886 τὸν
1285 831 1624 899 διδάσκαλον,

62 925 368 996 φοϐούμενος
404 922 480 995 μὴ
502 922 565 976 τὸ
596 920 928 993 βεϐλημένον
962 922 1173 995 ἐκπέσῃ
1210 923 1303 978 τοῦ
1334 923 1628 995 βληθέντος

61 1019 137 1070 διὰ
166 1019 256 1089 τῆς
283 1016 376 1070 τοῦ
407 1014 622 1087 ψωμίου
653 1018 937 1089 χρήσεως,
965 1015 1252 1088 προλαϐὼν
1286 1017 1403 1090 ἅμα
1427 1017 1505 1091 τῷ
1527 1018 1625 1073 λα-

61 1110 159 1162 ϐεῖν
184 1107 271 1162 τὸν
308 1107 521 1173 Ἰούδαν,
534 1107 593 1160 τὸ
625 1105 859 1178 ψωμίον,
890 1107 1140 1178 εἰσῆλθεν
1180 1111 1261 1173 είς
1307 1110 1501 1176 αὑτὸν,
1536 1111 1626 1164 ὅτε

62 1202 143 1254 καὶ
167 1199 448 1272 εἰρημένου
475 1197 571 1252 τοῦ
594 1215 607 1228 ·
643 1216 662 1249 t
680 1200 744 1253 ’Ὀ
774 1202 969 1263 ποιεῖς,
997 1200 1221 1273 ποίησον
1249 1201 1456 1272 τάχιον,
1483 1221 1502 1255 ι
1538 1202 1627 1256 λα-

61 1293 155 1345 ϐὼν
186 1292 242 1346 τὸ
278 1290 490 1362 ψωμίον
533 1290 768 1354 Ἰούδας,
805 1289 1029 1361 ἐξῆλθεν
1072 1290 1254 1355 εὐθύς.
1300 1292 1415 1345 Καὶ
1454 1291 1627 1357 οὕτως

60 1386 97 1438 δ’
122 1385 182 1439 ἂν
205 1384 303 1437 οὐκ
332 1383 616 1447 ἀπιθάνως
644 1385 725 1447 είς
752 1384 844 1438 τὸν
875 1384 1039 1439 τόπον
1086 1385 1299 1455 λέγοιτο
1320 1426 1336 1452 ,
1382 1385 1571 1459 ὥσπερ
1597 1390 1626 1441 6

60 1477 272 1543 ἀναξίως
295 1476 491 1531 ἐσθίων
514 1475 607 1529 τὸν
629 1477 792 1548 ἄρτον
819 1476 914 1531 τοῦ
945 1476 1171 1550 Κυρίου,
1196 1477 1228 1549 ἢ
1264 1478 1432 1534 πίνων
1458 1480 1624 1535 αὑτοῦ

61 1570 113 1625 τὸ
141 1571 409 1642 ποτήριον,
438 1570 519 1634 είς
541 1572 717 1641 κρῖμα
745 1569 938 1634 ἐσθίει,
968 1571 1066 1624 καὶ
1093 1570 1258 1636 πίνει,
1285 1572 1385 1644 τῆς
1412 1576 1541 1645 μιᾶς
1565 1575 1623 1628 ἐν

61 1662 126 1733 τῷ
150 1664 288 1735 ἄρτῳ
330 1661 644 1731 κρείττονος
671 1660 984 1731 δυνάμεως,
1024 1664 1116 1717 καὶ
1146 1667 1204 1718 ἐν
1235 1666 1313 1739 τῷ
1354 1670 1620 1742 ποτηρίῳ,

61 1754 366 1827 ὑποκειμένῃ
405 1756 502 1826 μὲν
529 1753 767 1810 διαθέσει
798 1755 1069 1826 κρείττονι
1102 1758 1535 1835 ἐνεργαζομένης
1560 1764 1622 1816 τὸ

62 1822 279 1917 βέλτιον,
310 1822 518 1920 χείρονι
568 1847 625 1901 δὲ
670 1822 1007 1919 ἐμποιούσης
1043 1849 1105 1903 τὸ
1151 1822 1326 1923 κρέμσὶ
1348 1822 1536 1909 ’,οὕτω
1561 1857 1624 1911 τὸ
1652 1822 1695 1876 Β

60 1941 153 1993 ἀπὸ
189 1940 278 1994 τοῦ
313 1941 492 2013 Ἰησοῦ
520 1942 732 2015 ψωμίον
772 1945 1029 2014 ὁμογενὲς
1059 1940 1126 2016 ἦν
1150 1944 1230 2016 τῷ
1274 1946 1478 2002 δοθέντι
1508 1948 1621 2021 (12)

60 2035 267 2098 καὶτοῖς
302 2033 513 2100 λοιποῖς
543 2035 860 2100 ἀποστόλοις
887 2075 901 2100 ,
934 2037 993 2090 ἐν
1014 2038 1093 2109 τῷ
1116 2056 1129 2070 ο
1171 2060 1190 2092 ι
1232 2040 1443 2095 Λάϐετε
1468 2082 1484 2106 ,
1520 2043 1622 2113 φά-

59 2143 166 2194 γετε
189 2144 202 2157 ’
245 2145 262 2177 ι
295 2126 406 2181 ἀλλ’
438 2127 666 2191 ἐκείνοις
691 2127 789 2198 μὲν
819 2128 899 2191 εἰς
926 2129 1221 2201 σωτηρίαν,
1253 2130 1332 2203 τῷ
1352 2132 1410 2187 δὲ
1451 2133 1623 2207 Ἰούδᾳ

60 2222 128 2283 εἰς
152 2220 334 2290 κρῖμα,
364 2217 442 2282 ὡς
478 2219 616 2289 μετά
647 2219 709 2272 τὸ
731 2219 946 2290 ψωμίον
986 2222 1392 2295 εἰσεληλυθέναι
1423 2228 1504 2289 είς
1532 2228 1624 2280 αὐ·

58 2311 137 2365 τὸν
161 2310 244 2365 τὸν
274 2312 537 2366 Σατανᾶν.
563 2312 807 2367 Νοείσθω
831 2313 887 2367 δὲ
907 2317 935 2369 6
957 2315 1120 2386 άρτος
1145 2315 1239 2370 καὶ¹
1269 2315 1332 2369 τὸ
1364 2320 1624 2390 ποτήριον

59 2406 158 2466 τοῖς
184 2403 277 2474 μὲν
308 2401 696 2474 ἁπλουστέροις
718 2404 861 2459 κατά
893 2406 993 2477 τὴν
1023 2407 1335 2480 κοινοτέραν
1363 2410 1492 2482 περὶ
1522 2410 1623 2481 τῆς

62 2495 401 2566 Εὑχαριστίας
432 2497 664 2568 ἐκδοχὴν
683 2514 696 2527 ⁸
725 2502 840 2563 τοῖς
867 2498 923 2552 δὲ
966 2498 1259 2570 βαθύτερον
1291 2500 1510 2559 ἀκούειν
1536 2520 1625 2571 με·

66 2588 312 2658 μαθηκόσι
339 2589 483 2644 κατά
517 2590 612 2662 τὴν
638 2590 914 2664 θειοτέραν
940 2592 1036 2647 καὶ
1065 2594 1193 2665 περὶ
1233 2594 1327 2648 τοῦ
1356 2597 1621 2669 τροφίμου

60 2677 146 2749 τῆς
170 2679 416 2751 ἀληθείας
442 2681 619 2751 Λόγου
670 2682 1000 2753 ἐπαγγελίαν
1019 2702 1035 2716 ’
1065 2685 1141 2750 ὠς
1181 2686 1232 2739 εί
1276 2688 1334 2741 ἐν
1368 2687 1624 2760 παραδεί-

65 2784 215 2840 γματι
245 2771 350 2843 (15)
377 2772 587 2843 ἔλεγον,
619 2775 700 2828 ὅτι.
722 2776 816 2829 καὶ
841 2777 869 2829 6
897 2775 1038 2831 κατά
1067 2776 1128 2831 τὸ
1165 2780 1477 2849 σωματικὸν
1505 2797 1625 2853 τρο-

66 2862 351 2933 φιμώτατος
377 2866 545 2938 ἄρτος
567 2882 801 2938 πυρετον
830 2868 929 2938 μὲν
959 2869 1317 2941 ὑποκείμενον
1339 2870 1510 2939 αὔξει,
1542 2874 1623 2937 εἰς

64 2953 231 3023 ὑγείαν
256 2956 312 3010 δὲ
333 2958 433 3028 τὴν
462 2957 800 3029 εὐεξίανῌᾼ)
828 2959 1037 3029 ἀνάγει.
1059 2960 1151 3014 Διὸ
1176 2960 1436 3028 πολλάκις
1465 2962 1622 3035 λόγος

65 3044 245 3118 ἀληθὴς
279 3047 420 3120 ψυχῇ
456 3049 705 3122 νοσούσῃ,
735 3050 796 3104 οὐ
846 3050 1078 3125 δεομένῃ
1120 3054 1369 3125 τοιαύτης
1412 3054 1622 3128 τροφῆς

1732 569 1802 608 ne
1826 552 1995 610 Judas
2022 557 2395 625 adiumentum
2426 558 2735 628 perciperet
2753 573 2824 614 ex
2852 560 2974 614 data
3001 574 3031 614 a
3062 559 3189 616 Jesu
3221 561 3308 617 of-

1728 646 1839 701 fula
1873 649 2129 720 (habebat
2179 649 2327 704 enim
2370 650 2486 704 haec
2510 651 2730 720 quidem
2773 652 2883 707 vim
2926 652 3215 722 adiuvandi
3242 668 3305 735 ea

1730 759 1975 808 usurum,
2011 743 2103 798 sed
2133 753 2419 814 acceperat
2449 744 2562 813 jam
2606 745 2775 801 semel
2809 748 3045 803 insuum
3074 763 3170 804 cor
3214 746 3310 805 lu:

1729 834 1828 890 das
1870 844 1930 888 ut
1969 834 2286 905 Magistrum
2319 834 2639 909 proderet),
2676 838 2873 894 timens
2924 855 2993 895 ne
3032 841 3198 895 telum
3251 841 3307 896 in

1726 923 1918 980 Judam
1946 926 2202 980 emissum
2238 926 2536 990 aberraret,
2565 929 2608 982 si
2642 926 2810 984 ludas
2833 944 2962 985 usus
2982 928 3143 985 offula
3174 931 3310 987 fuis-

1726 1026 1830 1080 set,
1861 1018 2186 1087 anticipaus,
2220 1034 2342 1074 mox
2369 1028 2532 1088 atque
2555 1018 2724 1075 ludas
2755 1022 2920 1074 sumit
2946 1021 3188 1088 ollulam,
3218 1024 3307 1078 in-

1726 1123 1948 1178 gressus
1977 1120 2063 1165 est
2090 1111 2141 1164 in
2181 1110 2353 1172 illurn.
2387 1119 2501 1165 tum
2543 1111 2770 1177 scilicet,
2818 1128 2939 1166 cum
2974 1113 3201 1169 dixisset
3228 1114 3306 1169 illi

1728 1203 1990 1259 Servator
2017 1222 2029 1258 :
2055 1221 2074 1254 ι
2099 1202 2251 1271 Quod
2276 1202 2430 1264 facis.
2448 1207 2531 1258 fac
2550 1203 2721 1266 ocius,
2740 1223 2759 1256 ι
2788 1195 3195 1276 accepissetque
3219 1207 3307 1262 of-

1725 1293 1894 1348 fulam
1929 1294 2118 1363 Judas,
2141 1310 2393 1367 egressus
2418 1304 2503 1352 est
2535 1296 2742 1351 statim.
2776 1295 3009 1353 Proinde
3042 1300 3185 1355 haud
3210 1300 3308 1354 ab-

1725 1388 1950 1442 surdum
1991 1388 2042 1441 in
2072 1389 2322 1456 praesenti
2354 1388 2473 1444 loco
2506 1388 2800 1450 diceretur.
2831 1391 2973 1459 quod
3001 1398 3058 1444 ut
3104 1391 3194 1459 qui
3223 1391 3309 1445 in-

1724 1480 1886 1551 digne
1911 1494 2100 1549 panem
2123 1480 2335 1536 Domini
2362 1481 2617 1546 comedit,
2638 1482 2722 1535 vel
2742 1481 2971 1537 calicem
3000 1483 3117 1553 ejus
3145 1482 3303 1546 bibit,

1723 1573 1778 1641 in
1803 1571 2069 1643 judicium
2107 1572 2397 1627 manducat
2418 1581 2475 1626 et
2503 1571 2701 1627 bibit“
2739 1589 2753 1639 ;
2788 1572 2839 1626 in
2873 1586 3013 1643 pane
3036 1582 3093 1628 et
3133 1573 3307 1630 calice

1725 1680 1833 1720 una
1876 1666 2078 1719 virtute
2112 1664 2475 1733 praestantiori
2520 1673 2779 1734 operante
2809 1664 3013 1721 bonum
3058 1665 3112 1721 in
3164 1666 3307 1721 bono

1726 1754 1921 1815 affectu
1951 1758 2271 1821 constituto,
2311 1756 2365 1809 in
2419 1752 2617 1810 aﬂectu
2672 1770 2801 1811 vero
2852 1758 2996 1813 malo
3043 1767 3306 1829 operante

1723 1848 2268 1912 condemnationem;
2296 1846 2376 1903 sic
2397 1846 2615 1902 oﬂ‘ulam
2636 1864 2665 1901 a
2692 1846 2818 1904 Jesu
2848 1848 3028 1904 datam
3061 1849 3304 1918 ejusdem

1722 1939 1937 2010 generis
1957 1938 2123 1995 fuisse
2144 1954 2266 1994 cum
2293 1953 2358 1994 ea
2385 1952 2545 2009 quam
2574 1936 2734 1994 Jesus
2754 1939 2902 1995 dedit
2932 1941 3145 1996 caeteris
3171 1953 3303 2010 apo-

1721 2030 1901 2096 stolis,
1928 2031 2053 2085 dum
2090 2031 2297 2086 diceret
2335 2048 2347 2083 :
2382 2049 2400 2081 ι
2438 2031 2704 2100 Accipite,
2736 2033 3059 2088 comedite“
3089 2047 3107 2097 ;
3139 2051 3159 2085 ι
3203 2035 3300 2089 sed

1725 2126 1832 2181 illis
1869 2125 2090 2195 quidem
2121 2124 2188 2178 ad
2237 2122 2492 2186 salutem,
2512 2120 2670 2177 Judaz
2697 2137 2826 2177 vero
2863 2125 2931 2178 ad
2962 2125 3300 2180 condemna-

1724 2220 1956 2283 tionem;
1988 2219 2060 2272 ita
2107 2225 2167 2272 ut
2213 2225 2333 2287 post
2382 2213 2602 2271 ollulam
2636 2215 3015 2287 ingrederetur
3059 2219 3111 2273 in
3146 2219 3302 2275 illum

1724 2308 1973 2376 Satanas.
2000 2310 2269 2364 Caeterum
2303 2307 2679 2363 consideretur
2706 2307 2793 2362 hic
2820 2309 2977 2377 panis
2994 2319 3050 2365 et
3080 2310 3183 2366 hoc
3206 2326 3305 2382 po-

1721 2402 1901 2458 culum
1923 2417 1955 2457 a
1981 2399 2407 2470 simplicioribus
2457 2400 2608 2467 iuxta
2634 2401 3060 2457 communiorem
3107 2403 3308 2459 intelli-

1722 2495 1956 2566 gentiam
1972 2495 2038 2549 de
2058 2493 2421 2558 Eucharistia,
2454 2492 2507 2548 id
2529 2501 2613 2548 est
2637 2493 2702 2547 de
2730 2492 3024 2562 gratiarum
3049 2496 3262 2551 actione
3285 2514 3301 2560 ;

1723 2598 1780 2642 at
1811 2588 1903 2657 qui
1933 2587 2096 2642 altius
2131 2587 2246 2640 haec
2278 2584 2583 2655 intelligere
2610 2586 2921 2652 didicerint,
2954 2588 3305 2643 considerent

1725 2680 1831 2737 hoc
1856 2681 2058 2736 dictum
2094 2678 2267 2734 fuisse
2311 2678 2467 2749 jtixta
2513 2678 2834 2733 diviniorem
2883 2679 3301 2749 promissionem

1722 2774 1889 2829 etiam
1921 2773 1988 2827 de
2012 2771 2191 2843 Λόγῳ,
2223 2781 2280 2827 et
2327 2771 2508 2826 Verbo
2537 2771 2785 2826 veritatis
2813 2770 3126 2827 alimentum
3167 2772 3303 2829 ube-

1722 2867 1835 2923 rius
1850 2875 2142 2936 przestaute
2161 2882 2178 2931 ;
2199 2875 2453 2935 tanquam
2483 2865 2528 2919 si
2554 2863 2804 2934 exemplo
2820 2865 3057 2919 dicerem
3082 2879 3300 2934 panem,

1722 2959 1865 3030 quod
1897 2960 1964 3014 ad
1993 2972 2190 3027 corpus
2222 2957 2434 3019 attinet,
2453 2955 2768 3012 alimentum
2799 2958 3132 3012 uberrimum
3161 2971 3305 3027 prte-

1722 3062 1979 3121 stantem,
2016 3050 2210 3107 febrim
2246 3050 2545 3119 subjectam
2581 3063 2798 3120 augere,
2830 3062 2953 3104 cum
2980 3062 3165 3105 contra
3200 3050 3301 3104 ho-

62 3135 338 3207 διδόμενος,
369 3141 641 3213 ἐπιτρίϐει
671 3143 842 3214 αὐτὴν
864 3182 879 3207 ,
920 3144 1014 3197 καὶ
1042 3144 1317 3215 πρόφασις
1342 3146 1455 3218 (15)
1481 3148 1608 3220 αὐτῇ

1768 3163 1851 3201 am
1902 3144 2152 3214 corporis
2205 3142 2575 3197 habitudinem
2605 3141 2672 3196 ad
2719 3141 3003 3196 sanitatem
3055 3143 3301 3197 reducat.

65 3230 296 3301 χειρόνων
346 3231 586 3301 γίνεται·
636 3233 729 3286 καὶ
763 3233 936 3297 οὕτως
985 3235 1079 3289 καὶ
1114 3234 1185 3289 τὰ
1226 3236 1402 3308 ἀληθῆ
1445 3236 1624 3307 λέγειν

65 3322 355 3389 κυδυνῶδές
401 3326 542 3377 ἐστι.
594 3323 765 3377 Τοῦτο
807 3324 864 3377 δέ
916 3342 1003 3396 μοι
1047 3325 1260 3398 εἴρηται
1298 3326 1387 3381 διὰ
1416 3327 1477 3381 τὸ
1513 3327 1625 3398 ψω-

66 3414 172 3485 μίον
194 3416 320 3487 (16),
341 3416 369 3470 ὃ
390 3416 646 3488 ἐμϐάψας
669 3417 883 3470 δίδωσιν
911 3416 1079 3487 Ἰούδᾳ
1109 3418 1311 3489 Σίμωνι
1336 3418 1416 3490 τῷ
1450 3421 1625 3475 Ἰσκα-

66 3506 214 3580 ριώτῃ
237 3508 379 3579 (17)·
403 3511 502 3563 καὶ
524 3512 899 3581 κεκινήκαμεν
929 3510 1086 3579 λόγον
1120 3512 1214 3565 τὸν
1244 3514 1325 3577 είς
1364 3512 1620 3585 ἑκάτερα,

62 3600 159 3651 εἴτε
181 3601 278 3672 χρὴ
304 3600 486 3670 λέγειν
518 3601 680 3655 αὑτὸν
713 3601 1048 3674 βεϐρωκέναι
1088 3602 1325 3660 λαϐόντα
1344 3644 1358 3669 ,
1388 3607 1496 3659 εῐτε
1526 3623 1622 3660 κε-

63 3691 313 3747 κωλῦσθαι
337 3694 447 3748 ἀπὸ
465 3693 559 3747 τοῦ
581 3693 915 3757 εἰσελθόντος
946 3696 1028 3758 είς
1053 3694 1142 3749 τὸν
1165 3696 1365 3751 Ἰούδαν
1388 3698 1619 3752 Σατανᾶ.

61 3784 117 3836 El
136 3785 188 3839 δέ
213 3786 314 3859 χρὴ
341 3789 416 3852 ὡς
452 3786 527 3859 μὴ
555 3789 675 3860 είκῆ
710 3788 1159 3860 παρερῥιμμένον
1186 3789 1293 3843 ὑπὸ
1316 3789 1413 3844 τοῦ
1459 3790 1623 3861 εὐαγ-

61 3876 284 3944 γελιστοῦ
310 3880 418 3950 (18)
452 3880 699 3943 ἐξετάσαι
726 3878 783 3934 δὲ
810 3880 892 3945 τὸ,
922 3875 1059 3935 «Ἶιν
1088 3881 1145 3935 δέ
1172 3880 1287 3948 νὺξ,
1317 3902 1336 3934 ι
1373 3882 1619 3951 λεκτέον,

60 3967 132 4021 ὅτι
156 3972 492 4044 συμϐολικῶς
517 3975 639 4029 τότε
675 3976 708 4045 ή
734 3972 968 4044 αἰσθητὴ
1001 3973 1098 4041 νὺξ
1126 3969 1216 4046 ἦν,
1240 3972 1407 4028 εἰκὼν
1426 3977 1625 4047 τυγχάα

61 4075 208 4117 νουσα
252 4066 349 4137 τῆς
398 4066 697 4138 γενομένης
736 4068 795 4121 ἐν
852 4069 919 4137 τῇ
967 4066 1114 4138 ψυχῇ
1178 4065 1348 4121 Ἰούδα
1392 4068 1616 4133 νυκτός’

62 4153 203 4223 ἡνίκα
226 4156 283 4210 τὺ
309 4157 703 4230 ἐπιφερόμενον
737 4160 928 4222 σκότος
962 4158 1152 4213 ἐπάνω
1190 4158 1292 4229 τῆς
1329 4158 1568 4213 ἀϐύσσου
1591 4163 1621 4215 6

1725 3240 1900 3308 Quam
1922 3240 1992 3295 ob
2015 3251 2231 3293 causam
2272 3236 2590 3306 plerumque
2621 3248 2800 3290 sermo
2828 3248 2989 3289 verus
3017 3233 3306 3304 aegrotanti

1724 3332 1940 3393 animae,
1964 3344 2070 3383 non
2103 3325 2364 3394 indigenti
2396 3324 2492 3378 tali
2524 3324 2647 3378 cibo
2700 3324 2881 3386 datus,
2928 3322 3072 3376 illam
3111 3332 3301 3378 conite-

1724 3434 1829 3491 ret,
1856 3422 1933 3477 illi
1965 3432 2021 3475 ut
2053 3420 2205 3490 pejus
2257 3433 2315 3474 se
2361 3417 2559 3473 habeat
2590 3431 2753 3472 causa
2794 3416 3063 3471 exsistens
3093 3432 3108 3469 :
3135 3412 3302 3487 445

1723 3528 1889 3587 atque
1933 3516 2096 3570 etiam
2131 3514 2211 3569 sic
2254 3514 2521 3583 sequitur,
2549 3522 2608 3566 ut
2639 3526 2771 3566 vera
2818 3510 2999 3564 dicere
3035 3507 3302 3579 periculo-

1722 3624 1842 3664 sum
1876 3609 1971 3662 sit.
2006 3606 2121 3661 lloc
2163 3611 2343 3659 autem
2387 3604 2519 3657 mihi
2555 3603 2755 3657 dictum
2796 3610 2880 3656 est
2912 3610 3133 3672 prepter
3164 3597 3300 3654 oﬂu-
3338 3590 3345 3598 ’

1721 3701 1828 3756 lam
1850 3714 2012 3769 quam
2036 3698 2318 3752 intinctam
2348 3695 2500 3751 dedit
2523 3693 2683 3751 Jesus
2719 3692 2870 3749 Judze
2916 3692 3126 3749 Simoni
3154 3691 3300 3747 lsca-

1720 3793 1873 3847 riotaa
1910 3805 1926 3843 :
1957 3789 2329 3859 movimusque
2361 3790 2625 3841 rationem
2655 3787 2707 3839 in
2736 3795 3020 3853 utramque
3054 3794 3296 3851 partem,

1720 3883 1836 3939 sive
1869 3896 2094 3938 necesse
2126 3881 2199 3937 sit
2229 3880 2411 3936 dicere
2431 3875 2624 3932 ludam
2649 3883 2928 3945 acceptam
2955 3871 3175 3931 ollulam
3199 3886 3298 3928 co~

1721 3975 1991 4041 medisse,
2021 3974 2141 4029 sive
2180 3988 2211 4028 a
2251 3971 2450 4027 Satana
2481 4009 2497 4036 ,
2544 3969 2635 4038 qui
2677 3968 2729 4023 in
2781 3968 2958 4036 ipsum
3012 3968 3292 4036 ingressus

1717 4065 1919 4133 fuerat,
1938 4065 2267 4136 prohibitum
2302 4063 2489 4118 fuisse.
2508 4060 2602 4116 Sin
2628 4074 2756 4116 vero
2776 4058 3110 4129 perpendere
3130 4057 3297 4112 etiam

1720 4156 1849 4211 illud
1870 4164 2109 4226 oportet,
2142 4173 2161 4207 ι
2197 4166 2313 4212 erat
2365 4163 2548 4210 autem
2596 4168 2702 4209 uox
2726 4151 2796 4216 υ,
2835 4170 2855 4204 ι
2882 4160 3138 4221 tanquam
3187 4163 3296 4202 non

69 4245 292 4313 Σατανᾶς
331 4250 579 4322 εἰσῆλθεν
604 4252 685 4315 είς
716 4251 875 4304 αὐτόν
899 4268 914 4282 ·
941 4251 1168 4305 ἐκάλεσε
1208 4250 1315 4321 γάρ
1345 4253 1374 4305 6
1397 4252 1527 4317 Θεὸς
1554 4252 1608 4306 τε

1768 4262 1924 4303 tmere
1945 4247 2278 4317 assignatum
2296 4248 2361 4302 ab
2378 4246 2726 4318 evangelista,
2748 4244 3035 4300 dicendum
3052 4249 3137 4296 est
3150 4253 3298 4310 sym-

64 4340 234 4406 σκότος
278 4342 446 4397 νύκτα
469 4360 486 4375 ο
531 4343 671 4397 ὥστε
710 4344 938 4408 νυκτὸς,
969 4343 1135 4414 φησὶν
1175 4346 1205 4398 6
1241 4343 1451 4409 Παῦλος
1473 4388 1488 4411 ,
1518 4345 1608 4399 οὐκ

1768 4340 1892 4396 ilice
1916 4349 2044 4395 tunc
2067 4347 2282 4394 noctem
2309 4338 2473 4394 fuisse
2497 4341 2595 4393 sub
2613 4353 2829 4393 sensum
2852 4335 3153 4397 cadentem,
3174 4345 3296 4401 quae

60 4430 209 4502 ἐσμὲν
235 4433 416 4498 τέκνα,
453 4435 575 4489 οὐδὲ
608 4435 851 4499 σκότους,
882 4435 1057 4504 λέγων
1080 4452 1093 4464 ’
1135 4437 1289 4507 «Ἆρ’
1319 4432 1433 4501 οὖν,
1464 4436 1608 4491 ἀδελ.

1768 4446 1897 4501 nago
1917 4430 2204 4486 exsisteret
2222 4430 2396 4485 noctis
2413 4428 2574 4483 facta:
2591 4429 2642 4482 in
2664 4427 2843 4482 anima
2870 4424 3055 4488 Judae;
3080 4419 3298 4492 quando

63 4523 159 4591 φοὶ,
185 4526 280 4579 οὐκ
301 4527 469 4599 ἐσμὲν
488 4527 702 4592 νυκτὸς,
729 4527 849 4580 οὐδὲ
873 4526 1097 4590 σκότους
1125 4526 1290 4580 τέκνα
1319 4527 1485 4599 (19),»
1524 4529 1608 4581 καῖ

1768 4540 1843 4579 uae
1877 4522 2191 4579 ferebantur
2217 4537 2380 4593 super
2412 4522 2692 4592 abyssum,
2726 4519 2830 4574 illa:
2859 4517 3118 4583 tenebrae,
3146 4527 3298 4567 nem-

60 4616 136 4668 τό·
162 4634 180 4667 ι
202 4618 387 4689 Ἡμεῖς
416 4620 475 4675 δὲ
505 4619 716 4692 ἡμέρας
749 4620 903 4684 ὄντες
932 4619 1213 4689 νήφωμεν.
1241 4637 1261 4671 ι
1292 4619 1406 4672 Οὐκ
1432 4614 1501 4691 ἦν
1525 4616 1608 4675 οὖν

1768 4631 1787 4671 3
1840 4615 2089 4681 Satanas,
2148 4615 2404 4685 ingressae
2452 4623 2578 4669 sunt
2608 4614 2656 4666 it.
2705 4607 3113 4676 eum;vocavit
3148 4604 3297 4659 enim

61 4706 147 4772 νὺξ
177 4714 284 4774 τοῖς
317 4713 660 4784 νιπτομένοις
712 4713 839 4776 τοὺς
894 4711 1062 4775 πόδας
1112 4710 1217 4764 ὑπὸ
1260 4710 1356 4763 τοῦ
1420 4711 1618 4783 Ἰησοῦ,

64 4795 163 4850 ἀλλ’
197 4802 377 4873 ἡμέρα
407 4804 787 4876 λαμπροτάτη,
829 4801 1279 4874 καθαιρομένοις,
1316 4802 1411 4857 καὶ
1443 4803 1617 4874 ἀπορ-

65 4889 388 4965 ριπτομένοις
420 4899 545 4962 τοὺς
578 4899 637 4951 ἐν
669 4900 781 4961 τοῖς
820 4896 948 4951 ποσὶ
982 4894 1082 4966 τῆς
1113 4894 1293 4966 ψυχῆς
1327 4894 1508 4950 αὐτῶν
1533 4897 1621 4955 ῥύ-

1722 4710 1862 4766 Deus
1921 4709 2202 4777 tenebras,
2259 4718 2473 4763 noctem
2502 4706 2592 4773 ⁸⁸;
2634 4721 2805 4777 quare
2857 4703 3069 4768 noctis,
3121 4698 3299 4769 inquit

1720 4804 2066 4867 Paulus,non
2106 4817 2295 4857 sumus
2327 4800 2445 4865 lilii,
2474 4813 2646 4867 neque
2677 4797 3042 4859 tenebrarum,
3070 4794 3291 4847 dicens:

1727 4917 1745 4950 ι
1790 4899 1951 4967 Ergo,
1990 4897 2207 4959 fratres,
2245 4909 2349 4947 non
2394 4907 2580 4946 sumus
2608 4890 2804 4954 noctis,
2839 4900 3016 4957 neque
3043 4884 3293 4940 tenebra-

126 5024 169 5058 ⁸⁵
199 5025 215 5080 l
247 5026 371 5085 Cor.
423 5046 504 5097 ιι,
538 5029 631 5086 29.
705 5031 753 5063 ⁸⁵
783 5032 980 5085 Matth.
1024 5046 1175 5095 xxvi,
1210 5027 1301 5084 9.6.
1401 5028 1445 5061 "
1478 5027 1608 5085 Joau

1768 5072 1782 5098 ,
1814 5030 1905 5085 50.
1983 5029 2029 5061 ⁸⁸
2070 4994 2265 5084 Genes.
2294 5042 2330 5092 ι,
2361 5026 2415 5080 5.

130 5175 230 5249 (12)
267 5177 581 5249 Ὀμυγ-ενές
622 5173 704 5249 ἦν
736 5173 818 5249 τῷ
845 5173 1096 5249 δοθέντι,
1122 5185 1240 5249 etc.
1274 5172 1333 5227 In
1364 5187 1430 5228 eo
1456 5181 1614 5249 erant

66 5244 302 5323 utraque
327 5244 586 5323 δμογενῆ,
631 5244 800 5323 quod
829 5246 1133 5300 comedenti
1172 5259 1270 5313 pro
1322 5244 1614 5323 sanctitate

68 5333 149 5370 sua
180 5314 259 5371 vel
290 5314 565 5388 impietate
597 5314 837 5372 salubria
864 5330 997 5388 esse
1028 5324 1280 5388 poterant
1312 5314 1396 5368 vel
1427 5314 1608 5388 noxia.

68 5388 115 5441 In
142 5388 255 5441 aliis
284 5383 684 5456 discrepabunt,
715 5398 769 5441 et
795 5395 954 5456 erant
980 5384 1288 5456 ἑτερογενῆ,
1322 5399 1386 5437 ac
1438 5383 1492 5436 iu
1544 5398 1611 5437 eo

69 5458 345 5525 pnesertim
376 5455 522 5525 quod
574 5457 757 5512 oﬂ'ula
784 5455 934 5511 Judze
971 5455 1221 5522 puri-ecta
1270 5467 1456 5508 merus
1488 5462 1612 5508 erat

69 5529 232 5594 panis;
257 5526 434 5582 offula:
461 5542 586 5581 vero
611 5529 749 5582 datze
773 5525 1032 5595 apostolis
1059 5525 1241 5593 specie
1275 5533 1482 5576 tantum
1513 5538 1609 5592 pa-

68 5598 142 5649 nis
166 5610 333 5661 erant,
357 5613 541 5651 revera
562 5597 761 5652 Christi
793 5612 988 5664 corpus
1013 5607 1200 5647 erant:
1227 5603 1607 5664 contraquam

66 5681 123 5718 ex
139 5668 233 5721 hoc
253 5668 368 5721 loco
394 5667 765 5722 ratiocinando
797 5662 1065 5720 conclusit
1084 5663 1398 5717 Edmundus
1413 5662 1613 5717 Alher-

67 5737 199 5791 tinus
226 5739 276 5791 in
298 5751 467 5803 opere
494 5736 567 5790 De
583 5748 906 5789 sacramento
933 5733 1308 5803 Eucharistitp,
1338 5731 1433 5803 lib.
1460 5747 1528 5793 tr.
1552 5731 1609 5786 in

78 5804 307 5863 ﬂumine
337 5800 769 5861 testimoniorum
789 5804 1064 5873 Origenis,
1100 5817 1222 5873 cap.
1247 5800 1303 5857 2.
1336 5800 1606 5859 Halanus.

362 5898 633 5963 Pauor“
676 5898 791 5962 Gn.
818 5897 989 5960 XIV.

1819 5170 1906 5238 l3)
1936 5169 2117 5224 Codex
2137 5164 2379 5238 Regius,
2408 5163 2486 5229 ὡς
2515 5164 2596 5238 ἐν-
2616 5160 3043 5238 παραδείγματι.

1819 5171 1906 5238 l3)
1936 5171 2117 5224 Codex
2153 5171 2377 5233 Regius,
2408 5171 2486 5229 ὼς
2515 5171 2573 5216 ἐν
2616 5171 3043 5233 παραδείγματι.

1792 5171 1904 5313 δέ)
1942 5239 2046 5294 Pro
2073 5236 2195 5313 ,τὴν
2234 5235 2449 5302 εὐεξίαν
2499 5235 2667 5289 codex
2721 5233 2923 5304 liegius
2977 5229 3165 5297 habet,
3200 5230 3296 5289 καὶ

1719 5310 2197 5381 εὐεξίαν,ιιιιιιο.“
2259 5375 2289 5381 __
2330 5375 2343 5381 _
2627 5372 2639 5381 _
3090 5369 3130 5381 ,,
3218 5374 3244 5381 ν,

1794 5369 1906 5467 (l5)
1935 5369 2115 5434 Codex
2163 5375 2507 5467 liudleianus,
2535 5372 2841 5443 πρόφασιςο
2874 5370 3042 5426 editio
3085 5369 3292 5436 Huetii,

1720 5450 2042 5555 προφάσεις,
2080 5450 2243 5503 male.
2475 5514 2500 5525 α
2642 5514 2664 5553 ἐ

1790 5521 1903 5596 (to)
1934 5522 2121 5596 Codex
2154 5516 2371 5596 liegius,
2403 5514 2666 5596 ταυτα“δ.
2701 5530 2789 5584 μοι
2812 5511 3026 5596 είςρηται
3058 5508 3294 5596 ψωμίου.

1820 5583 1905 5657 17)
1933 5593 2074 5646 Idem
2101 5583 2270 5643 codex
2304 5588 2527 5657 Regius,
2560 5583 2800 5657 Σίμωνος
2846 5583 3192 5652 Ἰσκαριώτῃ.

1814 5655 1903 5732 18)
1929 5661 2110 5732 Codex
2151 5655 2748 5732 Hggius,_'ebane).£ou_.
2816 5722 2827 5732 I

1817 5726 1905 5805 l9)
1949 5730 2153 5788 Τέκνα.
2190 5728 2352 5785 Deest
2380 5728 2436 5782 in
2470 5729 2661 5783 codice
2698 5726 2885 5805 liegio.

2938 5881 3020 5943 26
