3712 6138
361 330 464 384 an
1402 303 1408 310 '
1800 290 2126 372 omcems
3520 306 3618 358 me

366 456 486 498 rum
537 437 632 496 lilii
659 435 745 506 “;
786 456 804 490 ι
839 431 894 494 οι
923 435 1087 494 illud:
1126 455 1146 489 ι
1181 436 1288 494 Nos
1339 446 1522 493 autem
1557 450 1645 505 qm
1693 433 1796 488 diei
1841 433 1936 488 ﬁlii

2116 443 2212 490 υςο
2255 425 2348 479 καὶ
2387 423 2507 478 κατ’
2547 421 2737 494 ἐξοχὴν
2771 420 2870 475 οὐκ
2905 414 2973 490 ἦν
3005 407 3100 486 νῦξ
3139 417 3219 488 τῷ
3281 417 3621 487 ἀνακειμένῳ

365 545 573 598 sumus,
603 528 773 586 sobrii
799 529 970 586 simus
994 527 1065 582 '°.
1106 547 1126 581 ι
1161 527 1520 594 Quamobrem
1551 541 1654 580 nox
1680 538 1783 580 non
1814 527 1933 578 erat

2133 517 2210 589 τῷ
2244 517 2427 587 κόλπῳ
2462 513 2556 568 τοῦ
2607 512 2778 586 Ἰησοῦ
2802 530 2815 544 ·
2857 512 3047 581 ἠγάπα
3085 509 3193 580 γάρ
3229 509 3401 563 αὐτὸν
3449 510 3478 561 6
3528 510 3615 577 Ἰη-

363 625 452 683 bis
494 635 731 694 quorum
775 621 942 694 pedes
984 619 1190 676 laverat
1217 619 1410 687 Jesus,
1439 620 1531 675 sed
1570 617 1726 684 dies‘,
1761 631 1933 686 eaque

2116 611 2186 676 ὅς,
2221 611 2315 664 καὶ
2351 612 2416 680 τῇ
2449 608 2639 679 ἀγάπῃ
2669 606 2790 659 ἐλυε
2824 607 2934 658 πᾶν
2967 604 3027 657 τὸ
3067 604 3280 665 σκότος.
3329 601 3476 654 Ἀλλ’
3513 601 3625 655 οὐδὲ

363 713 821 783 splendidissima,
847 720 905 766 ut
934 711 1026 781 qui
1057 711 1168 779 jam
1200 709 1440 765 mundati
1471 718 1655 764 essent
1703 706 1934 777 abiecis-

2116 722 2234 777 zptp
2271 702 2619 774 ὁμολογοῦντι
2654 701 2716 754 τό
2739 717 2752 730 ·
2800 717 2820 752 ι
2857 701 2931 753 Σὺ
2989 696 3038 752 εἷ
3073 698 3101 750 6
3147 696 3393 769 Χριστὸς
3433 699 3464 750 6
3509 696 3627 760 ne;

361 813 592 873 suntque
619 805 808 859 sordes
841 819 976 872 quas
1019 802 1073 857 in
1121 803 1352 873 pedibus
1383 801 1574 857 animm
1621 815 1730 856 suae
1763 799 1932 854 liabe-

2116 795 2133 848 5
2192 792 2327 850 Θεοῦ
2380 793 2473 846 τοῦ
2531 790 2758 857 ζῶντος,
2804 809 2824 843 ι
2865 789 3318 858 ἀποκαλύψαντος
3359 786 3512 856 αὖτῷ
3543 788 3627 839 ea?

363 897 539 962 bant;
581 893 951 950 excellentiori
988 894 1152 948 etiam
1204 896 1362 949 modo
1406 909 1512 948 nox
1547 908 1654 948 non
1684 901 1808 947 erat
1853 907 1935 948 re-

2116 886 2290 957 ρανίου
2318 885 2528 955 Πατρὺς
2550 923 2565 948 ,
2593 883 2688 951 νὺξ
2722 879 2820 954 ἦν·
2857 883 2993 937 ἀελλά
3033 881 3127 948 νὺξ
3165 883 3285 952 ἅμα
3332 880 3492 950 αὐτῷ
3527 879 3631 950 (21)

364 986 641 1044 cumbenti
673 987 728 1042 in
778 987 898 1042 sinu
926 985 1080 1052 Jesu,
1123 987 1266 1057 quod
1297 985 1456 1043 Jesus
1498 999 1683 1042 amore
1712 999 1824 1056 quo
1869 985 1935 1040 ιι.

2116 980 2135 1033 ι
2166 978 2392 1051 ἄρνησις
2428 973 2514 1049 ἦν.
2549 976 2660 1030 Καὶ
2699 975 2794 1031 νῦν
2830 975 3010 1029 τοίνυν
3053 976 3156 1028 ὅτε.
3199 972 3391 1027 λαϐὼν
3431 971 3497 1026 τὸ
3529 972 3634 1040 ψω-

364 1079 474 1136 Ιιιιιι
529 1080 959 1152 prosequebatur
1002 1087 1226 1135 cunctas
1258 1079 1510 1135 solvisset
1551 1080 1823 1135 tenebras.
1857 1078 1933 1134 Ac

365 1188 438 1227 ne
456 1172 617 1228 Petro
639 1172 852 1242 quidem
885 1186 992 1226 nox
1014 1180 1131 1226 erat
1155 1173 1429 1227 conﬁtenti
1455 1171 1507 1226 id
1531 1174 1675 1240 quod
1699 1170 1800 1226 sibi
1824 1183 1936 1225 cte-

364 1259 518 1318 lestis
551 1262 640 1319 ille
663 1262 822 1317 Pater
848 1261 1132 1330 revelarat,
1164 1278 1390 1332 nempe:
1426 1282 1443 1314 ι
1484 1267 1553 1317 l'u
1581 1276 1638 1317 es
1663 1265 1746 1317 ille
1774 1261 1935 1317 Chri-

366 1363 505 1422 stus,
533 1354 625 1410 ille
653 1353 821 1410 Filius
860 1353 957 1408 Dei
983 1354 1214 1409 viventis
1242 1354 1343 1416 ⁸¹;»
1381 1354 1465 1408 cui
1499 1361 1680 1409 tamen
1715 1355 1935 1424 neganti

369 1461 480 1502 nox
510 1444 797 1501 confestim
821 1443 938 1499 fuit.
967 1444 1143 1498 Etiam
1180 1459 1320 1500 nunc
1345 1444 1509 1515 igitur
1531 1460 1652 1500 cum
1679 1457 1936 1514 egressus

365 1548 448 1596 est
476 1538 640 1595 Judas
663 1548 876 1608 sumpta
907 1535 1090 1603 oll‘ula,
1128 1553 1250 1593 mox
1284 1538 1384 1593 sibi
1417 1553 1635 1608 egresso
1659 1553 1766 1592 nox
1793 1536 1934 1601 fuit;

367 1646 473 1688 nec
499 1636 644 1686 enim
668 1629 780 1685 illic
798 1628 886 1684 ille
909 1629 990 1683 vir
1009 1630 1218 1694 aderat,
1237 1631 1321 1684 cui
1346 1644 1539 1684 nomen
1562 1637 1648 1685 est
1674 1628 1934 1695 Oriens";

367 1722 576 1778 scilicet
605 1721 936 1790 reliquerat,
993 1720 1120 1774 dum
1171 1721 1543 1790 egrederetur,
1575 1719 1802 1789 iustitiae
1837 1718 1938 1774 So-

2045 1072 2166 1144 μίον
2194 1073 2223 1124 6
2267 1069 2467 1134 Ἰούδας
2515 1068 2736 1139 ἐξῆλθεν
2765 1066 2928 1130 εὐθὺς
2950 1109 2965 1132 ,
3010 1067 3130 1120 τότε
3182 1064 3459 1130 ἐξελθόντι
3492 1059 3635 1133 αὐτῷ

2041 1165 2137 1232 νὺξ
2160 1160 2228 1236 ἦν
2253 1181 2266 1195 ·
2296 1164 2357 1218 οὐ
2377 1162 2488 1236 γὰρ
2510 1162 2692 1231 παρῆν
2720 1159 2867 1230 αὐτῷ
2894 1162 2922 1212 6
2943 1159 3082 1231 ἀνὴρ
3104 1151 3150 1226 ᾧ
3173 1158 3351 1227 ὄνομα
3381 1156 3637 1227 ἀνατολὴ,

2042 1256 2395 1312 καταλιπόντι
2422 1257 2480 1310 ἐν
2516 1253 2594 1326 τῷ
2625 1252 2998 1324 ἐξεληλυθέναι
3023 1252 3112 1305 τὸν
3153 1251 3256 1320 τῆς
3285 1248 3638 1319 δικαιοσύνης

2040 1351 2208 1422 ἥλιον.
2239 1349 2348 1402 Καὶ
2375 1347 2564 1400 ἐδίωκε
2595 1345 2694 1416 μὲν
2715 1345 2805 1398 τὸν
2842 1344 3050 1415 Ἰησοῦν
3077 1345 3105 1396 6
3133 1342 3341 1405 Ἰούδας
3376 1341 3485 1410 τῆς
3517 1355 3637 1391 σκο-

2042 1443 2163 1506 τίας
2194 1441 2647 1514 πεπληρωμένος·
2676 1439 2790 1494 ἀλλ’
2822 1440 2855 1510 ἡ
2888 1437 3104 1500 σκοτία,
3131 1434 3227 1488 καὶ
3263 1435 3292 1486 6
3324 1429 3638 1499 ἀνειληφὼς

2043 1538 2213 1610 αὐτὴν
2242 1537 2304 1590 ού
2336 1535 2629 1606 κατείληφε
2653 1533 2712 1587 τὸ
2739 1531 3063 1602 διωκόμενον
3097 1528 3233 1599 φῶς.
3283 1525 3382 1579 Διὸ
3425 1525 3527 1578 καὶ
3557 1526 3636 1577 ὅτε

2044 1624 2196 1681 εἶπεν
2219 1627 2296 1690 ὡς
2318 1625 2664 1696 δικαιοσύνης
2689 1623 2844 1692 λόγον
2869 1623 2930 1675 τό
2949 1639 2962 1652 ·
2997 1640 3016 1673 ι
3032 1623 3317 1692 ’Ἥμαρτον
3355 1617 3636 1690 παραῶὖς

2045 1715 2185 1790 αἷμα
2212 1719 2435 1782 δίκαιον,
2471 1737 2488 1769 ι
2526 1714 2778 1770 ἀπελθὼν
2807 1711 3110 1784 ἀπήγξατο,
3139 1710 3236 1764 τοῦ
3267 1713 3324 1764 ἐν
3355 1709 3516 1779 αύτῷ
3547 1710 3638 1762 Σα-

367 1814 474 1870 lem
500 1814 570 1872 ⁸³.
605 1814 685 1870 Ac
711 1811 898 1868 Jesum
931 1813 1148 1882 quidem
1201 1813 1628 1882 persequebatur
1661 1810 1830 1867 Iudas
1863 1822 1944 1868 te-

2116 1813 2178 1866 νᾶ
2208 1809 2368 1882 μέχρι
2394 1809 2494 1878 τῆς
2519 1808 2754 1878 ἀγχόνης
2780 1806 2940 1860 αὑτὸν
2969 1805 3520 1876 χειραγωγήσαντος,
3551 1800 3638 1855 καὶ

368 1909 662 1964 nebrarum
690 1905 924 1976 plenus;
957 1904 1052 1958 sed
1090 1905 1348 1968 tenebrae,
1374 1915 1428 1958 ct
1465 1904 1556 1974 qui
1607 1904 1752 1973 ipsas
1791 1917 1940 1959 rece-

367 2009 544 2072 perat,
576 2014 682 2054 non
718 1996 1190 2067 apprehenderunt
1219 1995 1460 2050 lucem“
1478 2011 1638 2065 quam
1661 2010 1946 2066 perseque-

369 2095 587 2148 bantur.
637 2091 900 2158 Quocirca
945 2105 1068 2145 cum
1124 2087 1351 2144 dixisset
1410 2100 1667 2158 tanquam
1719 2085 1944 2157 iustitiae

369 2198 677 2240 sermonem
699 2199 714 2236 :
735 2202 754 2236 ι
773 2181 999 2238 Peccavi
1030 2181 1250 2237 tradens
1281 2181 1594 2251 sanguinem
1616 2179 1818 2248 justum
1835 2179 1936 2246 ⁸⁵,ι

372 2276 650 2346 profectus
693 2275 888 2346 laqueo
947 2288 1004 2330 se
1063 2273 1409 2345 praefocavit;
1440 2271 1641 2326 Satana
1684 2272 1940 2326 nimirum

2052 1905 2143 1957 ἐπὶ
2168 1904 2372 1974 ταύτην
2400 1902 2560 1956 αὐτὸν
2600 1901 3037 1972 ἀναρτήσαντος,
3072 1900 3160 1952 ὅτε
3187 1899 3284 1952 καὶ
3315 1899 3425 1969 τῆς
3464 1898 3641 1967 ψυχῆς

2051 1995 2214 2052 αὐτοῦ
2255 1997 2282 2049 6
2321 1993 2565 2056 διάϐολος
2595 1993 2768 2063 ἥψατο
2787 2010 2801 2023 θ
2833 1993 2894 2045 οὐ
2924 1991 3032 2063 γὰρ
3075 1986 3144 2061 ἦν
3172 1989 3423 2054 τοιοῦτος
3451 1990 3534 2053 ὡς
3563 1989 3640 2040 λε-

2049 2089 2243 2162 χθῆναι
2290 2090 2416 2162 περὶ
2445 2087 2608 2142 αὑτοῦ
2660 2085 2764 2140 ὑπὸ
2790 2085 2994 2155 Κυρίου
3023 2123 3037 2144 ,
3067 2083 3204 2155 ὅπερ
3248 2082 3474 2154 εἴρηται
3519 2081 3638 2151 περὶ

2046 2179 2144 2235 τοῦ
2181 2180 2299 2233 Ἰὼϐ
2327 2181 2462 2252 πρὸς
2490 2181 2578 2234 τὸν
2599 2178 2841 2233 διάϐολον
2865 2193 2875 2205 ·
2919 2195 2937 2228 ι
2962 2175 3117 2229 Ἀλλά
3131 2176 3230 2246 τῆς
3261 2174 3451 2244 ψυχῆς
3479 2171 3638 2228 αὐτοῦ

2051 2271 2126 2343 μὴ
2170 2271 2300 2343 fidun-
2343 2291 2360 2323 ι

372 2368 466 2438 qui
493 2367 546 2422 in
587 2367 702 2437 ipso
733 2374 872 2431 erat,
913 2379 1034 2421 eum
1065 2379 1237 2434 usque
1261 2364 1327 2418 ad
1365 2365 1617 2434 laqueum
1683 2365 2084 2431 adducente,'et
2144 2363 2195 2418 in
2227 2365 2332 2419 hoc
2387 2363 2562 2432 ipsum
2610 2360 2934 2430 praefocante
2967 2379 2982 2424 ;
3035 2357 3252 2427 quando
3300 2368 3360 2411 et
3403 2357 3636 2410 animam

371 2460 492 2528 ejus
521 2457 770 2514 diabolus
808 2457 1026 2526 attigit;
1058 2455 1255 2526 quippe
1281 2455 1372 2524 qui
1421 2455 1543 2509 talis
1575 2469 1682 2509 non
1719 2464 1864 2510 esset
1893 2463 1953 2508 ut
1987 2454 2055 2510 de
2081 2469 2145 2510 eo
2173 2455 2445 2510 diceretur
2481 2471 2511 2509 a
2557 2455 2800 2519 Domino,
2835 2453 2975 2523 quod
3031 2454 3096 2507 de
3140 2451 3244 2507 Job
3295 2460 3386 2506 est
3437 2452 3634 2508 dictum

373 2556 442 2612 ad
493 2555 766 2610 diabolum
803 2573 816 2608 :
849 2571 868 2606 ι
901 2552 971 2607 At
1002 2553 1148 2608 illius
1181 2552 1416 2606 animam
1460 2565 1528 2605 ne
1557 2551 1791 2621 attingas
1821 2551 1890 2606 ⁵⁸.
1926 2571 1944 2604 ι

445 2650 533 2707 17.
567 2667 585 2702 ι
626 2648 758 2703 Cum
795 2663 925 2719 ergo
949 2646 1197 2714 exiisset,
1231 2645 1392 2702 Jesus
1407 2645 1578 2701 dicit:
1608 2643 1760 2701 Nunc
1787 2646 1950 2716 glori-

376 2741 569 2796 ficatus
619 2748 703 2795 est
732 2738 900 2793 Filius
952 2736 1209 2800 hominis,
1234 2745 1288 2791 et
1322 2736 1464 2791 Deus
1500 2735 1834 2807 gloriﬁcatus
1866 2744 1950 2790 est

380 2848 476 2904 per
500 2846 642 2886 eum.
674 2827 732 2885 Si
760 2829 902 2884 Deus
928 2826 1263 2899 gloriﬁcatus
1290 2835 1375 2882 est
1419 2841 1516 2896 per
1537 2841 1684 2891 eum,
1724 2835 1776 2881 et
1807 2825 1948 2880 Deus

378 2924 707 2998 glorificabit
751 2937 875 2978 eum
919 2936 1015 2991 per
1080 2937 1186 3000 se,
1225 2930 1280 2974 et
1315 2919 1574 2975 continuo
1623 2918 1950 2989 gloriﬁcabit

378 3031 504 3072 eum
535 3016 602 3070 ⁸⁷.
631 3034 652 3069 ι
689 3015 840 3070 Tunc
892 3011 1116 3083 gloriari
1143 3011 1311 3082 coepit
1343 3010 1510 3066 Filius
1560 3010 1794 3065 hominis
1827 3019 1952 3078 post

379 3111 611 3182 gloriam
633 3123 753 3180 quae
781 3108 850 3164 ob
877 3109 1030 3176 signa
1062 3113 1115 3160 et
1138 3105 1377 3175 prodigia
1404 3103 1721 3174 contigerat,
1756 3114 1810 3158 et
1835 3111 1955 3172 post

379 3204 607 3274 gloriam
667 3199 1179 3270 lransfigurationis,
1213 3195 1379 3268 M6
1427 3210 1550 3249 cum
1603 3193 1769 3250 Judas
1827 3197 1950 3250 cum

377 3296 582 3350 Satana
611 3292 663 3346 in
689 3291 865 3361 ipsum
898 3289 1171 3358 ingresso,
1195 3301 1224 3341 a
1250 3287 1367 3342 loco
1394 3285 1486 3340 ubi
1507 3294 1626 3340 erat
1649 3283 1803 3340 Jesus
1841 3287 1956 3342 exi-

379 3385 482 3442 vit.
520 3383 785 3453 Quocirca
839 3380 978 3434 dixit
1006 3378 1164 3434 Jesus
1199 3395 1212 3430 :
1247 3394 1267 3428 ι
1306 3375 1460 3431 Nunc
1496 3376 1824 3445 glorilicatus
1873 3387 1953 3431 est

378 3479 551 3536 Filius
570 3475 884 3534 hominis”.
911 3493 928 3526 ι
952 3472 1220 3527 Praeterea
1242 3469 1370 3525 illud
1391 3468 1554 3523 etiam
1577 3485 1590 3522 :
1610 3488 1628 3521 ι
1649 3466 1705 3523 Si
1735 3483 1832 3537 ego
1861 3483 1958 3522 ex-

383 3571 585 3626 altatus
606 3583 636 3623 a
657 3577 800 3624 terra
825 3567 997 3632 fuero,
1026 3566 1209 3623 omnia
1235 3564 1445 3618 traham
1477 3563 1542 3617 ad
1575 3559 1948 3629 meipsum”,n

384 3664 588 3720 dictum
609 3672 694 3718 est
717 3679 748 3716 a
778 3661 1074 3716 Servatore
1099 3658 1440 3728 significante
1467 3654 1610 3724 quali
1637 3659 1807 3708 morte
1838 3651 1955 3722 glo-

384 3756 629 3812 riﬁcatus
680 3762 826 3810 esset
855 3753 1061 3820 Deum;
1107 3747 1430 3821 glorificavit
1462 3745 1602 3800 enim
1643 3745 1806 3800 etiam
1841 3758 1957 3798 mo-

381 3848 574 3905 riendo
629 3847 819 3902 Deum.
859 3845 1008 3901 Hanc
1053 3844 1124 3899 ob
1177 3856 1420 3905 causam,
1458 3839 1713 3910 quoniam
1744 3837 1954 3890 initium

383 3941 803 4013 dispensationis
853 3937 1099 3994 morituri
1135 3933 1265 3990 Jesu
1305 3931 1704 4003 perficiebatur,
1737 3941 1956 3999 egresso

384 4045 510 4108 post
536 4033 754 4090 offulam
785 4031 941 4096 Juda,
984 4040 1045 4085 ut
1092 4039 1284 4086 contra
1324 4025 1508 4081 Jesum
1555 4022 1952 4093 negotiaretur,

389 4131 592 4185 dictum
626 4135 781 4182 estzr
811 4125 962 4180 Nunc
994 4123 1330 4194 glorificatus
1349 4129 1433 4174 est
1459 4116 1627 4172 Filius
1652 4114 1950 4178 hominisp

2125 2645 2212 2700 17.
2250 2643 2410 2697 «Ὅτε
2431 2638 2522 2696 οῦν
2552 2639 2794 2710 ἐξῆλθεν,
2820 2642 2848 2693 6
2887 2635 3093 2709 Ἰησοῦς
3116 2637 3292 2705 λέγει·
3317 2635 3439 2690 Νῦν
3473 2635 3642 2700 ἐδοξά-

2054 2738 2155 2811 σθη
2191 2741 2219 2792 6
2251 2738 2378 2801 Υἱὸς
2421 2735 2515 2789 τοῦ
2547 2733 2835 2804 ἀνθρώπου
2861 2773 2874 2796 ,
2907 2732 3000 2784 καὶ
3047 2734 3076 2783 6
3116 2731 3249 2793 Θεὸς
3284 2728 3559 2798 ἐδοξάσθη
3587 2732 3636 2780 ἐν

2052 2830 2199 2904 αύτῷ
2222 2847 2235 2860 °
2273 2831 2321 2883 εἰ
2349 2829 2377 2880 6
2407 2828 2536 2890 Θεὸς
2560 2825 2817 2897 ἐδοξάσθη
2848 2828 2901 2878 ἐν
2937 2822 3104 2893 αὐτῷ,
3141 2824 3235 2875 καὶ
3261 2822 3290 2874 6
3320 2821 3463 2884 Θεὸς
3493 2819 3640 2883 δοξά-

2055 2942 2134 2978 σει
2178 2923 2336 2976 αύτὸν
2363 2923 2420 2973 ἐν
2450 2918 2596 2990 αὐτῷ
2620 2937 2632 2949 ·
2666 2920 2759 2972 καὶ
2798 2918 2958 2980 εὐθὺς
2995 2917 3206 2982 δοξάσει
3243 2914 3360 2984 (22)
3394 2913 3581 2966 αὐτόν.
3617 2931 3636 2964 ι

2066 3011 2231 3083 Ἀρχὴ
2264 3010 2356 3064 τοῦ
2385 3008 2694 3073 δεδοξάσθαι
2740 3007 2830 3060 τὸν
2876 3006 3004 3059 Υἱὸν
3034 3005 3128 3058 τοῦ
3172 3004 3473 3076 ἀνθρώπου
3510 3004 3639 3074 μετὰ

2058 3103 2155 3166 τὰς
2187 3104 2278 3155 ἐπὶ
2305 3105 2414 3164 τοῖς
2450 3099 2693 3171 σημείοις
2723 3100 2816 3152 καὶ
2845 3099 3031 3170 τέρασι
3072 3095 3230 3162 δόξας
3250 3135 3264 3159 ,
3297 3097 3397 3149 καὶ
3423 3095 3529 3166 τὴν
3561 3098 3642 3149 ἐπὶ

2058 3200 2125 3268 τῇ
2157 3193 2594 3266 μεταμορφώσει,
2627 3191 2684 3244 τὸ
2728 3189 3096 3261 ἐξεληλυθέναι
3139 3187 3230 3240 τὸν
3273 3189 3484 3241 Ἰούδαν
3517 3189 3642 3258 μετὰ

2060 3286 2152 3340 τοῦ
2175 3285 2502 3347 εἰσελθόντος
2531 3285 2610 3345 εἰς
2639 3281 2799 3334 αὐτὸν
2824 3281 3032 3333 Σατανᾶ
3059 3280 3166 3332 ἀπὸ
3194 3279 3287 3332 τοῦ
3320 3279 3497 3332 τόπου
3527 3279 3640 3332 ἔνθα

2057 3373 2125 3447 ἦν
2151 3379 2180 3430 6
2215 3375 2438 3447 Ἰησοῦς.
2466 3373 2555 3426 Διὸ
2582 3369 2731 3425 εἶπεν
2763 3375 2791 3425 6
2825 3371 3025 3442 Κύριος
3053 3371 3145 3424 τό’
3182 3390 3200 3423 ι
3233 3371 3349 3424 Νῦν
3384 3372 3636 3441 ἐδοξάσθη

2059 3473 2088 3524 6
2114 3470 2238 3531 Υἱὸς
2257 3466 2350 3520 τοῦ
2378 3464 2682 3537 ἀνθρώπου.
2714 3482 2732 3514 ι
2766 3463 2886 3515 Ἔτι
2911 3463 2966 3515 δὲ
2997 3463 3087 3514 καὶ
3109 3461 3170 3514 τό
3194 3479 3205 3491 ’
3245 3482 3263 3512 ι
3288 3462 3419 3515 Ἐὰν

2061 3563 2124 3613 ἐκ
2157 3561 2254 3630 τῆς
2285 3558 2408 3628 γῆς,
2433 3558 2637 3618 πάντας
2677 3553 2885 3607 ἑλκύσω
2916 3552 3050 3624 πρὸς
3076 3554 3335 3622 ἐμαυτὸν,
3376 3573 3395 3605 ι
3430 3554 3639 3625 εἴρηται

2063 3648 2168 3702 ὑπὸ
2213 3647 2306 3700 τοῦ
2340 3647 2589 3718 Σωτῆρος
2637 3644 2989 3714 σημαίνοντος
3017 3643 3152 3713 ποίῳ
3184 3642 3405 3714 θανάτῳ
3433 3644 3640 3710 δοξάσει

2060 3744 2151 3797 τὸν
2189 3742 2352 3795 Θεόν·
2384 3739 2602 3804 ἐδόξασε
2643 3739 2750 3810 γὰρ
2793 3738 2887 3791 καὶ
2931 3740 2988 3790 ἐν
3019 3737 3098 3808 τῷ
3144 3737 3519 3808 ἀποθνήσκειν
3560 3738 3641 3791 76v

2061 3833 2211 3889 Θεόν.
2248 3833 2346 3887 Διά
2376 3830 2530 3884 τοῦτο
2550 3870 2566 3895 ,
2598 3830 2680 3882 ὅτι
2706 3829 2814 3899 (‘25)
2845 3830 2877 3898 ἡ
2911 3827 3052 3899 ἀρχὴ
3084 3827 3185 3897 τῆς
3214 3829 3537 3897 οἰκονομίας
3557 3827 3639 3879 τοῦ

2066 3928 2282 3999 μέλλειν
2315 3925 2674 3994 ἀποθνήσκειν
2707 3919 2800 3975 τὸν
2829 3920 3034 3992 Ἰησοῦν
3071 3922 3377 3990 ἐνηργεῖτο,
3411 3920 3640 3984 ἐξελθόν-

2061 4038 2152 4084 τος
2189 4017 2326 4090 μετά
2347 4018 2406 4071 τὸ
2433 4015 2642 4086 ψωμίον
2669 4013 2760 4068 τοῦ
2805 4012 2974 4066 Ἰούδα
2991 4053 3006 4077 ,
3031 4012 3121 4064 ἵνα
3150 4011 3639 4082 πραγματεύσηται

2063 4109 2206 4165 κατά
2229 4107 2322 4161 τοῦ
2364 4104 2536 4178 Ἰησοῦ
2557 4145 2570 4168 ,
2607 4105 2820 4174 εἴρηται
2846 4103 2907 4155 τό
2929 4119 2942 4132 ο
2983 4121 3001 4152 ι
3030 4100 3144 4154 Νῦν
3174 4100 3437 4171 ἐδοξάσθη
3467 4104 3496 4154 6
3526 4102 3642 4163 Tit;

389 4225 584 4280 deinde
614 4221 868 4288 quoniam
899 4191 1019 4273 noni
1035 4216 1196 4271 liceat
1221 4212 1508 4283 glorificari
1533 4210 1830 4274 Christum,
1851 4222 1957 4261 non

2116 4203 2156 4256 μῦ
2186 4201 2470 4272 ἀνθρώπου
2494 4215 2507 4227 ·
2548 4216 2566 4248 ι
2604 4192 2698 4249 εἴτ’
2732 4196 2852 4247 ἐπεὶ
2871 4194 2970 4246 οὐκ
3005 4192 3178 4246 ἔνεστι
3206 4191 3642 4262 δοξασθῆναιτδτ

390 4316 694 4388 glorificato
734 4328 830 4383 per
863 4313 1037 4382 ipsum
1081 4308 1262 4369 Patre,
1295 4313 1580 4374 propterea
1620 4302 1704 4357 his
1738 4300 1954 4356 verbis:

2063 4293 2314 4366 Χριστὸν,
2353 4289 2425 4361 μὴ
2458 4283 2868 4355 ἐνδοξαζομένου
2900 4283 2956 4335 ἐν
2982 4282 3130 4352 αύτῷ
3159 4280 3250 4334 τοῦ
3287 4281 3530 4354 Πατρός,
3562 4281 3638 4333 διὰ

393 4371 421 4464 ἵ
455 4409 607 4464 Nunc
636 4405 969 4478 glorificatus
999 4413 1086 4458 est
1133 4400 1305 4455 Filius
1348 4395 1600 4457 hominis,
1637 4413 1656 4447 ι
1690 4393 1958 4447 adduntur

2116 4385 2220 4438 ιῦτο
2247 4382 2564 4454 πρόσκειται
2597 4375 2674 4445 τῷ
2697 4392 2710 4405 ·
2751 4394 2770 4426 ι
2793 4373 2906 4427 Νῦν
2940 4371 3194 4442 ἐδοξάσθη
3221 4372 3249 4422 6
3278 4371 3411 4434 Υἱὸς
3436 4371 3534 4424 τοῦ
3563 4371 3639 4423 άν-

2155 4475 2163 4481 .
2461 4470 2474 4481 ι
2607 4468 2650 4481 11
2695 4466 2707 4481 ι
2777 4467 2789 4481 ο
2846 4463 2884 4481 n
2919 4462 2933 4481 ἱ
3023 4459 3268 4481 ’δέν-9-(ιρ
3322 4463 3339 4481 ε
3373 4479 3378 4481 ,
3419 4460 3558 4481 __9__..
3621 4479 3626 4481 _

390 4503 509 4559 hac
542 4517 556 4554 :
593 4517 614 4552 ι
667 4499 734 4552 Ει
767 4498 906 4553 Deus
933 4493 1261 4567 gloriﬁcatus
1298 4500 1382 4546 est
1419 4503 1515 4559 per
1560 4488 1759 4556 ipsum.
1797 4504 1817 4538 ι
1855 4483 1958 4538 Ve-

391 4600 700 4650 rumtamen
740 4589 909 4661 gloria
945 4586 1265 4654 contingens
1297 4581 1365 4636 ob
1398 4587 1623 4634 mortem
1653 4591 1752 4645 pro
1785 4574 1959 4630 homi-

392 4686 552 4742 nibus
604 4697 713 4738 non
751 4676 1056 4751 pertinebat
1113 4675 1176 4728 ad
1233 4669 1568 4740 unigenitum
1619 4665 1825 4734 Λόγον,
1861 4677 1958 4717 seu

391 4779 733 4841 Sermonem,
766 4773 857 4844 qui
888 4779 1077 4826 natura
1107 4765 1246 4823 mori
1278 4774 1433 4834 aptus
1479 4777 1584 4816 non
1614 4769 1755 4824 erat,
1781 4771 1958 4827 neque

392 4870 462 4925 ad
483 4867 826 4940 sapientiam,
857 4873 912 4917 et
946 4862 1223 4932 pietatem,
1248 4865 1305 4912 et
1328 4865 1666 4925 quaecunque
1710 4848 1814 4903 alia
1838 4861 1958 4903 esse

390 4939 647 5020 dicuntur
700 4959 758 5013 in
789 4955 917 5012 Jesu
961 4947 1390 5016 diviniora;sed
1435 4946 1501 4998 ad
1541 4943 1836 5003 hominem,
1869 4939 1961 5009 qui

391 5062 513 5112 erat
537 5053 701 5108 etiam
722 5048 894 5106 Filius
924 5045 1177 5107 hominis,
1209 5029 1422 5112 genitus
1455 5052 1518 5092 ex
1550 5034 1760 5090 semine
1794 5030 1962 5086 David

394 5145 693 5203 secundum
725 5153 949 5196 carnem
979 5136 1046 5191 ⁸⁸.
1079 5135 1340 5201 Quocirca
1370 5127 1616 5197 superius
1645 5124 1859 5195 quidem
1883 5122 1967 5177 di-

2067 4475 2323 4548 θρώπου,
2363 4491 2381 4522 ι
2415 4470 2477 4523 τό
2501 4485 2514 4498 ·
2552 4487 2571 4520 ι
2607 4466 2718 4519 Καὶ
2768 4467 2796 4518 6
2845 4462 2976 4526 Θεδς
3021 4459 3280 4530 ἐδοξάσθη
3318 4463 3380 4514 ἐν
3411 4460 3580 4530 αὐτῷ.
3616 4479 3631 4509 ι

2065 4569 2211 4639 Πλὴν
2245 4569 2279 4638 ἡ
2311 4564 2399 4618 διὰ
2422 4563 2513 4618 τὸν
2547 4559 2687 4630 ὑπὲρ
2721 4555 3018 4630 ἀνθρώπων
3048 4554 3271 4608 θάνατον
3301 4551 3436 4617 δόξα
3460 4553 3523 4605 οὖ
3555 4551 3634 4604 τοῦ

2070 4658 2144 4730 μὴ
2169 4655 2470 4726 πεφυκότος
2499 4649 2858 4719 ἀποθνήσκειν
2880 4640 2946 4716 ἦν
2975 4642 3291 4714 μονογενοῦς
3318 4642 3526 4710 Λόγου,
3553 4640 3632 4694 καὶ

2067 4750 2276 4818 σοφίας,
2302 4747 2394 4800 καὶ
2414 4743 2688 4814 ἀληθείας,
2721 4743 2813 4794 καὶ
2836 4742 2936 4793 ὅσα
2964 4739 3097 4792 ἄλλα
3126 4734 3264 4789 εἶναι
3293 4735 3517 4802 λέγεται
3541 4732 3632 4786 τῶν

2065 4843 2124 4895 ἐν
2155 4840 2233 4912 τῷ
2276 4835 2450 4909 Ἰησοῦ
2484 4833 2765 4905 θειοτέρων
2791 4872 2805 4896 ,
2849 4830 2984 4884 ἀλλὰ
3022 4827 3113 4882 τοῦ
3147 4824 3461 4897 ἀνθρώπου,
3493 4826 3550 4888 6;
3574 4820 3633 4895 ἦν

2068 4935 2161 4990 καὶ¹
2206 4933 2335 4996 Υἱὸς
2379 4927 2473 4983 τοῦ
2514 4926 2837 4997 ἀνθρώπου,
2884 4922 3172 4992 γενόμενος
3221 4921 3286 4972 ἐκ
3336 4918 3630 4997 σπέρματος

2069 5026 2231 5081 Δαυῒδ
2279 4993 2342 5077 τί)
2371 5022 2513 5076 κοιτά
2564 4993 2758 5090 σάρκα.
2786 5017 2982 5086 Διόπερ
3031 5012 3285 5081 ἀνωτέρω
3337 4993 3627 5080 μὲνέἷπεο

2077 5140 2095 5170 ι
2126 5118 2240 5173 Νῦν
2268 5115 2479 5188 ζητεῖτέ
2517 5130 2582 5184 με
2608 5113 2943 5171 ἀποκτεῖναι,
2975 5105 3257 5175 ἄνθρωπον
3282 5103 3344 5166 ὃς
3375 5103 3476 5173 τὴν
3514 5102 3626 5172 iit-.5-

395 5191 943 5311 ιῂΝιιιιο
990 5191 1233 5299 quaeritis
1285 5238 1370 5279 me
1415 5191 1756 5283 interficere,
1792 5214 1960 5272 homi-

2116 5227 2221 5264 ειαν
2247 5209 2374 5278 ὑμῖν
2405 5205 2676 5275 λελάληκα
2700 5219 2713 5232 ο
2751 5219 2770 5252 ι
2804 5201 2860 5252 ἐν
2891 5200 3004 5260 τοῖς
3030 5191 3440 5263 ἐξεταζομένοις
3467 5191 3521 5244 δὲ
3551 5191 3626 5242 λέ-

2235 5303 2248 5311 .
2357 5299 2435 5311 ιν·-
2499 5297 2553 5311 ιο.
2589 5295 2643 5311 νο
2690 5295 2716 5311 Α
2794 5295 2807 5311 ρ
2839 5291 2928 5311 vnn
2952 5308 2965 5311 -
2992 5289 3080 5311 ___',
3112 5285 3396 5311 L-.h-.'._..
3461 5303 3477 5311 -
3512 5281 3601 5311 '1"-..

396 5308 669 5398 nem,_qui
697 5325 982 5382 veritatem
1005 5320 1158 5376 vobis
1198 5319 1409 5374 locutus
1437 5327 1557 5370 sum
1588 5329 1604 5378 ;
1638 5331 1657 5364 ›
1689 5309 1744 5364 in
1776 5308 1843 5364 iis
1870 5321 1967 5361 au-

2071 5319 2157 5373 γει
2190 5303 2251 5356 τό
2270 5318 2282 5332 ·
2310 5319 2330 5353 ι
2357 5299 2471 5354 Νῦν
2497 5295 2757 5364 ἐδοξάσθη
2787 5295 2814 5345 6
2839 5291 2966 5354 Υἱὸς
2990 5289 3083 5342 τοῦ
3107 5285 3419 5358 ἀνθρώπου.
3460 5303 3479 5335 ι
3512 5281 3622 5337 T03-

469 5463 516 5494 “
538 5461 557 5515 Ι
577 5461 742 5516 Thes.
757 5475 812 5525 ν,
832 5458 888 5513 5.
958 5455 1010 5525 f"
1029 5450 1247 5525 ibid.8.‘
1301 5445 1552 5525 “Matth.
1571 5457 1685 5503 XVI,
1704 5439 1790 5525 lsi:

2116 5427 2344 5493 π.νι,12.
2419 5421 2897 5495 "_Malach.lv,2.
2971 5415 3323 5472 ll"Joan.t.5.
3390 5413 3621 5468 "Matth.

2127 5501 2253 5525 πμ.-.
2317 5515 2409 5525 ν...
2486 5499 2545 5525 '21
2678 5494 2861 5525 ηιιιηη
2945 5506 3017 5525 νη
3067 5488 3135 5525 ΖΘ
3221 5487 3268 5518 σο
3318 5484 3470 5525 Rana,
3513 5483 3620 5525 [Ξ-

400 5507 812 5590 ιινιίῘῖῄΞέῘ
835 5507 922 5560 ﬂ"
950 5507 1069 5581 Job,
1098 5537 1160 5589 ιι,
1217 5520 1273 5575 6.
1347 5518 1390 5549 ⁵⁷
1413 5514 1567 5570 Joan.
1587 5527 1705 5578 xm,
1733 5511 1823 5577 51,
1853 5507 1945 5562 52.

474 5641 586 5711 (20)
622 5641 746 5697 llaec
777 5655 805 5696 a
828 5638 1078 5694 Fer-rario
1095 5629 1484 5707 pnetermisso,
1515 5624 1811 5685 ePerionio
1842 5637 1970 5692 sup-

407 5710 690 5778 plevimus.

483 5779 596 5845 (il)
627 5780 806 5836 Codex
835 5777 1055 5847 Regius,
1090 5774 1205 5841 ἅμα
1227 5772 1333 5838 ’τῷο

2043 5504 2092 5536 ⁵⁸
2118 5501 2280 5557 Joan.
2317 5515 2436 5567 xm,
2486 5499 2578 5554 5L

2678 5483 2885 5551 "Joan.
2944 5506 3042 5554 xu,
3067 5488 3158 5542 52.
3221 5487 3268 5560 ⁸9
3317 5484 3476 5541 Rom.
3510 5483 3621 5550 1,5.

2147 5616 2260 5681 (29)
2293 5615 2439 5670 idem
2471 5613 2642 5669 codex
2673 5610 2893 5678 Regius.
2923 5603 3172 5681 δοξάζειο,
3417 5667 3453 5681 ,,
3503 5666 3542 5681 _.

2078 5763 2101 5777 η
2150 5667 3242 5760 {igiioiirnisﬁiclcgitl‘“crrarius;codex
3271 5667 3457 5728 νει-οη
3499 5667 3608 5732 gius

2077 5778 2188 5817 οτε.
