3712 6138
53 376 103 436 8i
115 376 145 433 5
1016 363 1372 421 COMMENT.
1417 362 1483 418 IN
1522 361 1607 419 JO.

1778 361 1995 417 [Ὁδίυὲ
2039 362 2254 415 XXXII.
3192 359 3294 410 διδ

52 505 129 545 τον
151 483 196 542 δ’
221 475 365 555 οἶμαι
408 478 504 533 καὶ
533 479 564 532 ό
592 477 725 543 Θεὸς
757 477 1109 552 ὑπερύψωσε,
1142 478 1433 552 γενόμενον
1457 476 1599 547 ὑπή-

1780 493 1814 531 η
1843 491 1965 548 quae
1988 491 2136 532 nunc
2157 474 2566 532 consideramus
2582 481 2638 531 et
2660 470 3116 537 tractamus,hzee
3150 470 3230 525 ait
3249 466 3291 543 τ]

52 594 155 636 mm
192 572 340 648 μέχρι
371 571 602 626 θανάτου
625 611 641 635 ,
672 569 903 625 θανάτου
925 570 980 624 δὲ
1004 571 1266 642 σταυροῦ⁸
1291 573 1320 625 6
1352 570 1463 643 γὰρ
1498 569 1600 622 Λό-

1778 566 1922 623 Nunc
1944 566 2277 639 gloriﬁcatus
2303 566 2572 623 estl’ilius
2593 565 2885 622 hominis.»
2918 563 3072 620 llunc
3111 562 3293 628 etiam,

52 686 134 742 γος
168 669 222 723 ὲν
263 666 398 737 ἀρχῇ
431 661 568 735 πρὸς
593 662 684 717 τὸν
704 663 837 717 Θεὸν
859 662 993 727 Θεὸς
1027 662 1136 735 (at)
1163 663 1265 716 οὐκ
1284 661 1599 733 ἐπιδέχεται

1779 660 1921 727 inor,
1937 658 2080 715 Deus
2109 658 2391 727 exultavit,
2417 658 2623 714 factum
2652 658 2997 715 obedientem
3023 672 3207 729 usque
3231 658 3301 712 ad

49 764 101 819 τὸ
146 755 570 831 ὓπερυψωθῆναι.
636 755 707 809 Ἦ
743 755 801 809 δὲ
839 753 1189 827 ύπερύψωσις
1210 753 1303 808 τοῦ
1329 753 1462 807 Υίοῢ
1508 754 1602 808 τοῦ

1778 763 1958 820 ιι-ιειιι,
1978 761 2209 808 mortem
2241 763 2421 807 autem
2448 751 2701 807 crucis".
2719 750 2856 805 Nam
2890 751 3022 806 illud
3053 749 3297 806 Verbum

49 850 304 924 ἀνθρώπου
345 847 611 919 γενομένη
646 845 796 918 αὐτῷ
832 846 1115 913 δοξάσαντι
1144 846 1236 901 τὸν
1274 845 1405 900 Θεὸν
1443 847 1500 899 ἐν
1525 844 1604 918 τῷ

1779 846 1844 899 od
1869 856 1990 901 erat
2015 845 2070 900 in
2102 844 2378 915 principio
2425 842 2567 913 apud
2590 843 2762 898 Deum
2799 844 2939 899 Deus
2965 843 3031 909 ",
3066 858 3171 898 non
3209 857 3299 898 re-

50 942 217 1002 ἑαυτοῦ
244 939 476 1010 Θανάτῳ,
519 937 658 1011 αὕτη
684 933 754 1010 ἦν
783 938 981 1011 μηκέτι
1025 936 1212 1008 ἕτερον
1260 935 1423 991 αὐτὸν
1463 931 1602 990 εἶναι

1778 939 1833 993 tit
1858 938 2108 994 exaltari.
2154 937 2430 994 Caeterum
2461 937 2727 992 exaltatio
2755 936 2878 991 Filii
2909 937 3147 993 hominis
3193 936 3295 991 sibi

1705 1025 1844 1083 facta
1876 1027 2198 1099 gloriﬁcanti
2238 1029 2403 1082 Deum
2451 1041 2549 1098 per
2588 1042 2744 1082 suam
2799 1029 2973 1098 ipsius
3028 1038 3284 1095 mortem,

1705 1123 1823 1178 haec
1845 1122 1965 1187 fuit,
1994 1131 2188 1175 utnon
2240 1120 2475 1190 amplius
2511 1120 2626 1189 ipse
2671 1120 2813 1176 aliud
2858 1128 3051 1176 esseta
3083 1121 3287 1185 Verbo,

49 1214 235 1273 καὶτοῦ
263 1211 569 1284 πνεύματος
601 1211 800 1282 μηκέτι
831 1209 899 1265 ἂν
932 1208 1191 1280 λέγεσθαι
1219 1208 1311 1263 τό·
1338 1207 1443 1262 Δύο
1473 1208 1602 1275 εἰσὶ,

1778 1214 1798 1269 l
1827 1214 1970 1269 idem
1996 1229 2119 1269 cum
2155 1214 2290 1284 ipso.
2328 1211 2461 1267 Nam
2491 1215 2534 1270 si
2572 1233 2591 1267 ι
2630 1213 2724 1283 qui
2764 1212 3003 1267 adba-ret
3036 1212 3286 1279 Domino,

49 1311 143 1375 πῶς
164 1308 276 1381 οὐχὶ
315 1306 518 1379 μᾶλλον
541 1304 602 1359 τὸ
628 1301 970 1376 ἀνθρώπινον
1004 1302 1099 1356 τοῦ
1133 1301 1307 1372 Ἰησοῦ
1340 1300 1479 1373 μετά
1509 1300 1602 1355 τοῦ

1782 1321 1843 1361 us
1886 1316 1974 1362 est
2006 1307 2233 1375 spiritus
2254 1307 2320 1372 ⁸³,
2367 1325 2386 1358 ι
2420 1316 2478 1361 ιιι
2506 1307 2571 1362 de
2609 1308 2714 1363 hoc
2751 1315 2808 1362 et
2854 1306 2921 1361 de
2956 1305 3147 1377 spiritu
3176 1322 3286 1362 non

49 1404 191 1474 Λόγου
216 1401 462 1471 λέγοιμεν
484 1396 769 1468 γεγονέναι
796 1396 876 1461 ἓν,
902 1394 1335 1468 ύπερυψωμένου
1372 1394 1473 1467 μὲν
1505 1392 1601 1447 τοῦ

1778 1398 1938 1470 tplius
1961 1398 2177 1454 dicatur
2207 1397 2350 1469 quod
2394 1399 2501 1453 duo
2540 1398 2651 1453 sint
2679 1414 2694 1465 ;
2723 1398 2996 1468 quomodo
3035 1412 3141 1453 non
3174 1414 3285 1453 ma-

49 1495 109 1567 μὴ
135 1488 419 1564 ἁρπαγμὸν
448 1484 800 1561 ἡγησαμένου
822 1485 884 1540 τὸ
908 1480 1049 1541 εἶναι
1075 1485 1167 1539 ἴσα
1184 1484 1324 1556 Θεῷ,
1350 1485 1607 1556 μένοντος

1778 1507 1788 1546 ι
1841 1490 2145 1545 diceremus
2176 1490 2229 1544 id
2260 1489 2403 1560 quod
2435 1490 2503 1545 de
2552 1489 2682 1546 Jesu
2728 1499 2813 1546 est
2842 1492 3162 1567 humanum,
3197 1490 3281 1545 fa.

49 1586 90 1639 δὲ
112 1587 164 1638 ὲν
191 1581 265 1654 τῷ
293 1581 407 1651 ίδίῳ
441 1579 568 1650 ὕψει
592 1619 607 1640 ,
638 1579 674 1652 ἢ
709 1577 805 1632 καὶ
838 1575 949 1650 (25)
974 1575 1486 1648 ἀποκαθισταμένου
1518 1575 1605 1629 ἐπ’

1778 1597 1850 1637 tm
1873 1580 2041 1638 fuisse
2080 1596 2248 1638 unum
2283 1596 2406 1636 cum
2441 1581 2645 1650 Verbo,
2666 1582 2903 1638 exaltato
2930 1566 3144 1652 quidem
3187 1572 3299 1639 illo.

49 1674 152 1730 ιύτὸ
186 1671 273 1727 τοῦ
309 1669 488 1740 Λόγου
516 1710 532 1735 ,
559 1671 650 1724 ὅτε
678 1668 844 1724 πάλιν
877 1663 946 1740 ἦν
971 1668 1110 1742 πρὸς
1135 1667 1227 1723 τὸν
1266 1667 1401 1722 Θεὸν
1424 1707 1440 1733 ,
1469 1666 1601 1733 Θεὸς

1782 1672 1798 1727 i
1830 1691 1850 1725 ι
1879 1686 1986 1728 non
2017 1673 2261 1743 rapinam
2290 1673 2584 1729 arbitratus
2624 1682 2712 1729 est
2762 1688 2822 1729 se
2860 1688 2983 1730 esse
3014 1672 3278 1743 aequalem

49 1764 188 1833 Λόγος
204 1762 277 1815 ὢν
305 1761 398 1815 καὶ
432 1758 544 1831 (26)
576 1758 864 1832 ἄνθρωπος
887 1773 900 1786 ·
936 1758 995 1812 ἐν
1043 1758 1104 1810 δὲ
1132 1757 1212 1830 τῷ
1239 1756 1457 1827 θανάτῳ
1507 1756 1599 1811 τοῦ

1778 1780 1818 1820 ιο
1849 1764 1917 1832 ⁸⁸,
1953 1785 1972 1817 ι
2003 1764 2097 1819 sed
2131 1764 2308 1821 Verbo
2336 1773 2591 1821 manente
2631 1765 2686 1819 in
2720 1780 2816 1820 sua
2852 1764 3171 1833 altitudine,
3198 1765 3287 1821 vel

49 1854 196 1928 Ἰησοῦ
235 1853 558 1919 δοξάσαντος
595 1851 689 1906 τὸν
730 1851 864 1906 Θεὸν
883 1891 899 1917 ,
930 1852 1053 1905 τότε
1103 1870 1122 1903 ι
1157 1851 1606 1923 ἀπεκδυσάμενος

1778 1862 1873 1911 iam
1914 1857 2172 1912 restituto
2208 1858 2278 1911 ad
2331 1856 2383 1911 id
2427 1855 2517 1912 ubi
2561 1867 2679 1911 erat
2713 1856 2884 1926 prius,
2920 1858 3060 1928 apud
3092 1858 3282 1923 Deum,

49 1034 129 1090 sci
153 1033 335 1109 Λόγου,
370 1028 508 1085 ἀλλὰ
536 1029 629 1082 τὸν
651 1027 812 1082 αὑτὸν
843 1025 992 1099 αὐτῷ
1014 1042 1028 1059 ⁸
1069 1028 1118 1080 εί
1148 1026 1258 1098 γάρ
1291 1045 1309 1079 ι
1349 1026 1378 1078 6
1406 1023 1603 1080 κολλώ-

49 1141 185 1199 μενος
208 1123 282 1194 τῷ
300 1120 489 1191 Κυρίῳ
513 1119 573 1174 ἓν
596 1117 816 1190 πνεῦμά
848 1120 989 1183 ἐστι,
1020 1135 1041 1169 ι
1070 1118 1147 1181 ὼς
1174 1117 1270 1172 καὶ
1295 1116 1388 1170 ἐπὶ
1412 1116 1603 1171 τούτου

49 1948 120 2012 ιὰς
149 1947 335 2019 άρχάς,
360 1943 581 2009 καὶτὰς
607 1943 857 2009 ἐξουσίας
896 1943 1277 2015 ἐδειγμάτισεν
1302 1945 1360 1997 ἐν
1392 1947 1605 2016 παρρη-

49 2040 113 2112 ιίᾳ
137 2037 506 2112 θριαμϐεύσας
540 2037 601 2091 ἐν
637 2035 717 2109 τῷ
761 2035 903 2107 ξύλῳ
927 2077 941 2102 ,
975 2054 995 2088 ι
1044 2035 1269 2125 καὶντὼ
1313 2053 1332 2087 ι
1374 2036 1603 2108 Εἰρηνο-

49 2132 244 2203 ποιήσας
266 2129 355 2184 διὰ
378 2128 476 2183 τοῦ
505 2129 740 2201 αἵματος
768 2128 865 2183 τοῦ
905 2129 1138 2199 σταυροῦ
1171 2128 1358 2195 αὐτοῦ,
1389 2128 1500 2181 εἴτε
1532 2128 1604 2182 τά

49 2224 111 2279 πὶ
135 2224 229 2294 τῆς
266 2222 405 2293 γῆς,
438 2221 549 2275 είτε
588 2220 657 2276 τὰ
688 2223 748 2275 ἐν
782 2223 895 2285 τοῖς
923 2224 1204 2292 οὐρανοῖς·
1239 2240 1258 2272 ι
1296 2222 1353 2275 ἐν
1392 2219 1605 2284 τούτοις

49 2317 124 2387 γὰρ
143 2317 302 2369 πᾶσιν
316 2313 577 2386 ἐδοξάσθη
599 2316 628 2368 ό
644 2314 772 2379 Υίὸς
798 2312 890 2368 τοῦ
911 2312 1222 2387 ἀνθρώπου,
1242 2312 1447 2368 καὶτοῦ
1467 2311 1604 2366 Θεοῦ

49 2405 351 2472 ἰοξασθέντος
396 2407 457 2461 ἐν
498 2404 667 2477 αὐτῷ.
728 2407 881 2461 Ἐπεὶ
925 2407 981 2460 δὲ
1032 2407 1062 2460 6
1099 2405 1454 2477 δοξαζόμενος
1499 2405 1605 2458 ὑπό

49 2512 155 2560 ,ινος
171 2496 469 2562 δοξάζεται,
501 2497 757 2568 ζητήσεις
805 2496 864 2552 ἐν
894 2495 973 2567 τῷ
994 2513 1009 2529 ο
1052 2516 1072 2548 ι
1096 2495 1386 2568 Ἐδοξάσθη
1413 2496 1444 2549 6
1477 2495 1605 2559 Υίὸς

49 2587 108 2640 ⁷οὗ
134 2586 439 2660 ἀνθρώπου,
473 2605 493 2638 ι
517 2586 599 2651 τὸ,
623 2585 728 2639 ὑπὸ
749 2584 896 2651 τίνος
915 2602 933 2619 ·
961 2587 1162 2658 ὁμοίως
1189 2586 1248 2641 δὲ
1272 2586 1368 2640 καὶ
1399 2585 1459 2640 ἐν
1487 2585 1566 2658 τῷ
1585 2602 1600 2617 ·

68 2670 123 2725 ’0
136 2672 264 2738 Θεὸς
278 2674 540 2742 ἐδοξάσθη
554 2676 614 2729 ἐν
638 2675 803 2747 αὐτῷ.
831 2695 851 2728 ι
885 2677 1058 2749 ’Υπὲρ
1076 2677 1134 2730 δὲ
1165 2677 1266 2749 τῆς
1287 2675 1397 2731 τῶν
1423 2676 1603 2749 ῥητῶν

49 2768 305 2839 ταφηνείας
328 2766 613 2841 ἐπιμελῶς
638 2768 963 2840 προσχῶμεν
990 2767 1193 2840 πρώτῳ
1228 2768 1327 2839 μὲν
1377 2768 1605 2839 λεγομέ-

49 2874 95 2928 np
115 2858 218 2928 τῷ·
250 2877 270 2911 ι
291 2859 410 2915 Νῦν
440 2859 707 2931 ἐδοξάσθη
748 2861 780 2913 ό
809 2861 935 2925 Υἱὸς
965 2860 1059 2914 τοῦ
1086 2858 1395 2932 ἀνθρώπου,
1420 2878 1440 2913 ι
1477 2860 1600 2914 δευ-

49 2951 155 3022 τέρῳ
178 2951 232 3005 δὲ
259 2951 339 3023 τῷ
357 2968 375 2984 ·
417 2970 438 3005 ι
464 2952 577 3006 Καὶ
604 2954 634 3006 6
664 2952 798 3018 Θεὸς
827 2952 1089 3023 ἐδοξάσθη
1136 2954 1194 3007 ἐν
1216 2951 1389 3024 αὐτῷ,
1418 2971 1439 3006 ι
1484 2953 1602 3026 τρί-

49 3057 94 3110 rp
116 3040 171 3093 δὲ
209 3042 439 3115 τοιούτῳ
468 3042 806 3115 συνημμένῳ
826 3060 840 3074 ο
899 3061 918 3094 ι
940 3043 1005 3097 El
1033 3044 1063 3097 6
1087 3042 1220 3108 Θεὸς
1254 3041 1512 3115 ἐδοξάσθη
1541 3045 1601 3098 ἐν

49 3131 179 3203 ιύτῷ,
208 3135 303 3188 καὶ
345 3138 376 3189 ό
401 3134 542 3200 Θεὸς
586 3135 800 3203 δοξάσει
826 3134 939 3206 (27)
968 3134 1131 3189 αὐτὸν
1178 3137 1236 3189 ἐν
1264 3133 1432 3205 αὐτῷ,
1456 3154 1476 3189 ι
1513 3151 1604 3189 τε-

1630 3193 1674 3251 C

1706 1950 1846 2005 Deus
1879 1949 2116 2005 Verbum
2147 1951 2441 2012 exsistens.
2474 1960 2531 2005 et
2553 1948 2762 2005 homo?
2796 1949 2976 2006 Altera
3013 1964 3141 2006 vero
3173 1950 3287 2020 glo-

1706 2043 1937 2098 riﬁcatio
1966 2041 2118 2106 Jesu,
2160 2043 2325 2098 Deum
2356 2057 2456 2111 per
2506 2051 2738 2096 mortem
2784 2056 2940 2097 suam
2976 2041 3287 2113 gloriﬁcau-

1706 2132 1799 2195 tis,
1848 2141 1973 2186 tunc
2022 2131 2148 2197 fuit,
2180 2146 2303 2186 cum
2346 2148 2365 2182 ι
2425 2130 2762 2200 exspoliatos
2815 2132 3188 2202 principatus,
3219 2147 3285 2187 ac

1704 2230 2000 2293 potestates
2027 2221 2321 2278 ostentavit
2360 2219 2536 2291 palam
2567 2222 2908 2292 triumphans
2954 2223 3021 2276 de
3056 2222 3164 2278 illis
3189 2237 3289 2294 per

1704 2313 1910 2385 lignum
1942 2313 2024 2379 ⁸⁵,
2064 2330 2086 2365 ι
2121 2322 2180 2367 ει
2225 2327 2348 2366 cum
2399 2329 2419 2363 ι
2470 2311 2778 2380 paciﬁcavit
2826 2326 2926 2381 per
2966 2314 3284 2384 sanguinem

1704 2405 1883 2460 crucis
1921 2403 2074 2473 eius,
2110 2404 2223 2459 sive
2273 2418 2393 2473 quae
2430 2402 2486 2456 in
2537 2411 2681 2457 terra
2716 2410 2875 2467 sunt,
2918 2404 3033 2459 sive
3075 2420 3195 2474 qua:
3232 2406 3326 2485 ἰιι⁵

1704 2494 1856 2551 caelis
1877 2495 1942 2549 ‘°.
1984 2513 2003 2547 ι
2042 2495 2095 2549 In
2142 2493 2231 2551 his
2253 2496 2399 2550 enim
2430 2494 2685 2549 omnibus
2719 2492 3053 2561 gloriﬁcatus
3079 2504 3164 2550 est
3192 2495 3287 2551 Fi-

1703 2584 1807 2642 lius
1826 2585 2083 2652 hominis,
2107 2586 2218 2640 Deo
2232 2586 2393 2640 etiam
2414 2582 2717 2655 gloriﬁcato
2739 2598 2836 2653 per
2855 2582 3286 2638 eum.Ca:terum

1703 2677 1957 2749 quoniam
1977 2679 2067 2749 qui
2090 2678 2447 2750 gloriﬁcatur,
2470 2678 2536 2731 ab
2562 2676 2744 2746 aliquo
2773 2675 3288 2752 gloriﬁcatur,quae-

1704 2784 1793 2824 res
1825 2771 1876 2824 in
1904 2770 1989 2824 bis
2019 2769 2203 2826 verbis
2227 2786 2240 2822 :
2273 2789 2293 2821 ί
2315 2767 2665 2824 Gloriﬁcatus
2686 2767 2960 2823 estFilius
2986 2767 3280 2834 hominis,»

1702 2878 1732 2914 a
1759 2876 1865 2930 quo
1882 2860 2220 2932 gloriﬁcatus
2238 2860 2432 2916 fuerit:
2452 2860 2706 2915 similiter
2717 2859 2882 2916 etiam
2902 2860 2957 2915 in
2979 2860 3065 2915 his
3079 2858 3282 2915 facies:

1704 2952 1867 3025 447
1902 2972 1921 3006 ι
1956 2953 2098 3007 Deus
2126 2952 2460 3023 gloriﬁcatus
2486 2961 2576 3007 est
2606 2967 2706 3023 per
2748 2967 2896 3007 eum.
2924 2967 2945 3005 ›
2995 2950 3103 3007 Pro
3144 2967 3283 3022 quo-

1702 3061 1821 3100 rum
1871 3047 2161 3101 verborum
2199 3044 2585 3115 explanatione
2613 3045 2900 3117 diligenter
2928 3045 3287 3102 adhibeamus

1703 3137 1944 3190 animum
1982 3137 2050 3191 ad
2094 3137 2327 3207 primum
2361 3137 2587 3203 dictum,
2633 3138 2875 3193 scilicet:
2914 3156 2934 3190 ι
2963 3137 3117 3194 Nunc
3160 3138 3280 3210 glo-

49 3225 193 3299 ἀρτῳ
215 3227 274 3281 δέ
294 3245 310 3261 υ
346 3249 364 3281 ι
391 3228 511 3283 Καὶ
543 3227 704 3294 εὐθὺς
731 3227 946 3294 δοξάσει
969 3227 1151 3283 αὐτόν.
1175 3247 1195 3279 ι
1240 3227 1367 3282 Ἐἀν
1395 3227 1470 3301 μὴ
1498 3227 1607 3299 ἄρα

1778 3227 1960 3284 icatus
1983 3238 2071 3284 est
2109 3228 2283 3286 Filius
2318 3227 2617 3294 hominisp
2674 3228 2806 3284 item
2841 3230 2907 3285 ad
2946 3231 3282 3285 secundum:

50 3316 167 3373 οὗτο
187 3319 376 3396 φάσκῃ
406 3339 501 3386 τις
527 3320 820 3376 ἀναλαϐεῖν
848 3323 929 3387 είς
962 3321 1281 3394 συμπλοκὴν
1306 3321 1405 3394 τὴν
1434 3324 1491 3377 ἐν
1526 3322 1607 3394 τῷ

52 3408 226 3477 ήγοντι
252 3410 352 3467 τοῦ
380 3412 761 3484 συνημμένου,
792 3413 879 3467 ἵνα
910 3413 1146 3485 ἄρχηται
1176 3413 1277 3484 μὲν
1303 3413 1365 3467 τὸ
1399 3430 1608 3485 συνημ-

49 3500 171 3555 ιένον
199 3503 312 3557 ἀπὸ
340 3504 477 3559 τοῦ·
516 3524 535 3558 ι
558 3506 616 3559 ’0
649 3505 782 3570 Θεὸς
825 3505 1079 3578 ἐδοξάσθη
1110 3508 1168 3560 ἐν
1212 3505 1382 3578 αὐτῷ,
1408 3526 1428 3560 ι
1465 3506 1607 3579 λήγῃ

49 3591 69 3642 ὲ
94 3594 169 3656 εἰς
199 3594 293 3649 τό·
333 3616 363 3646 «ν
383 3596 501 3650 Καὶ
551 3598 583 3652 6
607 3597 738 3661 Θεὸς
768 3597 978 3664 δοξάσει
1007 3597 1171 3651 αὐτὸν
1216 3600 1275 3652 ἐν
1298 3597 1468 3669 αὐτῷ,
1509 3601 1606 3653 καὶ

49 3684 167 3747 ὐθὺς
191 3685 411 3754 δοξάσει
440 3689 628 3742 αὐτόν.
652 3709 672 3742 ι
719 3690 1061 3759 ’Δναγκαίως
1082 3691 1139 3744 δὲ
1168 3691 1498 3763 προσχῶμεν
1528 3692 1607 3763 τῷ

49 3775 103 3845 ἧς
123 3777 280 3850 δόξης
304 3780 561 3853 ὀνόματι,
595 3782 656 3835 ού
685 3782 935 3854 κειμένῳ¹
951 3782 1044 3836 ἐπὶ⁹
1066 3781 1159 3861 τοῦ
1186 3782 1338 3855 παρά
1354 3801 1469 3836 τισι
1498 3784 1608 3838 τῶν

49 3866 283 3940 Ελλήνων
317 3873 499 3942 μέσου
548 3873 874 3945 πράγματος
901 3873 1036 3945 (28),
1063 3872 1200 3927 καθὸ
1236 3875 1507 3945 ὁρίζονται
1539 3871 1611 3928 εἷ-

49 3974 93 4010 a:
118 3960 276 4028 δόξαν
306 3963 426 4035 (29)
461 3964 558 4018 τὸν
595 3965 704 4020 ἀπὸ
743 3964 853 4018 τῶν
883 3964 1094 4020 πολλῶν
1142 3964 1360 4019 ἔπαινον
1379 3982 1395 3996 ·
1424 3965 1604 4037 δῆλον,

49 4066 90 4103 τι
128 4052 215 4105 ἐπ’
242 4053 415 4108 ἄλλου
450 4056 606 4127 παρά
631 4054 791 4110 τοῦτο
821 4057 997 4111 κεῖται
1024 4056 1195 4127 ὄνομα
1230 4058 1295 4111 ἐκ
1321 4054 1413 4111 τοῦ
1442 4057 1502 4111 ὲν
1535 4059 1603 4129 τῇ

49 4141 210 4214 Εξόδῳ
232 4145 383 4200 οὕτω
407 4147 708 4218 εἰρημένου
726 4163 743 4175 ο
780 4167 798 4199 ι
822 4147 932 4201 Καὶ
952 4146 1109 4219 δόξης
1136 4147 1340 4220 Κυρίου
1361 4148 1603 4220 ἐπλήσθη

77 4240 243 4311 σκηνή
264 4256 279 4269 ο
319 4241 421 4295 καὶ
455 4241 562 4294 οὐκ
590 4240 818 4314 ἐδυνήθη
849 4240 1093 4310 Μωῦσῆς
1123 4240 1384 4296 είσελθεῖν
1408 4243 1487 4307 εἰς
1509 4242 1609 4315 τὴν

49 4327 213 4400 κηνὴν
261 4330 361 4384 τοῦ
395 4331 726 4403 μαρτυρίου,
772 4331 854 4384 ὅτι
883 4329 1206 4395 ἐπεσκίαζεν
1251 4330 1339 4383 ἐπ’
1371 4330 1542 4404 αὐτὴν
1574 4333 1607 4402 ἠ
1650 4318 1658 4332 ’

49 4420 198 4493 εφέλη
218 4438 234 4452 ο
265 4423 365 4476 καὶ
416 4422 584 4494 δόξης
614 4422 823 4495 Κυρίου
869 4420 1116 4493 ἐπλήσθη
1155 4421 1190 4491 ἡ
1222 4423 1416 4493 σκηνή.
1441 4441 1458 4473 ι
1494 4423 1605 4477 Καὶ

1715 3340 1734 3373 ι
1761 3321 1828 3376 Et
1859 3321 2002 3377 Deus
2029 3321 2368 3392 gloriﬁcatus
2398 3329 2485 3376 est
2514 3337 2613 3392 per
2645 3335 2766 3375 eum
2793 3340 2842 3390 ;›
2877 3330 2932 3377 et
2958 3324 3025 3378 ad
3064 3322 3284 3378 tertium

1709 3411 1815 3467 hoc
1837 3411 2217 3480 conjunctum:
2247 3430 2265 3463 ι
2303 3411 2361 3466 Si
2389 3410 2530 3467 Deus
2547 3411 2885 3482 gloriﬁcatus
2907 3422 2989 3468 est
3012 3428 3110 3484 per
3134 3427 3283 3479 etim,

1709 3512 1764 3557 et
1791 3503 1933 3558 Deus
1968 3503 2296 3573 gloriﬁcabit
2329 3519 2452 3558 eum
2487 3519 2586 3574 per
2615 3519 2741 3570 seu
2773 3508 2987 3560 demunt
3024 3508 3091 3560 ad
3122 3522 3284 3577 quar-

1714 3603 1860 3648 tum:
1892 3612 1911 3644 ε
1942 3595 2012 3653 Ει
2040 3596 2301 3654 continuo
2326 3594 2658 3665 gloriﬁcabit
2690 3612 2813 3652 eum
2831 3597 2931 3652 ⁸⁷.»
2981 3597 3095 3652 Nisi
3144 3598 3287 3654 forte

1710 3695 1834 3762 quis
1860 3693 2008 3748 dicat
2040 3692 2142 3746 hoc
2164 3699 2411 3760 repetere
2442 3688 2715 3745 Christum
2741 3689 2808 3744 ad
2826 3691 3282 3758 conjunctionem,

1707 3800 1828 3854 qua:
1860 3783 2024 3839 estin
2071 3798 2138 3839 eo
2177 3788 2324 3853 quod
2368 3783 2574 3838 claudit
2617 3782 2989 3851 coniunctum,
3040 3792 3099 3836 ut
3148 3797 3285 3838 con-

1705 3876 1953 3946 junclum
1988 3875 2212 3945 incipiat
2235 3877 2305 3930 ab
2332 3876 2439 3930 illis
2471 3874 2691 3931 verbis:
2730 3892 2750 3926 ι
2787 3874 2852 3928 Ει
2892 3875 3034 3929 Deus
3075 3874 3286 3944 gloriﬁ—

1709 3975 1863 4021 catus
1892 3974 1976 4020 est
2018 3980 2116 4036 per
2143 3980 2333 4033 eum,»
2388 3975 2444 4020 et
2471 3965 2681 4021 desinat
2725 3965 2780 4020 in
2829 3979 2930 4020 ea:
2980 3964 3095 4018 «Et
3144 3965 3286 4019 Deus

1709 4058 2033 4129 glorilicabit
2050 4074 2171 4114 eum
2194 4074 2293 4130 per
2313 4074 2391 4123 se,
2408 4067 2463 4115 et
2482 4059 2740 4116 continuo
2762 4058 3084 4130 gloriﬁcabit
3102 4077 3246 4118 eum.
3261 4081 3282 4115 ι

1712 4150 1914 4206 Verum
1963 4151 2307 4206 attendamus
2362 4165 2588 4206 necesse
2638 4158 2724 4205 est
2766 4150 2957 4221 gloriae
2992 4152 3279 4220 vocabulo,

1711 4242 1855 4311 quod
1879 4242 2019 4312 apud
2053 4241 2337 4296 nonnullos
2369 4241 2599 4311 gentiles
2624 4242 2690 4297 de
2730 4255 2792 4297 re
2827 4242 3005 4297 media
3046 4243 3283 4313 ponitur,

1710 4342 1778 4382 cx
1808 4341 1913 4397 quo
1935 4326 2224 4394 deﬁniunt,
2258 4328 2486 4398 gloriam
2515 4343 2637 4384 esse
2665 4328 2875 4385 laudem
2898 4345 2928 4383 a
2954 4331 3136 4387 multis
3160 4346 3285 4402 pro-

1714 4420 2068 4475 ﬁciscentem.
2096 4418 2450 4490 Perspicuum
2476 4435 2607 4475 vero
2631 4428 2714 4475 est
2738 4419 2842 4475 alia
2870 4421 2938 4477 de
2965 4437 3023 4477 re
3055 4423 3159 4479 hoc
3184 4436 3285 4478 no-

49 4528 66 4562 r
108 4514 173 4584 τῇ
200 4514 368 4589 τρίτῃ
405 4514 528 4569 τῶν
572 4513 865 4568 Βασιλειῶν
914 4513 1075 4567 τοῦτο
1121 4513 1606 4585 ἀναγεγραμμένον

1778 4527 1835 4567 en
1884 4512 2049 4567 etiam
2099 4513 2250 4582 poni,
2300 4527 2368 4566 ex
2404 4527 2468 4567 eo
2514 4513 2657 4582 quod
2706 4513 2851 4568 hunc
2881 4514 2935 4567 in
2968 4516 3186 4569 modum
3226 4515 3284 4571 in

116 4628 159 4662 ⁸¹
186 4628 394 4701 Philip.
430 4648 498 4691 ιι.
552 4630 606 4692 8.
638 4630 695 4685 9.
771 4630 816 4664 “
837 4630 995 4689 Joan.
1022 4646 1073 4698 ι,
1098 4630 1153 4686 2.
1228 4631 1313 4687 ⁸³1
1345 4633 1472 4688 Cor.
1497 4647 1572 4696 vr,
1606 4656 1607 4661 η

1778 4631 1817 4664 ⁵⁵
1840 4630 2034 4701 Philip.
2060 4645 2125 4696 ιι,
2152 4630 2202 4685 6.
2294 4628 2342 4662 “
2370 4628 2549 4686 Colos.
2581 4646 2642 4695 ιι,
2668 4629 2758 4685 15.
2832 4629 2879 4662 ⁸⁸
2904 4629 3082 4690 Colos.
3117 4646 3160 4698 ι,
3188 4633 3280 4689 20.

49 4696 242 4755 'Joan.
273 4696 403 4769 uit,
430 4703 530 4770 51,
554 4701 645 4757 32.

81 4795 191 4873 (24)
218 4798 407 4873 (logie!
453 4799 684 4873 Regius,
707 4800 737 4853 6
761 4800 870 4873 γὰρ
902 4800 1076 4870 Λόγος
1098 4801 1156 4852 ἐν
1185 4798 1328 4871 ἀρχῇ
1361 4800 1497 4871 πρὸς
1519 4800 1609 4854 τὸν

49 4868 194 4941 ἐὸν-δ
221 4868 362 4934 Θεὸς
382 4868 590 4941 Λόγος.

79 4936 363 5015 ιὲξμιιειη
394 4936 588 5015 codex
635 4941 939 5015 Regius,_el
967 4942 1082 5008 καί,
1125 4951 1235 5015 etc.
1327 4999 1341 5013 _

96 5009 268 5079 ‘26)~Iu
296 5013 507 5068 eodem
541 5009 741 5068 εοειὶεε
756 5012 922 5081 Regio
959 5015 1109 5067 deest
1135 5013 1249 5067 καί.

95 5081 184 5156 ξι)
219 5081 412 5156 Codex
445 5081 652 5156 Regius
676 5082 838 5156 habet
859 5082 1076 5156 δοξάσῃ.

99 5149 190 5223 28)
230 5152 370 5208 Ἐπὶ
398 5152 519 5207 τοῦ
540 5149 732 5222 ’παρά
774 5166 895 5206 τισι
915 5149 1057 5206 τῶν
1082 5152 1385 5221 Ἐλλήνων
1413 5150 1609 5223 μέσον

49 5220 377 5292 ρὰτματος.
401 5224 445 5278 li
475 5220 852 5278 erant—Stoici.
884 5224 1060 5277 Locus
1092 5233 1175 5278 est
1205 5220 1432 5292 insignis
1455 5222 1595 5291 apud

49 5291 286 5363 .aertiugt
337 5295 393 5347 in
439 5293 670 5363 Zenone
701 5292 865 5363 εΤῶν
891 5292 947 5347 δὲ
973 5292 1142 5348 όντων
1197 5294 1330 5362 φασὶ
1376 5291 1461 5363 τάξ
1504 5292 1600 5363 μὲν

49 5360 183 5447 γαθά
200 5351 476 5449 εἶναιτὰ
598 5364 744 5449 κακά
763 5379 777 5394 ο
804 5362 876 5416 τὰ
893 5351 1250 5449 δὲμούδέτερά.
1271 5361 1477 5449 Ἀγαρά
1502 5351 1604 5449 μὲν

49 5432 117 5494 ὃν,
151 5435 253 5507 τάς
264 5452 331 5489 τε
358 5433 613 5507 ἀρετάς,Δ
634 5433 912 5507 φρόνησιν,
936 5432 1303 5507 δικαιοσύνην,
1333 5432 1604 5507 ἀνδρείαν,

49 5502 865 5579 ωφροσύνηνίξιαὶιτὰλοιπάς
888 5573 901 5579 Δ
924 5504 1072 5579 κακά
1123 5505 1201 5579 δὲ,
1222 5502 1320 5579 Α’τά
1369 5502 1607 5579 ἐναντία.

49 5573 338 5647 Ῥροσύνην,
388 5574 646 5647 ἀδικίαν,
660 5576 763 5647 καὶ
789 5573 860 5628 τά
888 5573 1089 5647 λοιπάς,
1116 5574 1373 5647 ούδέτερα
1402 5573 1483 5647 δέ,
1512 5573 1613 5647 ὅσα

175 5640 411 5716 ὠφελεῖ,
450 5644 849 5717 μήςεερβλάπτει
870 5662 884 5675 ·
917 5640 1030 5717 οἷον
1059 5644 1195 5717 ζωὴ,
1224 5640 1403 5717 ὑγεία,
1425 5641 1605 5717 ἡδονὴ,

49 5712 465 5789 ἱλλος,ἰσχὺς,’
489 5712 749 5789 πλοῦτος,
803 5714 1070 5785 εὐγένεια,
1116 5712 1210 5769 κάι
1265 5712 1344 5789 τὰ.
1396 5712 1604 5789 τούτοις

49 5789 249 5854 ιαντία,
278 5783 398 5844 etc.
429 5806 451 5838 ι
493 5785 700 5857 Eorum
730 5783 910 5841 autem
952 5801 1072 5857 qua:
1114 5794 1262 5849 sunt,
1296 5785 1450 5857 aiunt
1500 5783 1605 5836 alia

49 5873 168 5917 una.
206 5859 358 5915 mala
398 5857 539 5917 alia.
570 5856 677 5913 alia
709 5868 922 5914 neutra.
953 5855 1098 5914 Bona
1123 5858 1347 5919 ,ttuidt'nl
1367 5854 1608 5911 ‘tit‘tutes

1717 4808 1859 4860 esse,
1893 4792 2263 4862 prudentiam,
2292 4792 2583 4862 justitiam,
2611 4791 2981 4847 fortitudinem
3003 4837 3019 4859 ,
3075 4794 3283 4863 tempe-

1719 4867 1975 4927 rantiam,
2007 4873 2062 4916 et
2088 4872 2283 4935 (πίει-ιι
2316 4865 2575 4935 idgenus
2623 4881 2635 4935 ξ
2675 4865 2812 4917 tnztla
2849 4880 2976 4919 vero
3001 4866 3088 4920 his
3117 4883 3283 4935 oppo-

1716 4940 1823 4992 sita
1853 4934 2003 4996 vitia,
2066 4934 2507 5002 imprudentiam,
2567 4934 2904 5003 iniustitiam,
2941 4945 2995 4989 et
3043 4934 3284 4993 caetera:

1718 5018 1910 5061 neutra
1934 5020 2083 5066 vero,
2115 5019 2235 5073 qua:
2261 5019 2437 5072 neque
2460 5014 2708 5072 prosunt,
2740 5021 2916 5073 neque
2965 5008 3188 5072 obsunt,
3226 5018 3285 5061 ut

1715 5076 1948 5139 estvita,
1984 5075 2212 5147 sanitas,
2245 5074 2607 5144 pulchritudo,
2641 5075 2909 5143 voluptas,
2929 5076 3096 5143 vires,
3129 5092 3283 5147 opes,

1718 5147 1911 5214 gloria,
1948 5146 2242 5210 nobilitas;
2280 5153 2334 5200 et
2373 5159 2494 5214 quae
2531 5147 2610 5201 eis
2638 5147 2887 5216 opposita
2923 5156 3072 5212 sunt,
3103 5165 3125 5201 ι
3166 5146 3281 5202 ειο.

1708 5220 1969 5274 lius'nus.

1778 5288 1893 5357 (29)
1922 5283 2080 5339 Καθὸ
2095 5281 2389 5357 ῥρίζονται
2409 5281 2562 5357 εἶναι
2592 5284 2801 5352 δόξαν,
2833 5297 2938 5343 etc.
2999 5286 3213 5353 Cicero,
3243 5302 3283 5343 ιι

1714 5354 1932 5413 Tuscul.
1969 5371 1987 5409 :
2023 5373 2044 5406 ι
2082 5354 2266 5409 Gloria
2291 5368 2377 5411 εει
2407 5356 2576 5411 solida
2629 5358 2875 5424 quaedam
2924 5372 3033 5424 res,
3089 5366 3145 5411 et
3186 5374 3283 5412 ex-

1718 5443 1925 5499 pressa,
1954 5440 2016 5480 ea
2040 5436 2127 5499 est
2166 5426 2515 5499 consentiens
2572 5426 2687 5482 laus
2740 5428 3040 5499 bonorum,
3102 5428 3282 5484 incor-

1720 5496 1873 5567 rupta
1901 5511 2006 5549 vox
2039 5496 2551 5567 beueriutlicantium
2590 5500 2656 5551 de
2691 5497 2978 5552 excellenti
3021 5498 3278 5555 virtute.»

1720 5566 1950 5631 Seneca,
1979 5582 2065 5634 cp.
2101 5566 2234 5620 102:
2272 5583 2290 5617 ι
2328 5566 2568 5623 Gloriam
2611 5581 2825 5637 quoque
2887 5567 3050 5623 latius
3106 5568 3283 5625 fusam

1717 5637 1958 5707 intelligo
1992 5651 2024 5709 A:
2070 5651 2393 5709 consensum
2451 5639 2945 5709 eniturmultorum
2997 5640 3189 5709 exigit.
3256 5657 3278 5693 ι

1712 5708 1843 5763 Item
1873 5706 1947 5760 ξι
1978 5706 2160 5762 Gloria
2185 5708 2476 5763 multorum
2516 5707 2739 5775 iudiciis
2784 5719 3024 5776 constat,
3061 5706 3284 5765 claritas

1713 5781 2007 5835 b0n0runt.
2047 5795 2065 5828 ι
2096 5777 2462 5845 Quintilianus
2497 5794 2511 5831 :
2548 5798 2567 5830 ι
2613 5780 2979 5837 (Ξοιιεειιιὶειιε
3017 5781 3135 5839 laus
3187 5782 3283 5839 bo-

1718 5864 1934 5913 norum,
1962 5848 2131 5913 gloria
2166 5850 2484 5921 appellatur.
2523 5869 2541 5901 ι
2577 5849 2843 5907 ιιυετιυε.
