3712 6138
369 309 477 409 δίε

1826 331 2147 392 ORIGENIS
2308 404 2311 409 θ
3532 315 3620 365 κιο

375 468 564 523 Exodo
592 464 797 518 dictum
830 460 998 518 sit":
1050 478 1070 512 ι
1106 458 1173 514 Et
1210 457 1379 528 gloria
1426 454 1640 511 Domini
1679 453 1841 524 rcplel

2162 461 2236 500 εον
2272 443 2361 498 τὸν
2389 442 2586 515 τρόπον
2612 455 2625 470 ·
2667 457 2683 488 t
2708 436 2818 490 Καὶ
2845 434 3082 503 ἐγένετο,
3121 430 3198 495 ὡς
3228 426 3461 498 ἐξῆλθαν
3490 427 3540 479 οἱ
3566 428 3628 481 [ει

370 571 456 615 est
489 556 820 622 tentorium;
855 567 956 610 nec
987 561 1205 623 pcterat
1226 550 1436 621 Moyses
1465 546 1677 619 ingredi
1720 545 1780 600 in
1832 555 1950 600 ten-

372 651 571 705 torium
603 645 925 710 testimonii,
954 645 1101 715 quod
1139 642 1526 699 obumbrasset
1568 637 1699 693 illud
1735 637 1945 704 nubes;

372 754 427 797 et
453 741 624 812 gloria
668 738 882 794 Domini
904 737 1125 807 plenum
1158 734 1262 790 fuit
1291 732 1638 789 tentorium.»
1684 730 1741 786 In
1786 731 1950 785 tertio

371 838 535 892 etiam
564 835 768 904 Regum
800 832 947 887 hunc
972 831 1023 884 in
1053 828 1269 884 modum
1315 834 1397 882 est
1438 825 1695 894 scriptum
1715 824 1797 879 6';
1831 840 1850 874 ι
1886 822 1954 876 Ει

373 927 575 991 evenit,
612 940 735 981 cum
772 923 1165 995 egrederentur
1204 918 1521 975 sacerdotes
1550 932 1582 972 e
1613 916 1951 983 sanetuario,

381 1028 437 1073 at
465 1020 636 1073 nubes
674 1015 913 1085 repleret
937 1014 1157 1070 domum
1185 1010 1423 1075 Domini,
1474 1018 1529 1065 et
1552 1023 1660 1064 non
1702 1014 1955 1078 poterant

381 1111 690 1167 sacerdotes
712 1119 794 1163 sta
805 1122 861 1163 re
882 1119 1068 1161 coram
1094 1104 1235 1158 nube
1254 1100 1323 1157 ad
1348 1100 1787 1164 ministrantium,
1810 1097 1955 1169 quod

382 1202 641 1273 replesset
669 1195 1088 1268 gloria-Domini
1139 1193 1413 1250 domum.)
1469 1191 1609 1258 Quin
1658 1198 1725 1247 de
1754 1189 1955 1262 Moysis

382 1280 550 1366 gloria
592 1291 791 1362 scripta
840 1289 1005 1346 etiam
1052 1295 1182 1343 sunt
1234 1284 1361 1340 talia
1399 1284 1455 1339 in
1496 1284 1683 1340 Exodo
1705 1285 1788 1338 "°:
1829 1300 1849 1334 ι
1885 1279 1957 1339 Ut

384 1397 561 1442 autem
592 1382 872 1440 descendit
897 1382 1114 1452 Moyses
1145 1379 1213 1434 de
1248 1386 1454 1442 monte,
1498 1379 1725 1446 duasque
1759 1373 1958 1430 tabula:

384 1475 694 1534 testamenti
740 1475 793 1529 in
847 1473 1100 1528 manibus
1149 1478 1305 1527 erant
1349 1468 1600 1539 Moysis:
1652 1480 1883 1536 cumque
1926 1479 1958 1521 e

384 1580 568 1626 monte
595 1566 948 1623 descenderet
975 1563 1207 1634 Moyses,
1239 1577 1344 1617 non
1395 1570 1551 1617 norat
1597 1557 1958 1629 glorificatum

386 1664 556 1717 fuisse
583 1670 860 1730 aspectum
889 1656 1030 1733 cutis
1063 1655 1241 1710 vultus
1266 1655 1374 1719 sui,
1409 1653 1535 1709 dum
1563 1652 1706 1708 Deus
1730 1651 1831 1707 sibi
1875 1649 1956 1705 lo-

385 1758 664 1821 queretur.
701 1747 959 1815 Viditque
994 1745 1174 1800 Aaron
1203 1754 1257 1801 et
1288 1759 1480 1800 omnes
1511 1743 1606 1797 filii
1636 1740 1804 1796 Israel
1841 1740 1957 1796 Mo-

386 1857 542 1915 ysen,
569 1851 623 1896 et
659 1849 781 1896 erat
810 1836 1148 1911 glorificatus
1178 1846 1434 1907 aspectus
1469 1835 1612 1891 cutis
1639 1834 1816 1888 vultus
1854 1834 1960 1900 sui,

387 1945 441 1989 et
492 1939 790 1989 timuerunt
835 1931 887 1986 ei
922 1929 1379 1999 appropinquare.
1415 1946 1433 1981 ι
1490 1926 1617 1982 Haec
1663 1927 1847 1998 gloriae
1894 1927 1966 1980 si-

387 2027 663 2100 gnificatio
690 2026 742 2079 in
777 2023 1069 2091 Evangelio
1092 2022 1254 2077 etiam
1283 2021 1441 2076 Luca:
1474 2020 1557 2074 his
1576 2020 1760 2075 verbis
1783 2019 1966 2074 decla-

390 2126 542 2173 ratur
566 2117 643 2165 "2
689 2136 707 2168 ι
743 2114 810 2169 Ει
839 2116 980 2168 facta
1014 2126 1119 2178 est,
1151 2114 1276 2168 dum
1315 2121 1518 2178 oraret,
1547 2113 1757 2182 species
1788 2110 1967 2165 vultus

388 2213 505 2281 ejus
534 2210 678 2265 alia:
717 2217 773 2264 et
802 2208 1031 2263 vestitus
1080 2206 1199 2276 ejus
1244 2205 1533 2271 candidus,
1566 2219 1631 2260 ac
1668 2202 1965 2274 refulgens.

389 2303 457 2357 Et
482 2315 613 2356 ecce
637 2300 745 2354 duo
778 2299 878 2352 viri
907 2296 1270 2366 loquebantur
1295 2310 1417 2348 cum
1442 2309 1529 2358 eo,
1552 2294 1644 2363 qui
1669 2302 1825 2349 erant
1852 2292 1967 2346 Mo-

391 2408 515 2464 yses
546 2403 597 2446 et
624 2391 771 2445 Elias
800 2406 815 2442 :
849 2390 942 2456 qui
975 2389 1075 2442 visi
1107 2388 1160 2442 in
1194 2387 1482 2457 majestate
1528 2385 1826 2440 narrabant
1874 2400 1970 2441 ex-

392 2502 605 2543 cessum
636 2485 776 2555 ejus,
807 2480 976 2555 m
1002 2496 1163 2549 quem
1192 2478 1562 2548 completurus
1606 2486 1723 2533 erat
1754 2475 1971 2533 Jeroso—

393 2580 604 2652 lymis.»
666 2578 796 2632 Vide
829 2591 958 2630 vero
990 2575 1044 2628 in
1081 2572 1278 2642 quibus
1323 2571 1489 2626 etiam
1528 2569 1727 2625 Paulus
1773 2580 1993 2625 nomen

392 2674 573 2743 gloriae
602 2680 844 2726 assumat
869 2685 885 2735 ;
914 2667 1110 2722 alicubi
1135 2665 1276 2721 enim
1305 2664 1534 2719 dicit":
1574 2682 1592 2715 ι
1628 2662 1781 2730 Quod
1809 2663 1853 2718 si
1877 2664 1971 2718 ad-

395 2765 726 2821 ministratio
757 2762 970 2824 mortis,
1012 2760 1067 2813 in
1107 2758 1305 2813 litteris
1349 2756 1652 2811 deformata
1700 2756 1753 2809 in
1804 2754 1970 2819 saxis,

391 2859 497 2915 fuit
524 2859 575 2913 in
604 2857 800 2928 gloria,
835 2858 972 2909 adeo
1005 2861 1062 2906 ut
1108 2866 1215 2906 non
1270 2857 1493 2919 possent
1545 2846 1827 2901 intendere
1878 2844 1971 2899 lilii

396 2950 565 3007 Israel
591 2950 645 3003 in
674 2947 866 3002 faciem
892 2944 1113 3015 Μυςμὶε,
1141 2950 1364 3013 prOpter
1388 2939 1619 3010 gloriam
1638 2936 1819 2992 vultus
1832 2935 1970 3007 ejus,

394 3057 514 3114 quae
547 3041 813 3102 aboletur,
846 3053 945 3092 cur
976 3052 1079 3091 non
1106 3034 1287 3103 potius
1309 3029 1708 3085 administratio
1736 3029 1973 3099 Spiritus

2052 542 2167 612 ρεϊς
2194 540 2259 593 ἐκ
2281 535 2375 591 τοῦ
2405 514 2584 605 ἀγίου,
2615 530 2710 585 καὶ
2736 532 2770 601 ή
2799 526 2996 598 νεφέλη
3022 524 3229 594 ἔπλησε
3249 521 3345 574 τὸν
3369 514 3520 572 οἶκον
3542 520 3630 572 Κυ-

2056 611 2193 705 ρίου,
2224 631 2317 684 καὶ⁴
2348 629 2447 683 οὐκ
2490 626 2743 681 ἐδύναντο
2773 622 2822 675 οἱ
2871 621 3035 691 ἱερεῖς
3070 616 3268 685 στῆναι
3301 611 3630 681 λειτουργίαν

2052 703 2166 797 (50)
2194 720 2422 776 ἐνώπιον
2476 715 2576 790 τῆς
2605 716 2854 787 νεφέλης,
2901 714 2982 767 ὅτι
3030 710 3235 780 ἔπλησε
3280 706 3416 772 δόξα
3444 703 3629 773 Κυρίου

2050 817 2142 871 τὸν
2171 812 2337 871 οἷκον.
2365 834 2384 867 ι
2416 815 2527 868 Καὶ
2556 812 2685 883 περὶ
2707 811 2804 881 τῆς
2834 806 3111 869 Μωῦσέως
3146 802 3311 871 δόξης
3345 799 3407 851 ἐν
3433 799 3502 868 τῇ
3533 797 3630 860 Ἐξ-

2053 911 2158 982 όδῳ
2178 908 2403 963 τοιαῦτα
2425 907 2674 960 λέλεκται
2693 922 2707 935 ο
2745 922 2764 955 ι
2786 903 2874 966 Ὠς
2900 900 2958 954 δὲ
2990 895 3281 951 κατέϐαινε
3314 890 3560 959 Μωῡσῆς
3580 891 3633 942 ἐκ

2052 1004 2146 1059 τοῦ
2175 1003 2356 1076 ὅρους,
2385 1002 2480 1055 καὶ
2508 1000 2565 1054 αἱ
2605 997 2699 1052 δύο
2732 995 2937 1057 πλάκες
2959 992 3055 1063 τῆς
3099 986 3387 1069 Διαθήκης
3422 983 3519 1036 ἐπὶ
3543 982 3634 1035 τῶν

2054 1095 2252 1168 χειρῶν
2272 1094 2479 1164 Μωῦσῆ
2495 1110 2509 1122 ⁸
2541 1087 2961 1148 καταϐαίνοντος
2978 1083 3037 1136 δὲ
3058 1080 3222 1135 αὐτοῦ
3246 1079 3319 1131 ὲκ
3352 1076 3453 1131 τοῦ
3473 1076 3635 1147 ὅρους,

2055 1190 2148 1244 καὶ
2172 1188 2414 1259 Μωῦσῆς
2441 1187 2542 1240 οὐκ
2564 1185 2698 1255 ᾔδει,
2725 1182 2807 1234 ὅτι
2834 1176 3142 1243 δεδόξασται
3173 1176 3207 1245 ή
3237 1172 3365 1244 ὄψις
3401 1170 3500 1224 τοῦ
3524 1184 3637 1240 χμν

2055 1282 2147 1345 τὸς
2178 1278 2273 1333 τοῦ
2306 1276 2597 1349 προσώπου
2638 1271 2827 1336 αὑτοῦ,
2870 1272 2928 1323 ὲν
2959 1268 3038 1339 τῷ
3067 1267 3248 1321 λαλεῖν
3280 1263 3458 1319 αὐτὸν
3486 1260 3634 1331 αύτῷ.

2058 1372 2171 1426 Καὶ
2214 1366 2353 1424 εἶδεν
2395 1365 2628 1439 Ἀαρὼν,
2675 1365 2771 1418 καί
2819 1360 3021 1424 πάντες
3064 1361 3114 1412 οἱ
3152 1357 3263 1411 υἱοὶ
3312 1352 3535 1425 Ἰσραὴλ
3561 1351 3637 1405 τόν

2057 1463 2319 1534 Μωῦσῆν,
2357 1462 2453 1515 κα¹ι
2475 1456 2544 1532 ἧν
2570 1455 2934 1526 δεδοξασμένη
2975 1454 3008 1523 ή
3041 1451 3162 1520 ὄψις
3190 1448 3286 1503 τοῦ
3316 1446 3536 1519 χρωτὸς
3560 1442 3637 1497 τοῦ

2060 1554 2353 1628 προσώπου
2402 1550 2589 1615 αὐτοῦ,
2636 1550 2730 1604 καὶ
2778 1544 3120 1618 ἐφοϐήθησαν
3162 1541 3392 1611 ἐγγίσαι
3440 1535 3635 1606 αὐτῷ.»

2060 1648 2230 1703 Τοῦτο
2253 1648 2315 1703 τὸ
2341 1646 2471 1717 περὶ
2490 1643 2591 1715 τῆς
2619 1639 2779 1712 δόξης
2804 1637 3200 1711 σημαινόμενον
3228 1633 3329 1687 καὶ
3356 1634 3421 1685 ὲν
3448 1629 3528 1700 τῷ
3556 1646 3639 1682 κα-

2060 1737 2130 1792 τὰ
2172 1738 2386 1792 Λουκᾶν
2423 1732 2742 1803 Εὐαγγελίῳ
2787 1728 2876 1783 διά
2916 1727 3121 1782 τούτων
3169 1722 3467 1796 δηλοῦται·
3511 1739 3530 1769 ι
3553 1718 3641 1772 Καὶ

2066 1832 2301 1904 ἐγένετο,
2326 1832 2385 1883 ὲν
2410 1827 2487 1899 τῷ
2519 1822 2913 1898 προσεύχεσθαι
2941 1820 3124 1884 αὐτὸν,
3156 1820 3192 1889 ή
3217 1816 3338 1869 ἰδέα
3362 1812 3466 1866 τοῦ
3497 1828 3643 1883 προσ-

2064 1903 2215 1980 ώπου
2258 1920 2424 1978 αὐτοῦ
2477 1920 2671 1991 ὲτέρα’
2705 1917 2803 1970 κοιλ⁵
2849 1911 3115 1985 ἠλλοιώθη
3162 1912 3193 1963 ὁ
3236 1905 3544 1980 ἱματισμὸς
3570 1903 3641 1955 αι’,-

2065 2019 2182 2087 τοῦ,
2209 2018 2304 2073 καὶ
2335 2016 2551 2086 ἐγένετο
2587 2011 2778 2074 λευκὸς
2834 2004 3245 2077 ἐξαστράπτων.
3283 2000 3403 2054 Καὶ
3431 1998 3542 2052 ἰδοῦ
3566 1996 3645 2051 ἄν·

2066 2114 2191 2186 δρες
2218 2112 2332 2174 δύο,
2366 2107 2684 2164 συνελάλουν
2707 2102 2875 2173 αὐτῷ,
2904 2101 3097 2163 οἵτινες
3119 2094 3262 2169 ἦσαν
3296 2092 3550 2161 Μωῦσῆς
3573 2089 3645 2142 καὶ

2080 2181 2298 2271 Ἦλίαςο
2335 2203 2383 2258 οἳ
2408 2200 2660 2272 ὀφθέντες
2693 2199 2751 2250 ὲν
2773 2193 2901 2266 δόξῃ
2925 2192 3107 2260 ἔλεγον
3135 2190 3236 2262 τὴν
3262 2186 3450 2254 ἔξοδον
3481 2181 3648 2243 αὑτοῦ,

2069 2301 2134 2371 ἢν
2164 2297 2356 2370 ἔμελλε
2388 2292 2629 2365 πληροῦν
2655 2291 2713 2343 ὲν
2754 2284 3129 2359 Ἰερουσαλήμ.
3162 2302 3182 2333 ›
3230 2279 3348 2357 μαι
3392 2281 3424 2331 ὁ
3457 2275 3646 2337 Παῦλος

2068 2368 2124 2444 δὲ
2149 2368 2251 2463 ὅρα
2297 2388 2392 2441 ἐπὶ
2423 2385 2532 2438 τίσι
2563 2382 2625 2435 τὸ
2657 2380 2828 2451 ὄνομα
2876 2378 2972 2449 τῆς
3002 2375 3156 2444 δόξης
3193 2368 3647 2442 παραλαμϐᾀνει·

2070 2460 2205 2535 ὅπου
2238 2480 2335 2551 μὲν
2364 2476 2474 2548 γὰρ
2503 2475 2652 2544 λέγει
2671 2490 2686 2504 ο
2734 2492 2753 2523 t
2780 2472 2841 2525 Et
2865 2471 2922 2524 δὲ
2955 2471 2988 2539 ή
3023 2464 3271 2521 διακονία
3297 2462 3401 2516 τοῦ
3436 2460 3651 2515 θανάτου

2071 2575 2129 2627 ἐν
2153 2572 2494 2644 γράμμασιν,
2521 2562 2938 2635 ἐντετυπωμένη
2967 2559 3154 2623 λίθοις,
3178 2555 3424 2625 ἐγενήθη
3442 2555 3502 2605 ἐν

2072 2642 2215 2720 ὥστε
2253 2642 2328 2736 μὴ
2349 2659 2606 2717 δύνασθαι
2641 2656 2885 2711 ἀτενίσαι
2903 2653 3028 2715 τοὺς
3058 2649 3209 2712 υἱοὺς
3245 2644 3481 2718 Ἰσραὴλ
3505 2648 3582 2706 εἰς
3605 2642 3653 2694 τὸ

2074 2735 2364 2830 πρόσωπον
2392 2751 2673 2815 Μωῦσέως
2704 2748 2793 2803 διὰ
2814 2746 2914 2818 τὴν
2943 2742 3099 2810 δόξαν
3125 2739 3221 2795 τοῦ
3252 2737 3559 2811 προσώπου
3580 2735 3655 2790 αύ-

2073 2851 2167 2906 τοῦ
2199 2850 2297 2922 τήν
2331 2842 2807 2920 καταργουμένην,
2842 2838 2960 2903 πῶς
3006 2836 3128 2908 οὐχὶ
3179 2833 3388 2906 μᾶλλον
3425 2834 3461 2903 ἡ
3493 2830 3659 2884 διακο-

2075 2945 2163 2999 νία
2184 2942 2281 2997 τοῦ
2310 2941 2624 3012 Πνεύματος
2652 2937 2804 2991 ἔσται
2825 2937 2883 2990 ὲν
2901 2933 3060 3005 δόξῃ;
3086 2932 3151 2986 Ei
3179 2928 3293 3001 γὰρ
3320 2929 3396 3002 τῇ
3424 2924 3660 2993 διακονίᾳ
3710 2986 3712 2999 ἰ

2074 3038 2176 3108 τῆς
2207 3034 2586 3105 κατακρίσεως
2637 3029 2785 3096 δόξα,
2834 3025 3010 3096 πολλῷ
3039 3024 3236 3096 μᾶλλον
3283 3014 3657 3093 περισσεύειῇ

394 3111 502 3190 erit
556 3133 612 3187 in
667 3128 886 3203 gloria?
934 3126 1070 3182 Nam
1118 3125 1160 3181 si
1209 3123 1613 3178 administratio
1645 3124 1860 3179 condem

2194 3128 2315 3182 avia
2341 3127 2442 3196 τῆς
2470 3121 2817 3193 δικαιοσύνης
2842 3122 2899 3175 ὲν
2923 3117 3051 3191 δόξῃ
3071 3134 3083 3146 ·
3114 3115 3338 3185 καὶγὰρ
3370 3114 3439 3167 οὐ
3465 3111 3660 3175 δεδόξα-

395 3226 562 3283 tionis
589 3225 756 3294 gloria
791 3231 897 3285 est,
924 3221 1094 3275 multo
1124 3217 1296 3288 magis
1326 3215 1548 3271 excellit
1570 3216 1974 3272 administratio

396 3318 623 3390 iustitia:
669 3318 723 3372 in
754 3314 965 3387 gloria:
1001 3307 1440 3381 quandoquidem
1493 3323 1561 3363 ne
1611 3308 1971 3378 gloriﬁcatutn

399 3413 617 3484 quidem
645 3420 750 3476 est,
781 3406 923 3477 quod
953 3403 1146 3460 claruit
1178 3403 1231 3455 in
1260 3401 1362 3455 bac
1384 3412 1560 3470 parte,
1586 3410 1809 3471 propter
1840 3400 1978 3455 emi-

401 3513 618 3560 nentem
644 3501 873 3572 gloriam
903 3515 918 3553 :
962 3497 1009 3554 si
1043 3496 1188 3552 enim
1224 3495 1368 3564 quod
1403 3491 1676 3559 aboletur,
1719 3492 1775 3546 in
1803 3491 1975 3561 gloria

401 3597 524 3664 fttit,
575 3593 749 3649 multo
794 3591 968 3662 magis
994 3590 1047 3644 id
1071 3587 1217 3659 quod
1257 3594 1465 3652 manet,
1511 3593 1598 3638 est
1626 3583 1682 3640 in
1725 3583 1918 3655 gloria.
1949 3600 1971 3635 ι

403 3689 544 3744 Alibi
573 3702 703 3742 vero
727 3686 774 3719 "
798 3704 812 3740 :
847 3703 866 3737 ι
904 3687 975 3739 At
1003 3699 1101 3739 nos
1128 3696 1320 3738 omnes
1346 3687 1549 3734 retecta
1578 3677 1717 3733 facie
1746 3678 1975 3749 gloriam

402 3779 615 3836 Domini
641 3781 694 3833 in
726 3776 946 3849 speculo
972 3781 1443 3845 repraesentantes,
1473 3772 1540 3825 ad
1569 3768 1814 3823 eamdem
1845 3768 1979 3823 ima-

401 3874 583 3942 ginem
616 3868 1069 3926 transformamur
1100 3880 1130 3920 a
1162 3863 1333 3934 gloria
1362 3862 1414 3916 in
1445 3862 1696 3931 gloriam,
1720 3868 1976 3929 tanquam

404 3980 435 4019 a
461 3962 674 4019 Domini
693 3961 952 4029 Spiritu.)
975 3958 1318 4027 Rursumque
1342 3961 1463 4022 post
1479 3965 1654 4022 pauca
1675 3949 1755 4004 τις
1780 3968 1799 4002 ι
1825 3949 1977 4017 Quod

404 4060 448 4112 si
478 4057 656 4111 adhuc
681 4054 917 4109 velatum
947 4060 1033 4106 est
1061 4047 1414 4118 Evangelium
1450 4052 1694 4101 nostrum
1727 4060 1745 4098 :
1785 4043 1842 4098 in
1894 4043 1980 4098 his

369 4149 644 4228 ‘velatum
675 4155 758 4202 est
788 4145 878 4214 qui
911 4150 1178 4213 pereunt:
1212 4141 1263 4194 in
1292 4139 1489 4209 quibus
1515 4137 1661 4191 Deus
1684 4133 1843 4204 hujus
1877 4149 1979 4190 sm-

406 4241 515 4297 culi
553 4238 846 4297 excaecavit
875 4249 1067 4292 sensus
1094 4232 1521 4295 incredulorum,
1552 4244 1618 4284 ne
1646 4228 1984 4283 illucesceret

408 4334 517 4389 illis
559 4329 888 4387 illtttninatio
917 4325 1197 4396 Evangelii
1240 4323 1423 4395 gloria:
1472 4320 1700 4386 Christi,
1754 4321 1845 4391 qui
1893 4326 1980 4374 est

410 4425 586 4495 imago
619 4421 744 4487 Dei;
774 4439 793 4473 ι
832 4427 887 4474 et
925 4417 1123 4471 iterum
1170 4424 1295 4485 post
1328 4427 1495 4485 pauca
1520 4412 1608 4465 πε
1659 4429 1678 4462 ι
1716 4409 1976 4479 Quoniam

2081 3238 2204 3275 σται
2227 3220 2289 3274 τὸ
2322 3215 2707 3287 δεδοξασμένον
2754 3215 2812 3266 ὲν
2841 3210 3015 3281 τούτῳ
3042 3209 3119 3280 τῷ
3154 3207 3316 3279 μέρει
3343 3206 3544 3259 ἕνεκεν
3577 3202 3658 3270 τῆξ
3710 3204 3712 3251 i

2076 3308 2521 3383 ὑπερϐαλλούσης
2564 3305 2756 3378 δόξηςο
2789 3305 2838 3356 εἰ
2869 3302 2977 3374 γὰρ
3014 3301 3073 3357 τὸ
3105 3297 3564 3368 καταργούμενον
3589 3293 3659 3345 διὰ
3710 3314 3712 3319 .

2079 3403 2260 3473 δόξης,
2296 3399 2475 3471 πολλῷ
2508 3398 2707 3470 μᾶλλον
2738 3397 2801 3450 τὸ
2843 3397 3001 3467 μένον
3047 3394 3105 3445 ὲν
3134 3391 3264 3463 δόξῃ
3290 3406 3305 3419 ·
3338 3408 3359 3441 ι
3398 3389 3544 3441 ὅπου
3576 3386 3655 3439 δέ’

2083 3517 2102 3548 ι
2125 3497 2314 3568 Ἡμεῖς
2359 3494 2415 3549 δὲ
2446 3493 2668 3556 πάντες,
2700 3485 3205 3559 ἀνακεκαλυμμένῳ
3250 3480 3550 3553 προσώπῳ
3578 3478 3659 3548 τὴν

2076 3589 2233 3656 δόξαν
2260 3586 2465 3658 Κυρίου
2491 3581 2994 3655 κατοπτριζόμενοι,
3023 3577 3123 3648 τὴν
3151 3574 3324 3645 αὐτὴν
3346 3572 3556 3626 »εἰκόνα
3583 3586 3659 3640 με-

2077 3678 2505 3752 ταμορφούμεθα
2550 3676 2661 3730 ἀπὸ
2705 3673 2863 3745 δόξης
2911 3673 2992 3734 είς
3036 3668 3215 3736 δόξαν,
3268 3664 3538 3734 καθάπερ
3570 3661 3659 3714 ἀπὸ

2077 3773 2287 3845 Κυρίου
2319 3770 2636 3840 Πνεύματος
2655 3785 2668 3798 ο
2698 3786 2716 3819 ι
2764 3765 2857 3820 καὶ
2888 3762 3049 3817 πάλιν
3084 3760 3201 3832 μετ’
3232 3758 3397 3824 ὀλίγα
3422 3773 3437 3785 ·
3484 3775 3505 3806 ι
3531 3755 3594 3808 Ei
3616 3753 3659 3805 δὲ

2077 3866 2172 3918 καὶ
2201 3865 2318 3917 ἔστι
2340 3860 2753 3932 κεκαλυμμένον
2795 3858 2856 3911 τὸ
2890 3854 3221 3923 Εὐαγγέλιον
3250 3850 3438 3923 ήμῶν,
3470 3850 3535 3901 ὲν
3566 3850 3660 3908 τοῖς

2077 3955 2468 4027 ἀπολλυμένοις
2511 3954 2628 4007 ἐστὶ
2660 3949 3068 4021 κεκαλυμμένον
3089 3963 3102 3977 ⁸
3137 3948 3197 3999 ἐν
3234 3941 3318 4010 οἷς
3347 3944 3380 3994 ὁ
3408 3942 3550 4006 Θεὸς
3578 3938 3659 3993 τοῦ

2079 4046 2274 4111 αἰῶνος
2318 4045 2506 4099 τούτου
2556 4042 2834 4113 ἐτύφλωσε
2872 4040 2941 4094 τά
2966 4041 3213 4109 νοήματα
3256 4036 3370 4089 τῶν
3399 4034 3658 4089 ἀπίστων.

2077 4138 2157 4202 είς
2185 4137 2246 4191 τὸ
2281 4138 2356 4208 μὴ
2390 4135 2732 4205 καταυγάσαι
2778 4132 2866 4187 τὸν
2898 4129 3175 4201 φωτισμὸν
3202 4127 3298 4181 τοῦ
3328 4123 3659 4194 Εύαγγελὲου

2077 4228 2177 4299 τῆς
2204 4227 2363 4300 δόξης
2402 4228 2498 4281 τοῦ
2543 4226 2803 4298 Χριστοῦ,
2847 4225 2905 4288 ὃς
2938 4226 3086 4277 ἐστιν
3109 4219 3273 4275 εἰκὼν
3309 4218 3410 4271 τοῦ
3443 4216 3616 4270 Θεοῦ·
3638 4237 3654 4267 ι

2079 4325 2173 4379 καὶ
2207 4323 2369 4376 πάλιν
2401 4321 2519 4392 μετ’
2546 4320 2733 4388 ὀλίγα·
2774 4337 2793 4369 ι
2828 4318 2947 4371 ’Ότι
2976 4318 3005 4369 ὁ
3032 4314 3165 4376 Θεὸς
3189 4315 3218 4365 ὁ
3244 4310 3421 4365 εἰπὼν
3452 4313 3522 4364 ἐκ
3551 4310 3661 4363 σκό-

2078 4431 2205 4477 τους
2234 4412 2352 4482 φῶς
2383 4409 2615 4482 λάμψαι,
2648 4408 2707 4472 ὃς
2740 4405 2976 4478 ἔλαμψεν
3000 4407 3059 4457 ὲν
3085 4405 3205 4465 ταῖς
3224 4401 3486 4474 καρδίαις
3514 4399 3659 4472 ήμῶν

410 4493 576 4580 Deus,
625 4514 714 4585 qui
758 4510 976 4581 jussite
1004 4508 1243 4564 tenebris
1272 4506 1443 4561 lucem
1476 4503 1811 4567 illucescere,
1867 4502 1876 4556 i

2195 4523 2225 4571 ς
2257 4504 2536 4576 φωτισμὸν
2564 4502 2662 4573 τῆς
2689 4500 2942 4571 γνώσεως
2971 4499 3068 4568 τῆς
3095 4495 3252 4566 δόξης
3286 4494 3385 4548 τοῦ
3418 4493 3580 4555 θεοῦ,
3609 4494 3659 4544 ἐν

408 4609 546 4665 luxit
574 4609 629 4663 in
660 4605 916 4663 cordibus
959 4603 1161 4658 nostris
1189 4603 1257 4655 ad
1297 4594 1755 4653 illuminationem
1796 4593 1980 4664 cogni-

414 4704 576 4759 tionis
603 4702 788 4772 gloriae
832 4698 951 4764 Dei,
993 4697 1048 4751 itt
1091 4692 1232 4749 facie
1269 4690 1398 4746 Iesu
1431 4680 1690 4744 causa.»
1744 4684 1981 4752 Quorum

413 4796 626 4866 singula
663 4791 909 4862 quamvis
945 4797 1199 4843 accurate
1234 4798 1378 4839 nunc
1421 4793 1682 4838 enarrare
1720 4793 1829 4834 non
1887 4792 1986 4847 po-

413 4886 576 4942 stulet
612 4880 885 4955 proposita
913 4878 1187 4933 enarratio
1232 4884 1410 4931 textus
1437 4871 1755 4942 evangelici,
1801 4879 1980 4924 tamen

414 4979 599 5049 paucis
626 4976 743 5030 haec
773 4973 997 5030 dicenda
1028 4978 1177 5026 sunt.
1209 4966 1480 5035 Quantum
1509 4966 1574 5020 ad
1618 4978 1837 5019 sensum
1883 4962 1984 5016 bu-

416 5067 597 5125 milem
625 5075 680 5122 et
704 5065 1040 5134 corporalem
1070 5063 1282 5125 attinet,
1316 5057 1547 5114 divinior
1582 5055 1831 5125 qua-.dam
1865 5069 1983 5108 ma—

416 5162 695 5218 nifestatio
724 5161 776 5214 itt
808 5159 1063 5225 tentorio,
1106 5167 1160 5211 et
1207 5155 1259 5209 in
1305 5151 1511 5222 templo
1541 5150 1812 5218 completo
1842 5147 1982 5202 facta

418 5256 544 5323 fuit,
567 5256 703 5312 etin
728 5253 867 5308 facie
901 5250 1121 5321 Moysis,
1147 5249 1237 5318 qui
1262 5262 1385 5302 cunt
1410 5246 1593 5300 divina
1624 5253 1816 5296 natura
1853 5255 1986 5296 ροη-

418 5358 669 5402 versatus
695 5345 906 5408 fuerat,
939 5351 1201 5412 quantum
1234 5354 1364 5394 vero
1392 5337 1459 5393 ad
1484 5350 1785 5404 anagogen,
1815 5340 1869 5386 ct
1908 5330 1987 5384 al-

419 5437 611 5493 tiorem
633 5424 1068 5505 intelligentiam,
1097 5447 1159 5487 ea
1182 5446 1301 5502 quae
1324 5431 1387 5487 de
1409 5430 1520 5484 Deo
1543 5435 1794 5482 accurate
1824 5437 1990 5495 agno-

490 5574 534 5607 ⁸⁸
567 5575 734 5631 Exod.
766 5590 833 5629 ιι
852 5614 865 5636 ,
889 5573 979 5637 52,
1003 5573 1091 5627 55.
1170 5571 1213 5604 ⁸³
1239 5569 1303 5624 lll
1331 5568 1443 5638 Reg

496 5756 606 5829 (δυ)
639 5757 862 5831 Vulgata
884 5758 1091 5828 Greeca,
1120 5757 1337 5829 στήκειν
1370 5754 1720 5822 λειτουργεῖν.
1746 5822 1751 5827 ἢ

1448 5607 1464 5620 .
1503 5582 1621 5627 vttt,
1658 5564 1745 5629 10,
1776 5563 1863 5617 Η.
1893 5561 1982 5633 ατο
2013 5560 2183 5619 Exod.
2217 5578 2403 5633 xxxtv,
2433 5562 2536 5630 29,
2563 5560 2651 5618 '50.
2726 5560 2771 5593 '“
2794 5559 2914 5616 Luc.

1831 5567 1863 5614 ξ.
1893 5561 1982 5633 γμτο
2013 5560 2183 5619 Exod.
2217 5578 2403 5633 xxxtv,
2433 5562 2536 5630 29,
2563 5560 2651 5618 '50.
2726 5560 2771 5593 '“
2794 5559 2927 5616 Luc.
2956 5574 3033 5624 ιι,
3055 5556 3149 5625 29,
3181 5571 3297 5625 seq.

422 5657 504 5706 nt,
534 5645 588 5708 7;
620 5660 735 5713 seq.
810 5631 1009 5699 "ibid.
1044 5642 1132 5699 18.
1208 5641 1255 5672 ⁷⁵
1287 5639 1330 5694 ΙΙ
1357 5631 1482 5693 car.
1507 5653 1581 5703 tv,
1608 5638 1660 5701 5,
1685 5634 1743 5692 4.
1819 5634 1863 5665 ⁷⁵

642 5660 735 5713 seq.
810 5631 1132 5699 "imus.
1208 5641 1255 5672 τι
1287 5639 1330 5694 ιι
1357 5631 1482 5693 car.
1507 5653 1581 5703 ιν,
1608 5638 1660 5701 3,
1685 5634 1743 5692 ι.
1819 5634 1863 5665 τε
1888 5631 2019 5688 ibid.
2056 5637 2108 5687 ο.

2087 4596 2365 4669 προσώπῳ
2409 4592 2582 4668 Ἰησοῦ
2631 4590 2932 4665 Χριστοῦ.)
3004 4590 3275 4643 Ἔκαστον
3341 4586 3405 4639 δὲ
3465 4586 3658 4639 τούτων

2087 4691 2329 4764 ἀκριϐῶς
2352 4690 2447 4745 νῦν
2492 4686 2854 4761 διηγήσασθαι
2886 4686 2985 4737 οὑκ
3011 4682 3232 4737 ἀπαιτεῖ
3263 4682 3298 4751 ή
3326 4678 3655 4750 προκειμένη

2094 4785 2187 4855 τῆς
2217 4779 2577 4851 εύαγγελικῆς
2613 4777 2814 4844 λέξεως
2837 4776 3087 4846 διήγησις
3105 4789 3119 4803 ’
3150 4771 3292 4842 πλὴν
3316 4770 3395 4835 ὡς
3428 4771 3519 4823 διὰ
3539 4769 3658 4841 βρα-

2090 4875 2228 4946 χέων
2254 4872 2477 4927 τοιαῦτα
2523 4870 2740 4924 λεκτέον
2762 4885 2775 4899 ·
2827 4870 2987 4921 Ὅσον
3018 4865 3117 4937 μὲν
3149 4864 3292 4918 κατὰ
3326 4863 3393 4915 τὸ
3426 4877 3653 4932 σωματι-

2091 4969 2185 5022 κὸν
2212 4965 2455 5037 θειοτέρα
2476 4981 2560 5026 τις
2586 4963 2806 5032 γέγονεν
2835 4957 3125 5027 ἐπιφάνεια
3157 4957 3214 5009 ὲν
3249 4957 3317 5026 τῇ
3347 4956 3546 5025 σκηνῇ,
3572 4952 3653 5004 καὶ

2090 5063 2149 5114 ὲν
2189 5059 2269 5130 τῷ
2294 5056 2407 5129 ναῷ
2438 5054 2850 5115 συντελεσθεῖσι,
2895 5051 2988 5104 καὶ
3011 5052 3069 5103 ὲν
3095 5048 3176 5119 τῷ
3200 5046 3483 5119 προσώπῳ
3509 5047 3654 5099 Marii-

2093 5151 2228 5213 σέως
2254 5150 2320 5219 τῇ
2364 5147 2485 5218 θείᾳ
2514 5144 2672 5216 φύσει
2719 5142 3079 5214 ὁμιλήσαντος
3101 5157 3114 5170 ·
3163 5140 3287 5192 ὅσον
3313 5137 3375 5190 δὲ
3403 5136 3545 5190 κατὰ
3567 5134 3654 5203 τὴν

2090 5240 2378 5311 ἀναγωγὴν
2405 5238 2474 5292 τά
2522 5239 2650 5309 περὶ
2678 5235 2812 5288 Θεοῦ
2860 5231 3104 5305 ἀκριϐῶς
3141 5230 3540 5300 γινωσκόμενα,
3570 5227 3653 5279 καὶ

2088 5330 2166 5402 τῷ
2196 5329 2489 5402 ἐπιτηδείῳ
2520 5327 2577 5381 δὲ
2600 5324 2901 5398 ὑπερϐολὴν
2928 5324 3296 5396 καθαρότητος
3331 5322 3407 5394 νῷ
3439 5319 3652 5393 θεωρού-

2097 5440 2253 5494 μενα,
2286 5422 2412 5487 δόξα
2437 5420 2504 5476 ἂν
2527 5421 2736 5491 λέγοιτο
2761 5416 2900 5474 εἶναι
2931 5418 3066 5472 Θεοῦ
3086 5418 3338 5487 ὀφθεῖσα·
3376 5417 3498 5469 ἐπεὶ
3515 5418 3544 5469 ὁ
3567 5432 3650 5468 κε-

3393 5554 3437 5585 ⁷²
3467 5553 3509 5607 ιι
3537 5552 3650 5608 Cor.
