3712 6138
119 288 199 333 ΜἸ

1067 270 1424 325 COMMENT.
1464 270 1528 321 ΙΝ
1568 268 1760 322 JUAN.
1804 266 2041 323 TOMUS
2078 267 2293 322 XXXII.

3227 267 3331 321 8i8

64 430 65 437 η
119 383 443 458 ωθαρμένος,
476 380 569 434 καὶ
600 379 948 452 δπεραναϐάς
997 380 1174 432 πάντα
1205 377 1364 431 ύλικὰ
1392 375 1537 439 νοῦς,
1567 375 1655 429 i'va

1817 388 1998 443 untur,
2022 392 2248 447 quaeque
2269 375 2384 431 acie
2414 376 2611 432 mentis
2634 376 3007 447 dispiciuntur,
3042 388 3166 449 apte
3209 392 3336 449 pro-

117 477 368 553 ἀκριϐώσῃ
389 473 485 544 τὴν
523 471 757 544 θεωρίαν
784 470 879 525 τοῦ
910 470 1067 535 Θεοῦ,
1102 471 1160 526 ἐν
1186 465 1266 534 οἷς
1295 469 1510 541 θεωρεῖ,
1539 466 1658 520 θεο-

117 573 348 626 ποιεῑταιο
393 564 611 618 λεκτέον
656 564 900 617 τοιοῦτον
953 560 1090 619 εἶναι
1143 564 1203 618 τὸ
1253 562 1567 631 δεδοξάσθαι
1598 561 1659 617 τὸ

115 660 372 735 πρόσωπον
400 654 495 709 τοῦ
526 655 899 729 θεωρήσαντος
943 655 1035 708 τὸν
1071 655 1222 718 Θεὸν,
1251 656 1343 709 καὶ
1369 658 1662 730 ὁμιλήσαν-

114 772 192 820 τος
218 749 372 821 αὐτῷ,
400 750 493 803 καὶ
517 748 992 821 συνδιατρίῲαντος
1018 748 1239 821 τοιαύτῃ
1279 749 1398 822 θέᾳ,
1426 751 1503 816 ὡς
1532 753 1659 807 τοῦ-

117 863 164 901 το
187 841 312 900 εἶναι
334 841 607 915 τροπικῶς
647 840 709 895 τὸ
752 840 1137 912 δεδοξασμένον
1177 841 1468 913 πρόσωπον
1495 844 1659 898 Mus-

114 938 252 1002 σέως,
290 933 692 1005 θεοποιηθέντος
731 932 881 1004 αύτῷ
911 932 1006 987 τοῦ
1052 932 1165 986 νοῦ.
1214 934 1373 987 Κατὰ
1417 933 1574 988 τοῦτο
1602 936 1660 989 δέ

113 1029 195 1084 καὶ
221 1026 249 1079 ό
293 1022 605 1085 Ἀπόστολος
630 1021 782 1092 ἔλεγε
814 1021 878 1076 τό
894 1039 910 1053 ο
940 1040 959 1075 t
981 1023 1175 1093 Ἢμεῑς
1199 1022 1256 1076 δέ
1285 1023 1506 1090 πάντες,
1532 1026 1663 1079 ἀνα-

110 1114 483 1185 κεκαλυμμένῳ
512 1109 791 1185 προσώπῳ
817 1111 914 1184 τὴν
946 1112 1103 1177 δόξαν
1135 1113 1341 1184 Κυρίου
1375 1130 1663 1188 κατοπτρι-

110 1208 320 1277 ζόμενοι,
352 1203 450 1276 τὴν
487 1202 659 1275 αὐτὴν
694 1202 883 1256 είκόνα
930 1203 1446 1276 μεταμορφούμεθα.
1474 1224 1493 1256 ι
1533 1205 1663 1259 Ὠσ-

109 1317 201 1372 περ
227 1297 279 1352 δὲ
306 1299 337 1367 ἡ
385 1294 480 1349 τοῦ
524 1293 838 1366 νυκτερινοῦ
870 1295 1047 1366 φωτὸς
1099 1296 1420 1368 λαμπρότης
1451 1297 1664 1352 ἀνατεί-

109 1392 279 1453 λαντος
297 1387 387 1442 τοῦ
417 1388 573 1460 ἡλίου
605 1388 976 1460 ἀμαυροῦται,
1006 1386 1150 1442 οὕτω
1178 1389 1213 1459 ἡ
1246 1387 1351 1442 ὑπὸ
1382 1387 1664 1453 Μωῦσέως

105 1482 215 1548 δόξα
245 1481 343 1535 ὑπὸ
373 1480 473 1552 τῆς
501 1483 559 1535 ἐν
586 1479 809 1552 Χριστῷ
828 1496 843 1511 ο
877 1478 1162 1553 σύγκρισιν
1184 1479 1293 1553 γὰρ
1320 1480 1422 1535 οὐκ
1452 1474 1598 1552 εἶχεν
1627 1483 1664 1554 ἡ

106 1578 159 1630 ὲν
192 1572 396 1647 Χριστῷ
441 1572 687 1645 ὑπεροχὴ
722 1573 788 1644 ἣν
830 1570 1111 1640 γινώσκων
1145 1572 1258 1643 (51)
1307 1571 1397 1627 τὸν
1444 1571 1664 1645 Πατέρα

104 1662 301 1731 ἐδόξασε
329 1663 457 1734 περὶ
487 1660 653 1716 αὑτοῦ
672 1663 808 1732 πρὸς
837 1662 907 1716 τά
952 1662 1059 1716 ὑπὸ
1084 1661 1363 1726 Μωῦσέως
1394 1661 1663 1729 γνωσθέν-

1759 478 1877 536 pter
1902 468 2282 523 excellentiam
2315 469 2569 538 puritatis
2612 469 2861 524 dicentur
2887 484 3009 526 esse
3033 471 3197 541 gloria
3238 471 3330 524 Dei

1758 567 2073 626 conspecta,
2108 557 2365 627 quoniam
2396 573 2548 613 mens
2572 558 2944 623 muudilicata,
2974 568 3028 615 et
3059 575 3180 630 quae
3213 574 3330 613 ma-

1761 648 1970 702 terialia
2000 660 2194 703 cuncta
2227 651 2644 714 transcenderit,
2678 661 2737 702 ut
2768 660 3021 705 accurate
3053 650 3329 706 intueatur

1759 740 2020 796 visionem
2048 740 2163 803 Dei,
2185 743 2253 796 ob
2272 758 2334 795 ea
2362 756 2483 809 qua:
2502 741 2761 806 intuetur,
2791 741 3095 800 deiﬁcatur.
3133 742 3326 798 Dicen-

1760 834 1887 889 dum
1912 842 1998 888 est
2020 833 2183 887 etiam
2210 833 2471 903 ejusmodi
2503 847 2625 889 esse
2655 832 2943 905 gloriﬁcari
2973 835 3165 890 faciem
3213 835 3329 905 ejus

1759 925 1851 995 qui
1890 924 2058 981 Deum
2090 925 2317 980 intuitus
2345 924 2528 992 fuerit,
2554 934 2610 981 et
2640 941 2764 980 cum
2806 927 2923 996 ipso
2955 936 3325 992 conversatus,

1760 1016 1963 1089 quique
2008 1033 2132 1073 cum
2167 1017 2471 1086 huiusmodi
2501 1019 2712 1073 visione
2744 1019 3193 1074 consuetudinem
3225 1021 3328 1074 ha-

1763 1106 1962 1171 buerit,
2008 1117 2069 1161 ut
2109 1107 2314 1178 tropice
2362 1108 2660 1179 glorificata
2714 1106 2878 1165 fuisse
2916 1108 3115 1180 Moysis
3161 1109 3330 1166 facies

1763 1199 2119 1270 intelligatur,
2147 1203 2271 1270 quia
2293 1217 2442 1256 mens
2461 1201 2607 1256 illius
2635 1201 2884 1257 deiﬁcata
2908 1199 3089 1256 fuerit.
3110 1201 3169 1258 In
3194 1203 3332 1257 hanc

1762 1292 2086 1347 sententiam
2110 1292 2403 1362 Apostolus
2431 1307 2644 1363 quoque
2670 1293 2884 1348 dicebat
2905 1293 2991 1349 ":
3032 1311 3052 1346 ι
3081 1293 3189 1349 Nos
3232 1309 3331 1349 au-

1763 1393 1870 1439 tem
1903 1399 2091 1440 omnes
2123 1395 2323 1440 retecta
2352 1385 2490 1440 facie
2521 1385 2749 1455 gloriam
2777 1386 2989 1441 Domini
3024 1386 3079 1442 in
3109 1388 3332 1456 speculo

1762 1486 2236 1549 repraesentantes,
2275 1477 2341 1532 ad
2369 1478 2613 1532 eamdem
2646 1477 2934 1549 imaginem
2978 1478 3334 1536 transforma-

1762 1586 1938 1626 mur.»
1976 1568 2046 1626 Ut
2073 1579 2252 1626 autem
2289 1580 2567 1626 nocturnae
2594 1570 2729 1626 lucis
2769 1572 3025 1640 splendor
3054 1572 3335 1627 exoriente

1763 1664 1880 1719 sole
1913 1663 2231 1727 offuscetur,
2262 1663 2341 1717 sic
2368 1661 2567 1734 Moysis
2591 1663 2778 1734 gloria:
2810 1665 3060 1719 tenebras
3104 1661 3334 1719 offundit

104 1777 180 1823 τα,
210 1757 300 1811 καί
343 1755 642 1821 δοξάσαντα
675 1753 737 1807 τὺ
777 1755 1068 1827 πρόσωπον
1109 1754 1210 1824 τῆς
1239 1752 1419 1824 ψυχῆς
1464 1748 1625 1809 αὑτοῦ
1646 1770 1659 1784 ·

1819 1755 1934 1810 oria
1985 1770 2107 1825 quze
2152 1766 2241 1811 est
2277 1756 2329 1809 in
2361 1754 2615 1810 Christo;
2646 1754 2812 1827 ω
2844 1771 2963 1809 cum
3001 1756 3200 1820 alioqui
3241 1771 3334 1810 ex-

101 1852 171 1906 διὺ
195 1849 604 1922 καταργουμένη
634 1847 850 1920 εἴρηται
888 1848 922 1919 ἡ
972 1847 1067 1900 ἐπὶ
1098 1846 1374 1911 Μωῦσέως
1401 1845 1527 1913 δόξα
1552 1846 1661 1900 ἀπὸ

102 1945 189 2016 τῆς
216 1939 660 2015 ὑπερϐαλλούσης
687 1944 746 1995 ἐν
774 1939 995 2013 Χριστῷ
1025 1939 1205 2011 δόξης.

1765 1847 2016 1904 cellentia
2051 1862 2174 1917 quae
2220 1856 2305 1901 est
2354 1846 2405 1900 in
2437 1845 2656 1901 Christo
2705 1846 3166 1914 comparationem
3224 1863 3334 1901 non

1768 1941 1989 2006 habeat,
2018 1955 2123 2008 qua
2150 1952 2451 2010 agnoscens
2479 1936 2699 1993 Patrem
2741 1937 3008 2003 Christus,
3044 1939 3200 2009 longe
3226 1954 3334 1993 tua-

102 2038 172 2106 gis
196 2037 522 2108 gloriﬁcatus
550 2036 650 2091 fuit
678 2051 840 2105 quam
875 2035 1041 2090 fuerit
1068 2036 1280 2107 Moyses
1329 2049 1399 2090 ex
1452 2034 1538 2089 his
1572 2049 1691 2105 qum
1737 2049 1766 2088 a
1811 2050 1871 2091 se
1901 2036 2116 2104 cognita
2168 2035 2344 2120 fuere,
2389 2042 2445 2088 et
2497 2049 2618 2104 quae
2655 2034 3096 2105 gloriﬁcaverunt
3143 2034 3333 2089 faciem

101 2133 277 2188 animae
303 2133 440 2200 ejus.
469 2132 680 2188 Idcirco
706 2131 877 2203 gloria
902 2132 954 2187 in
993 2132 1173 2203 Moyse
1192 2132 1464 2187 exsistens
1499 2131 1642 2186 dicta
1664 2139 1751 2186 est
1779 2130 1987 2186 destrui
2019 2146 2049 2184 a
2076 2130 2498 2198 supereminenti
2525 2129 2692 2198 gloria
2726 2144 2846 2199 quae
2883 2141 2966 2184 est
2995 2130 3050 2184 in
3093 2128 3351 2186 Christo.~

161 2226 240 2281 18.
274 2226 491 2279 Τούτων
530 2225 594 2296 δὴ
626 2225 786 2297 ἡμῶν
847 2224 990 2278 κατὰ
1034 2223 1263 2296 δύναμιν
1292 2226 1351 2279 ἐν
1382 2224 1662 2297 βραχέσιν,

100 2315 222 2379 εὶςά
252 2315 616 2387 παρεθέμεθα,
645 2314 1417 2388 λελεγμένων,ρέπανέλθωμεν
1445 2316 1538 2370 ἐπὶ
1567 2316 1660 2369 τό’

104 2425 120 2457 ι
146 2405 249 2458 Νῦν
270 2406 528 2478 ἐδοξάσθη
555 2407 585 2459 ὁ
612 2406 741 2472 Υἱὸς
764 2405 860 2461 τοῦ
887 2404 1195 2479 ἀνθρώπου,
1228 2406 1323 2459 καὶ
1344 2406 1373 2458 ὁ
1398 2405 1533 2469 Θεὸς
1550 2405 1663 2458 ἐδο-

100 2497 254 2570 ξάσθη
284 2500 341 2552 ἐν
372 2499 544 2570 αὐτῷ.
575 2519 596 2551 ι
645 2496 910 2554 Γινώσκει
956 2495 1050 2552 οὖν
1081 2498 1174 2553 τὸν
1209 2497 1429 2568 Πατέρα
1453 2498 1484 2550 ὁ
1512 2496 1664 2563 Υἱὸς,

97 2590 231 2662 αὐτῷ
258 2590 335 2662 τῷ
355 2590 647 2660 γινώσκειν
689 2592 850 2645 αὑτὸν
875 2591 988 2645 ὄντι
1042 2590 1283 2662 μεγίστῳ
1320 2588 1531 2660 ἀγαθῷ,
1570 2590 1663 2643 κα)⁸

97 2684 264 2738 ὁποῖον
288 2682 353 2737 ἂν
382 2684 412 2738 ό
442 2684 541 2738 ἐπὶ
567 2683 778 2738 τελείαν
805 2682 1005 2752 γνῶσιν
1042 2681 1138 2747 ὢν,
1169 2683 1234 2752 ἡν
1265 2680 1522 2751 γινώσκει
1549 2681 1661 2752 (52)

96 2776 123 2828 ὁ
154 2775 272 2839 Υἱὸς
294 2774 384 2829 τὸν
405 2774 653 2844 Πατέρα,
686 2773 943 2846 ἐδοξάσθη
963 2790 978 2804 ο
1007 2768 1181 2843 οἶμαι,
1212 2772 1315 2835 ὅτι,
1346 2772 1441 2826 καὶ
1472 2771 1662 2827 ἐαυτὸν

97 2862 379 2933 γινώσκων,
409 2866 574 2936 (ὅπερ
602 2866 697 2919 καὶ
725 2864 857 2918 αὐτὸ
881 2864 943 2918 ού
970 2863 1186 2936 μακρὰν
1217 2863 1405 2917 ἀποδεῖ
1438 2862 1545 2933 (55)
1567 2861 1662 2916 τοῦ

1841 2222 1931 2278 18.
1960 2223 2159 2278 Verum
2191 2222 2470 2277 enimvero
2504 2236 2626 2276 cum
2662 2223 2776 2276 haac
2818 2235 2915 2289 pro
2963 2220 3102 2274 virili
3150 2220 3338 2289 paucis

1766 2314 2186 2373 disseruerimus
2219 2314 2287 2369 de
2312 2312 2397 2368 his
2434 2328 2554 2379 ante
2605 2312 2658 2367 in
2709 2313 2940 2368 medium
2993 2312 3336 2381 protulimus,

1769 2411 2053 2465 redeamus
2098 2407 2167 2462 ad
2215 2407 2387 2461 illud:
2448 2425 2467 2458 ι
2501 2405 2655 2460 Nunc
2696 2404 3032 2477 gloriﬁcatus
3063 2414 3147 2460 est
3172 2404 3338 2461 Filius

1766 2502 2027 2567 hominis,
2045 2509 2100 2557 et
2120 2502 2260 2555 Deus
2277 2499 2609 2570 gloriﬁcatus
2634 2506 2717 2553 est
2738 2511 2835 2566 per
2856 2497 3029 2566 ipsum
3052 2496 3119 2548 τ’.
3134 2497 3338 2565 »Αεῐιο-

1769 2609 1927 2650 scena
1950 2593 2167 2648 Patrem
2200 2592 2370 2648 Filius
2398 2590 2735 2662 gloriﬁcatus
2751 2600 2832 2645 est
2854 2591 2967 2660 ipsa
2995 2588 3176 2643 Patris
3192 2588 3336 2658 agni-

1771 2685 1939 2749 tione,
1974 2698 2095 2754 quaa
2123 2694 2206 2740 est
2242 2685 2541 2739 maximum
2582 2685 2806 2746 bonum,
2829 2690 2884 2736 et
2924 2682 3030 2736 tale
3075 2691 3132 2735 ut
3171 2681 3338 2736 Filius

1770 2775 2107 2847 gloriﬁcetur
2150 2777 2203 2831 in
2253 2774 2495 2845 perfecta
2536 2774 2846 2846 cognitione
2883 2772 3172 2838 exsistens,
3232 2788 3338 2843 qua

1769 2868 2015 2938 agnoscit
2044 2866 2281 2922 Patrem.
2314 2867 2568 2922 Arbitror
2591 2880 2721 2922 vero
2742 2866 2907 2922 etiam
2934 2865 3080 2937 quod
3104 2868 3338 2939 seipsum

98 2956 394 3031 προτέρου,)
424 2956 690 3028 ἐδοξάσθη
743 2959 809 3011 ἐκ
838 2955 935 3010 τοῦ
965 2955 1129 3011 αὑτὸν
1156 2954 1471 3024 ἐγνωκέναι.
1521 2955 1583 3007 El
1610 2953 1662 3007 δὲ

1815 2973 2071 3029 gnosccns
2104 2957 2248 3030 (qua:
2282 2959 2398 3028 ipsa
2423 2974 2510 3013 res
2539 2974 2645 3013 non
2667 2959 2854 3029 procul
2888 2973 2917 3011 a
2940 2959 3108 3030 priori
3141 2960 3338 3029 abest),

98 3045 329 3117 καὶπερὶ
377 3046 492 3099 τῶν
523 3045 659 3100 ὅλων
691 3045 893 3115 γνῶσις
916 3045 1030 3117 (54)
1076 3045 1388 3119 συμπληροῖ
1415 3044 1478 3098 τὸ
1506 3044 1667 3116 μέγε-

95 3132 178 3200 θος
197 3136 294 3207 τῆς
323 3137 490 3209 δόξης
521 3138 709 3206 αὐτοῦ,
738 3140 841 3192 ὅσα
886 3139 1005 3192 ἐστὶ
1039 3136 1258 3209 κρυπτά
1309 3137 1404 3191 καὶ
1452 3138 1665 3208 ἐμφανῆ

93 3229 456 3298 γινώσκοντος,
497 3230 784 3304 ζητήσεις*
836 3231 933 3284 καὶ
977 3232 1186 3303 μήποτε
1216 3231 1327 3303 (55)
1370 3230 1527 3284 τοῦτό
1553 3233 1668 3285 ἐστι

92 3323 147 3372 τὸ
173 3316 309 3377 εἶναι
335 3323 659 3394 αύτοσοφία,
702 3322 735 3395 ἦ
770 3322 848 3394 τῷ
871 3323 1150 3394 λεγομένῳ
1179 3322 1415 3394 αὐτουιῷ
1451 3322 1545 3376 τοῦ
1574 3324 1669 3377 άν-

95 3410 301 3481 θρώπου
329 3416 391 3468 τὸ
410 3415 730 3483 δεδοξάσθαι
754 3417 818 3469 ἐκ
838 3415 934 3469 τοῦ
955 3415 1196 3488 ἡνῶσθαι
1218 3419 1285 3488 τῇ
1316 3417 1499 3489 σοφίᾳ.
1527 3416 1668 3470 Ταύ-

94 3501 185 3573 τὴν
208 3504 262 3558 δέ
287 3509 467 3563 πᾶσαν
495 3510 597 3581 τὴν
625 3509 802 3576 δόξαν,
842 3510 908 3581 ἢν
940 3508 1200 3581 ἐδοξάσθη
1231 3512 1260 3563 ό
1293 3509 1421 3573 Υἱὸς
1450 3508 1545 3564 τοῦ
1575 3510 1668 3563 άν-

95 3593 323 3667 θρώπου,
357 3599 746 3673 δωρησαμένου
772 3600 865 3654 τοῦ
899 3600 1114 3673 Πατρὺς
1143 3599 1421 3672 ἐδοξάσθη.
1450 3598 1668 3655 Πολλῶν

90 3686 143 3743 δὲ
173 3688 339 3744 ὄντων
381 3692 494 3747 τῶν
528 3690 991 3763 συμπληρούντων
1037 3692 1135 3764 τὴν
1175 3691 1332 3759 δόξαν
1358 3693 1541 3746 πᾶσαν
1572 3692 1666 3746 τοῦ

92 3781 388 3853 ἀνθρώπου,
419 3784 483 3838 τὸ
532 3785 653 3838 κατ’
696 3783 886 3855 ἐξοχὴν
940 3783 1146 3837 τούτων
1191 3784 1446 3839 ἁπάντων
1476 3784 1505 3836 ὁ
1536 3784 1668 3848 Θεός

88 3872 247 3931 ἐστιν.
274 3874 353 3939 ὃς,
403 3876 484 3947 τῷ
511 3874 870 3946 γινώσκεσθαι
906 3877 1013 3931 ἀπὸ
1042 3877 1136 3931 τοῦ
1168 3877 1321 3943 Υίοῦ,
1354 3879 1452 3949 οὐχ
1483 3876 1668 3940 ἁπλῶς

90 3963 198 4018 ἐστι
228 3965 610 4039 δοξαζόμενος,
658 3968 772 4022 ἀλλ’
802 3971 861 4024 ἐν
892 3969 1007 4040 Υίῷ
1033 3968 1384 4040 δοξαζόμενος
1407 3985 1421 3999 ·
1474 3968 1597 4022 καθ’
1638 3968 1668 4021 ὃ

89 4056 175 4110 καὶ
200 4059 476 4133 τολμηρὸν
513 4064 635 4133 μὲν,
680 4062 773 4116 καὶ
823 4063 1006 4134 μεῖζον
1037 4061 1070 4134 ἢ
1104 4061 1228 4115 καθ’
1268 4062 1416 4132 ἡμᾶς
1460 4062 1577 4114 ἐστι
1606 4061 1668 4115 τὸ

88 4146 162 4208 εἰς
209 4146 455 4214 ἐξέτασιν
506 4151 735 4215 ἑαυτοὺς
781 4150 1058 4205 ἐπιδοῦναι
1102 4150 1422 4223 τηλικούτου
1470 4150 1663 4219 λόγουδ

1765 3048 2096 3119 gloriﬁcatus
2123 3051 2212 3117 sit,
2237 3065 2303 3104 eo
2330 3051 2472 3121 quod
2505 3053 2739 3119 seipsum
2764 3051 3068 3122 agnoverit.
3104 3052 3186 3106 An
3207 3067 3340 3107 vero

1766 3143 1930 3197 etiam
1973 3143 2349 3197 universorum
2404 3143 2643 3213 cognitio
2691 3145 3115 3214 magnitudinem
3156 3144 3341 3217 gloriae

1768 3233 1936 3301 ipsius
1963 3233 2251 3302 compleat,
2274 3248 2394 3303 quae
2422 3242 2549 3288 sunt
2589 3236 2827 3300 occulta,
2877 3251 3107 3306 quaeque
3150 3246 3340 3307 aperta

1766 3327 2167 3393 cognoscentis,
2204 3341 2436 3395 qumres,
2465 3337 2520 3381 et
2541 3326 2665 3381 vide
2688 3341 2754 3381 ne
2783 3325 2926 3381 forte
2970 3327 3110 3382 hanc
3138 3327 3342 3399 gloriﬁ-

1767 3415 2032 3470 cationem
2060 3414 2230 3470 Filius
2257 3417 2491 3471 hominis
2518 3416 2737 3483 habeat,
2763 3417 2889 3487 quia
2923 3417 3108 3474 unitus
3139 3419 3210 3473 sit
3239 3417 3342 3474 Sa-

1768 3506 1986 3574 pientiae
2014 3522 2137 3561 cum
2184 3510 2298 3575 ipse
2339 3507 2412 3562 sit
2456 3508 2754 3579 αὐτοσοφία
2784 3510 2889 3575 vel,
2937 3520 2998 3564 ut
3028 3519 3220 3566 vocant
3245 3511 3340 3564 αὐ-

1766 3598 1948 3663 ωυιός
1984 3597 2113 3671 [Ιιοο
2161 3611 2245 3654 est
2302 3599 2578 3670 Sapientia
2615 3603 2750 3673 ipsa,
2807 3604 2890 3658 vel
2952 3601 3124 3657 Filius
3173 3600 3339 3675 ipse.]

1768 3694 1882 3749 Hac
1908 3704 2088 3750 autem
2119 3697 2266 3749 omni
2294 3695 2493 3766 gloria,
2544 3711 2652 3768 qua
2687 3697 3026 3769 gloriﬁcatus
3053 3707 3137 3752 est
3169 3696 3342 3751 Filius

1770 3786 2008 3840 hominis
2038 3824 2054 3851 ,
2104 3801 2132 3840 a
2172 3787 2351 3854 l’atre,
2382 3790 2473 3857 qui
2501 3788 2604 3844 hoc
2628 3788 2701 3843 illi
2734 3789 2977 3853 donavit,
3010 3789 3343 3861 gloriﬁcatus

1768 3877 1890 3931 fuit.
1922 3875 2198 3949 Multaque
2241 3893 2365 3934 cum
2415 3879 2526 3934 sint
2566 3880 2796 3950 gloriam
2838 3894 3054 3937 omnem
3104 3879 3343 3936 hominis

1766 3984 1888 4040 qua:
1919 3971 2249 4042 compleant,
2304 3973 2389 4028 his
2423 3975 2676 4030 omnibus
2725 3985 2991 4045 praestans
3037 3983 3123 4031 est
3176 3974 3340 4041 Deus,

1768 4071 1859 4140 qui
1893 4085 1998 4125 non
2029 4070 2349 4142 simpliciter
2372 4088 2402 4128 a
2426 4073 2586 4143 Filio,
2611 4075 2736 4130 dum
2766 4078 3138 4147 cognoscitur,
3177 4076 3343 4148 glori-

1768 4160 2002 4228 ﬁcatur;
2035 4161 2131 4216 sed
2174 4177 2270 4231 per
2316 4161 2513 4218 Filium
2561 4164 2918 4237 gloriﬁcatur.
2964 4165 3125 4222 Juxta
3174 4167 3340 4236 quod,

87 4236 228 4309 ὅμως
256 4241 316 4294 δέ
344 4241 648 4314 τολμητέον
681 4242 1004 4298 ὑποϐάλλειν
1032 4243 1094 4296 τὸ
1125 4243 1183 4297 ἐν
1224 4242 1303 4314 τῷ
1330 4244 1479 4314 τόπῳ
1509 4242 1662 4316 ζητη-

1815 4255 1947 4323 udax
1991 4256 2210 4325 quidem
2253 4256 2491 4325 facinus,
2525 4236 2795 4330 supraque
2835 4267 3051 4330 captum
3097 4265 3341 4335 nostrum

89 4331 233 4403 θῆναι
260 4334 584 4407 δυνάμενον.
638 4335 794 4404 Ζητῶ
840 4336 899 4391 δὲ
926 4338 976 4390 εἰ
1007 4336 1180 4390 ἔνεστι
1227 4335 1546 4408 ὼξασθῆναι
1577 4336 1662 4391 τὸν

1815 4349 2137 4417 osmetipsos
2162 4349 2482 4418 permittere
2509 4350 2699 4406 horum
2730 4349 3091 4422 inquisitioni,
3135 4332 3229 4404 sed
3255 4338 3341 4401 ta-

85 4422 228 4489 Θεὸν,
253 4427 408 4501 παρὰ
435 4428 501 4481 τὸ
530 4427 847 4495 δοξάζεσθαι
878 4430 937 4483 ἐν
965 4429 1101 4500 Υἰῷ,
1126 4429 1202 4493 ὡς
1224 4428 1668 4501 ἀποδεδώκαμεν,

90 4517 343 4585 μειζόνως
370 4519 541 4575 αὑτὸν
571 4520 681 4593 (56)
716 4524 775 4575 ἐν
820 4521 997 4593 ἐαυτῷ
1043 4521 1418 4593 δοξαζόμενον,
1458 4523 1568 4590 ὅτε,
1611 4525 1669 4577 ἐν

82 4611 144 4680 τῇ
178 4610 373 4666 ἐαυτοῦ
399 4613 690 4683 γινόμενος
722 4616 996 4686 περιωπῇ,
1021 4613 1112 4667 ἐπὶ
1137 4615 1198 4685 τῇ
1231 4613 1421 4667 ἐαυτοῦ
1447 4613 1667 4683 γνώσει,

84 4703 173 4756 καὶ
196 4709 263 4777 τῇ
294 4708 496 4762 ἐαυτοῦ
548 4708 751 4782 θεωρίᾳ
779 4707 913 4781 οὔσῃ
949 4708 1155 4781 μείζονι
1200 4709 1301 4780 τῆς
1327 4709 1438 4781 (57)
1467 4711 1526 4763 ἐν
1553 4709 1669 4781 Υίῷ

83 4796 331 4870 θεωρίας,
366 4802 448 4866 ὡς
478 4801 576 4856 ἐπὶ
619 4800 753 4856 Θεοῦ
783 4800 889 4874 χρὴ
913 4804 1053 4868 νοεῖν
1084 4800 1153 4855 τά
1196 4801 1438 4868 τοιαῦτα,
1473 4803 1555 4857 δεῖ
1584 4803 1670 4856 λέ-

147 4976 192 5012 ²⁶
207 4977 254 5037 ll
272 4977 407 5038 Cor.
430 4993 523 5043 ιιι,
545 4978 633 5035 18.
706 4978 752 5011 ’⁷
776 4977 929 5036 Joan.
953 4994 1074 5048 xm,
1104 4981 1191 5038 51.

149 5167 262 5239 (51)
286 5162 482 5239 Codex
519 5167 740 5239 Regius,
771 5166 848 5221 ὢν
880 5166 1183 5239 γινώσκων.

149 5234 259 5307 (52)
286 5238 443 5295 Idem
487 5234 662 5294 codéx
691 5234 917 5309 Regius,
946 5234 1004 5291 οἷ
1051 5238 1145 5290 ἐπὶ
1190 5237 1403 5292 τελείαν
1436 5239 1658 5309 γνῶσιν,

80 5307 143 5360 ἢν
171 5307 459 5360 γινώσκει.

117 5326 143 5360 ν
171 5325 459 5378 γινωσκει.
944 5376 947 5377 ν

101 5343 645 5450 ⁸’‹ἐὲ)“’⁵’νὸῗὲῥρὺτὸ
675 5379 774 5435 και
800 5380 874 5434 οὐ
885 5376 1124 5450 μακρὰν
1140 5381 1369 5448 ἀποδεῖ,
1387 5393 1492 5440 etc.
1514 5384 1661 5440 Ano-

82 5463 269 5517 nymus
298 5448 450 5520 apud
480 5448 732 5505 Photinm
763 5448 899 5505 cod.
948 5465 1114 5510 cxvn.
1176 5453 1280 5509 hoc
1311 5456 1530 5510 nomine
1568 5469 1659 5507 ac-

80 5519 554 5591 cusatum’gcribit
579 5519 891 5591 Origenetn,
916 5522 1058 5590 quod
1078 5520 1272 5577 Filium
1301 5525 1521 5588 dixerit,
1550 5540 1657 5579 non

81 5605 308 5646 noscere
344 5589 577 5644 Patrem
608 5589 965 5659 utﬁseipsum’.
1004 5592 1159 5657 Quod
1189 5591 1363 5660 ipsum
1398 5595 1485 5648 hic
1510 5595 1656 5649 vide-

79 5666 166 5739 tur
198 5661 546 5786 slilgniﬁcare.
578 5660 685 5718 Nos
715 5677 828 5719 rem
882 5663 1236 5733 expendimus
1275 5665 1326 5719 in
1381 5664 1657 5736 Origenin-

79 5744 174 5785 ms.
263 5746 492 5786 manus.

77 5744 174 5785 tm.
210 5744 492 5789 HUE‘I‘IUS.

1769 4454 1892 4495 men
1921 4441 2226 4495 audendum
2252 4451 2336 4497 est
2367 4454 2666 4514 suggerere
2695 4443 2839 4512 quod
2884 4443 2990 4498 hoc
3037 4441 3092 4496 in
3125 4439 3243 4495 loco
3287 4438 3344 4493 in

1768 4532 2125 4600 quaestionem
2157 4535 2351 4590 adduci
2379 4535 2569 4605 possit.
2627 4534 2823 4603 Quaero
2860 4545 3041 4590 autem
3076 4549 3144 4589 an
3168 4530 3346 4603 possit

1768 4624 1939 4695 gloria
1978 4623 2117 4681 aﬂici
2160 4627 2324 4692 Deus,
2373 4637 2574 4698 praeter
2618 4627 2845 4699 gloriam
2874 4642 3038 4697 quam
3087 4626 3252 4683 habet
3288 4625 3344 4679 in

1775 4713 1934 4781 Filio,
1968 4717 2040 4770 ita
2065 4725 2124 4771 ut
2149 4717 2493 4783 tradidimus,
2523 4718 2713 4787 majori
2746 4718 2799 4771 in
2833 4734 2893 4772 se
2922 4719 3039 4787 ipso
3064 4715 3232 4786 gloria
3260 4712 3345 4767 af-

1776 4804 1972 4876 fectus,
2003 4820 2129 4864 cum
2175 4808 2229 4863 in
2261 4824 2357 4864 sua
2388 4809 2556 4879 ipsius
2578 4819 2663 4865 est
2691 4810 2932 4879 specula,
2977 4816 3202 4880 propter
3256 4806 3342 4861 sui

1841 5173 1955 5248 (54)
1990 5172 2170 5248 Codex
2190 5173 2415 5248 Regius,
2438 5171 2596 5248 male,
2624 5170 2842 5248 γνῶσιν.

1841 5176 1932 5248 (54
1990 5176 2170 5230 Codex
2196 5176 2415 5244 Regius,
2438 5176 2596 5233 male,
2624 5176 2842 5241 γνῶσιν.

1840 5176 1955 5318 (55)
1984 5244 2095 5299 Kal
2118 5243 2374 5318 μήποτε,
2397 5252 2505 5297 etc.
2549 5240 2625 5297 Ita
2656 5242 2857 5318 legitur
2882 5241 2954 5318 _in
2980 5239 3168 5318 codice
3201 5240 3345 5318 Bod-_

1768 5311 1969 5381 leiano,
1994 5311 2224 5378 rectius,
2251 5316 2468 5381 Opinor,
2495 5327 2659 5383 quam
2716 5315 2768 5367 in
2795 5311 2980 5383 codice
3008 5312 3202 5383 Regio,
3247 5314 3345 5383 qui

1767 5386 1848 5439 sic
1872 5378 2037 5457 habet
2064 5403 2078 5457 :_
2112 5386 2221 5457 Καὶ
2270 5378 2485 5457 μήποτεΔ
2516 5378 2866 5457 ’τοῦτό-ἐστε
2990 5378 3148 5457 Δεἶναι
3190 5378 3337 5457 αὐτῷ

1767 5456 1931 5525 σοφία
1957 5455 2090 5528 ἡτῷ
2118 5450 2577 5538 λεγοιένένῳηαύτῷ
2622 5451 2738 5524 Υίῷ
2774 5450 2867 5506 τοῦ
2917 5450 3203 5523 ἀνθρώπου

1764 5525 2077 5581 δεδοξάσθαι
2116 5526 2181 5581 ἐκ
2210 5542 2302 5579 του
2321 5524 2563 5581 ἡνωσθαι
2586 5527 2652 5581 τῇ
2685 5524 2866 5581 σοφία.

1798 5526 2077 5591 εδοξάσθαι
2116 5526 2181 5581 ἐκ
2210 5526 2302 5579 τοῦ
2321 5526 2563 5596 ἡνῶσθαι
2586 5527 2652 5596 τῇ
2685 5526 2866 5594 σοφίᾳ.

1835 5598 1946 5661 (36)
1970 5596 2152 5651 Codex
2187 5597 2405 5665 Regius,
2439 5596 2597 5659 male,
2641 5596 2823 5665 μεῖζον
2846 5593 2939 5656 ὡς.

1835 5666 1947 5741 (5⁷)
1972 5667 2107 5739 Τῆς.
2131 5669 2290 5724 Deest
2325 5668 2377 5721 itt
2395 5667 2586 5722 codice
2618 5666 2805 5734 Regio.
