3712 6138
358 305 466 361 sm
1805 293 2130 352 ORIGENIS
3505 303 3591 356 sos

313 418 320 425 ’
350 424 720 476 convenerunt
751 417 1011 472 adversus
1054 417 1362 481 Dominum,
1390 427 1447 473 et
1484 418 1744 473 adversus
1768 416 1903 472 Chri-

2067 430 2127 467 αν
2151 411 2243 465 ἐπὶ
2273 412 2332 466 τὸ
2364 413 2496 467 αὐτὸ
2526 413 2665 467 κατὰ
2698 413 2790 470 τοῦ
2826 414 3163 486 Κυρίου,,κα“ι
3188 413 3333 467 κατὰ
3353 414 3447 468 τοῦ
3480 418 3593 490 Χρι-

346 518 489 566 stum
519 508 635 575 ejus
654 508 718 574 ³⁸,
759 529 779 562 3
810 510 986 578 inquit
1013 509 1056 542 ³⁸
1084 525 1139 561 ει
1178 510 1437 565 Dominus
1472 509 1562 563 lux
1591 524 1732 572 mea,
1757 518 1810 562 et
1836 524 1903 563 sat

2067 504 2157 558 τοῦ
2185 506 2370 572 αὐτοῦ,
2410 526 2427 558 3
2464 507 2596 577 φησί
2631 509 2702 578 (8)
2729 525 2740 536 ·
2778 527 2794 558 ι
2827 508 3029 580 Κύριος
3054 507 3334 577 φωτισμός
3367 525 3491 579 μου,
3521 513 3593 565 καὶ

347 601 431 656 lus
480 616 599 655 mea
623 640 638 663 ,
667 616 695 653 a
727 616 965 669 quonam
1008 611 1242 656 metuam
1282 602 1306 655 ?
1338 601 1599 658 Dominus
1649 611 1903 671 protecta:

2067 600 2211 671 ωτήρ
2244 617 2344 670 μου
2374 599 2597 672 Κύριος,
2624 601 2743 653 τίνα
2778 601 3178 672 φοϐηθήσομαι;
3213 601 3418 674 Κύριος
3444 603 3573 675 ὑπερ

344 696 470 750 vita
513 707 666 756 meae,
688 709 855 761 aquo
895 709 1252 764 expavescam
1276 695 1300 749 2
1328 696 1460 750 Dum
1490 697 1903 767 appropinquant

2067 688 2299 760 σπιστὴς
2339 689 2437 760 τῆς
2485 690 2629 761 ζωῆς
2683 707 2807 761 μου,
2852 691 2958 745 ἀπὸ
3001 691 3144 755 τίνος
3184 690 3479 757 δειλιάσωῖ
3521 694 3593 747 Ἑν

343 801 508 854 super
530 800 615 840 me
646 795 923 849 nocentes.
957 797 1015 841 ut
1041 788 1303 843 devorent
1330 804 1521 844 carnes
1549 804 1714 852 meas,
1749 791 1903 846 tribu-

2067 778 2102 848 ᾧ
2132 778 2367 848 ἐγγίζειν
2399 782 2485 833 ἐπ’
2518 781 2618 851 ἐμὲ
2648 780 2972 845 κακοῦντας,
3000 780 3094 835 τοῦ
3129 785 3324 851 φαγεῖν
3353 782 3454 847 τὰς
3483 784 3593 853 σάρ-

343 877 516 934 lantes
550 893 656 945 me,
681 886 736 933 et
756 878 957 933 inimici
989 880 1115 943 mei,
1140 879 1238 948 ipsi
1273 880 1533 937 inﬁrmati
1567 892 1713 947 sunt,
1747 890 1804 937 et
1827 898 1903 938 ce-

2067 887 2126 933 ας
2156 888 2256 941 μου
2284 912 2300 937 ,
2334 872 2384 925 oi
2432 870 2706 936 θλίϐοντές
2749 891 2814 944 με
2834 891 2847 904 ·
2881 874 2974 927 καὶ
3004 876 3051 927 oi
3082 854 3288 947 ἐχθροίκ
3302 893 3427 946 μου,
3460 876 3594 929 αὐτοὶ

341 966 609 1025 eiderunt.
629 970 685 1023 Si
722 971 891 1030 aciem
914 979 1128 1025 struant
1152 972 1438 1026 adversum
1481 987 1565 1027 me
1586 982 1787 1039 castra,
1808 990 1903 1028 non

2067 964 2327 1035 σθένησαν
2373 964 2468 1017 καὶ
2517 963 2739 1019 ἔπεσαν.
2791 966 2917 1019 Ἐὰν
2952 967 3332 1039 παρατάξηται
3379 969 3471 1021 ἐπ’
3507 970 3592 1040 ἐμὲ

341 1062 554 1117 timebit
590 1076 688 1116 cor
725 1076 904 1116 meum
933 1078 948 1128 ;
984 1064 1029 1116 si
1072 1062 1317 1133 insurgat
1342 1065 1625 1120 adversum
1659 1081 1746 1121 me
1776 1082 1916 1136 prae-

338 1154 491 1217 lium,
519 1155 572 1209 in
598 1155 703 1211 hoc
738 1170 840 1227 ego
884 1158 1138 1225 sperabo.
1176 1175 1194 1209 3
1230 1155 1613 1214 Verumtamen
1643 1160 1786 1228 quod
1828 1160 1917 1214 di-

339 1246 420 1299 xit
444 1245 621 1308 Jesus,
647 1248 762 1302 sive
787 1246 941 1303 Iuda:
965 1289 980 1314 ,
1021 1248 1139 1304 sive
1185 1249 1405 1305 Satanaa
1437 1270 1451 1305 :
1484 1271 1503 1302 ι
1536 1252 1689 1319 Quod
1739 1252 1910 1317 facis,

336 1336 427 1393 fac
452 1339 656 1404 ocius,3
675 1356 834 1397 nemo
860 1345 1078 1424 agnovit
1107 1344 1559 1400 discumbentium
1591 1347 1656 1400 ad
1680 1346 1806 1417 quid
1828 1347 1912 1399 di-

334 1432 514 1497 xerit;
544 1431 762 1502 quidam
786 1435 929 1487 enim
958 1435 1396 1505 putabant,quod
1421 1438 1649 1491 instaret
1667 1434 1909 1492 Pascha-

339 1522 408 1576 tis
440 1522 557 1579 dies
610 1523 803 1589 festus,
832 1522 1017 1580 Jesum
1064 1527 1267 1582 dixisse
1313 1527 1531 1582 habenti
1578 1528 1906 1597 marsupinm

333 1631 715 1687 expensarum,
745 1628 799 1675 et
830 1633 1017 1674 eorum
1046 1636 1168 1687 quae
1189 1622 1458 1677 dabantur
1489 1622 1541 1676 in
1589 1637 1743 1677 usum
1776 1637 1910 1691 pau-

2021 1056 2360 1131 παρεμϐολὴ,
2384 1059 2443 1110 οὐ
2473 1058 2840 1130 φοϐηθήσεται
2875 1062 2908 1131 ἡ
2957 1062 3150 1132 καρδία
3186 1079 3287 1134 μου
3304 1056 3323 1093 ’·
3374 1062 3474 1117 ἐὰν
3510 1065 3594 1117 ὲπ-

2019 1154 2222 1223 αναστῇ
2241 1152 2463 1235 maps-
2479 1151 2734 1235 πόλεμος,
2753 1155 2810 1205 ἐν
2827 1153 2999 1227 ταύτῃ
3024 1154 3134 1225 ἐγὼ
3160 1155 3382 1220 ἐλπίζω.
3418 1176 3438 1207 3
3460 1156 3592 1228 Πλὴν

2016 1244 2078 1296 τὸ
2110 1222 2642 1316 λεγόμενονὶὶὸτεκτῷ
2670 1247 2881 1318 Σατανᾷ
2913 1222 3023 1301 εἴτε
3178 1248 3347 1321 Ἰούδᾳ
3380 1250 3489 1303 ὑπὸ
3510 1222 3592 1303 τοῦ

2030 1334 2201 1407 Ἰησοῦ
2226 1377 2241 1400 ,
2274 1339 2364 1390 τό·
2407 1356 2426 1389 ι
2457 1340 2522 1391 Ὅ
2569 1343 2777 1404 ποιεῖς,
2828 1341 3052 1413 ποίησον
3096 1344 3284 1414 τάχιον
3310 1383 3327 1408 ,
3369 1364 3387 1397 3
3430 1344 3593 1407 οὐδεὶς

2016 1424 2156 1494 ἔγνω
2188 1425 2295 1481 τῶν
2320 1427 2692 1499 ἀνακειμένων
2721 1429 2858 1501 πρὸς
2886 1431 2938 1484 τί
2978 1431 3195 1503 εἴρηται
3219 1450 3232 1462 ’
3262 1434 3311 1485 οί
3341 1435 3442 1503 μὲν
3470 1434 3591 1504 γὰρ,

2013 1514 2100 1569 διὰ
2142 1515 2204 1569 τὸ
2229 1517 2536 1572 ἐπικεῖσθαι
2563 1520 2661 1592 τὴν
2692 1520 2785 1574 τοῦ
2821 1522 3011 1594 Πάσχα
3042 1525 3234 1596 ἑορτὴν
3255 1567 3268 1590 ,
3302 1523 3472 1596 ᾤοντο
3517 1526 3592 1579 λέ-

2013 1625 2129 1677 γειν
2153 1609 2313 1664 αὐτὸν
2344 1611 2422 1682 τῷ
2460 1611 2636 1683 ἔχοντι
2660 1614 2720 1667 τὸ
2754 1614 3138 1688 γλωσσόκομον
3168 1618 3276 1672 τῶν
3308 1620 3591 1691 ἀναλωμά-

333 1726 548 1780 perum,
579 1721 639 1767 ut
673 1720 880 1767 emeret
910 1728 974 1767 ea
1004 1711 1200 1783 quibus
1221 1729 1355 1783 opus
1381 1715 1642 1770 haberent
1664 1715 1732 1771 ad
1762 1715 1903 1770 diem

2067 1719 2140 1767 ον,
2169 1703 2262 1756 καὶ
2287 1702 2395 1757 τῶν
2420 1706 2500 1768 εἰς
2512 1706 2641 1778 ιστὴν.
2661 1707 2849 1777 χρείαν
2877 1709 2985 1764 τῶν
3018 1711 3248 1782 πτωχῶν
3278 1712 3588 1784 διδομένων,

333 1806 574 1870 festum;
607 1803 691 1859 vel
722 1811 782 1858 ut
826 1818 893 1858 ex
938 1780 1165 1874 [iisquae
1205 1780 1428 1861 collecta
1471 1805 1702 1872 fuerant,
1753 1807 1903 1861 daret

2074 1809 2109 1845 ι’
2155 1794 2366 1866 Ὠνήσει
2399 1794 2471 1867 (9)
2502 1790 2657 1861 οὗτος
2697 1791 2772 1852 ὧν
2804 1800 3075 1873 χρῄζομεν
3223 1803 3320 1875 τὴν
3362 1780 3584 1876 ἑορτήν·

330 1896 677 1964 pauperibus.
698 1897 769 1951 At
797 1895 952 1953 Jesus
978 1913 1084 1952 non
1119 1898 1219 1953 hoc
1247 1898 1497 1965 dixerat;
1522 1899 1614 1953 sed
1643 1899 1831 1954 videns
1854 1906 1903 1953 et

2067 1924 2079 1947 ,
2120 1884 2212 1938 Ἐκ
2243 1884 2351 1938 τῶν
2403 1888 2773 1959 συναχθέντων
2803 1892 2890 1956 δὺς
2918 1896 3030 1957 τοῖς
3078 1898 3335 1966 πτωχοῖς.
3378 1898 3439 1948 '0
3484 1897 3590 1969 γὰρ

334 1986 592 2041 Satanam
650 1988 981 2057 ingressum,
1010 1997 1068 2045 et
1103 1988 1295 2044 Judam
1344 1991 1720 2045 admittentem
1757 2006 1903 2057 eum,

2067 1974 2225 2046 ησοῦς
2254 1978 2316 2031 οὐ
2341 1977 2500 2033 τοῦτο
2527 1980 2709 2050 ἔλεγεν
2735 1999 2749 2013 ο
2780 1983 2915 2037 ἀλλὰ
2944 1985 3155 2055 βλέπων
3186 1988 3278 2040 καὶ
3307 1988 3399 2043 τὸν
3424 1990 3589 2043 εἰσελ-

328 2093 628 2147 omnesque
665 2081 925 2135 adversus
951 2095 1009 2135 se
1037 2080 1283 2146 insidias,
1313 2082 1381 2136 ad
1433 2092 1706 2137 certamen
1739 2083 1903 2137 veluti

2067 2085 2189 2129 ιντα,
2221 2070 2429 2124 καὶτὸν
2473 2073 2914 2145 παραδεξάμενον
2947 2077 3129 2141 αὐτὸν,
3155 2079 3249 2131 καὶ
3280 2082 3464 2134 πᾶσαν
3496 2081 3587 2154 τὴν

327 2178 547 2232 exutus,
573 2176 628 2221 et
653 2168 721 2222 ad
748 2178 967 2223 strenue
1002 2184 1061 2224 se
1085 2170 1378 2239 gerendum
1415 2185 1512 2239 pro
1538 2171 1711 2226 salute
1734 2171 1907 2226 homi-

330 2272 458 2311 num
491 2259 776 2312 adversum
805 2259 1027 2324 malum,
1052 2260 1106 2313 id
1143 2270 1230 2316 est
1255 2259 1549 2326 diabolum,
1584 2261 1688 2318 hoc
1720 2262 1857 2316 dixit
1888 2284 1902 2319 :

331 2364 355 2401 ι
384 2346 537 2415 Quod
565 2349 725 2416 facis,
748 2348 837 2405 fac
862 2350 1036 2406 ocius.
1069 2370 1090 2403 3

392 2533 484 2590 16.
521 2552 541 2585 ι
565 2533 698 2589 Cum
723 2534 1023 2605 accepisset
1048 2549 1180 2604 ergo
1203 2534 1291 2589 ille
1320 2532 1559 2601 oﬂ'ulam,
1583 2534 1750 2589 exivit
1773 2548 1903 2589 con-

325 2626 510 2679 tinuo:
550 2635 670 2681 erat
698 2636 880 2681 autem
914 2642 1023 2681 nox
1051 2628 1118 2681 ⁸ο.
1161 2646 1181 2679 3
1215 2626 1435 2682 Dixerat
1457 2626 1672 2696 quidem
1702 2626 1901 2682 Serva-

326 2727 410 2771 tor
433 2709 583 2772 Iuda:
619 2733 635 2774 :
668 2735 689 2770 ι
741 2717 893 2785 Quod
928 2720 1083 2784 facis,
1132 2719 1221 2774 fac
1268 2720 1460 2784 ocius;
1499 2737 1520 2771 3
1568 2729 1626 2773 at
1659 2718 1900 2788 proditor

319 2808 424 2864 hac
460 2824 563 2862 una
596 2810 648 2863 in
693 2824 753 2864 re
790 2808 1046 2879 Magistro
1080 2826 1224 2865 nunc
1258 2821 1447 2879 paret;
1481 2820 1694 2880 sumpta
1740 2825 1897 2864 nam-

319 2916 426 2969 que
453 2898 613 2955 otl'ula
637 2915 745 2956 non
780 2913 1046 2968 moratur,
1079 2904 1195 2967 sed,
1227 2911 1286 2955 ut
1312 2902 1570 2970 scriptum
1595 2911 1699 2966 est,
1726 2921 1745 2953 ι
1777 2902 1898 2956 exi-

320 2995 401 3048 vit
418 2997 701 3061 continuo,
722 3015 742 3049 3
766 3005 824 3051 ut
848 2995 1050 3050 faceret
1066 2998 1221 3051 ocius
1245 2995 1566 3065 proditionis
1590 2995 1895 3065 Opusjuxta

316 3087 612 3157 iussionem
650 3086 779 3143 Jesu
807 3104 822 3155 ;
854 3096 906 3142 et
944 3101 1071 3140 vere
1121 3088 1331 3150 exivit;
1364 3103 1463 3143 nec
1502 3088 1645 3142 enim
1685 3097 1892 3141 tantum

311 3180 466 3249 juxta
508 3180 894 3251 simpliciorem
950 3196 1166 3237 sensum
1202 3180 1371 3235 exivit
1408 3196 1474 3235 ex
1511 3180 1673 3235 domo
1707 3181 1890 3250 inqua

318 3288 471 3328 caena
505 3272 689 3337 fiebat,
713 3274 809 3329 sed
853 3274 1016 3328 etiam
1058 3275 1279 3328 omnino
1308 3272 1480 3326 exivit
1508 3288 1539 3327 ιι
1577 3270 1744 3337 Jesu;
1780 3288 1889 3326 non

314 3378 475 3418 secus
500 3373 664 3433 atque
688 3362 815 3417 illud
849 3381 866 3418 :
898 3383 917 3415 ‹
958 3364 1222 3419 Exierunt
1249 3379 1279 3417 a
1308 3363 1576 3419 nobis“.3
1615 3364 1893 3418 Arbitror-

316 3469 424 3524 que
475 3455 731 3510 Satanam
775 3455 827 3509 in
862 3453 1054 3509 Judam
1100 3455 1405 3525 ingressum
1464 3465 1585 3524 post
1625 3454 1886 3519 oll‘ulam,

316 3546 465 3603 ferre
495 3564 599 3602 non
626 3548 869 3617 potuisse
892 3558 949 3602 ut
976 3548 1194 3602 essetin
1222 3550 1411 3603 eodem
1433 3548 1552 3602 loco
1580 3562 1701 3602 cum
1724 3546 1885 3611 Jesu;

313 3655 490 3709 neque
532 3641 676 3695 enim
719 3640 824 3693 ulla
871 3641 1251 3696 convenientia
1300 3651 1384 3696 est
1415 3641 1633 3696 Christo
1684 3641 1751 3693 ad
1786 3639 1889 3693 Be—

314 3733 500 3786 liar”.
536 3732 729 3799 Quaero
760 3731 999 3796 insuper,
1026 3732 1128 3786 nisi
1159 3732 1212 3787 id
1259 3732 1535 3787 curiosum
1582 3740 1685 3792 cst,
1720 3744 1890 3799 quare

318 3824 532 3879 tandem
562 3824 684 3878 huic
709 3824 831 3878 voci
862 3841 876 3878 :
915 3840 935 3874 ι
962 3824 1096 3878 Cum
1127 3824 1429 3891 accepisset
1463 3823 1703 3888 oll‘ulam,
1737 3843 1756 3876 3
1783 3840 1886 3878 non

314 3917 566 3979 addatur,
598 3925 647 3971 et
678 3918 1024 3981 comedisset;
1055 3917 1151 3971 sed
1179 3915 1435 3984 inspicies
1471 3917 1633 3971 etiam
1659 3925 1710 3970 tu
1745 3917 1886 3985 ipse;

316 4009 441 4063 huic
464 4011 607 4063 enim
648 4009 813 4063 verbo
841 4010 1154 4076 accipiendi,
1185 4008 1491 4063 comedendi
1531 4011 1754 4063 verbum
1789 4010 1879 4061 ad-

312 4103 446 4154 dunt
474 4100 838 4171 evangelistze,
871 4116 993 4154 cum
1027 4099 1249 4166 volunt;
1278 4098 1446 4153 veluti
1474 4100 1526 4153 in
1548 4097 1714 4172 m
1738 4101 1889 4169 panis

315 4188 693 4241 benedictione
732 4189 991 4257 scriptum
1019 4198 1102 4242 est
1127 4188 1327 4243 dixisse
1354 4187 1536 4244 Jesum
1578 4190 1884 4260 discipulis:

316 4297 334 4328 σ
370 4277 635 4346 Accipite,
660 4280 930 4334 comedite
960 4279 1029 4331 ".
1064 4299 1083 4332 3
1116 4283 1228 4349 Age
1271 4281 1452 4351 igitur,
1497 4294 1567 4334 an
1606 4292 1885 4351 acceptam

309 4369 525 4425 oll‘ulam
563 4388 671 4426 non
709 4371 1009 4426 comederit
1040 4369 1209 4426 ludas
1240 4371 1491 4445 (etiamsi
1524 4373 1768 4442 quaedam
1795 4387 1880 4429 eo-

312 4479 430 4517 rum
450 4478 570 4533 qua:
586 4462 783 4517 dicturi
801 4477 1008 4531 sumus,
1029 4464 1319 4518 convenire
1337 4478 1442 4517 non
1461 4463 1742 4518 videantur
1762 4480 1883 4519 cum

311 4556 729 4625 superioribus),
766 4553 1176 4623 explanabimus
1205 4554 1258 4608 in
1301 4555 1551 4623 praesenti
1576 4554 1713 4618 loco,
1743 4555 1885 4622 judi-

2006 2156 2130 2210 καθ’
2180 2159 2345 2213 αὑτοῦ
2391 2160 2713 2234 ἐπιϐουλὴν,
2761 2165 2853 2218 ἐπὶ
2913 2167 3005 2222 τὸν
3061 2167 3248 2237 ἀγῶνα
3289 2171 3587 2245 ἀποδυόμε-

2006 2261 2131 2312 νος,
2169 2248 2260 2300 καὶ
2310 2250 2402 2303 ἐπὶ
2431 2251 2492 2304 τὸ
2539 2253 2861 2323 ἀριστεῦσαι
2892 2256 3032 2328 ὑπὲρ
3074 2261 3351 2333 σωτηρίας
3388 2263 3585 2336 ἀνθρώ

2005 2354 2122 2391 πων
2144 2341 2285 2395 κατὰ
2313 2342 2405 2395 τοῦ
2438 2345 2696 2417 πονηροῦ,
2727 2343 2846 2401 εἶπε
2877 2349 2938 2403 τό
2960 2367 2974 2380 ο
3012 2370 3031 2402 ι
3049 2353 3113 2405 Ὃ
3137 2357 3331 2418 ποιεῖς,
3362 2357 3583 2429 ποίησον

2003 2432 2212 2503 τάχιον.
2263 2453 2282 2486 3

2085 2520 2173 2575 16.
2206 2541 2225 2573 ι
2258 2523 2452 2579 Λαϐὼν
2485 2523 2578 2582 οὖν
2610 2528 2671 2582 τὸ
2708 2528 2916 2602 ψωμίον
2954 2534 3187 2598 ἐκεῖνος,
3224 2537 3446 2606 ἐξῆλθεν
3489 2542 3574 2594 εὐ-

2014 2609 2128 2674 θύς
2154 2607 2220 2683 ἦν
2248 2613 2304 2667 δὲ
2336 2614 2451 2682 νύξ.
2488 2637 2507 2669 3
2547 2618 2607 2672 '0
2638 2620 2734 2689 μὲν
2766 2620 2953 2692 Σωτὴρ
2980 2623 3163 2692 ἔλεγεν
3182 2642 3194 2654 ’
3230 2644 3247 2675 ‹
3289 2630 3352 2679 Ὃ
3382 2634 3569 2695 ποιεῖς,

2011 2702 2231 2771 ποίησον
2264 2704 2446 2776 τάχιον
2464 2747 2481 2774 ,
2520 2725 2541 2759 3
2574 2708 2650 2780 τῷ
2673 2709 2873 2782 Ἰούδαν
2902 2715 2930 2766 ὁ
2954 2712 3010 2765 δὲ
3036 2715 3297 2787 προδότης
3320 2720 3376 2770 ἐν
3404 2721 3572 2791 τούτῳ

2002 2801 2151 2872 μόνῳ
2179 2802 2273 2854 ἐπὶ
2295 2802 2374 2873 τῷ
2399 2802 2712 2876 Διδασκάλῳ
2735 2805 2997 2860 πείθεται’
3034 2806 3213 2861 λαϐὼν
3245 2809 3356 2879 γὰρ
3383 2809 3445 2863 τὸ
3469 2810 3578 2880 ψω-

2001 2894 2125 2965 μίον
2158 2896 2258 2950 οὐκ
2297 2895 2590 2969 ἐμέλλησεν
2609 2938 2624 2963 ,
2650 2898 2760 2952 οὐδ’
2788 2899 3097 2971 ἐϐράδυνεν,
3130 2901 3245 2955 ἀλλ’
3274 2903 3350 2967 ὡς
3370 2902 3575 2975 γέγρα-

1998 3005 2153 3053 πται,
2177 2989 2397 3062 ἐξῆλθεν
2423 2990 2583 3054 εὐθὺς
2603 2991 2827 3061 ποιῆσαι
2853 2992 3037 3064 τάχιον
3058 2992 3202 3047 κατὰ
3222 2994 3320 3066 τὴν
3344 2995 3576 3068 πρόστα-

1999 3077 2078 3145 ξιν
2106 3080 2199 3134 τοῦ
2234 3081 2408 3152 Ἰησοῦ
2435 3081 2496 3135 τὸ
2526 3081 2626 3151 τῆς
2669 3083 2958 3154 προδοσίας
2993 3085 3180 3155 ἔργον
3229 3088 3325 3140 καὶ
3364 3087 3576 3159 ἀληθῶς

1996 3171 2218 3243 ἐξῆλθεν
2240 3191 2253 3203 ’
2283 3175 2344 3227 οὐ
2388 3172 2498 3245 γὰρ
2529 3173 2688 3244 μόνον
2715 3174 2857 3228 κατὰ
2887 3174 2948 3228 τὸ
2980 3176 3349 3250 ἁπλούστερον
3382 3178 3572 3249 ἐξῆλθε

1994 3264 2086 3317 τοῦ
2112 3264 2279 3330 οἴκου,
2310 3267 2367 3319 ὲν
2409 3260 2454 3335 ᾧ
2483 3266 2545 3319 τὸ
2593 3266 2807 3321 δεῖπνον
2835 3268 3063 3338 ἐγίνετο,
3106 3269 3241 3324 ἀλλὰ
3279 3272 3373 3324 καὶ
3395 3272 3574 3328 τέλεον

1993 3356 2210 3428 ἐξῆλθεν
2247 3356 2354 3412 ἀπὸ
2377 3358 2471 3411 τοῦ
2517 3359 2714 3431 Ἰησοῦ,
2746 3360 3006 3429 ἀνάλογον
3033 3361 3110 3433 τῷ
3133 3379 3148 3392 ο
3177 3382 3195 3413 ι
3238 3363 3487 3434 Ἐξῆλθον
3515 3365 3572 3433 ἐξ

1991 3452 2164 3524 ἡμῶν.
2201 3472 2220 3503 3
2267 3451 2408 3522 Ἐγὼ
2439 3454 2486 3507 δ’
2527 3450 2702 3525 οἶμαι,
2732 3456 2814 3509 ὅτι
2841 3456 2963 3510 οὐδὲ
3003 3457 3031 3509 ὁ
3060 3456 3317 3511 εἰσελθὼν
3344 3458 3485 3529 μετὰ
3513 3459 3572 3511 τὸ

1990 3544 2203 3615 ψωμίον
2229 3547 2309 3608 ε-ίς
2334 3544 2426 3598 τὸν
2464 3545 2664 3600 Ἰούδαν
2696 3547 2938 3610 Σατανᾶς
2972 3548 3166 3618 ἐχώρει
3191 3551 3378 3621 φέρειν
3402 3551 3464 3603 τὸ
3494 3546 3571 3603 εἷ-

1991 3654 2079 3691 ναι
2104 3639 2160 3690 ὲν
2179 3637 2257 3709 τῷ
2300 3637 2446 3709 αὐτῷ
2470 3638 2622 3709 τόπῳ
2656 3640 2791 3711 μετά
2827 3640 2919 3693 τοῦ
2962 3640 3134 3713 Ἰησοῦ
3162 3659 3174 3671 ·
3213 3642 3439 3713 οὐδεμία
3465 3642 3568 3715 γὰρ

1992 3728 2346 3801 συμφώνησις
2390 3730 2627 3802 Χριστοῦ
2678 3731 2812 3804 πρὸς
2856 3732 3051 3804 Βελίαρ
3084 3734 3250 3788 ἐστίν.
3287 3735 3352 3787 Εἰ
3393 3735 3452 3789 δὲ
3496 3736 3566 3807 μὴ

1991 3821 2298 3893 περιέργως
2323 3820 2490 3891 ζητῶ,
2521 3822 2574 3876 τί
2608 3823 2806 3893 δήποτε
2832 3824 2892 3877 οὐ
2918 3825 3236 3895 πρόσκειται
3259 3825 3337 3896 τῷ
3359 3844 3372 3856 ·
3405 3847 3425 3878 ι
3465 3832 3563 3882 Λα·

1992 3912 2103 3966 ϐὼν
2134 3913 2196 3966 τὸ
2227 3913 2460 3984 ψωμίον,
2492 3933 2511 3965 3
2546 3915 2648 3968 καὶ
2675 3915 2902 3986 φαγὼν,
2926 3917 3021 3969 καὶ
3040 3917 3200 3981 αὐτὸς
3228 3920 3561 3991 ἐπιστήσεις⁸

1990 4004 2124 4058 ὅπου
2156 4004 2263 4074 γὰρ
2293 4004 2559 4075 βούλεται,
2590 4007 2913 4078 προστίθησι
2953 4008 3046 4061 καὶ
3078 4008 3138 4060 τὸ
3175 4009 3393 4077 φαγεῖν
3423 4014 3453 4064 ὁ
3488 4010 3564 4063 λὸο

1990 4114 2085 4166 γος
2117 4095 2193 4168 τῷ
2234 4095 2442 4150 λαϐεῖν
2466 4112 2479 4127 °
2508 4096 2697 4170 ὥσπερ
2739 4099 2831 4151 ἐπὶ
2863 4099 2964 4168 τῆς
2998 4099 3088 4152 τοῦ
3118 4099 3283 4172 ἄρτου
3320 4102 3561 4172 εὐλογίας

1988 4189 2329 4261 γέγραπται,
2362 4189 2444 4242 ὃτι
2470 4184 2592 4241 εἷπε
2634 4191 2747 4252 τοῖς
2780 4188 3047 4261 μαθηταῖς
3075 4191 3103 4242 ὁ
3142 4190 3380 4262 Ἰησοῦς·
3417 4211 3435 4242 ι
3464 4193 3559 4246 Λά-

1989 4282 2132 4343 ϐετε,
2165 4281 2388 4350 φάγετε.
2431 4299 2450 4332 ι
2489 4276 2615 4352 τιΑρ’
2646 4278 2738 4334 οὖν
2766 4280 2947 4334 λαϐὼν
2973 4282 3034 4334 τὸ
3065 4282 3279 4351 ψωμίον
3306 4282 3408 4336 οὐκ
3436 4282 3556 4350 ἔφα-

1986 4389 2081 4442 γεν
2108 4376 2138 4426 ὁ
2166 4372 2399 4438 Ἰούδας;
2433 4372 2565 4444 φέρε
2592 4366 2704 4436 οῦν,
2741 4373 2790 4426 εί
2818 4372 2909 4425 καὶ
2946 4372 3020 4444 μὴ
3052 4374 3296 4444 συνᾴδειν
3329 4373 3452 4427 τινὰ
3478 4373 3556 4428 80'-

1988 4464 2068 4531 ξει
2095 4465 2203 4517 τῶν
2226 4463 2638 4535 λεχθησομὲνων
2664 4466 2778 4527 τοῖς
2813 4465 3250 4537 προειρημένοις,
3276 4468 3554 4537 γυμνάσω-

1990 4573 2088 4626 μεν
2116 4554 2183 4609 τὰ
2215 4555 2356 4608 κατὰ
2385 4554 2476 4609 τὸν
2510 4555 2695 4620 τόπον,
2730 4556 3041 4628 κρινοῦντος
3062 4556 3157 4610 τοῦ
3181 4558 3553 4631 ἐντευξομένου

311 4655 472 4701 caute
501 4647 707 4702 lecturo
730 4658 912 4701 utrum
960 4655 1208 4716 oporteat
1236 4647 1523 4701 admittere
1552 4662 1673 4714 quae
1700 4647 1883 4701 dicen-

2067 4649 2244 4720 ότερον
2289 4648 2428 4719 (10)
2463 4649 2569 4721 χρὴ
2611 4650 3017 4721 παραδέξασθαι
3064 4651 3173 4705 τῶν
3231 4651 3551 4723 λεγομένων.

311 4749 417 4796 tur.
456 4758 476 4792 ‹
521 4738 656 4795 Cum
687 4741 1014 4808 intinxisset,
1048 4758 1067 4790 3
1104 4740 1295 4806 inquit,
1321 4738 1517 4794 Jesnsc
1542 4737 1877 4803 oﬂ'ulam“,3

309 4843 365 4887 et
390 4832 685 4887 dimisisset
735 4846 879 4895 eam,
928 4832 1138 4887 scilicet
1192 4833 1243 4885 in
1278 4831 1482 4897 catino,
1537 4831 1737 4901 accipit
1781 4832 1883 4902 (sic

308 4923 454 4977 enim
502 4922 769 4994 intelliges
801 4923 951 4988 illud,
983 4941 1002 4974 ι
1031 4938 1153 4977 cum
1192 4940 1212 4973 3
1245 4936 1375 4992 ergo
1406 4940 1425 4974 ι
1470 4922 1777 4978 intinxissct
1798 4923 1880 4978 of-

307 5014 496 5083 fulam,
527 5034 546 5067 3
585 5028 651 5069 ne
688 5015 953 5069 redundet
981 5029 1083 5067 vox
1125 5011 1377 5084 accipit);
1411 5013 1605 5068 deinde
1643 5015 1876 5069 dicitur:

310 5123 327 5154 ι
368 5106 471 5158 Dat
504 5103 654 5160 Iudae
684 5103 892 5158 Simoni
923 5103 1209 5166 Iscariotae,
1244 5114 1298 5158 et
1329 5115 1448 5171 post
1482 5102 1722 5168 olYulam,
1753 5115 1877 5159 tunc

304 5196 584 5263 ingressus
617 5194 778 5250 estin
811 5194 963 5249 illum
1011 5184 1264 5250 Satanas.
1310 5214 1331 5246 3
1362 5194 1490 5249 Post
1518 5196 1738 5251 oll'olam
1776 5198 1876 5267 igi-

305 5298 411 5351 tur,
436 5286 669 5342 fortasse
692 5301 722 5340 a
745 5284 882 5341 Juda
908 5301 1013 5342 non
1050 5296 1373 5352 comestam,
1411 5288 1745 5360 anticipante
1775 5288 1875 5343 Sa-

407 5429 606 5486 “Psal.
645 5444 709 5493 ιι,
759 5429 815 5483 2.
920 5429 965 5464 ³⁸
994 5427 1137 5487 Psal.
1203 5444 1352 5489 xxvr.
1382 5428 1498 5484 1-5.

302 5503 565 5564 xxVI,26.
644 5500 692 5533 “
715 5499 871 5555 Joau.
925 5515 1024 5564 xtl,
1086 5497 1183 5554 26.

305 5619 453 5743 ιη.ξῖζέ
502 5621 644 5675 “em
699 5623 869 5678 codex
923 5621 1127 5694 Regius
1186 5637 1286 5691 [πο
1335 5622 1468 5694 φησί
1531 5622 1695 5680 habet
1729 5624 1866 5725 ⁵καί,

376 5757 448 5827 t9)
470 5759 613 5814 ldem
640 5761 808 5818 codex
842 5762 1059 5835 Regius,
1093 5763 1299 5835 ὠνήσῃ.

1593 5429 1638 5462 ⁸⁸
1669 5428 1826 5487 Joan.
1853 5435 2066 5500 xm,'50.

1996 4759 2015 4792 ε
2056 4740 2260 4810 Βάψας,
2316 4741 2470 4813 φησὶ,
2542 4740 2603 4794 τὸ
2653 4740 2865 4812 ψωμίον
2913 4762 2931 4794 3
2972 4745 3001 4796 ὁ
3057 4741 3299 4814 Ἰησοῦς,
3351 4744 3447 4798 καὶ
3476 4744 3554 4814 δῆ-

1987 4830 2098 4897 λον,
2130 4831 2234 4894 ὅτι,
2251 4832 2418 4895 ἐάσας
2439 4831 2571 4885 αὐτὸ
2597 4832 2654 4885 ὲν
2682 4830 2760 4903 τῷ
2780 4832 3034 4904 τρυϐλίῳ,
3061 4831 3330 4904 λαμϐάνει
3350 4852 3364 4864 ·
3403 4835 3553 4907 (οὕτω

1986 4924 2094 4996 γὰρ
2134 4925 2348 4996 νοήσεις
2382 4925 2476 4978 τόο
2516 4944 2534 4977 ι
2578 4925 2763 4997 Βάψας
2830 4921 2923 4981 οὖν
2978 4927 3041 4980 τὸ
3086 4927 3330 4998 ψωμίον,
3399 4949 3417 4981 3
3478 4930 3552 4981 ἵνα

1988 5017 2064 5088 μὴ
2092 5017 2340 5089 παρέλκῃ
2365 5017 2444 5081 τὸ,
2463 5018 2671 5074 λαϐεῖν
2688 5019 2728 5088 ⁸)
2762 5014 2883 5073 εἶτα
2906 5019 3144 5088 λέγεται,
3166 5021 3249 5073 ὅτι
3280 5039 3302 5071 ι
3338 5020 3550 5074 Δίδωσιν

1998 5094 2403 5181 ἸούδᾲιΣίμωνι
2448 5109 2768 5183 Ἰσκαριώτῃ
2797 5111 2931 5182 (Μ),
2960 5113 3055 5165 καὶ
3087 5112 3227 5182 μετὰ
3256 5113 3320 5165 τὸ
3350 5110 3549 5183 ψωμίον

1982 5199 2106 5252 τότε
2129 5200 2375 5270 εἰσῆλθεν
2402 5202 2484 5271 είς
2514 5201 2720 5255 ἐκεῖνον
2748 5203 2777 5254 ὁ
2806 5202 3071 5267 Σατανᾶς.
3111 5222 3129 5255 3
3163 5203 3320 5258 Μετὰ
3352 5203 3414 5257 τὸ
3441 5203 3547 5272 ψω-

1987 5291 2107 5363 μίον
2134 5288 2227 5346 οὖν
2255 5292 2398 5363 τάχα
2428 5291 2503 5365 μὴ
2529 5293 2739 5365 βρωθὲν
2768 5293 2872 5349 ὑπὸ
2902 5293 2996 5351 τοῦ
3038 5293 3223 5359 Ἰούδα,
3259 5295 3545 5368 προλαϐόν-

2160 5436 2203 5467 ⁸¹
2243 5435 2260 5490 Ι
2298 5436 2452 5490 Joan.
2484 5434 2649 5502 tt,l9.
2717 5434 2762 5466 “
2785 5434 2822 5489 ll
2857 5433 2985 5489 Cor.
3018 5450 3097 5499 Vl,
3127 5433 3211 5488 ιδ.
3292 5434 3339 5466 ’⁵⁸
3364 5433 3538 5489 lauh.

2052 5626 2097 5705 (ί
2189 5582 2375 5705 ςιιιιεχ
2418 5624 2639 5705 Regius.
2668 5622 2922 5705 onore-po.
3102 5692 3139 5705 η
3331 5687 3344 5705 ⁸

2050 5692 2162 5768 (Η)
2189 5699 2331 5753 Idem
2368 5692 2539 5752 codei
2571 5694 2791 5765 ltegius,
2820 5693 3063 5763 Σίμωνος
3102 5692 3470 5761 Ἰσκαριώτου.
