3712 6138
140 346 230 411 8⁸19

1101 339 1455 397 ΕΟΜΜΕΝΤ.
1498 334 1795 395 lN-JOAN.
1839 336 2075 397 TOMUS
2115 339 2331 396 XXXII.

3260 339 3365 396 8l0

130 480 212 529 τος
233 460 322 517 τοῦ
352 456 682 521 εἰσελθόντος
716 458 795 521 είς
824 457 916 511 τὸν
959 457 1160 514 Ἰούδαν
1190 459 1405 514 Σατανᾶ
1434 457 1530 528 τὴν
1559 455 1669 528 χρῆ·

1846 471 1944 521 ηιιιι,
1979 458 2070 527 qui
2106 458 2386 528 ingressus
2414 455 2592 513 fuerat
2629 459 2681 513 in
2725 456 2940 521 Judam.
2970 457 3147 515 oﬂ’ulte
3184 475 3363 523 usuin.

127 572 200 610 σιν
222 550 309 605 τοῦ
339 547 590 618 ψωμίου,
625 548 711 601 ἵνα
742 548 818 620 μὴ
867 548 1055 620 δνηται
1106 550 1135 603 ό
1179 550 1379 613 Ἰούδας
1426 550 1525 621 τῆς
1576 549 1684 602 ἀπὸ

126 643 207 700 τοῦ
242 638 408 714 Ἰησοῦ
437 640 637 704 δόσεως
677 638 773 692 τοῦ
821 639 1037 712 ψωμίου
1059 658 1072 670 ·
1099 641 1160 694 τὸ
1187 642 1285 712 μὲν
1321 640 1431 714 γὰρ
1451 636 1565 714 εἶχε
1589 641 1682 695 δύ-

125 756 267 809 ναμιν
293 733 636 806 ὼςςελητικὴν
659 733 739 805 τῷ
767 733 1092 806 χρησομένῳ
1111 752 1125 765 ο
1150 735 1179 786 ό
1220 734 1298 798 δὲ,
1330 735 1477 802 ἅπαξ
1509 734 1684 806 βαλὼν

124 828 264 884 αἱ)τοῦ
290 829 364 890 εἰς
394 826 494 897 τὴν
526 825 756 898 καρδίαν
777 868 792 891 ,
833 826 921 879 ἴνα
950 825 1176 897 παραδῷ
1205 826 1297 880 τὸν
1341 826 1679 893 διδάσκαλον,

122 920 424 991 φοϐούμενος
460 917 537 990 μὴ
560 917 622 970 τὸ
653 915 985 988 βεϐλημένον
1019 916 1230 989 ἐκπέσῃ
1267 917 1360 971 τοῦ
1391 917 1683 989 βληθέντος

122 1014 197 1068 διὰ
224 1014 314 1083 τῆς
339 1011 433 1065 τοῦ
463 1010 679 1082 ψωμίου
709 1013 961 1084 χρήσεως
978 1052 993 1079 ,
1021 1009 1309 1082 προλαϐὼν
1343 1012 1459 1084 ἅμα
1484 1012 1562 1085 τῷ
1583 1012 1681 1067 λα-

120 1105 218 1158 ϐεῖν
242 1102 327 1157 τὸν
365 1102 578 1167 Ἰούδαν,
591 1102 650 1155 τὺ
682 1100 916 1173 ψωμίον,
947 1102 1197 1173 εἰσῆλθεν
1236 1105 1318 1167 είς
1363 1104 1558 1170 αὐτὸν,
1592 1105 1683 1158 ὅτε

122 1198 203 1251 καὶ
225 1194 505 1267 εἰρημένου
533 1192 629 1247 τοῦ
651 1211 665 1223 ο
700 1212 718 1244 ι
737 1195 801 1248 Ὃ
831 1197 1025 1258 ποιεῖς,
1053 1194 1278 1267 ποίησον
1305 1196 1512 1267 τάχιον,
1539 1216 1559 1248 ι
1594 1196 1684 1250 λα-

119 1288 213 1340 ϐὼν
243 1286 299 1341 τὸ
335 1284 547 1356 ψωμίον
591 1284 825 1349 Ἰούδας,
862 1284 1086 1356 ἐξῆλθεν
1129 1285 1309 1350 εὐθύς.
1356 1286 1471 1340 Καὶ
1510 1285 1683 1352 οὕτως

118 1381 155 1434 δ’
179 1381 239 1434 ἂν
262 1380 359 1433 οὐκ
388 1377 673 1442 ἀπιθάνως
700 1380 781 1441 είς
809 1378 900 1432 τὸν
932 1379 1096 1434 τόπον
1142 1379 1355 1449 λέγοιτο
1376 1421 1392 1446 ,
1438 1380 1627 1453 ὥσπερ
1654 1384 1683 1435 ό

117 1473 328 1537 ἀναξίως
351 1471 548 1525 ἐσθίων
572 1470 665 1524 τὸν
686 1471 848 1543 ἄρτον
876 1471 970 1526 τοῦ
1001 1471 1227 1544 Κυρίου,
1251 1472 1285 1544 ἢ
1320 1472 1488 1528 πίνων
1515 1474 1680 1529 αὐτοῦ

118 1565 170 1620 τὸ
197 1566 466 1637 ποτήριον,
495 1565 575 1629 είς
597 1566 773 1635 κρίμα
802 1562 995 1628 ἐσθίει,
1025 1566 1123 1619 καὶ¹
1149 1565 1314 1631 πίνει,
1341 1567 1442 1639 τῆς
1469 1570 1597 1639 μιᾶς
1621 1570 1679 1624 ἐν

116 1657 182 1728 τῷ
205 1659 344 1729 ἄρτῳ
386 1655 700 1726 κρείττονος
727 1655 1041 1726 δυνάμεως,
1080 1658 1172 1712 καὶ
1203 1661 1260 1714 ἐν
1291 1661 1370 1733 τῷ
1411 1665 1676 1736 ποτηρίῳ,

1787 563 1857 603 ne
1882 547 2051 604 Judas
2079 551 2450 620 adjumentum
2482 553 2790 622 perciperet
2809 567 2879 609 ex
2907 555 3029 609 data
3056 568 3086 609 a
3117 553 3244 610 .lesu
3277 556 3363 612 ol-

1784 640 1895 696 l'ula
1929 644 2184 715 (habebat
2235 643 2383 698 enim
2425 644 2542 698 haec
2567 646 2786 714 quidem
2829 646 2939 702 vim
2981 646 3270 717 adiuvandi
3298 664 3360 729 ea

1785 753 2030 803 usurum,
2067 738 2158 793 sed
2189 748 2474 808 acceperat
2504 738 2617 808 jam
2662 740 2831 796 semel
2865 743 2917 796 iu
2943 758 3100 797 suum
3130 758 3226 800 cor
3269 740 3367 800 Jur-

1784 828 1883 884 das
1926 838 1985 883 ut
2024 829 2341 899 Magistrum
2375 829 2695 903 proderet),
2733 833 2929 888 timens
2980 850 3049 890 ne
3087 836 3253 890 telum
3307 836 3363 891 in

1782 918 1975 974 Judam
2001 920 2257 975 emissum
2294 920 2592 985 aberraret,
2621 921 2865 978 si‘Judas
2889 939 3017 980 usus
3038 923 3199 979 offula
3229 926 3366 982 fuis-

1782 1022 1885 1075 set,
1916 1012 2241 1081 anticipans,
2276 1028 2397 1068 mox
2425 1023 2588 1083 alque
2610 1013 2780 1069 ludas
2810 1015 2976 1069 sumit
3002 1015 3245 1083 oﬂ‘ulam,
3274 1020 3364 1073 in-

1783 1118 2004 1171 gressus
2032 1105 2197 1159 estin
2237 1103 2409 1167 illum,
2442 1113 2557 1160 tum
2598 1106 2826 1172 scilicet,
2873 1122 2995 1161 cum
3030 1108 3257 1164 dixisset
3285 1110 3362 1164 illi

1784 1197 2045 1253 Servator
2072 1215 2085 1252 :
2111 1215 2130 1249 ι
2155 1196 2308 1264 Quod
2333 1196 2487 1259 facis.
2504 1201 2587 1253 fac
2605 1198 2776 1261 ocius,
2796 1219 2815 1250 ι
2844 1189 3251 1270 accepisset'que
3275 1202 3363 1257 ot”-

1782 1286 1949 1343 fulam
1985 1288 2174 1356 Judas,
2197 1304 2449 1361 egressus
2474 1299 2559 1346 est
2592 1291 2798 1345 statim.
2833 1290 3065 1346 Proinde
3099 1294 3242 1349 haud
3266 1294 3364 1349 ab-

1782 1382 2006 1437 surdum
2048 1382 2099 1436 in
2128 1383 2379 1450 praesenti
2410 1382 2530 1438 loco
2562 1383 2857 1444 diceretur,
2887 1385 3030 1453 quod
3058 1392 3115 1439 ut
3160 1385 3250 1454 qui
3279 1385 3365 1439 in-

1781 1474 1942 1545 digne
1967 1489 2156 1543 panem
2179 1474 2392 1530 Domini
2419 1475 2673 1539 comedit,
2695 1476 2777 1529 vel
2799 1475 3028 1531 calicem
3057 1476 3174 1546 ejus
3201 1477 3359 1540 bibit,

1780 1567 1834 1622 in
1860 1566 2126 1638 judicium
2162 1567 2453 1621 manducat
2475 1575 2531 1620 et
2559 1565 2757 1620 bibit“
2795 1583 2810 1633 ;
2844 1566 2895 1620 in
2930 1580 3069 1637 pane
3093 1576 3150 1622 et
3189 1568 3363 1624 calice

1782 1674 1889 1714 una
1933 1661 2135 1713 virtute
2168 1658 2531 1727 praestantiori
2577 1667 2836 1728 operante
2866 1658 3070 1715 bonum
3114 1659 3169 1715 in
3221 1660 3363 1715 bono

117 1749 424 1821 ὑποκειμένῃ
460 1750 558 1821 μὲν
586 1748 824 1804 διαθέσει
855 1749 1125 1821 κρείττονι
1159 1752 1591 1830 ἐνεργαζομένης
1616 1758 1669 1811 τὲ

1846 1749 1977 1810 iectu
2008 1753 2327 1815 constituto,
2367 1749 2422 1804 in
2475 1747 2673 1804 atiectu
2728 1763 2858 1805 vero
2908 1752 3052 1807 malo
3100 1763 3363 1823 operante

116 1841 299 1912 βέλτιον
321 1883 336 1907 ,
368 1842 575 1915 χείρονι
624 1842 682 1896 δὲ
727 1841 1064 1914 ἐμποιούσης
1099 1844 1161 1898 τὸ
1207 1848 1382 1918 κρῖμα
1404 1864 1418 1878 ·
1449 1848 1593 1905 οὕτω
1617 1851 1680 1905 τὸ

114 1935 208 1988 ἀπὸ
245 1934 335 1989 τοῦ
369 1935 548 2006 Ἰησοῦ
577 1936 789 2008 ψωμίον
828 1939 1085 2009 ὁμογενὲς
1115 1935 1183 2011 ἦν
1206 1939 1286 2011 τῷ
1330 1940 1533 1996 δοθέντι
1565 1943 1677 2016 (12)

113 2030 323 2092 καὶτοῖς
359 2027 569 2094 λοιποῖς
600 2029 917 2094 ἀποστόλοις
942 2070 957 2094 ,
990 2032 1050 2084 ἐν
1070 2033 1149 2103 τῷ
1172 2051 1186 2064 ο
1227 2054 1247 2087 ι
1288 2035 1499 2089 Λάϐετε
1524 2077 1540 2100 ,
1575 2038 1679 2107 φά-

112 2138 222 2189 γετε
244 2138 257 2151 ·
300 2140 318 2171 ι
350 2120 465 2174 ἀλλ’
496 2121 723 2185 ἐκείνοις
748 2122 846 2192 μὲν
875 2122 956 2184 είς
983 2124 1278 2195 σωτηρίαν,
1309 2125 1388 2197 τῷ
1409 2127 1466 2181 δὲ
1507 2128 1679 2202 Ἰούδᾳ

111 2216 183 2278 είς
206 2215 390 2285 κρίμα,
421 2211 500 2276 ὡς
534 2212 672 2283 μετὰ
703 2214 765 2267 τὸ
788 2214 1002 2284 ψωμίον
1043 2216 1448 2289 εἰσεληλυθέναι
1479 2223 1559 2284 εἰς
1587 2222 1681 2275 αὐ-

109 2305 190 2358 τὸν
214 2304 299 2359 τὸν
328 2306 592 2360 Σατανᾶν.
619 2306 863 2361 Νοείσθω
888 2308 944 2361 δὲ
963 2311 991 2363 ό
1013 2310 1176 2380 ἄρτος
1201 2309 1295 2364 καὶ
1325 2310 1388 2364 τὸ
1420 2314 1679 2385 ποτήριον

110 2399 212 2460 τοῖς
236 2397 332 2467 μὲν
364 2395 752 2468 ἁπλουστέροις
775 2398 917 2453 κατά
950 2400 1049 2471 τὴν
1079 2402 1390 2474 κοινοτέραν
1419 2405 1548 2475 περὶ
1578 2405 1678 2476 τῆς

112 2488 459 2560 Εὐχαριστίας
492 2490 720 2562 ἐκδοχήν
739 2509 752 2521 ·
782 2495 897 2557 τοῖς
923 2493 979 2545 δὲ
1022 2492 1314 2564 βαθύτερον
1346 2495 1566 2550 ἀκούειν
1592 2515 1681 2566 με·

114 2581 366 2652 μαθηκόσι
395 2583 539 2638 κατὰ
573 2584 667 2655 τὴν
694 2583 970 2658 θειοτέραν
996 2586 1092 2640 καὶ
1121 2588 1249 2658 περὶ
1289 2588 1383 2642 τοῦ
1411 2592 1676 2663 τροφίμου

107 2671 196 2745 τῆς
220 2672 475 2746 ἀληθείας
500 2675 674 2744 Λόγου
726 2677 1056 2746 ἐπαγγελίαν
1076 2696 1091 2710 ·
1121 2678 1197 2744 ὡς
1237 2680 1288 2732 εί
1332 2682 1389 2735 ἐν
1424 2682 1679 2754 παραδεί-

112 2778 266 2835 γματι
297 2766 405 2837 (15)
432 2765 643 2837 ἔλεγον,
674 2768 756 2823 δτο
778 2770 872 2823 καὶ
897 2771 925 2823 ό
953 2769 1094 2826 κατά
1123 2770 1184 2824 τὸ
1221 2774 1533 2843 σωματικὸν
1561 2791 1680 2847 τρο-

110 2856 405 2926 φιμώτατος
432 2860 600 2931 ἄρτος
622 2876 857 2932 πυρετον
886 2861 985 2933 μὲν
1015 2863 1373 2935 ὑποκείμενον
1394 2864 1566 2932 αὔξει,
1598 2868 1679 2931 εἰς

109 2947 283 3016 ὑγείαν
308 2950 365 3004 δὲ
386 2952 492 3021 τὴν
517 2951 856 3023 εύεξίανῌιῑ)
884 2953 1093 3023 ἀνάγει.
1116 2954 1207 3009 Διὸ
1232 2954 1492 3022 πολλάκις
1521 2957 1677 3029 λόγος

107 3038 296 3110 ἀληθὴς
331 3041 479 3113 ψυχῇ
511 3042 761 3116 νοσούσῃ,
790 3044 851 3097 οὐ
901 3044 1134 3119 δεομένῃ
1176 3048 1425 3119 τοιαύτης
1468 3049 1677 3122 τροφῆς

1780 1842 2325 1907 condemnationem;
2353 1841 2433 1897 sic
2453 1840 2671 1897 oﬁ‘ulam
2693 1857 2722 1896 a
2748 1840 2874 1898 Jesu
2905 1843 3085 1898 datam
3117 1843 3360 1912 ejusdem

1779 1934 1994 2004 generis
2013 1932 2180 1990 fuisse
2201 1949 2322 1989 cum
2349 1948 2415 1988 ea
2441 1947 2601 2004 quam
2631 1931 2790 1990 Jesus
2810 1934 2958 1990 dedit
2989 1936 3202 1990 caeteris
3228 1949 3359 2005 apo-

1777 2025 1957 2091 stolis,
1984 2026 2110 2080 dmn
2147 2025 2354 2081 diceret
2391 2043 2404 2078 :
2439 2044 2457 2076 ι
2494 2026 2760 2095 Accipite,
2792 2027 3115 2082 comedite“
3147 2042 3163 2092 ;
3195 2047 3215 2080 ι
3260 2031 3356 2084 sed

1781 2120 1889 2176 illis
1925 2120 2147 2190 quidem
2177 2119 2245 2173 ad
2292 2117 2548 2182 salutem,
2569 2115 2726 2172 ludat
2753 2132 2882 2173 vero
2919 2120 2987 2173 ad
3019 2120 3356 2175 condemna-

1780 2215 2012 2277 tionem;
2045 2213 2116 2267 ita
2162 2220 2223 2266 ut
2269 2219 2389 2282 post
2438 2208 2658 2266 oﬂ‘ulam
2692 2211 3070 2282 ingrederetur
3115 2215 3166 2269 in
3203 2214 3357 2271 illum

1780 2303 2029 2371 Satanas.
2056 2305 2325 2359 Caeterum
2360 2302 2735 2358 consideretur
2762 2304 2849 2358 hic
2876 2305 3033 2373 panis
3051 2314 3107 2360 et
3136 2306 3238 2362 hoc
3260 2322 3361 2377 po-

1777 2397 1957 2452 culum
1979 2412 2010 2452 a
2036 2394 2462 2465 simplicioribus
2513 2395 2664 2462 iuxta
2690 2398 3115 2452 communiorem
3163 2399 3363 2454 intelli-

1777 2491 2011 2560 gentiam
2028 2489 2093 2544 de
2114 2488 2477 2553 Eucharistia,
2510 2488 2563 2543 id
2586 2496 2668 2542 est
2693 2488 2758 2542 de
2786 2488 3079 2557 gratiarum
3105 2491 3356 2556 actione;

1779 2592 1835 2637 at
1866 2583 1959 2651 qui
1989 2581 2152 2637 altius
2187 2582 2302 2636 haec
2334 2578 2639 2650 intelligere
2666 2581 2977 2648 didicerint,
3010 2583 3360 2639 considerent

1780 2674 1886 2732 hoc
1912 2675 2114 2730 dictum
2151 2673 2322 2729 fuisse
2368 2673 2522 2744 juxta
2569 2674 2889 2728 diviniorem
2938 2675 3357 2745 promissionem

1777 2768 1945 2824 etiam
1977 2768 2044 2822 de
2068 2767 2247 2838 Λόγῳ,
2279 2776 2335 2822 et
2383 2767 2564 2822 Verbo
2593 2766 2841 2822 veritatis
2869 2765 3182 2822 alimentum
3223 2768 3359 2824 ube-

1779 2862 1891 2918 rius
1905 2870 2233 2931 praestante;
2255 2870 2508 2930 tanquam
2538 2861 2584 2915 si
2610 2859 2861 2929 exemplo
2876 2860 3112 2915 dicerem
3138 2874 3355 2930 panem,

1778 2955 1921 3025 quod
1954 2955 2019 3010 ad
2049 2968 2247 3023 corpus
2277 2952 2489 3015 attinet,
2508 2951 2823 3007 alimentum
2855 2953 3186 3007 uberrimum
3217 2967 3361 3023 prae-

1778 3057 2035 3116 SIantem,
2070 3046 2266 3102 febrim
2302 3045 2601 3114 subiectam
2637 3058 2853 3115 augere,
2886 3058 3008 3099 cum
3035 3059 3220 3100 contra
3255 3046 3356 3100 bo-

105 3129 360 3202 διδόμενος
377 3174 392 3199 ,
424 3135 697 3207 ἐπιτρίϐει
726 3136 897 3209 αὐτὴν
920 3175 936 3201 ,
977 3139 1071 3191 κα)⁵
1097 3138 1373 3210 πρόφασις
1399 3141 1510 3213 (15)
1537 3143 1669 3215 αὐτῇ

1846 3158 1907 3195 ιη)
1957 3138 2208 3209 corporis
2260 3137 2631 3192 habitudinem
2660 3136 2728 3191 ad
2775 3136 3059 3191 sanitatem
3110 3139 3356 3193 reducat.

105 3224 348 3294 χειρόνων
399 3225 641 3295 γίνεται·
690 3228 785 3280 καὶ
818 3226 992 3292 οὕτως
1041 3230 1135 3282 καὶ
1170 3229 1241 3283 τά
1282 3230 1458 3303 ἀληθῆ
1501 3231 1679 3302 λέγειν

106 3316 409 3383 κινδυνῶδες
458 3320 597 3372 ἐστι.
649 3317 820 3371 Τοῦτο
862 3318 920 3371 δέ
972 3336 1059 3390 μοι
1103 3319 1316 3392 εἴρηται
1354 3321 1443 3376 διὰ
1472 3321 1533 3375 τὸ
1568 3322 1681 3392 ψω-

105 3407 216 3479 μίον
240 3409 373 3481 (16),
395 3410 424 3464 ὃ
446 3410 701 3481 ἐμϐάψας
724 3410 938 3465 δίδωσιν
967 3410 1136 3480 Ἰούδᾳ.
1164 3412 1367 3483 Σίμωνι
1392 3412 1472 3484 τῷ
1506 3416 1681 3470 Ἰσκα-

105 3501 261 3574 ριὼτῃ
286 3501 397 3574 (17)
421 3522 434 3535 ·
460 3505 557 3557 καὶ
578 3506 954 3576 κεκινήκαμεν
985 3504 1143 3573 λόγον
1176 3505 1269 3559 τὸν
1300 3508 1380 3571 είς
1420 3507 1676 3580 ἑκάτερα,

101 3594 202 3646 εἴτε
224 3595 328 3667 χρὴ
355 3595 540 3665 λέγειν
573 3596 735 3650 αὐτὸν
768 3596 1104 3669 βεϐρωκέναι
1144 3596 1381 3654 λαϐόντα
1400 3639 1414 3664 ,
1444 3601 1552 3654 εἴτε
1581 3618 1678 3654 κε-

102 3685 365 3741 κωλύσθαι
391 3688 501 3742 ἀπὸ
518 3687 614 3742 τοῦ
637 3688 970 3752 εἰσελθόντος
1002 3691 1083 3753 είς
1108 3688 1198 3743 τὸν
1220 3690 1421 3745 Ἰούδαν
1443 3693 1675 3747 Σατανᾶ.

97 3778 156 3831 Ei
176 3779 232 3832 δὲ
256 3780 364 3853 χρὴ
393 3783 472 3845 ὡς
507 3780 582 3853 μὴ
611 3783 730 3854 εἰκῆ
766 3782 1214 3855 παρερριμμένον
1242 3783 1349 3837 ὑπὸ
1371 3783 1469 3838 τοῦ
1515 3785 1679 3855 εὐαγ-

97 3870 333 3938 γελιστοῦ
360 3874 474 3944 (18)
508 3874 755 3937 ἐξετάσαι
781 3874 837 3928 δὲ
866 3875 947 3939 τὸ,
978 3870 1114 3928 ('Hv
1144 3876 1201 3930 δὲ
1227 3875 1342 3943 νὺξ,
1373 3895 1392 3929 ι
1429 3877 1675 3946 λεκτέον,

94 3961 170 4015 ὅτι
196 3965 548 4037 συμϐολικῶς
572 3969 695 4023 τότε
730 3970 764 4040 ὴ
789 3966 1022 4039 αἰσθητὴ
1056 3968 1153 4036 νὺξ
1181 3964 1272 4040 ἦν,
1296 3966 1463 4023 εἰκὼν
1481 3971 1680 4042 τυγχά-

94 4069 250 4111 νουσα
297 4060 400 4131 τῆς
452 4060 753 4132 γενομένης
792 4062 851 4115 ἐν
907 4063 975 4131 τῇ
1022 4060 1169 4132 ψυχῇ
1233 4059 1403 4116 Ἰούδα
1447 4062 1671 4127 νυκτός·

93 4147 245 4218 ἡνίκα
269 4150 329 4203 τὸ
357 4151 758 4224 ἐπιφερόμενον
792 4154 982 4216 σκότος
1017 4152 1207 4208 ἐπάνω
1245 4153 1348 4224 τῆς
1384 4153 1623 4209 ἀϐύσσου
1646 4157 1676 4210 ό

101 4239 338 4306 Σατανᾶς
381 4243 634 4315 εἰσῆλθεν
659 4245 741 4309 είς
772 4244 931 4298 αὐτόν
954 4262 969 4276 ο
996 4245 1223 4300 ἐκάλεσε
1263 4245 1370 4316 γὰρ
1400 4248 1429 4299 ό
1452 4246 1583 4311 Θεὸς
1610 4247 1676 4301 τὸ

95 4334 277 4400 σκότος
322 4336 501 4391 νύκτα
525 4354 542 4370 ο
587 4336 726 4391 ὣστε
766 4338 993 4402 νυκτὸς,
1024 4337 1189 4409 φησὶν
1231 4340 1259 4392 ό
1296 4338 1506 4403 Παῦλος
1528 4382 1543 4405 ,
1574 4339 1676 4394 οὐκ

91 4425 250 4497 ἐσμὲν
278 4427 469 4492 τέκνα,
508 4429 630 4483 οὐδὲ
664 4429 907 4493 σκότους,
937 4429 1111 4498 λέγων
1136 4447 1148 4458 ·
1190 4431 1344 4502 (Ἆρ’
1374 4426 1488 4495 οὖν,
1519 4430 1674 4486 ἀδελ-

1781 3235 1956 3303 Quam
1978 3234 2047 3289 ob
2071 3247 2287 3288 causam
2328 3231 2646 3302 plerumque
2676 3243 2857 3285 sermo
2884 3243 3045 3284 verus
3073 3230 3361 3299 aegrotanti

1780 3326 1996 3388 animat,
2020 3339 2125 3378 non
2158 3321 2419 3390 indigenti
2452 3319 2547 3373 tali
2579 3319 2703 3374 cibo
2738 3319 2936 3381 .datus,
2984 3317 3127 3372 illaut
3166 3327 3356 3373 conte-

1780 3429 1885 3485 ret,
1911 3418 1988 3472 illi
2020 3426 2077 3470 ut
2108 3415 2260 3485 pejus
2312 3428 2371 3469 se
2417 3412 2614 3468 babeat
2644 3426 2809 3467 causa
2850 3410 3119 3466 exsistens
3148 3426 3163 3464 :
3191 3407 3357 3482 445

1779 3522 1944 3581 atque
1989 3510 2152 3565 etiam
2187 3509 2267 3564 sic
2309 3508 2576 3578 sequitur,
2604 3517 2662 3561 ut
2695 3521 2827 3561 vera
2873 3505 3054 3559 dicere
3091 3502 3358 3574 periculo.

1777 3618 1897 3658 sum
1932 3602 2026 3657 sit.
2062 3601 2176 3656 Hoc
2219 3607 2399 3653 autem
2441 3599 2573 3652 mihi
2610 3599 2810 3653 dictum
2852 3605 2935 3651 est
2968 3605 3189 3667 propter
3219 3591 3355 3649 oti'u-
3393 3585 3400 3592 ’

1776 3695 1883 3750 lam
1906 3709 2067 3764 quam
2092 3693 2373 3747 intinctam
2402 3690 2554 3746 dedit
2578 3688 2738 3745 Jesus
2774 3687 2925 3744 ludat
2972 3688 3181 3744 Simoni
3210 3686 3355 3742 lsca-

1775 3788 1928 3842 riotte
1966 3800 1981 3838 :
2012 3783 2384 3854 Iuovimusque
2417 3785 2679 3836 rationem
2709 3782 2763 3834 in
2791 3790 3075 3849 utramque
3109 3789 3350 3847 partem,

1776 3877 1891 3934 sive
1924 3891 2150 3933 necesse
2182 3876 2255 3932 sit
2284 3874 2466 3931 dicere
2487 3870 2679 3927 ludam
2704 3878 2983 3941 acceptam
3011 3867 3229 3926 ollulam
3255 3882 3352 3923 co~

1776 3970 2046 4034 medisse,
2077 3969 2196 4023 sive
2235 3983 2267 4022 a
2307 3966 2505 4021 Satana
2535 4004 2551 4032 ,
2599 3965 2689 4033 qui
2732 3964 2784 4018 in
2836 3963 3013 4031 ipsum
3067 3963 3346 4031 ingressus

1773 4060 1973 4128 fuerat,
1993 4059 2323 4130 prohibitum
2357 4058 2544 4113 luisse.
2563 4056 2657 4110 Sin
2684 4070 2811 4111 vero
2831 4054 3165 4125 perpendere
3185 4053 3351 4107 etiam

1775 4151 1904 4206 illud
1926 4159 2165 4220 oportet,
2197 4168 2217 4202 ι
2253 4160 2368 4206 erat
2420 4157 2603 4205 autem
2651 4164 2756 4204 nox
2782 4146 2851 4212 ‘7,
2891 4165 2910 4200 ι
2936 4156 3193 4216 tanquam
3242 4159 3351 4197 non

1775 4251 1979 4298 temere
2001 4242 2333 4312 assignatum
2350 4242 2417 4296 ab
2433 4241 2780 4313 evangelista,
2802 4240 3090 4295 dicendum
3107 4244 3192 4290 est
3205 4249 3353 4305 sym-

1772 4334 1947 4391 bolice
1972 4343 2099 4389 tunc
2122 4342 2337 4389 noctem
2364 4334 2528 4389 fuisse
2551 4336 2651 4387 sub
2669 4348 2884 4388 sensum
2907 4331 3208 4393 cadentem,
3228 4340 3350 4396 quae

1772 4427 1952 4496 imago
1973 4425 2259 4481 exsisteret
2277 4425 2451 4479 noctis
2468 4423 2628 4478 facta:
2646 4425 2697 4477 in
2719 4422 2898 4477 anima
2925 4420 3108 4484 ludat;
3134 4415 3352 4488 quando

91 4517 195 4586 φοὶ,
223 4520 324 4573 ούκ
346 4521 523 4592 ἐσμὲν
544 4521 757 4586 νυκτὸς,
785 4520 905 4574 ούδέ
928 4520 1152 4584 σκότους
1180 4520 1344 4574 τέκνα
1374 4521 1540 4592 (19),›
1579 4523 1669 4576 καὶ

1846 4535 1898 4574 μαι
1932 4517 2246 4573 ferebantur
2272 4532 2434 4588 super
2467 4517 2746 4588 abyssum,
2781 4514 2884 4568 illae
2914 4512 3173 4578 tenebrae,
3200 4523 3352 4563 nem-

89 4610 171 4663 τό·
200 4629 219 4662 ι
242 4612 438 4684 Ἡμεῖς
468 4615 530 4669 δὲ
560 4614 772 4686 ἡμέρας
804 4614 959 4678 ὄντες
987 4614 1267 4684 νήφωμεν.
1295 4632 1315 4665 ι
1347 4613 1461 4667 Οὐκ
1486 4609 1555 4685 ἦν
1580 4611 1674 4671 οὖν

88 4701 181 4767 νὺξ
213 4709 328 4769 τοῖς
363 4707 716 4778 νιπτομένοις
767 4707 894 4771 τοὺς
950 4705 1116 4769 πόδας
1167 4705 1272 4758 ὑπὸ
1315 4705 1410 4759 τοῦ
1474 4706 1672 4778 Ἰησοῦ,

91 4791 198 4845 ἀλλ’
235 4797 427 4868 ἡμέρα
458 4798 843 4871 λαμπροτάτη,
884 4796 1333 4869 καθαιρομένοις,
1371 4797 1466 4851 κα)⁸
1497 4799 1672 4869 ἀπορ-

90 4885 438 4960 ριπτομὲνοις
473 4893 600 4957 τοὺς
632 4894 692 4945 ἐν
724 4894 837 4955 τοῖς
876 4891 1003 4945 ποσὶ
1037 4889 1136 4960 τῆς
1169 4888 1348 4961 ψυχῆς
1382 4889 1563 4945 αὐτῶν
1588 4891 1676 4950 eo-

1455 5022 1499 5055 ⁸⁷
1533 5021 1691 5080 Joau.
1714 5041 1837 5092 xui,
1869 5025 1959 5080 30.
2037 5023 2083 5055 ⁸⁸
2125 5021 2321 5079 Genes.
2349 5036 2385 5086 ι,
2416 5020 2470 5074 5.

155 5019 203 5055 ⁸³
235 5020 252 5076 l
287 5021 420 5079 Cor.
475 5040 559 5091 XI,
592 5024 685 5080 29.
760 5025 808 5058 ⁸⁸
838 5026 1035 5080 Matth.
1078 5040 1230 5090 xxvn,
1265 5022 1355 5079 9.6.

158 5171 268 5247 (ιε)
307 5171 636 5247 ὀιωγενξς
677 5167 759 5243 ἦν
791 5167 873 5247 τῷ
899 5167 1151 5247 δοθέτςτι,
1177 5180 1295 5247 _etc.
1328 5167 1388 5221 ln
1418 5182 1485 5222 eo
1510 5176 1669 5247 erant

89 5237 319 5313 utraque
370 5237 640 5314 όμὸγενῆ,
685 5237 853 5314 quod
883 5240 1188 5294 comedenti
1226 5254 1324 5308 pro
1376 5237 1669 5314 sanctitate

89 5331 178 5368 sua
212 5308 299 5367 vel
331 5308 619 5383 impietate
651 5308 891 5366 salubria
918 5324 1051 5383 esse
1082 5318 1336 5383 poterant
1367 5309 1451 5363 vel
1482 5308 1662 5383 noxia.

85 5386 138 5439 lu
168 5384 291 5438 aliis
323 5378 739 5451 discrepabant,
769 5392 824 5436 et
849 5389 1009 5451 erant
1035 5378 1342 5451 ἑτερογενῆ,
1376 5393 1441 5431 ac
1493 5379 1546 5430 in
1599 5392 1666 5431 eo

88 5454 387 5524 praesertim
422 5450 576 5520 quad
629 5452 813 5524 oliula'
839 5450 989 5506 Iudae
1022 5450 1276 5524 porrecta
1325 5462 1511 5503 merus
1542 5457 1667 5502 erat

87 5519 267 5593 panis;
294 5519 485 5577 otiulae
514 5536 642 5575 vero
664 5523 803 5593 datae
828 5519 1087 5590 apostolis
1114 5520 1296 5587 specie
1329 5528 1537 5571 tantum
1568 5533 1664 5587 pa-

85 5591 165 5648 nis
193 5605 376 5656 erant,
401 5607 596 5646 revera
618 5591 815 5646 Christi
848 5606 1044 5659 corpus
1067 5603 1254 5643 ermtt:
1281 5599 1474 5659 contra
1496 5602 1662 5659 qttam

83 5681 145 5718 ex
162 5667 266 5719 hoc
287 5665 413 5718 loco
442 5678 504 5715 ra
516 5661 820 5716 tiocinando
852 5658 1120 5715 conclusit
1139 5658 1667 5712 EdmundusAlber-

84 5736 228 5790 tinus
258 5736 312 5788 in
337 5747 521 5801 Opere
550 5730 624 5784 De
639 5742 960 5801 sacramento
987 5728 1362 5801 Eucharislitg,
1514 5742 1582 5787 tt,
1607 5727 1663 5781 in

95 5805 347 5861 ﬂxamiue
379 5795 824 5858 testimoniorum
844 5799 1119 5868 Origenis,
1154 5814 1276 5870 cap.
1301 5796 1357 5852 2.
1391 5795 1660 5855 Ηυετιυε.

406 5894 690 5957 Ρλτιιοι..
733 5891 846 5956 Gn.
873 5891 1045 5955 XIV.

1775 4626 1842 4680 pe
1895 4609 2144 4675 Satanas,
2204 4610 2459 4680 ingressae
2507 4617 2632 4664 sunt
2663 4609 2711 4661 il.
2759 4603 3167 4671 eum;vocavit
3203 4600 3351 4655 enim

1777 4705 1917 4760 Deus
1975 4705 2257 4772 tenebras,
2314 4714 2528 4758 noctem
2557 4701 2646 4768 ‘3;
2688 4716 2859 4773 quare
2911 4698 3122 4764 noctis,
3174 4694 3352 4765 inquit

1775 4798 2121 4862 Paulus,non
2161 4812 2350 4852 sumus
2381 4795 2500 4860 lilii,
2528 4808 2700 4862 neque
2731 4792 3096 4854 tenebrarum,
3124 4789 3344 4843 dicens:

1781 4912 1800 4944 ι
1844 4894 2006 4961 lit-go,
2045 4892 2262 4954 fratres,
2300 4903 2404 4941 nou
2448 4901 2635 4941 sumus
2662 4885 2859 4950 noctis,
2894 4896 3070 4952 neque
3097 4879 3347 4935 tenebra-

1873 5164 1960 5233 l5)
1990 5162 2171 5218 Codex
2191 5159 2434 5233 ‘Regius,
2464 5158 2540 5223 ὡς
2570 5159 2652 5233 ἐν-
2672 5154 3099 5233 παραδείγματι.

1873 5165 1960 5233 15)
1990 5165 2171 5218 Codex
2208 5165 2432 5228 Regius,
2464 5165 2540 5223 ὼς
2570 5165 2628 5210 ἐν
2672 5165 3099 5227 παραδείγματι.

1847 5165 1958 5311 iiii)
1996 5233 2100 5311 Pro
2127 5230 2250 5311 _zi;v
2289 5228 2504 5296 εὐεξίαν
2554 5229 2722 5283 codex
2776 5227 2978 5299 liegius
3032 5224 3218 5291 habet,
3254 5225 3350 5284 καὶ

1773 5304 2008 5370 εὐεξίαν,
2034 5304 2194 5358 male.

1850 5363 1961 5460 (15)
1990 5363 2169 5429 Codex
2217 5369 2562 5460 Dodleiauus,
2590 5367 2895 5437 πρόφασιςο
2929 5364 3096 5420 editio
3140 5363 3347 5431 lluetii,

1775 5446 2101 5521 πρφφάσςιςε
2134 5446 2334 5521 πυξίου.
2530 5509 2555 5520 -

1845 5503 1957 5589 (ιῦ)
1990 5503 2175 5589 Codex
2196 5512 2425 5589 ‘ltegius,
2457 5509 2720 5589 ταῦτα’-δέ
2755 5525 2843 5579 μοι
2867 5505 3080 5589 είρηται
3113 5503 3349 5589 ψωμίου.

1850 5575 1948 5641 ’17’
1988 5588 2129 5641 Idem
2156 5575 2325 5637 codex
2358 5583 2581 5652 Regius,
2614 5575 2855 5650 Σίμωνος
2901 5575 3247 5647 Ἰσκαριώτῃ.

1845 5590 1959 5799 gis;
1983 5656 2165 5711 Codex
2205 5650 2802 5731 ιὶεςὶιιεηεὺαγγελίου.
2870 5717 2880 5728 _

1871 5730 1937 5784 t9
2004 5724 2208 5782 Τέκνα.
2244 5723 2407 5779 Deest
2434 5739 2491 5776 ιιι
2524 5726 2715 5778 codice
2752 5721 2939 5799 iiegto.

1983 5656 2165 5711 Codex
2205 5654 2427 5721 liegius,
2459 5652 2802 5719 εὐαγγελίου.

2004 5724 2208 5782 Τέκνα.
2244 5717 2407 5779 Οὲεει
2434 5723 2491 5776 in
2524 5717 2715 5778 cudice
2752 5717 2939 5801 iiegio.

2992 5876 3073 5938 26
