3712 6138
393 319 457 374 ει
471 320 496 373 ι

1831 312 2157 369 οιιιεΕΝιδ
3521 315 3608 369 εις

398 445 518 488 rum
569 428 664 486 ﬁlii
691 426 778 497 “;
817 447 836 482 ι
870 424 926 487 et
955 429 1120 487 illud:
1158 449 1177 482 ε
1213 430 1320 488 Nos
1370 441 1553 487 autem
1589 446 1677 501 qm
1724 429 1828 485 diei
1873 430 1968 486 ﬁlii

2076 441 2243 490 πους·
2286 425 2379 479 καὶ
2418 423 2538 478 κατ’
2578 422 2768 496 ἐξοχὴν
2801 422 2900 477 οὒκ
2936 417 3003 493 ἦν
3035 410 3131 489 νῦξ
3170 421 3249 492 τῷ
3305 423 3608 498 ἀνακειμένῳ

396 535 604 588 sumus,
634 520 804 578 sobrii
830 521 1002 577 simus
1025 520 1096 575 ”.
1137 539 1157 575 ι
1192 521 1551 588 Quamobrem
1582 536 1686 576 nox
1711 535 1814 577 non
1845 525 1964 576 erat

394 614 483 672 bis
525 626 762 684 quorum
805 612 973 685 pedes
1015 612 1221 669 laverat
1247 613 1440 682 Jesus,
1469 615 1561 670 sed
1600 613 1757 681 dies‘,
1792 627 1964 682 caque

393 703 851 772 splendidissima,
877 712 935 758 ut
965 704 1055 773 qui
1087 703 1198 772 jam
1231 705 1470 759 mundati
1501 714 1685 760 essent
1733 703 1964 774 abiecis-

391 803 622 863 sentque
649 795 838 850 sordes
870 810 1006 864 quas
1049 795 1103 849 in
1151 797 1382 866 pedibus
1413 797 1604 852 animae
1650 812 1760 852 suae
1793 796 1962 851 habeo

391 885 568 952 bant;
610 885 981 940 excellentiori
1018 887 1182 941 etiam
1233 890 1392 944 modo
1435 903 1541 942 nox
1577 903 1683 944 non
1714 898 1837 943 erat
1883 903 1965 944 re-

393 977 670 1034 cumbenti
702 978 757 1032 in
807 978 927 1034 sinu
955 977 1109 1045 Jesu,
1152 981 1294 1050 quod
1326 979 1485 1037 Jesus
1526 995 1712 1038 amore
1741 996 1854 1053 quo
1898 982 1964 1036 il-

393 1070 503 1125 lum
556 1072 988 1142 prosequebatur
1031 1081 1254 1128 cunctas
1286 1074 1539 1130 solvisset
1580 1075 1852 1131 tenebras.
1885 1074 1962 1131 Ac

393 1177 465 1217 ne
484 1161 644 1219 Petro
667 1163 880 1234 quidem
913 1179 1019 1218 nox
1041 1173 1160 1219 erat
1183 1166 1458 1221 conﬁtenti
1483 1166 1535 1221 id
1560 1170 1703 1236 quod
1727 1166 1828 1222 sibi
1852 1180 1964 1222 cm-

391 1249 546 1308 lcslis
578 1252 668 1310 ille
691 1253 850 1309 Pater
875 1253 1160 1322 revelarat,
1192 1273 1418 1326 nempe:
1453 1276 1471 1309 ι
1513 1263 1581 1312 l'u
1607 1271 1666 1312 es
1690 1260 1774 1313 ille
1802 1257 1962 1313 Chri-

392 1353 531 1414 stus,
560 1345 651 1401 ille
680 1344 848 1402 Filius
888 1345 984 1401 Dei
1010 1346 1241 1402 viventis
1269 1348 1370 1410 δίς»
1408 1349 1492 1403 cui
1526 1355 1707 1404 tamen
1743 1351 1962 1420 neganti

395 1451 506 1492 nox
536 1435 823 1492 confestim
847 1435 964 1491 fuit.
993 1437 1170 1491 Etiam
1205 1453 1347 1494 nunc
1372 1438 1536 1509 igitur
1558 1455 1680 1494 cum
1707 1453 1963 1510 egressus

391 1538 475 1587 est
501 1529 666 1586 ludas
689 1540 902 1600 sumpta
931 1529 1116 1596 oﬂ‘ula,
1154 1547 1276 1586 mox
1311 1532 1411 1588 sibi
1444 1548 1662 1602 egresso
1686 1549 1792 1588 nox
1820 1532 1960 1598 fuit;

393 1637 498 1678 nec
524 1627 668 1678 enim
693 1621 805 1676 illic
823 1620 911 1676 ille
933 1621 1015 1676 vir
1034 1623 1243 1688 aderat,
1264 1625 1347 1678 cui
1372 1639 1565 1679 nomen
1588 1633 1674 1680 est
1700 1623 1959 1691 Oriens";

391 1713 601 1768 scilicet
630 1712 961 1782 reliquerat,
1018 1713 1145 1768 dum
1196 1715 1569 1784 egrederetur,
1601 1715 1827 1784 iustitia:
1863 1715 1963 1772 So-

2070 519 2128 570 ἐν
2164 516 2242 588 τῷ
2275 516 2457 586 κόλπῳ
2493 513 2587 568 τοῦ
2637 513 2809 586 Ἰησοῦ
2833 531 2846 546 ο
2887 515 3076 584 ἠγάπα
3114 513 3222 584 γὰρ
3259 515 3418 568 αὑτὸν
3459 517 3486 568 6
3528 519 3603 586 Ἰη-

2071 611 2216 675 σοῦς,
2251 611 2345 664 καὶ
2381 612 2446 680 τῇ
2478 609 2668 680 ἀγάπῃ
2699 607 2819 661 ἐλυε
2854 609 2964 660 πᾶν
2995 607 3056 660 τὸ
3098 608 3304 670 σκότος.
3353 607 3485 660 Ἀλλ’
3515 610 3611 664 οὐδὲ

2069 704 2264 775 Πέτρῳ
2301 702 2648 772 ὁμολογοῦντι
2683 701 2745 755 τό
2769 717 2782 732 ο
2830 719 2850 753 t
2887 703 2961 755 Σὺ
3017 699 3066 755 εί
3103 701 3132 753 6
3177 701 3411 773 Χριστὸς
3446 706 3473 756 6
3513 705 3612 769 Υἱὸς

2068 792 2163 847 τοῦ
2222 791 2357 848 Θεοῦ
2409 792 2502 846 τοῦ
2561 789 2787 857 ζῶντος,
2833 811 2853 844 ι
2895 791 3343 862 ἀποκαλύψαντος
3381 793 3516 864 αὐτῷ
3541 797 3612 847 τοί

2068 884 2318 956 οὐρανίου
2347 885 2556 954 Πατρὸς
2579 923 2594 948 ,
2621 884 2716 952 νὺξ
2750 880 2848 956 ἦν·
2886 884 3022 940 ἀλλά
3061 885 3156 952 νὺξ
3193 886 3310 956 ἅμα
3357 887 3498 956 αὐτῷ
3527 887 3614 958 (ΩΙ)

2069 978 2163 1032 καὶ
2195 977 2422 1049 ἄρνησις
2457 973 2543 1048 ἦν.
2578 977 2688 1030 Καὶ
2727 976 2822 1032 νῦν
2859 977 3040 1032 τοίνυν
3081 979 3170 1032 ὅτε
3227 977 3408 1031 λαϐὼν
3444 978 3502 1031 τὸ
3528 980 3615 1048 ψω-

2073 1069 2194 1142 μίον
2222 1071 2250 1123 6
2295 1069 2495 1134 Ἰούδας
2542 1068 2764 1140 ἐξῆλθεν
2793 1068 2956 1133 εὐθὺς
2977 1110 2992 1135 ,
3038 1070 3158 1123 τότε
3209 1069 3470 1134 ἐξελθόντι
3497 1069 3616 1142 αὑτῷ

2069 1163 2164 1230 νὺξ
2187 1158 2256 1234 ἦν
2281 1180 2294 1194 ·
2325 1163 2385 1217 οὐ
2405 1162 2515 1234 γὰρ
2538 1163 2720 1232 παρῆν
2747 1160 2896 1232 αὐτῷ
2921 1164 2949 1214 ὁ
2971 1161 3111 1233 ἀνὴρ
3133 1154 3177 1230 ᾧ
3200 1162 3372 1232 ὄνομα
3398 1163 3617 1234 ἀνατολὴν

2069 1255 2423 1311 καταλιπόντι
2450 1257 2507 1308 ἐν
2544 1253 2621 1326 τῷ
2652 1253 3024 1325 ἐξεληλυθέναι
3050 1255 3140 1308 τὸν
3179 1255 3281 1324 τῆς
3309 1255 3618 1327 δικαιοσύνης

2067 1349 2235 1420 ἥλιον.
2266 1349 2374 1401 Καὶ
2403 1347 2590 1400 ἐδίωκε
2621 1346 2720 1416 μὲν
2741 1347 2832 1400 τὸν
2869 1347 3076 1417 Ἰησοῦν
3104 1349 3133 1399 6
3161 1347 3364 1410 Ἰούδας
3395 1346 3490 1416 τῆς
3515 1362 3617 1398 σκο-

2069 1441 2190 1504 τίας
2221 1441 2673 1513 πεπληρωμένος·
2702 1440 2816 1495 ἀλλ’
2849 1441 2882 1512 ἡ
2914 1440 3131 1504 σκοτία,
3158 1438 3252 1492 καὶ
3287 1439 3316 1490 6
3349 1437 3617 1506 ἀνειληφὼς

2069 1537 2240 1608 αὐτὴν
2268 1536 2330 1589 οὐ
2362 1535 2654 1606 κατείληφε
2679 1535 2739 1588 τὸ
2764 1533 3090 1604 διωκόμενον
3123 1531 3257 1602 φῶς.
3307 1530 3400 1584 Διὸ
3439 1532 3524 1583 καὶ
3549 1532 3616 1584 ὅτε

2070 1622 2222 1679 εἶπεν
2245 1626 2320 1689 ὡς
2344 1625 2690 1697 δικαιοσύνης
2714 1625 2870 1695 λόγον
2894 1625 2956 1678 τό
2975 1641 2987 1655 ·
3023 1644 3041 1676 ‹
3058 1626 3341 1696 ’Ἥμαρτον
3376 1624 3615 1696 παραδοὺς

2071 1713 2211 1788 αἷμα
2237 1717 2460 1782 δίκαιον,
2496 1737 2514 1768 ι
2552 1715 2804 1770 ἀπελθὼν
2832 1715 3135 1787 ἀπήγξατο,
3164 1715 3259 1769 τοῦ
3291 1717 3348 1768 ἐν
3377 1715 3514 1786 αὑτῷ
3539 1717 3618 1769 Σα-

391 1803 498 1860 lem
525 1805 594 1862 ³³.
629 1805 709 1860 Ac
736 1802 922 1860 Jesum
955 1807 1172 1875 quidem
1225 1807 1654 1876 persequebatur
1687 1806 1854 1864 Judas
1888 1818 1969 1864 te-

2076 1811 2204 1864 τανᾶ
2233 1809 2394 1880 μέχρι
2420 1809 2520 1878 τῆς
2545 1809 2779 1880 ἀγχόνης
2805 1809 2966 1862 αὑτὸν
2994 1810 3517 1879 χειραγωγήσαντος,
3544 1807 3616 1862 καὶ

393 1899 686 1954 nebrarum
714 1897 948 1967 plenus;
981 1897 1076 1951 sed
1114 1898 1371 1963 tenebrae,
1398 1910 1452 1952 et
1489 1899 1580 1969 qui
1632 1899 1776 1968 ipsas
1815 1914 1965 1956 rece-

2077 1903 2168 1955 ἐπὶ
2193 1903 2396 1973 ταύτην
2425 1902 2585 1956 αὐτὸν
2625 1903 3062 1974 ἀναρτήσαντος,
3096 1903 3185 1955 ὅτε
3212 1903 3308 1956 καὶ
3339 1903 3438 1974 τῆς
3472 1905 3619 1973 ψυχῆς

392 1999 568 2061 perat,
599 2005 706 2045 non
741 1989 1214 2058 apprehenderunt
1244 1989 1418 2044 lucem
1437 1990 1662 2060 “quam
1685 2006 1969 2062 perseque-

2076 1994 2238 2049 αὐτοῦ
2279 1997 2306 2048 6
2345 1994 2590 2057 διάϐολος
2620 1995 2792 2064 ἥψατο
2811 2011 2824 2025 ·
2857 1995 2917 2048 οὺ
2949 1994 3056 2066 γάρ
3100 1990 3168 2065 ἦν
3197 1993 3436 2059 τοιοῦτος
3461 1995 3526 2059 ὠς
3553 1995 3616 2048 λε-

393 2085 609 2138 bantur.
659 2082 924 2150 Quocirca
968 2097 1092 2138 cum
1147 2081 1374 2138 dixisset
1433 2094 1690 2152 tanquam
1743 2081 1968 2152 iustitia:

2076 2088 2268 2160 χθῆναι
2313 2089 2441 2161 περὶ
2469 2089 2632 2142 αὑτοῦ
2683 2087 2788 2141 ὑπὸ
2815 2087 3018 2157 Κυρίου
3047 2127 3061 2148 ,
3091 2087 3227 2159 ὅπερ
3270 2087 3480 2159 εἴρηται
3515 2087 3615 2156 περὶ

392 2189 734 2230 sermonem:
757 2194 775 2227 ι
795 2173 1022 2230 Peccavi
1053 2174 1272 2231 tradens
1304 2175 1617 2246 sanguinem
1639 2175 1840 2244 justum
1858 2177 1958 2242 ",n

2076 2178 2167 2234 τοῦ
2205 2179 2322 2232 Ἰὼϐ
2350 2182 2485 2252 πρὸς
2514 2181 2602 2234 τὸν
2623 2179 2863 2234 διάϐολον
2887 2195 2898 2207 ·
2942 2198 2960 2231 ι
2985 2179 3140 2232 ⁹Αλλά
3155 2179 3252 2250 τῆς
3285 2178 3461 2250 ψυχῆς
3482 2178 3614 2234 αὑτοῦ

393 2267 672 2336 prolectus
715 2266 910 2338 laqueo
968 2282 1027 2322 sc
1085 2267 1431 2339 praefocavit;
1461 2266 1663 2322 Satana
1706 2269 1963 2323 nimirum
2074 2270 2149 2342 μὴ
2193 2270 2323 2342 ἅψῃ.
2366 2290 2383 2322 ι

395 2359 488 2428 qui
514 2358 568 2413 in
608 2358 724 2428 ipso
753 2366 894 2424 erat,
935 2372 1055 2414 eum
1087 2373 1258 2428 usque
1283 2359 1348 2413 ad
1386 2359 1639 2429 laqueum
1704 2361 2107 2429 adducente,'et
2167 2362 2218 2416 in
2250 2363 2355 2418 hoc
2409 2363 2585 2432 ipsum
2631 2362 3004 2431 praelocante;
3057 2362 3274 2430 quando
3323 2373 3378 2416 et
3417 2362 3611 2416 animam

393 2450 514 2518 ejus
542 2448 792 2505 diabolus
829 2449 1048 2519 attigit;
1079 2449 1276 2520 quippe
1302 2451 1393 2519 qui
1441 2451 1563 2505 talis
1595 2465 1703 2506 non
1741 2461 1885 2507 esset
1915 2461 1975 2506 ut
2010 2451 2077 2508 de
2102 2468 2167 2509 eo
2195 2453 2467 2510 diceretur
2503 2471 2533 2509 a
2579 2455 2821 2519 Domino,
2855 2455 2996 2524 quod
3053 2457 3118 2510 de
3161 2454 3265 2511 Job
3318 2465 3401 2511 cst
3447 2457 3610 2513 dictum

394 2547 462 2602 ad
514 2546 786 2601 diabolum
823 2566 837 2601 :
869 2563 889 2599 ι
921 2545 992 2600 At
1023 2546 1170 2602 illius
1201 2546 1436 2600 animam
1481 2562 1548 2600 ne
1578 2546 1812 2617 attingas
1843 2547 1912 2604 ⁸⁸.
1948 2569 1966 2601 ι

465 2641 553 2698 17.
587 2659 606 2693 ι
646 2639 778 2695 Cum
814 2655 946 2712 ergo
970 2640 1217 2709 exiisset,
1251 2639 1412 2697 Jesus
1427 2641 1598 2697 dicit:
1628 2639 1781 2698 Nunc
1807 2643 1972 2714 glori-

2147 2643 2233 2697 H.
2271 2642 2430 2695 «Ὅτε
2451 2637 2544 2695 οῦν
2573 2640 2814 2711 ἐξῆλθεν,
2839 2643 2868 2694 6
2907 2639 3113 2712 Ἰησοῦς
3137 2640 3314 2709 λέγει’
3339 2640 3448 2694 Νῦν
3477 2639 3614 2704 ἐδοξᾶρ

396 2731 589 2788 ﬁcatus
639 2740 723 2786 est
752 2730 920 2786 Filius
972 2730 1228 2794 hominis,
1253 2740 1308 2785 et
1341 2731 1483 2786 Deus
1519 2731 1854 2802 gloriﬁcatus
1886 2741 1970 2787 est

2076 2736 2175 2808 σθη
2211 2739 2240 2790 6
2271 2737 2399 2800 Υἱὸς
2442 2735 2536 2789 τοῦ
2568 2733 2854 2805 ἀνθρώπου
2881 2773 2894 2797 ,
2927 2735 3022 2786 καὶ
3067 2737 3096 2787 6
3137 2734 3269 2797 Θεὸς
3305 2732 3609 2802 ἐδοξάσθη

400 2838 496 2894 per
520 2837 662 2877 eum.
694 2819 751 2877 Si
780 2821 921 2876 Deus
947 2820 1282 2892 gloriﬁcatus
1309 2831 1394 2876 est
1437 2837 1535 2892 per
1556 2837 1703 2888 eum,
1743 2832 1796 2878 et
1828 2822 1968 2878 Deus

2076 2829 2219 2902 αὑτῷ
2242 2846 2254 2859 °
2293 2830 2341 2881 εί
2369 2829 2398 2880 6
2427 2827 2556 2890 Θεὸς
2580 2826 2836 2898 ἐδοξάσθη
2868 2830 2921 2880 ἐν
2958 2825 3124 2896 αὐτῷ,
3160 2827 3253 2878 καὶ
3281 2827 3310 2878 ὁ
3341 2825 3468 2888 Θεὸς
3491 2824 3611 2887 δοξά-

397 2915 726 2988 glorillcabit
769 2930 894 2970 eum
937 2929 1033 2984 per
1098 2930 1205 2994 se;
1243 2925 1298 2969 et
1333 2915 1593 2970 continuo
1642 2915 1969 2986 gloriﬁcabit

2076 2940 2154 2976 σει
2197 2922 2356 2974 αὑτὸν
2383 2922 2440 2973 ἐν
2469 2919 2615 2990 αὑτῷ
2639 2937 2652 2950 ·
2685 2921 2778 2973 καὶ
2818 2919 2978 2983 εὐθὺς
3015 2920 3224 2985 δοξάσει
3262 2918 3375 2988 (9.2)
3407 2916 3562 2970 αὐτόν.
3593 2935 3607 2967 ι

397 3021 522 3063 eum
554 3007 620 3062 ⁸⁷.
649 3025 670 3060 ι
707 3005 858 3062 Tunc
911 3004 1134 3075 gloriari
1161 3006 1328 3075 coepit
1361 3005 1528 3061 Filius
1578 3006 1812 3061 hominis
1846 3016 1970 3076 post

2085 3010 2250 3082 Ἀρχὴ
2283 3009 2375 3062 τοῦ
2403 3008 2712 3072 δεδοξάσθαι
2759 3008 2849 3062 τὸν
2896 3009 3023 3061 Υἱὸν
3054 3008 3147 3062 τοῦ
3191 3008 3473 3080 ἀνθρώπου
3503 3007 3609 3077 μετὰ

397 3102 628 3172 gloriam
650 3115 770 3171 quae
797 3099 868 3156 ob
895 3101 1048 3168 signa
1080 3107 1133 3153 et
1155 3099 1394 3168 prodigia
1421 3099 1740 3170 contigerat,
1773 3111 1827 3156 et
1848 3109 1974 3169 post

2076 3101 2174 3165 τὰς
2205 3103 2296 3154 ἐπὶ
2324 3104 2434 3163 τοῖς
2469 3100 2712 3171 σημείοις
2741 3101 2834 3153 καὶ
2864 3100 3051 3171 τέρασι
3091 3099 3247 3165 δόξας
3269 3139 3282 3164 ,
3318 3102 3408 3154 καὶ
3431 3099 3517 3170 τὴν
3544 3100 3612 3152 ἐπὶ

396 3194 624 3265 gloriam
684 3191 1196 3262 transﬁgurationis,
1230 3189 1396 3262 M6
1443 3205 1566 3244 eum
1620 3189 1786 3246 .ludas
1844 3207 1968 3246 cum

394 3286 598 3340 Satana
626 3283 679 3338 in
706 3282 882 3352 ipsum
915 3281 1188 3350 ingresso,
1213 3295 1240 3334 a
1266 3281 1384 3337 loco
1411 3281 1502 3335 ubi
1523 3291 1642 3336 erat
1664 3280 1820 3337 Jesus
1857 3284 1973 3339 exi-

394 3375 498 3431 vit.
535 3375 801 3443 Quocirca
855 3372 993 3427 dixit
1023 3371 1180 3427 Jesus
1215 3389 1229 3424 :
1263 3388 1283 3422 ι
1323 3369 1476 3426 Nunc
1513 3372 1840 3440 gloriﬁcatus
1889 3384 1968 3429 est

394 3469 566 3526 Filius
585 3467 899 3526 hominis".
927 3485 945 3518 ι
967 3465 1234 3520 Praeterea
1258 3463 1385 3519 illud
1406 3463 1570 3518 etiam
1593 3481 1643 3518 τι
1664 3463 1720 3519 Si
1750 3480 1848 3534 ego
1877 3481 1973 3520 ex-

398 3561 600 3617 altatus
621 3574 651 3616 a
672 3569 816 3616 terra
840 3560 1012 3625 fuero,
1040 3560 1224 3616 omnia
1250 3559 1460 3612 traham
1491 3559 1557 3613 ad
1590 3556 1964 3626 meipsum",»

398 3654 602 3710 dictum
623 3663 708 3710 est
732 3671 762 3708 a
793 3653 1088 3709 Servatore
1113 3651 1454 3722 signiﬁcante
1481 3649 1624 3719 quali
1651 3657 1822 3704 morte
1853 3649 1971 3720 glo-

399 3747 643 3802 riilcatus
693 3755 840 3802 esset
869 3745 1074 3813 Deum;
1121 3743 1445 3815 gloriﬁcavit
1476 3741 1617 3796 enim
1657 3743 1820 3796 etiam
1855 3755 1970 3795 mo-

395 3839 587 3895 riendo
643 3839 832 3894 Deum.
872 3838 1022 3894 Hanc
1066 3837 1137 3891 ob
1190 3851 1434 3900 causam,
1472 3834 1726 3905 quoniam
1758 3834 1968 3887 initium

397 3933 816 4004 dispensationis
865 3931 1111 3987 morituri
1148 3927 1277 3984 Jesu
1317 3927 1718 3998 perﬁciebatur,
1750 3939 1970 3996 egresso

398 4036 523 4097 post
549 4024 766 4080 oll'ulam
797 4023 953 4089 Juda,
997 4033 1058 4078 ut
1104 4033 1297 4079 contra
1337 4019 1520 4075 Jesum
1568 4018 1965 4089 negotiaretur,

401 4121 604 4174 dictum
637 4127 753 4173 est:
774 4137 793 4170 ι
822 4117 973 4172 Nunc
1006 4116 1342 4187 gloriﬁcatus
1361 4124 1446 4169 est
1472 4111 1640 4168 Filius
1667 4111 1963 4176 hominis;»

401 4215 595 4270 deinde
625 4213 879 4279 quoniam
910 4226 1014 4265 non
1046 4209 1208 4263 liceat
1232 4207 1520 4277 gloriﬁcari
1545 4206 1842 4271 Christum,
1864 4219 1969 4259 non

401 4306 704 4378 gloriﬁcato
745 4319 841 4375 per
873 4305 1048 4374 ipsum
1091 4301 1274 4364 Patre,
1306 4308 1592 4369 propterea
1633 4297 1717 4353 his
1751 4297 1965 4352 verbis:

405 4419 426 4454 ι
467 4399 618 4454 Nunc
647 4397 979 4469 glorificatus
1009 4407 1097 4450 est
1144 4393 1316 4448 Filius
1359 4391 1611 4452 hominis,
1648 4409 1668 4443 ι
1701 4389 1970 4443 adduntur
1999 4422 2047 4478 Β

401 4493 519 4549 haec
552 4507 566 4545 :
603 4508 623 4543 ι
676 4491 744 4544 Ει
777 4490 916 4544 Deus
942 4486 1272 4559 gloriﬁcatus
1309 4494 1392 4540 est
1430 4499 1526 4554 per
1572 4483 1770 4551 ipsum.
1808 4500 1828 4534 ι
1866 4479 1969 4535 Ve-

401 4591 710 4640 rumtamen
749 4581 918 4654 gloria
955 4579 1276 4647 contingens
1307 4575 1376 4630 ob
1408 4582 1634 4629 mortem
1664 4587 1762 4640 pro
1796 4571 1970 4626 homi-

401 4676 562 4731 nibus
614 4689 722 4730 non
759 4669 1065 4744 pertinebat
1121 4669 1185 4721 ad
1242 4664 1578 4735 unigenitum
1629 4661 1835 4730 Λόγον,
1871 4674 1968 4714 seu

401 4769 741 4833 Sermonem,
774 4765 865 4836 qui
896 4773 1085 4818 natura
1115 4759 1254 4818 mori
1287 4768 1442 4828 aptus
1488 4772 1593 4812 non
1623 4764 1765 4820 erat,
1791 4767 1968 4824 neque

402 4859 472 4914 d
493 4858 834 4929 sapientiam,
865 4866 920 4910 et
954 4856 1231 4925 pietatem,
1256 4859 1313 4906 et
1336 4860 1675 4920 quaecunque
1719 4845 1823 4899 alia
1847 4859 1967 4900 esse

399 4954 656 5008 dicuntur
709 4950 766 5004 in
797 4947 925 5003 Jesu
969 4943 1398 5009 diviniora;sed
1443 4941 1509 4994 ad
1550 4939 1845 5000 h'ominem,
1879 4937 1970 5006 qui

400 5053 522 5100 erat
545 5043 710 5098 etiam
731 5040 900 5098 Filius
931 5039 1185 5101 hominis,
1216 5023 1430 5106 genitus
1462 5047 1526 5087 ex
1558 5031 1768 5085 semine
1802 5027 1971 5083 David

402 5136 701 5192 secundum
732 5144 956 5187 carnem
985 5129 1052 5184 “.
1086 5127 1347 5194 Quocirca
1377 5123 1623 5193 superius
1652 5121 1867 5192 quidem
1891 5120 1976 5174 di-

403 5232 527 5284 xit:
557 5226 716 5301 [(20)
746 5245 766 5279 ι
793 5223 950 5279 Nunc
996 5219 1240 5291 quaeritis
1293 5232 1378 5273 me
1421 5215 1764 5280 interﬁcere,
1799 5211 1974 5269 homi-

404 5336 549 5385 nem,
580 5319 676 5389 qui
703 5316 987 5373 veritatem
1011 5313 1164 5368 vobis
1205 5312 1416 5367 locutus
1443 5322 1564 5365 sum
1595 5324 1610 5374 ;
1645 5326 1664 5359 ›
1696 5305 1750 5360 in
1783 5304 1850 5360 iis
1877 5317 1973 5357 au-

2075 3199 2142 3266 τῇ
2174 3193 2612 3265 μεταμορφώσει,
2644 3193 2702 3244 τὸ
2746 3191 3114 3263 ἐξεληλυθέναι
3156 3190 3247 3244 τὸν
3292 3193 3480 3244 Ἰούδαν
3508 3192 3610 3261 μετὰ

2076 3284 2169 3339 τοῦ
2192 3285 2520 3348 εἰσελθόντος
2549 3285 2628 3346 εἰς
2657 3282 2817 3336 αὑτὸν
2842 3283 3051 3335 Σατανᾶ
3077 3283 3183 3336 ἀπὸ
3211 3283 3306 3336 τοῦ
3339 3283 3491 3336 τόπου
3516 3281 3609 3334 ἔνθα

2074 3371 2142 3446 ἦν
2168 3377 2196 3428 6
2232 3375 2455 3447 Ἰησοῦς.
2482 3374 2572 3426 Διὸ
2599 3370 2748 3426 εἶπεν
2781 3377 2808 3427 6
2842 3373 3043 3444 Κύριος
3071 3375 3129 3427 τό
3148 3391 3162 3404 ’
3198 3393 3216 3426 ι
3249 3374 3364 3427 Νῦν
3395 3374 3606 3442 ἐδοξάσθη

2075 3471 2104 3522 6
2129 3469 2254 3532 Υἱὸς
2273 3466 2366 3520 τοῦ
2394 3465 2698 3537 ἀνθρώπου.
2731 3485 2749 3515 ι
2783 3466 2903 3518 Ἔτι
2928 3465 2984 3518 δὲ
3014 3466 3104 3517 καὶ
3126 3465 3186 3518 τό
3209 3482 3220 3495 ·
3261 3485 3280 3516 ‹
3307 3466 3426 3518 Ἐάν
3448 3463 3607 3534 ὑψωθώ

2076 3561 2140 3612 ἐκ
2173 3561 2270 3630 τῆς
2300 3558 2424 3627 γῆς,
2449 3559 2654 3620 πάντας
2692 3556 2901 3609 ἐλκύσω
2933 3555 3066 3628 πρὸς
3092 3557 3350 3626 ἐμαυτὸν,
3386 3577 3404 3609 ι
3436 3557 3606 3628 εἴρηται

2078 3647 2183 3702 ὑπὸ
2229 3647 2322 3700 τοῦ
2355 3648 2605 3719 Σωτῆρος
2653 3647 3004 3716 σημαίνοντος
3033 3646 3167 3717 ποίῳ
3198 3645 3412 3718 θανάτῳ
3437 3647 3606 3712 δοξάσει

2075 3743 2166 3796 τὸν
2204 3742 2367 3795 Θεόν·
2399 3741 2616 3806 ἐδόξασε
2659 3741 2765 3812 γὰρ
2808 3741 2902 3794 καὶ
2946 3743 3003 3794 ἐν
3035 3741 3112 3812 τῷ
3158 3741 3506 3812 ἀποθνήσκειν
3542 3739 3606 3792 τὸν

2075 3833 2226 3888 Θεόν.
2263 3833 2361 3887 Διά
2390 3831 2545 3885 τοῦτο
2565 3871 2580 3895 ,
2613 3831 2694 3884 ὅτι
2721 3832 2829 3901 (25)
2859 3833 2891 3901 ἡ
2925 3831 3066 3902 ἀρχὴ
3098 3830 3198 3900 τῆς
3227 3831 3520 3901 οἰκονομίας
3538 3827 3604 3881 τοῦ

2080 3927 2296 3998 μέλλειν
2329 3925 2688 3995 ἀποθνήσκειν
2722 3921 2814 3977 τὸν
2842 3923 3048 3994 Ἰησοῦν
3085 3926 3384 3993 ἐνηργεῖτο,
3415 3921 3604 3986 ἐξελθόν-

2075 4036 2166 4083 τος
2203 4018 2339 4089 μετά
2360 4017 2420 4070 τὸ
2447 4016 2656 4087 ψωμίον
2683 4015 2774 4069 τοῦ
2819 4014 2986 4068 Ἰούδα
3005 4055 3019 4080 ,
3045 4015 3134 4068 ἵνα
3162 4013 3602 4085 πραγματεύσηται

2075 4109 2219 4163 κατά
2242 4107 2334 4161 τοῦ
2377 4104 2549 4178 Ἰησοῦ
2571 4146 2583 4170 ,
2620 4105 2832 4176 εἴρηται
2859 4104 2920 4156 τό
2942 4121 2955 4134 ·
2996 4123 3014 4155 ι
3043 4103 3156 4156 Νῦν
3185 4104 3436 4174 ἐδοξάσθη
3460 4105 3484 4155 6
3509 4101 3603 4162 Υἱὸς

2075 4201 2168 4256 τοῦ
2199 4199 2482 4271 ἀνθρώπου
2506 4215 2519 4227 ·
2560 4217 2578 4248 ι
2615 4193 2711 4249 εἶτ’
2745 4197 2865 4249 ἐπεὶ
2884 4196 2983 4248 οὐκ
3018 4195 3190 4248 ἐνεστι
3218 4191 3603 4265 δοξασθῆναιτὸν

2074 4293 2325 4364 Χριστὸν,
2364 4289 2437 4361 μὴ
2469 4285 2881 4356 ἐνδοξαζομένου
2911 4286 2968 4336 ἐν
2993 4285 3141 4355 αὑτῷ
3169 4284 3260 4338 τοῦ
3299 4283 3510 4356 Πατρὸς,
3537 4279 3599 4332 διὰ

2075 4383 2231 4436 τοῦτο
2258 4381 2576 4453 πρόσκειται
2609 4377 2686 4446 τῷ
2709 4393 2722 4406 ·
2763 4395 2782 4428 ι
2806 4375 2918 4428 Νῦν
2951 4374 3205 4445 ἐδοξάσθη
3232 4375 3260 4426 ό
3288 4374 3411 4436 Υίὸς
3434 4371 3512 4425 τοῦ
3537 4370 3600 4421 ἀν-

2077 4474 2334 4546 θρώπου,
2374 4490 2392 4522 ι
2427 4470 2488 4523 τό
2512 4485 2526 4499 ⁸
2563 4488 2581 4521 ι
2619 4467 2729 4520 Καὶ
2779 4469 2808 4520 6
2856 4465 2986 4528 Θεὸς
3031 4463 3291 4534 ἐδοξάσθη
3327 4467 3382 4518 ἐν
3410 4459 3549 4529 αὐτῷ.
3579 4477 3592 4507 ι

2077 4567 2222 4637 Πλὴν
2256 4568 2289 4637 ὴ
2321 4563 2409 4618 διά
2432 4563 2523 4616 τὸν
2556 4560 2698 4631 ὑπὲρ
2731 4557 3028 4632 ἀνθρώπων
3057 4557 3282 4611 θάνατον
3312 4554 3430 4619 δόξα
3449 4554 3500 4605 οὐ
3527 4546 3596 4601 τοῦ

2079 4656 2154 4728 μὴ
2179 4654 2480 4726 πεφυκότος
2509 4650 2868 4720 ἀποθνήσκειν
2891 4642 2956 4717 ἦν
2984 4645 3302 4716 μονογενοῦς
3327 4645 3501 4711 Λόγου,
3525 4637 3592 4691 καὶ

2077 4749 2286 4817 σοφίας,
2311 4747 2403 4800 καὶ
2424 4743 2698 4814 ἀληθείας,
2731 4744 2822 4795 καὶ
2845 4743 2945 4795 ὅσα
2973 4741 3107 4795 ἄλλα
3135 4737 3274 4792 εἶναι
3303 4739 3494 4805 λέγεται
3514 4729 3593 4783 τῶν

2075 4841 2133 4894 ἐν
2165 4839 2242 4912 τῷ
2285 4835 2459 4909 Ἰησοῦ
2493 4835 2774 4906 θειοτέρων
2801 4874 2814 4897 ,
2858 4832 2993 4886 ἀλλά
3030 4831 3122 4885 τοῦ
3155 4829 3448 4901 ἀνθρώπου,
3474 4825 3521 4886 ὃς
3542 4817 3592 4892 ἦν

2077 4935 2170 4988 καὶ
2215 4933 2344 4996 Υἱὸς
2387 4927 2481 4983 τοῦ
2522 4926 2845 4998 ἀνθρώπου,
2892 4925 3180 4994 γενόμενος
3229 4925 3293 4975 ἐκ
3340 4920 3589 4998 σπέρματος

2079 5024 2239 5079 Δαυῒδ
2287 4993 2350 5076 τὸ
2379 5022 2520 5077 κατὰ
2571 4993 2766 5092 σάρκα.
2793 5019 2991 5089 Διόπερ
3026 4993 3292 5084 ἀνωτέρω
3340 4993 3587 5083 μὲνέἷπε’

2085 5137 2103 5168 ι
2134 5116 2248 5171 Νῦν
2275 5115 2485 5187 ζητεῖτέ
2523 5131 2589 5185 με
2616 5115 2950 5174 ἀποκτεῖναι,
2982 5109 3263 5178 ἄνθρωπον
3289 5106 3344 5169 ὃς
3372 5104 3459 5174 τὴν
3491 5099 3586 5167 ili:-

2079 5208 2229 5262 θειαν
2253 5186 2381 5278 ὑμῖν
2412 5205 2684 5275 λελάληκα
2707 5220 2720 5233 ·
2759 5221 2776 5254 ι
2810 5203 2868 5255 ἐν
2898 5202 3010 5262 τοῖς
3038 5195 3430 5267 ἐξεταζομένοις
3450 5186 3585 5278 δὲλέ-

2079 5318 2164 5371 γει
2197 5301 2258 5355 τό
2276 5275 2336 5352 ·’‹
2364 5299 2477 5354 Νῦν
2503 5296 2763 5366 ἐδοξάσθη
2793 5297 2820 5348 δ
2845 5294 2973 5357 Υἱὸς
2997 5291 3089 5346 τοῦ
3115 5288 3410 5362 ἀνθρώπου.
3444 5302 3460 5334 .
3488 5275 3581 5333 ros.

475 5452 522 5484 “
544 5451 748 5506 lThes.
763 5465 817 5515 ν,
838 5449 894 5504 5.
965 5447 1016 5515 _"°
1034 5443 1249 5515 ibid.8._
1307 5439 1558 5515 “_l_il:_ttth.
1577 5434 1796 5515 “1,19:
1847 5431 1976 5515 :12:

2077 5427 2350 5515 ἱπςνιυη·
2425 5425 2902 5515 ⁵³-ἒ¹.³¹³ο¹ῑ;.¹ῖςὲ·
2951 5421 3193 5515 1925‘,"-
3213 5407 3580 5515 2.53:1”???

405 5503 817 5580 xxvii—1.5.,
848 5503 927 5551 7"
955 5513 1059 5572 Job
1103 5529 1164 5582 ιι,
1222 5513 1278 5568 6.
1353 5508 1711 5573 "Joan.xm,
1739 5506 1829 5572 51,
1859 5503 1951 5558 '52.

478 5631 590 5711 (29)
626 5631 750 5688 llaec
781 5647 808 5686 a
832 5629 1082 5686 Ferrario
1099 5622 1489 5699 pmtermisso,
1520 5619 1816 5679 ePerionio
1848 5632 1976 5688 sup-

410 5699 693 5767 plevilims.

485 5771 598 5836 (il)
629 5771 809 5828 Codex
838 5769 1059 5838 Regius,
1093 5767 1208 5834 ἅμα
1231 5766 1336 5832 ’τῷο

2050 5502 2097 5534 ⁸⁸
2124 5500 2286 5556 Joan.
2323 5515 2442 5567 xm,
2492 5500 2583 5555 51.

2684 5476 2900 5553 ὶδιόέιῖζ
2949 5492 3162 5558 xn,5‘2.
3225 5491 3269 5522 ⁶⁰
3315 5487 3456 5542 Rom.
3486 5476 3579 5545 ινδ·

2153 5615 2266 5680 (22)
2298 5614 2445 5669 idem
2476 5615 2647 5670 codex
2678 5612 2897 5680 Regius.
2927 5607 3173 5680 δοξάζει,
3404 5668 3437 5680 η
3477 5661 3513 5680 ἡ,

2083 5761 2106 5774 η
2155 5668 2267 5759 (ἐῢ)
2287 5668 2426 5741 Ὅτι.
2452 5668 2702 5760 Siclegit
2724 5668 3015 5739 Fverrarius
3033 5668 3243 5745 {codex
3271 5668 3440 5730 veroll
3475 5668 3567 5727 31³⁵

2082 5777 2193 5816 οτε.
