3712 6138
80 377 176 439 8l5

1046 365 1402 423 COMMENT.
1447 364 1513 420 IN
1552 362 1745 421 JOAN.
1786 362 2024 419 TOMUS
2067 364 2283 418 XXXII.

3221 362 3323 412 8M

42 555 47 561 ,
81 507 160 547 τον
183 485 228 544 δ’
253 477 398 557 οτμαι
440 480 534 535 καὶ
564 481 594 534 6
623 479 755 545 Θεὸς
787 479 1138 554 ὑπερύψωσε,
1171 481 1462 553 γενόμενον
1487 481 1508 533 ε

1872 492 1994 549 quae
2017 492 2165 534 nunc
2186 476 2597 534 consideramus
2613 484 2669 533 et
2690 473 3145 540 tractamus,'h:ec
3180 472 3259 528 ait
3279 469 3320 545 ε]

80 595 186 637 mw
222 575 374 650 μέχρι
404 572 632 628 θανάτου
655 613 671 637 ,
701 571 933 626 θανάτου
954 572 1010 626 δὲ
1034 572 1296 643 σταυροῦο
1321 574 1350 626 6
1382 571 1492 644 γὰρ
1527 570 1630 624 Λό-

80 688 163 743 γος
200 670 254 724 ἐν
295 668 430 738 ἀρχῇ
462 663 598 737 πρὸς
623 664 713 718 τὸν
734 664 867 719 Θεὸν
889 664 1023 729 Θεὸς
1056 663 1165 736 (24)
1192 664 1294 718 οὐκ
1314 663 1629 735 ἐπιδέχεται

76 765 130 820 τὸ
176 757 600 833 ὖπερυψωθῆναι.
666 756 736 811 Ἦ
772 757 831 811 δὲ
869 755 1218 829 ύπερύψωσις
1240 754 1333 809 τοῦ
1359 754 1491 809 Υίοῢ
1537 756 1632 810 τοῦ

78 852 336 926 ἀνθρώπου
378 848 642 921 γενομένη
676 847 826 919 αὐτῷ
861 848 1144 914 δοξάσαντι
1174 847 1265 902 τὸν
1303 846 1435 903 Θεὸν
1472 848 1530 901 ἐν
1554 846 1633 919 τῷ

78 944 249 1003 ἑαυτοῦ
276 941 506 1011 θανάτῳ,
550 938 687 1012 αὓτη
713 935 783 1011 ἦν
813 939 1010 1011 μηκέτι
1054 937 1241 1010 ἕτερον
1290 937 1453 993 αὐτὸν
1492 933 1632 993 εἶναι

77 1035 158 1091 τοῦ
185 1035 367 1109 Λόγου,
401 1029 538 1086 ἀλλὰ
566 1029 659 1083 τὸν
680 1028 842 1083 αὐτὸν
872 1027 1021 1100 αύτῷ
1044 1044 1058 1060 ο
1099 1030 1146 1082 εί
1178 1028 1288 1100 γὰρ
1321 1047 1339 1080 ι
1378 1028 1407 1080 6
1435 1024 1633 1081 κολλώ-

78 1143 216 1200 μενος
240 1124 313 1195 τῷ
331 1121 520 1192 Κυρίῳ
543 1120 603 1175 ἐν
626 1118 845 1191 πνεῦμά
877 1121 1019 1184 ἐστι,
1050 1137 1070 1171 ι
1100 1119 1176 1183 ὡς
1204 1119 1299 1173 καὶ
1324 1117 1417 1172 ἐπὶ
1441 1118 1632 1173 τούτου

75 1216 266 1274 καὶτοῦ
294 1213 599 1285 πνεύματος
631 1212 830 1284 μηκέτι
861 1210 928 1265 ἂν
961 1209 1220 1282 λέγεσθαι
1248 1210 1341 1265 τόο
1368 1208 1472 1264 Δύο
1503 1210 1631 1277 είσὶ,

72 1312 173 1376 πῶς
193 1309 306 1382 οὐχὶ
346 1306 549 1380 μᾶλλον
570 1305 633 1360 τὸ
659 1302 999 1376 ἀνθρώπινον
1033 1303 1128 1357 τοῦ
1162 1302 1336 1374 Ἰησοῦ
1370 1302 1508 1375 μετά
1539 1302 1631 1356 τοῦ

72 1405 221 1475 Λόγου
247 1402 491 1472 λέγοιμεν
514 1397 799 1469 γεγονέναι
826 1397 905 1462 ἓν,
932 1396 1365 1469 ὑπερυψωμένου
1402 1396 1503 1469 μέν
1534 1394 1630 1449 τοῦ

1741 588 1762 622 ι
1801 568 1952 625 Nunc
1973 568 2307 641 gloriﬁcatus
2332 568 2602 624 est‘Piﬁus
2623 569 2915 625 hominis.)
2947 566 3101 623 llunc
3141 565 3323 630 etiam,

1735 662 1951 732 opinor,
1966 654 2110 717 Deus
2138 660 2421 728 exaltavit,
2447 660 2653 716 factum
2682 661 3026 718 obedientem
3053 674 3154 733 usq
3168 675 3237 716 ue
3260 661 3331 715 ad

1733 765 1987 822 mortem,
2007 763 2239 809 mortem
2270 765 2451 809 autem
2478 753 2731 809 crucis“.
2749 753 2885 808 Nam
2920 753 3052 809 illud
3082 752 3327 809 Verbum

1732 847 1873 915 quod
1898 857 2019 902 erat
2044 847 2099 902 in
2131 845 2408 917 principio
2455 844 2597 915 apud
2620 846 2792 901 Deum
2829 846 2969 902 Deus
2994 846 3060 911 θ’,
3095 861 3200 901 non
3240 860 3329 902 reo

1733 941 1862 1010 cipit
1888 940 2138 995 exaltari.
2184 939 2460 995 Caeterum
2490 939 2756 995 exaltatio
2786 938 2908 994 Filii
2938 940 3176 996 hominis
3222 939 3325 994 sibi

1734 1027 1872 1086 facta
1906 1029 2228 1100 gioriticanti
2267 1031 2433 1083 Deum
2481 1044 2578 1100 per
2617 1044 2773 1084 suam
2828 1030 3003 1101 ipsius
3058 1041 3314 1098 mortem,

1734 1125 1852 1179 haec
1875 1124 1995 1189 fuit,
2024 1133 2085 1177 ut
2112 1137 2218 1177 non
2269 1121 2505 1191 amplius
2541 1122 2656 1192 ipse
2701 1123 2843 1178 aliud
2887 1131 3031 1178 esset
3053 1138 3082 1176 a
3113 1123 3317 1188 Verbo,

1732 1216 1828 1273 sed
1857 1216 2000 1271 idem
2026 1230 2148 1270 cum
2185 1215 2320 1285 ipso.
2358 1212 2491 1269 Nam
2521 1217 2563 1272 si
2601 1235 2621 1269 ι
2660 1215 2754 1285 qui
2794 1214 3032 1270 adha-ret
3066 1215 3316 1282 Domino,

1732 1323 1873 1363 unus
1916 1318 2005 1363 est
2036 1309 2262 1377 spiritus
2283 1308 2350 1374 ⁸³,
2397 1327 2416 1361 ι
2450 1318 2508 1363 ιιι
2535 1309 2601 1364 de
2639 1310 2744 1364 hoc
2781 1317 2839 1364 et
2885 1308 2952 1363 de
2986 1308 3177 1379 spiritu
3206 1324 3316 1364 non

1733 1400 1968 1472 amplius
1991 1400 2206 1455 dicatur
2237 1399 2380 1471 quod
2424 1401 2531 1455 duo
2570 1400 2681 1456 sint
2708 1416 2724 1466 ;
2755 1400 3026 1470 quomodo
3065 1415 3171 1456 non
3204 1416 3315 1456 ma-

74 1496 139 1567 μή
165 1489 448 1565 ἁρπαγμὸν
478 1486 830 1562 ἡγησαμένου
851 1487 913 1541 τὸ
937 1482 1079 1543 εἶναι
1103 1487 1196 1541 ῖσα
1213 1486 1353 1558 Θεῷ,
1379 1486 1540 1558 μένον

1870 1491 2175 1549 diceremus
2206 1492 2259 1546 id
2290 1491 2432 1562 quod
2464 1491 2533 1546 de
2582 1491 2712 1548 Jesu
2759 1502 2844 1548 est
2873 1495 3191 1574 humanum,
3226 1492 3310 1547 fa-

70 1587 119 1640 δὲ
142 1587 194 1638 ἐν
221 1582 296 1655 τῷ
323 1581 437 1653 ίδίῳ
470 1579 597 1651 ὕψει
622 1620 636 1641 ,
668 1580 704 1653 ἢ
739 1579 834 1634 καὶ
867 1577 979 1652 (25)
1003 1577 1515 1649 άποκαθισταμένου
1547 1577 1634 1631 ἐπ’

67 1675 182 1731 αὐτὸ
216 1673 303 1728 τού
339 1670 518 1742 Λόγου
545 1711 562 1736 ,
588 1671 680 1725 ὅτε
708 1669 874 1725 πάλιν
907 1665 975 1741 ἦν
1001 1670 1139 1743 πρὸς
1163 1669 1256 1725 τὸν
1296 1669 1430 1724 Θεὸν
1453 1709 1469 1735 ,
1498 1668 1630 1735 Θεὸς

67 1766 219 1833 Λόγος
235 1763 306 1816 ὢν
334 1761 427 1815 καὶ
461 1760 573 1832 (26)
605 1759 894 1834 ἄνθρωπος
917 1775 930 1788 ·
965 1761 1025 1814 ἐν
1072 1759 1133 1812 δέ
1161 1759 1241 1832 τῷ
1268 1758 1487 1830 θανάτῳ
1536 1758 1629 1813 τοῦ

1734 1594 1879 1640 ctum
1903 1583 2071 1640 fuisse
2111 1598 2277 1639 unum
2313 1598 2436 1639 cum
2470 1583 2675 1652 Verbo,
2697 1584 2933 1640 exaltato
2960 1586 3175 1654 quidem
3216 1574 3329 1642 illo'

1734 1675 1827 1744 qui
1859 1694 1880 1728 ι
1909 1689 2016 1730 non
2046 1675 2291 1746 rapinam
2320 1674 2615 1732 arbitratus
2655 1685 2742 1731 est
2793 1690 2852 1731 se
2890 1691 3012 1732 esse
3044 1675 3308 1746 aequalem

1738 1769 1847 1823 Deo
1878 1767 1946 1835 “,
1984 1787 2003 1820 ι
2032 1767 2127 1823 sed
2160 1766 2338 1823 Verbo
2366 1775 2621 1823 manente
2662 1767 2716 1821 in
2750 1782 2846 1823 sua
2882 1766 3201 1836 altitudine,
3229 1768 3317 1824 vel

75 1855 227 1929 Ἰησοῦ
265 1854 588 1920 δοξάσαντος
624 1853 718 1907 τὸν
760 1853 894 1908 Θεὸν
913 1892 928 1918 ,
960 1853 1082 1907 τότε
1133 1872 1152 1904 ι
1186 1853 1541 1925 άπεκδυσάμε

1844 1874 1902 1914 ω
1944 1859 2203 1914 restituto
2238 1860 2308 1914 ad
2360 1858 2413 1914 id
2456 1857 2547 1914 ubi
2591 1869 2709 1914 erat
2743 1859 2913 1929 prius,
2949 1861 3090 1930 apud
3122 1860 3310 1926 Deum,

64 1949 152 2013 τὰς
180 1947 365 2020 ἀρχὰς,
390 1945 611 2010 καὶτὰς
636 1945 887 2011 ἐξουσίας
926 1945 1306 2017 ἐδειγμάτισεν
1330 1948 1389 1999 ἐν
1421 1949 1634 2019 παρρη-

66 2041 144 2113 σίᾳ
168 2038 535 2113 θριαμϐεύσας
569 2038 630 2092 ἐν
666 2037 747 2111 τῷ
790 2036 933 2109 ξύλῳ
956 2079 972 2104 ,
1005 2056 1025 2089 ι
1073 2037 1299 2127 δίαιντόο
1342 2055 1362 2088 ι
1402 2039 1632 2109 Εἰρηνο-

65 2133 275 2203 ποιήσας
297 2130 385 2185 διὰ
408 2130 505 2184 τοῦ
534 2130 769 2202 αἵματος
797 2130 894 2184 τοῦ
934 2131 1167 2201 σταυροῦ
1200 2130 1387 2197 αὐτοῦ,
1418 2130 1529 2184 εἴτε
1560 2130 1633 2185 τά

63 2224 143 2278 ἐπὶ
167 2224 261 2295 τῆς
298 2224 433 2293 γῆς,
465 2222 578 2277 εἴτε
617 2221 686 2277 τὰ
718 2224 777 2276 ἐν
811 2225 925 2286 τοῖς
952 2225 1234 2294 οὐρανοῖς
1268 2241 1287 2274 ι
1324 2223 1382 2277 ἐν
1422 2221 1633 2286 τούτοις

62 2317 155 2388 γὰρ
174 2318 331 2370 πᾶσιν
346 2314 606 2387 ἐδοξάσθη
629 2318 657 2369 6
673 2316 801 2380 Υἱὸς
827 2314 919 2369 τοῦ
941 2314 1251 2389 ἀνθρώπου,
1270 2315 1366 2370 καὶ
1384 2314 1476 2369 τοῦ
1496 2313 1632 2368 Θεοῦ

60 2406 381 2473 δοξασθέντος
425 2408 485 2462 ἐν
527 2406 696 2479 αὐτῷ.
757 2408 911 2462 Ἐπεὶ
954 2408 1010 2461 δέ
1061 2409 1091 2461 6
1128 2407 1483 2479 δοξαζόμενος
1527 2406 1633 2460 ὑπό

60 2513 186 2561 τινος
202 2497 497 2563 δοξάζεται,
530 2497 787 2569 ζητήσεις
834 2498 893 2553 ἐν
923 2496 1002 2568 τῷ
1023 2515 1038 2530 ·
1081 2517 1101 2550 ι
1125 2497 1414 2571 Ἐδοξάσθη
1442 2499 1472 2550 6
1505 2497 1633 2562 Υίὸς

59 2587 141 2640 τού
165 2587 467 2660 ἀνθρώπου,
500 2607 522 2640 ι
547 2587 627 2653 τὸ,
651 2587 757 2641 ὑπὸ
778 2585 924 2652 τίνος
944 2603 962 2620 ·
990 2588 1190 2659 ὁμοίως
1217 2588 1276 2643 δὲ
1301 2588 1397 2642 καὶ
1428 2587 1488 2642 ἐν
1515 2588 1595 2660 τῷ
1613 2605 1629 2620 ο

66 2692 81 2721 ι
99 2670 154 2726 '0
168 2673 294 2738 Θεὸς
308 2675 569 2744 ἐδοξάσθη
583 2678 642 2731 ἐν
666 2676 832 2749 αὐτῷ.
860 2696 879 2730 ι
913 2678 1087 2750 ’Υπὲρ
1105 2678 1163 2732 δέ
1193 2679 1294 2751 τῆς
1316 2677 1425 2733 τῶν
1452 2678 1632 2751 ῥητῶν

60 2768 335 2839 σαφηνείας
358 2767 641 2842 ἐπιμελῶς
667 2769 992 2842 προσχῶμεν
1018 2769 1222 2842 πρώτῳ
1258 2770 1356 2841 μέν
1406 2770 1634 2842 λεγομέ-

60 2875 127 2928 νῳ
146 2859 249 2929 τῷ·
281 2878 299 2912 t
321 2860 439 2915 Νὖν
468 2860 736 2932 ἐδοξάσθη
777 2862 808 2914 6
837 2861 963 2926 Υἱὸς
993 2861 1088 2916 τοῦ
1114 2860 1423 2934 ἀνθρώπου,
1448 2881 1468 2915 ο
1505 2862 1629 2917 δευ-

58 2951 186 3022 τέρῳ
210 2951 263 3006 δὲ
290 2952 404 3025 τῷο
446 2971 466 3006 ι
490 2953 606 3007 Καὶ
633 2955 662 3007 6
693 2954 826 3019 Θεὸς
855 2953 1118 3025 ἐδοξάσθη
1165 2956 1223 3009 ἐν
1245 2953 1418 3026 αὐτῷ,
1447 2973 1468 3008 ι
1512 2955 1630 3028 τρί-

58 3056 127 3110 τῳ
148 3040 203 3094 δὲ
241 3042 467 3116 τοιούτῳ
495 3043 834 3116 συνημμένῳ
853 3061 868 3075 ο
927 3063 947 3096 ι
968 3044 1033 3097 Εί
1062 3046 1090 3098 6
1116 3044 1248 3109 Θεὸς
1282 3043 1541 3117 ἐδοξάσθη
1569 3047 1629 3101 ἐν

58 3131 211 3204 αὐτῷ,
240 3135 332 3189 καὶ
375 3139 405 3191 6
429 3135 570 3201 Θεὸς
614 3136 828 3204 δοξάσει
854 3135 968 3207 (27)
996 3136 1159 3190 αὐτὸν
1206 3138 1265 3191 ἐν
1293 3134 1461 3207 αὐτῷ,
1484 3156 1504 3190 ι
1541 3153 1632 3191 τε-

1735 1953 1875 2008 Deus
1907 1951 2145 2007 Verbum
2176 1953 2470 2015 exsistens.
2503 1963 2560 2008 et
2583 1952 2793 2008 homo?
2825 1952 3006 2009 Altera
3043 1966 3170 2009 vero
3202 1953 3316 2023 glo-

1735 2045 1965 2101 riﬁcatio
1995 2044 2147 2110 Jesu,
2189 2047 2354 2101 Deum
2386 2060 2485 2115 per
2535 2054 2767 2099 mortem
2814 2059 2970 2100 suam
3005 2044 3316 2116 gloriﬁcan-

1735 2135 1828 2198 tis,
1877 2144 2002 2190 tunc
2051 2135 2177 2200 fuit,
2208 2150 2333 2189 cum
2375 2150 2395 2185 ι
2455 2133 2791 2204 exspoliatos
2844 2135 3216 2206 principatus,
3249 2151 3314 2191 ac

1733 2233 2028 2295 potestates
2056 2225 2350 2281 ostentavit
2389 2223 2565 2294 palam
2595 2226 2937 2295 triumphans
2983 2228 3050 2280 de
3086 2226 3193 2281 illis
3218 2240 3318 2297 per

1733 2316 1938 2387 lignum
1971 2316 2053 2381 ⁵⁸,
2093 2333 2115 2368 ι
2150 2325 2208 2370 et
2254 2330 2377 2369 cum
2428 2332 2449 2366 ι
2499 2314 2806 2383 paciﬁcavit
2855 2330 2955 2385 per
2995 2317 3313 2387 sanguinem

1733 2407 1912 2462 crucis
1950 2406 2102 2475 eius,
2139 2407 2252 2462 sive
2301 2421 2423 2476 qua:
2459 2405 2515 2460 in
2566 2414 2710 2460 terra
2746 2413 2903 2469 sunt,
2947 2407 3061 2463 sive
3103 2423 3224 2477 quae
3261 2409 3354 2489 in.

1733 2497 1885 2553 caelis
1905 2498 1972 2551 ⁸⁸.
2012 2516 2032 2549 ι
2071 2497 2124 2552 lu
2172 2496 2260 2553 his
2282 2499 2427 2553 enim
2459 2497 2715 2552 omnibus
2748 2495 3082 2564 gloriﬁcatus
3107 2508 3192 2553 est
3220 2498 3314 2555 Fi-

1731 2587 1836 2644 lius
1855 2588 2112 2654 hominis,
2136 2589 2247 2642 Deo
2260 2588 2422 2643 etiam
2442 2586 2746 2658 gloriﬁcato
2769 2602 2864 2657 per
2883 2585 3314 2642 eum.Ca:terum

1731 2679 1986 2751 quoniam
2005 2682 2096 2753 qui
2118 2681 2475 2753 gloriﬁcatur,
2498 2681 2565 2734 ah
2591 2679 2771 2750 aliquo
2802 2678 3317 2756 gloriﬁcatur,quae-

1733 2787 1821 2827 res
1853 2774 1904 2827 in
1933 2773 2019 2827 his
2048 2772 2232 2829 verbis
2256 2788 2269 2824 :
2302 2791 2322 2823 ι
2344 2770 2694 2827 Gloriﬂcatus
2714 2771 2989 2827 estFilins
3014 2771 3309 2838 hominis,»

1730 2880 1760 2917 a
1787 2878 1894 2933 quo
1910 2864 2249 2936 gloriﬁcatus
2266 2863 2460 2920 fuerit:
2480 2863 2734 2919 similiter
2745 2863 2910 2920 etiam
2930 2863 2985 2918 in
3007 2863 3092 2919 his
3107 2862 3310 2920 facies:

1732 2954 1896 3028 447
1930 2976 1949 3009 ι
1984 2957 2126 3010 Deus
2154 2955 2488 3027 gloriﬁcatns
2514 2965 2604 3011 est
2634 2970 2735 3026 per
2776 2970 2924 3010 eum.
2953 2970 2973 3008 ι
3024 2954 3131 3011 Pro
3172 2970 3311 3026 quo-

1731 3064 1850 3103 rum
1899 3050 2189 3103 verborum
2227 3047 2613 3118 explanatione
2641 3048 2928 3120 diligenter
2956 3049 3315 3106 adhibeamus

1731 3139 1973 3192 animum
2010 3139 2078 3194 ad
2123 3140 2354 3209 primum
2389 3139 2616 3207 dictum,
2661 3141 2903 3197 scilicet:
2942 3160 2961 3194 ι
2991 3141 3145 3197 Nunc
3187 3142 3307 3213 glo-

55 3226 224 3300 τάρτῳ
246 3228 302 3281 δέ
324 3246 340 3262 ·
374 3250 393 3282 ι
419 3230 539 3284 Καὶ
571 3228 732 3295 εὐθὺς
759 3230 974 3296 δοξάσει
997 3229 1180 3284 αὐτόν.
1203 3248 1223 3281 ι
1268 3229 1395 3284 Ἐάν
1423 3229 1498 3302 μὴ

1843 3239 1988 3286 :atus
2011 3240 2098 3286 est
2137 3230 2311 3289 Filius
2345 3230 2645 3297 hominisp
2701 3231 2834 3287 item
2869 3233 2936 3289 ad
2973 3235 3309 3290 secundum:

53 3316 199 3373 τοῦτο
219 3320 404 3397 φάσκῃ
435 3339 528 3388 τις
556 3322 848 3377 ἀναλαϐεῖν
876 3324 957 3388 είς
990 3322 1310 3395 συμπλοκὴν
1334 3323 1433 3396 τὴν
1462 3325 1519 3378 ἐν
1554 3324 1635 3396 τῷ

56 3405 258 3477 λήγοντι
282 3411 381 3467 τοῦ
409 3414 789 3485 συνημμένου,
819 3415 907 3469 ἵνα
938 3414 1174 3487 ἄρχηται
1204 3414 1304 3486 μὲν
1332 3415 1393 3468 τὸ
1428 3432 1637 3487 συνημ-

54 3499 203 3570 μένον
232 3503 344 3557 ἁπὸ
371 3504 501 3559 τοῦ·
544 3526 563 3558 ι
585 3507 644 3560 '0
676 3506 809 3572 Θεὸς
851 3507 1106 3579 ἐδοξάσθη
1138 3510 1196 3562 ἐν
1240 3507 1410 3579 αὐτῷ,
1436 3528 1456 3562 ›
1492 3508 1635 3582 λήγῃ

52 3590 101 3642 δὲ
125 3593 201 3656 εἰς
231 3594 322 3649 τό·
362 3616 391 3646 «ι
412 3597 532 3650 Καὶ
580 3600 611 3652 6
635 3598 766 3663 Θεὸς
794 3599 1006 3667 δοξάσει
1034 3599 1199 3653 αὐτὸν
1243 3602 1303 3654 ἐν
1326 3599 1495 3671 αύτῷ,
1536 3603 1634 3656 καὶ

51 3683 198 3747 εὐθὺς
223 3685 439 3753 δοξάσει
467 3690 656 3743 αὐτόν.
680 3711 700 3743 ι
746 3692 1088 3760 ’Δναγκαίως
1109 3692 1167 3745 δέ
1196 3693 1526 3765 προσχῶμεν
1556 3694 1635 3765 τῷ

47 3775 136 3845 τῆς
155 3777 310 3850 δόξης
334 3780 589 3854 ὀνόματι,
624 3783 684 3836 ού
712 3784 963 3856 κειμένῳ
979 3784 1070 3837 ἐπὶ
1094 3782 1187 3865 τοῦ
1213 3784 1365 3856 παρά
1382 3803 1497 3838 τισι
1526 3786 1636 3841 τῶν

58 3865 313 3940 Ἐλλήνων
347 3873 527 3943 μέσου
575 3875 900 3946 πράγματος
928 3875 1063 3946 (28),
1090 3874 1227 3929 καθὸ
1262 3876 1535 3947 ὁρίζονται
1567 3872 1639 3930 εῖ-

50 3973 128 4011 ναι
151 3960 307 4029 δόξαν
336 3963 455 4036 (29)
488 3965 584 4020 τὸν
621 3967 732 4021 ἀπὸ
771 3965 880 4020 τῶν
910 3966 1122 4022 πολλῶν
1169 3966 1388 4022 ἔπαινον
1407 3985 1422 3999 ·
1452 3967 1632 4039 δῆλον,

51 4047 124 4103 θυι
163 4052 246 4105 ἐπ’
275 4054 442 4109 ἄλλου
478 4057 632 4129 παρὰ
659 4055 817 4111 τοῦτο
847 4059 1024 4112 κεῖται
1051 4057 1222 4129 ὄνομα
1258 4060 1323 4113 ἐκ
1349 4058 1440 4113 τοῦ
1470 4060 1529 4113 ἐν
1563 4061 1630 4131 τῇ

61 4140 242 4215 uada,»
263 4145 412 4201 οὕτω
436 4148 735 4220 εἰρημένου
753 4165 770 4177 ·
807 4169 824 4200 ι
848 4149 959 4203 Καὶ
979 4148 1136 4221 δόξης
1163 4150 1367 4222 Κυρίου
1389 4151 1630 4223 ἐπλήσθη

1744 3341 1763 3374 ι
1791 3323 1856 3378 Ει
1887 3323 2031 3379 Deus
2057 3323 2395 3395 gloriﬁcatus
2426 3333 2512 3379 est
2542 3340 2641 3394 per
2673 3338 2794 3378 eum
2820 3343 2871 3392 ;›
2905 3333 2960 3381 et
2986 3328 3053 3382 ad
3093 3326 3312 3381 tertium

1738 3414 1843 3469 hoc
1866 3413 2245 3482 conjunctum:
2275 3433 2293 3466 ι
2331 3414 2389 3469 Si
2416 3414 2558 3470 Deus
2575 3414 2912 3486 gloriﬁcatus
2934 3425 3016 3471 est
3040 3432 3138 3487 per
3162 3431 3310 3483 eurus,

1737 3514 1792 3559 et
1820 3505 1961 3560 Deus
1995 3505 2326 3575 gloriﬁcabit
2356 3522 2479 3561 eum
2514 3522 2614 3577 per
2643 3522 2768 3574 seu
2800 3511 3015 3563 demum
3052 3512 3118 3564 ad
3149 3526 3313 3580 quar-

1742 3605 1888 3650 tum:
1920 3615 1938 3647 ε
1970 3597 2039 3655 Ει
2067 3599 2328 3657 continuo
2354 3596 2685 3668 gloriﬁcahit
2717 3615 2841 3655 eum
2858 3601 2959 3655 ⁸⁷.»
3009 3601 3123 3656 Nisi
3172 3602 3314 3658 forte

1738 3697 1861 3765 quis
1887 3696 2035 3751 dicat
2067 3695 2169 3749 hoc
2191 3701 2439 3764 repetere
2469 3691 2743 3748 Christum
2769 3693 2836 3748 ad
2853 3694 3308 3761 conjunctionem.

1735 3803 1856 3857 quae
1887 3799 1970 3842 est
1997 3787 2052 3841 in
2098 3801 2166 3842 eo
2205 3791 2352 3856 quod
2394 3786 2601 3842 claudit
2644 3786 3016 3854 coniunctum,
3067 3796 3127 3840 ut
3175 3801 3312 3841 con-

1732 3878 1981 3948 junctum
2016 3879 2240 3948 incipiat
2263 3880 2333 3933 ab
2359 3879 2466 3933 illis
2498 3877 2719 3934 verbis:
2758 3897 2777 3929 ι
2814 3878 2879 3932 Et
2920 3878 3061 3933 Deus
3102 3878 3313 3947 gloriﬁ—

1737 3977 1889 4023 catus
1920 3977 2003 4023 est
2046 3983 2143 4038 per
2171 3983 2360 4036 eum,»
2415 3979 2471 4023 et
2499 3969 2709 4024 desinat
2752 3968 2807 4023 in
2857 3982 2956 4023 ea:
3007 3986 3026 4019 ι
3053 3968 3122 4021 Ει
3170 3968 3313 4022 Deus

1736 4061 2060 4131 gloriticabit
2077 4076 2199 4117 eum
2221 4077 2319 4132 per
2340 4077 2418 4126 se,
2435 4070 2490 4118 et
2509 4062 2766 4118 continuo
2789 4061 3109 4134 gloriﬁcabit
3130 4081 3273 4122 eum.
3288 4085 3309 4119 ι

1741 4152 1941 4208 Verum
1990 4153 2334 4209 attendamus
2388 4168 2615 4209 necesse
2665 4162 2750 4208 est
2793 4154 2984 4224 gloriae
3019 4156 3305 4224 vocabulo,

48 4233 80 4305 ’1)
113 4240 310 4311 σκηνή·
349 4243 450 4296 καὶ
483 4243 588 4296 οὐκ
617 4242 845 4316 ἐδυνήθη
875 4242 1121 4313 Μωῦσῆς
1150 4243 1411 4298 είσελθεϊν
1435 4245 1514 4310 είς

1842 4245 1883 4299 >d
1906 4244 2045 4314 apud
2079 4243 2363 4299 nonnullos
2397 4244 2626 4314 gentiles
2650 4245 2717 4300 de
2758 4258 2818 4300 re
2853 4246 3032 4301 media
3072 4247 3308 4317 ponitur,

52 4326 246 4400 σκηνὴν
292 4331 391 4384 τοῦ
424 4333 752 4405 μαρτυρίου,
799 4333 880 4387 ὅτι
910 4332 1232 4397 ἐπεσκίαζεν
1278 4332 1366 4385 ἐπ’
1399 4333 1569 4407 αὐτὴν
1601 4335 1634 4405 ή

51 4420 266 4493 νεφέληο
296 4423 396 4476 καὶ
444 4423 610 4496 δόξης
641 4424 850 4497 Κυρίου
896 4422 1143 4494 ἐπλήσθη
1181 4423 1217 4494 ἡ
1249 4425 1443 4496 σκηνή.
1468 4444 1485 4475 ι
1521 4426 1632 4480 Καὶ

1678 4320 1686 4334 ’
1737 4345 1805 4385 ex
1835 4344 1940 4399 quo
1963 4329 2250 4397 deﬁniunt,
2285 4331 2513 4401 gloriam
2541 4346 2665 4387 esse
2691 4331 2902 4388 laudem
2924 4348 2954 4387 a
2981 4334 3163 4391 multis
3186 4350 3312 4406 pro-

1741 4422 2094 4477 ﬁciscentem.
2122 4421 2476 4493 Perspicuum
2503 4437 2632 4478 vero
2657 4431 2740 4478 est
2764 4422 2870 4478 alia
2897 4424 2965 4480 de
2991 4440 3049 4480 re
3081 4426 3186 4483 hoc
3211 4440 3312 4482 no.

48 4507 102 4562 ἐν
143 4514 207 4584 τῇ
233 4514 398 4590 τρίτῃ
435 4514 555 4570 τῶν
600 4515 892 4570 Βασιλειῶν
940 4515 1101 4569 τοῦτο
1147 4516 1514 4587 ἀναγεγραμμ

1844 4531 1861 4569 ι
1911 4515 2075 4569 etiam
2126 4517 2276 4585 poni,
2326 4530 2395 4569 ex
2430 4530 2494 4571 eo
2540 4516 2682 4584 quod
2733 4516 2878 4572 hunc
2908 4517 2962 4571 in
2995 4519 3213 4573 modum
3252 4519 3310 4575 in

151 4627 195 4661 ⁸¹
219 4627 423 4701 Philip.
459 4649 525 4692 rt.
578 4632 640 4704 8,
664 4631 721 4686 9.
797 4632 842 4666 ⁶¹
864 4632 1021 4690 Joan.
1049 4648 1098 4701 ι,
1125 4633 1178 4688 2.
1254 4632 1339 4689 ⁶³Ι
1371 4635 1499 4690 Cor.
1523 4650 1599 4699 vt,

1840 4651 1844 4662 ’
1868 4632 2061 4704 Philip.
2087 4648 2152 4698 ιι,
2178 4633 2229 4688 6.
2320 4632 2369 4665 ⁸⁸
2395 4631 2575 4690 Colos.
2607 4649 2668 4698 ιι,
2695 4633 2785 4688 l5.
2858 4632 2906 4666 ”
2930 4632 3107 4695 Colos.
3142 4650 3186 4702 1,
3214 4637 3306 4693 20.

54 4694 94 4726 ⁸⁷
119 4696 275 4755 Joan.
304 4694 432 4770 nit,
459 4703 558 4770 3i,
581 4703 670 4758 32.

119 4794 225 4874 (24)
252 4798 436 4874 godex
481 4800 710 4874 Regius,
734 4801 763 4855 6
787 4802 897 4874 γὰρ
929 4801 1102 4872 Λόγος
1125 4804 1182 4855 ἐν
1211 4800 1354 4873 ἀρχῇ
1387 4802 1525 4874 πρὸς
1546 4802 1585 4855 τί

1840 4811 1885 4874 e,
1920 4796 2290 4865 prudentiam,
2318 4796 2609 4874 justitiam,
2637 4795 3007 4874 fortitudinem
3027 4841 3044 4874 _,
3068 4871 3078 4874 _
3101 4797 3306 4865 tempe.

54 4864 227 4942 05616
254 4868 392 4942 Θεὸς
412 4864 617 4942 Λόγοξ.

247 4941 393 5016 idem
423 4935 614 5016 codex
661 4942 965 5016 Regius.7el
993 4943 1109 5009 καί,
1151 4953 1261 5016 etc.

132 5001 300 5082 2§)-ln
327 5013 534 5068 eodem
568 5001 949 5082 codicevllegio
985 5001 1136 5069 deest
1161 5014 1274 5069 καί.
1352 5001 1368 5016 ”

111 5004 300 5217 ἓὲϐμιι
327 5013 534 5068 eodem
568 5004 949 5082 codicevllegio
985 5004 1102 5069 deet

131 5079 217 5148 27)
251 5081 440 5137 Codex
472 5082 678 5154 Regius
703 5084 863 5139 habet
886 5083 1102 5158 δοξάσῃ.

134 5147 223 5217 28)
261 5152 399 5207 Ἐπί
426 5153 546 5208 τοῦ
598 5153 758 5217 παρά
800 5168 923 5208 τισι
942 5155 1061 5209 τῶν

1745 4870 2002 4939 rantiarn,
2034 4874 2309 4939 etcaztera
2341 4868 2602 4939 idgenus
2648 4884 2663 4939 ι
2701 4868 2838 4920 mula
2874 4884 3002 4923 vero
3027 4869 3114 4924 his
3142 4887 3308 4939 oppo-

1742 4942 1849 4995 sita
1880 4936 2030 4998 vitia,
2092 4936 2533 5005 imprudentiam,
2592 4937 2931 5007 iniustitiam,
2968 4949 3020 4993 et
3069 4936 3308 4996 caetera:

1744 5020 1937 5064 neutra
1960 5022 2109 5069 vero,
2142 5021 2261 5075 qua}
2287 5022 2462 5074 neque
2486 5017 2735 5075 prosunt,
2766 5025 2943 5076 neque
2990 5012 3214 5076 obsunt,
3251 5022 3310 5065 ut

1741 5079 1974 5141 estvita,
2011 5077 2239 5150 sanitas,
2271 5078 2633 5150 pulchritudo,
2666 5078 2935 5147 voluptas,
2955 5080 3122 5146 vires,
3154 5096 3308 5150 opes,

134 5143 223 5224 εδ)
261 5152 399 5207 Ἐπί
426 5153 546 5208 τοῦ
562 5143 758 5224 νπαρά
800 5168 923 5208 τισι
942 5143 1083 5209 τῶνδ’
1108 5154 1411 5222 Ἑλλήνων
1439 5152 1600 5224 μέσοι

1839 5150 1938 5212 ria,
1975 5148 2229 5204 nobilitas
2251 5143 2286 5213 ;’
2306 5156 2361 5202 et
2398 5162 2520 5218 qua:
2556 5149 2636 5204 eis
2663 5143 2913 5219 opposita
2948 5143 3150 5216 sunt,a
3190 5143 3305 5207 'etc.

49 5218 405 5306 ξράτξξιατος.
430 5218 878 5306 lLerant'Stoicj.
911 5225 1087 5306 [:ocus
1118 5235 1200 5280 est
1231 5218 1460 5306 insignis
1481 5225 1621 5306 apud

51 5287 315 5346 Lael-tium
355 5287 421 5347 'in
466 5293 695 5350 Zenone
727 5294 892 5349 :To'w
917 5294 973 5348 δέ
999 5294 1168 5349 ὄντων
1223 5287 1368 5365 φασῗ
1402 5293 1473 5347 τὰ
1517 5287 1626 5365 ’μὲν

51 5359 215 5451 {mea
228 5351 502 5451 flvat,.'ra
528 5363 591 5451 δὲ
623 5365 770 5451 κακά
789 5382 803 5396 ·
830 5364 902 5418 τὰ
919 5364 1275 5451 δὲᾳολύδέτερα.
1295 5363 1504 5451 ’Λγαρὰ
1528 5365 1631 5451 μὲν

47 5434 153 5491 οὑν,
183 5434 285 5519 τάς
294 5452 359 5488 τε
386 5435 629 5521 ἁρετὶὰς,
660 5435 938 5559 φρόνησιν,
963 5434 1324 5507 δικαιοσύνην,
1359 5434 1629 5507 ἀνδρείαν,

52 5514 422 5577 (ξωφροσυνην,
452 5504 656 5577 araora
726 5506 890 5577 oma-
915 5575 923 5577 Α
950 5506 1097 5559 κακὰ
1149 5507 1224 5568 δέ,
1274 5505 1345 5559 τὰ
1394 5505 1629 5577 ἐναντία.

759 5506 890 5560 ιπά·
950 5506 1097 5559 κακὰ
1149 5507 1224 5568 δέ,
1263 5505 1345 5559 ’τὰ
1394 5505 1633 5564 ἐναντία,

1734 5223 1995 5277 Ιίυετιυε.

1804 5291 1919 5360 (29)
1950 5285 2106 5342 Καθύ
2121 5284 2415 5360 ῥρίζονται
2435 5283 2588 5360 εἶναι
2617 5288 2827 5355 δόξαν,
2858 5301 2964 5346 etc.
3024 5290 3238 5357 Cicero,
3268 5306 3307 5347 ll

1740 5357 1957 5415 Trtscul.
1995 5374 2013 5412 :
2049 5376 2069 5409 ι
2108 5357 2292 5412 Gloria
2317 5371 2402 5413 est
2433 5359 2602 5414 solida
2655 5362 2900 5427 quaedam
2950 5377 3059 5427 res,
3115 5370 3170 5414 et
3211 5378 3308 5416 ex-

1744 5445 1950 5502 pressa,
1979 5443 2042 5482 ea
2065 5439 2152 5502 est
2192 5429 2540 5502 consentiens
2597 5429 2712 5486 laus
2766 5431 3066 5502 bonorum,
3127 5432 3307 5488 incor-

1745 5498 1899 5570 rupta
1927 5514 2031 5552 vox
2065 5498 2577 5570 benejudicantium
2615 5503 2681 5554 de
2717 5501 3004 5556 excellenti
3047 5502 3303 5559 virtute.»

49 5568 370 5647 ἀφρόσύνην,
407 5568 671 5647 deum,
688 5578 789 5647 καὶ
815 5575 887 5630 τά
914 5575 1105 5647 λοιπάέ
1142 5576 1398 5647 οὐδέτερα
1429 5576 1506 5647 δὲ,

1842 5584 1975 5647 neca,
2005 5585 2090 5636 cp.
2126 5568 2259 5622 102:
2297 5586 2316 5619 ι
2353 5568 2594 5647 Gloriam
2636 5585 2851 5647 quoque
2914 5571 3307 5647 latius_f_usam

54 5642 179 5721 μῄῖε
211 5642 442 5721 ὠφελεῖν
480 5645 909 5721 μήγεβλάπτει·
942 5642 1056 5721 ρῖον
1085 5646 1222 5721 ζωὴι
1250 5642 1429 5721 ὑγεία»
1451 5644 1631 5721 ήᾷονὴτ

50 5709 251 5788 ξιάλλος,
270 5709 496 5788 ’ἰσχὺςξ
520 5709 775 5788 τέλοῧτος,
828 5709 1109 5786 εὐγένειαί
1142 5709 1236 5771 καὶ
1291 5709 1361 5770 τὰ
1416 5709 1629 5788 ’τούτοιξ

1743 5640 1984 5713 intelligo
2014 5653 2063 5713 _:7
2096 5653 2418 5713 consensum
2476 5641 2970 5713 enimumultnrnm
3023 5644 3213 5713 exigit.
3281 5660 3303 5696 ι

1737 5711 1869 5765 Item
1899 5709 1972 5763 z't
2003 5709 2185 5764 Gloria
2210 5711 2502 5765 multorum
2542 5710 2765 5778 judiciis
2809 5723 3048 5778 constat,
3087 5709 3309 5768 claritas

49 5782 282 5861 ἐναντία,
313 5780 937 5861 εἰίξ.νρΑΕοῐ-ιιιιιευιθιίι
978 5780 1099 5861 qua:
1140 5796 1287 5861 sunt,
1322 5787 1475 5861 aiunt
1525 5786 1631 5839 alia
1738 5783 2033 5861 bonorum.
2072 5780 2487 5861 {Quintuianus
2523 5797 2537 5834 :
2574 5784 3005 5861 t__tlousentiens
3042 5785 3160 5842 laus
3212 5785 3308 5841 bo-

51 5854 206 5915 bona.
242 5850 392 5912 mala
432 5857 572 5918 alia.
600 5855 704 5913 alia
735 5869 948 5916 neutra.
979 5850 1123 5916 Bona
1150 5850 1634 5919 .uuidt'ut'virtules
1743 5866 1958 5915 norum,
1987 5850 2157 5915 gloria
2191 5852 2510 5924 appellatur.
2549 5872 2567 5904 ›
2603 5852 2869 5911 ιΙυετιυδ.
