3712 6138
338 341 446 399 815
1795 343 1804 385 t

3503 329 3606 379 816

344 458 533 512 Exodo
561 455 765 510 dictum
798 454 965 510 sit":
1018 472 1038 506 ι
1073 453 1140 508 Ει
1177 453 1347 524 gloria
1394 452 1607 509 Domini
1647 453 1810 523 replet

2150 465 2204 503 ον
2240 448 2328 502 τὸν
2356 447 2553 520 τρόπον
2579 461 2593 477 ⁸
2635 464 2651 495 ι
2676 444 2787 499 Καί
2813 443 3049 512 ἐγένετο,
3088 441 3163 507 ὼς
3192 440 3417 512 ἐξῆλθον
3450 440 3510 493 οε
3542 442 3616 493 ἱε-

337 561 424 604 est
457 547 788 615 tentorium;
822 560 924 602 nec
954 546 1403 617 poteratMoyses
1431 545 1644 617 ingredi
1688 544 1747 600 in
1799 557 1803 594 1

2161 543 2227 596 ὲκ
2248 540 2342 595 τοῦ
2372 540 2551 610 ἁγίου,
2582 538 2677 591 καὶ
2704 540 2737 609 ἡ
2766 536 2963 607 νεφέλη
2989 534 3192 605 ἔπλησε
3212 534 3303 587 τὸν
3327 528 3485 587 οἷκον
3513 535 3617 585 Κυ-

341 640 539 694 torium
571 637 891 704 testimonii,
920 639 1068 709 quod
1105 638 1492 694 obumbrasset
1534 635 1666 692 illud
1701 637 1807 715 nuh

2152 675 2160 699 ,
2191 635 2284 688 καὶ
2315 633 2414 687 οὐκ
2456 632 2710 687 ἐδύναντο
2740 630 2789 684 oi
2838 630 3001 700 ἱερεῖς
3037 626 3231 697 στῆναι
3261 624 3618 695 λειτουργίαν

338 743 393 786 et
420 731 590 801 gloria
634 730 847 786 Domini
870 730 1091 801 plenum
1124 729 1228 786 fuit
1257 731 1604 786 tentorium.»
1649 729 1706 785 In
1752 738 1804 786 te

2160 724 2387 780 ἐνώπιον
2441 721 2542 797 τῆς
2570 724 2819 794 νεφέλης,
2866 724 2948 775 ὃτι
2996 720 3199 791 ἔπλησε
3242 719 3367 785 δόξα
3395 716 3618 786 Κυρίου

336 826 501 880 etiam
529 824 733 895 Regum
767 824 912 879 hunc
937 824 988 877 in
1018 823 1235 879 modum
1280 831 1362 878 est
1402 822 1762 892 scriptum“;
1797 844 1802 870 ε

2154 814 2303 874 ιῖκον.
2330 839 2349 871 ι
2381 820 2492 873 Καὶ
2522 819 2648 890 περὶ
2671 818 2769 888 τῆς
2798 815 3077 878 Μωῦσέως
3112 813 3267 882 δόξης
3300 813 3360 865 ἐν
3382 813 3461 882 τῇ
3502 810 3620 873 Ἑξ-

338 917 540 981 evcnit,
577 931 699 972 cum
736 916 1129 987 egrederentur
1169 914 1485 972 sacerdotes
1514 931 1546 970 e
1577 927 1804 971 sanctua

2156 913 2368 967 τοιαῦτα
2390 912 2638 966 λέλεκται
2657 929 2671 943 ·
2710 930 2728 963 ι
2751 911 2838 974 Ὠς
2864 910 2921 963 δὲ
2954 906 3240 961 κατέϐαινε
3269 903 3533 973 Μωῦσῆς
3558 903 3622 955 ὲκ

345 1017 400 1062 ιιι
429 1010 600 1064 nubes
638 1006 877 1076 repleret
901 1007 1120 1063 domum
1149 1005 1386 1072 Domini,
1437 1016 1492 1062 et
1516 1021 1623 1062 non
1665 1017 1811 1078 potet

2157 1006 2320 1079 ὅρους,
2349 1007 2443 1060 καὶ
2472 1006 2528 1061 αί
2568 1004 2662 1059 δύο
2696 1003 2899 1065 πλάκες
2922 1001 3020 1072 τῆς
3063 997 3339 1074 Διαθήκης
3370 998 3483 1050 ἐπὶ
3513 995 3623 1048 τῶν

345 1083 653 1156 sacerdotes
675 1110 825 1154 stare
845 1112 1031 1155 coram
1056 1099 1198 1153 nube
1218 1097 1286 1153 ad
1311 1098 1749 1164 ministrantium,
1772 1114 1807 1170 q

2159 1099 2215 1152 ὒν
2235 1099 2441 1170 Μωῦσῆ
2459 1116 2472 1127 ·
2504 1095 2924 1158 καταϐαίνοντος
2942 1093 3000 1146 δὲ
3022 1091 3184 1146 αὐτοῦ
3208 1091 3272 1144 ὲκ
3305 1090 3401 1144 τοῦ
3427 1089 3625 1161 ὅρους,

344 1192 603 1263 replesset
631 1188 1050 1259 gloriavDomini
1101 1189 1376 1246 domum.»
1432 1189 1571 1256 Quin
1620 1196 1687 1246 de
1716 1190 1810 1262 M0;

2161 1192 2376 1263 νίωῦσῆς
2404 1191 2504 1244 οὐκ
2525 1190 2659 1261 ⁴ᾔδει,
2687 1189 2769 1242 ὅτι
2796 1186 3105 1252 δεδόξασται
3136 1187 3169 1257 ἡ
3198 1184 3318 1256 δψις
3350 1184 3459 1238 τοῦ
3488 1198 3627 1257 χρυ-

344 1269 511 1355 gloria
554 1282 753 1353 scripta
802 1282 966 1338 etiam
1014 1291 1144 1338 sunt
1195 1280 1322 1336 talia
1361 1281 1417 1337 in
1456 1282 1644 1338 Exodo
1667 1284 1749 1338 "°:
1791 1300 1810 1334 ι

2159 1282 2235 1336 τοῦ
2268 1281 2559 1354 προσώπου
2599 1279 2789 1344 αὐτοῦ,
2831 1280 2890 1333 ὲν
2922 1277 3001 1348 τῷ
3029 1277 3209 1331 λαλεῖν
3236 1277 3408 1330 αὐτὸν
3442 1273 3625 1345 αὐτῷ.

345 1386 522 1431 autem
552 1375 833 1431 descendit
858 1375 1075 1446 Moyses
1107 1374 1174 1430 de
1209 1383 1414 1439 monte,
1459 1377 1685 1444 duaeque
1720 1373 1811 1430 tab

2175 1369 2315 1428 εἶδεν
2356 1371 2588 1445 Ἀαρὼν,
2635 1372 2731 1426 καί
2780 1368 2983 1433 πάντες
3026 1371 3075 1422 οί
3115 1369 3221 1421 υἱοὶ
3265 1367 3503 1439 Ἰσραὴλ
3536 1365 3629 1419 τὸν

345 1466 654 1523 testamenti
701 1467 754 1521 in
807 1466 1060 1520 manibus
1109 1474 1265 1522 erant
1310 1464 1560 1537 Moysis:
1611 1481 1808 1535 cumqu

2164 1466 2279 1537 σῆν,
2317 1466 2413 1519 καὶ
2435 1461 2504 1538 ἦν
2530 1463 2895 1535 δεδοξασμένῃ
2935 1463 2969 1533 ἡ
3002 1461 3122 1530 ὖψις
3150 1460 3240 1514 τοῦ
3268 1459 3503 1532 χρωτὸς
3534 1456 3630 1510 τοῦ

344 1569 528 1615 monte
554 1558 907 1614 descenderet
934 1556 1166 1628 Moyses,
1198 1574 1303 1613 non
1355 1567 1510 1614 norat
1557 1556 1810 1627 glorilicat

2161 1557 2312 1612 ὠπου
2361 1556 2548 1622 αὐτοῦ,
2595 1558 2690 1610 καὶ
2737 1553 3080 1626 ἐφοϐήθησαν
3122 1553 3340 1622 ἐγγίσαι
3386 1549 3585 1621 αὐτῷ.
3611 1569 3627 1600 ι

345 1653 515 1707 fuisse
542 1661 819 1720 aspectum
848 1650 989 1722 cutis
1023 1649 1200 1706 vultus
1225 1651 1334 1716 sui,
1368 1650 1493 1706 dum
1522 1650 1664 1706 Deus
1688 1650 1789 1706 sibi

2165 1669 2189 1706 ο
2212 1652 2274 1707 τὸ
2300 1651 2430 1722 περὶ
2449 1649 2549 1721 τῆς
2577 1647 2737 1719 δόξης
2763 1646 3159 1719 σημαινόμενον
3187 1645 3279 1698 καὶ
3308 1646 3366 1697 ὲν
3396 1643 3492 1713 τῷ
3527 1659 3631 1695 κα-

344 1749 623 1810 qucretur.
660 1720 918 1808 Viditque
952 1739 1132 1795 Aaron
1161 1749 1215 1796 et
1246 1755 1437 1796 omnes
1470 1740 1565 1795 ﬁlii
1594 1738 1761 1795 Israel
1798 1740 1810 1796 l

2166 1741 2345 1795 .ouxc'iv
2378 1720 2701 1809 Εὐαγγελίῳ
2745 1736 2835 1791 διὰ
2875 1736 3080 1791 τούτων
3127 1734 3419 1807 δηλοῦται·
3473 1753 3494 1783 ι
3522 1731 3632 1785 Καὶ

344 1846 499 1904 ysen,
526 1842 580 1886 et
617 1840 739 1886 erat
768 1829 1105 1903 gloriﬁcatus
1135 1843 1391 1903 aspectus
1426 1833 1569 1889 cutis
1595 1833 1773 1888 vultus

2165 1852 2258 1897 ετο,
2283 1836 2342 1887 ὲν
2367 1832 2444 1904 τῷ
2476 1831 2870 1904 προσεύχεσθαι
2899 1830 3083 1893 αὐτὸν,
3115 1831 3149 1900 ἠ
3174 1827 3289 1881 ἰδέα
3312 1825 3417 1879 τοῦ
3456 1841 3631 1896 προσ-

344 1934 398 1978 et
448 1928 747 1978 timuerunt
793 1924 842 1978 ei
879 1923 1335 1994 appropinquare.
1371 1944 1390 1977 ι
1446 1924 1573 1980 Haec
1619 1925 1804 1996 gloria:

2163 1945 2172 1980 ι
2215 1924 2381 1981 αὐτοῦ
2434 1926 2627 1997 ἑτέρα·
2662 1924 2760 1977 καὶ
2806 1921 3071 1993 ἠλλοιώθη
3120 1922 3150 1974 ὁ
3193 1918 3511 1991 ἱματισμὸς
3540 1917 3629 1970 αὺ-

343 2018 619 2089 gniﬁcatio
647 2017 698 2071 in
734 2015 1025 2084 Evangelio
1047 2017 1210 2073 etiam
1238 2018 1397 2073 Lucae
1430 2017 1513 2073 his
1531 2019 1715 2074 verbis
1739 2019 1809 2075 de

2166 2022 2260 2077 καὶ
2290 2020 2507 2091 ἐγένετο
2543 2018 2734 2082 λευκὸς
2791 2015 3200 2087 ἐξαστράπτων.
3234 2012 3346 2066 Καὶ
3374 2011 3507 2065 ἰδοὺ
3536 2010 3632 2065 ﬁve

345 2115 498 2162 ratur
522 2107 599 2156 ἰτ
644 2128 663 2159 ι
699 2106 766 2161 Ει
793 2109 935 2162 facta
969 2120 1073 2173 est,
1106 2109 1231 2163 dum
1269 2118 1473 2176 oraret,
1502 2112 1712 2180 species
1743 2126 1808 2165 vu

2174 2115 2287 2179 δύο,
2322 2112 2640 2168 συνελάλουν
2663 2110 2831 2181 αὐτῷ,
2859 2111 3053 2173 οἵτινες
3074 2104 3215 2179 ἦσαν
3245 2105 3515 2174 Μωῦσῆς
3544 2104 3633 2156 καὶ

343 2202 460 2270 ejus
488 2200 634 2255 alia:
673 2209 727 2256 et
757 2201 986 2256 vestitus
1034 2200 1153 2270 ejus
1198 2202 1487 2270 candidus,
1520 2218 1585 2258 ac
1622 2202 1809 2275 refulgt

2167 2227 2218 2275 ις
2239 2227 2252 2240 ·
2288 2208 2337 2263 οἳ
2363 2206 2614 2277 ὀφθέντες
2648 2206 2706 2259 ὲν
2727 2201 2856 2275 δόξῃ
2880 2201 3062 2271 ἔλεγον
3090 2201 3190 2273 τὴν
3213 2198 3396 2266 ἔξοδον
3434 2195 3633 2257 αὐτοῦ,

344 2292 411 2346 Ει
436 2306 567 2347 ecce
591 2291 699 2346 duo
732 2291 832 2345 viri
861 2290 1224 2360 loquebantur
1248 2307 1370 2345 cum
1395 2306 1482 2356 eo,
1505 2293 1597 2362 qui
1622 2302 1778 2348 erant
1804 2293 1810 2346 1

2165 2302 2309 2357 ιελλε
2341 2298 2582 2371 πληροῦν
2610 2299 2666 2350 ὲν
2708 2294 3083 2368 Ἰερουσαλήμ.
3116 2313 3136 2344 ›
3183 2291 3295 2369 μίαν.
3335 2293 3365 2343 ὀ
3401 2288 3631 2373 Παῦλος

344 2398 468 2453 yses
500 2393 550 2437 et
579 2382 725 2436 Elias
753 2398 768 2435 :
803 2383 895 2450 qui
928 2383 1027 2436 visi
1060 2383 1112 2437 in
1147 2383 1434 2454 majestate
1480 2385 1778 2440 narrabant

2166 2412 2203 2448 α
2250 2393 2344 2446 ἐπὶ
2376 2391 2485 2444 τίσι
2516 2389 2579 2442 τὸ
2609 2387 2781 2459 ὄνομα
2829 2388 2925 2458 τῆς
2955 2386 3109 2455 δόξης
3145 2381 3600 2454 παραλαμϐᾁνει
3621 2398 3632 2412 ·

345 2493 558 2533 cessum
589 2477 729 2546 ejus,
760 2473 929 2548 448
954 2491 1115 2543 quem
1144 2475 1513 2545 completurus
1558 2486 1675 2532 erat
1706 2475 1811 2534 Jert

2190 2484 2287 2555 μὲν
2316 2482 2427 2554 γὰρ
2455 2482 2604 2551 λέγει
2624 2497 2639 2511 ”
2686 2500 2705 2532 ι
2733 2480 2794 2534 Ei
2817 2480 2874 2533 δὲ
2907 2481 2940 2550 ἡ
2976 2476 3219 2532 διακονία
3243 2476 3343 2528 τοῦ
3379 2476 3635 2530 θανάτου

344 2570 556 2642 Iymis.»
619 2570 748 2624 Vide
781 2585 910 2623 vero
941 2568 995 2622 in
1032 2567 1230 2637 quibus
1275 2568 1440 2623 etiam
1479 2568 1678 2625 Paulus
1724 2586 1810 2625 n0t

2168 2577 2446 2647 νάμμασιν,
2473 2571 2889 2643 ἐντετυπωμένη
2920 2569 3106 2633 λίθοις,
3130 2568 3364 2637 ἐγενήθη
3385 2569 3457 2619 ὲν

343 2664 525 2732 gloriae
553 2673 795 2718 assumat
820 2679 836 2728 ;
865 2661 1060 2716 alicubi
1085 2661 1226 2716 enim
1255 2661 1485 2716 dicit":
1524 2681 1543 2714 ι
1579 2662 1731 2730 Quod
1759 2663 1803 2718 si

2203 2668 2278 2740 μὴ
2299 2665 2556 2721 δύνασθαι
2592 2665 2834 2718 ἀτενίσαι
2854 2662 2980 2725 τοὺς
3010 2661 3158 2723 υίοὺς
3196 2658 3433 2730 Ἰσραὴλ
3462 2663 3553 2721 εἰς
3581 2658 3635 2710 τὸ

346 2757 676 2812 ministratio
707 2756 920 2818 mortis,
962 2754 1017 2808 in
1057 2753 1254 2808 litteris
1298 2753 1601 2808 deformata
1650 2755 1703 2808 in
1753 2770 1809 2810 sa

2170 2777 2314 2814 ωπον
2343 2758 2623 2822 Μωῦσέως
2654 2756 2743 2811 διὰ
2764 2754 2863 2827 τὴν
2892 2752 3050 2819 δόξαν
3076 2750 3170 2805 τοῦ
3200 2750 3526 2822 προσώπου
3550 2751 3636 2805 αύ-

342 2849 525 2905 fuitin
554 2849 750 2920 gloria,
785 2851 921 2902 adeo
954 2857 1010 2900 ut
1057 2861 1164 2901 non
1219 2854 1441 2915 possent
1493 2845 1775 2900 intendere

2173 2854 2247 2925 εὴν
2280 2849 2756 2925 καταργουμένην,
2792 2847 2909 2912 πῶς
2957 2846 3078 2919 οὐχὶ
3128 2844 3329 2917 μᾶλλον
3364 2846 3408 2916 ἠ
3448 2844 3639 2899 διακο-

344 2941 514 2996 lsrael
541 2941 593 2994 in
623 2939 814 2995 faciem
839 2938 1060 3010 Moysis,
1090 2946 1313 3008 pr0pter
1336 2936 1567 3007 gloriam
1587 2935 1810 3003 vultuse

2173 2946 2229 3001 οῦ
2258 2946 2572 3018 Πνεύματος
2601 2944 2753 2999 ἔσται
2774 2945 2831 2998 ὲν
2849 2942 3009 3015 δόξῃ;
3035 2942 3099 2996 Ei
3128 2939 3235 3012 γὰρ
3262 2941 3335 3014 τῇ
3362 2940 3639 3011 διακονία

342 3048 463 3104 qua:
495 3032 760 3095 aboletur,
794 3046 893 3085 cur
923 3046 1027 3086 non
1054 3030 1234 3099 potius
1257 3028 1656 3085 administratio
1683 3029 1808 3099 Spir

2245 3039 2533 3111 εακρίσεως
2584 3036 2733 3103 δόξα,
2781 3035 2959 3106 πολλῷ
2987 3034 3184 3106 μᾶλλον
3226 3029 3638 3105 περισσεύειὴ
3710 3080 3711 3111 ἦ

342 3124 450 3180 erit
504 3124 560 3178 in
615 3122 834 3194 gloria?
881 3120 1016 3175 Nam
1065 3120 1108 3176 si
1156 3120 1560 3176 administratio
1591 3124 1808 3179 condem

2174 3131 2263 3185 νία
2288 3131 2388 3201 τῆς
2417 3128 2764 3200 δικαιοσύνης
2789 3131 2846 3183 ὲν
2870 3127 2999 3200 δόξῃ
3018 3145 3030 3157 '
3062 3127 3281 3196 καὶγὰρ
3310 3126 3381 3179 ού
3414 3125 3638 3191 δεδόξα-

343 3217 508 3272 tionis
535 3216 702 3284 gloria
737 3223 843 3279 est,
871 3215 1040 3269 multo
1071 3213 1242 3284 magis
1272 3213 1493 3268 excellit
1516 3215 1809 3272 administri

2173 3224 2234 3277 τὸ
2269 3221 2653 3293 δεδοξασμένον
2700 3223 2757 3274 ὲν
2787 3219 2961 3291 τούτῳ
2988 3219 3064 3290 τῷ
3101 3218 3256 3290 μέρει
3286 3218 3505 3272 ἕνεκεν
3540 3217 3636 3286 τῆς

343 3308 569 3379 iustitiae
616 3308 669 3363 in
700 3307 911 3378 gloria:
946 3304 1386 3376 quandoquidem
1438 3321 1507 3361 ne
1556 3308 1809 3376 gloriﬁcal

2171 3312 2466 3384 ϐαλλούσης
2510 3312 2701 3384 δόξης*
2735 3313 2782 3365 εί
2814 3311 2923 3383 γὰρ
2959 3311 3019 3366 τὸ
3050 3308 3526 3379 καταργούμενον
3554 3309 3637 3361 διὰ

344 3403 563 3472 quidem
591 3411 695 3468 est,
727 3398 868 3470 quod
898 3398 1092 3454 claruit
1122 3398 1175 3451 in
1205 3396 1306 3451 hac
1329 3409 1504 3467 parte,
1530 3409 1753 3470 propter
1784 3416 1810 3456 e

2166 3423 2205 3470 ἲ,
2240 3404 2420 3476 πολλῷ
2453 3404 2652 3475 μᾶλλον
2683 3404 2744 3457 τὸ
2787 3405 2946 3474 μένον
2992 3404 3050 3455 ὲν
3079 3402 3206 3474 δόξῃ
3231 3418 3245 3431 ⁸
3280 3421 3299 3452 ι
3336 3401 3503 3454 ὅπου
3538 3401 3632 3456 δέ’

346 3503 562 3550 nentem
589 3493 818 3563 gloriam
848 3508 863 3545 :
907 3491 953 3547 si
987 3490 1133 3546 enim
1167 3492 1312 3560 quod
1348 3489 1620 3558 aboletur,
1663 3492 1718 3545 in
1746 3491 1812 3562 glt

2168 3501 2258 3563 ιεῖς
2303 3499 2358 3552 δὲ
2391 3498 2612 3561 πάντες,
2644 3495 3148 3568 ἀνακεκαλυμμένῳ
3193 3492 3508 3565 προσώπῳ
3538 3494 3634 3565 τὴν

346 3586 468 3653 fuit,
519 3584 693 3639 multo
738 3584 912 3655 magis
938 3583 990 3638 id
1014 3582 1160 3653 quod
1200 3592 1408 3648 manet,
1455 3582 1624 3638 estin
1668 3583 1812 3654 glori:

2169 3610 2175 3637 ι
2202 3591 2408 3662 Κυρίου
2434 3587 2938 3661 κατοπτριζόμενοι,
2967 3586 3066 3658 τὴν
3095 3585 3266 3657 αὐτὴν
3288 3585 3513 3639 εἰκόνα
3542 3602 3635 3655 με-

346 3678 487 3733 Alibi
516 3692 647 3733 vero
670 3677 755 3732 ":
790 3695 810 3728 ι
847 3680 918 3732 At
946 3692 1043 3733 nos
1070 3692 1262 3732 omnes
1290 3683 1492 3731 retecta
1520 3674 1659 3732 facie
1688 3677 1812 3748 glori

2168 3682 2446 3755 ρφούμεθα
2492 3682 2603 3736 ἀπὸ
2648 3678 2805 3752 δόξης
2854 3681 2935 3742 είς
2979 3677 3156 3745 δόξαν,
3209 3676 3491 3748 καθάπερ
3526 3677 3634 3730 ἀπὸ

344 3769 557 3825 Domini
584 3772 636 3823 in
669 3769 888 3840 speculo
915 3777 1385 3838 repraesentantes,
1414 3769 1481 3822 ad
1510 3767 1755 3822 eamdem
1786 3768 1810 3822 i;

2168 3793 2228 3828 ου
2260 3774 2577 3845 Πνεύματος
2597 3790 2611 3804 ο
2639 3791 2657 3824 r
2706 3773 2799 3826 καὶ
2830 3770 2991 3825 πάλιν
3025 3771 3143 3841 μετ’
3175 3768 3333 3837 ὀλίγα
3359 3785 3377 3798 ο
3432 3788 3455 3820 ι
3483 3770 3552 3823 Εἰ
3580 3769 3633 3822 δὲ

343 3862 524 3932 ginem
558 3860 1010 3916 transformamur
1041 3874 1070 3913 a
1103 3858 1274 3928 gloria
1303 3858 1355 3912 in
1386 3859 1637 3926 gloriam,
1661 3867 1809 3928 tauqt

2168 3884 2258 3920 στι
2281 3866 2694 3937 κεκαλυμμένον
2735 3865 2796 3918 τὸ
2832 3864 3161 3932 Εὐαγγέλιον
3191 3861 3379 3933 ἡμῶν,
3417 3864 3487 3916 ὲν
3518 3866 3634 3925 τοξ

345 3968 375 4008 a
402 3952 615 4008 Domini
634 3951 893 4020 Spiritu.)
916 3950 1258 4021 Rursumque
1281 3957 1403 4018 post
1419 3963 1594 4018 pauca
1615 3948 1695 4003 τις
1720 3967 1739 4001 ι
1764 3948 1810 4017 Q

2168 3959 2407 4031 λυμένοις
2450 3960 2568 4013 ἐστὶ
2600 3957 3010 4030 κεκαλυμμένον
3029 3973 3042 3987 ’
3078 3959 3137 4011 ἐν
3174 3952 3257 4021 οἷς
3287 3956 3317 4006 ὀ
3342 3955 3499 4021 Θεὸς
3533 3956 3634 4009 τοῦ

344 4049 388 4102 si
418 4047 596 4101 adhuc
622 4045 857 4100 velatum
888 4054 973 4098 est
1001 4042 1353 4113 Evangelium
1390 4050 1634 4097 nostrum
1666 4059 1684 4097 :
1725 4042 1780 4098 in

2164 4067 2212 4114 ος
2256 4049 2445 4104 τούτου
2495 4048 2773 4119 ἐτύφλωσε
2812 4048 2881 4103 τὰ
2905 4050 3153 4119 νοήματα
3196 4048 3308 4100 τῶν
3334 4047 3630 4106 ἀπίστων,

309 4197 325 4217 δ
345 4139 584 4192 velatum
615 4146 697 4193 est
728 4137 817 4206 qui
851 4145 1117 4205 pereunt:
1150 4135 1202 4189 in
1230 4134 1428 4205 quibus
1454 4134 1600 4189 Deus
1623 4132 1775 4203 hujus

2164 4140 2185 4194 ὀ
2219 4142 2295 4212 μὴ
2328 4141 2671 4211 καταυγάσαι
2716 4140 2805 4194 τὸν
2837 4139 3114 4210 φωτισμὸν
3141 4138 3236 4192 τοῦ
3268 4139 3630 4206 Εύαγγελξου

345 4232 453 4286 culi
490 4230 784 4287 excaecavit
813 4243 1006 4285 sensus
1032 4228 1459 4292 incredulorum,
1490 4241 1556 4283 ne
1584 4226 1811 4283 illucesm

2159 4231 2300 4303 ἰόξης
2340 4233 2435 4287 τοῦ
2480 4234 2740 4304 Χριστοῦ,
2785 4233 2844 4296 ὃς
2877 4235 3025 4286 ἐστιν
3048 4230 3210 4285 είκὼν
3247 4229 3344 4283 τοῦ
3382 4231 3537 4284 Θεοῦ
3560 4251 3578 4263 ·
3605 4254 3625 4285 ι

345 4324 454 4380 illis
497 4321 826 4378 illuminatio
854 4319 1134 4390 Evangelii
1177 4319 1360 4390 gloriae
1409 4318 1637 4385 Christi,
1691 4320 1782 4390 qui

2166 4326 2306 4380 πάλιν
2338 4326 2456 4397 μετ’
2482 4325 2638 4394 ὀλίγα
2656 4343 2669 4355 ο
2711 4344 2731 4377 ι
2764 4326 2885 4379 Ὅτι
2915 4327 2943 4379 ὀ
2970 4324 3103 4387 Θεὸς
3126 4325 3156 4376 ὀ
3182 4322 3354 4376 εἰπὼν
3391 4326 3464 4378 ἐκ
3494 4326 3632 4380 σκό-

347 4415 523 4485 imago
556 4412 681 4478 Dei;
711 4431 729 4464 ι
768 4420 824 4466 et
862 4410 1059 4465 iterum
1107 4419 1232 4479 post
1264 4423 1432 4480 pauca
1456 4409 1545 4463 πε
1596 4427 1615 4461 ι
1653 4408 1813 4478 Quoni

2170 4415 2289 4485 φῶς
2319 4414 2551 4487 λάμψαι,
2584 4415 2643 4479 ὃς
2676 4413 2914 4485 ἔλαμψεν
2937 4415 2996 4467 ὲν
3022 4415 3141 4475 ταῖς
3161 4413 3425 4485 καρδίαις
3455 4415 3631 4486 ημῶν

346 4506 512 4571 Deus,
561 4506 650 4576 qui
694 4503 912 4573 jussite
940 4503 1178 4558 tenebris
1208 4501 1379 4556 lucem
1411 4499 1747 4567 illucescere,
1802 4501 1812 4556 i

2193 4509 2472 4580 φωτισμὸν
2500 4508 2598 4579 τῆς
2625 4507 2878 4577 γνώσεως
2906 4507 3005 4577 τῆς
3031 4505 3190 4577 δόξης
3221 4505 3319 4559 τοῦ
3352 4506 3528 4571 Θεοῦ,
3566 4510 3632 4561 ἐν

344 4598 481 4654 luxit
509 4600 564 4653 in
596 4598 851 4653 cordibus
895 4596 1097 4652 nostris
1123 4597 1190 4650 ad
1233 4592 1690 4649 illuminationem
1731 4608 1810 4664 col

2162 4599 2300 4672 ’ώπῳ
2343 4597 2516 4673 Ἰησοῦ
2565 4597 2823 4671 Χριστοῦ.
2847 4619 2867 4652 ι
2939 4598 3210 4653 Ἕκαστον
3278 4597 3338 4651 δὲ
3403 4598 3628 4653 τούτων

349 4694 510 4749 tionis
537 4692 723 4762 gloriae
766 4691 885 4756 Dei,
928 4690 982 4744 in
1025 4686 1166 4743 facie
1203 4685 1332 4741 Iesu
1365 4677 1624 4741 Claristia
1678 4683 1815 4751 Quor

2158 4693 2262 4758 ϐὦς
2286 4694 2382 4748 νῦν
2426 4693 2788 4765 διηγήσασθαι
2819 4693 2920 4746 ούκ
2946 4692 3168 4745 ἀπαιτεῖ
3198 4693 3232 4762 ἡ
3261 4693 3624 4764 προκειμένη

347 4785 560 4855 singula
597 4783 843 4853 quamvis
879 4790 1133 4835 accurate
1167 4794 1312 4834 nunc
1355 4792 1616 4834 enarrare
1654 4792 1763 4832 non

2162 4783 2510 4855 εύαγγελικῆς
2546 4783 2747 4851 λέξεως
2770 4783 3021 4855 διήγησις
3038 4798 3052 4813 ο
3084 4781 3225 4852 πλὴν
3250 4781 3329 4846 ὡς
3362 4782 3456 4836 διὰ
3478 4783 3628 4855 βρα-

347 4876 509 4931 stulet
545 4872 818 4945 proposita
846 4872 1120 4925 enarratio
1165 4879 1343 4926 textus
1370 4870 1687 4940 evangelici,
1734 4878 1813 4923 tau

2157 4897 2160 4918 ι
2187 4876 2409 4930 τοιαῦτα
2456 4875 2671 4930 λεκτέον
2694 4892 2707 4906 ’
2759 4877 2921 4930 Ὅσον
2951 4875 3050 4946 μὲν
3082 4874 3224 4928 κατὰ
3261 4874 3325 4927 τὺ
3358 4891 3623 4946 σωματιο

346 4969 531 5038 paucis
558 4967 675 5020 hasc
705 4966 928 5021 dicenda
960 4972 1109 5018 sunt.
1140 4961 1412 5030 Quantum
1441 4964 1506 5017 ad
1551 4976 1769 5017 sensum

2152 4969 2387 5040 θειοτέρα
2408 4986 2492 5032 τις
2517 4969 2736 5038 γέγονεν
2767 4967 3056 5036 ἐπιφάνεια
3089 4967 3146 5019 ἐν
3182 4968 3250 5038 τῇ
3282 4969 3487 5039 σκηνῇ,
3515 4968 3618 5021 καὶ

347 5056 529 5114 utilem
556 5065 611 5111 et
637 5057 971 5125 corporalem
1002 5057 1214 5120 attinet,
1248 5054 1479 5109 divinior
1514 5054 1762 5123 quaedam
1797 5070 1813 5107 t

2155 5061 2201 5133 ᾦ
2225 5061 2338 5133 ναῷ
2369 5059 2781 5124 συντελεσθεῖσι,
2826 5059 2920 5112 καὶ
2942 5061 3001 5112 ὲν
3027 5057 3107 5129 τῷ
3131 5058 3420 5130 προσώπῳ
3446 5061 3621 5114 Maii—

347 5151 626 5207 nifestatio
656 5151 707 5204 in
739 5151 993 5217 tentorio,
1036 5160 1091 5204 et
1138 5149 1190 5203 in
1236 5147 1441 5217 templo
1471 5149 1742 5216 completo
1773 5146 1813 5201 fa

2154 5170 2159 5206 ς
2184 5154 2251 5223 τῇ
2295 5151 2416 5222 θείᾳ.
2444 5149 2602 5220 φύσει
2648 5149 3009 5221 ὁμιλήσαντος
3032 5167 3045 5179 ·
3094 5150 3217 5202 ὅσον
3244 5149 3308 5202 δὲ
3334 5150 3484 5204 κατὰ
3507 5150 3620 5220 τὴν

347 5245 474 5312 fuit,
497 5253 553 5301 et
577 5245 633 5302 in
658 5243 796 5299 facie
831 5242 1051 5314 Moysis,
1077 5243 1315 5312 quicum
1341 5242 1522 5296 divina
1554 5251 1746 5295 natura
1784 5255 1812 5294 c

2154 5244 2308 5314 ’ωγὴν
2334 5242 2404 5297 τὰ
2452 5244 2580 5314 περὶ
2608 5241 2742 5295 Θεοῦ
2790 5240 3033 5314 ἀκριϐῶς
3070 5242 3478 5312 γινωσκόμενα,
3510 5243 3620 5296 καὶ

347 5347 599 5391 versatus
624 5335 836 5400 fuerat,
868 5343 1130 5404 quantum
1164 5349 1294 5389 vero
1322 5333 1388 5388 ad
1413 5347 1715 5401 anagogen,
1743 5340 1799 5384 ct

2157 5333 2417 5404 πιτηδείῳ
2449 5332 2505 5386 δὲ
2528 5332 2830 5405 ὑπερϐολὴν
2856 5333 3225 5407 καθαρότητος
3263 5334 3337 5407 νῷ
3371 5335 3618 5408 θεωρούς

349 5426 540 5483 tiorem
562 5426 997 5497 intelligentiam,
1025 5440 1087 5481 ea
1110 5440 1230 5496 quae
1253 5427 1316 5481 de
1338 5427 1449 5481 Deo
1472 5433 1723 5479 accurate
1752 5438 1815 5494 ag

2149 5443 2181 5491 t,
2214 5424 2341 5490 δόξα
2365 5425 2432 5481 ἂν
2456 5422 2665 5497 λέγοιτο
2689 5423 2828 5482 εἶναι
2859 5426 2994 5481 Θεοῦ
3013 5428 3269 5497 ὀφθεῖσιν
3306 5430 3434 5483 ἐπεὶ
3452 5433 3481 5484 ὀ
3504 5448 3615 5484 κε-

418 5564 663 5637 ‘ﬂExod.
694 5581 793 5626 ιι..
816 5564 906 5637 52,
931 5566 1024 5637 55.
1097 5566 1140 5599 "
1164 5563 1391 5637 lll_Reg.
1431 5562 1673 5637 “11,19,
1704 5562 1790 5637 ll:

2147 5581 2331 5637 xxxiv,
2360 5567 2463 5636 29,
2491 5565 2578 5624 '50.
2654 5567 2697 5601 '“
2721 5567 2854 5624 Luc.
2883 5583 2960 5635 ix,
2982 5566 3076 5635 29,
3108 5582 3223 5637 seq.
3323 5568 3370 5599 ⁷³
3406 5568 3447 5623 li
3473 5567 3613 5625 Cor.

349 5646 431 5695 ιιι,
461 5634 515 5698 7;
547 5650 662 5704 seq.
738 5636 936 5692 "ibid.
971 5635 1058 5693 18.
1135 5635 1182 5667 ⁷⁸
1214 5634 1256 5689 ιι
1285 5632 1408 5689 cur.
1434 5649 1508 5700 tv,
1534 5635 1587 5699 5,
1611 5632 1669 5691 4.
1746 5634 1790 5664 ⁷⁵

423 5746 532 5819 ('50)
566 5746 788 5821 Vulgata
810 5750 1017 5821 Graeca,
1046 5751 1263 5823 στήκειν
1296 5750 1646 5819 λειτουργεῖν.
1672 5822 1675 5827 η
