3712 6138
121 295 205 340 81]

1094 283 1450 338 CUMMENT.
1490 283 1554 335 ΙΝ
1594 282 1786 336 JOAN.
1830 280 2067 336 TORIUS
2106 280 2319 335 XXXII.

3253 279 3357 334 8i8

120 395 469 468 καθαρμένος,
501 394 595 448 καὶ
626 393 975 465 ὑπεραναϐὰς
1023 393 1200 445 πάντα
1232 390 1390 444 ύλικὰ
1418 388 1563 453 νοῦς,

1895 400 2024 457 ιιυτ,
2048 405 2275 461 qumque
2295 388 2410 445 acie
2440 389 2636 444 mentis
2660 389 3033 459 dispiciuntur,
3068 401 3191 461 apte
3234 406 3361 462 pro-

120 487 392 562 ἀκριδώσῃ
413 486 511 557 τὴν
549 484 782 557 θεωρίαν
811 484 906 538 τοῦ
937 483 1093 549 Θεοῦ,
1128 484 1185 539 ἐν
1211 478 1292 547 οἷς
1321 483 1536 555 θεωρεῖ,
1566 479 1684 533 θεο-

119 583 370 635 ποιεῖταν
418 577 637 632 λεκτέον
681 577 927 631 τοιοῦτον
979 574 1116 631 εἶναι
1168 578 1228 631 τὸ
1279 576 1593 645 δεδοξάσθαι
1624 575 1684 630 τὸ

118 669 396 744 πρόσωπον
425 668 521 722 τοῦ
551 668 925 741 θεωρήσαντος
969 669 1061 721 τὸν
1097 668 1249 731 Θεὸν,
1277 669 1369 723 καὶ
1394 672 1688 744 ὁμιλήσαν-

116 782 199 829 τος
229 761 396 834 αὐτῷ,
426 762 518 816 καὶ
542 762 1018 835 συνδιατρίψαντος
1044 760 1265 835 τοιαύτῃ
1305 762 1424 836 θέᾳ,
1452 764 1528 830 ὡς
1558 767 1685 820 τοῦ-

119 873 170 910 r0
195 851 332 911 εἶναι
356 855 633 927 τροπικῶς
673 853 735 908 τὺ
779 853 1163 925 δεδοξασμένον
1203 854 1495 927 πρόσωπον
1521 858 1685 911 Munii-

116 947 268 1013 σέως,
309 946 718 1019 θεοποιηθέντος
757 945 907 1017 αὐτῷ
937 946 1032 1000 τοῦ
1078 945 1192 1000 νοῦ.
1239 948 1398 1001 Κατὰ
1442 947 1600 1002 τοῦτο
1628 949 1686 1003 δὲ

116 1039 204 1094 καὶ
234 1037 265 1091 6
313 1035 631 1098 ’Δπόστολος
655 1035 809 1105 ἔλεγε
840 1036 936 1090 τό·
966 1054 986 1088 t
1008 1036 1201 1107 Ἡμεῖς
1225 1036 1283 1089 δέ
1312 1037 1533 1103 πάντες,
1558 1040 1688 1093 ἀνα·
1716 1066 1719 1067 ν

113 1127 511 1199 κεκαλυμμένῳ
538 1123 817 1199 προσώπῳ
843 1125 941 1198 τὴν
972 1125 1130 1190 δόξαν
1161 1126 1367 1198 Κυρίου
1400 1144 1689 1202 κατοπτρι·

114 1218 343 1289 ζόμενοι,
377 1217 477 1290 τὴν
514 1216 685 1289 αὐτὴν
722 1216 909 1270 εἰκόνα
956 1217 1472 1289 μεταμορφούμεθα.
1500 1237 1519 1270 ι
1559 1219 1689 1273 Ὠσ-

114 1329 211 1384 περ
243 1309 300 1364 δέ
328 1312 361 1381 ἡ
411 1308 507 1363 τοῦ
550 1307 864 1380 νυκτερινοῦ
896 1309 1074 1379 φωτὸς
1125 1309 1446 1382 λαμπρότης
1477 1310 1690 1366 ἀνατεί-

114 1403 299 1466 λαντος
321 1401 415 1457 τοῦ
446 1402 598 1475 ἡλίου
632 1401 1002 1474 ἀμαυροῦται,
1033 1399 1176 1456 οὕτω
1204 1403 1239 1473 ὴ
1272 1400 1377 1455 ὑπὸ
1408 1400 1690 1466 Μωῦσὲως

111 1494 229 1561 δόξα
262 1494 370 1549 ὑπὸ
400 1494 500 1566 τῆς
526 1497 586 1549 ὲν
613 1493 835 1566 Χριστῷ
854 1511 869 1525 ·
903 1493 1188 1567 σύγκρισιν
1210 1493 1320 1567 γὰρ
1346 1494 1448 1548 οὐκ
1479 1488 1623 1566 εἶχεν
1654 1497 1690 1568 ἠ

113 1591 168 1644 ἐν
203 1585 424 1660 Χριστῷ
470 1586 713 1660 ὑπεροχὴ
749 1587 815 1658 ἢν
856 1584 1137 1656 γινώσκων
1171 1585 1285 1657 (51)
1333 1585 1424 1641 τὸν
1471 1585 1690 1659 Πατέρα

1784 491 1903 550 pter
1928 482 2308 537 excellentiam
2341 481 2595 551 puritatis
2638 482 2887 537 dicentur
2912 497 3034 538 esse
3058 484 3223 555 gloria
3264 484 3356 536 Dei

1784 581 2098 640 conspecta,
2135 570 2390 640 quoniam
2422 586 2574 626 tuens
2599 571 2969 636 muudilieata,
3000 582 3054 628 et
3085 588 3206 643 qua:
3239 587 3356 626 ma-

1787 661 1996 715 terialia
2026 673 2221 717 cuncta
2254 663 2670 727 transcenderit,
2704 674 2763 715 ut
2794 673 3046 718 accurate
3079 663 3356 718 intueatur

1785 753 2046 809 visionem
2074 753 2189 817 Dei,
2212 756 2279 809 oh
2298 771 2360 809 ea
2388 769 2509 823 quae
2528 754 2787 820 intuetur,
2817 754 3121 813 deiﬁcatur.
3159 755 3352 811 Dicen-

1786 847 1913 902 dum
1938 856 2024 902 est
2046 846 2209 901 etiam
2236 847 2497 917 ejusmodi
2529 859 2652 902 esse
2681 846 2969 918 gloriﬁcari
2998 848 3191 902 faciem
3238 847 3355 918 ejus

1785 938 1877 1009 qui
1916 938 2084 994 Deum
2116 939 2343 994 intuitus
2371 937 2554 1005 fuerit,
2580 947 2636 994 et
2665 954 2789 994 cum
2832 941 2950 1009 ipso
2981 948 3351 1005 conversatus,

1787 1030 1989 1102 quique
2035 1046 2159 1086 cum
2194 1030 2497 1100 huiusmodi
2527 1032 2738 1087 visione
2770 1032 3219 1088 consuetudinem
3250 1033 3354 1087 ha-

1788 1119 1988 1184 buerit,
2034 1130 2095 1175 ut
2135 1121 2341 1192 tropice
2388 1121 2686 1193 glorillcata
2739 1119 2904 1177 fuisse
2942 1122 3141 1193 Moysis
3186 1122 3355 1179 facies

1789 1213 2145 1284 intelligatur,
2173 1217 2297 1283 quia
2320 1230 2467 1269 meus
2487 1214 2633 1270 illius
2661 1214 2911 1270 deilicata
2934 1213 3114 1270 fuerit.
3136 1214 3194 1271 In
3219 1216 3358 1270 hanc

1788 1306 2112 1361 sententiam
2136 1306 2428 1375 Apostolus
2456 1320 2670 1375 quoque
2695 1307 2910 1362 tlicehat
2931 1307 3017 1362 ἠε
3058 1324 3078 1359 ι
3107 1305 3216 1362 Nos
3258 1322 3357 1362 au-

1790 1406 1897 1453 tem
1929 1413 2117 1454 omnes
2149 1408 2350 1453 retecta
2379 1398 2516 1453 facie
2547 1398 2775 1469 gloriam
2802 1399 3015 1454 Domini
3050 1398 3105 1455 in
3134 1400 3358 1469 speculo

1789 1499 2262 1563 repraesentantes,
2301 1490 2367 1545 ad
2394 1491 2638 1545 eamdem
2672 1490 2960 1562 imaginem
3004 1491 3360 1549 transforma-

1788 1600 1964 1639 mur»
2002 1582 2072 1639 Ut
2099 1592 2278 1640 autem
2315 1592 2593 1638 nocturnae
2620 1583 2755 1638 lucis
2795 1584 3051 1652 splendor
3081 1585 3360 1641 exoriente

112 1675 327 1744 ἐδόξασε
356 1677 486 1749 περὶ
514 1675 679 1731 αὑτοῦ
698 1677 834 1748 πρὸς
864 1677 933 1730 τὰ
979 1675 1085 1730 ὑπὸ
1110 1674 1390 1740 Μωῦσέως
1420 1677 1578 1743 γνωσῑ

1893 1694 1906 1733 ι
1939 1676 2257 1741 oﬂuscatur,
2288 1676 2367 1731 sic
2394 1675 2593 1747 Moysis
2617 1675 2804 1746 gloriae
2837 1678 3086 1731 tenebras
3129 1675 3359 1732 oﬂ'undit

111 1790 193 1836 τα,
226 1771 325 1825 καὶ
370 1769 668 1835 δοξάσαντα
701 1768 763 1822 τὸ
804 1769 1094 1841 πρόσωπον
1136 1768 1236 1838 τῆς
1265 1766 1446 1839 ψυχῆς
1490 1768 1577 1822 αύιι

1894 1770 1960 1823 ria
2010 1783 2133 1839 quae
2179 1779 2268 1825 est
2304 1769 2355 1823 in
2388 1767 2641 1823 Christo;
2671 1767 2839 1841 449
2871 1784 2989 1822 cum
3029 1768 3226 1833 alioqui
3267 1783 3360 1823 ex—

109 1865 185 1919 6t6
210 1863 630 1936 καταργουμένη
661 1861 876 1934 εἴρηται
915 1863 948 1932 ἡ
999 1861 1093 1914 ἐπὶ
1124 1860 1400 1925 Μωῦσέως
1427 1859 1553 1928 δόξα

1897 1860 2042 1915 entia
2078 1875 2201 1931 quae
2247 1869 2332 1914 est
2379 1859 2431 1913 in
2463 1859 2682 1914 Christo
2731 1859 3192 1927 comparationem
3250 1876 3359 1913 non

110 1959 205 2029 τῆς
233 1953 686 2028 ὑπερϐαλλούσης
714 1958 773 2009 ἐν
800 1954 1021 2027 Χριστῷ
1051 1953 1231 2025 δόξης.

1894 1963 2015 2019 »631,
2044 1968 2149 2021 qua
2176 1966 2477 2023 agnoscens
2505 1950 2726 2006 Patrem
2767 1950 3035 2016 Christus,
3071 1953 3227 2023 longe
3253 1967 3360 2006 nta-

111 2052 187 2120 gis
213 2050 549 2121 gloriﬁcatus
577 2050 676 2105 l'uit
705 2064 866 2119 quam
902 2049 1067 2104 fuerit
1095 2050 1306 2120 Moyses
1355 2062 1424 2104 ex
1478 2048 1564 2103 his
1598 2063 1718 2118 qum
1763 2062 1793 2102 a
1837 2063 1897 2104 se
1927 2050 2143 2118 cognita
2194 2048 2370 2112 fuere,
2415 2055 2471 2101 et
2523 2062 2644 2117 qua:
2681 2047 3122 2118 gloriﬁcaverunt
3170 2046 3359 2102 l'acie‘m

110 2147 302 2202 animm
331 2146 472 2214 ejus.
499 2146 706 2201 Idcirco
732 2145 902 2216 gloria
928 2146 980 2201 in
1018 2146 1200 2217 Moyse
1219 2145 1490 2201 exsistens
1525 2145 1668 2200 dicta
1691 2152 1776 2200 est
1805 2144 2014 2199 destrui
2046 2160 2075 2197 a
2102 2130 2524 2212 supereminenti
2551 2142 2720 2211 gloria
2753 2157 2873 2212 qua;
2910 2154 2992 2197 est
3023 2143 3077 2197 in
3119 2141 3360 2199 Christo.

177 2240 261 2295 18.
299 2239 518 2293 Τούτων
557 2238 621 2310 δὴ
653 2238 813 2310 ἡμῶν
873 2238 1017 2293 κατὰ
1060 2237 1290 2310 δύναμιν
1318 2240 1376 2293 ἐν
1408 2238 1643 2311 βραχέσι

1903 2236 1957 2292 8.
1988 2236 2186 2291 Verum
2218 2235 2496 2290 enimvero
2530 2249 2653 2289 cum
2688 2236 2803 2289 haec
2845 2248 2941 2302 pro
2990 2233 3129 2287 virili
3177 2234 3363 2302 paucis

110 2331 186 2394 εἰς
204 2329 241 2385 θ.
274 2328 644 2401 παρεθέμεθα,
672 2328 1442 2401 λελεγμένωνγὲπανέλθωμεν
1470 2330 1564 2383 ἐπὶ

1895 2328 2212 2385 teruerimus
2245 2327 2423 2382 dehis
2460 2342 2580 2393 quae
2632 2326 2684 2380 in
2734 2327 2967 2381 medium
3020 2325 3361 2394 protulimus,

115 2440 133 2472 ι
160 2419 270 2473 Νῦν
296 2419 556 2491 ἐδοξάσθη
583 2421 612 2472 6
639 2419 769 2485 Υἱὸς
791 2419 886 2474 τοῦ
913 2418 1222 2493 ἀνθρώπου,
1254 2421 1350 2473 καὶ
1370 2420 1399 2472 6
1425 2419 1581 2483 Oabgi

1898 2436 2081 2478 eamus
2125 2420 2194 2475 ad
2241 2420 2412 2475 illud:
2474 2437 2492 2471 ι
2528 2418 2681 2474 Nunc
2723 2418 3058 2490 gloriﬁcatus
3090 2427 3173 2473 est
3199 2417 3364 2473 Filius

111 2512 275 2585 ξάσθη
312 2515 371 2566 ἐν
402 2512 571 2584 αὐτῷ.
603 2532 623 2566 ι
672 2510 936 2568 Γινώσκει
982 2508 1076 2566 οῦν
1107 2512 1200 2567 τὸν
1235 2511 1456 2582 Πατέρα
1479 2512 1510 2564 6
1537 2510 1577 2564 Υ

1897 2515 2053 2581 ninis,
2071 2522 2127 2570 et
2146 2515 2286 2568 Deus
2303 2512 2636 2584 gloriﬁcatus
2661 2520 2743 2567 est
2765 2525 2862 2581 per
2883 2511 3056 2579 ipsum
3078 2509 3145 2562 τ’.
3160 2510 3363 2578 iAgno-

108 2605 253 2677 αὐτῷ
283 2604 365 2677 τῷ
386 2604 674 2675 γινώσκειν
716 2604 877 2659 αὐτὸν
902 2605 1015 2658 ὄντι
1069 2604 1310 2675 μεγίστῳ
1346 2601 1557 2673 ἀγαθῷ,

1897 2622 1953 2662 ns
1976 2606 2194 2661 Patrem
2226 2605 2396 2661 Filius
2425 2604 2762 2676 glorificatus
2778 2613 2859 2659 est
2880 2604 2994 2673 ipsa
3022 2601 3203 2656 Patris
3219 2601 3363 2671 agni-

108 2699 289 2753 ὁποῖον
318 2696 385 2752 ἃν
415 2698 445 2752 6
475 2698 567 2752 ἐπὶ
594 2697 806 2751 τελείαν
832 2696 1032 2766 γνῶσιν
1069 2694 1164 2760 ὢν,
1195 2696 1261 2766 ἢν
1292 2694 1549 2764 γινώσκει

1899 2713 1965 2763 ιε,
2001 2712 2121 2767 qua:
2148 2707 2233 2753 est
2269 2698 2567 2753 maximum
2609 2699 2833 2760 bonum,
2856 2704 2911 2749 et
2951 2694 3056 2749 tale
3102 2704 3160 2749 ut
3197 2694 3365 2749 Filius

110 2792 138 2843 6
172 2789 301 2854 Υἱὸς
324 2788 416 2843 τὸν
438 2788 680 2857 Πατέρα,
713 2786 969 2860 ἐδοξάσθη
990 2803 1005 2818 ·
1035 2781 1208 2857 οἶμαι,
1238 2786 1342 2848 ὅτι,
1373 2785 1467 2839 καὶ
1498 2787 1576 2839 ὲαι

1898 2789 2133 2845 riﬂcetur
2177 2790 2231 2844 in
2280 2788 2521 2859 perfecta
2562 2787 2871 2859 cognitione
2909 2786 3199 2851 exsistens,
3259 2800 3364 2856 qua

110 2878 412 2949 γινώσκων,
442 2879 601 2949 (ὅπερ
629 2879 724 2932 καὶ
751 2878 885 2932 αὐτὸ
908 2879 971 2931 οὐ
998 2877 1213 2949 μακράν
1243 2876 1432 2931 ἀποδεῖ
1464 2876 1571 2947 (55)

1903 2881 2041 2936 oscit
2070 2879 2308 2937 Patrem.
2341 2880 2595 2935 Arbitror
2618 2893 2748 2935 vero
2769 2880 2934 2935 etiam
2960 2879 3107 2950 quod
3130 2881 3365 2952 seipsum

114 2971 427 3045 προτέρου,)
456 2969 717 3042 ἐδοξάσθη
770 2973 837 3025 ἐκ
866 2969 962 3024 τοῦ
993 2969 1156 3024 αὑτὸν
1182 2968 1497 3038 ἐγνωκέναι.
1547 2968 1580 3020 Ε

1901 2986 2098 3027 oscens
2131 2970 2275 3043 (qua:
2309 2972 2424 3041 ipsa
2450 2987 2536 3027 res
2566 2987 2671 3026 non
2694 2972 2880 3043 procul
2914 2987 2943 3025 a
2967 2972 3135 3043 priori
3168 2973 3364 3043 abest),

113 3061 204 3112 καὶ
229 3061 360 3132 περὶ
410 3059 519 3113 τῶν
550 3058 687 3113 ὅλων
718 3059 920 3129 γνῶσις
943 3059 1057 3130 (54)
1104 3058 1415 3132 συμπληροῖ
1441 3057 1504 3111 τὸ
1533 3057 1694 3129 μέγε-

111 3148 200 3215 θος
220 3151 325 3222 τῆς
355 3151 517 3223 δόξης
549 3151 737 3219 αὐτοῦ,
766 3153 869 3206 ὃσα
914 3152 1032 3205 ἐστὶ
1067 3150 1285 3223 κρυπτὰ
1336 3150 1430 3205 καὶ
1478 3151 1691 3222 ἐμφανῆ

109 3244 490 3312 γινώσκοντος,
524 3244 812 3317 ζητήσειςο
864 3245 961 3298 καὶ
1005 3246 1213 3316 μήποτε
1243 3245 1354 3316 (55)
1396 3243 1553 3298 τοῦτό
1579 3246 1694 3298 ἐστι

109 3338 169 3388 τὸ
197 3331 342 3392 εἶναι
370 3337 686 3407 αύτοσοφία,
729 3336 763 3409 ἢ
798 3336 876 3408 τῷ
898 3336 1176 3408 λεγομένῳ
1206 3335 1441 3407 αὐτουιῷ
1477 3336 1572 3390 τοῦ
1601 3337 1695 3390 άν-

110 3427 332 3497 θρώπου
362 3429 425 3482 τὸ
443 3429 758 3497 δεδοξάσθαι
782 3431 847 3483 ἐκ
866 3429 961 3483 τοῦ
982 3428 1223 3501 ἡνῶσθαι
1245 3432 1312 3501 τῇ
1344 3430 1525 3502 σοφίᾳ.
1553 3429 1694 3483 Ταύ-

110 3518 207 3589 τὴν
232 3520 291 3574 δέ
318 3523 499 3576 πᾶσαν
526 3523 624 3594 τὴν
652 3522 830 3589 δόξαν,
870 3523 936 3594 ἢν
968 3521 1226 3594 ἐδοξάσθη
1258 3525 1286 3576 6
1319 3523 1447 3586 Υἱὸς
1477 3522 1572 3577 τοῦ
1602 3523 1695 3576 άν-

110 3610 355 3683 θρώπου,
391 3613 773 3686 δωρησαμένου
800 3613 893 3667 τοῦ
927 3614 1140 3687 Πατρὸς
1170 3612 1448 3686 ἐδοξάσθη.
1477 3612 1694 3668 Πολλῶν

107 3704 164 3759 δὲ
195 3705 373 3759 ὄντων
415 3705 524 3760 τῶν
556 3704 1019 3777 συμπληρούντων
1064 3705 1162 3777 τὴν
1201 3705 1359 3772 δόξαν
1385 3707 1568 3759 πᾶσαν
1599 3705 1692 3759 τοῦ

108 3796 422 3870 ἀνθρώπου,
452 3797 513 3851 τὸ
560 3799 679 3852 κατ’
723 3796 914 3868 ἐξοχὴν
967 3796 1172 3851 τούτων
1218 3798 1473 3852 ἁπάντων
1502 3798 1532 3849 6
1563 3797 1695 3861 Θεός

106 3889 275 3948 ἐστιν.
305 3890 389 3953 ὃς,
437 3889 513 3960 τῷ
540 3888 897 3958 γινώσκεσθαι
933 3891 1040 3944 άπὸ
1069 3890 1163 3944 τοῦ
1194 3890 1349 3955 Υίοῦ,
1380 3892 1480 3962 οὐχ
1509 3890 1695 3954 ἁπλῶς

108 3981 223 4035 ἐστι
254 3981 638 4052 δοξαζόμενος,
686 3982 800 4035 ἀλλ’
830 3985 889 4038 ἐν
920 3982 1035 4054 Υίῷ
1061 3981 1412 4054 δοξαζόμενος
1434 3999 1448 4012 ·
1500 3982 1624 4036 καθ’
1666 3981 1695 4034 6

108 4074 200 4127 καὶ
226 4075 506 4147 τολμηρὸν
542 4077 662 4146 μὲν,
708 4075 801 4130 καὶ
851 4075 1033 4147 μεῖζον
1065 4074 1097 4146 ἥ
1132 4074 1254 4128 καθ’
1295 4076 1443 4145 ἡμᾶς
1488 4074 1695 4128 ἔστιτὸ

108 4163 186 4225 είς
235 4161 486 4229 ἐξέτασιν
534 4164 762 4229 ἑαυτοὺς
808 4163 1085 4218 ἐπιδοῦναι
1129 4163 1449 4236 τηλικούτου
1497 4163 1690 4232 λόγουο

1791 3061 2123 3133 gloriﬁcatus
2150 3063 2240 3130 sit,
2265 3078 2329 3118 eo
2357 3064 2499 3134 quod
2531 3066 2765 3132 seipsum
2790 3064 3095 3135 agnoverit.
3131 3066 3212 3119 Au
3234 3079 3366 3120 vero

1792 3155 1956 3211 etiam
2000 3156 2376 3210 universorum
2431 3157 2669 3227 cognitio
2718 3158 3141 3227 magnitudinem
3183 3157 3367 3229 gloria:

1795 3246 1962 3314 ipsius
1990 3246 2278 3315 compleat,
2302 3261 2421 3316 qum
2450 3256 2577 3301 sunt
2616 3249 2853 3313 occulta,
2904 3264 3134 3320 quaeque
3177 3258 3366 3320 aperta

1792 3341 2194 3406 ceguoscentis,
2231 3354 2464 3408 qmeres,
2493 3350 2547 3395 et
2569 3339 2692 3394 vide
2715 3354 2781 3394 ne
2809 3338 2953 3394 forte
2998 3340 3138 3395 hanc
3165 3340 3368 3412 gloriﬁ-

1793 3429 2059 3483 catiouem
2087 3428 2258 3484 Filius
2284 3430 2518 3484 hominis
2544 3429 2764 3496 habeat,
2790 3430 2916 3500 quia
2950 3431 3135 3486 unitus
3166 3433 3237 3486 sit
3265 3430 3369 3487 Sa-

1794 3520 2014 3587 pientia
2041 3536 2164 3575 cum
2212 3523 2325 3589 ipse
2365 3521 2439 3576 sit
2483 3521 2782 3592 αύτοσοφία
2812 3522 2916 3589 vel,
2964 3533 3025 3577 ut
3056 3531 3247 3578 vocant
3272 3524 3367 3577 αὐ-

1793 3612 1974 3676 τουιὸς
2012 3611 2140 3685 [hoc
2189 3624 2272 3669 est
2329 3613 2605 3684 Sapientia
2642 3616 2777 3686 ipsa,
2835 3617 2917 3672 vel
2978 3614 3150 3671 Filius
3200 3614 3366 3687 ipse.]

1795 3707 1909 3762 Hac
1935 3717 2116 3763 autem
2146 3710 2293 3763 omni
2321 3709 2520 3779 gloria,
2572 3726 2680 3782 qua
2715 3711 3053 3783 gloriﬁcatus
3080 3719 3164 3766 est
3195 3709 3368 3765 Filius

1797 3800 2035 3853 hominis
2065 3838 2081 3865 ,
2131 3815 2160 3853 a
2198 3800 2377 3868 Patre,
2409 3804 2500 3871 qui
2527 3802 2631 3857 hoc
2655 3802 2729 3856 illi
2761 3803 3004 3867 donavit,
3037 3802 3370 3874 gloriﬁcatus

1796 3890 1916 3944 fuit.
1949 3888 2225 3962 Multaque
2268 3906 2392 3948 cum
2442 3892 2552 3948 sint
2594 3894 2823 3963 gloriam
2866 3910 3080 3950 omnem
3130 3892 3369 3949 hominis

1793 3997 1914 4053 quae
1945 3984 2276 4056 compleant,
2330 3986 2415 4041 his
2449 3987 2704 4043 omnibus
2753 3998 3017 4057 praestans
3064 3996 3150 4044 est
3203 3987 3367 4055 Deus,

1795 4085 1886 4153 qui
1919 4098 2026 4138 non
2057 4084 2376 4155 simpliciter
2399 4101 2428 4141 a
2452 4086 2612 4156 Filio,
2638 4089 2763 4143 dum
2793 4090 3165 4160 cognoscitur,
3203 4088 3371 4160 glori-

1796 4173 2029 4241 ﬁcatur;
2063 4174 2158 4229 sed
2202 4190 2297 4244 per
2342 4173 2540 4231 Filium
2588 4177 2945 4250 gloriﬁcatur.
2990 4177 3152 4235 Juxta
3201 4179 3367 4249 quod,

107 4255 256 4325 ὅμως
287 4256 351 4309 δὲ
379 4255 676 4327 τολμητέον
709 4255 1031 4311 ὑποϐάλλειν
1059 4257 1121 4309 τὸ
1152 4256 1210 4310 ἐν
1251 4255 1330 4328 τῷ
1357 4257 1506 4327 τόπῳ
1536 4255 1573 4321 ξ

1901 4284 1973 4322 ax
2019 4269 2237 4339 quidem
2280 4269 2518 4337 facinus,
2553 4286 2823 4343 supraque
2862 4280 3078 4343 captum
3124 4278 3367 4347 nostrum

108 4349 263 4420 θῆναι
291 4348 612 4420 δυνάμενον.
665 4348 822 4417 Ζητῶ
867 4350 926 4404 δὲ
954 4352 1003 4405 εί
1034 4349 1207 4403 ἔνεστι
1254 4348 1573 4421 δοξασθῆναι

1902 4362 2164 4430 metipsos
2190 4362 2510 4431 permittere
2536 4363 2726 4419 horum
2758 4362 3118 4436 inquisitioni,
3163 4361 3255 4417 sed
3282 4352 3366 4414 ta-

106 4440 259 4505 Θεὸν,
284 4441 443 4515 παρὰ
468 4441 530 4495 τὸ
557 4441 874 4509 δοξάζεσθαι
906 4444 965 4496 ἐν
993 4442 1128 4514 Υἱῷ,
1154 4443 1229 4507 ὼς
1251 4441 1695 4514 ἀποδεδώκαμεν,

110 4534 381 4603 μειζόνως
406 4532 569 4588 αὐτὸν
599 4533 709 4606 (56)
743 4537 802 4589 ἐν
847 4534 1025 4607 ἐαυτῷ
1071 4535 1446 4606 δοξαζόμενον,
1485 4537 1595 4603 ὅτε,
1638 4538 1696 4591 ἐν

105 4628 170 4696 τῇ
206 4624 409 4680 ἑαυτοῦ
434 4626 717 4696 γινόμενος
750 4629 1025 4699 περιωπῇ,
1049 4627 1140 4680 ἐπὶ
1164 4629 1226 4698 τῇ
1259 4627 1448 4681 ἐαυτοῦ
1474 4627 1694 4697 γνώσει,

106 4720 200 4773 καὶ
224 4724 295 4793 τῇ
328 4721 525 4776 ἑαυτοῦ
575 4721 778 4795 θεωρία
807 4720 941 4795 οὔσῃ
977 4721 1182 4794 μείζονι
1227 4723 1328 4794 τῆς
1354 4722 1465 4795 (57)
1494 4725 1553 4777 ἐν
1580 4723 1696 4795 Υἰῷ

107 4813 368 4886 θεωρίας,
404 4815 481 4880 ὡς
508 4814 602 4869 ἐπὶ
646 4813 781 4869 Θεοῦ
811 4814 917 4887 χρὴ
941 4816 1081 4882 νοεῖν
1111 4814 1181 4869 τὰ
1223 4815 1467 4881 τοιαῦτα,
1501 4817 1582 4870 δεῖ
1611 4816 1697 4870 λέ-

172 4994 221 5029 ⁷⁶
238 4992 286 5052 Π
306 4991 443 5051 Cor.
463 5006 549 5057 ιιι,
572 4992 660 5048 18.
735 4991 779 5024 ⁷⁷
804 4990 957 5048 Joan.
982 5007 1102 5060 xm,
1131 4994 1219 5051 51.

178 5182 296 5251 (51)
321 5176 510 5253 Codex
545 5180 768 5253 Regius,
799 5179 875 5253 ὣν
907 5179 1212 5253 γινώσκων.

177 5247 293 5323 (52)
321 5252 475 5308 Idem
515 5247 690 5308 codéx
719 5247 945 5323 Regius,
974 5247 1032 5304 οἷ
1080 5250 1173 5304 ἐπὶ
1218 5250 1430 5306 τελείαν
1464 5253 1685 5322 γνῶσιν,

106 5325 172 5378 ἢν
199 5322 490 5378 γινώσκει.

144 5343 172 5377 ν
199 5339 490 5379 γινώσκει.

129 5342 673 5464 ἱνῶὣνιῗῧξὲρρὺτὸ
703 5393 802 5449 καὶ
828 5394 901 5448 οὐ
914 5391 1151 5464 μακρὰν
1168 5393 1397 5461 ἀποδεῖ,
1414 5407 1520 5453 etc.
1541 5397 1688 5453 Ano-

109 5481 303 5536 nymus
335 5463 760 5536 apud__Photium
790 5463 924 5519 cod.
976 5466 1308 5536 cxvitriﬂihoe
1340 5469 1558 5523 nomine
1596 5483 1687 5521 ac-

108 5532 580 5605 cusalu-rn'gcrihit
606 5533 920 5605 Origenem,
944 5535 1087 5604 quod
1106 5532 1300 5590 Filium
1328 5538 1548 5600 dtxerit,
1578 5553 1685 5592 non

110 5621 345 5662 noscere
381 5602 604 5659 Patrem
636 5602 993 5672 ut'seipsum'.
1033 5605 1187 5670 Quod
1217 5605 1390 5674 ipsum
1425 5608 1513 5661 hic
1538 5608 1683 5661 vide-

108 5686 198 5756 tur
229 5674 571 5803 sliignijicare.
607 5674 712 5732 Nos
743 5691 857 5732 rem
911 5674 1264 5745 expendimus
1303 5678 1355 5732 in
1409 5677 1683 5748 Origenia-

109 5763 207 5803 nis.
299 5760 523 5803 UETIUS.

109 5763 207 5803 κιο.
245 5760 523 5804 ιιυιιτιυε.

1796 4467 1919 4508 men
1948 4454 2254 4508 audendum
2280 4465 2363 4511 est
2394 4468 2693 4527 suggerere
2721 4456 2865 4526 quod
2911 4455 3017 4511 hoc
3064 4454 3119 4509 in
3151 4453 3270 4508 loco
3314 4452 3371 4506 in

1795 4545 2152 4613 quaestionem
2185 4548 2377 4603 adduci
2406 4548 2596 4618 possit.
2654 4547 2850 4616 Quaero
2887 4558 3068 4604 autem
3104 4562 3171 4603 an
3196 4543 3373 4617 possit

1795 4637 1967 4708 gloria
2006 4637 2145 4694 allici
2187 4640 2351 4705 Deus,
2401 4650 2601 4711 praeter
2645 4641 2872 4712 gloriam
2900 4655 3066 4710 quam
3115 4639 3279 4695 habet
3314 4638 3370 4692 in

1802 4726 1962 4795 Filio,
1995 4731 2067 4784 ita
2092 4738 2151 4784 ut
2178 4730 2520 4796 tradidimus,
2550 4731 2739 4800 majori
2773 4731 2826 4784 in
2860 4747 2920 4785 se
2949 4732 3066 4800 ipso
3091 4727 3259 4799 gloria
3287 4725 3371 4781 af-

1804 4817 1999 4890 fectus,
2031 4835 2156 4877 cum
2203 4822 2257 4876 in
2289 4837 2384 4877 sua
2416 4822 2583 4892 ipsius
2605 4831 2689 4878 est
2718 4823 2960 4893 specula,
3004 4828 3230 4893 prepter
3283 4819 3368 4874 sui

1867 5186 1982 5260 (54)
2017 5185 2197 5260 Codex
2217 5185 2442 5260 Regius,
2466 5183 2623 5260 male,
2651 5182 2869 5260 γνῶσιν.

1867 5189 1960 5260 (54
2017 5189 2197 5243 Codex
2224 5189 2442 5257 Regius,
2466 5189 2623 5247 male,
2651 5189 2869 5252 γνῶσιν.

1867 5189 1982 5331 (55)
2010 5257 2123 5312 Καὶ
2146 5256 2401 5331 μήποτε,
2424 5265 2532 5309 etc.
2575 5253 2651 5310 Ita
2683 5254 2883 5331 legitur
2907 5254 2981 5331 _in
3007 5252 3196 5331 cgdice
3228 5253 3371 5331 Bod-_

1795 5324 1996 5394 ieiuno,
2021 5324 2252 5391 rectius,
2278 5329 2495 5394 opinor,
2522 5340 2686 5394 quam
2743 5327 2794 5379 in
2821 5324 3007 5380 codice
3036 5324 3228 5394 Regio,
3276 5327 3373 5394 qui

1795 5399 1875 5453 sic
1899 5391 2065 5469 habet
2092 5416 2107 5469 ξ
2140 5399 2249 5469 Καὶ
2298 5391 2512 5469 μήποτε
2543 5391 2893 5469 τοῦτόῌὲστε
2926 5394 2985 5469 τδ
3018 5391 3174 5469 ἐἶναι
3217 5391 3364 5469 αὐτῷ

1794 5468 2117 5540 misisti)
2145 5463 2603 5540 λεγοιὲέὺφμιέτῷ
2649 5464 2765 5540 “(Et
2801 5463 2894 5540 τοῦ
2944 5463 3254 5536 ἀνθρώπων

1791 5536 2104 5604 δεδοξάσθαι
2143 5536 2329 5593 suos
2348 5536 2590 5609 ἡνῶσθαι
2613 5539 2680 5609 τῇ
2712 5536 2893 5609 σοφίᾳ.

1863 5610 1974 5674 (56)
1997 5609 2179 5664 Codex
2213 5605 2433 5678 Regius,
2465 5608 2624 5673 male,
2654 5605 2966 5678 ’μεῖζονὼς

1863 5678 1975 5753 (57)
1999 5679 2133 5750 Τῆς.
2159 5682 2317 5737 Deest
2352 5680 2404 5734 iu
2423 5679 2614 5735 codice
2645 5679 2832 5747 Regio.
