3712 6138
420 245 523 299 819

1863 256 1927 312 Ol

2100 256 2184 312 llS
3547 265 3628 314 δίη

419 358 787 428 cognitionem
837 367 892 414 et
945 361 1028 415 sui
1072 365 1614 434 contemplationem,
1660 383 1779 438 quae
1817 370 1922 440 maj

2100 389 2226 439 γειν,
2259 371 2339 424 ὅτι
2389 371 2736 442 εὐφραίνεται
2765 370 2968 438 ἄφατόν
2997 387 3118 422 τινα
3163 369 3532 442 εὐαρέστησιν,
3561 379 3630 428 καὶ

417 461 502 506 est
535 452 996 519 contemplatione
1017 469 1138 525 quae
1166 468 1251 512 est
1276 457 1329 512 in
1355 458 1492 515 Filio
1513 499 1529 524 ,
1561 469 1619 515 ιιι
1643 462 1709 515 de
1757 461 1862 517 Deo
1898 471 1983 516 ta-

421 545 489 599 lia
512 545 822 615 intelligere
849 561 950 617 par
976 558 1096 604 est:
1130 551 1416 608 dicendum
1455 563 1539 610 est
1580 555 1827 626 perfundi
1858 572 1981 613 eum

425 637 677 692 inetTabili
712 638 944 708 quadam
968 639 1346 710 delectatione,
1375 655 1428 701 et
1459 646 1665 714 laetitia,
1689 658 1744 704 et
1766 650 1981 720 gaudio,

419 729 472 781 in
508 744 568 784 se
597 729 715 799 ipso
747 729 848 785 sibi
877 731 1098 800 placens
1121 743 1174 788 et
1201 737 1459 805 gaudens.
1487 739 1693 806 Quibus
1714 742 1986 797 vocabulis

419 835 519 890 ego
553 822 770 891 quidem
801 832 927 879 utor
959 841 1066 879 non
1100 835 1353 896 tanquam
1409 831 1625 899 proprie
1657 833 1984 887 convenien-

420 913 566 967 tibus
594 913 724 978 Deo,
755 915 850 969 sed
886 915 1102 987 indigus
1151 918 1534 986 indicibilium,
1577 932 1636 977 ut
1670 923 1742 977 ita
1772 924 1983 994 loquar,

423 1003 734 1073 verborum,
765 1021 885 1073 qua:
909 1007 1057 1063 solus
1087 1009 1219 1077 ipse,
1243 1021 1299 1064 et
1328 1011 1639 1082 Unigenitus
1665 1014 1833 1071 Filius
1870 1016 1986 1085 eius

421 1110 546 1150 cum
577 1096 691 1166 ipso
715 1099 930 1167 propria
957 1098 1227 1156 locutione
1252 1103 1403 1158 etiari
1437 1114 1611 1174 potest
1636 1105 1718 1160 vel
1746 1106 1989 1177 cogitare

416 1191 488 1246 de
522 1205 607 1246 eo.
630 1191 794 1263 450
816 1192 1080 1248 Caeterum
1119 1195 1374 1259 quoniam
1422 1196 1474 1251 in
1505 1198 1647 1251 hunc
1671 1198 1847 1252 locum
1894 1199 1989 1253 de-

420 1281 693 1347 venimus,
721 1284 811 1338 ubi
854 1282 999 1338 Deus
1027 1299 1126 1354 per
1169 1285 1444 1342 Christum
1482 1288 1840 1357 gloriﬁcatur,
1889 1304 1986 1359 ap-

420 1375 595 1442 posite
629 1390 932 1443 quzeremus
965 1378 1232 1446 quomodo
1247 1380 1407 1434 etiam
1446 1397 1544 1452 per
1578 1381 1837 1452 Spiritum
1862 1399 1988 1437 san—

419 1476 566 1520 ctum
597 1467 954 1538 glorilicetur,
990 1475 1044 1522 et
1072 1483 1168 1536 per
1205 1485 1396 1527 omnes
1424 1487 1452 1526 a
1477 1473 1673 1541 quibus
1700 1484 1989 1544 conspecta

421 1557 584 1613 fuerit
626 1559 711 1614 vel
757 1560 1130 1630 conSpiciatur
1157 1564 1328 1634 gloria
1363 1565 1597 1620 Domini.
1625 1566 1802 1636 Atque
1836 1568 1987 1622 arbi-

2089 465 2445 535 εὐφροσύνην,
2482 463 2575 516 καὶ
2622 462 2817 534 χαρὰν,
2865 462 2950 531 ἐφ’
2983 460 3160 532 ἐαυτῷ
3188 462 3630 534 εὐαρεστούμενος,

2091 555 2184 606 καὶ
2219 554 2441 624 χαίρων.
2479 552 2712 624 Χρῶμαι
2735 553 2790 605 δὲ
2818 551 3024 616 τούτοις
3051 552 3309 623 ὀνόμασιν
3345 553 3443 624 οὐχ
3469 556 3536 619 ὡς
3562 575 3632 610 κ)-

2094 646 2224 718 ρίως
2269 646 2336 700 ἂν
2364 644 2780 717 λεχθησομένοις
2806 645 2899 698 ἐπὶ
2927 644 3082 709 Θεοῦ,
3128 645 3263 698 ἀλλὰ
3289 646 3504 717 ἀπορῶν
3529 649 3628 716 τῶν,

2097 739 2161 791 ἵν’
2195 737 2365 801 οὕτως
2393 735 2662 808 ὀνομάσω,
2707 737 2959 808 ἀρρήτων
2996 736 3275 808 ῥημάτων,
3311 736 3349 791 ἃ
3381 739 3528 808 μόνος
3557 744 3632 794 αὐ-

2090 831 2183 894 τὸς
2207 831 2449 894 δύναται,
2502 830 2598 884 καὶ
2625 831 2740 900 μετ’
2773 828 2934 882 αὐτὸν
2967 829 3074 900 (58)
3109 831 3138 882 6
3163 829 3472 901 Μονογενὴς
3501 832 3630 885 αὐτοῦ

2093 925 2150 974 ἐν
2177 921 2341 991 κυρίᾳ
2387 919 2528 986 λέξει
2558 919 2758 988 λέγειν,
2807 918 2841 990 ἦ
2870 921 3084 990 φρονεῖν
3111 921 3238 990 περὶ
3279 920 3466 973 αὐτοῦ.
3511 923 3633 974 Ἐπεὶ

2091 1012 2146 1066 δὲ
2176 1013 2232 1064 ἐν
2271 1011 2348 1082 τῷ
2376 1012 2523 1080 τόπῳ
2547 1011 2850 1081 γεγόναμεν
2874 1009 2966 1063 τοῦ
2995 1009 3085 1062 τὸν
3113 1009 3245 1064 Θεὸν
3269 1010 3569 1077 δοξάζεσθαι
3591 1013 3634 1063 ἐν

2091 1102 2330 1172 Χριστῷ,
2353 1100 2769 1172 παρακειμένως
2801 1099 2866 1154 ἂν
2889 1100 3221 1173 ζητήσαιμεν
3255 1100 3376 1162 πῶς
3401 1099 3634 1165 δοξάζοιτο

2090 1195 2187 1247 καὶ
2227 1195 2285 1248 ἐν
2323 1193 2400 1264 τῷ
2444 1194 2582 1264 ἁγίῳ
2616 1192 2911 1264 Πνεύματι,
2960 1194 3053 1246 καὶ
3087 1195 3146 1246 ἐν
3187 1194 3355 1246 πᾶσιν
3392 1188 3470 1255 οἷς
3509 1193 3632 1265 ὤφθη

2087 1285 2213 1352 δόξα
2249 1285 2478 1355 Κυρίου,
2519 1283 2554 1354 ἢ
2594 1285 2904 1357 ὀφθήσεται.
2948 1285 3114 1357 ’Ὀλης
3143 1285 3241 1356 μὲν
3265 1281 3361 1339 οὖν
3391 1282 3532 1355 οἶμαι
3558 1286 3633 1354 τῆς

2087 1378 2246 1449 δόξης
2268 1377 2358 1431 τοῦ
2389 1374 2523 1431 Θεοῦ
2549 1376 2712 1430 αὐτοῦ
2739 1375 3081 1447 ἀπαύγασμα
3109 1372 3248 1430 εἶναι
3270 1378 3365 1430 τὸν
3396 1377 3536 1441 Υἱὸν,
3560 1395 3637 1429 κα-

2093 1469 2163 1522 τὰ
2209 1469 2301 1523 τὸν
2348 1469 2568 1523 εἰπόντα
2603 1469 2846 1522 Παῦλον·
2905 1486 2923 1519 t
2958 1471 3054 1532 Ὃς
3083 1467 3158 1521 ὣν
3204 1467 3536 1539 ἀπαύγασμα
3560 1470 3632 1539 τῆς

2087 1557 2277 1629 δόξης·
2305 1576 2322 1609 ι
2373 1557 2596 1628 φθάνειν
2647 1557 2891 1628 μέντοιγε
2942 1557 3049 1610 ἀπὸ
3098 1557 3190 1610 τοῦ
3236 1558 3635 1628 άπανγάσματος

419 1659 537 1704 tror
565 1665 665 1722 ego
698 1654 916 1716 quidem
948 1655 1113 1708 totius
1145 1656 1332 1724 gloria:
1364 1655 1457 1710 Dei
1489 1657 1831 1727 splendorem
1871 1673 1927 1714 es

2100 1653 2278 1704 τούτου
2309 1649 2410 1719 τῆς
2443 1648 2569 1720 ὅλης
2600 1648 2756 1719 δόξης
2787 1647 2988 1719 μερικὰ
3013 1649 3423 1720 άπαυγάσματα
3450 1649 3534 1701 ἐπὶ
3560 1651 3633 1719 τὴν

420 1743 639 1810 Filium,
670 1755 778 1802 uta
802 1746 968 1802 Paulo
991 1747 1246 1808 traditum
1271 1757 1376 1816 est,
1401 1725 1616 1804 dicente
1642 1773 1653 1806 :
1691 1770 1708 1802 ι
1739 1751 1840 1818 Qui
1865 1767 1927 1805 eu

2100 1743 2282 1813 λοιπὴν
2326 1741 2550 1814 λογικὴν
2583 1741 2791 1794 κτίσινο
2847 1741 2946 1793 οὐκ
2972 1737 3124 1812 οἶμαι
3150 1741 3260 1812 γάρ
3296 1759 3418 1794 τινα
3461 1742 3517 1793 τὸ
3551 1745 3634 1793 πᾶν

420 1837 486 1890 sit
505 1838 761 1905 splendor
779 1839 963 1909 gloria:
980 1839 1049 1905 7°;
1085 1858 1104 1891 ι
1131 1841 1414 1908 pervenire
1436 1849 1612 1894 tamen
1638 1841 1991 1909 particularcs

423 1931 742 1996 splendores
763 1934 828 1986 ab
847 1933 949 1988 hoc
965 1935 1246 2003 splendore
1265 1933 1428 1986 totius
1448 1934 1629 2003 gloriae
1647 1933 1710 1987 ad
1726 1934 1984 2003 reliquam

421 2031 668 2076 naturam
692 2025 914 2080 rationis
930 2025 1423 2095 capacem.Alioqui
1447 2039 1550 2078 non
1568 2024 1804 2080 arbitror
1819 2026 1989 2094 perci-

420 2127 551 2181 pere
573 2114 804 2183 aliquem
837 2131 993 2183 posse
1012 2131 1228 2172 omnem
1247 2115 1590 2184 splendorem
1613 2115 1778 2171 totius
1806 2116 1990 2183 gloriae

423 2201 541 2271 Dei,
558 2205 656 2260 nisi
673 2205 867 2260 Filium
885 2206 998 2261 Dei.
1015 2207 1164 2262 Nunc
1177 2217 1355 2260 autem
1369 2207 1582 2274 quando
1598 2208 1922 2272 (economia,
1937 2219 1991 2263 et

422 2299 739 2368 mysterium
785 2299 1054 2368 passionis
1091 2299 1214 2353 Filii
1255 2301 1489 2355 hominis
1515 2316 1613 2369 pro
1650 2301 1900 2356 omnibus
1931 2301 1988 2355 ﬁt

427 2404 534 2442 non
570 2390 688 2445 sine
717 2391 850 2455 Deo,
878 2391 896 2463 (
928 2411 948 2444 ι
972 2392 1144 2458 Quam
1176 2394 1246 2447 ob
1273 2408 1490 2447 causam
1523 2393 1662 2448 Deus
1707 2393 1859 2447 illum
1901 2409 1990 2448 su-

424 2481 784 2547 perexaltavit
819 2484 907 2552 ⁷⁸)
953 2485 1290 2555 gloriﬁcatus
1339 2493 1442 2549 est,
1493 2486 1665 2553 inquit
1697 2485 1766 2553 ⁸ο,
1817 2485 1990 2540 Filius

423 2571 745 2638 tominis,»
805 2591 911 2630 non
975 2575 1167 2640 solus,
1213 2594 1232 2628 ι
1269 2575 1410 2630 Deus
1467 2577 1610 2631 enim
1664 2592 1760 2646 per
1813 2577 1987 2645 ipsum

417 2665 585 2720 etiam
614 2666 958 2734 giorilicatus
982 2678 1088 2724 est.
1110 2688 1132 2722 ι
1158 2669 1238 2723 Ad
1263 2669 1420 2736 hujus
1450 2669 1550 2723 loci
1582 2669 1987 2723 similitudinem

417 2770 691 2824 exponere
719 2760 844 2827 quis
867 2763 1062 2830 poterit
1086 2762 1214 2815 illud
1245 2777 1260 2816 ι
1297 2779 1316 2812 ι
1345 2760 1512 2817 Nemo
1533 2762 1748 2830 agnovit
1772 2761 1983 2826 Filium,

420 2849 527 2905 nisi
557 2848 717 2905 Pater
737 2852 806 2917 3‘;
837 2871 856 2903 ι
883 2862 937 2907 et
959 2853 1090 2908 illud
1116 2871 1129 2906 :
1159 2873 1177 2906 ι
1203 2853 1400 2909 Beatus
1421 2869 1501 2918 es,
1529 2854 1714 2907 Simon
1735 2851 1984 2922 Barjona,

420 2941 550 3011 quia
581 2957 732 3007 caro,
763 2952 819 2999 et
845 2945 1066 3012 sanguis
1103 2961 1212 3000 non
1242 2944 1502 3000 revelavit
1543 2943 1659 3007 tibi,
1709 2945 1799 2998 sed
1826 2943 1988 2998 Pater

2090 1831 2344 1886 δύνασθαι
2377 1832 2622 1904 χωρῆσαι
2649 1830 2750 1900 τῆς
2790 1831 2916 1902 ὅλης
2948 1830 3106 1902 δόξης
3136 1830 3230 1883 τοῦ
3270 1831 3408 1884 Θεοῦ
3433 1830 3635 1898 ἀπαύγα-

2092 1940 2227 1993 σμα,
2256 1922 2288 1994 ἢ
2317 1923 2410 1976 τὸν
2442 1923 2567 1976 Υἱὸν
2595 1922 2756 1977 αὐτοῦ
2791 1922 2919 1994 ('59).
2948 1921 3061 1976 Νῦν
3085 1917 3199 1986 οὐν,
3222 1923 3313 1976 ὅτε
3340 1923 3634 1994 ἠοίκονομία

2090 2014 2180 2068 τοῦ
2215 2016 2355 2086 ὑπὲρ
2400 2017 2615 2068 πάντων
2644 2015 2848 2078 πάθους
2879 2015 2992 2087 (40)
3046 2014 3138 2068 τοῦ
3167 2014 3301 2068 Υἱοῦ
3334 2013 3426 2066 τοῦ
3461 2015 3632 2085 ἀνθρώ-

2090 2125 2191 2160 που
2213 2108 2417 2176 γίνεται
2436 2107 2496 2160 οὐ
2529 2108 2696 2179 χωρὶς
2727 2107 2884 2172 Θεοῦ,
2918 2109 2964 2179 (ι
2988 2107 3079 2160 Διὸ
3109 2111 3138 2161 ό
3165 2107 3301 2170 Θεὸς
3324 2108 3482 2164 αὐτὸν
3506 2109 3633 2177 ὑπερ-

2094 2199 2331 2269 ύψωσεν,
2354 2198 2398 2268 ι)
2419 2218 2436 2250 ι
2457 2198 2769 2270 ἐδοξάσθη,›
2793 2201 3004 2270 φησὶν,‹
3028 2201 3056 2252 ό
3078 2199 3204 2264 Υἱὸς
3216 2199 3313 2252 τοῦ
3325 2198 3625 2272 ἀνθρώπου,ι

2093 2293 2152 2345 οὐ
2191 2291 2379 2362 μόνοςο
2422 2310 2440 2343 ‹
2467 2292 2561 2344 καὶ
2592 2293 2620 2344 6
2642 2291 2773 2355 Θεὸς
2801 2291 3060 2363 ἐδοξάσθη
3090 2294 3147 2344 ἐν
3179 2291 3352 2363 αὐτῷ.
3380 2310 3398 2343 ι
3435 2292 3533 2344 Καὶ
3558 2289 3629 2344 οὐ·

2087 2401 2195 2445 τως
2221 2382 2268 2436 δ’
2294 2381 2362 2438 ἂν
2388 2383 2456 2436 τὰ
2488 2382 2629 2436 κατὰ
2658 2383 2751 2437 τὸν
2789 2383 2954 2437 τόπον
2977 2402 3061 2448 τις
3091 2385 3431 2456 διηγήσαιτο.
3459 2383 3629 2454 Γέγρα-

2089 2492 2252 2528 πται·
2287 2474 2514 2538 (οὐδεὶς
2545 2474 2687 2542 ἔγνω
2728 2474 2819 2529 τὸν
2848 2475 2976 2530 Υἱὸν
3022 2479 3068 2529 εί
3102 2476 3174 2546 μὴ
3217 2478 3247 2531 6
3282 2475 3487 2546 Πατὴρ,
3515 2495 3532 2526 ι
3561 2476 3631 2526 καὶ

2089 2570 2302 2642 εἴρηται
2318 2585 2334 2602 ο
2363 2587 2380 2619 ι
2400 2569 2508 2622 Καὶ
2538 2568 2804 2640 μακάριος
2832 2564 2903 2633 εἶ,
2923 2568 3104 2640 Σίμων
3126 2567 3500 2640 Βαριῶνα,,ὅτι
3525 2569 3629 2638 σὰρξ

2089 2662 2181 2713 καὶ
2213 2653 2351 2730 αἷμα
2383 2660 2485 2712 οὐκ
2515 2658 2829 2730 ἀπεκάλυψέ
2861 2677 2963 2724 σοι,
2995 2659 3108 2712 ἀλλ’
3138 2661 3172 2732 ἢ
3207 2661 3235 2712 ό
3277 2661 3467 2731 Πατήρ
3497 2676 3581 2729 μου
3610 2661 3630 2709 ὁ

2087 2756 2356 2827 οὐράνιος.
2381 2773 2400 2807 ι
2419 2756 2583 2810 Ὅσον
2605 2752 2698 2810 οὖν
2727 2758 2827 2810 οὐκ
2859 2755 3094 2826 ἔγνωστο
3121 2759 3150 2809 6
3182 2758 3316 2821 Υἱὸς
3352 2757 3430 2828 τῷ
3455 2759 3626 2828 κόσμῳ,

2087 2845 2134 2915 (ι
2173 2847 2259 2899 Ἐν
2286 2846 2364 2917 τῷ
2393 2847 2581 2918 κόσμῳ
2601 2847 2710 2919 γὰρ
2731 2843 2820 2919 ἦν,
2852 2850 2946 2902 καὶ
2977 2851 3005 2902 6
3032 2848 3237 2920 κόσμος
3265 2850 3336 2903 δι’
3364 2849 3516 2903 αὐτοῦ
3538 2850 3628 2914 ἐγέ-

2089 2957 2228 3004 νετο,
2263 2940 2356 2992 καὶ
2382 2942 2411 2993 6
2438 2940 2637 3011 κόσμος
2656 2940 2816 2993 αὐτὸν
2837 2941 2936 2994 οὐκ
2959 2941 3131 3009 ἕγνωο
3163 2941 3210 3014 ι)
3238 2942 3450 2996 οὐδέπω
3477 2944 3526 2994 ἐν
3561 2941 3628 2993 κό-

422 3047 577 3088 meus
607 3033 700 3102 qui
738 3034 792 3088 in
841 3035 996 3090 cretis
1027 3045 1110 3090 est
1133 3037 1201 3092 θ’.
1235 3056 1252 3088 ι
1310 3037 1588 3105 Quatenus
1624 3036 1768 3088 enim
1816 3035 1927 3088 Filil

2100 3049 2213 3104 τμίι)
2244 3031 2552 3099 ἐδεδόξαστο
2583 3032 2716 3105 (41),
2744 3032 2837 3086 καὶ
2867 3028 2934 3104 ἦν
2968 3035 3000 3104 ἡ
3035 3031 3205 3104 ζημία
3231 3033 3328 3086 τοῦ
3361 3032 3433 3104 μὴ
3453 3032 3626 3097 δεδοξά-

423 3140 528 3180 non
555 3136 676 3179 erat
710 3129 910 3182 mundo
953 3129 1168 3198 agnitus
1189 3130 1208 3198 (
1229 3148 1246 3181 ι
1267 3127 1324 3182 In
1351 3129 1552 3184 mundo
1585 3129 1728 3183 enim
1757 3139 1900 3194 erat,

2100 3123 2217 3177 σθαι
2261 3124 2424 3177 αὐτὸν
2466 3125 2523 3178 ἐν
2559 3124 2635 3194 τῷ
2677 3124 2867 3196 κόσμῳ
2894 3125 2956 3178 οὐ
2996 3123 3089 3178 τοῦ
3127 3126 3200 3196 μὴ
3246 3125 3621 3196 δεδοξασμένον,

424 3217 663 3270 mundus
685 3232 784 3285 per
804 3218 977 3288 ipsum
1003 3217 1177 3275 iactus
1203 3231 1306 3285 est,
1346 3231 1400 3276 et
1429 3223 1658 3276 mundus
1707 3235 1829 3274 eum
1879 3235 1986 3276 non

423 3309 783 3378 cognovit”,
809 3306 854 3376 ι)
883 3311 1118 3366 nondum
1155 3311 1489 3381 gloriﬁcatus
1524 3322 1645 3366 erat
1692 3327 1788 3382 per
1827 3327 1988 3366 mun-

425 3401 573 3466 dum,
601 3402 840 3467 etiamsi,
869 3403 1014 3472 quod
1055 3418 1152 3473 per
1197 3404 1450 3457 mundum
1496 3403 1834 3475 gloritlcatus
1876 3419 1987 3458 non

421 3493 865 3561 esset,damnum
895 3510 1000 3550 non
1037 3506 1157 3550 erat
1182 3495 1385 3551 Christi
1418 3512 1525 3552 non
1555 3496 1860 3567 glorificati,
1894 3497 1988 3552 sed

425 3591 610 3643 mundi
648 3588 928 3644 Christum
961 3605 1065 3644 non
1098 3591 1474 3659 glorilicantis.
1508 3590 1640 3647 Cum
1678 3606 1810 3646 vero
1829 3590 1992 3645 Pater

425 3678 667 3733 emlestis
692 3679 954 3733 revelavit
988 3681 1071 3734 his
1095 3681 1185 3750 qui
1224 3697 1254 3736 e
1293 3685 1496 3736 mundo
1535 3691 1691 3736 erant
1727 3679 1853 3738 Jesu
1895 3696 1989 3737 co—

427 3767 746 3834 gnitionem,
783 3777 909 3824 tunc
939 3768 1278 3840 glorilicatus
1303 3781 1386 3826 est
1421 3771 1590 3827 Filius
1627 3772 1864 3828 hominis
1895 3788 1992 3843 per

425 3859 567 3925 illos,
593 3861 688 3930 qui
716 3875 840 3915 eum
867 3873 1234 3930 cognoverunt
1261 3903 1278 3928 ,
1300 3873 1354 3918 et
1377 3879 1473 3932 per
1495 3863 1738 3919 eamdem
1765 3865 1991 3935 gloriam

425 3966 531 4022 qua
557 3951 892 4022 gloriﬁcatus
923 3953 1025 4008 fuit
1045 3953 1187 4008 inter
1210 3968 1304 4008 eos
1325 3955 1416 4024 qui
1443 3969 1566 4008 eum
1597 3965 1989 4025 cognoverunt,

424 4043 717 4110 acquisivit
742 4044 968 4114 gloriam
1001 4047 1455 4115 cognoscentibus
1496 4047 1692 4116 ipsum.
1718 4047 1820 4113 Qui
1847 4048 1991 4103 enim

424 4144 629 4189 retecta
656 4135 796 4189 facie
817 4134 1047 4206 gloriam
1092 4137 1300 4192 Domini
1341 4139 1395 4192 in
1427 4139 1646 4207 speculo
1691 4153 1992 4208 repraesen-

2089 3215 2223 3270 ἀλλὰ
2263 3215 2356 3268 τοῦ
2392 3215 2466 3287 μὴ
2493 3214 2806 3282 δοξάζοντος
2855 3217 3016 3271 αὐτὸν
3045 3209 3248 3288 κόσμου
3276 3235 3290 3247 ·
3337 3219 3422 3272 ὅτε
3451 3217 3500 3270 δὲ
3524 3218 3628 3269 ἀπε-

2088 3309 2325 3378 κάλυψεν
2358 3311 2386 3361 ό
2417 3309 2664 3378 οὐράνιος
2711 3309 2900 3380 Πατὴρ
2929 3304 3009 3372 οἷς
3042 3309 3394 3380 ἀπεκάλυψεν
3435 3310 3531 3362 ἀπὸ
3555 3308 3626 3360 τοῦ

2091 3401 2298 3472 κόσμου
2327 3395 2443 3454 οὖσι
2471 3399 2565 3471 τὴν
2607 3400 2701 3454 τοῦ
2742 3401 2916 3471 Ἰησοῦ
2961 3401 3182 3471 γνῶσιν,
3211 3403 3334 3456 τότε
3362 3402 3627 3470 ἐδοξάσθηό

2089 3491 2216 3554 Υἱὸς
2244 3490 2337 3542 τοῦ
2372 3489 2653 3562 ἀνθρώπου
2689 3493 2747 3543 ἐν
2777 3495 2890 3556 τοῖς
2922 3493 3214 3560 ἐγνωκόσιν
3253 3495 3450 3548 αὐτόν·
3482 3493 3560 3546 καὶ
3578 3492 3626 3543 δι’

2088 3579 2156 3656 ἧς
2194 3581 2451 3654 ἐδοξάσθη
2493 3583 2650 3654 δόξης
2683 3587 2742 3638 ὲν
2790 3588 2902 3649 τοῖς
2945 3586 3242 3654 ἐγνωκόσιν
3271 3589 3452 3651 αὐτὸν,
3483 3602 3625 3656 περιε-

2093 3673 2283 3743 ποίησε
2302 3673 2458 3737 δόξαν
2483 3676 2596 3738 τοῖς
2625 3675 2918 3744 ἐγνωκόσιν
2948 3678 3110 3730 αὐτόν
3135 3677 3247 3748 (42)
3273 3695 3289 3709 ·
3323 3680 3373 3731 οἱ
3401 3677 3500 3749 γὰρ
3528 3679 3626 3730 ἀνα-

2092 3767 2490 3839 κεκαλυμμένῳ
2527 3768 2804 3840 προσώπῳ
2828 3770 2926 3840 τὴν
2961 3769 3116 3834 δόξαν
3146 3772 3354 3842 Κυρίου
3379 3787 3626 3841 κατοπτρι-

2093 3858 2309 3932 ζόμενοι
2353 3861 2452 3933 τὴν
2475 3862 2648 3934 αὐτὴν
2686 3859 3400 3934 εἰκόναμεταμορςροῦνται.
3435 3865 3559 3935 Ὅρα
3583 3861 3625 3914 δὲ

2103 3953 2266 4008 πόθεν
2295 3953 2403 4008 ἀπὸ
2427 3953 2582 4026 δόξης
2612 3955 2766 4025 φησὶ,
2791 3955 2886 4008 καὶ
2917 3954 3018 4008 ποῦ
3047 3957 3126 4020 είς
3157 3955 3314 4020 δόξαν
3333 3973 3349 3987 ·
3378 3955 3478 4009 ἀπὸ
3505 3953 3626 4020 δόξης

2098 4047 2198 4117 τῆς
2227 4047 2321 4100 τοῦ
2351 4046 2725 4118 δοξαζομένου,
2761 4050 2840 4111 εἰς
2866 4048 3022 4115 δόξαν
3046 4049 3142 4119 τὴν
3175 4048 3285 4102 τῶν
3321 4047 3624 4115 δοξαζόντων.

2107 4138 2298 4191 Ἦνίκα
2329 4133 2420 4191 οὖν
2447 4134 2608 4209 ἦλθεν
2637 4139 2728 4191 ἐπὶ
2751 4137 2849 4209 τὴν
2871 4139 3199 4209 οἰκονομίαν,
3227 4140 3325 4209 ἀφ’
3355 4134 3420 4210 ἧς
3449 4137 3624 4208 ἔμελλεν

427 4234 566 4291 tant,
605 4227 671 4281 ad
707 4226 854 4280 illius
898 4227 1186 4297 imaginem
1241 4229 1698 4285 transformamur
1731 4231 1800 4284 ³⁵.
1859 4229 1921 4284 Vi

2100 4229 2403 4283 ἀνατέλλειν
2431 4229 2509 4300 τῷ
2543 4229 2751 4300 κόσμῳ,
2791 4231 2884 4282 καὶ
2914 4229 3316 4298 γινωσκόμενος
3354 4224 3622 4292 δοξάζεσθαι

427 4333 559 4371 vero
581 4321 722 4372 unde
746 4333 776 4372 a
804 4317 972 4387 gloria
999 4318 1142 4373 dicat
1169 4328 1223 4374 et
1250 4321 1338 4375 ubi
1365 4322 1430 4375 ad
1462 4322 1711 4393 gloriam,
1741 4322 1927 4376 nimiru

2100 4322 2190 4374 ἐπὶ
2211 4319 2336 4393 δόξῃ
2365 4321 2472 4373 τῶν
2497 4319 2826 4386 δοξαζόντων
2865 4321 3046 4384 αὐτὸν,
3074 4315 3194 4372 εἷπε
3225 4321 3287 4373 τό
3309 4338 3322 4351 ·
3371 4340 3388 4372 ι
3416 4318 3516 4373 Νῦν
3541 4316 3614 4368 ὲδο

429 4428 458 4464 a
489 4412 658 4484 gloria
686 4413 975 4484 gloriﬁcati
1006 4413 1072 4466 ad
1106 4413 1332 4484 gloriam
1365 4415 1806 4484 gloriticantium.
1859 4417 1927 4472 Cu

2101 4410 2268 4483 ξάσθη
2303 4413 2330 4464 ό
2357 4412 2486 4475 Υἱὸς
2511 4411 2604 4464 τοῦ
2637 4410 2923 4481 ἀνθρώπου
2949 4429 2962 4442 ο
2990 4431 3008 4462 ι
3053 4412 3147 4465 καὶ
3177 4412 3299 4464 ἐπεὶ
3329 4411 3493 4473 οὐδεὶς
3517 4408 3622 4475 ἔγνω

427 4503 599 4575 igitur
623 4506 770 4561 venit
793 4506 858 4560 ad
892 4509 1272 4571 mconomiam,
1315 4520 1344 4558 a
1387 4522 1493 4576 qua
1532 4516 1586 4561 et
1624 4509 1823 4561 mundo
1872 4507 1924 4560 ill

2100 4504 2187 4557 τὸν
2220 4504 2437 4577 Πατέρα
2461 4507 2508 4558 εί
2542 4505 2615 4576 μὴ
2646 4506 2674 4556 6
2699 4505 2847 4568 Υἱὸς,
2887 4504 2982 4558 καὶ
3011 4497 3056 4572 ᾧ
3091 4504 3159 4558 ἂν
3190 4507 3219 4559 6
3249 4505 3380 4568 Υἱὸς
3406 4495 3622 4557 ἀποκαλῦ-

428 4609 656 4652 cescere
713 4607 880 4668 atque
937 4599 1104 4654 etiam
1154 4600 1401 4669 cognitus
1473 4597 1768 4668 gloriﬁcari
1835 4599 1927 4651 del:

2100 4597 2193 4668 ψῃ,
2228 4596 2418 4667 ἔμελλε
2457 4597 2512 4650 δὲ
2556 4599 2619 4650 ὲκ
2665 4597 2765 4667 τῆς
2807 4596 3113 4667 οἰκονομίας
3155 4596 3537 4650 ἀποκαλύπτειν
3557 4590 3622 4640 τὸν

427 4687 545 4755 bat,
585 4700 810 4760 propter
867 4690 1097 4761 gloriam
1151 4691 1570 4762 glorilicantium
1615 4704 1762 4754 eum,
1818 4689 1994 4743 dixit:

435 4799 456 4830 ς
494 4779 643 4837 Nunc
687 4781 1026 4852 gloriticatns
1059 4793 1142 4836 est
1172 4781 1339 4837 Filius
1381 4782 1616 4836 hominis
1646 4799 1661 4836 :
1691 4799 1711 4834 ι
1762 4789 1818 4836 et
1863 4793 2000 4848 quo-

427 4873 574 4926 niam
608 4889 765 4927 nemo
807 4875 1059 4944 cognovit
1108 4875 1348 4936 Patrem,
1399 4874 1499 4928 nisi
1551 4873 1744 4940 Filius,
1791 4883 1848 4926 et
1901 4874 1990 4928 cui

427 4959 600 5018 Filius
648 4965 973 5020 revelaverit
1001 4964 1071 5029 ⁸⁸,
1125 4964 1569 5034 revelaturusque
1618 4974 1737 5018 erat
1773 4961 1992 5017 Patrem

2099 4689 2316 4760 Πατέρα
2339 4692 2367 4742 6
2398 4689 2544 4752 Υἱὸς,
2577 4689 2664 4741 διὰ
2691 4687 2848 4742 τοῦτο
2874 4689 2966 4742 καὶ¹
2993 4690 3021 4740 6
3054 4688 3187 4752 Θεὸς
3209 4687 3457 4755 ἐδοξάσθη
3480 4687 3527 4736 ἐν
3549 4681 3621 4734 αὐ-

2098 4781 2198 4852 τῷ.
2225 4782 2295 4832 Ἦ
2318 4779 2378 4833 τό
2397 4797 2410 4810 ο
2450 4800 2467 4831 ι
2495 4780 2604 4833 Καὶ
2633 4783 2661 4833 6
2693 4777 3104 4851 Θεὸς.ὲδοξάσθη
3135 4783 3194 4833 ἐν
3227 4780 3392 4851 αὐτῷ,
3419 4797 3435 4829 ι
3461 4773 3621 4839 συνεξε-

2096 4872 2278 4934 τάσεις
2305 4871 2382 4942 τῷ
2404 4887 2420 4903 ο
2455 4889 2471 4921 ι
2496 4871 2552 4923 Ὁ
2579 4869 2838 4940 ἑωρακὼς
2864 4873 2963 4941 ἐμὲ
2989 4870 3196 4943 ἑώρακε
3223 4870 3312 4926 τὸν
3333 4869 3528 4941 Πατέρα
3553 4864 3620 4916 τὸν

2104 4961 2390 5032 πέμψαντά
2422 4977 2506 5032 με·
2538 4981 2556 5013 ι
2590 4960 2873 5032 θεωρεῖται
2902 4963 3009 5034 γὰρ
3037 4963 3094 5017 ἐν
3106 4961 3184 5033 τῷ
3210 4962 3366 5033 Λόγῳ
3392 4953 3616 5025 ὸντιΘεῷν

502 5110 549 5143 το
577 5107 745 5180 Hebr.
778 5123 822 5176 ι,
844 5109 930 5180 s.
982 5111 1028 5142 το
1054 5109 1253 5180 Philip.
1284 5125 1346 5176 ιι,
1369 5109 1422 5164 9.
1501 5107 1851 5180 ??Joan.xtu,
1891 5107 1927 5180 δ

2119 5103 2468 5180 Mattlt.t,27;
2502 5103 2818 5168 Luc.x,22.
2881 5104 3352 5168 "Matth.xv1,l7.
3423 5102 3466 5134 ⁸³
3497 5099 3617 5154 Joan.

427 5197 468 5250 ι,
530 5181 618 5237 10.
709 5179 758 5212 ⁸⁸
821 5178 862 5234 ll
904 5179 1028 5236 Cor.
1079 5196 1161 5247 ιιι,
1196 5178 1283 5234 15.

521 5301 591 5356 '58
645 5302 782 5356 Μετ’
808 5301 1016 5355 αὐτόν.
1041 5299 1328 5355 Ferrarius
1359 5299 1572 5366 legebat
1600 5301 1715 5370 μετ’
1741 5296 1927 5352 αὐτοῦ.

499 5299 618 5443 ί59ζ
649 5372 776 5427 Post
805 5372 991 5443 verba,
1017 5371 1051 5442 ἢ
1079 5369 1170 5424 τὸν
1194 5370 1332 5443 -Υίὸν
1357 5368 1553 5443 αὐτοῦ,
1604 5371 1771 5443 edith
1815 5369 1927 5443 [lue

429 5439 632 5513 habet:
660 5443 708 5513 εἰ
751 5441 1016 5513 προσέθου
1041 5439 1220 5494 καὶτὸ
1247 5440 1466 5513 πνεῦμα
1487 5440 1548 5492 τὸ
1563 5439 1758 5513 αὐτοῦ,
1807 5439 2005 5513 ᾷριστά

430 5531 517 5566 σοι
545 5511 612 5565 ἂν
637 5511 988 5581 ἐθεολογείτο,
1040 5513 1134 5565 καὶ
1183 5511 1510 5564 τελεώτατα.
1562 5511 1758 5581 lterum
1807 5511 1923 5564 inec
1969 5526 1999 5565 a

1392 5180 1438 5210 ⁸⁵
1499 5179 1687 5233 Matth.
1714 5180 1754 5243 ι,
1787 5179 1856 5232 27
1882 5190 1897 5240 ;
1921 5176 2054 5231 Luc.
2082 5191 2139 5240 χ,
2160 5175 2250 5229 ‘22.

2175 5295 2288 5365 (40)
2319 5293 2498 5350 Codex
2549 5293 2896 5360 Bodleianus,
2954 5293 3194 5358 πάθους·
3243 5293 3405 5351 editio
3457 5285 3613 5346 Huetii.

649 5372 776 5427 Post
805 5372 991 5442 verba,
1017 5371 1051 5442 ἢ
1079 5369 1170 5424 τὸν
1194 5370 1332 5442 ,Υἱὸν
1358 5368 1553 5442 αὐτοῦ,
1602 5366 1771 5442 editio
1816 5369 1927 5442 llue

2107 5366 2368 5442 παθόντος
2377 5407 2390 5419 .

2179 5437 2289 5508 (41)
2321 5437 2498 5508 Codex
2531 5433 2878 5508 Bodleianus,
2908 5434 3238 5508 δεδόξασται,

2175 5497 2287 5578 (42)
2309 5505 2527 5578 ,Καὶνδί
2563 5505 2638 5572 ἧς
2672 5497 3178 5578 ἐδοξάσθη-δόξης
3205 5505 3276 5578 ἐξ·
3317 5503 3432 5578 τοῖς
3476 5497 3614 5578 ἐγγω-

431 5583 685 5638 Ferrario
707 5568 911 5638 omissa
944 5568 1090 5645 sunt,
1130 5593 1184 5636 ct
1240 5583 1294 5636 in
1339 5583 1529 5635 codice
1575 5579 1870 5635 Bodleiano
1916 5598 1927 5632 ι

2105 5568 2282 5652 ardori
2309 5568 2497 5652 αὐτὸν
2541 5568 2918 5652 περιεποίησε
2951 5568 3614 5652 δόξανίξτοῖς-ῥπωκόσιτ

435 5633 1325 5726 imiuna'oitgéﬁga:b'iiiérgimiiis
1349 5633 1543 5709 scribae
1600 5633 1673 5706 in:
1709 5633 2000 5722 Origcncm
2110 5650 2314 5703 αὐτόν.
2360 5647 2483 5726 llaec
2540 5633 2919 5726 desiderantur
2969 5633 3295 5726 in:codice;
3315 5633 3510 5726 Regiog
3543 5633 3612 5689 sed

435 5719 934 5781 auimadvertentis.

2114 5730 2332 5776 exstant
2361 5719 2412 5774 in
2441 5719 2753 5775 dodleiauo.
2794 5732 2965 5774 cauue
3000 5716 3209 5772 viderat
3255 5712 3514 5770 Ferrarius
