3712 6138
166 257 273 314 8‘21

1156 255 1516 314 COMMENT.
1558 255 1625 312 IN
1663 255 1856 312 JOAN.
1902 255 2143 312 TOMUS
2181 257 2402 314 XXXII.

3313 261 3418 316 82‘s

165 373 258 426 καὶ
279 371 446 425 εἰκόνι
465 370 559 425 τοῦ
585 371 718 426 Θεοῦ
747 371 980 444 ἀοράτου
1001 372 1029 425 6
1056 375 1321 445 γεννήσας
1350 373 1510 427 αὐτὸν
1532 373 1720 445 Πατὴρ

1914 374 2017 429 lius
2061 388 2127 429 ex
2162 374 2489 442 oeconomia,
2538 376 2676 430 hanc
2720 375 2788 429 ob
2833 387 3050 431 causam
3096 375 3261 430 etiam
3309 375 3417 429 Pa-

167 463 258 517 τοῦ
295 462 552 526 ἐνιδόντος
587 465 652 534 τῇ
679 465 846 517 εἰκόνι
869 464 963 517 τοῦ
994 465 1225 536 ἀοράτου
1247 464 1380 518 Θεοῦ
1406 465 1609 530 εὐθέως
1637 466 1750 518 ἐνο-

167 555 266 623 ρᾷν
291 553 587 623 δυναμένου
616 554 807 624 καὶτῷ
832 553 1171 626 πρωτοτύπῳ
1191 554 1290 626 τῆς
1313 555 1517 619 εἰκόνος
1544 556 1622 626 τῷ
1643 557 1750 608 Πα-

161 646 272 715 τρί.
310 647 426 698 Ἔτι
460 645 518 699 δέ
565 647 657 699 καὶ
686 646 856 710 οὕτως
885 649 1213 719 σαφέστερον
1260 647 1325 702 ἂν
1353 648 1422 702 τά
1459 647 1602 701 κατὰ
1657 647 1748 701 τὸν

160 738 327 789 τόπον
357 738 704 808 λαμϐάνοιτο·
756 740 843 802 Ὠς
875 739 965 793 διά
1003 758 1152 804 τινας
1186 741 1247 794 τὸ
1274 741 1444 810 ὄνομα
1477 741 1568 794 τοῦ
1611 741 1746 796 Θεοῦ

162 836 567 906 βλασφημεῖται
594 834 651 888 ἐν
676 835 790 896 τοῖς
830 833 1056 899 ἔθνεσιν,
1085 832 1226 888 οὕτω
1262 834 1350 888 διὰ
1373 836 1498 899 τοὺς
1536 835 1745 903 ἁγίους,

159 921 237 981 ὧν
273 926 529 996 βλέπεται
564 923 633 978 τά
683 924 822 978 καλὰ
854 925 989 998 ἔργα
1039 925 1396 996 λαμπρότατα
1439 926 1746 998 ἔμπροσθεν

157 1021 268 1074 τῶν
295 1019 618 1091 ἀνθρώπων,
651 1017 932 1084 δοξάζεται
962 1018 1024 1071 τὸ
1071 1018 1240 1089 όνομα
1267 1018 1358 1072 τοῦ
1391 1017 1605 1088 Πατρὺς
1651 1018 1744 1072 τοῦ

159 1112 218 1164 ἐν
262 1112 375 1173 τοῖς
413 1111 680 1179 οὐρανοῖς
717 1110 776 1160 ἐν
801 1108 905 1160 τίνι
924 1105 1016 1162 οὖν
1047 1108 1304 1180 ἐδοξάσθη
1342 1108 1592 1162 τοσοῦτον
1623 1109 1747 1162 ὅσον

159 1205 218 1257 ἐν
258 1201 341 1271 τῷ
401 1202 597 1272 Ἰησοῦ,
645 1202 767 1254 ἐπεὶ
814 1221 831 1252 ι
873 1202 1149 1274 ἁμαρτίαν
1187 1202 1286 1255 οὐκ
1331 1202 1574 1272 ἐποίησε,
1612 1202 1746 1273 μηδέ

159 1293 359 1367 εὑρέθη
383 1295 532 1358 δόλος
550 1297 608 1349 ἐν
632 1294 708 1364 τῷ
739 1295 966 1365 στόματι
997 1294 1185 1359 αὑτοῦ,
1211 1315 1230 1347 ι
1259 1295 1393 1366 μηδέ
1409 1294 1550 1363 ἐγνω
1573 1295 1746 1366 ἁμαρ-

158 1385 316 1452 τίανξ
372 1386 481 1438 Καὶ
529 1383 768 1448 τοιοῦτος
806 1379 900 1438 οὖν
931 1383 1005 1436 ὢν
1039 1385 1067 1437 6
1113 1384 1242 1448 Υἱὸς
1273 1383 1554 1455 ἐδοξάσθη,
1579 1382 1674 1436 καὶ
1715 1383 1744 1434 6

157 1480 291 1544 Θεδς
324 1479 583 1550 ἐδοξάσθη
617 1481 675 1533 ἐν
705 1478 872 1550 αὐτῷ.
905 1480 968 1532 Εἰ
991 1479 1047 1532 δέ
1075 1481 1104 1532 6
1129 1479 1259 1542 Θεὸς
1292 1477 1549 1549 ἐδοξάσθη
1577 1479 1635 1531 ἐν
1655 1478 1746 1532 αὺ-

158 1572 255 1643 τῷ,
284 1573 661 1643 ἀντιδωρεῖται
691 1571 840 1642 αὐτῷ
877 1574 906 1624 6
948 1571 1139 1643 Πατὴρ
1174 1570 1236 1624 τὸ
1270 1572 1451 1642 μεῖζον
1479 1564 1539 1625 οὗ
1567 1572 1596 1624 6
1617 1570 1744 1635 Υἱὸς

157 1663 250 1718 τοῦ
304 1662 596 1735 ἀνθρώπου
632 1662 923 1734 πεποίηκε’
972 1663 1154 1733 μεῖζον
1192 1661 1300 1734 γὰρ
1332 1661 1410 1733 τῷ
1462 1661 1744 1726 δοξάσαντι

155 1751 246 1803 τὸν
275 1751 432 1819 Θεὸν,
465 1751 706 1806 ἐλάττονι
735 1752 823 1805 τὸν
853 1751 1194 1822 διαφέροντα,
1222 1752 1362 1805 κατὰ
1385 1752 1465 1805 τό·
1493 1771 1513 1804 ‹
1554 1754 1611 1805 '0
1635 1754 1744 1806 Πα-

157 1843 259 1913 τὴρ
295 1842 324 1893 6
358 1841 583 1912 πέμψας
637 1859 703 1913 με
747 1841 946 1912 μείζων
992 1841 1100 1914 (45)
1139 1859 1239 1912 μου
1273 1840 1412 1909 ἐστὶ,
1456 1862 1474 1894 ι
1503 1844 1563 1896 τὸ
1590 1844 1744 1910 δοξα-

159 1935 352 2005 σθῆναι
394 1935 485 1987 τὸν
523 1935 648 1988 Υἱὸν
675 1934 768 1988 τοῦ
802 1935 1088 2007 ἀνθρώπου
1117 1935 1212 1988 τοῦ
1238 1936 1348 2006 (Η)
1373 1936 1462 1989 τὸν
1485 1936 1743 1990 ἐλάττονα

156 2028 212 2080 ἐν
238 2024 318 2095 τῷ
356 2025 480 2096 Θεῷ
515 2023 625 2096 (45)
654 2025 941 2097 κρείττονι.
964 2029 1076 2080 Καὶ
1102 2027 1279 2097 πολλῷ
1306 2044 1369 2096 γε
1401 2028 1742 2102 ὑπερέχουσα

157 2119 188 2187 ἡ
212 2118 340 2184 δόξα
378 2120 438 2173 ἐν
473 2117 550 2190 τῷ
575 2119 689 2189 Υἱῷ
730 2119 897 2185 ἐστιν,
932 2121 1022 2174 ὅτε
1051 2119 1261 2185 δοξάζει
1292 2121 1452 2174 αὑτὸν
1477 2123 1505 2174 6
1529 2123 1741 2193 Πατὴρ,

153 2209 188 2279 ἢ
215 2211 271 2262 ἐν
289 2207 368 2279 τῷ
400 2209 596 2280 Πατρὶ,
630 2211 719 2262 ὅτε
755 2210 1012 2282 ἐδοξάσθη
1043 2213 1072 2263 6
1093 2211 1282 2284 Πατὴρ
1307 2214 1363 2266 ἐν
1379 2211 1456 2283 τῷ
1478 2211 1610 2283 Υῐῷ.
1631 2213 1743 2267 Καὶ

156 2301 362 2372 ἔπρεπέ
411 2317 477 2370 γε
523 2301 614 2355 τὸν
650 2302 871 2372 μείζονα
916 2303 1275 2375 ἀμειϐόμενον
1307 2304 1408 2376 τὴν
1450 2305 1629 2371 δόξαν,
1675 2305 1742 2376 ἣν

155 2391 404 2457 ἐδόξασεν
433 2392 594 2446 αὑτὸν
624 2395 652 2445 6
682 2393 831 2458 Υἱὸς,
877 2394 1204 2465 χαρίσασθαι
1245 2395 1323 2467 τῷ
1349 2396 1464 2467 Υἱῷ
1496 2397 1557 2449 τὸ
1584 2395 1742 2460 δοξά-

159 2499 246 2536 σαι
276 2484 442 2536 αὑτὸν
477 2485 534 2536 ἐν
560 2484 728 2554 αὐτῷ,
759 2485 824 2538 ἵν’
857 2487 885 2538 6
921 2487 1048 2550 Υἱὸς
1133 2488 1191 2542 ἐν
1211 2487 1288 2558 τῷ
1309 2487 1425 2558 Θεῷ
1454 2487 1744 2559 δοξαζόμε-

158 2591 262 2638 νος.
294 2570 412 2628 Εἶτ’
454 2574 576 2628 ἐπεὶ¹
619 2576 743 2629 ὅσον
790 2576 1001 2630 οὐδέπω
1042 2577 1217 2632 ταῦτα
1254 2578 1495 2647 γίνεσθαι
1527 2579 1739 2650 ἔμελλε,

157 2666 318 2737 (λέγω
343 2668 402 2720 δέ
433 2667 496 2722 τὸ
519 2669 838 2736 δοξάζεσθαι
866 2670 957 2724 τὸν
975 2671 1102 2725 Υἰὸν
1136 2672 1193 2726 ὲν
1220 2671 1300 2743 τῷ
1332 2672 1493 2744 Θεῷ),
1519 2673 1607 2727 διὰ
1625 2673 1742 2727 τοῦ·

156 2777 213 2812 το
243 2759 496 2832 ἐπιφέρει
523 2762 601 2814 τό·
647 2781 665 2815 ι
701 2763 811 2815 Καὶ
841 2762 1000 2826 εὐθὺς
1029 2762 1238 2829 δοξάσει
1268 2764 1449 2818 αὐτόν.
1488 2784 1508 2816 ι
1557 2765 1741 2821 Ταῦτα

157 2850 213 2903 δὲ
236 2852 334 2906 οὐκ
358 2852 662 2924 ἀγνοοῦμεν
713 2853 891 2925 πολλῷ
933 2851 1070 2906 εἶναι
1103 2855 1359 2908 ἐλάττονα
1393 2847 1466 2908 ὧν
1494 2859 1661 2927 χωρεῖ
1713 2859 1742 2910 6

157 2944 313 3010 τόπος
347 2946 761 3018 ἐξεταζόμενος,
803 2947 1281 3012 άποκαλύπτοντος
1316 2948 1411 3002 τοῦ
1443 2949 1600 3012 Θεοῦ,
1647 2951 1740 3004 καὶ

159 3039 546 3111 ἐπιδημοῦντος
571 3040 662 3094 τοῦ
682 3043 855 3136 Λόγου
891 3041 1053 3095 αὑτοῦ
1075 3041 1156 3104 εἰς
1183 3041 1244 3094 τὸ
1275 3043 1620 3114 παραστῆσαι
1639 3043 1738 3112 τὴν
1765 3078 1806 3136 C

157 3130 304 3196 δόξαν
340 3132 439 3185 τοῦ
473 3132 630 3196 Θεοῦ,
663 3133 755 3187 καὶ
777 3127 820 3202 ᾧ
861 3133 1083 3187 δύναται
1111 3133 1460 3206 δωρήσασθαι
1493 3136 1520 3188 6
1547 3135 1736 3206 Πατὴρ

159 3219 497 3295 δωρούμενος
545 3226 854 3298 γνωσθῆναι
906 3227 1006 3296 τὴν
1060 3229 1236 3280 πᾶσαν
1267 3226 1425 3291 δόξαν
1456 3227 1549 3280 τοῦ
1579 3226 1733 3280 Θεοῦο

158 3313 232 3366 διὸ
246 3315 320 3380 ὡς
350 3317 576 3390 βραχεῖς
606 3319 700 3371 καὶ
728 3317 906 3389 πολλῷ
927 3319 1296 3390 ταπεινότεροι
1329 3319 1428 3388 τῆς
1461 3317 1616 3384 ἀξίας
1630 3319 1740 3372 τῶν

158 3404 348 3474 λόγων,
383 3409 480 3462 καὶ
529 3410 622 3464 ἐπὶ
653 3413 766 3472 τοῖς
791 3409 1057 3486 ἐκτεθεῖσι
1102 3409 1329 3481 χάριτας
1368 3409 1738 3482 ὁμολογοῦμεν

159 3497 233 3568 τῷ
282 3499 404 3571 Θεῷ
460 3495 579 3555 οῦσι
636 3500 816 3574 πολλῷ
878 3500 1089 3574 μείζοσι
1147 3502 1259 3556 (Mil
1314 3502 1416 3565 τῦς
1462 3503 1738 3574 ἡμετέρας

161 3589 329 3656 ἀξίας.

1855 473 1936 518 ιει·
1983 479 2077 533 per
2125 465 2320 519 Filium
2381 466 2716 536 gloriﬁcatus
2767 472 2870 520 est.
2914 463 3009 521 Vel
3063 465 3239 520 illud:
3283 483 3303 517 ι
3351 466 3417 520 Et

1850 555 1993 613 Deus
2015 558 2353 628 gloriﬁcatus
2389 569 2471 614 est
2499 575 2592 629 per
2619 560 2848 625 ipsum,»
2885 560 3230 616 examinabis
3255 561 3416 616 simul

1850 663 1972 702 cum
2001 649 2091 705 illo
2120 651 2263 704 dicto
2295 669 2308 702 :
2342 650 2480 711 «Qui
2534 650 2670 704 vidit
2709 664 2816 716 me,
2862 649 2994 704 vidit
3035 647 3274 715 Patrem,
3323 650 3416 720 qui

1847 740 2007 812 451
2051 742 2197 796 misit
2225 758 2310 798 me
2331 743 2398 796 ⁸⁸.
2425 754 2444 786 ι
2479 742 2704 816 Yidetur
2733 743 2878 798 enim
2914 742 2967 796 in
3003 743 3267 798 Sermone
3295 744 3418 798 exi-

1850 835 2012 888 Stenti
2068 834 2198 899 Deo,
2237 844 2292 890 et
2345 834 2585 906 imagine
2643 833 2935 890 invisibilis
2968 833 3064 890 Dei
3115 834 3278 890 Pater
3323 835 3417 906 qui

1849 923 2024 992 ipsum
2061 924 2286 993 genuit:
2323 940 2447 979 cum
2499 925 2546 980 is
2579 925 2672 996 qui
2723 924 3022 994 inspexerit
3078 925 3131 980 in
3183 926 3419 999 imagine

1849 1018 2142 1074 invisibilis
2188 1020 2307 1084 Dei,
2359 1020 2545 1082 statim
2598 1020 2869 1090 inspicere
2922 1021 3087 1078 etiam
3151 1024 3326 1092 possit
3366 1024 3417 1077 in

1847 1108 2028 1177 Patre,
2074 1111 2167 1178 qui
2202 1118 2284 1164 est
2315 1111 2546 1180 primum
2581 1111 2882 1182 exemplar.
2927 1111 3121 1167 Adhuc
3175 1113 3320 1168 hunc
3363 1114 3416 1166 in

1848 1201 2065 1255 modum
2093 1201 2334 1270 apertius
2356 1202 2517 1256 etiam
2542 1201 2884 1272 interpretari
2904 1212 3082 1272 potest
3105 1203 3194 1257 hic
3221 1201 3372 1256 locus
3395 1214 3415 1254 :

1846 1307 1966 1345 eum
1993 1292 2136 1346 enim
2169 1308 2268 1362 per
2293 1302 2530 1358 sanctos,
2562 1309 2789 1362 quorum
2813 1294 3065 1349 videntur
3095 1294 3231 1350 bona
3253 1309 3418 1363 opera

1847 1383 2278 1454 Splendidissima
2335 1400 2524 1439 coram
2584 1387 2896 1441 hominibus
2953 1387 3020 1451 ⁸⁷,
3083 1385 3417 1456 gloriﬁcetur

1849 1490 2041 1531 nomen
2067 1475 2243 1530 Patris
2265 1476 2319 1530 in
2345 1476 2518 1539 cmlis,
2545 1477 2997 1544 quemadmodum
3022 1479 3186 1530 etiam
3219 1489 3415 1530 nomen

1847 1567 1940 1621 Dei
1977 1581 2072 1635 per
2099 1567 2364 1636 quosdam
2412 1567 2816 1637 blaSphematur
2862 1568 3002 1621 inter
3048 1575 3236 1637 gentes
3265 1567 3332 1633 ⁸⁸,
3363 1569 3416 1621 in

1847 1675 2083 1729 quonam
2139 1660 2364 1730 perinde
2414 1660 2751 1728 glorilieatus
2791 1668 2874 1714 est
2923 1658 3108 1727 Pater,
3156 1669 3318 1730 atque
3358 1661 3413 1714 in

1845 1749 1991 1814 Jesu,
2025 1750 2459 1819 quandoquidem
2498 1766 2517 1800 ι
2553 1760 2832 1818 peccatum
2865 1763 2969 1804 non
3005 1747 3130 1804 fecit
3153 1789 3174 1816 ,
3201 1765 3303 1805 nec
3330 1749 3417 1804 in-

1847 1849 2040 1895 ventus
2068 1839 2169 1894 fuit
2202 1840 2358 1896 dolus
2392 1841 2444 1894 in
2477 1855 2574 1895 ore
2633 1840 2750 1910 ejus
2774 1839 2844 1905 ⁸³,
2878 1855 3116 1910 ineque
3170 1841 3422 1910 cognOVit

1847 1941 2130 2002 peccatum
2156 1933 2181 1986 ’ἓ
2214 1931 2362 1986 Talis
2402 1933 2567 2002 igitur
2610 1949 2731 1988 cum
2756 1943 2900 1988 esset
2927 1932 3120 1999 Filius,
3146 1934 3418 2003 gloriﬁca-

1847 2033 1934 2075 tus
1961 2031 2066 2086 est,
2093 2031 2147 2076 et
2180 2022 2321 2077 Deus
2343 2021 2679 2090 gloriﬁcatus
2712 2038 2806 2092 per
2841 2023 3015 2092 ipsum
3049 2033 3150 2079 est.
3183 2024 3339 2090 Quod
3369 2026 3417 2081 si

1846 2114 1986 2168 Deus
2019 2114 2355 2184 gloriticatus
2385 2124 2469 2169 est
2497 2128 2592 2184 per
2622 2114 2820 2182 ipsum,
2863 2115 3007 2169 Deus
3047 2115 3131 2169 illi
3174 2117 3416 2173 vicissim

1845 2205 2013 2260 donat
2064 2205 2209 2276 quod
2261 2206 2435 2276 majus
2473 2215 2557 2262 est
2613 2220 2672 2260 re
2721 2206 2808 2260 illa
2857 2221 3022 2276 quam
3069 2207 3196 2262 fecit
3242 2207 3416 2265 Filius

1844 2298 2104 2353 hominis.
2131 2296 2304 2366 Majus
2335 2299 2480 2353 enim
2512 2307 2598 2353 est
2626 2300 2769 2368 quod
2815 2297 2981 2354 Filius
3027 2300 3262 2356 hominis
3295 2301 3414 2371 glo-

1844 2394 2089 2447 rilicatus
2121 2391 2286 2445 fuerit
2318 2407 2413 2461 per
2438 2392 2605 2446 Deum
2634 2433 2648 2457 ,
2685 2391 2912 2446 inferior
2941 2406 3040 2462 per
3073 2393 3416 2461 prazstantio-

1843 2501 1979 2552 rem,
2007 2499 2168 2554 quam
2197 2487 2338 2554 quod
2366 2482 2592 2539 inferior
2634 2485 3020 2554 gloriﬁcaverit
3050 2486 3216 2540 Deum
3270 2499 3413 2555 prte-

1842 2579 2161 2634 stantiorem
2182 2575 2334 2643 juxta
2359 2575 2529 2632 illud:
2562 2594 2582 2628 ι
2615 2575 2777 2632 Pater
2803 2578 2895 2648 qui
2930 2579 3080 2631 misit
3107 2592 3214 2644 me,
3245 2580 3418 2648 major

1843 2687 1928 2725 me
1953 2680 2036 2725 est
2070 2671 2134 2726 9°.
2152 2692 2170 2724 ι
2208 2672 2386 2742 Atque
2413 2669 2657 2740 profecto
2683 2669 2846 2739 longe
2868 2671 3220 2727 excellentior
3243 2670 3416 2741 gloria

1841 2771 1923 2818 est
1961 2764 2013 2816 in
2045 2762 2205 2829 Filio,
2236 2763 2452 2833 quando
2489 2761 2759 2833 gloriﬁcat
2802 2765 2974 2832 ipsum
3008 2763 3190 2831 Pater,
3249 2777 3416 2832 quam

1842 2853 1915 2906 sit
1943 2852 1994 2906 in
2023 2851 2207 2920 Patre,
2248 2853 2468 2923 quando
2502 2852 2838 2924 gloriﬁcatus
2867 2853 3030 2909 fuerit
3071 2871 3166 2926 per
3191 2853 3413 2910 Filium.

1841 2946 2185 3016 Decebatque
2212 2945 2458 3016 profecto
2487 2985 2502 3008 ,
2537 2956 2594 2999 ut
2630 2945 2803 3016 major
2830 2945 3072 3001 vicissim
3109 2948 3416 3016 rependens

1841 3038 2086 3107 gloriam,
2119 3053 2224 3108 qua
2253 3037 2588 3108 gloriﬁcarat
2633 3050 2756 3091 eum
2785 3034 2978 3101 Filius,
3013 3039 3415 3108 gratiﬁcaretur

1844 3129 1981 3184 Filio
2016 3129 2370 3200 gloriﬁcaudo
2401 3143 2525 3184 eum
2552 3127 2603 3181 in
2635 3141 2694 3182 se
2722 3127 2902 3183 Patre.
2928 3128 3132 3185 Deinde
3155 3133 3414 3201 quoniam

1844 3225 1960 3279 hate
1983 3225 2095 3294 jam
2132 3223 2311 3278 l'utura
2358 3232 2515 3277 erant
2562 3223 2721 3293 (dico
2767 3232 2947 3277 autem
2991 3223 3288 3293 gloriﬁcari
3321 3227 3415 3281 Fi-

1843 3315 1972 3369 lium
2019 3315 2259 3370 hominis
2307 3329 2404 3386 per
2437 3313 2650 3386 Deum)
2697 3314 2901 3370 idcirco
2945 3316 3223 3387 subjungit
3251 3334 3266 3371 :
3297 3317 3414 3372 «Et

1843 3408 2100 3463 continuo
2129 3407 2458 3478 gloriﬁcabit
2491 3423 2616 3462 eum
2649 3406 2716 3462 ".
2749 3424 2770 3459 ι
2802 3407 2912 3462 Νεε
2947 3423 3075 3465 vero
3100 3409 3415 3481 ignoramus

1840 3503 1956 3556 haec
1980 3503 2139 3572 longe
2165 3500 2426 3555 inferiora
2465 3515 2586 3556 esse
2625 3501 2708 3557 his
2741 3517 2862 3572 qua:
2901 3517 3141 3571 prmSens
3168 3504 3414 3574 requirat

1840 3594 2015 3660 locus,
2051 3607 2213 3662 quem
2245 3607 2391 3648 nunc
2417 3593 2792 3649 examinamus
2818 3593 3093 3650 revelante
3149 3593 3259 3651 Deo
3280 3632 3301 3663 ,
3355 3604 3412 3652 et

162 3695 423 3750 praesente
456 3689 753 3744 exsistente
783 3689 962 3744 Verbo
1011 3704 1111 3744 suo
1161 3689 1231 3744 ad
1273 3689 1750 3746 demonstrandum
1806 3687 2035 3759 gloriam
2067 3687 2204 3741 Dei:
2233 3684 2255 3758 [
2287 3685 2425 3758 (ιτ)
2473 3686 2670 3759 cuique
2731 3685 2896 3742 Pater
2940 3687 3072 3741 dare
3108 3697 3313 3757 posset,
3351 3696 3415 3742 ut

163 3780 333 3834 omnis
395 3781 490 3837 Dei
533 3783 703 3853 gloria
769 3783 1260 3857 cognosceretur.]
1315 3783 1494 3851 Quare
1545 3784 1714 3840 veluti
1773 3783 1950 3854 parvi,
2003 3793 2058 3839 et
2104 3783 2264 3851 longe
2322 3781 2649 3851 abiectiores
2695 3797 2857 3852 quam
2903 3783 3146 3853 dignitas
3199 3797 3409 3838 sermo-

163 3884 286 3923 num
321 3871 532 3939 exigat,
558 3873 766 3940 gratias
796 3873 903 3928 Deo
935 3889 1160 3943 agamus
1195 3889 1292 3941 pro
1319 3873 1402 3929 bis
1429 3888 1549 3944 quae
1571 3874 1960 3942 exposuimus;
2018 3889 2141 3943 qua:
2195 3873 2354 3944 longe
2381 3881 2508 3929 sunt
2538 3871 2742 3941 majora
2791 3881 2976 3930 nostra
3013 3876 3300 3946 dignitate.

230 3959 314 4015 19.
344 3979 364 4012 ι
387 3962 611 4028 Τεκνία,
647 3962 727 4016 ἐτι
760 3965 953 4037 μικρὸν
981 3966 1100 4037 μεθ’
1120 3967 1272 4038 ὑμῶν
1306 3970 1450 4039 εἰμι·
1490 3969 1733 4040 Ζητήσε-

1912 3967 2002 4025 l9.
2055 3986 2075 4019 ι
2108 3966 2307 4034 Filioli,
2371 3968 2549 4024 adhuc
2605 3965 2886 4037 paulisper
2938 3971 3225 4026 vobiscum
3267 3986 3406 4026 sum.

161 4056 214 4106 τέ
253 4071 339 4124 με,
389 4056 486 4109 καὶ
529 4054 712 4121 καθὼς
744 4053 896 4111 εἶπεν
935 4063 1049 4126 τοῖς
1092 4061 1387 4126 Ἰουδαίοις,
1428 4063 1511 4114 ὅτι
1554 4063 1725 4116 Ὅπου

1912 4060 2103 4115 iaaretis
2133 4075 2239 4127 me,
2271 4069 2326 4116 et
2351 4061 2494 4116 sicut
2525 4060 2635 4114 dixi
2663 4058 2862 4116 Judaeis
2895 4080 2909 4116 :
2943 4060 3060 4129 Quo
3101 4077 3202 4132 ego
3247 4063 3406 4126 abeo,

162 4145 266 4214 ἐγώ
301 4149 440 4219 εἰμι,
476 4148 635 4219 ὑμεῖς
675 4150 737 4202 οὐ
779 4150 1006 4204 δύνασθε
1045 4152 1238 4217 ἐλθεῖν,
1287 4153 1380 4207 καὶ
1413 4153 1540 4224 ὑμῖν
1586 4153 1725 4222 λέγω

1912 4166 1934 4206 s
1969 4165 2075 4206 non
2101 4153 2330 4220 potestis
2365 4154 2551 4208 venire
2581 4170 2598 4221 ;
2631 4162 2688 4208 et
2725 4154 2878 4210 vobis
2917 4153 3039 4209 dico
3088 4169 3235 4209 nunc
3279 4154 3345 4207 ³⁸.
3381 4173 3402 4206 ι

160 4239 298 4311 άρτι.
329 4259 348 4292 ι
384 4240 719 4310 Συναγαγὼν
769 4244 834 4296 ἐκ
876 4243 984 4296 τῶν
1009 4243 1357 4313 Εὑαγγελίων
1373 4245 1473 4308 τὰς
1506 4245 1583 4308 ὡς
1623 4244 1725 4299 ὑπὸ

1920 4257 1971 4295 m
2003 4241 2291 4312 collegeris
2319 4257 2386 4297 ex
2408 4242 2721 4313 Evangeliis
2750 4260 2912 4300 voces
2940 4259 3061 4314 quae
3091 4245 3346 4300 dicuntur
3374 4260 3405 4300 ε

162 4332 367 4406 Πατρδς
383 4335 476 4388 τοῦ
502 4336 752 4407 Σωτῆρος
771 4339 803 4407 ἡ
811 4336 927 4408 μῶν
958 4337 1255 4409 λεγομένας
1274 4339 1409 4412 πρὸς
1440 4339 1604 4393 τέκνα
1621 4356 1725 4409 φω-

1913 4341 2130 4388 rvatore
2166 4345 2377 4400 nostro,
2404 4344 2660 4406 tanquam
2697 4351 2729 4392 a
2756 4348 2912 4404 patre
2941 4337 3008 4392 ad
3039 4337 3199 4405 ﬁlios,
3234 4337 3408 4392 conﬁ-

161 4423 270 4491 νὰς,
301 4425 495 4499 θάρρει
521 4427 721 4497 λέγειν,
750 4429 831 4482 ὅτι
858 4430 1020 4484 τινῶν
1049 4433 1076 4484 6
1106 4432 1296 4503 Σωτὴρ
1335 4433 1528 4504 Πατήρ
1560 4434 1725 4486 ἐστιν·

1912 4444 1953 4484 ;o
2001 4429 2189 4485 dicere
2255 4429 2603 4484 Servatorem
2657 4415 2778 4483 esse
2825 4426 3129 4497 aliquorum
3170 4435 3406 4497 patrem.

160 4516 236 4585 τῷ
276 4521 373 4590 μὲν
418 4522 530 4593 γὰρ
580 4524 936 4595 παραλυτικῴ
987 4543 1140 4596 φησι·
1193 4545 1211 4578 ι
1252 4528 1474 4599 Θάρσει,
1520 4528 1730 4596 τέκνον,

163 4607 402 4678 ἀφίενται
439 4631 523 4667 σοι
554 4616 610 4670 αἱ
627 4617 912 4688 ἁμαρτίαι·
950 4637 970 4670 ι
1006 4622 1074 4690 τῇ
1100 4619 1156 4673 δέ
1178 4620 1564 4692 αἱμορῤοούσῃ·
1587 4640 1606 4673 ι
1628 4620 1733 4674 Θύ-

163 4717 343 4775 γατερ,
376 4708 410 4776 ἡ
452 4707 636 4770 πίστις
673 4724 765 4761 σου
796 4710 1002 4763 σέσωκέ
1036 4728 1114 4764 σε.
1155 4732 1173 4764 ι
1210 4713 1321 4766 Καὶ
1353 4711 1448 4766 νῦν
1480 4716 1592 4776 τοῖς
1628 4731 1732 4784 μα-

164 4793 343 4866 θηταῖς
373 4799 524 4870 λέγει
569 4802 646 4854 τό·
683 4821 701 4854 ι
739 4804 955 4871 Τεκνία,
999 4824 1017 4856 ι
1049 4805 1423 4874 ἐμφαίνοντος,
1459 4803 1635 4876 οἶμαι,
1676 4806 1732 4860 τί

163 4887 250 4939 καὶ
278 4888 370 4943 τοῦ
403 4893 847 4965 ὑποκοριστικοῦ,
869 4897 961 4949 καὶ
998 4898 1337 4961 διδάσκοντος
1370 4897 1467 4968 τὴν
1485 4899 1564 4951 ἔτι
1593 4899 1729 4971 βρα-

1835 4521 2016 4593 lnquit
2042 4523 2188 4577 enim
2221 4521 2522 4594 paralytieo
2557 4520 2602 4553 ⁸³
2632 4539 2645 4575 :
2677 4538 2695 4574 ι
2734 4519 2977 4585 Conﬁde,
3003 4519 3098 4585 illi,
3119 4520 3410 4578 remittun-

1836 4625 1925 4670 tur
1961 4613 2056 4668 tibi
2086 4612 2250 4684 452
2277 4623 2498 4684 peccata
2522 4630 2536 4681 ;
2569 4631 2588 4666 ι
2627 4612 2841 4667 feminae
2863 4625 2992 4669 vero
3014 4611 3160 4666 ﬁuxu
3182 4613 3410 4683 sangui-

1837 4708 1922 4762 nis
1954 4705 2223 4763 laboranti
2251 4724 2266 4762 :
2297 4726 2314 4759 ι
2334 4707 2492 4773 Filia,
2519 4707 2650 4761 ﬁdes
2680 4715 2770 4760 tua
2799 4713 2852 4760 te
2877 4705 3083 4760 salvam
3115 4703 3265 4762 fecit.
3297 4704 3398 4761 ⁹⁸.ι

1835 4800 1990 4856 Nune
2037 4800 2201 4855 etiam
2238 4798 2516 4869 discipulis
2572 4797 2750 4868 inquit
2781 4811 2797 4851 :
2830 4815 2850 4850 ι
2881 4797 3060 4854 Filioli
3086 4815 3102 4865 ;
3130 4817 3151 4851 ι
3213 4807 3404 4855 osten-

1834 4890 2017 4958 dente,
2073 4893 2287 4961 Opinor,
2332 4891 2461 4947 Jesu
2510 4891 2829 4951 nonnullum
2883 4892 3214 4948 blandientis
3270 4891 3405 4948 all‘e-

163 4973 358 5069 χῦτητα
388 4980 490 5051 τῆς
515 4981 622 5035 τῶν
649 4983 959 5039 ἀποστόλων
998 4986 1175 5057 ψυχῆς
1205 4987 1346 5069 τότε.
1391 4988 1515 5041 Ἐὰν
1550 4988 1608 5041 δέ
1646 5006 1725 5052 τις

1912 5001 2000 5051 im,
2025 4984 2294 5053 simulque
2326 4984 2554 5038 docente
2574 4985 2854 5054 apostolos
2873 4988 3037 5041 etiam
3078 4994 3189 5040 tum
3218 4985 3405 5040 animo

165 5065 308 5140 ζητῇ·
324 5065 432 5142 Ἀρ
449 5071 462 5090 ’
481 5069 574 5127 οὖν
590 5075 619 5127 6
641 5077 1003 5148 παραλυτικὸς
1026 5065 1256 5142 ἁκούων,
1277 5077 1498 5142 Τέκνον,
1523 5081 1731 5134 ἐντελέ-

167 5173 340 5229 στερος
359 5157 428 5232 ἦν
455 5162 562 5216 τῶν
588 5164 696 5235 (67)
721 5167 858 5238 πρὸς
880 5167 972 5231 οὒς
995 5171 1023 5222 6
1054 5169 1222 5237 Λόγος
1238 5169 1390 5240 φησὶ,
1425 5187 1443 5219 ι
1469 5171 1726 5226 Τεκνεαοι

1830 5074 2055 5145 pusillos
2081 5090 2223 5130 esse.
2257 5075 2352 5130 Sin
2382 5091 2515 5131 vero
2549 5084 2759 5143 quaarat
2787 5076 2985 5147 aliquis
3018 5091 3148 5130 num
3178 5077 3400 5148 paraly-

1833 5170 1972 5223 licus
2028 5169 2203 5223 dictus
2257 5167 2425 5235 ﬁlius,
2484 5169 2864 5227 honorabilior
2913 5171 2986 5227 sit
3038 5169 3147 5225 illis
3203 5170 3405 5239 quibus

166 5247 394 5316 άκούσει,
427 5254 531 5316 ὅτι,
564 5256 618 5308 εἴ
659 5274 742 5321 τις
779 5258 876 5329 μέν
919 5261 1035 5312 ἐστι
1075 5259 1571 5326 τεχνίον,ιπόιντως
1612 5264 1725 5318 ἐστὶ

1919 5261 2001 5314 ius
2032 5259 2126 5315 Dei
2152 5261 2311 5327 dixit,
2344 5280 2364 5312 ‹
2387 5260 2620 5327 Filioli,)
2648 5263 2694 5316 is
2722 5263 2858 5318 sciat
2887 5277 3013 5317 eum
3037 5263 3132 5332 qui
3162 5261 3235 5317 sit
3259 5262 3401 5316 ﬁlio-

229 5340 272 5372 ⁸⁸
303 5341 458 5398 Joan.
494 5361 594 5404 xu.
793 5351 838 5381 ⁸⁷
884 5350 1072 5405 Matth.
1121 5368 1168 5414 ν,
1206 5352 1291 5404 -|6.

1399 5353 1446 5385 ⁸⁸
1487 5352 1646 5409 Rom.
1686 5370 1746 5411 ιι.
1775 5354 1873 5409 24.
1937 5355 2022 5410 “l
2058 5356 2205 5414 Petr.
2233 5371 2293 5419 ιι,
2321 5355 2411 5409 22.

2517 5356 2564 5388 “
2590 5355 2750 5412 Joan.
2804 5372 2920 5426 xrv,
2964 5355 3055 5413 28.
3158 5356 3204 5390 “
3239 5355 3403 5416 δοκι.

171 5425 276 5478 xm,
321 5414 410 5467 δέ.
485 5414 533 5446 ’⁸
571 5417 728 5472 Joan.
775 5433 908 5483 xm,
960 5422 1049 5475 55.
1125 5421 1172 5453 ³³
1222 5423 1412 5477 Matth.
1459 5440 1536 5487 Ix,
1586 5426 1642 5479 2.
1719 5429 1725 5459 ¹

1912 5427 1979 5482 Lh.
2015 5442 2096 5490 Ix,
2119 5425 2211 5483 22.

231 5505 337 5572 (45)
370 5507 549 5590 aede:
582 5512 801 5582 Regius,
843 5515 1002 5576 male,
1029 5514 1173 5569 κατὰ
1201 5516 1230 5567 6
1260 5517 1450 5590 Πατὴρ
1500 5519 1529 5571 6
1575 5518 1718 5590 πέμ..

169 5573 263 5642 φας
297 5577 518 5646 μείζων,
545 5591 648 5636 etc.

234 5646 340 5728 ρει)
369 5649 500 5728 {at}.
526 5647 680 5728 Deest
705 5655 757 5728 in
781 5656 968 5711 codice
1007 5657 1192 5728 Regio.

231 5715 340 5787 (45)
368 5717 510 5784 Θεῷ.
541 5719 697 5780 Deest
729 5727 784 5782 in
805 5727 992 5784 eodem
1028 5715 1211 5785 co‘dice
1243 5729 1430 5794 Regio.

1921 5519 2009 5592 46)
2039 5520 2217 5592 Codex
2238 5519 2482 5592 ARegius,
2517 5522 2720 5592 μεῖζον.

1922 5590 2012 5661 47)
2061 5590 2203 5644 Τῶν.
2238 5590 2395 5645 Deest
2424 5593 2476 5644 in
2515 5590 2703 5648 codice
2725 5591 2915 5662 Regio.

1921 5662 2034 5734 ἐτ’)
2056 5663 2180 5718 Haec
2201 5662 2567 5732 suppleviinus
2587 5679 2617 5718 e
2643 5663 2914 5719 Periouio.

1898 5520 1918 5732 ἓ
