3712 6138
314 368 382 425 $1
394 371 422 424 ι
1755 364 1895 423 οιιιι

2049 364 2083 419 5
3465 363 3577 416 813

322 497 443 539 rum
493 478 588 538 ﬁlii
615 477 702 549 “;
742 498 761 534 ι
795 474 851 539 et
880 468 1045 539 illud:
1082 500 1102 534 ι
1136 481 1245 540 Nos
1295 493 1479 541 autem
1513 497 1602 554 qun
1649 482 1753 538 diei
1797 482 1895 539 ﬁlii

2049 494 2169 543 am;-
2210 477 2304 532 καὶ
2343 475 2463 531 κατ’
2502 474 2693 549 ἐξοχὴν
2726 474 2826 529 οὐκ
2860 468 2929 546 ἦν
2960 461 3056 541 νῦξ
3094 472 3175 545 τῷ
3233 473 3578 546 ἀνακειμένῳ

320 586 529 641 sumus,
558 571 729 629 sobrii
754 571 927 630 simus
950 571 1021 627 “.
1061 591 1082 627 ι
1116 572 1476 640 Quamobrem
1507 588 1612 629 nox
1635 587 1740 630 non
1770 578 1889 629 erat

2049 587 2054 612 ν
2088 568 2166 641 τῷ
2199 568 2382 640 κόλπῳ
2417 566 2512 622 τοῦ
2562 565 2734 640 Ἰησοῦ
2757 583 2771 598 ο
2812 566 3002 637 ἠγάπα
3039 564 3147 637 γὰρ
3184 565 3348 620 αὐτὸν
3391 567 3422 619 6
3470 567 3509 619 Ἰ
3522 584 3571 635 η-

319 665 408 724 bis
449 677 687 736 quorum
729 663 899 738 pedes
939 664 1146 722 laverat
1172 665 1326 722 Jesus
1348 709 1366 735 ,
1393 667 1487 723 sed
1525 666 1683 733 dies”,
1717 680 1889 736 eaque

2049 662 2141 728 ιῦς,
2175 663 2270 716 καὶ
2305 664 2370 734 τῇ
2402 661 2594 733 ἀγάπῃ
2623 659 2745 714 ἔλυε
2778 660 2888 713 πᾶν
2920 658 2982 712 τὸ
3022 659 3231 722 σκότος.
3279 657 3420 712 Ἀλλ’
3452 658 3582 713 οὐδὲ
3610 698 3613 707 ,

318 754 776 825 splendidissima,
802 763 861 810 ut
889 755 981 825 qui
1011 755 1123 824 jam
1154 757 1396 813 mundati
1425 766 1610 813 essent
1657 755 1889 827 abiecis-

2049 756 2189 828 ἐτρῳ
2224 755 2572 826 ὁμολογοῦντι
2608 753 2670 808 τό
2693 770 2707 784 ·
2754 771 2775 806 ι
2811 755 2886 808 Σὺ
2942 750 2993 807 εῐ
3027 752 3056 806 6
3101 752 3338 826 Χριστὸς
3374 756 3407 809 6
3448 753 3582 818 Υἱὸς

315 854 548 915 sentque
573 848 763 903 sordes
795 862 931 916 quas
973 846 1028 902 in
1075 849 1307 919 pedibus
1337 849 1529 905 animae
1574 864 1685 906 sua:
1717 848 1887 904 habeo

2049 845 2088 900 ιῦ
2146 843 2281 902 Θεοῦ
2334 844 2426 899 τοῦ
2485 842 2712 910 ζῶντος,
2757 862 2777 898 ι
2819 843 3269 915 ἀποκαλύψαντος
3305 844 3450 915 αὐτῷ
3482 844 3583 898 τοῦ

315 937 494 1004 bant;
535 935 906 993 excellentiori
942 939 1107 993 etiam
1158 942 1317 996 modo
1360 956 1466 996 nox
1501 956 1608 997 non
1638 950 1763 996 erat
1807 956 1890 997 re-

2049 937 2244 1009 ιρανίου
2271 937 2481 1007 Πατρὸς
2503 976 2519 1001 ,
2546 936 2641 1004 νὺξ
2674 932 2773 1009 ἦν·
2810 937 2947 992 ἀελλά
2985 936 3082 1005 νὺξ
3118 938 3235 1009 ἅμα
3280 937 3430 1009 αὐτῷ
3462 935 3586 1009 (Si)

1992 1030 2089 1085 καὶ
2119 1029 2346 1102 ἄρνησις
2381 1025 2467 1101 ἦν.
2503 1028 2613 1083 Καὶ
2651 1028 2746 1085 νῦν
2783 1028 2965 1085 τοίνυν
3006 1030 3096 1084 ὅτε
3151 1029 3332 1084 λαϐὼν
3368 1028 3432 1085 τὸ
3462 1029 3588 1100 ψω-

1997 1122 2119 1194 μίον
2146 1123 2175 1176 6
2219 1121 2421 1187 Ἰούδας
2466 1120 2689 1192 ἐξῆλθεν
2717 1120 2881 1186 εὐθὺς
2902 1162 2918 1187 ,
2962 1122 3103 1176 τότε
3134 1120 3396 1188 ἐξελθόντι
3424 1116 3589 1193 αὐτῷ

1993 1215 2089 1284 νὺξ
2112 1211 2181 1287 ἦν
2205 1232 2219 1247 ’
2248 1215 2310 1270 οὐ
2329 1214 2440 1288 γὰρ
2461 1215 2644 1285 παρῆν
2671 1213 2820 1285 αὐτῷ
2845 1217 2873 1268 6
2895 1214 3035 1286 ἀνὴρ
3057 1206 3102 1283 ᾧ
3124 1214 3295 1285 ὄνομα
3319 1198 3591 1286 ἀνατολὴ,

1993 1307 2347 1364 καταλιπόντι
2374 1309 2431 1362 ἐν
2467 1306 2545 1379 τῷ
2576 1306 2950 1379 ἐξεληλυθέναι
2974 1307 3064 1361 τὸν
3104 1307 3204 1377 τῆς
3231 1307 3594 1379 δικαιοσύνης

1991 1401 2160 1473 ἥλιον.
2189 1400 2299 1454 Καὶ
2326 1399 2515 1453 ἐδίωκε
2545 1398 2645 1470 μὲν
2665 1399 2757 1453 τὸν
2792 1398 3001 1470 Ἰησοῦν
3028 1401 3057 1452 6
3084 1398 3284 1464 Ἰούδας
3314 1398 3415 1468 τῆς
3443 1414 3593 1451 σκο-

1992 1493 2114 1557 τίας
2145 1493 2597 1566 πεπληρωμένος·
2626 1493 2741 1548 ἀλλ’
2772 1494 2807 1564 ἡ
2839 1491 3056 1557 σκοτία,
3082 1490 3176 1545 καὶ
3210 1491 3238 1543 6
3269 1487 3593 1560 ἀνειληφὼς

316 1589 400 1638 est
425 1579 591 1637 ludas
613 1591 827 1652 sumpta
856 1580 1040 1648 olfula,
1078 1598 1201 1638 mox
1234 1584 1336 1641 sibi
1368 1600 1586 1656 egresso
1610 1600 1717 1640 nox
1744 1584 1885 1651 fuit;

2049 1588 2164 1661 ϋτὴν
2192 1588 2254 1642 ού
2286 1587 2579 1659 κατείληφε
2603 1587 2663 1641 τὸ
2688 1585 3014 1656 διωκόμενον
3046 1583 3182 1655 φῶς.
3229 1581 3319 1637 Διὸ
3357 1584 3455 1636 καὶ
3490 1583 3592 1637 ὅτε

318 1687 422 1730 nec
449 1678 594 1729 enim
618 1671 730 1728 illic
748 1671 836 1728 ille
858 1673 940 1728 vir
958 1674 1168 1741 aderat,
1188 1677 1272 1731 cui
1296 1691 1490 1732 nomen
1513 1684 1599 1733 est
1624 1676 1884 1744 Oriens";

2049 1695 2147 1732 πεν
2170 1678 2246 1742 ὡς
2268 1677 2615 1750 δικαιοσύνης
2638 1676 2794 1747 λόγον
2818 1678 2881 1731 τό
2898 1693 2913 1708 ο
2946 1695 2966 1729 ‹
2982 1678 3262 1749 Ἥμαρτον
3294 1676 3591 1749 παραδοὺς

316 1763 527 1820 scilicet
555 1762 886 1834 reliquerat,
942 1764 1070 1820 dum
1121 1767 1493 1836 egrederetur,
1524 1768 1751 1838 iustitiae
1786 1767 1887 1824 So-

2049 1765 2135 1841 ῗμα
2161 1769 2385 1835 δίκαιον,
2420 1789 2438 1821 ›
2475 1767 2728 1823 ἀπελθὼν
2756 1766 3060 1840 ἀπήγξατο,
3087 1766 3183 1821 τοῦ
3212 1770 3268 1822 ἐν
3295 1767 3442 1840 αὐτῷ
3476 1768 3595 1822 Σα-

316 1854 423 1912 lem
449 1855 519 1914 ⁸³.
553 1855 635 1912 Ac
660 1853 847 1911 Jesum
880 1858 1097 1927 quidem
1149 1859 1578 1928 persequebatur
1610 1858 1779 1917 Judas
1812 1871 1892 1917 te-

2049 1863 2128 1917 ινᾶ
2157 1860 2318 1933 μέχρι
2344 1861 2444 1931 τῆς
2468 1861 2704 1933 ἀγχόνης
2729 1860 2890 1915 αὑτὸν
2918 1861 3447 1933 χειραγωγήσαντος,
3482 1858 3592 1915 καὶ

317 1028 595 1086 cumbenti
626 1030 682 1085 in
731 1030 852 1086 sinu
879 1029 1034 1098 Jesu,
1076 1032 1220 1103 quod
1251 1031 1409 1090 Jesus
1451 1047 1637 1091 amore
1665 1048 1778 1106 quo
1822 1034 1889 1090 il-

317 1120 428 1177 lum
481 1123 913 1195 prosequebatur
955 1133 1179 1181 cunctas
1211 1125 1464 1183 solvisset
1504 1128 1776 1184 tenebras.
1809 1127 1886 1184 Ac

316 1229 390 1270 ne
408 1213 570 1271 Petro
591 1215 806 1286 quidem
837 1231 945 1272 nox
966 1225 1084 1271 erat
1107 1218 1383 1274 conﬁtenti
1407 1218 1461 1274 id
1484 1222 1628 1288 quod
1651 1219 1752 1275 sibi
1776 1232 1889 1275 coe-

315 1300 471 1361 lestis
503 1305 592 1362 ille
614 1306 775 1362 Pater
799 1306 1085 1376 revelarat,
1116 1324 1343 1379 nempe:
1377 1329 1396 1361 ι
1436 1314 1506 1365 l'u
1531 1323 1591 1365 es
1613 1311 1699 1366 ille
1726 1308 1887 1366 Chri-

316 1405 456 1466 stus,
484 1396 577 1453 ille
603 1396 772 1455 Filius
812 1397 908 1454 Dei
934 1399 1165 1455 viventis
1193 1400 1295 1463 ⁸¹;›
1332 1401 1418 1456 cui
1450 1407 1632 1457 tamen
1667 1404 1887 1473 neganti

319 1502 431 1545 nox
460 1487 748 1544 confestim
770 1487 890 1544 fuit.
917 1489 1094 1544 Etiam
1130 1506 1272 1547 nunc
1296 1491 1461 1562 igitur
1482 1507 1604 1547 cum
1630 1505 1888 1563 egressus

318 1950 611 2005 nebrarum
638 1947 873 2018 plenus;
905 1948 1001 2003 sed
1039 1949 1297 2016 tenebrae,
1322 1961 1377 2005 et
1413 1950 1505 2021 qui
1555 1951 1700 2021 ipsas
1739 1966 1889 2009 rece-

315 2049 492 2113 perat,
524 2056 630 2097 non
665 2039 1138 2111 apprehenderunt
1167 2040 1343 2096 lucem
1360 2041 1409 2076 "
1425 2058 1586 2113 quam
1608 2058 1893 2115 perseque-

315 2135 534 2190 bantur.
583 2133 848 2201 Quocirca
891 2147 1015 2190 cum
1070 2133 1298 2190 dixisset
1356 2147 1614 2205 tanquam
1666 2133 1892 2206 iustitiae

2000 1955 2092 2008 ἐπὶ
2116 1955 2321 2027 ταύτην
2348 1954 2509 2009 αὐτὸν
2548 1955 2987 2026 ἀναρτήσαντος,
3020 1955 3109 2008 ὅτε
3135 1956 3230 2009 καὶ
3259 1956 3358 2027 τῆς
3394 1956 3595 2027 ψυχῆς

1999 2046 2163 2103 αὐτοῦ
2202 2049 2230 2101 6
2269 2046 2514 2110 διάϐολος
2544 2047 2716 2117 ἥψατο
2735 2064 2749 2078 ο
2781 2047 2842 2100 οὐ
2872 2046 2981 2119 γὰρ
3023 2042 3092 2118 ἦν
3120 2045 3355 2113 τοιοῦτος
3382 2049 3460 2112 ὡς
3495 2048 3593 2101 λε-

1996 2140 2191 2213 χθῆναι
2236 2142 2365 2214 περὶ
2392 2141 2557 2195 αὐτοῦ
2607 2139 2713 2194 ὑπὸ
2738 2140 2943 2210 Κυρίου
2972 2178 2985 2200 ,
3014 2140 3151 2212 ὅπερ
3193 2139 3403 2212 εἴρηται
3443 2140 3589 2211 περὶ

315 2240 624 2282 sermonem
645 2242 660 2280 :
680 2245 700 2279 ι
718 2224 945 2282 Peccavi
976 2225 1197 2283 tradens
1227 2227 1541 2298 sanguinem
1562 2226 1764 2296 justum
1781 2228 1883 2296 ",1

2049 2229 2091 2285 δῦ
2127 2231 2247 2285 Ἰὼϐ
2272 2234 2409 2305 πρὸς
2437 2233 2526 2287 τὸν
2546 2232 2788 2287 διάϐολον
2811 2247 2824 2260 ·
2866 2250 2885 2284 ι
2909 2231 3065 2285 Ἀλλά
3077 2232 3176 2303 τῆς
3206 2230 3383 2302 ψυχῆς
3405 2230 3589 2287 αὐτοῦ

317 2318 596 2387 prolectus
639 2317 834 2390 laqueo
891 2333 951 2375 se
1009 2318 1356 2391 praefocavit;
1385 2317 1587 2374 Satana
1629 2320 1886 2375 nimirum

1997 2322 2074 2394 μὴ
2116 2322 2247 2395 διψῖιι
2289 2342 2306 2375 ι

317 2408 492 2479 quiin
532 2408 648 2480 ipso
678 2417 818 2476 erat,
858 2424 980 2466 eum
1011 2425 1182 2480 usque
1206 2411 1274 2465 ad
1309 2411 1563 2481 laqueum
1628 2413 2031 2482 adducente,'et
2090 2413 2142 2469 in
2172 2415 2278 2471 hoc
2332 2415 2509 2485 ipsum
2555 2414 2928 2484 przel'ocante;
2980 2413 3197 2483 quando
3242 2426 3299 2468 et
3336 2415 3585 2469 animam

316 2500 439 2569 ejus
465 2499 716 2556 diabolus
753 2501 972 2570 attigit;
1003 2500 1200 2572 quippe
1226 2501 1318 2571 qui
1364 2502 1488 2557 talis
1519 2516 1627 2557 non
1664 2512 1809 2559 esset
1838 2513 1899 2559 ut
1932 2503 2001 2560 de
2026 2519 2090 2561 eo
2119 2505 2391 2562 diceretur
2426 2523 2457 2562 a
2501 2507 2746 2573 Domino,
2779 2508 2921 2578 quod
2976 2509 3042 2563 de
3084 2506 3189 2564 Job
3238 2516 3322 2564 est
3368 2510 3583 2566 dictum

317 2597 387 2654 ad
437 2597 711 2653 diabolum
747 2617 762 2653 :
793 2614 813 2650 ι
845 2596 916 2651 At
946 2597 1093 2653 illius
1125 2597 1361 2652 animam
1405 2613 1472 2652 ne
1501 2598 1736 2669 attingas
1766 2599 1835 2656 ⁵⁸.
1871 2620 1890 2654 ι

388 2692 478 2750 17.
510 2708 530 2744 ι
570 2690 703 2746 Cum
738 2706 870 2763 ergo
893 2691 1141 2761 exiisset,
1174 2690 1336 2748 Jesus
1350 2692 1523 2749 dicit:
1551 2691 1705 2750 Nunc
1730 2694 1895 2765 glori-

319 2782 514 2839 ﬁcatus
562 2791 648 2838 est
675 2781 844 2837 Filius
896 2781 1152 2846 hominis,
1177 2790 1232 2837 et
1264 2782 1408 2838 Deus
1443 2782 1778 2854 gloriﬁcatus
1809 2793 1894 2840 est

323 2889 419 2945 per
443 2887 587 2928 eum.
617 2870 676 2928 Si
704 2872 846 2928 Deus
870 2871 1205 2944 gloriﬁcatus
1232 2882 1318 2929 est
1361 2888 1460 2944 per
1480 2888 1627 2941 eum,
1667 2883 1721 2929 et
1750 2873 1892 2930 Deus

320 2966 651 3039 gloriﬁcabit
692 2981 818 3022 eum
860 2980 957 3036 per
1022 2981 1113 3031 se;
1166 2976 1222 3021 et
1256 2965 1517 3023 continuo
1565 2967 1894 3037 gloriﬁcabit

320 3072 446 3114 eum
477 3058 545 3113 ⁸⁷.
572 3076 595 3112 ι
631 3057 782 3114 Tunc
834 3055 1059 3127 gloriari
1084 3041 1253 3128 coepit
1284 3057 1453 3113 Filius
1502 3057 1737 3114 hominis
1770 3068 1895 3128 post

2070 2695 2157 2750 17.
2194 2694 2354 2748 «Ὅτε
2375 2690 2467 2749 οῦν
2496 2692 2739 2765 ἐξῆλθεν,
2764 2696 2792 2747 6
2832 2691 3037 2766 Ἰησοῦς
3060 2692 3234 2762 λέγει·
3258 2692 3371 2747 Νῦν
3401 2693 3590 2760 ἐδοξάρ

1997 2788 2099 2862 σθη
2134 2791 2164 2843 6
2194 2789 2323 2853 Υἱὸς
2365 2787 2459 2842 τοῦ
2490 2786 2779 2858 ἀνθρώπου
2805 2827 2819 2852 ,
2851 2787 2945 2840 καὶ
2991 2789 3019 2840 6
3059 2786 3192 2851 Θεὸς
3224 2785 3490 2858 ἐδοξάσθη
3520 2790 3581 2840 ἐν

1995 2880 2143 2954 αὐτῷ
2165 2898 2178 2912 °
2216 2883 2265 2935 εί
2292 2881 2321 2932 6
2349 2880 2480 2943 Θεὸς
2503 2879 2760 2952 ἐδοξάσθη
2791 2882 2845 2933 ἐν
2881 2877 3048 2950 αὐτῷ,
3083 2879 3176 2932 καὶ
3202 2880 3231 2931 6
3260 2878 3394 2942 Θεὸς
3419 2877 3585 2943 δοξά-

1997 2992 2078 3029 σει
2120 2974 2279 3028 αὑτὸν
2305 2974 2363 3026 ἐν
2392 2971 2539 3044 αὐτῷ
2562 2990 2575 3003 ·
2607 2974 2702 3026 καὶ
2741 2973 2902 3037 εὐθὺς
2938 2972 3149 3039 δοξάσει
3185 2970 3296 3042 (22)
3328 2970 3514 3025 αὐτόν.
3554 2990 3581 3024 ι

2008 3062 2173 3135 Ἀρχὴ
2205 3061 2298 3116 τοῦ
2326 3060 2636 3126 δεδοξάσθαι
2682 3060 2773 3115 τὸν
2818 3061 2947 3115 Υἱὸν
2976 3061 3070 3115 τοῦ
3114 3060 3402 3133 ἀνθρώπου
3438 3062 3584 3132 μετὰ

320 3152 552 3223 gloriam
573 3166 695 3223 quae
721 3150 792 3208 ob
818 3152 972 3221 signa
1003 3158 1056 3205 et
1078 3151 1319 3221 prodigia
1345 3151 1664 3222 contigerat,
1697 3163 1752 3208 et
1770 3161 1895 3222 post

2049 3153 2098 3218 ὶς
2127 3155 2220 3207 ἐπὶ
2246 3157 2357 3217 τοῖς
2391 3152 2635 3224 σημείοις
2664 3154 2757 3206 καὶ
2787 3153 2974 3225 τέρασι
3013 3151 3172 3218 δόξας
3190 3192 3204 3216 ,
3238 3154 3331 3207 καὶ
3356 3152 3458 3224 τὴν
3490 3156 3589 3209 ἐπὶ

319 3245 549 3316 gloriam
606 3242 1120 3314 lransﬁgurationis,
1153 3240 1321 3314 446
1367 3256 1491 3297 cum
1544 3240 1710 3298 Judas
1767 3246 1892 3300 cum

317 3336 522 3391 Satana
550 3335 604 3389 in
629 3333 807 3404 ipsum
837 3331 1112 3402 ingresso,
1136 3347 1165 3387 a
1189 3332 1308 3390 loco
1334 3332 1426 3387 ubi
1447 3342 1567 3388 erat
1588 3331 1744 3389 Iesus
1780 3336 1897 3392 exi-

318 3426 423 3483 vit.
459 3426 725 3495 Quocirca
779 3422 917 3478 dixit
946 3422 1104 3479 Jesus
1138 3440 1153 3476 :
1187 3439 1207 3475 ι
1245 3421 1400 3478 Nunc
1435 3423 1764 3493 gloriﬁcatus
1812 3436 1892 3481 est

318 3519 491 3577 Filius
509 3517 823 3576 hominis“.
850 3536 869 3569 ι
890 3516 1159 3573 Praeterea
1181 3515 1309 3571 illud
1329 3515 1494 3570 etiam
1516 3533 1530 3570 :
1549 3535 1567 3568 ι
1587 3514 1644 3571 Si
1673 3531 1773 3586 ego
1800 3532 1898 3572 ex-

321 3611 524 3668 altatus
544 3624 575 3666 a
595 3620 739 3667 terra
763 3610 937 3677 fuero,
964 3611 1149 3667 omnia
1174 3610 1384 3665 traham
1414 3611 1481 3664 ad
1513 3608 1887 3677 meipsum”,r

321 3704 526 3761 dictum
547 3714 633 3760 est
655 3721 686 3759 ιι
717 3703 1013 3760 Servatore
1036 3703 1378 3773 signiﬁcante
1404 3701 1548 3771 quali
1574 3708 1746 3757 morte
1776 3700 1895 3771 glo-

322 3797 568 3854 riﬁcatus
616 3805 764 3853 esset
792 3796 999 3865 Deum;
1044 3793 1369 3867 gloriﬁcavit
1399 3792 1540 3848 enim
1580 3794 1745 3848 etiam
1779 3806 1895 3847 mo-

318 3890 512 3946 riendo
565 3889 756 3946 Deum.
796 3888 946 3946 Hanc
990 3888 1061 3944 ob
1113 3901 1358 3952 causam,
1395 3885 1651 3957 quoniam
1680 3885 1892 3939 initium

320 3984 740 4055 dispensationis
788 3982 1036 4038 morituri
1072 3978 1202 4036 Jesu
1241 3978 1641 4049 perﬁciebatur,
1673 3990 1895 4048 egresso

320 4087 447 4149 post
472 4075 691 4131 oliulam
720 4073 877 4140 Juda,
921 4084 982 4129 ut
1028 4084 1221 4131 contra
1260 4070 1444 4128 Iesum
1491 4069 1889 4141 negotiarelur,

324 4172 528 4227 dictum
560 4177 642 4225 est
662 4187 677 4224 :
697 4187 717 4222 ι
745 4168 897 4224 Nunc
929 4167 1266 4239 gloriﬁcatus
1284 4175 1370 4221 est
1394 4163 1564 4220 Filius
1588 4162 1887 4228 hominis»

324 4266 519 4320 deinde
548 4263 803 4330 quoniam
833 4276 938 4317 non
969 4260 1132 4316 liceat
1155 4258 1443 4329 gloriﬁcari
1468 4257 1765 4324 Christum,
1786 4270 1892 4311 non

324 4356 628 4429 gloriﬁcato
667 4370 765 4426 per
796 4356 972 4426 ipsum
1014 4352 1197 4416 Patre,
1229 4358 1515 4421 propterea
1555 4349 1640 4405 his
1673 4349 1888 4405 verbis:

327 4469 349 4505 ι
388 4449 541 4506 Nunc
569 4447 904 4521 gloriﬁcatus
933 4457 1021 4502 est
1068 4444 1240 4500 Filius
1282 4442 1535 4505 hominis,
1571 4460 1591 4495 ι
1624 4440 1893 4496 adduntur
1922 4473 1970 4531 Β

323 4544 442 4600 haec
475 4557 490 4597 :
526 4559 548 4594 ι
599 4541 668 4595 Ει
700 4540 840 4596 Deus
864 4537 1195 4610 gloriﬁcatus
1232 4544 1316 4592 est
1352 4549 1449 4605 per
1495 4534 1693 4603 ipsum.
1731 4552 1751 4586 ι
1788 4531 1892 4587 Ve-

325 4640 634 4691 rumtamen
672 4631 843 4704 gloria
878 4629 1199 4699 contingens
1230 4626 1299 4682 ob
1331 4632 1558 4681 mortem
1586 4638 1685 4693 pro
1718 4622 1893 4678 homi-

324 4726 485 4782 nibus
536 4738 645 4780 non
682 4719 989 4794 pertinebat
1044 4719 1110 4772 ad
1166 4715 1501 4786 unigenitum
1552 4712 1758 4782 Λόγον,
1793 4726 1891 4766 seu

324 4818 665 4883 Sermonem,
697 4814 790 4887 qui
820 4822 1009 4869 natura
1038 4809 1178 4868 mori
1210 4818 1365 4880 aptus
1411 4823 1517 4863 non
1546 4815 1688 4871 erat,
1714 4818 1891 4876 neque

324 4909 395 4965 ad
414 4908 757 4980 sapientiam,
788 4916 844 4961 et
877 4905 1155 4975 pietatem,
1179 4911 1237 4958 et
1260 4911 1598 4971 quaecunque
1641 4895 1745 4951 alia
1769 4910 1891 4952 esse

320 5003 579 5060 dicuntur
631 5000 689 5054 in
719 4996 848 5055 Jesu
892 4993 1321 5061 diviniora;sed
1365 4992 1433 5045 ad
1472 4990 1767 5052 hominem,
1801 4987 1892 5058 qui

322 5102 444 5152 erat
468 5094 632 5149 etiam
653 5091 824 5148 Filius
855 5089 1109 5152 hominis,
1139 5074 1353 5157 genitus
1385 5098 1449 5138 ex
1481 5081 1690 5137 semine
1724 5077 1893 5135 David

324 5186 624 5244 secundum
655 5195 879 5238 carnem
908 5179 976 5236 ⁸⁸.
1009 5178 1271 5246 Quocirca
1300 5173 1546 5244 superius
1574 5172 1789 5243 quidem
1813 5171 1898 5226 di-

325 5282 449 5336 xit:
479 5276 639 5353 [(20)
669 5294 689 5331 ι
715 5274 873 5331 Nunc
919 5270 1163 5343 quaeritis
1215 5283 1301 5325 me
1344 5265 1686 5332 interﬁcere,
1721 5262 1897 5321 homi-

325 5386 472 5437 nem,
502 5369 599 5440 qui
625 5367 911 5425 veritatem
933 5364 1088 5420 vobis
1127 5364 1340 5420 locutus
1365 5373 1487 5417 sum
1517 5375 1534 5425 ;
1567 5377 1587 5410 ι
1618 5356 1673 5412 in
1704 5356 1772 5412 iis
1798 5369 1896 5410 au-

1999 3250 2066 3320 τῇ
2097 3246 2535 3318 μεταμορφώσει,
2566 3245 2626 3298 τὸ
2669 3243 3038 3316 ἐξεληλυθέναι
3079 3243 3171 3298 τὸν
3213 3246 3413 3299 Ἰούδαν
3446 3247 3585 3317 μετά

2000 3336 2093 3391 τοῦ
2115 3337 2442 3400 εἰσελθόντος
2471 3337 2550 3399 εἰς
2580 3335 2739 3389 αὐτὸν
2764 3336 2974 3389 Σατανᾶ
2999 3335 3107 3389 ἀπὸ
3135 3335 3227 3389 τοῦ
3258 3336 3427 3390 τόπου
3456 3336 3584 3393 ἔνθα

1997 3422 2065 3498 ἦν
2091 3430 2120 3480 6
2154 3426 2378 3499 Ἰησοῦς.
2405 3426 2495 3479 Διὸ
2521 3422 2671 3480 εἶπεν
2703 3428 2731 3479 6
2764 3426 2966 3498 Κύριος
2993 3427 3052 3481 τό
3072 3445 3085 3457 ·
3121 3446 3141 3479 ι
3172 3427 3286 3481 Νῦν
3316 3428 3579 3501 ἐδοξάσθη

1998 3522 2029 3574 6
2052 3521 2177 3583 Υἱὸς
2196 3518 2289 3573 τοῦ
2316 3517 2622 3590 ἀνθρώπου.
2653 3536 2671 3569 ι
2705 3518 2827 3571 Ἔτι
2851 3518 2907 3571 δὲ
2936 3519 3027 3571 καὶ
3049 3518 3110 3571 τό
3133 3535 3145 3548 ·
3184 3538 3202 3570 ι
3226 3518 3353 3573 Ἐὰν
3377 3519 3580 3589 ὑψωθῶ

1999 3612 2064 3663 ἐκ
2095 3612 2194 3682 τῆς
2222 3609 2347 3679 γῆς,
2370 3611 2577 3673 πάντας
2614 3608 2824 3663 ἑλκύσω
2855 3609 2990 3681 πρὸς
3015 3610 3272 3679 ἐμαυτὸν,
3307 3630 3328 3663 ι
3362 3611 3580 3684 εἴρηται

2001 3699 2107 3754 ὑπὸ
2152 3698 2244 3752 τοῦ
2277 3699 2528 3772 Σωτῆρος
2575 3699 2927 3769 σημαίνοντος
2954 3699 3091 3771 ποίῳ
3122 3698 3337 3772 θανάτῳ
3365 3701 3580 3769 δοξάσει

1997 3793 2089 3849 τὸν
2126 3794 2291 3848 Θεόνο
2322 3792 2540 3858 ἐδόξασε
2581 3792 2688 3865 γὰρ
2729 3793 2824 3847 καὶ
2868 3795 2926 3847 ἐν
2957 3793 3035 3865 τῷ
3081 3794 3448 3866 ἀποθνήσκειν
3491 3796 3581 3850 τὸν

1998 3884 2149 3940 Θεόν.
2185 3885 2284 3939 Διά
2313 3883 2468 3938 τοῦτο
2488 3923 2503 3948 ,
2536 3884 2617 3937 ὅτι
2643 3884 2751 3954 (25)
2781 3885 2814 3954 ἡ
2847 3883 2989 3955 ἀρχὴ
3020 3883 3121 3953 τῆς
3151 3885 3466 3955 οἰκονομίας
3486 3885 3578 3938 τοῦ

2002 3978 2219 4050 μέλλειν
2251 3977 2612 4048 ἀποθνήσκειν
2644 3973 2737 4030 τὸν
2764 3975 2971 4048 Ἰησοῦν
3007 3978 3306 4047 ἐνηργεῖτο,
3342 3976 3579 4041 ἐξελθόν-

1997 4087 2090 4135 τος
2125 4069 2263 4141 μετὰ
2283 4069 2343 4123 τὸ
2370 4068 2579 4140 ψωμίον
2605 4067 2697 4122 τοῦ
2740 4067 2910 4121 Ἰούδα
2927 4108 2942 4134 ,
2967 4067 3057 4121 ἵνα
3085 4068 3576 4140 πραγματεύσηται

1998 4159 2142 4216 κατὰ
2164 4159 2258 4213 τοῦ
2299 4156 2473 4230 Ἰησοῦ
2493 4198 2507 4222 ,
2541 4158 2756 4228 εἴρηται
2781 4157 2843 4210 τό
2864 4173 2878 4187 ’
2918 4176 2937 4208 ι
2965 4156 3080 4210 Νῦν
3109 4157 3368 4229 ἐδοξάσθη
3395 4161 3424 4212 6
3454 4159 3579 4223 Υἱὸς

1997 4252 2092 4308 τοῦ
2121 4251 2406 4323 ἀνθρώπου
2429 4266 2442 4280 ο
2483 4268 2501 4300 ι
2538 4244 2634 4302 εἴτ’
2667 4249 2788 4302 ἐπεὶ
2806 4249 2906 4302 οὐκ
2939 4248 3113 4303 ἔνεστι
3141 4247 3577 4320 δοξασθῆναιτδν

1997 4344 2249 4416 Χριστὸν,
2286 4341 2360 4413 μὴ
2392 4337 2804 4409 ἐνδοξαζομένου
2834 4338 2891 4390 ἐν
2916 4337 3065 4409 αύτῷ
3092 4336 3183 4391 τοῦ
3220 4338 3458 4411 Πατρὸς,
3490 4337 3574 4392 διὰ

1996 4435 2154 4513 τοῦτο
2180 4432 2499 4505 πρόσκειται
2531 4428 2608 4499 τῷ
2630 4445 2644 4458 ⁸
2685 4447 2705 4480 ι
2727 4427 2841 4481 Νῦν
2874 4426 3128 4499 ἐδοξάσθη
3155 4429 3183 4480 6
3209 4427 3339 4491 Υἱὸς
3366 4427 3461 4483 τοῦ
3491 4428 3574 4481 ἀνι

1999 4526 2256 4599 θρώπου,
2296 4541 2315 4575 ι
2349 4522 2411 4576 τό
2434 4536 2448 4551 ·
2485 4540 2504 4573 ι
2542 4519 2652 4572 Καὶ
2701 4520 2730 4572 6
2778 4516 2910 4580 Θεὸς
2954 4516 3213 4587 ἐδοξάσθη
3249 4520 3308 4571 ἐν
3338 4517 3510 4588 αὐτῷ.
3547 4536 3565 4569 ι

1998 4619 2144 4690 Πλὴν
2178 4620 2211 4690 ὴ
2243 4615 2332 4670 διὰ
2354 4614 2446 4669 τὸν
2478 4612 2621 4683 ὑπὲρ
2653 4608 2952 4684 ἀνθρώπων
2980 4609 3204 4664 θάνατον
3233 4608 3364 4675 δόξα
3385 4610 3448 4663 οὐ
3481 4607 3569 4662 τοῦ

2002 4708 2077 4780 μὴ
2100 4706 2403 4778 πεφυκότος
2431 4703 2791 4773 ἀποθνήσκειν
2813 4695 2879 4770 ἦν
2907 4698 3224 4770 μονογενοῦς
3249 4698 3451 4767 Λόγου,
3480 4697 3566 4752 καὶ

1999 4800 2208 4869 σοφίας,
2233 4798 2326 4852 καί
2345 4795 2621 4866 ἀληθείας,
2652 4796 2745 4849 καὶ
2768 4796 2869 4848 ὅσα
2896 4793 3030 4848 ἄλλα
3058 4789 3197 4846 εἶναι
3226 4791 3445 4860 λέγεται
3466 4790 3567 4844 τῶν

1997 4892 2056 4946 ἐν
2087 4889 2165 4963 τῷ
2207 4887 2382 4961 Ἰησοῦ
2415 4886 2696 4958 θειοτέρων
2722 4926 2737 4950 ,
2780 4884 2916 4939 ἀλλὰ
2953 4883 3046 4937 τοῦ
3078 4880 3387 4954 ἀνθρώπου,
3418 4882 3479 4946 ὃς
3505 4877 3567 4955 ἦν

1999 4985 2093 5040 καὶ
2136 4983 2267 5048 Υἱὸς
2310 4979 2404 5035 τοῦ
2444 4978 2768 5051 ἀνθρώπου,
2814 4977 3103 5047 γενόμενος
3152 4977 3217 5029 ἐκ
3264 4975 3564 5077 σπέρματος

2000 5075 2163 5131 Δαυῖδ
2210 5074 2272 5129 τὸ
2301 5073 2443 5129 κατά
2494 5072 2688 5144 σάρκα.
2715 5070 2913 5142 Διόπερ
2961 5068 3216 5137 ἀνωτέρω
3266 5063 3563 5137 μὲν“εἷπε’

2006 5188 2026 5220 ι
2056 5167 2171 5223 Νῦν
2198 5167 2409 5239 ζητεῖτέ
2445 5183 2512 5237 με
2537 5167 2873 5227 ἀποκτεῖναι,
2904 5160 3187 5231 ἄνθρωπον
3212 5158 3271 5223 ὃς
3300 5159 3402 5231 τὴν
3442 5159 3561 5230 ἀλή-

2001 5260 2151 5315 θειαν
2175 5259 2304 5329 ύμῖν
2333 5255 2606 5327 λελάληκα
2628 5272 2642 5285 ·
2680 5272 2699 5306 ι
2732 5255 2790 5307 ἐν
2819 5254 2934 5315 τοῖς
2959 5247 3370 5320 ἐξεταζομένοις
3393 5246 3452 5301 δὲ
3482 5247 3561 5300 λέ-

2000 5369 2087 5424 γει
2118 5353 2181 5407 τό
2198 5368 2211 5383 ’
2239 5370 2259 5405 ι
2286 5350 2400 5406 Νῦν
2418 5347 2685 5418 ’ἐδοξάσθη
2715 5349 2743 5400 6
2767 5345 2896 5409 Υἱὸς
2919 5344 3012 5398 τοῦ
3036 5340 3347 5415 ἀνθρώπου.
3386 5359 3406 5392 ι
3440 5337 3557 5395 Τοῦτ

396 5502 444 5536 δ’
464 5501 486 5557 l
504 5501 671 5557 Thes.
686 5516 741 5569 v,
760 5500 817 5556 5.
838 5568 841 5569 ν
886 5498 939 5569 ξο
956 5495 1084 5553 ibid.
1098 5493 1175 5569 8._
1229 5490 1481 5569 "glatth.
1499 5486 1719 5569 “1,16.
1768 5477 2292 5569 ,.¹ξ;Ζιι‹ι1ιξιι·;νι,1ξἒ
2322 5478 2650 5569 _”.§l.alaclh
2662 5476 2824 5569 ἰν,
2960 5472 3116 5569 Jggn.
3136 5469 3555 5569 heminaria.

326 5551 741 5632 xxvii-6:6:
763 5551 851 5603 ’δ’
878 5551 998 5625 Job
1026 5580 1088 5633 ιι,
1144 5564 1201 5620 6.
1275 5563 1318 5595 ⁸⁷
1341 5558 1496 5616 Joan.
1514 5574 1634 5625 xm,
1661 5558 1751 5625 '61,
1781 5555 1874 5610 52.

2049 5551 2208 5607 Joan.
2244 5566 2364 5619 xm,
2414 5551 2505 5606 5L

332 5682 513 5817 Ριξξι»)
548 5682 674 5740 Haec
704 5697 732 5738 a
755 5681 1005 5737 Ferrario
1021 5673 1412 5751 praetermisso,
1441 5671 1739 5732 ePerionio
1769 5684 1897 5741 sup.

408 5794 415 5801 .
459 5768 616 5805 "Ilus.

408 5768 616 5805 ενιιιιιις.

407 5820 521 5885 (il)
552 5821 733 5878 Codex
760 5820 982 5888 Regius,
1016 5817 1131 5885 ἃμα
1152 5817 1258 5883 ’τῶς

2605 5538 2813 5605 "Joan.
2871 5544 3085 5610 311,52.
3148 5543 3195 5576 ω
3243 5540 3403 5598 Rom.
3438 5538 3554 5608 ιδ.

2074 5666 2188 5732 (22)
2219 5665 2367 5722 Idem
2397 5665 2570 5721 codex
2599 5663 2819 5734 Regius.
2848 5658 3098 5734 6o§d§er._
3343 5724 3380 5734 _
3433 5721 3471 5734 Δ

2004 5811 2028 5827 κ
2076 5724 2189 5810 ζὲδ)
2209 5738 2347 5793 Ὅτι.
2373 5737 2467 5794 Sic
2493 5738 2625 5811 legit
2645 5724 2968 5797 Ferrarius;
3001 5730 3167 5785 codex
3196 5724 3386 5785 veroR
3426 5724 3539 5789 gius

2003 5827 2115 5867 οτε.
