3712 6138
79 379 178 440 Si?»

1075 377 1429 434 COMMENT.
1475 376 1540 431 IN
1579 374 1772 432 JOAN.
1814 375 2052 430 TOMUS
2096 375 2311 428 XXXII.

3249 373 3351 422 διαί

81 513 164 552 τυν
189 493 234 550 δ’
264 487 422 566 οἶμαι
467 493 562 546 καὶ
592 493 622 546 6
651 491 783 556 Θεὸς
816 491 1166 565 ὑπερύψωσε,
1200 493 1490 564 γενόμενον
1515 493 1545 545 6

1900 505 2022 560 qua:
2045 504 2193 544 nunc
2215 489 2625 545 consideramus
2641 496 2696 544 et
2719 484 3173 549 tractamus,'h:cc
3208 483 3287 538 ait
3308 480 3347 554 ε]

82 602 195 642 mw
235 585 396 658 μέχρι
430 584 660 641 θανάτου
684 625 698 648 ,
730 583 961 638 θανάτου
982 584 1037 636 δέ
1063 585 1323 655 σταυροῦ·
1350 587 1378 638 6
1410 583 1520 656 γὰρ
1556 583 1657 636 Λό-

82 695 172 749 γος
212 679 268 732 ἐν
314 679 457 750 ἀρχῇ
491 676 626 749 πρὸς
651 677 741 730 τὸν
763 677 894 730 Θεὸν
918 676 1050 740 Θεὸς
1084 676 1193 748 (24)
1221 677 1322 730 οὐκ
1343 675 1656 746 ἐπιδέχεται

79 771 138 826 τὸ
189 769 628 843 ὑπερυψωθῆναι.
695 769 762 822 Ἠ
801 769 859 822 δὲ
897 767 1246 841 ύπερύψωσις
1269 766 1361 821 τοῦ
1389 767 1519 820 Υἱοῦ
1565 767 1659 822 τοῦ

81 861 359 934 ἀνθρώπου
404 861 670 932 γενομένη
705 859 854 931 αὐτῷ
890 861 1173 926 δοξάσαντι
1203 860 1293 914 τὸν
1332 859 1462 913 Θεὸν
1501 861 1558 912 ἐν
1583 859 1661 930 τῷ

81 955 269 1010 ἑαυτοῦ
297 953 534 1023 θανάτῳ,
578 951 716 1024 αὕτη
743 947 812 1022 ἦν
843 951 1038 1023 μηκέτι
1083 950 1270 1022 ἕτερον
1319 949 1481 1004 αὐτὸν
1522 945 1660 1003 εἶναι

77 1045 172 1100 τοῦ
202 1046 393 1120 Λόγου,
431 1042 566 1098 ἀλλὰ
595 1042 687 1095 τὸν
709 1041 871 1095 αὐτὸν
901 1040 1049 1112 αὐτῷ
1073 1056 1086 1072 ο
1128 1042 1175 1094 εἰ
1207 1039 1316 1112 γὰρ
1350 1059 1367 1092 ι
1407 1039 1436 1092 6
1465 1037 1661 1092 κολλώ-

81 1153 236 1208 μενος
262 1136 338 1206 τῷ
358 1134 548 1204 Κυρίῳ
573 1133 630 1188 ἓν
656 1131 874 1203 πνεῢμά
907 1133 1048 1196 ἐστι,
1079 1150 1099 1183 ι
1128 1132 1205 1195 ὼς
1233 1131 1328 1184 καὶ
1354 1129 1446 1183 ἐπὶ
1471 1129 1660 1184 τούτου

77 1231 170 1283 καὶ
197 1228 288 1283 τοῦ
319 1225 628 1298 πνεύματος
661 1225 858 1296 μηκέτι
890 1223 957 1278 ἂν
991 1222 1248 1294 λέγεσθαι
1277 1222 1369 1276 τό·
1398 1221 1501 1276 Δύο
1532 1222 1660 1287 εἰσὶ,

76 1323 192 1386 πῶς
214 1321 332 1393 οὐχὶ
375 1320 577 1393 μᾶλλον
599 1319 661 1372 τὸ
689 1315 1028 1389 ἀνθρώπινον
1063 1316 1157 1368 τοῦ
1191 1315 1365 1386 Ἰησοῦ
1399 1314 1537 1386 μετὰ
1567 1313 1660 1367 τοῦ

74 1416 244 1485 Λόγου
271 1415 521 1486 λέγοιμεν
544 1411 828 1482 γεγονέναι
855 1410 934 1473 ἐν,
961 1408 1394 1481 ύπερυψωμένου
1431 1408 1531 1480 μὲν
1563 1405 1659 1460 τοῦ

1770 600 1790 633 ι
1829 580 1980 636 Nunc
2002 580 2334 652 gloriﬁcatus
2361 580 2629 636 esti’ilins
2651 580 2942 636 hominis.)
2975 577 3128 633 llunc
3169 575 3352 640 etiam,

1762 673 1978 743 Opinor,
1995 672 2138 728 Deus
2167 672 2448 740 exaltavit,
2476 671 2680 727 factum
2711 672 3054 728 obedientem
3082 686 3182 742 usq
3196 686 3264 726 ue
3289 671 3358 724 ad

1761 777 2015 833 mortem,
2036 775 2267 820 mortem
2299 776 2478 820 autem
2506 765 2758 820 crucis".
2777 764 2913 818 Nam
2949 765 3080 818 illud
3111 763 3354 819 Verbum

1761 859 1900 926 quod
1927 870 2047 914 erat
2073 858 2127 913 in
2161 857 2435 928 principio
2484 856 2625 925 apud
2649 857 2820 910 Deum
2857 857 2996 912 Deus
3023 857 3088 922 ",
3124 872 3229 911 non
3269 871 3357 912 re-

1761 953 1890 1020 cipit
1916 952 2165 1006 exaltari.
2212 951 2487 1007 Caeterum
2519 950 2785 1005 exultatio
2814 950 2936 1004 Filii
2967 951 3205 1006 hominis
3251 950 3352 1004 sibi

1763 1039 1900 1096 facta
1935 1041 2255 1112 gloriﬁcanli
2296 1042 2460 1094 Deum
2509 1055 2607 1110 per
2646 1055 2801 1094 suam
2857 1041 3030 1112 ipsius
3086 1052 3342 1108 mortem,

1763 1137 1880 1190 haec
1903 1136 2022 1201 fuit,
2053 1145 2245 1189 utnon
2297 1133 2533 1202 amplius
2569 1133 2684 1202 ipse
2730 1134 2871 1189 aliud
2916 1143 3110 1189 esseta
3142 1135 3344 1198 Verbo,

1761 1228 1856 1284 sed
1885 1228 2028 1282 idem
2055 1243 2175 1282 cum
2213 1227 2348 1296 ipso.
2387 1225 2520 1279 Nam
2549 1229 2591 1283 si
2630 1246 2648 1278 ι
2689 1227 2782 1296 qui
2823 1226 3059 1281 adhmret
3094 1226 3344 1292 Domino,

1761 1335 1901 1374 unus
1945 1330 2031 1375 est
2065 1321 2290 1389 spiritus
2312 1321 2378 1385 ⁸³,
2426 1339 2444 1372 ι
2478 1329 2536 1373 ιιι
2565 1320 2630 1374 dc
2668 1321 2772 1375 hoc
2809 1329 2866 1375 ct
2913 1319 2979 1374 de
3014 1319 3205 1390 spiritu
3235 1335 3343 1374 non

1763 1412 1996 1483 amplius
2019 1412 2234 1467 dicatur
2265 1411 2408 1482 quod
2453 1413 2559 1466 duo
2598 1412 2709 1466 sint
2738 1428 2751 1478 ;
2783 1411 3054 1481 quomodo
3093 1427 3199 1466 non
3233 1427 3343 1466 tua-

79 1507 156 1578 μὴ
186 1502 478 1576 ἁρπαγμὸν
509 1499 858 1574 ἡγησαμένου
881 1499 942 1552 τὸ
967 1493 1106 1553 εἶναι
1134 1499 1224 1552 ἴσα
1243 1499 1382 1569 Θεῷ,
1409 1498 1545 1569 μένο·

1899 1503 2202 1559 diceremus
2234 1504 2286 1557 id
2317 1502 2460 1573 quod
2493 1503 2561 1558 de
2611 1503 2740 1558 Jesu
2787 1513 2871 1559 est
2901 1506 3219 1584 humanum,
3255 1503 3337 1558 fa-

74 1599 133 1651 δέ
160 1599 216 1650 ἐν
247 1595 324 1666 τῷ
353 1595 468 1666 ἰδίῳ
501 1593 626 1662 ὕψει
652 1633 666 1652 ,
697 1593 732 1665 ἢ
769 1591 862 1645 καὶ
897 1589 1007 1663 (25)
1033 1589 1544 1660 ἀποκαθισταμένου
1577 1589 1662 1641 ἐπ’

72 1687 205 1742 αὐτὸ
243 1686 333 1740 τοῦ
371 1683 548 1754 Λόγου
575 1723 591 1748 ,
619 1684 709 1737 ὅτε
737 1682 902 1736 πάλιν
936 1677 1003 1753 ἦν
1031 1682 1168 1754 πρὸς
1194 1681 1286 1736 τὸν
1326 1681 1459 1735 Θεὸν
1483 1720 1498 1746 ,
1528 1680 1658 1746 Θεὸς

71 1778 244 1846 Λόγος
262 1777 336 1828 ὢν
366 1775 460 1828 καὶ
493 1773 602 1844 (26)
635 1772 922 1846 ἄνθρωπος
946 1788 959 1800 ⁶
994 1773 1054 1825 ἐν
1102 1771 1162 1824 δέ
1190 1771 1270 1843 τῷ
1297 1769 1516 1840 θανάτῳ
1567 1769 1657 1823 τοῦ

1763 1605 1908 1651 ctum
1932 1595 2098 1651 fuisse
2139 1610 2305 1651 unum
2341 1611 2464 1650 cum
2498 1595 2702 1662 Verbo,
2725 1596 2960 1651 exaltato
2989 1598 3202 1664 quidem
3245 1597 3342 1651 illo

1765 1686 1855 1754 qui
1889 1705 1908 1738 ι
1938 1701 2044 1740 non
2075 1687 2318 1756 rapinam
2349 1687 2642 1742 arbitratus
2683 1696 2770 1742 est
2821 1701 2880 1741 se
2919 1701 3040 1743 esse
3073 1686 3336 1756 aqualem

1767 1779 1876 1833 Deo
1908 1778 1975 1845 “,
2013 1798 2031 1831 ι
2061 1779 2155 1833 sed
2189 1778 2366 1834 Verbo
2395 1787 2648 1833 manente
2690 1778 2744 1831 in
2779 1793 2874 1832 sua
2910 1777 3229 1845 altitudine,
3257 1778 3345 1833 vel

82 1867 254 1941 Ἰησοῦ
295 1867 617 1932 δοξάσαντος
654 1865 746 1919 τὸν
790 1865 957 1929 Θεὸν,
989 1866 1110 1918 τότε
1162 1883 1182 1915 ι
1217 1865 1548 1936 ἀπεκδυσάμ

1873 1885 1931 1924 ιιι
1974 1871 2231 1924 ιέειίιυιο
2266 1871 2335 1924 ad
2390 1869 2441 1923 id
2484 1869 2575 1924 ubi
2619 1880 2737 1923 erat
2772 1869 2941 1938 prius,
2979 1871 3118 1939 apud
3150 1871 3339 1934 Deum,

66 1962 172 2026 τὰς
203 1961 398 2032 ἀρχὰς,
423 1960 517 2012 καὶ
540 1957 640 2022 τὰς
667 1958 916 2022 ἐξουσίας
955 1957 1336 2028 ἐδειγμάτισεν
1361 1959 1418 2009 ἐν
1452 1960 1663 2029 παρρη-

70 2055 166 2125 σίᾳ
192 2051 564 2125 θριαμϐεύσας
600 2051 660 2104 ἐν
696 2049 775 2122 τῷ
821 2048 962 2120 ξύλῳ
986 2091 1000 2115 ,
1035 2069 1054 2101 ι
1103 2049 1328 2137 καὶντό⁸
1371 2067 1390 2099 ‹
1433 2050 1661 2120 Είρηνο-

67 2147 305 2216 ποιήσας
329 2143 418 2198 διὰ
442 2143 536 2196 τοῦ
566 2143 798 2214 αἵματος
827 2142 924 2196 τοῦ
965 2143 1196 2213 σταυροῦ
1230 2142 1416 2207 αὑτοῦ,
1447 2141 1558 2194 εἴτε
1591 2141 1662 2195 τά

67 2239 164 2292 ἐπὶ
191 2237 290 2307 τῆς
330 2237 466 2305 γῆς,
498 2235 608 2288 εἴτε
648 2235 716 2288 τὰ
748 2237 807 2288 ἐν
842 2237 955 2298 τοῖς
982 2237 1263 2305 οὐρανοῖς·
1299 2253 1316 2285 ι
1355 2235 1412 2288 ἐν
1451 2233 1662 2297 τούτοις

65 2332 176 2402 γὰρ
198 2331 364 2383 πᾶσιν
380 2327 636 2398 ἐδοξάσθη
659 2331 686 2381 6
704 2328 830 2392 Υίὸς
857 2326 949 2381 τοῦ
971 2326 1280 2400 ἀνθρώπου,
1301 2326 1506 2381 καὶτοῦ
1527 2324 1662 2379 Θεοῦ

64 2419 414 2485 δοξασθέντος
459 2420 518 2473 ἐν
558 2418 727 2491 αύτῷ.
787 2420 940 2474 Ἐπεὶ
985 2419 1040 2472 δὲ
1092 2421 1121 2472 6
1159 2419 1513 2490 δοξαζόμενος
1558 2418 1662 2471 ὑπό

64 2527 211 2574 τινος
229 2509 530 2575 δοξάζεται,
561 2509 816 2582 ζητήσεις
864 2510 922 2565 ἐν
954 2508 1032 2580 τῷ
1053 2527 1068 2541 ο
1112 2529 1131 2560 t
1155 2509 1444 2581 Ἐδοξάσθη
1473 2510 1502 2561 ὁ
1536 2509 1663 2572 Υίὸς

63 2602 160 2654 τοῦ
189 2600 501 2673 ἀνθρώπου,
534 2619 552 2652 ι
577 2600 657 2665 τὸ,
682 2599 787 2653 ὑπὸ
809 2597 955 2663 τίνος
975 2615 992 2630 ·
1020 2599 1220 2670 ὁμοίως
1248 2599 1306 2654 δὲ
1332 2599 1427 2652 καὶ
1459 2599 1518 2653 ἐν
1547 2599 1625 2670 τῷ
1645 2615 1658 2630 ⁸

73 2709 88 2736 ι
114 2686 174 2741 Ὀ
190 2687 328 2751 Θεὸς
345 2688 599 2756 ἐδοξάσθη
614 2691 672 2742 ἐν
697 2689 862 2761 αὐτῷ.
890 2709 908 2742 ι
944 2690 1117 2762 Ὑπὲρ
1135 2690 1194 2743 δὲ
1224 2691 1324 2761 τῆς
1347 2689 1455 2742 τῶν
1483 2689 1662 2761 ῥητῶν

65 2782 371 2854 σαφηνείας
396 2781 672 2854 ἐπιμελῶς
698 2781 1022 2854 προσχῶμεν
1049 2781 1251 2854 πρώτῳ
1288 2781 1386 2852 μέν
1437 2781 1664 2852 λεγομέ-

65 2891 143 2944 νῳ
166 2873 246 2942 τῷ
266 2890 282 2905 ο
318 2892 336 2924 ι
359 2873 475 2928 Νῦν
504 2873 766 2944 ἐδοξάσθη
808 2875 838 2926 6
869 2874 994 2938 Υἱὸς
1025 2873 1118 2927 τοῦ
1145 2871 1454 2945 ἀνθρώπου,
1479 2892 1498 2926 ι
1536 2873 1658 2926 δευ-

63 2968 213 3038 τέρῳ
241 2967 299 3019 δέ
329 2965 440 3037 τῷ*
483 2984 502 3017 ι
526 2966 636 3019 Καὶ
664 2968 692 3019 6
724 2967 856 3031 Θεὸς
886 2966 1148 3037 ἐδοξάσθη
1195 2969 1254 3020 ἐν
1276 2965 1448 3037 αὐτῷ,
1478 2985 1498 3018 )
1543 2966 1661 3039 τρί-

62 3073 143 3126 τῳ
169 3055 232 3108 δὲ
276 3055 503 3128 τοιούτῳ
530 3056 864 3128 συνημμένῳ
885 3073 899 3086 ο
959 3075 977 3107 t
1000 3057 1064 3109 El
1093 3058 1121 3109 6
1147 3056 1278 3120 Θεὸς
1313 3055 1571 3128 ἐδοξάσθη
1601 3058 1659 3111 ἐν

63 3147 243 3219 αὐτῷ,
276 3149 372 3202 καὶ
415 3151 444 3202 6
469 3148 600 3214 Θεὸς
645 3149 858 3216 δοξάσει
885 3147 998 3218 (27)
1027 3148 1190 3201 αὐτὸν
1237 3150 1295 3202 ἐν
1324 3147 1491 3218 αὐτῷ,
1516 3168 1535 3201 ›
1573 3165 1662 3202 τε-

1765 1963 1905 2018 Deus
1938 1962 2174 2018 Verbum
2206 1964 2499 2025 exsistens.
2532 1973 2588 2018 et
2611 1962 2820 2017 homo?
2854 1962 3034 2018 Altera
3072 1977 3198 2018 vero
3231 1963 3344 2032 glo-

1765 2057 1995 2111 rilicatio
2025 2054 2176 2119 Jesu,
2219 2057 2382 2110 Deum
2415 2070 2513 2124 per
2565 2065 2795 2108 mortem
2843 2070 2998 2109 suam
3034 2053 3344 2125 gloriﬁcan-

1765 2146 1857 2208 tis,
1906 2155 2031 2200 tunc
2081 2145 2206 2210 fuit,
2238 2160 2361 2198 cum
2405 2161 2423 2194 ι
2484 2143 2819 2213 exspoliatos
2873 2145 3245 2214 principatus,
3278 2161 3342 2199 ac

1763 2244 2058 2305 potestates
2085 2235 2378 2291 ostentavit
2419 2233 2594 2304 palam
2625 2235 2966 2304 tritnnplians
3013 2236 3078 2288 de
3115 2235 3222 2290 illis
3247 2251 3346 2305 per

1763 2327 1968 2397 lignum
2002 2327 2082 2390 ⁸⁵,
2123 2344 2144 2378 ι
2180 2336 2237 2380 et
2283 2340 2406 2379 cum
2458 2342 2477 2375 ι
2529 2324 2836 2392 paciﬁcavit
2884 2339 2984 2394 per
3025 2326 3342 2396 sanguinem

1763 2418 1942 2472 crucis
1980 2416 2132 2485 ejus,
2169 2417 2281 2472 sive
2331 2431 2452 2486 quae
2490 2415 2544 2469 in
2596 2424 2739 2469 terra
2775 2423 2933 2478 sunt,
2977 2417 3090 2471 sive
3133 2433 3252 2486 quae
3290 2418 3383 2497 in.

1763 2507 1915 2563 caelis
1936 2509 2001 2561 ⁸⁸.
2043 2526 2061 2558 ›
2102 2508 2153 2562 In
2203 2507 2289 2562 his
2312 2509 2456 2562 enim
2489 2507 2744 2562 omnibus
2779 2505 3110 2573 gloriﬁcatus
3137 2517 3221 2561 est
3251 2507 3344 2562 Fi-

1762 2597 1866 2654 lius
1885 2598 2142 2664 hominis,
2167 2599 2276 2652 Deo
2291 2598 2451 2652 etiam
2472 2596 2775 2666 gloriﬁcato
2799 2611 2894 2665 per
2914 2594 3343 2650 enm.Ca:terum

1762 2690 2016 2761 quoniam
2036 2692 2126 2762 qui
2149 2691 2505 2762 gloriﬁcatur,
2529 2691 2594 2743 ab
2621 2689 2802 2759 aliquo
2831 2688 3346 2764 gl0rilicatur,quaa-

1764 2798 1853 2836 res
1884 2784 1935 2837 in
1964 2783 2048 2837 bis
2079 2782 2262 2837 verbis
2286 2798 2298 2834 :
2333 2801 2351 2833 ι
2374 2780 2723 2836 Gloriilcalus
2745 2791 2829 2835 est
2848 2781 3018 2835 Filius
3045 2780 3339 2846 hominis,»

1761 2891 1790 2927 a
1818 2889 1924 2943 quo
1941 2874 2279 2945 glorificatns
2297 2872 2490 2928 fuerit:
2511 2872 2941 2928 similiteretiam
2961 2873 3014 2926 in
3038 2873 3122 2927 bis
3138 2871 3340 2928 facies:

1763 2965 1925 3037 447
1960 2986 1979 3018 ι
2016 2966 2157 3020 Deus
2185 2964 2518 3036 glorificatns
2546 2975 2634 3019 est
2665 2979 2764 3034 per
2807 2979 2954 3018 eum.
2983 2980 3003 3016 ›
3054 2963 3162 3019 Pro
3203 2979 3341 3034 quo-

1762 3075 1880 3113 rum
1930 3061 2219 3113 verborum
2258 3057 2643 3126 explanatione
2672 3057 2958 3128 diligenter
2988 3059 3345 3113 adhibeamus

1763 3150 2002 3203 animum
2041 3150 2108 3203 ad
2154 3150 2384 3219 primum
2420 3149 2646 3215 dictum,
2692 3151 2933 3205 scilicet:
2973 3170 2992 3202 ι
3022 3150 3176 3206 Nunc
3218 3151 3337 3221 glo-

61 3243 258 3316 τάρτῳ
285 3242 344 3295 δέ
366 3259 380 3274 ·
416 3263 433 3294 ι
460 3243 570 3296 Καὶ
601 3241 763 3306 εὐθὺς
790 3241 1004 3307 δοξάσει
1029 3241 1210 3295 αὐτόν.
1235 3260 1254 3292 θ
1301 3241 1426 3294 Ἐὰν
1455 3240 1527 3313 μή

1873 3250 2018 3296 catus
2043 3251 2129 3296 est
2168 3241 2341 3297 Filius
2377 3240 2676 3306 ltominisp
2733 3241 2864 3295 item
2901 3242 2966 3297 ad
3005 3244 3339 3297 secundum:

59 3333 231 3388 τοῦτο
255 3334 444 3408 φάσκῃ
474 3351 559 3399 τις
586 3335 878 3389 ἀναλαϐεῖν
907 3336 988 3400 είς
1021 3334 1339 3406 συμπλοκὴν
1366 3335 1464 3406 τὴν
1493 3337 1550 3389 ἐν
1586 3335 1666 3406 τῷ

64 3424 299 3495 λήγοντι
325 3424 422 3479 τοῦ
451 3426 820 3497 συνημμένου,
851 3427 938 3480 ἵνα
969 3427 1206 3498 ἄρχηται
1235 3427 1336 3497 μὲν
1364 3427 1424 3479 τὸ
1460 3443 1666 3498 συνημ-

62 3517 237 3588 μένον
273 3517 385 3570 ἀπὸ
413 3517 536 3571 τοῦ·
575 3539 594 3571 ‹
616 3519 674 3572 Ὁ
709 3519 840 3584 Θεὸς
884 3518 1138 3590 ἐδοξάσθη
1169 3522 1227 3572 ἐν
1271 3519 1441 3590 αὐτῷ,
1469 3539 1487 3573 ι
1525 3519 1666 3592 λήγῃ

58 3609 116 3661 δὲ
147 3610 236 3672 εἰς
271 3608 366 3662 τό·
405 3629 432 3659 ι-
452 3610 562 3663 Καὶ
611 3613 642 3664 6
667 3610 797 3675 Θεὸς
827 3611 1037 3678 δοξάσει
1067 3610 1230 3664 αὑτὸν
1276 3614 1334 3664 ἐν
1358 3611 1527 3681 αὐτῷ,
1569 3614 1665 3666 καὶ

57 3701 232 3762 εὐθὺς
263 3700 477 3766 δοξάσει
505 3703 687 3756 αὐτόν.
712 3723 730 3755 ι
778 3704 1120 3772 Ἀναγκαίως
1141 3704 1198 3757 δὲ
1229 3705 1558 3776 προσχῶμεν
1589 3704 1666 3776 τῷ

52 3793 157 3864 τῆς
185 3793 354 3863 δόξης
378 3793 621 3866 ὀνόματι,
655 3796 715 3848 ού
744 3796 984 3868 κειμένῳ
1011 3796 1102 3848 ἐπὶ
1126 3795 1218 3849 τοῦ
1246 3796 1397 3868 παρά
1414 3814 1528 3850 τισι
1558 3797 1666 3851 τῶν

65 3885 356 3955 Ἐλλήνων
391 3887 560 3955 μέσου
608 3889 933 3959 πράγματος
961 3887 1095 3958 (28),
1123 3887 1258 3940 καθὸ
1295 3889 1566 3958 ὁρίζονται
1599 3884 1670 3940 εἶ-

57 3993 148 4029 ναι
177 3977 350 4042 δόξαν
381 3976 493 4048 (29)
525 3978 616 4031 τὸν
653 3979 762 4034 ἀπὸ
803 3978 912 4032 τῶν
943 3978 1153 4033 πολλῶν
1202 3978 1420 4032 ἔπαινον
1440 3996 1454 4010 ’
1485 3979 1663 4050 δῆλον,

57 4067 144 4120 ὅτι
190 4067 290 4120 ἐπ’
320 4067 482 4121 ἄλλου
516 4070 664 4140 παρὰ
691 4068 850 4122 τοῦτο
881 4071 1056 4124 κεῖται
1084 4069 1253 4140 ὄνομα
1290 4072 1354 4124 ἐκ
1381 4069 1472 4124 τοῦ
1503 4071 1561 4123 ἐν
1595 4073 1662 4141 τῇ

68 4159 287 4229 Ἐξόδῳ
310 4159 454 4213 οὕτω
478 4161 767 4231 εἰρημένου
786 4178 802 4188 ·
840 4182 858 4212 ‹
881 4161 991 4214 Καὶ
1012 4160 1168 4232 δόξης
1196 4161 1399 4233 Κυρίου
1422 4162 1662 4233 ἐπλήσθη

53 4254 90 4324 ἡ
132 4254 321 4324 σκηνή
341 4270 355 4283 ⁸
395 4254 490 4308 καὶ
520 4255 621 4307 ούκ
651 4254 878 4327 ἐδυνήθη
909 4254 1152 4324 Μωῦσῆς
1183 4254 1443 4308 εἰσελθεῖν
1468 4257 1546 4320 εἰς
1570 4256 1668 4327 τὴν

59 4342 292 4415 σκηνὴν
339 4343 434 4396 τοῦ
468 4345 786 4417 μαρτυρίου,
832 4345 914 4398 ὅτι
943 4343 1265 4408 ἐπεσκίαζεν
1311 4344 1399 4396 ἐπ’
1432 4344 1602 4417 αὐτὴν
1634 4347 1667 4416 ή

56 4437 277 4506 νεφέλη
298 4452 312 4465 ·
343 4436 439 4488 καὶ
485 4435 643 4507 δόξης
674 4436 882 4508 Κυρίου
929 4434 1175 4506 ἐπλήσθη
1215 4435 1250 4504 ἡ
1283 4436 1476 4506 σκηνή.
1501 4455 1518 4486 ι
1555 4437 1664 4490 Καὶ

1775 3353 1793 3385 ε
1821 3334 1887 3388 Ει
1918 3334 2060 3389 Deus
2089 3333 2426 3404 gloriﬁcalus
2457 3342 2543 3388 est
2574 3350 2671 3404 per
2704 3348 2825 3386 eum
2853 3353 2901 3402 ;›
2935 3343 2990 3389 et
3018 3336 3083 3390 ad
3124 3334 3342 3389 tertium

1769 3425 1874 3479 hoc
1897 3423 2276 3492 coniunctum:
2307 3443 2324 3475 ι
2362 3424 2420 3478 Si
2449 3423 2589 3479 Deus
2607 3424 2943 3494 gloriﬁcatns
2966 3435 3047 3480 est
3071 3441 3168 3496 per
3193 3441 3341 3491 euut,

1769 3525 1823 3568 et
1852 3516 1992 3570 Deus
2027 3516 2356 3585 gloriﬁcabit
2387 3532 2511 3571 eum
2547 3532 2645 3586 per
2675 3531 2800 3582 seu
2833 3520 3046 3572 demum
3083 3521 3149 3572 ad
3181 3536 3343 3588 quar-

1774 3616 1919 3660 tum:
1952 3625 1970 3656 ι
2002 3608 2071 3665 Ει
2099 3609 2360 3666 continuo
2386 3607 2716 3677 gloriﬁcabit
2750 3610 2990 3664 eum‘7.»
3041 3610 3154 3664 Nisi
3204 3611 3346 3666 forte

1770 3707 1892 3775 quis
1920 3706 2066 3760 dicat
2099 3705 2200 3759 boc
2224 3711 2470 3773 repetere
2501 3701 2774 3758 Christum
2801 3702 2866 3756 ad
2886 3703 3340 3770 conjunctionem.

1768 3813 1888 3867 quae
1919 3797 2083 3852 estin
2131 3811 2197 3852 eo
2238 3801 2384 3866 quod
2427 3796 2632 3850 claudit
2677 3795 3048 3863 coniunctum,
3100 3805 3158 3848 ut
3208 3810 3344 3850 con-

1765 3890 2012 3959 junctum
2048 3889 2271 3958 incipiat
2295 3891 2364 3942 ab
2392 3889 2498 3943 illis
2531 3887 2750 3942 verbis:
2789 3905 2808 3938 ι
2846 3887 2911 3940 Et
2953 3888 3093 3941 Deus
3134 3887 3345 3955 gloriﬁ-

1769 3988 1922 4033 catus
1953 3987 2035 4033 est
2078 3994 2174 4048 per
2203 3994 2392 4045 eum,»
2448 3989 2502 4032 et
2531 3978 2740 4032 desinat
2785 3978 2839 4032 in
2889 3992 2988 4033 ea:
3040 3996 3059 4027 ι
3087 3977 3154 4030 Et
3204 3977 3344 4031 Deus

1769 4073 2092 4142 glorilicabit
2110 4087 2231 4126 eum
2254 4088 2352 4142 per
2373 4087 2450 4135 se,
2468 4081 2523 4127 et
2542 4073 2798 4127 continuo
2822 4071 3142 4142 gloriﬁcabit
3162 4090 3305 4130 eum.
3321 4095 3340 4127 ι

1773 4163 1974 4218 Verum
2023 4163 2366 4218 attendamus
2421 4178 2647 4218 necesse
2699 4172 2782 4217 est
2826 4163 3017 4232 gloriae
3052 4165 3337 4232 vocabulo,

1771 4256 1915 4325 quod
1940 4255 2078 4324 apud
2113 4253 2396 4309 nonnullos
2429 4254 2658 4323 gentiles
2684 4254 2750 4309 de
2791 4269 2851 4309 re
2886 4254 3065 4310 media
3106 4256 3341 4325 ponitur,

1711 4333 1717 4344 ’
1770 4356 1837 4395 cx
1869 4355 1972 4410 quo
1996 4339 2283 4406 deﬁniunt,
2318 4341 2545 4410 gloriam
2575 4356 2696 4396 esse
2725 4341 2934 4396 laudem
2958 4358 2987 4395 a
3015 4343 3196 4399 multis
3219 4359 3345 4414 pro-

1775 4434 2128 4488 ﬁciscentem.
2157 4431 2509 4502 Perspicuum
2537 4447 2666 4487 vero
2691 4441 2773 4488 est
2798 4431 2902 4486 alia
2931 4434 2998 4488 de
3025 4449 3082 4488 re
3116 4436 3218 4491 hoc
3244 4450 3344 4490 no-

55 4528 119 4581 ἐν
170 4530 246 4599 τῇ
281 4527 442 4602 τρίτῃ
478 4527 588 4582 τῶν
633 4528 924 4581 Βασιλειῶν
975 4527 1134 4580 τοῦτο
1181 4528 1521 4598 ἀναγεγραμι

1876 4542 1894 4578 ι
1944 4526 2108 4579 etiam
2160 4526 2309 4594 poni,
2360 4540 2427 4578 ex
2464 4540 2527 4580 eo
2574 4525 2716 4594 quod
2767 4526 2910 4579 hunc
2942 4527 2995 4579 in
3028 4529 3245 4580 modum
3286 4528 3342 4583 in

180 4645 232 4676 “
265 4642 468 4713 Philip.
501 4661 561 4703 tr.
612 4644 666 4706 8,
699 4644 754 4698 9.
831 4645 876 4677 “
898 4644 1054 4701 Joan.
1082 4661 1132 4712 ι,
1158 4645 1212 4699 2.
1288 4644 1372 4700 ⁸³1
1405 4646 1532 4700 Cor.
1558 4661 1632 4708 Vl,

1873 4643 2094 4714 ’Pbilip.
2121 4658 2185 4708 ιι,
2212 4643 2263 4697 6.
2354 4642 2402 4674 ⁸⁸
2429 4641 2608 4699 Colos.
2641 4659 2701 4708 ιι,
2729 4642 2818 4698 l5.
2892 4641 2938 4674 ⁵³
2964 4641 3140 4702 Colos.
3177 4659 3219 4710 ι,
3248 4646 3339 4701 20.

62 4713 109 4745 ⁸⁷
141 4713 322 4768 Joan.
353 4731 476 4781 xm,
501 4715 591 4782 5i,
616 4715 704 4770 52.

141 4810 272 4886 (24)
301 4811 481 4886 ροςιεκ
522 4813 744 4886 Regius,
768 4814 797 4866 6
821 4814 930 4886 γὰρ
963 4813 1136 4882 Λόγος
1159 4815 1216 4866 ἐν
1245 4813 1388 4884 ἀρχῇ
1422 4813 1557 4884 πρὸς
1580 4831 1607 4866 τ

1874 4821 1918 4886 ε,
1954 4807 2323 4875 prudentiam,
2353 4806 2642 4886 justitiam,
2671 4804 3078 4886 fortitudinem,
3102 4880 3112 4886 _
3135 4806 3340 4874 tempe.

62 4883 207 4936 θεὸν
241 4885 276 4935 ὁ
304 4881 439 4946 Θεὸς
459 4881 650 4952 Λόγος.

137 4952 269 5091 (25)
294 4955 441 5006 Idem
475 4956 648 5010 codex
695 4955 918 5027 Regius,
951 4957 999 5008 εἰ
1027 4955 1142 5020 καί,
1185 4965 1294 5010 etc.
1387 5013 1401 5026 _

137 5022 241 5091 (26
277 5023 351 5075 ,ιη
380 5025 570 5079 eodem
601 5028 786 5080 codice
817 5026 982 5091 Regio
1020 5028 1170 5080 deest
1196 5027 1308 5080 καί.

161 5023 351 5091 26)ι1η
380 5025 570 5079 eodem
601 5023 799 5080 codice
817 5026 982 5093 Regio
1020 5028 1170 5080 deest
1196 5027 1308 5080 καί.

161 5022 351 5091 26)]ιι
380 5025 570 5079 eodem
601 5022 800 5080 codice
817 5026 982 5093 Regio
1020 5028 1137 5080 dee:

135 5022 264 5233 (2⁸1)
301 5094 485 5147 Codex
516 5093 713 5176 Regius
738 5096 897 5149 habet
921 5095 1137 5175 δοξάσῃ.

164 5164 271 5233 28)
313 5165 448 5217 Ἐπὶ
474 5181 580 5219 του
633 5165 792 5233 παρά
835 5180 956 5219 τισι
977 5183 1094 5219 των

1780 4881 2035 4940 rantiani,
2069 4887 2122 4929 et
2149 4885 2342 4930 caetera
2377 4879 2635 4948 idgenus
2683 4894 2695 4948 ξ
2736 4879 2872 4929 ιιιςιιει
2909 4893 3035 4931 vero
3061 4879 3148 4932 liis
3177 4897 3342 4948 oppo-

1777 4954 1882 5005 sita
1914 4949 2063 5008 vitia,
2127 4947 2566 5015 imprudentiam,
2628 4947 2964 5016 iniustitiam.
3002 4957 3055 5002 et
3104 4960 3343 5004 caatera:

1779 5031 1970 5074 neutra
1995 5033 2143 5079 vero,
2176 5032 2295 5085 qua)
2322 5032 2496 5084 neque
2521 5027 2768 5084 prosunt,
2801 5035 2976 5085 neque
3025 5020 3248 5084 obsunt,
3285 5031 3345 5072 ut

1775 5090 2008 5151 estvita,
2045 5088 2272 5149 sanitas,
2306 5087 2667 5155 pulchritudo,
2701 5088 3156 5155 voluptas,vires,
3189 5105 3342 5159 opes,

164 5154 271 5235 28)
313 5165 448 5217 Ἐπὶ
474 5154 792 5235 τοῦνπαρά
835 5180 956 5219 τισι
977 5154 1117 5219 τῶνδ’
1143 5166 1444 5233 Ἑλλήνων
1474 5164 1628 5234 μέσο

1874 5161 1972 5222 ria,
2010 5159 2263 5213 nobilitas
2286 5154 2318 5221 ;’
2341 5166 2394 5211 et
2433 5172 2554 5226 qua:
2591 5159 2670 5212 eis
2698 5154 2947 5228 opposita
2983 5169 3132 5224 sunt,
3164 5177 3186 5212 ι
3226 5154 3339 5214 ἐιε.

58 5233 454 5304 πράγματος.
478 5235 515 5289 li
543 5233 912 5291 erant'Stoici.
945 5237 1121 5289 Locus
1153 5247 1235 5290 est
1266 5233 1492 5304 insignis
1515 5237 1655 5303 apud

62 5306 370 5375 Laertiugn
417 5307 470 5358 in
511 5305 730 5360 Zenone
762 5305 926 5360 :Td'Jv
952 5306 1008 5359 δέ
1034 5305 1202 5360 όντων
1258 5307 1390 5374 φασὶ
1437 5305 1519 5375 τὰν
1565 5306 1660 5375 μὲν

62 5374 266 5460 ἀξίαθὰ
289 5364 450 5438 εἶναι,
475 5377 544 5430 τὰ
567 5376 625 5430 δέ
659 5377 804 5430 κακά
824 5393 837 5406 ·
865 5375 936 5428 τὰ
955 5376 1010 5428 δὲ
1036 5364 1310 5461 ολύδὲτερά.
1332 5374 1538 5443 Ἀγαθὰ
1561 5364 1664 5496 ἑιέν

62 5464 185 5496 ουν.
227 5447 337 5496 τάς
351 5463 412 5496 τε
438 5447 661 5496 ἀρετὰς.
695 5447 973 5496 ωοόνησιν.
998 5446 1358 5496 δικαιοσύνην.
1395 5446 1552 5496 ἀνδοε
1579 5463 1664 5496 αν.

54 5444 185 5508 οὖν,
227 5447 338 5519 τάς
351 5463 412 5499 τε
438 5447 672 5519 ἀρετὰς,
695 5447 973 5519 φρόνησιν,
998 5444 1363 5519 δικαιοσύνην,
1395 5444 1664 5519 ἀνδρείαν,

61 5515 590 5588 σωφροσύνην,’κα“ι
621 5515 956 5588 τάλοιπάργ
986 5518 1132 5570 κακὰ
1185 5517 1259 5577 δὲ,
1286 5515 1380 5588 ίτὰ
1430 5515 1668 5588 ἐναντία,

1769 5234 2140 5369 ΗῈΒΙΓᾙαΘὸ
2158 5294 2449 5369 ῥρίζονται
2470 5293 2622 5351 εἶναι
2653 5297 2862 5363 δόξαν,
2893 5310 2998 5355 etc.
3059 5299 3272 5365 Cicero,
3304 5314 3342 5354 tl

1775 5367 1992 5425 Tuscul.
2030 5385 2047 5421 :
2084 5386 2103 5418 ι
2143 5367 2326 5421 Gloria
2352 5381 2437 5423 est
2469 5369 2636 5423 solida
2690 5371 2934 5436 quaadam
2984 5385 3093 5435 res,
3150 5379 3204 5422 et
3246 5387 3342 5424 cx-

1779 5456 1986 5512 prcssa,
2015 5454 2076 5492 ea
2102 5449 2187 5512 est
2227 5439 2575 5512 consentiens
2633 5439 2747 5494 laus
2801 5441 3126 5512 bonorum,
3162 5439 3342 5496 incor-

1781 5508 1934 5580 rupta
1963 5525 2066 5563 vox
2100 5508 2611 5580 beneiudicantium
2651 5512 2716 5562 de
2752 5510 3038 5564 excellenti
3081 5511 3338 5566 virtute.»

56 5579 420 5658 ἀφροσύνην,
456 5579 703 5658 ἀδικίαν,
729 5590 823 5641 καὶ
851 5587 922 5640 τὰ
950 5587 1140 5658 λοιπά·
1178 5587 1433 5658 οὐδέτερα
1464 5586 1518 5638 δὲ

1877 5595 2010 5658 teca,
2040 5596 2124 5646 cp.
2161 5579 2294 5632 102:
2333 5597 2350 5628 ‹
2389 5579 2629 5658 Gloriam
2672 5594 2885 5658 quoque
2948 5580 3341 5658 latius_l‘usam

61 5653 217 5740 μήτε
258 5653 485 5740 ὠφελεῖ,
522 5657 915 5740 μήτεβλάπτει
932 5675 945 5688 ο
977 5654 1090 5740 οἷον
1121 5658 1259 5740 ζωὴ,
1286 5653 1463 5740 ὑγεία,
1486 5653 1666 5740 ἡδονὴ,

1457 5742 1664 5782 τουτοις

57 5725 535 5800 κάλλοςμίσχὺς,
556 5725 809 5800 πλοῦτος,
865 5728 1130 5797 εὐγένεια,
1177 5725 1271 5781 καὶ
1327 5725 1395 5780 τὰ

1779 5651 2018 5720 intelligo
2070 5664 2084 5702 :
2131 5664 2452 5704 consensum
2511 5651 2656 5720 enim
2712 5653 3005 5704 multorum
3059 5652 3249 5720 exigit.
3317 5669 3338 5704 ι

1773 5721 1904 5775 Item
1934 5719 2008 5774 ι(
2039 5720 2220 5774 Gloria
2246 5721 2536 5774 multorum
2577 5719 2800 5786 judiciis
2845 5732 3084 5786 constat,
3122 5719 3343 5776 claritas

56 5799 338 5864 ἐναντία,
366 5791 523 5854 εἰέζέ
561 5791 972 5854 Εοιιιηιιιυιειίι
1015 5791 1133 5864 ιιυινε
1176 5807 1322 5860 sunt,
1358 5799 1510 5868 aiunt

1876 5807 2068 5868 norunt.
2108 5791 2522 5868 t_Quittti!iatitts
2558 5807 2572 5842 :
2609 5792 3039 5868 t__(lonsentiens
3078 5793 3194 5850 laus
3247 5793 3342 5848 bo-

54 5873 248 5928 bona.
295 5861 440 5925 mala
476 5871 604 5931 alia.
631 5869 738 5924 alia
771 5881 983 5926 neutra.
1015 5861 1159 5926 Bona
1185 5861 1669 5929 ruuidcut'rirtutes
1780 5878 1994 5926 norum,
2023 5861 2191 5925 gloria
2227 5863 2545 5932 appellatur.
2584 5881 2601 5913 ι
2639 5861 2904 5918 Πυιετιυε.
