3712 6138
367 290 474 390 sis

1823 326 2145 385 ORIGENIS
2304 402 2309 407 δ

2120 327 2145 383 5
2304 402 2309 407 θ
3503 328 3586 378 ιιιῆ

372 449 561 504 Exodo
589 446 792 501 dictum
827 446 995 502 sit”:
1047 465 1067 498 ι
1102 445 1169 501 Ει
1206 446 1375 516 gloria
1422 445 1635 502 Domini
1675 446 1838 517 replcl

2128 443 2233 497 ἱτον
2268 441 2357 496 τὸν
2385 441 2582 513 τρόπον
2608 456 2621 471 ·
2662 458 2680 489 ι
2705 438 2815 493 Καὶ
2842 437 3076 506 ἐγένετο,
3116 436 3189 501 ὡς
3220 434 3437 507 ἐξῆλθον
3463 428 3509 491 σι
3534 441 3594 493 ίε‹

366 552 451 595 est
484 539 816 607 tentorium;
850 552 952 595 nec
983 548 1201 609 poterat
1221 538 1431 610 Moyses
1461 538 1672 610 ingredi
1716 538 1776 593 in
1828 548 1945 593 ten-

371 633 567 686 torium
599 630 920 696 testimonii,
949 632 1096 700 quod
1133 630 1521 687 obumbrasset
1562 629 1694 685 illud
1730 630 1940 698 nubes;

367 734 422 777 et
448 722 618 793 gloria
662 722 876 778 Domini
900 723 1120 793 plenum
1153 722 1256 789 fuit
1285 723 1632 778 tentorium.»
1678 722 1735 778 In
1780 725 1945 779 tertio

365 818 529 873 etiam
557 817 760 888 Regum
795 817 941 871 hunc
964 817 1016 870 in
1047 816 1263 872 modum
1308 825 1390 871 est
1430 815 1688 885 scriptum
1709 816 1790 871 ⁶⁹;
1825 834 1844 867 ι
1879 816 1947 871 Et

366 909 568 972 evenit,
605 923 727 964 cum
764 909 1158 980 egrederentur
1197 907 1513 964 sacerdotes
1543 924 1574 963 e
1605 909 1943 977 sanctuario,

372 1009 428 1054 ut
457 1002 628 1055 nubes
666 999 905 1069 repleret
928 1000 1148 1056 domum
1177 998 1414 1066 Domini,
1465 1009 1520 1054 et
1544 1014 1652 1055 non
1693 1009 1947 1071 poterant

372 1076 681 1148 sacerdotes
703 1102 852 1148 stare
873 1105 1059 1147 coram
1084 1092 1226 1147 nube
1246 1089 1314 1146 ad
1339 1091 1777 1156 ministrandum,
1801 1091 1946 1163 quod

372 1183 631 1254 replesset
658 1181 1078 1251 gloriaDomini
1128 1181 1403 1238 domum.)
1459 1182 1599 1249 Quin
1648 1188 1715 1239 de
1744 1183 1945 1256 Moysis

371 1262 538 1348 gloria
581 1274 780 1345 scripta
829 1274 994 1330 etiam
1042 1284 1172 1330 sunt
1222 1273 1350 1329 talia
1389 1274 1445 1329 in
1484 1275 1672 1331 Exodo
1694 1277 1777 1331 "°:
1818 1294 1838 1328 ι
1874 1274 1946 1333 Ut

372 1378 549 1423 autem
580 1366 861 1423 descendit
885 1367 1103 1439 Moyses
1134 1366 1202 1422 de
1237 1376 1442 1433 monte,
1487 1370 1712 1438 duaeque
1748 1366 1946 1424 tabulae

372 1458 682 1515 testamenti
728 1459 781 1513 in
835 1458 1088 1513 manibus
1137 1468 1292 1514 erant
1337 1457 1588 1530 Moysis:
1639 1474 1871 1529 cumque
1913 1474 1945 1515 e

372 1561 556 1607 monte
581 1550 935 1606 descenderet
962 1548 1194 1621 Moyses,
1226 1566 1331 1605 non
1382 1560 1538 1607 norat
1584 1549 1945 1620 gloriﬁcatum

372 1645 542 1699 fuisse
568 1653 847 1713 aspectum
875 1642 1016 1719 cutis
1050 1641 1228 1697 vultus
1252 1644 1361 1708 sui,
1395 1643 1521 1699 dum
1550 1643 1692 1698 Deus
1716 1644 1817 1700 sibi
1862 1643 1943 1699 lo-

371 1741 650 1802 queretur.
687 1730 944 1800 Viditque
980 1731 1159 1787 Aaron
1189 1742 1242 1788 et
1274 1748 1465 1789 omnes
1499 1733 1593 1788 ﬁlii
1622 1732 1790 1788 Israel
1826 1734 1942 1789 Mo-

371 1838 527 1896 ysen,
553 1834 607 1878 et
644 1833 765 1879 erat
794 1822 1132 1896 gloriﬁcatus
1162 1836 1418 1896 aspectus
1454 1826 1596 1882 cutis
1624 1827 1801 1881 vultus
1838 1828 1944 1895 sui,

370 1926 424 1971 et
475 1921 774 1970 timuerunt
820 1916 870 1971 ei
906 1916 1362 1986 appropinquare.
1398 1936 1417 1970 ι
1473 1916 1601 1973 Haec
1647 1919 1832 1989 glorise
1877 1920 1949 1974 si-

370 2009 646 2081 gniﬁcatio
674 2009 725 2063 in
760 2007 1052 2077 Evangelia
1074 2010 1237 2065 etiam
1265 2010 1423 2066 Lucae
1457 2011 1540 2065 his
1559 2012 1743 2067 verbis
1766 2012 1949 2067 decla-

372 2107 524 2154 ratur
549 2099 625 2148 τίς
671 2119 689 2151 ι
726 2098 792 2153 Ει
820 2100 961 2155 facta
996 2113 1100 2166 est,
1133 2102 1258 2156 dum
1296 2112 1500 2169 oraret,
1528 2105 1739 2174 species
1770 2103 1950 2159 vultus

370 2194 487 2261 ejus
515 2192 660 2247 alia:
698 2201 754 2248 et
783 2193 1013 2249 vestitus
1061 2193 1180 2263 ejus
1225 2195 1513 2263 candidus,
1546 2210 1612 2251 ac
1648 2195 1946 2267 refulgens.

370 2283 437 2338 Et
462 2298 593 2339 ecce
617 2283 725 2338 duo
757 2284 857 2337 viri
887 2282 1250 2352 loquebantur
1274 2299 1396 2337 cum
1420 2299 1508 2349 eo,
1532 2286 1624 2355 qui
1649 2295 1804 2341 erant
1832 2285 1947 2340 Mo-

370 2389 494 2445 yses
526 2385 576 2429 et
604 2374 751 2428 Elias
780 2391 794 2427 :
829 2375 922 2441 qui
954 2376 1053 2429 visi
1086 2375 1138 2429 in
1173 2376 1461 2446 majestate
1507 2378 1805 2433 narrabant
1854 2394 1949 2435 ex-

371 2484 584 2525 cessum
615 2469 755 2539 ejus,
786 2466 955 2539 448
980 2483 1142 2536 quem
1171 2468 1539 2537 completurus
1584 2478 1701 2525 erat
1733 2468 1949 2527 Jerosoc

370 2562 582 2633 lymis.»
644 2562 775 2616 Vide
807 2576 936 2615 vero
968 2560 1021 2614 in
1059 2559 1256 2629 quibus
1301 2561 1466 2616 etiam
1506 2560 1704 2618 Paulus
1750 2576 1971 2619 nomen

369 2656 550 2724 gloria:
579 2665 822 2710 assumat
846 2670 862 2719 ;
890 2654 1086 2708 alicubi
1112 2653 1253 2708 enim
1281 2653 1510 2709 dicit":
1550 2673 1569 2706 ι
1604 2655 1757 2723 Quod
1785 2656 1829 2711 si
1854 2658 1948 2713 ad-

371 2750 702 2803 ministratio
733 2748 946 2811 mortis,
988 2746 1043 2800 in
1082 2746 1280 2800 litteris
1325 2745 1627 2801 deformata
1676 2748 1729 2801 in
1779 2749 1946 2813 saxis,

368 2840 473 2896 fuit
500 2841 551 2895 in
580 2841 775 2911 gloria,
810 2843 947 2893 adeo
980 2848 1037 2892 ut
1083 2853 1190 2892 non
1245 2847 1467 2906 possent
1519 2838 1802 2893 intendere
1853 2839 1946 2893 lilii

371 2932 540 2988 lsrael
566 2933 619 2986 in
649 2931 840 2986 faciem
865 2930 1087 3001 Moysis,
1116 2939 1339 3000 pr0pter
1362 2929 1593 2999 gloriam
1613 2929 1793 2985 vultus
1807 2928 1945 3000 ejus,

368 3039 489 3095 quae
520 3024 787 3091 aboletur,
820 3037 918 3076 cur
949 3038 1053 3076 non
1080 3022 1260 3091 potius
1283 3021 1682 3077 administratio
1710 3022 1947 3092 Spiritus

2048 539 2163 608 ρεῖς
2189 536 2254 589 ἐκ
2276 533 2371 589 τοῦ
2400 534 2580 604 ἁγίου,
2611 532 2706 586 καὶ
2733 534 2766 603 ἡ
2795 530 2991 601 νεφέλη
3018 528 3221 599 ἔπλησε
3240 529 3331 581 τὸν
3354 523 3490 582 οἷκον
3510 532 3596 584 Ku-

2051 631 2188 701 ρίου,
2219 629 2312 682 καὶ
2342 627 2442 681 οὐκ
2484 625 2738 681 ἐδύναντο
2768 624 2817 678 οἱ
2866 625 3029 694 ἱερεῖς
3065 621 3259 691 στῆναι
3289 620 3595 691 λειτουργίαν

2046 719 2160 793 (50)
2187 718 2416 774 ἐνώπιον
2469 715 2570 790 τῆς
2598 718 2848 788 νεφέλης,
2895 717 2977 770 ὅτι
3024 714 3227 786 ἔπλησε
3269 713 3394 780 δόξα
3420 714 3595 783 Κυρίου

2043 812 2135 867 τὸν
2164 808 2330 868 οἷκον.
2358 832 2377 865 ι
2409 814 2520 867 Καὶ
2550 812 2798 884 περὶτῆς
2827 809 3105 873 Μωῦσέως
3140 807 3297 877 δόξης
3330 807 3388 859 ἐν
3410 809 3471 879 τῇ
3502 808 3596 871 Ἑξ-

2045 906 2150 978 όδῳ
2171 906 2395 961 τοιαῦτα
2419 905 2666 960 λέλεκται
2685 922 2699 936 ο
2738 923 2756 956 ι
2779 905 2866 968 Ὠς
2893 903 2950 957 δέ
2982 900 3269 956 κατέϐαινε
3301 899 3527 970 Μωῦσῆς
3546 902 3599 953 ἐκ

2044 1000 2138 1055 τοῦ
2166 992 2348 1073 ὅρους,
2376 1000 2471 1053 καὶ
2500 1000 2556 1054 αί
2596 997 2690 1052 δύο
2723 996 2928 1059 πλάκες
2951 996 3048 1066 τῆς
3091 992 3369 1064 Διαθήκης
3400 992 3488 1046 ἐπὶ
3512 993 3599 1045 τῶν

2046 1092 2243 1165 χειρῶν
2263 1092 2469 1163 Μωῦσῆ
2486 1109 2500 1121 ·
2532 1089 2953 1151 καταϐαίνοντος
2971 1087 3028 1140 δέ
3050 1086 3213 1140 αὐτοῦ
3237 1085 3304 1137 ἐκ
3336 1084 3427 1139 τοῦ
3446 1084 3601 1157 ὅρους,

2045 1186 2138 1240 καὶ
2162 1185 2403 1256 Μωῦσῆς
2431 1185 2532 1238 οὐκ
2553 1184 2688 1255 ᾔδει,
2715 1183 2797 1236 ὅτι
2825 1179 3134 1246 δεδόξασται
3164 1181 3197 1252 ἡ
3227 1180 3348 1250 δψις
3381 1179 3470 1232 τοῦ
3492 1195 3605 1250 χρυ

2044 1277 2136 1341 τὸς
2167 1275 2263 1330 τοῦ
2295 1275 2586 1348 προσώπου
2627 1273 2816 1337 αὑτοῦ,
2858 1275 2917 1327 ἐν
2949 1271 3028 1342 τῷ
3058 1271 3237 1325 λαλεῖν
3266 1270 3432 1325 αὑτὸν
3458 1270 3603 1341 αὐτῷ.

2046 1368 2158 1423 Καὶ
2203 1363 2342 1422 εἶδεν
2383 1365 2616 1439 Ἀαρὼν,
2663 1366 2759 1420 καί
2807 1362 3010 1428 πάντες
3054 1365 3103 1416 οί
3142 1363 3250 1416 υἱοὶ
3296 1361 3504 1433 Ἰσραὴλ
3528 1360 3606 1414 τὸν

2045 1460 2306 1532 Μωῦσῆν,
2344 1460 2440 1513 καὶ
2463 1455 2532 1532 ἦν
2558 1457 2921 1528 δεδοξασμένη
2963 1458 2997 1527 ή
3030 1455 3150 1524 ὄψις
3178 1454 3271 1509 τοῦ
3299 1453 3505 1526 χρωτὸς
3529 1451 3608 1506 τοῦ

2047 1552 2339 1625 προσώπου
2388 1550 2576 1616 αὐτοῦ,
2623 1551 2717 1605 καὶ
2764 1548 3108 1621 ἐφοϐήθησαν
3149 1547 3372 1616 ἐγγίσαι
3415 1544 3605 1615 αύτῷ..

2046 1645 2216 1700 Τοῦτο
2239 1646 2300 1700 τὸ
2327 1643 2577 1716 περὶτῆς
2604 1640 2764 1714 δόξης
2790 1641 3186 1714 σημαινόμενον
3215 1640 3309 1693 καὶ
3336 1641 3398 1692 ἐν
3423 1637 3496 1708 τῷ
3523 1654 3609 1691 κα-

2045 1733 2116 1787 τὰ
2157 1735 2371 1790 Λουκᾶν
2408 1733 2727 1804 Εὐαγγελίῳ
2772 1731 2862 1786 διὰ
2902 1731 3107 1786 τούτων
3154 1728 3440 1801 δηλοῦται·
3481 1747 3497 1778 ι
3520 1726 3609 1781 Καὶ

2051 1829 2285 1899 ἐγένετο,
2310 1830 2369 1881 ἐν
2394 1826 2471 1898 τῷ
2504 1825 2897 1898 προσεύχεσθαι
2925 1824 3110 1887 αὐτὸν,
3142 1825 3176 1895 ἡ
3202 1822 3317 1876 ἰδέα
3342 1820 3439 1873 τοῦ
3468 1836 3610 1891 atpos-

2048 1922 2198 1976 ώπου
2241 1919 2407 1974 αὐτοῦ
2460 1919 2655 1991 ἐτέρα⁸
2689 1918 2786 1971 καὶ
2833 1915 3099 1987 ἠλλοιώθη
3147 1917 3176 1968 ὁ
3220 1913 3510 1986 ἱματισμὸς
3535 1912 3608 1964 αύ-

2047 2015 2164 2083 τοῦ,
2192 2016 2286 2070 καὶ
2317 2014 2534 2084 ἐγένετο
2570 2012 2761 2075 λευκὸς
2818 2009 3227 2080 ἐξαστράπτων.
3262 2007 3379 2060 Καὶ
3406 2006 3508 2060 ἰδοὺ
3532 2005 3611 2060 ἇν-

2048 2108 2173 2181 δρες
2200 2108 2314 2172 δύο,
2348 2106 2666 2162 συνελάλουν
2689 2103 2858 2175 αὐτῷ,
2886 2105 3081 2167 οἵτινες
3102 2099 3242 2174 ἦσαν
3274 2100 3515 2169 Μωῡσῆς
3537 2098 3611 2151 καὶ

2061 2202 2245 2268 Ἠλίας
2265 2220 2279 2233 ο
2315 2201 2363 2257 οἳ
2389 2200 2640 2271 ὀφθέντες
2674 2200 2733 2252 ἐν
2754 2195 2882 2268 δόξῃ
2906 2195 3089 2264 ἔλεγον
3117 2195 3217 2267 τὴν
3240 2193 3421 2260 ἔξοδον
3451 2189 3613 2253 αὐτοῦ,

2049 2296 2114 2367 ἣν
2144 2294 2335 2367 ἔμελλε
2368 2292 2609 2364 πληροῦν
2636 2292 2693 2343 ἐν
2735 2288 3110 2362 Ἰερουσαλήμ.
3143 2307 3162 2338 ι
3210 2285 3324 2363 μα).
3368 2287 3398 2339 ὀ
3425 2283 3611 2367 ,Παῦλος

2046 2366 2104 2440 δὲ
2129 2366 2230 2460 ὅρα
2277 2386 2371 2439 ἐπὶ
2403 2384 2511 2437 τίσι
2543 2382 2604 2436 τὸ
2636 2382 2807 2452 ὄνομα
2857 2381 2953 2452 τῆς
2982 2380 3136 2449 δόξης
3172 2366 3611 2449 παραλαμϐᾴνει·

2048 2478 2183 2530 ὃπου
2217 2478 2313 2549 μὲν
2343 2475 2453 2547 γὰρ
2481 2475 2630 2545 λέγει
2650 2492 2664 2505 ο
2712 2494 2731 2525 ι
2759 2474 2820 2527 Et
2844 2474 2900 2527 δέ
2934 2475 2967 2544 ὴ
3003 2470 3247 2526 διακονία
3273 2470 3375 2523 τοῦ
3408 2468 3616 2523 θανάτου

2049 2572 2107 2623 ἐν
2131 2570 2472 2641 γράμμασιν,
2499 2565 2916 2637 ἐντετυπωμένη
2946 2563 3133 2627 λίθοις,
3156 2562 3395 2632 ἐγενήθη
3412 2563 3467 2613 ἐν
3488 2560 3615 2630 δόξῃ.

2049 2662 2192 2716 ὥστε
2230 2661 2304 2733 μὴ
2326 2659 2583 2715 δύνασθαι
2617 2659 2861 2713 ἀτενίσαι
2880 2657 3006 2719 τοὺς
3036 2655 3186 2718 υἱοὺς
3222 2652 3448 2725 Ἰσραὴλ
3471 2656 3543 2714 εἰς
3566 2651 3614 2703 τὸ

2050 2754 2340 2825 πρόσωπον
2369 2751 2649 2816 Μωῦσέως
2681 2750 2769 2804 διὰ
2790 2748 2890 2821 τὴν
2919 2746 3076 2814 δόξαν
3102 2745 3196 2800 τοῦ
3226 2743 3520 2817 προσώπου
3540 2742 3615 2798 αύ-

2048 2847 2142 2902 τοῦ
2174 2847 2273 2919 τὴν
2307 2844 2782 2919 καταργουμένην,
2817 2841 2936 2906 πῶς
2982 2841 3104 2913 οὐχὶ
3155 2839 3360 2912 μᾶλλον
3395 2841 3429 2911 ἡ
3460 2838 3619 2892 διακο-

2049 2941 2138 2996 νία
2159 2939 2255 2994 τοῦ
2284 2940 2598 3011 Πνεύματος
2626 2938 2779 2993 ἔσται
2800 2939 2857 2992 ἐν
2876 2936 3000 3009 δόξῃ
3021 2952 3036 3003 ;
3061 2936 3126 2990 Ei
3155 2934 3264 3007 γὰρ
3290 2936 3365 3009 τῇ
3393 2932 3620 3003 διακονίᾳ

2048 3033 2150 3104 τῆς
2181 3032 2559 3104 κατακρίσεως
2610 3030 2758 3097 δόξα,
2807 3029 2985 3101 πολλῷ
3013 3028 3211 3101 μᾶλλον
3255 3021 3616 3100 περισσεύειή

368 3115 475 3171 erit
529 3115 585 3170 in
640 3113 859 3186 gloria?
906 3112 1043 3167 Nam
1091 3112 1133 3167 si
1182 3112 1585 3168 administratio
1617 3116 1834 3171 condem

2151 3125 2288 3180 ιονία
2314 3125 2415 3194 τῆς
2442 3122 2789 3194 δικαιοσύνης
2815 3124 2872 3178 ἐν
2896 3122 3024 3195 δόξῃ
3045 3139 3056 3151 ·
3088 3122 3182 3175 καὶ
3198 3121 3307 3191 γὰρ
3338 3121 3404 3174 οὐ
3431 3117 3617 3183 δεδόξα-

369 3209 534 3264 tionis
561 3208 728 3277 gloria
763 3215 869 3271 est,
897 3206 1066 3260 multo
1097 3204 1268 3275 magis
1299 3205 1519 3261 excellit
1542 3208 1946 3265 administratio

367 3300 594 3370 iustitia:
641 3300 695 3355 in
725 3299 936 3370 gloria:
971 3296 1412 3367 quandoquidem
1464 3313 1532 3354 ne
1582 3300 1942 3369 gloriﬁcatum

369 3395 587 3464 quidem
616 3403 721 3459 eSt,
752 3391 894 3462 quod
923 3391 1117 3446 claruit
1148 3390 1201 3443 in
1231 3388 1332 3443 bac
1355 3402 1530 3459 parte,
1557 3402 1779 3463 propter
1810 3394 1948 3449 emi-

371 3494 588 3542 nentem
613 3485 843 3555 gloriam
873 3501 887 3537 :
931 3483 978 3539 si
1012 3483 1158 3539 enim
1193 3484 1338 3552 quod
1373 3481 1645 3551 aboletur,
1689 3485 1744 3539 in
1772 3485 1944 3554 gloria

370 3578 493 3645 fuit,
544 3576 718 3631 multo
763 3576 936 3647 magis
963 3576 1016 3630 id
1039 3575 1186 3646 quod
1226 3583 1433 3641 manet,
1480 3575 1650 3630 estin
1693 3576 1887 3646 gloria.
1918 3594 1940 3629 ι

372 3670 512 3725 Alibi
542 3684 671 3725 vero
695 3669 780 3723 ":
815 3687 835 3721 ι
872 3671 943 3724 At
971 3684 1069 3725 nos
1096 3684 1287 3725 omnes
1314 3676 1517 3724 retecta
1545 3667 1684 3725 facie
1714 3669 1944 3741 gloriam

369 3761 582 3817 Domini
609 3763 661 3814 in
693 3760 913 3831 speculo
939 3769 1410 3830 repraesentantes,
1439 3762 1506 3815 ad
1535 3760 1781 3815 eamdem
1812 3761 1946 3817 ima-

368 3854 549 3923 ginem
583 3851 1036 3908 transformamur
1067 3866 1096 3906 a
1128 3850 1299 3920 gloria
1327 3850 1381 3906 in
1410 3852 1662 3920 gloriam,
1686 3860 1942 3922 tanquam

369 3960 400 3999 a
427 3944 640 3999 Domini
658 3943 918 4012 Spiritu.»
940 3942 1283 4013 Rursumque
1307 3950 1428 4011 post
1445 3956 1619 4012 pauca
1640 3942 1721 3997 ἠε
1745 3961 1765 3995 ι
1790 3942 1943 4011 Quod

369 4040 412 4092 si
442 4039 620 4093 adhuc
646 4037 882 4092 velatum
912 4046 998 4092 est
1026 4035 1378 4106 Evangelium
1415 4043 1659 4091 nostrum
1692 4052 1708 4091 :
1751 4036 1806 4091 in
1859 4037 1945 4092 his

333 4130 608 4208 ‘velatum
639 4139 721 4185 est
752 4130 842 4198 qui
875 4137 1142 4198 pereunt:
1175 4128 1227 4181 in
1256 4127 1453 4197 quibus
1479 4127 1625 4182 Deus
1648 4125 1807 4196 hujus
1840 4142 1943 4183 sa:-

369 4223 477 4278 culi
516 4222 808 4278 excaecavit
838 4235 1030 4276 sensus
1057 4220 1484 4285 incredulormn,
1515 4235 1581 4275 ne
1609 4219 1946 4276 illucesceret

370 4315 479 4371 illis
521 4313 850 4369 illuminatio
879 4311 1159 4383 Evangelii
1202 4312 1385 4382 gloria:
1434 4310 1662 4378 Christi,
1716 4313 1808 4383 qui
1856 4321 1942 4368 est

372 4406 548 4476 imago
580 4404 705 4469 Dei;
736 4422 754 4456 ι
793 4412 848 4458 et
887 4402 1084 4457 iterum
1132 4412 1256 4472 post
1288 4416 1457 4473 pauca
1482 4402 1570 4456 7':
1621 4420 1641 4454 ‹
1678 4402 1937 4471 Quoniam

2053 3234 2175 3271 σται
2199 3217 2260 3271 τὸ
2295 3214 2679 3287 δεδοξασμένον
2726 3217 2784 3269 ἐν
2813 3214 2987 3285 τούτῳ
3014 3214 3092 3285 τῷ
3127 3213 3284 3285 μέρει
3312 3213 3503 3266 ἕνεκεν
3533 3209 3618 3278 τῆς

2048 3306 2491 3380 ὑπερϐαλλούσης
2536 3306 2727 3379 δόξης·
2760 3308 2808 3360 εί
2840 3306 2949 3378 γὰρ
2985 3306 3045 3361 τὸ
3077 3304 3520 3374 καταργούμενον
3544 3300 3617 3353 διὰ

2049 3399 2230 3470 δόξης,
2266 3398 2446 3470 πολλῷ
2478 3399 2678 3470 μᾶλλον
2708 3398 2770 3452 τὸ
2813 3399 2972 3469 μένον
3018 3399 3076 3450 ἐν
3106 3396 3233 3469 δόξῃ
3259 3412 3273 3426 ·
3306 3415 3327 3448 ι
3365 3396 3501 3448 ὅπου
3532 3392 3611 3448 δέ’

2052 3513 2071 3544 ι
2095 3493 2283 3564 Ἡμεῖς
2329 3492 2385 3547 δέ
2416 3492 2638 3555 πάντες,
2671 3489 3175 3562 ἀνακεκαλυμμένῳ
3220 3486 3506 3559 προσώπῳ
3533 3484 3615 3555 τὴν

2045 3585 2201 3653 δόξαν
2229 3584 2433 3656 Κυρίου
2459 3582 2963 3656 κατοπτριζόμενοι,
2992 3581 3092 3651 τὴν
3120 3580 3291 3651 αὐτὴν
3314 3579 3512 3633 είκόνα
3538 3593 3616 3647 με-

2045 3675 2472 3748 ταμορφούμεθα
2518 3676 2629 3730 ἀπὸ
2673 3673 2831 3746 δόξης
2879 3675 2960 3736 είς
3004 3672 3182 3739 δόξαν,
3236 3671 3494 3742 καθάπερ
3523 3668 3614 3722 ἀπὸ

2044 3769 2254 3841 Κυρίου
2285 3768 2602 3839 Πνεύματος
2622 3784 2636 3798 ·
2664 3786 2682 3819 ι
2731 3767 2824 3820 καὶ
2855 3765 3016 3820 πάλιν
3051 3764 3169 3836 μετ’
3200 3763 3362 3831 ὀλίγα
3387 3780 3401 3793 ·
3446 3781 3465 3814 ι
3488 3763 3547 3815 El
3570 3760 3615 3813 δὲ

2043 3862 2138 3914 καὶ
2167 3860 2284 3914 ἐστι
2306 3860 2719 3932 κεκαλυμμένον
2760 3859 2822 3913 τὸ
2857 3859 3188 3927 Εὑαγγέλιον
3218 3856 3402 3929 ἡμῶν,
3434 3858 3492 3909 ἐν
3520 3856 3614 3917 τοῖς

2042 3952 2433 4024 ἀπολλυμένοις
2476 3955 2593 4006 ἐστὶ
2625 3951 3034 4024 κεκαλυμμένον
3055 3968 3068 3981 ·
3104 3954 3163 4005 ἐν
3200 3947 3282 4016 οἷς
3312 3950 3344 4002 ὀ
3371 3950 3505 4013 Θεὸς
3533 3944 3614 4000 τοῦ

2043 4042 2238 4108 αἰῶνος
2282 4043 2470 4097 τούτου
2520 4043 2798 4114 ἐτύφλωσε
2837 4043 2906 4098 τὰ
2930 4045 3179 4114 νοήματα
3220 4042 3333 4095 τῶν
3361 4041 3612 4099 ἀπίστων,

2042 4134 2121 4198 εἰς
2149 4134 2210 4187 τὸ
2244 4135 2319 4206 μὴ
2353 4136 2695 4206 καταυγάσαι
2741 4134 2830 4189 τὸν
2862 4134 3139 4205 φωτισμὸν
3167 4133 3261 4186 τοῦ
3290 4129 3613 4201 Εὐαγγελίου

2040 4224 2140 4295 τῆς
2166 4224 2325 4297 δόξης
2365 4227 2461 4281 τοῦ
2505 4228 2766 4298 Χριστοῦ,
2810 4228 2869 4291 ὃς
2901 4230 3050 4281 ἐστιν
3073 4225 3235 4280 εἰκὼν
3272 4224 3370 4279 τοῦ
3403 4223 3537 4278 Θεοῦ
3557 4241 3570 4253 ο
3591 4243 3608 4275 ι

2040 4322 2136 4375 καὶ
2169 4320 2330 4374 πάλιν
2363 4320 2481 4391 μετ’
2507 4319 2663 4389 ὀλίγα
2680 4337 2694 4350 °
2736 4339 2755 4372 ι
2790 4321 2909 4373 Ὅτι
2938 4322 2967 4373 ὀ
2995 4319 3128 4382 Θεὸς
3152 4320 3182 4371 ὀ
3207 4317 3379 4371 εἰπὼν
3411 4320 3477 4371 ἐκ
3505 4317 3615 4371 σκό-

2039 4427 2166 4474 τους
2195 4409 2313 4479 φῶς
2344 4408 2576 4480 λάμψαι,
2608 4409 2668 4472 ὃς
2701 4407 2937 4479 ἔλαμψεν
2962 4410 3020 4462 ἐν
3047 4410 3166 4470 ταῖς
3186 4408 3442 4480 καρδίαις
3470 4404 3613 4479 ήμῶν

370 4497 537 4562 Deus,
586 4497 674 4567 qui
719 4495 879 4565 jussit
906 4510 937 4551 e
964 4495 1203 4550 tenebris
1233 4493 1403 4549 lucem
1436 4492 1772 4560 illucescere,
1828 4495 1836 4548 i

2148 4520 2185 4568 ις
2217 4503 2496 4573 φωτισμὸν
2524 4502 2623 4573 τῆς
2649 4501 2903 4570 γνώσεως
2930 4502 3029 4571 τῆς
3056 4500 3213 4572 δόξης
3245 4499 3342 4554 τοῦ
3374 4499 3533 4563 Θεοῦ,
3562 4501 3614 4551 ἐν

369 4590 506 4646 luxit
534 4591 589 4644 in
621 4589 875 4645 cordibus
919 4589 1121 4644 nostris
1149 4589 1216 4642 ad
1257 4584 1714 4642 illuminationem
1756 4586 1942 4656 cogni-

373 4685 534 4740 tionis
561 4684 747 4754 gloriae
790 4683 909 4748 Dei,
952 4682 1007 4736 in
1050 4679 1191 4736 facie
1227 4677 1357 4735 Jesu
1389 4670 1649 4733 Cln‘isti.»
1702 4677 1940 4744 Quorum

371 4777 583 4847 singula
621 4775 867 4844 quamvis
903 4783 1158 4828 accurate
1192 4786 1336 4827 nunc
1380 4785 1640 4827 enarrare
1679 4784 1788 4826 non
1846 4785 1944 4841 po-

370 4867 532 4923 stulet
569 4865 843 4936 pr0posita
870 4864 1144 4918 enarratio
1189 4872 1368 4919 textus
1395 4862 1711 4932 evangelici,
1759 4871 1937 4916 tamen

371 4960 555 5029 paucis
583 4958 699 5012 haec
729 4958 953 5013 dicenda
983 4964 1132 5010 sunt.
1164 4953 1437 5022 Quantum
1465 4957 1531 5010 ad
1575 4968 1793 5010 sensum
1840 4955 1940 5009 bu-

372 5048 552 5105 milem
580 5058 635 5103 et
660 5049 995 5117 corporalem
1026 5050 1237 5113 attinet,
1272 5045 1504 5102 divinior
1538 5047 1786 5115 quaedam
1821 5062 1938 5100 ma-

371 5143 649 5199 nifestatio
680 5143 730 5196 in
762 5144 1017 5209 tentorio,
1060 5153 1115 5197 et
1162 5142 1214 5196 in
1259 5140 1466 5210 templo.
1495 5141 1766 5209 completo
1797 5139 1936 5195 facta

372 5236 497 5303 fuit,
520 5246 576 5292 et
601 5237 656 5293 in
681 5235 820 5291 facie
855 5234 1074 5306 Moysis,
1100 5236 1191 5304 qui
1216 5250 1339 5289 cum
1364 5235 1546 5289 divina
1577 5244 1769 5287 natura
1807 5248 1940 5289 c0n-

371 5340 622 5383 versatus
648 5327 858 5392 fuerat,
891 5336 1154 5396 quantum
1187 5341 1318 5382 vero
1346 5326 1412 5381 ad
1437 5340 1738 5394 anagogen,
1766 5333 1822 5378 et
1860 5323 1940 5377 al-

372 5418 563 5474 tiorem
585 5418 1020 5489 intelligentiam,
1048 5433 1111 5473 ea
1134 5433 1254 5487 qua:
1277 5418 1340 5473 de
1362 5419 1473 5474 Deo
1496 5427 1746 5472 accurate
1776 5431 1942 5487 agno-

440 5554 685 5631 “_Exod.
716 5556 933 5631 xu,
954 5558 1053 5631 35ἒ
1120 5555 1414 5631 "__lll_R_eg.
1455 5572 1587 5631 \‘Itt,_
1609 5555 1696 5631 19,
1728 5555 1813 5631 ηε

1780 5556 1813 5631 |_.
1841 5554 2133 5631 __‘f“_Exod.
2168 5574 2354 5630 xxxiv,
2383 5560 2486 5629 29,
2514 5559 2600 5618 '50.
2677 5561 2721 5594 '“
2744 5561 2877 5619 Luc.
2907 5577 2984 5629 ix,
3006 5560 3098 5630 29,
3130 5576 3246 5631 seq.

372 5637 453 5686 ιιι,
485 5624 538 5689 7;
570 5641 685 5695 seq.
761 5628 805 5660 ⁷⁸
828 5628 959 5684 ibid.
993 5628 1081 5686 18.
1158 5628 1206 5660 ⁷⁸
1236 5627 1280 5681 ll
1308 5624 1432 5681 car.
1457 5643 1531 5693 tv,
1558 5628 1610 5692 ’5,
1635 5626 1692 5684 4.
1769 5627 1813 5658 ⁷⁵

592 5641 685 5695 ιθιι.
761 5628 1081 5686 "ibid.18.
1158 5628 1206 5660 τι
1236 5627 1280 5681 ιι
1308 5624 1432 5681 ϐυτ.
1457 5643 1531 5693 ιν,
1558 5628 1610 5692 5,
1635 5626 1692 5684 4.
1769 5627 1813 5658 π
1838 5624 1969 5682 ibid.
2007 5630 2058 5683 6.

445 5736 555 5809 ('50)
588 5739 811 5813 Vulgata
832 5742 1040 5814 Graeca,
1068 5745 1286 5816 στήκειν
1319 5743 1669 5813 λειτουργεῖν.
1696 5816 1699 5821 Ι

2046 4593 2325 4667 προσώπῳ
2368 4591 2541 4666 Ἰησοῦ
2590 4591 2847 4665 Χριστοῦ.
2873 4613 2892 4646 ι
2964 4593 3235 4647 Ἔκαστον
3301 4592 3360 4645 δέ
3421 4590 3612 4644 τούτων

2047 4687 2287 4760 ἀκριϐῶς
2311 4688 2406 4742 νῦν
2451 4686 2812 4759 διηγήσασθαι
2844 4687 2945 4739 οὐκ
2970 4687 3192 4740 ἀπαιτεῖ
3222 4687 3256 4757 ὴ
3284 4684 3609 4756 προκειμένη

2053 4780 2146 4850 τῆς
2175 4777 2534 4848 εὑαγγελικῆς
2571 4777 2771 4845 λέξεως
2794 4777 3045 4849 διήγησις
3063 4792 3077 4807 ο
3109 4775 3250 4847 πλὴν
3273 4776 3348 4840 ὼς
3381 4776 3471 4829 διὰ
3492 4774 3612 4847 βρα-

2048 4870 2186 4941 χέων
2212 4870 2433 4924 τοιαῦτα
2479 4869 2696 4923 λεκτέον
2718 4886 2731 4900 ³
2782 4871 2944 4924 Ὅσον
2975 4868 3074 4939 μὲν
3106 4869 3248 4922 κατὰ
3283 4868 3344 4921 τὸ
3376 4883 3608 4938 σώματι⁹

2047 4963 2142 5017 κὸν
2169 4963 2411 5034 θειοτέρα
2432 4980 2516 5025 τις
2540 4963 2761 5031 γέγονεν
2790 4961 3080 5030 ἐπιτάνεια
3113 4961 3171 5013 ἐν
3206 4962 3272 5031 τῇ
3303 4961 3500 5030 σκηνῇ,
3527 4956 3607 5011 καὶ

2046 5057 2105 5109 ἐν
2146 5053 2225 5126 τῷ
2251 5054 2363 5126 ναῷ
2393 5053 2805 5117 συντελεσθεῖσι,
2850 5053 2944 5106 καὶ
2967 5056 3024 5106 ἐν
3051 5051 3131 5123 τῷ
3155 5052 3434 5124 προσώπῳ
3460 5053 3609 5105 Matii-

2048 5146 2184 5209 σέως
2209 5147 2275 5216 τῇ
2320 5145 2438 5216 θείᾳ
2468 5143 2625 5214 φύσει
2673 5143 3033 5215 ὁμιλήσαντος
3055 5160 3069 5173 ο
3117 5144 3241 5196 ὅσον
3267 5143 3325 5195 δὲ
3350 5140 3498 5195 κατὰ
3522 5139 3609 5210 τὴν

2043 5237 2332 5307 ἀναγωγὴν
2359 5236 2427 5290 τὰ
2475 5238 2603 5308 περὶ
2630 5235 2765 5289 Θεοῦ
2813 5234 3057 5308 ἀκριϐῶς
3094 5236 3494 5305 γινωσκόμενα,
3526 5232 3610 5285 καὶ

2041 5325 2120 5398 τῷ
2150 5326 2441 5398 ἐπιτηδείῳ
2472 5325 2529 5380 δὲ
2552 5326 2853 5399 ὑπερϐολὴν
2880 5328 3249 5401 καθαρότητος
3284 5328 3353 5399 νῷ
3385 5325 3608 5400 θεωρού-

2050 5435 2205 5489 μενα,
2238 5418 2364 5484 δόξα
2389 5418 2455 5474 ἂν
2479 5419 2687 5490 λέγοιτο
2712 5418 2852 5476 εἶναι
2883 5421 3018 5475 Θεοῦ
3036 5422 3290 5492 ὀφθεῖσα·
3324 5423 3499 5476 ἐπεὶό
3524 5438 3608 5475 κε-

3340 5560 3385 5592 ⁷²
3422 5560 3463 5615 ll
3492 5559 3608 5616 Cor.
