3712 6138
140 289 221 334 an
1099 274 1455 329 COMMENT.
1495 274 1559 326 IN
1599 274 1690 326 «ιυλ

1853 271 2072 327 Γοιιυε
2111 271 2323 327 XXX".

3257 272 3361 326 8i8

84 432 85 439 η
139 386 474 460 καθαρμένος,
506 385 600 438 καὶ
632 383 979 456 ύπεραναῦὰς
1028 384 1205 437 πάντα
1237 381 1396 436 ύλικὰ
1423 379 1568 444 νοῦς,
1597 380 1687 433 ἵνα

1853 393 2029 448 untur,
2053 397 2278 452 quaeque
2300 380 2415 436 acie
2444 381 2641 436 mentis
2664 381 3038 451 dispiciuntur,
3072 393 3196 453 apte
3240 399 3367 454 pro-

137 479 397 555 ἀκριϐώσῃ
418 477 516 549 τὴν
554 476 788 548 θεωρίαν
816 475 911 529 τοῦ
942 474 1098 539 Θεοῦ,
1133 475 1191 529 ὲν
1217 470 1297 538 οἷς
1326 473 1541 545 θεωρεῖ,
1571 471 1689 525 θεο-

137 575 374 628 ποιεῖται·
421 568 642 623 λεκτέον
686 568 932 622 τοιοῦτον
984 565 1121 623 εἶναι
1174 569 1234 622 τὸ
1284 566 1598 636 δεδοξάσθαι
1629 566 1690 621 τὸ

137 662 401 736 πρόσωπον
430 658 526 713 τοῦ
556 659 930 733 θεωρήσαντος
974 659 1066 712 τὸν
1102 659 1253 723 Θεὸν,
1282 660 1374 713 καὶ
1400 663 1693 735 ὁμιλήσαν-

134 774 214 822 τος
242 752 400 825 αὐτῷ,
430 754 524 807 καὶ
548 753 1022 826 συνδιατρίῲαντος
1049 752 1270 826 τοιαύτῃ
1310 754 1429 826 θέᾳ,
1457 755 1533 821 ὡς
1563 758 1689 811 τοῦ-

136 865 186 904 το
210 843 336 903 εἶναι
360 846 638 918 τροπικῶς
678 845 740 899 τὸ
783 844 1169 916 δεδοξασμένον
1208 846 1499 917 πρόσωπον
1526 849 1690 903 Mutti-

133 941 276 1005 σέως,
314 937 723 1009 θεοποιηθέντος
762 936 912 1008 αὑτῷ
942 937 1036 991 τοῦ
1083 936 1196 991 νοῦ.
1245 938 1404 992 Κατὰ
1447 938 1605 993 τοῦτο
1633 941 1691 994 δὲ

134 1032 218 1087 καὶ
245 1029 273 1082 6
318 1027 636 1090 ’Δπόστολος
661 1026 813 1097 ἔλεγε
845 1026 909 1080 τό
926 1043 941 1056 ·
971 1045 991 1079 ι
1013 1027 1206 1098 Ἡμεῖς
1231 1026 1287 1080 δὲ
1317 1028 1538 1095 πάντες,
1563 1031 1693 1084 ἁνα-
1719 1055 1724 1059 -

130 1118 515 1190 κεκαλυμμένῳ
542 1114 822 1190 προσώπῳ
848 1116 946 1189 τὴν
977 1116 1135 1182 δόξαν
1166 1118 1372 1189 Κυρίου
1406 1135 1694 1193 κατοπτρι.

130 1210 346 1280 ζόμενοι,
382 1209 482 1281 τὴν
518 1207 690 1280 αὐτὴν
726 1207 914 1261 εἰκόνα
960 1208 1478 1280 μεταμορφούμεθα.
1506 1229 1524 1260 ι
1564 1210 1694 1264 ’Ὥσ-

130 1320 224 1376 περ
251 1300 305 1355 δὲ
333 1302 366 1372 ή
416 1299 512 1354 τοῦ
554 1298 869 1371 νυκτερινοῦ
900 1300 1078 1370 φωτὸς
1130 1300 1451 1373 λαμπρότης
1482 1302 1695 1357 ἀνατεί-

130 1395 304 1457 λαντος
324 1391 419 1447 τοῦ
451 1392 604 1465 ἡλίου
636 1392 1007 1464 ἀμαυροῦται,
1037 1390 1180 1446 οὔτω
1209 1393 1244 1463 ἡ
1276 1391 1382 1446 ὑπὸ
1412 1392 1695 1458 Μωῦσέως

126 1485 240 1552 δόξα
271 1485 373 1539 ὑπὸ
403 1485 505 1557 τῆς
532 1487 590 1539 ὲν
617 1484 840 1557 Χριστῷ
858 1501 873 1515 ·
908 1483 1193 1557 σύγκρισιν
1215 1483 1325 1557 γὰρ
1351 1485 1453 1539 οὐκ
1483 1479 1628 1557 εἶχεν
1659 1487 1694 1558 ὴ

127 1581 181 1634 ἐν
216 1576 429 1651 Χριστῷ
474 1577 717 1650 ὑπεροχὴ
753 1577 818 1649 ἢν
860 1575 1142 1646 γινώσκων
1176 1576 1289 1648 (51)
1338 1576 1429 1631 τὸν
1476 1577 1695 1650 Πατέρα

125 1666 329 1735 ὲδόξασε
358 1667 491 1739 περὶ
518 1665 684 1721 αὑτοῦ
702 1668 838 1738 πρὸς
868 1666 937 1720 τὰ
983 1666 1089 1720 ύπὸ
1114 1665 1394 1731 Μωῦσέως
1425 1666 1694 1734 γνωσθέν-

1790 482 1908 541 pter
1933 473 2313 528 excellentiam
2346 473 2598 542 puritatis
2643 474 2891 529 dicentur
2916 488 3039 530 esse
3063 476 3228 546 gloria
3269 476 3360 529 Dei

1789 573 2103 631 conspecta,
2139 562 2395 631 quoniam
2427 578 2579 617 tuens
2603 563 2975 628 mnntiilicata,
3005 574 3058 620 et
3090 580 3211 634 quae
3244 579 3361 618 ma-

1793 652 2000 707 lerialia
2031 665 2224 708 cuneta
2258 655 2675 718 transcenderit,
2709 666 2768 707 ut
2798 666 3051 710 accurate
3083 655 3361 711 intueatur

1790 745 2051 801 visionem
2079 745 2193 808 Dei,
2216 747 2283 801 ob
2303 763 2364 800 ea
2392 760 2513 814 qua:
2533 746 2792 811 intuetur,
2822 746 3126 805 deiﬁcatur.
3163 748 3358 803 Dicen-

1791 838 1918 893 dum
1944 847 2028 893 est
2051 838 2213 892 etiam
2241 838 2502 908 ejusmodi
2534 851 2657 893 esse
2686 837 2974 909 gloriﬁcari
3003 840 3196 895 faciem
3244 839 3360 910 ejus

1790 930 1883 1000 qui
1921 929 2089 985 Deum
2120 930 2348 985 intuitus
2375 929 2559 997 fuerit,
2585 938 2640 985 et
2671 946 2794 985 cum
2836 932 2954 1001 ipso
2986 941 3356 998 conversatus,

1791 1021 1994 1093 quique
2039 1037 2163 1077 cum
2198 1021 2502 1091 huiusmodi
2531 1024 2743 1079 visione
2774 1024 3223 1079 consuetudinem
3255 1025 3359 1080 ha-

1794 1110 1993 1176 buerit,
2039 1121 2099 1166 ut
2139 1112 2345 1183 tropice
2392 1113 2690 1184 gloriﬂcata
2744 1111 2909 1169 fuisse
2947 1113 3145 1185 Moysis
3192 1115 3360 1171 facies

1794 1204 2150 1275 intelligatur,
2177 1208 2301 1275 quia
2324 1221 2472 1261 mens
2492 1205 2637 1262 illius
2665 1205 2916 1261 deiﬁcata
2939 1205 3119 1261 fuerit.
3141 1206 3199 1263 In
3224 1208 3363 1262 hanc

1793 1296 2116 1352 sententiam
2141 1297 2434 1366 Apostolus
2461 1312 2675 1367 quoque
2700 1299 2915 1354 dicebat
2936 1298 3022 1354 ":
3063 1316 3083 1351 ι
3112 1297 3220 1355 Nos
3262 1315 3362 1354 au-

1793 1398 1901 1444 tem
1934 1404 2122 1445 omnes
2154 1400 2354 1445 retecta
2383 1390 2521 1444 facie
2552 1390 2780 1460 gloriam
2807 1391 3019 1445 Domini
3055 1391 3109 1447 in
3139 1392 3362 1461 speculo

1793 1491 2267 1553 repraewttantes,
2306 1482 2372 1538 ad
2398 1483 2643 1537 eamdem
2676 1482 2965 1554 imaginem
3009 1483 3365 1541 transforma-

1793 1590 1969 1631 mum
2008 1573 2076 1631 Ut
2103 1584 2283 1631 autem
2320 1585 2598 1631 nocturnae
2625 1575 2760 1630 lucis
2800 1576 3056 1644 splendor
3085 1578 3365 1633 exoriente

1794 1668 1911 1724 sole
1944 1666 2261 1731 offuscatur,
2292 1668 2372 1722 sic
2399 1666 2597 1739 Moysis
2622 1667 2808 1738 gloria:
2841 1670 3091 1724 tenebras
3135 1667 3365 1724 oﬂ'undit

125 1780 204 1827 τα,
235 1761 327 1815 καὶ
372 1759 673 1825 δοξάσαντα
705 1758 768 1812 τὸ
808 1759 1099 1831 πρόσωπον
1140 1759 1241 1829 τῆς
1270 1757 1451 1829 ψυχῆς
1495 1753 1690 1814 αὐτοῦ·

1853 1760 1964 1815 oria
2015 1774 2138 1830 quae
2183 1770 2272 1816 est
2308 1760 2360 1814 in
2392 1759 2645 1815 Christo;
2676 1758 2843 1832 449
2876 1776 2994 1814 cum
3033 1761 3231 1825 alioqui
3272 1775 3365 1816 ex-

120 1855 195 1910 διὸ
220 1854 635 1927 καταργουμένη
665 1852 880 1924 εἴρηται
919 1853 952 1923 ή
1003 1852 1097 1904 ἐπὶ
1128 1851 1404 1916 Μωῦσέως
1431 1850 1557 1919 δόξα
1583 1851 1692 1904 άπὸ

122 1949 214 2021 τῆς
242 1944 691 2019 ὑπερϐαλλούσης
718 1949 777 2000 ἐν
804 1944 1026 2017 Χριστῷ
1055 1943 1236 2015 δόξης.

1796 1851 2046 1909 cellentia
2082 1866 2205 1921 qua:
2251 1860 2336 1905 est
2385 1851 2436 1905 in
2468 1851 2687 1906 Christo
2736 1851 3196 1918 comparationem
3255 1868 3365 1906 non

1799 1945 2019 2010 habeat,
2049 1960 2154 2013 qua
2180 1957 2481 2014 agnoscens
2510 1941 2730 1998 Patrem
2772 1942 3040 2008 Christus,
3076 1945 3231 2015 longe
3257 1959 3366 1997 nua.

122 2042 196 2111 gis
221 2041 553 2112 glorificatus
581 2040 681 2096 fuit
709 2055 870 2109 quam
906 2039 1071 2094 fuerit
1100 2041 1310 2111 Moyses
1360 2053 1429 2095 ex
1483 2039 1568 2094 his
1603 2054 1722 2109 quae
1767 2053 1797 2093 a
1842 2055 1902 2095 se
1932 2041 2147 2109 cognita
2199 2039 2374 2103 fuere,
2420 2046 2474 2093 et
2528 2053 2649 2108 qua:
2685 2039 3127 2110 gloriﬁcaverunt
3174 2038 3363 2094 faciem

121 2138 304 2192 animae
331 2137 475 2205 ejus.
503 2137 710 2192 Idcirco
736 2135 907 2206 gloria
933 2137 985 2191 in
1022 2136 1204 2208 Moyse
1223 2136 1494 2192 exsistens
1530 2136 1672 2191 dicta
1695 2145 1781 2191 est
1810 2135 2018 2190 destrui
2050 2152 2079 2189 a
2107 2134 2528 2203 supereminenti
2555 2134 2723 2203 gloria
2757 2148 2878 2203 qua:
2914 2145 2997 2189 εει
3027 2134 3082 2189 itt
3123 2133 3381 2191 Christo.

184 2230 267 2286 18.
301 2230 522 2283 Τούτων
561 2229 625 2301 δὴ
657 2228 817 2301 ἡμῶν
877 2228 1021 2282 κατὰ
1065 2228 1294 2301 δύναμιν
1323 2231 1382 2283 έν
1413 2228 1693 2302 βραχέσιν,

120 2321 194 2384 εἰς
211 2320 247 2375 ἃ
279 2320 647 2392 παρεθέμεθα,
676 2319 1447 2392 λελεγμένων,ρέπανέλθωμεν
1475 2321 1569 2374 ἐπὶ
1597 2321 1690 2374 τό·

124 2430 141 2462 ι
168 2411 274 2463 Νῦν
298 2410 559 2483 ἐδοξάσθη
587 2412 616 2463 6
643 2410 773 2476 Υἱὸς
795 2409 890 2465 τοῦ
917 2409 1226 2483 ἀνθρώπου,
1258 2412 1354 2464 καὶ
1375 2411 1404 2463 6
1429 2410 1563 2474 Θεὸς
1581 2410 1693 2464 ὲδο-

121 2501 280 2576 ξάσθη
312 2505 370 2557 ὲν
403 2504 574 2575 αὐτῷ.
606 2524 626 2557 ›
675 2502 941 2559 Γινώσκει
986 2500 1081 2557 οὖν
1112 2502 1204 2558 τὸν
1240 2502 1461 2573 Πατέρα
1484 2503 1514 2555 ό
1542 2501 1694 2567 Υἱὸς,

117 2595 258 2667 αύτῷ
285 2595 365 2668 τῷ
385 2595 678 2665 γινώσκειν
720 2596 880 2650 αὐτὸν
907 2596 1019 2650 ὄντι
1072 2595 1314 2667 μεγίστῳ
1350 2593 1562 2665 ἀγαθῷ,
1600 2595 1693 2648 καὶ

117 2688 291 2743 ὁποῖον
317 2688 384 2743 ἂν
415 2690 448 2742 ὁ
478 2689 571 2743 ἐπὶ
598 2688 809 2743 τελείαν
836 2687 1035 2757 γνῶσιν
1072 2686 1168 2752 ὣν,
1200 2687 1266 2758 ἣν
1296 2685 1553 2755 γινώσκει
1579 2685 1691 2757 (52)

116 2782 145 2833 ό
178 2780 300 2844 rte;
323 2780 417 2835 τὸν
442 2779 683 2849 Πατέρα,
716 2778 973 2851 ἐδοξάσθη
994 2794 1009 2809 ·
1038 2773 1211 2848 οἶμαι,
1242 2778 1346 2841 ὅτι,
1378 2777 1472 2831 καὶ
1503 2776 1693 2831 ἑαυτὸν

117 2867 411 2938 γινώσκων,
447 2870 604 2940 (ὅπερ
632 2871 728 2924 καὶ
755 2870 888 2923 αὐτὸ
911 2870 974 2923 ού
1001 2868 1217 2941 μακρὰν
1247 2867 1436 2922 ἀποδεί
1468 2867 1576 2938 (55)
1598 2866 1693 2920 τοῦ

1871 2227 1960 2283 18.
1992 2227 2190 2282 Verum
2222 2227 2501 2282 enimvero
2535 2241 2657 2281 cum
2693 2228 2807 2280 haec
2848 2240 2946 2294 pro
2994 2225 3132 2279 virili
3181 2225 3368 2294 paucis

1796 2319 2216 2378 disseruerimus
2250 2318 2428 2374 dehis
2464 2333 2584 2385 quae
2636 2317 2689 2372 in
2739 2318 2971 2372 medium
3024 2317 3367 2386 protulimtts,

1799 2415 2085 2470 redeamus
2130 2413 2198 2467 ad
2245 2412 2416 2466 illud:
2478 2429 2497 2463 ι
2532 2410 2685 2466 Nunc
2727 2409 3062 2482 gloriﬁcaltts
3094 2419 3177 2465 est
3203 2409 3368 2465 Filius

1797 2507 2057 2572 hominis,
2076 2514 2131 2561 et
2150 2507 2290 2560 Deus
2307 2504 2639 2575 gloriﬁcatus
2665 2512 2748 2559 est
2770 2517 2866 2572 per
2887 2503 3060 2571 ipsum
3082 2502 3149 2553 ⁷⁷.
3164 2502 3368 2570 tAgno-

1800 2614 1958 2656 scens
1982 2598 2198 2653 Patrem
2229 2597 2400 2653 Filius
2428 2596 2766 2668 gloriﬁcatus
2782 2605 2863 2651 est
2884 2596 2998 2665 ipsa
3026 2593 3206 2648 Patris
3224 2593 3366 2663 agni-

1802 2691 1970 2754 tione,
2006 2703 2126 2759 qua:
2153 2699 2237 2745 est
2272 2689 2570 2745 maximum
2612 2690 2914 2752 honum,et
2955 2686 3060 2740 tale
3106 2696 3163 2740 ut
3202 2686 3370 2741 Filius

1801 2781 2138 2851 gloriﬁcetur
2180 2781 2234 2836 in
2284 2780 2526 2850 perfecta
2566 2779 2877 2851 cognitione
2913 2777 3202 2843 exsistens,
3262 2793 3369 2848 qua

1800 2872 2045 2943 agnoscit
2073 2870 2312 2927 Patrem.
2344 2873 2599 2927 Arbitror
2621 2884 2752 2927 vero
2773 2871 2938 2926 etiam
2965 2871 3110 2942 quod
3134 2872 3369 2944 seipsum

118 2961 430 3036 προτέρου,)
461 2960 720 3032 ἐδοξάσθη
773 2964 840 3016 ὲκ
868 2960 966 3015 τοῦ
996 2960 1160 3016 αὑτὸν
1186 2959 1502 3029 ἐγνωκέναι.
1552 2960 1614 3012 Εἰ
1640 2958 1690 3012 δὲ

1853 2978 2101 3032 ςιιοεεειιε
2135 2962 2279 3034 (quae
2313 2963 2428 3032 ipsa
2455 2978 2540 3018 res
2570 2978 2676 3017 non
2698 2964 2884 3034 procul
2918 2978 2947 3017 a
2971 2964 3138 3035 priori
3171 2964 3368 3035 abest),

118 3050 206 3102 καὶ
230 3051 358 3121 περὶ
408 3050 523 3104 τῶν
553 3049 689 3104 ὅλων
722 3050 923 3120 γνῶσις
947 3050 1061 3122 (54)
1107 3049 1420 3123 συμπληροῖ
1445 3049 1509 3103 τὸ
1537 3049 1698 3120 μέγε-

115 3138 322 3213 θοςτῆς
352 3141 521 3214 δόξης
552 3142 740 3210 αὑτοῦ,
769 3144 872 3197 ὅσα
918 3144 1035 3197 ἐστὶ
1071 3141 1288 3214 κρυπτὰ
1339 3142 1435 3197 καὶ
1482 3142 1696 3213 ἐμφανῆ

113 3234 492 3302 γινώσκοντος,
528 3234 815 3308 ζητήσας’
868 3235 964 3289 καὶ
1008 3236 1217 3308 μήποτε
1247 3237 1357 3307 (55)
1400 3234 1557 3289 τοῦτό
1583 3238 1698 3290 ἐστι

113 3329 171 3378 τὸ
198 3321 340 3383 εἶναι
368 3328 690 3398 αὐτοσοφία,
732 3327 766 3400 ἦ
802 3327 879 3399 τῷ
901 3327 1181 3398 λεγομένῳ
1210 3326 1445 3399 αὑτουιῷ
1482 3327 1576 3381 τοῦ
1605 3328 1700 3381 άν-

115 3416 330 3487 θρώπου
359 3421 424 3473 τὸ
444 3420 761 3487 δεδοξάσθαι
785 3422 850 3474 ὲκ
869 3419 964 3473 τοῦ
985 3419 1227 3493 ἡνῶσθαι
1249 3423 1316 3493 τῇ
1347 3421 1529 3493 σοφίᾳ.
1557 3420 1698 3475 Ταύ-

113 3507 210 3578 τὴν
233 3510 289 3564 δὲ
316 3514 502 3567 πᾶσαν
528 3514 628 3585 τὴν
656 3513 833 3580 δόξαν,
873 3514 939 3585 ἢν
971 3512 1230 3586 ἐδοξάσθη
1262 3516 1290 3568 ό
1323 3514 1452 3578 Υἱὸς
1481 3513 1576 3568 τοῦ
1605 3515 1699 3567 ἀν-

113 3600 352 3673 θρώπου,
388 3604 777 3677 δωρησαμένου
803 3604 896 3658 τοῦ
930 3604 1145 3678 Πατρὸς
1173 3603 1451 3677 ἐδοξάσθη.
1480 3603 1699 3659 Πολλῶν

110 3692 165 3749 δὲ
195 3694 370 3749 ὄντων
413 3697 527 3750 τῶν
559 3695 1021 3769 συμπληρούντων
1067 3696 1166 3768 τὴν
1205 3697 1362 3764 δόξαν
1389 3698 1571 3751 πᾶσαν
1603 3696 1696 3751 τοῦ

110 3785 421 3859 ἀνθρώπου,
453 3788 516 3842 τὸ
563 3790 683 3842 κατ’
727 3788 917 3859 ἐξοχὴν
970 3788 1176 3842 τούτων
1221 3789 1477 3843 ἁπάντων
1506 3789 1535 3840 ό
1567 3788 1699 3852 Θεός

107 3878 272 3937 ἐστιν.
301 3880 385 3945 ὃς,
436 3880 517 3951 τῷ
544 3878 901 3949 γινώσκεσθαι
937 3883 1043 3936 ἀπὸ
1072 3881 1167 3936 τοῦ
1199 3881 1352 3947 Υίοῦ,
1385 3884 1482 3954 οὐχ
1513 3881 1698 3946 ἁπλῶς

108 3970 221 4024 ἐστι
253 3971 642 4043 δοξαζόμενος,
688 3960 803 4026 ἀλλ’
833 3975 892 4029 ὲν
923 3973 1038 4045 Υίῷ
1064 3973 1415 4045 δοξαζόμενος
1438 3990 1452 4004 ·
1504 3973 1627 4027 καθ’
1669 3972 1698 4025 6

107 4063 199 4117 καὶ
225 4066 510 4138 τολμηρὸν
545 4068 666 4137 μὲν,
711 4066 805 4120 καὶ
854 4067 1037 4138 μεῖζον
1069 4066 1101 4137 ἢ
1135 4065 1258 4120 καθ’
1298 4067 1447 4137 ἡμᾶς
1491 4067 1607 4119 ἐστι
1636 4065 1699 4119 τὸ

107 4152 186 4215 εἰς
233 4152 489 4219 ἐξέτασιν
538 4155 766 4219 ἑαυτοὺς
812 4154 1089 4209 ἐπιδοῦναι
1132 4154 1453 4227 τηλικούτου
1501 4154 1694 4223 λόγουο

1796 3053 2127 3124 gloriﬁcatus
2154 3055 2243 3122 sit,
2268 3070 2333 3109 eo
2360 3055 2502 3125 quod
2535 3057 2769 3124 seipsum
2794 3055 3098 3127 agnoverit.
3134 3057 3216 3111 An
3238 3072 3370 3112 vero

1796 3147 1960 3202 etiam
2003 3147 2380 3202 universorum
2435 3148 2673 3218 cognitio
2722 3150 3145 3218 magnitudinem
3186 3149 3371 3221 gloriae

1798 3238 1965 3306 ipsius
1993 3238 2282 3306 compleat,
2305 3253 2425 3307 quae
2453 3248 2580 3293 sunt
2620 3241 2857 3305 occulta,
2908 3256 3137 3311 quaeque
3180 3251 3369 3312 aperta

1796 3332 2197 3397 cognoscentis,
2234 3346 2467 3400 quaeres,
2496 3342 2551 3386 et
2572 3331 2696 3385 vide
2719 3345 2785 3386 ne
2813 3330 2956 3387 forte
3001 3332 3141 3387 hanc
3169 3333 3372 3404 gloriﬁ-

1797 3420 2063 3474 cationem
2092 3419 2260 3474 Filius
2288 3422 2521 3476 hominis
2548 3421 2767 3487 habeat,
2793 3422 2920 3492 quia
2953 3422 3138 3479 unitus
3169 3424 3240 3478 sit
3269 3423 3372 3478 Sa-

1798 3511 2017 3578 pientia;
2045 3527 2168 3566 cunt
2215 3514 2328 3580 ipse
2369 3512 2442 3567 sit
2487 3513 2785 3583 αὐτοσοφία
2815 3514 2919 3581 vel,
2967 3525 3028 3568 ut
3058 3523 3250 3570 vocant
3275 3516 3371 3569 αύ-

1797 3603 1978 3667 τουιός
2015 3602 2143 3676 [Ιιοε
2192 3615 2276 3659 εει
2333 3604 2609 3675 Sapientia
2645 3607 2780 3678 ipsa,
2838 3608 2921 3662 vel
2984 3605 3154 3662 Filius
3204 3606 3369 3679 ipse]

1799 3698 1913 3753 Hae
1939 3708 2119 3754 autem
2149 3701 2297 3754 omni
2325 3700 2523 3771 gloria,
2575 3716 2683 3772 qua
2718 3702 3056 3773 gloriﬁcatus
3083 3711 3168 3757 est
3198 3701 3372 3756 Filius

1800 3791 2038 3845 hominis
2068 3829 2084 3856 ,
2134 3806 2163 3844 a
2202 3791 2381 3859 Patre,
2412 3794 2503 3861 qui
2531 3793 2634 3848 hoc
2658 3793 2731 3847 illi
2764 3793 3008 3858 donavit,
3040 3794 3373 3865 glorificatus

1799 3882 1920 3936 fuit.
1952 3880 2229 3953 Multaque
2271 3898 2394 3938 cum
2445 3882 2556 3938 sint
2596 3885 2826 3953 gloriam
2869 3900 3084 3941 omnem
3134 3884 3373 3941 hominis

1797 3989 1918 4044 qua:
1949 3975 2280 4047 compleant,
2334 3978 2418 4032 his
2453 3978 2707 4034 omnibus
2756 3990 3021 4049 praestans
3068 3988 3154 4035 εει
3206 3978 3370 4046 Deus,

1798 4075 1889 4144 qui
1923 4089 2029 4129 non
2060 4075 2380 4146 simpliciter
2402 4092 2431 4132 a
2456 4077 2615 4148 Filio,
2641 4080 2767 4134 dum
2795 4082 3168 4150 cognoscitur,
3206 4080 3374 4152 glori-

1799 4165 2032 4232 ﬁcatur;
2066 4165 2161 4220 sed
2205 4182 2300 4235 per
2346 4165 2543 4222 Filium
2591 4168 2948 4241 gloriﬁcatur.
2994 4169 3156 4226 Juxta
3204 4171 3370 4240 quod,

106 4244 255 4315 ὅμως
284 4246 346 4301 δὲ
375 4247 679 4318 τολμητέον
712 4246 1035 4302 ὑποϐάλλειν
1062 4247 1124 4300 τὸ
1155 4247 1213 4301 ὲν
1255 4246 1333 4318 τῷ
1361 4248 1510 4318 τόπῳ
1539 4246 1690 4320 ζητη-

1853 4259 1977 4314 tdax
2022 4260 2240 4330 quidem
2283 4260 2525 4329 facinus,
2555 4278 2826 4335 supraque
2865 4273 3081 4334 captum
3126 4270 3371 4340 nostrum

106 4338 258 4410 θῆναι
287 4340 614 4412 δυνάμενον.
667 4339 826 4409 Ζητῶ
871 4340 930 4395 δὲ
958 4343 1006 4395 εἰ
1038 4340 1211 4394 ἔνεστι
1257 4339 1577 4412 δοξασθῆναι
1607 4341 1690 4395 τὸν

1853 4353 2167 4421 Jsmetipsos
2193 4353 2513 4422 permittere
2539 4355 2729 4410 horum
2761 4355 3121 4427 inquisitioni,
3165 4338 3259 4409 sed
3285 4344 3371 4406 ta-

104 4429 254 4495 Θεὸν,
281 4432 443 4505 παρὰ
470 4433 533 4485 τὸ
560 4432 878 4500 δοξάζεσθαι
910 4436 968 4488 ἐν
996 4432 1132 4504 Υἱῷ,
1157 4433 1233 4497 ὡς
1255 4432 1698 4505 ἀποδεδώκαμεν,

107 4524 374 4592 μειζόνως
402 4524 572 4579 αύτὸν
602 4525 712 4597 (56)
747 4528 806 4580 ὲν
850 4525 1028 4597 ἑαυτῷ
1074 4525 1449 4597 δοξαζόμενον,
1489 4527 1598 4594 ὅτε,
1641 4529 1700 4582 ἐν

101 4617 166 4686 τῇ
200 4616 405 4671 ἑαυτοῦ
432 4617 721 4688 γινόμενος
753 4620 1028 4690 περιωπῇ,
1051 4618 1143 4672 ἐπὶ
1167 4620 1229 4689 τῇ
1262 4618 1452 4672 ἑαυτοῦ
1478 4618 1698 4688 γνώσει,

102 4709 196 4763 καὶ
220 4714 290 4784 τῇ
322 4712 528 4767 ἑαυτοῦ
579 4712 782 4786 θεωρία
810 4711 944 4786 οὔσῃ
980 4713 1186 4786 μείζονι
1230 4714 1331 4785 τῆς
1357 4714 1469 4786 (57)
1498 4716 1557 4768 έν
1583 4714 1699 4786 Υἱῷ

102 4803 360 4877 θεωρίας,
399 4806 484 4871 ὡς
511 4806 606 4860 ἐπὶ
649 4805 784 4861 Θεοῦ
814 4806 920 4879 χρὴ
944 4809 1084 4873 νοεῖν
1115 4805 1185 4861 τά
1226 4806 1470 4873 τοιαῦτα,
1504 4808 1585 4862 δεῖ
1614 4807 1700 4861 λέ-

167 4983 281 5043 "ll
300 4983 440 5043 Cor.
465 4998 553 5048 ut,
577 4983 664 5040 l8.
738 4982 782 5016 ⁷⁷
807 4982 960 5040 Joan.
985 4998 1105 5052 xm,
1134 4986 1222 5042 5i.

170 5174 289 5242 (5i)
315 5168 516 5230 Codex
550 5171 771 5244 Regius,
802 5170 879 5226 ὢν
910 5170 1215 5244 γινώσκων.

169 5238 286 5314 (52)
309 5244 478 5314 Idem
521 5238 694 5299 code:
723 5238 947 5314 Regius,
976 5238 1034 5296 οἷ
1083 5242 1176 5295 ἐπὶ
1221 5241 1433 5298 τελείαν
1467 5244 1688 5314 γνῶσιν,

96 5314 163 5387 ἢν
179 5313 495 5387 avem.

166 5382 283 5457 (55)
309 5384 677 5457 Ὅπερ-αὐτὸ
707 5385 806 5440 καὶ
831 5385 905 5457 οὐ
917 5382 1154 5455 μακρὰν
1171 5385 1400 5453 ἀποδεῖ,
1417 5398 1523 5444 etc.
1544 5389 1691 5444 Ano-

97 5453 294 5526 nytnus
326 5453 763 5526 apud__l°hotinnt
794 5453 930 5510 cod.
979 5470 1147 5526 cxm,
1208 5457 1311 5513 hoc
1342 5461 1561 5514 nomine
1599 5474 1690 5512 ac-

96 5524 583 5596 cusatum'scribit
610 5524 922 5596 Origenetn,
947 5527 1090 5596 quod
1109 5524 1302 5581 Filium
1331 5529 1551 5592 dixerit,
1581 5545 1687 5584 non

97 5613 336 5654 noscere
373 5594 607 5650 Patrem
640 5594 995 5663 ut‘seipsum'.
1035 5597 1189 5662 Quod
1220 5596 1393 5665 ipsum
1428 5600 1516 5653 hic
1541 5600 1687 5654 vide-

94 5675 186 5747 tur
218 5666 574 5795 slilgnijicare.
607 5666 717 5723 Nos
747 5682 860 5723 rem
913 5666 1267 5737 expendimus
1305 5669 1357 5723 itt
1412 5668 1687 5740 Origem'a-

94 5753 193 5794 tm.
287 5751 527 5795 uenus.

92 5753 193 5794 1118.
232 5751 527 5796 ιιυετιυε.

1799 4458 1923 4499 men
1952 4445 2257 4499 audendum
2283 4456 2366 4501 est
2397 4460 2696 4518 suggerere
2725 4448 2869 4516 quod
2914 4447 3020 4503 hoc
3067 4445 3122 4500 in
3155 4444 3273 4500 loco
3318 4443 3375 4519 in

1798 4536 2154 4604 quaestionem
2188 4539 2380 4594 adduci
2409 4539 2599 4610 possit.
2658 4539 2853 4607 Quaero
2890 4549 3071 4595 autem
3107 4553 3174 4594 an
3199 4534 3376 4608 possit

1798 4628 1970 4699 gloria
2009 4627 2148 4685 afﬁci
2191 4631 2354 4696 Deus,
2404 4641 2604 4702 praeter
2648 4632 2876 4703 gloriam
2905 4646 3069 4702 quam
3118 4631 3282 4687 habet
3317 4630 3374 4683 in

1805 4717 1964 4785 Filio,
1998 4722 2070 4775 ita
2095 4729 2154 4776 ut
2180 4722 2523 4787 tradidimus,
2553 4723 2743 4793 majori
2777 4722 2830 4776 in
2864 4739 2923 4776 se
2952 4723 3070 4792 ipso
3094 4720 3263 4790 gloria
3290 4717 3375 4772 af-

1806 4808 2003 4881 fectus,
2034 4826 2159 4868 cum
2205 4813 2259 4867 in
2291 4828 2387 4868 sua
2418 4814 2587 4883 ipsius
2608 4824 2693 4869 est
2722 4815 2963 4884 specula,
3007 4821 3233 4885 propter
3286 4811 3372 4867 sui

1893 5179 1985 5248 54)
2020 5177 2201 5234 Codex
2224 5176 2446 5248 Regius,
2468 5175 2627 5248 male,
2655 5174 2873 5248 γνῶσιν.

1893 5179 1963 5234 54
2020 5179 2201 5234 Codex
2226 5179 2446 5248 Regius,
2468 5179 2627 5238 male,
2655 5179 2873 5245 γνῶσιν.

1891 5179 1985 5323 55)
2013 5249 2125 5304 Kal
2148 5247 2404 5323 μήποτε,
2427 5256 2535 5301 etc.
2578 5245 2655 5301 lta
2687 5247 2887 5323 legitur
2911 5246 2984 5323 ⁸ξιι
3010 5244 3199 5323 codice
3231 5244 3374 5323 Bod-_

1798 5316 1999 5385 leiano,
2023 5316 2254 5382 rectius,
2281 5321 2499 5385 Opinor,
2525 5332 2690 5387 quam
2746 5319 2798 5371 in
2825 5316 3011 5387 codice
3039 5316 3231 5387 Regio,
3276 5318 3375 5387 qui

1797 5390 1878 5444 sic
1901 5382 2068 5461 habet
2089 5407 2109 5461 κς
2143 5390 2251 5461 Καὶ
2301 5382 2515 5461 μήποτε
2546 5382 2895 5461 ξοῦςτρμὲστε
2928 5385 2988 5461 τὸ
3020 5382 3177 5461 ⁸εἴημὴ
3220 5382 3367 5461 αὐτῷ

1797 5459 2121 5532 εοφίριήτῷ
2148 5453 2607 5532 λεγοιέέθφμιτῷ
2653 5456 2768 5532 ηιξ»
2804 5455 2897 5532 τοῦ
2946 5453 3257 5528 ἀνθρώπου,

1795 5528 2107 5595 δεδοξάσθαι
2146 5528 2332 5584 ὲκτοῦ
2351 5528 2593 5601 ἡνῶσθαι
2616 5530 2682 5600 τῇ
2714 5528 2896 5601 σοφίᾳ.

1866 5602 1977 5667 (56)
2000 5601 2182 5656 Codex
2217 5597 2436 5669 Regius,
2469 5600 2627 5664 male,
2656 5597 2969 5670 Ῐμεῖζονὼς.

1865 5671 1978 5745 (5⁷)
2002 5671 2136 5742 Τῆς.
2162 5673 2320 5729 Deest
2355 5671 2407 5726 itt
2425 5671 2617 5727 codice
2648 5669 2835 5739 Regio.
