3712 6138
408 218 510 272 διε)

1850 231 2171 288 ORIGENIS
3540 243 3628 292 810

405 331 774 400 cognitionem
824 341 879 388 et
932 335 1016 388 sui
1059 339 1601 407 contemplationem,
1647 358 1766 412 quae
1805 345 1942 414 majo

2089 364 2213 414 γειν,
2245 347 2326 399 ὅτι
2376 346 2724 418 εὐφραίνεται
2752 346 2956 415 ἅφατόν
2985 364 3105 399 τινα
3150 347 3523 419 εὐαρέστησιν,
3554 355 3630 405 καὶ

404 435 488 480 est
521 425 982 492 contemplatione
1003 444 1124 499 qua:
1153 443 1239 486 est
1263 431 1316 486 in
1343 433 1480 488 Filio
1501 474 1516 498 ,
1548 445 1606 489 ut
1631 437 1696 490 de
1745 436 1849 491 Deo
1886 445 1970 490 ta-

407 517 476 572 lia
499 517 808 588 intelligere
836 534 937 590 par
963 532 1082 578 est:
1117 525 1404 582 dicendum
1442 537 1526 584 est
1568 529 1814 600 perfundi
1844 547 1968 588 eum

411 610 664 665 ineffabili
699 611 930 681 quadam
955 613 1334 684 delectatione,
1363 629 1416 675 et
1445 620 1652 688 latitia,
1676 632 1731 677 et
1753 625 1968 694 gaudio,

405 701 458 754 in
493 717 554 757 se
584 703 701 772 ipso
733 702 835 758 sibi
864 705 1079 774 placens
1108 716 1162 762 et
1187 711 1446 778 gaudens.
1474 713 1680 779 Quibus
1701 716 1972 772 vocabulis

405 808 504 863 ego
539 796 757 864 quidem
788 806 914 852 utor
945 815 1052 853 non
1087 810 1340 871 tanquam
1395 806 1612 873 proprie
1643 808 1970 862 convenien-

406 886 551 940 tibus
579 886 710 953 Deo,
741 888 836 943 sed
872 889 1088 960 indigus
1138 892 1521 961 indicibiliutn,
1564 906 1624 951 ut
1657 897 1728 952 ita
1759 899 1969 969 loquar,

409 977 720 1047 verborum,
751 995 871 1046 quas
895 981 1044 1037 solus
1073 983 1205 1051 ipse,
1230 996 1286 1038 et
1314 986 1626 1057 Unigenitus
1652 989 1820 1046 Filius
1857 991 1973 1060 eius

407 1084 532 1123 cum
562 1070 676 1139 ipso
701 1073 916 1141 propria
942 1072 1214 1130 locutione
1238 1077 1389 1132 eli‘ari
1423 1089 1597 1149 potest
1623 1081 1704 1136 vel
1733 1081 1976 1152 cogitare

402 1163 473 1218 de
508 1179 592 1219 eo.
616 1165 780 1236 450
802 1165 1066 1222 Caeterum
1105 1169 1360 1233 quoniam
1408 1171 1461 1226 in
1491 1173 1633 1226 hunc
1657 1173 1834 1227 locum
1880 1174 1976 1228 de-

406 1255 679 1321 venimus,
707 1257 797 1312 ubi
840 1256 985 1312 Deus
1013 1273 1111 1328 per
1155 1259 1429 1316 Christum
1467 1263 1826 1332 gloriﬁcatur,
1875 1279 1972 1333 ap-

405 1348 581 1415 posite
615 1364 918 1416 quaaremus
951 1353 1217 1419 quomodo
1232 1355 1392 1409 etiam
1431 1371 1529 1426 per
1563 1356 1823 1427 Spiritum
1849 1373 1975 1412 san-

404 1449 552 1492 ctum
583 1440 940 1511 glorilicetur,
975 1449 1028 1496 et
1058 1457 1153 1511 per
1191 1459 1382 1501 omnes
1409 1462 1438 1500 a
1462 1447 1658 1516 quibus
1685 1459 1975 1518 conspecta

406 1531 570 1586 fuerit
613 1532 697 1587 vel
743 1534 1115 1603 con5piciatur
1143 1539 1313 1608 gloria
1349 1539 1582 1595 Domini.
1611 1541 1787 1611 Atque
1821 1543 1973 1597 arbi-

404 1631 522 1677 tror
550 1638 650 1694 ego
683 1627 901 1690 quidem
933 1628 1098 1682 totius
1131 1629 1317 1698 gloriae
1350 1630 1442 1684 Dei
1475 1631 1816 1702 splendorem
1856 1647 1974 1688 esse

2077 439 2432 510 εὐφροσύνην,
2469 439 2563 492 καὶ
2610 438 2805 510 χαράν,
2853 439 2936 508 ἐφ’
2971 437 3147 509 ἐαυτῷ
3176 439 3629 511 εὐαρεστοὺμενος,

2078 529 2171 581 καὶ
2207 529 2429 600 χαίρων.
2467 528 2700 600 Χρῶμαι
2723 529 2779 582 δὲ
2807 527 3012 593 τούτοις
3039 529 3294 600 ὀνόμασιν
3328 531 3429 601 οὐχ
3456 533 3527 596 ὡς
3555 552 3632 588 κυ-

2081 621 2212 692 ρίως
2256 621 2324 675 ἂν
2352 620 2768 692 λεχθησομένοις
2793 622 2886 675 ἐπὶ
2914 621 3068 686 Θεοῦ,
3115 622 3251 676 ἀλλὰ
3275 624 3493 694 ἀπορῶν
3519 627 3628 692 τῶν,

2084 713 2148 765 i'v‘
2182 711 2353 776 οὕτως
2381 712 2650 784 ὀνομάσω,
2694 713 2946 784 ἀρρήτων
2982 713 3262 785 ῥημάτων,
3295 713 3331 768 ἃ
3364 717 3519 786 μόνος
3549 721 3630 771 αὐο

2077 806 2170 870 τὸς
2195 807 2436 870 δύναται,
2489 806 2584 860 καὶ
2612 807 2728 877 μετ’
2760 805 2921 859 αὐτὸν
2953 806 3061 877 (58)
3095 807 3124 860 6
3149 807 3459 878 Μονογενὴς
3490 809 3630 862 αὐτοῦ

2079 899 2136 950 ἐν
2164 896 2328 967 κυρίᾳ
2375 895 2515 962 λέξει
2546 895 2744 964 λέγειν,
2794 895 2828 966 ἦ
2857 899 3071 967 φρονεῖν
3097 899 3224 967 περὶ
3265 897 3452 950 αὐτοῦ.
3499 899 3632 951 Ἐπεὶ

2077 987 2132 1041 δέ
2163 989 2220 1040 ἐν
2258 986 2335 1058 τῷ
2363 988 2510 1056 τόπῳ
2534 987 2836 1057 γεγόναμεν
2861 985 2952 1040 τοῦ
2982 986 3071 1039 τὸν
3099 987 3230 1042 Θεὸν
3255 987 3562 1055 δοξάζεσθαι
3585 991 3634 1041 ἐν

2077 1077 2316 1148 Χριστῷ,
2339 1076 2756 1148 παρακειμένως
2787 1076 2853 1130 ἂν
2876 1077 3207 1149 ζητήσαιμεν
3240 1077 3358 1140 πῶς
3384 1077 3634 1142 δοξάζοιτο

2077 1171 2172 1222 καὶ
2214 1171 2271 1223 ἐν
2309 1169 2386 1240 τῷ
2430 1170 2568 1240 ἁγίῳ
2603 1168 2897 1239 Πνεύματι,
2946 1171 3039 1223 καὶ
3073 1172 3131 1224 ἐν
3172 1171 3335 1224 πᾶσιν
3374 1165 3456 1233 οἷς
3498 1169 3630 1242 ὤφθη

2074 1261 2199 1328 δόξα
2237 1261 2464 1330 Κυρίου,
2505 1259 2540 1330 ἢ
2581 1261 2891 1333 ὀφθήσεται.
2934 1262 3098 1334 Ὅλης
3129 1263 3226 1333 μὲν
3249 1259 3342 1317 οὖν
3373 1259 3523 1333 οἶμαι
3549 1264 3632 1331 τῆς

2073 1353 2231 1425 δόξης
2254 1352 2345 1406 τοῦ
2374 1350 2508 1406 Θεοῦ
2536 1352 2699 1406 αὐτοῦ
2725 1353 3066 1424 ἀπαύγασμα
3094 1350 3232 1407 εἶναι
3254 1355 3346 1408 τὸν
3379 1355 3526 1419 Υίὸν,
3552 1372 3636 1407 κα-

2074 1532 2262 1604 δόξηςο
2290 1552 2308 1584 ι
2359 1532 2582 1604 φθάνειν
2633 1533 2877 1604 μέντοιγε
2927 1534 3034 1586 ἀπὸ
3083 1534 3174 1588 τοῦ
3220 1536 3634 1606 άπαυγάσματος

2075 1627 2264 1678 τούτου
2295 1624 2395 1695 τῆς
2429 1624 2555 1696 ὅλης
2586 1623 2742 1695 δόξης
2773 1624 2973 1696 μερικά
2999 1626 3408 1697 άπαυγάσματα
3435 1627 3524 1679 ἐπὶ
3552 1629 3631 1697 τὴν

404 1715 624 1784 Filium,
655 1730 762 1775 uta
788 1720 954 1776 Paulo
976 1721 1231 1782 traditum
1256 1731 1361 1790 est,
1386 1700 1602 1779 dicente
1626 1748 1639 1781 :
1675 1745 1693 1778 ι
1724 1725 1825 1793 Qui
1849 1741 1942 1781 cun

2089 1718 2268 1788 λοιπὴν
2311 1717 2536 1790 λογικὴν
2568 1718 2776 1770 κτίσιν·
2831 1717 2931 1770 οὐκ
2957 1714 3109 1789 οἶμαι
3135 1718 3244 1790 γάρ
3279 1736 3402 1772 τινα
3448 1719 3506 1772 τὸ
3542 1723 3632 1772 πᾶν

405 1811 470 1863 sit
490 1811 746 1878 splendor
764 1813 948 1884 gloria:
965 1813 1034 1879 7°;
1070 1832 1088 1865 ι
1115 1815 1398 1882 pervenire
1421 1823 1597 1869 tamen
1622 1817 1942 1884 particulare

2089 1807 2330 1862 56va60at
2363 1808 2608 1879 χωρῆσαι
2634 1807 2735 1877 τῆς
2775 1808 2901 1878 ὅλης
2933 1807 3090 1879 δόξης
3121 1807 3214 1860 τοῦ
3253 1808 3392 1861 Θεοῦ
3418 1808 3632 1876 ἀπαύγα-

408 1903 727 1970 splendores
747 1907 813 1960 ab
832 1907 933 1962 hoc
949 1909 1232 1977 splendore
1249 1907 1412 1961 totius
1433 1908 1614 1977 gloriae
1631 1908 1694 1962 ad
1711 1909 1942 1978 reliquan

2089 1915 2212 1968 σμα,
2241 1898 2273 1969 ἢ
2301 1898 2395 1951 τὸν
2427 1899 2552 1952 Υἱὸν
2579 1899 2742 1954 αὐτοῦ
2775 1899 2902 1970 (59).
2932 1899 3045 1952 Νῦν
3069 1894 3184 1962 οῦν,
3207 1901 3294 1952 ὅτε
3319 1902 3356 1972 ἡ
3379 1902 3631 1970 οίκονομία

407 2003 652 2049 naturam
676 1998 898 2054 rationis
915 1999 1407 2070 capacem.Alioqui
1432 2014 1534 2053 non
1553 1998 1789 2055 arbitror
1804 2001 1942 2070 perci

2089 1990 2165 2043 τοῦ
2200 1992 2340 2062 ὑπὲρ
2386 1993 2600 2044 πάντων
2629 1991 2832 2054 πάθους
2863 1991 2976 2063 (40)
3030 1991 3123 2044 τοῦ
3152 1992 3283 2046 Υίοῦ
3314 1991 3411 2044 τοῦ
3448 1993 3630 2063 ἀνθρὼ-

405 2100 536 2154 pere
557 2087 789 2156 aliquem
822 2105 978 2157 posse
997 2106 1212 2146 omnem
1233 2089 1575 2158 Splendorem
1597 2091 1762 2146 totius
1791 2091 1942 2159 glori:

2089 2100 2175 2136 που
2197 2083 2402 2152 γίνεται
2421 2083 2482 2137 οὐ
2515 2084 2680 2154 χωρὶς
2713 2083 2868 2149 Θεοῦ,
2902 2085 2947 2156 (ι
2972 2085 3063 2137 Διὸ
3094 2087 3122 2138 6
3150 2084 3282 2148 Θεὸς
3305 2086 3470 2141 αὐτὸν
3495 2087 3630 2155 ὑπερ-

408 2174 526 2244 Dei,
543 2177 640 2233 nisi
658 2179 852 2234 Filium
869 2181 984 2236 Dei.
999 2181 1150 2236 Nunc
1163 2193 1339 2235 autem
1353 2181 1566 2249 quando
1582 2183 1907 2247 teconomia,
1921 2198 1942 2239 ε

2089 2175 2315 2244 ὂψωσεν,
2339 2174 2382 2245 ι)
2403 2195 2421 2226 ι
2441 2175 2754 2246 ἐδοξάσθη,›
2777 2177 2988 2246 φησὶνμ
3012 2178 3041 2229 ό
3062 2176 3189 2241 Υἱὸς
3200 2176 3294 2229 τοῦ
3305 2176 3622 2250 ἁνθρώπου,ι

407 2271 724 2342 mysterium
769 2274 1038 2342 passionis
1076 2274 1198 2328 Filii
1239 2275 1473 2330 hominis
1498 2291 1598 2344 pro
1634 2276 1885 2331 omnibus
1915 2276 1942 2331 ﬁ

2089 2268 2136 2321 >6
2176 2267 2364 2338 μόνος·
2406 2286 2425 2318 ‹
2452 2269 2546 2320 καὶ
2577 2269 2605 2320 ό
2627 2267 2757 2331 Θεὸς
2785 2267 3044 2340 ἐδοξάσθη
3074 2271 3131 2322 ἐν
3163 2269 3332 2340 αὐτῷ.
3363 2289 3382 2321 ι
3421 2270 3524 2322 Καὶ
3550 2267 3627 2322 οὔ·

410 2377 518 2416 non
553 2363 672 2418 sine
701 2365 834 2430 Deo,
863 2364 881 2437 (
913 2385 932 2418 ι
957 2365 1128 2433 Quam
1160 2368 1230 2421 ob
1257 2383 1474 2422 causam
1507 2367 1646 2424 Deus
1692 2368 1843 2422 illum
1887 2385 1974 2423 su-

407 2455 768 2521 perexaltavit
804 2458 892 2526 ⁷³)
937 2459 1274 2528 gloriﬁcatus
1323 2469 1425 2525 est,
1477 2461 1649 2528 inquit
1682 2460 1750 2528 ⁸ο,
1802 2459 1974 2515 Filius

407 2545 729 2610 laminis,»
789 2565 894 2604 non
959 2549 1151 2615 solus,
1196 2569 1216 2602 ι
1253 2549 1394 2605 Deus
1450 2552 1594 2606 enim
1648 2567 1744 2622 per
1798 2552 1971 2620 ipsum

399 2639 569 2693 etiam
597 2639 942 2708 gieriiieatus
965 2652 1071 2698 est.
1093 2662 1115 2696 ι
1141 2643 1220 2697 Ad
1247 2643 1404 2711 hujus
1433 2644 1534 2698 loci
1566 2644 1970 2698 similitudinem

401 2744 674 2798 exponere
703 2734 826 2801 quis
850 2737 1044 2804 poterit
1070 2735 1197 2790 illud
1229 2752 1243 2791 :
1280 2753 1298 2787 ι
1329 2735 1495 2792 Nemo
1516 2738 1732 2805 agnovit
1755 2736 1966 2802 Filium,

403 2823 510 2878 nisi
539 2822 700 2879 Pater
721 2827 788 2891 3‘;
820 2845 838 2877 ι
866 2836 920 2880 ει
942 2826 1073 2881 illud
1099 2845 1112 2880 :
1142 2847 1160 2880 ι
1187 2827 1383 2884 Βιιιιιιιε
1405 2844 1484 2893 es,
1512 2830 1697 2883 Simon
1719 2827 1968 2898 Barjona,

403 2915 532 2984 quia
563 2931 715 2981 caro,
745 2926 802 2972 et
827 2919 1048 2986 sanguis
1087 2935 1195 2974 non
1225 2919 1485 2975 revelavit
1525 2918 1642 2982 tibi,
1692 2921 1782 2974 sed
1809 2919 1971 2974 Pater

2071 2377 2179 2421 τως
2205 2358 2252 2412 δ’
2278 2358 2346 2414 ἂν
2372 2359 2440 2413 τὰ
2473 2358 2614 2413 κατὰ
2643 2360 2735 2414 τὸν
2772 2360 2938 2414 τόπον
2962 2379 3045 2426 τις
3075 2362 3416 2434 διηγήσαιτο.
3445 2362 3627 2432 Γέγρα-

2073 2469 2202 2504 πται
2221 2468 2236 2482 ’
2271 2470 2290 2503 ι
2309 2451 2497 2514 Οὐδεὶς
2529 2451 2671 2519 ἐγνω
2711 2451 2803 2505 τὸν
2832 2452 2959 2506 Υἱὸν
3005 2455 3052 2505 εἰ
3086 2453 3158 2524 μὴ
3202 2455 3231 2508 6
3263 2452 3475 2524 Πατὴρ,
3504 2473 3523 2505 ι
3553 2455 3628 2505 καὶ

2073 2546 2318 2618 εἴρηταιο
2347 2563 2364 2596 ι
2383 2546 2492 2599 Καὶ
2521 2545 2788 2616 μακάριος
2815 2541 2886 2610 εἴ,
2906 2545 3088 2617 Σίμων
3110 2545 3487 2618 Βαριιῖινα,,ὃτι
3515 2547 3626 2617 σὰρξ

2073 2637 2164 2689 καὶ
2196 2630 2334 2707 αἷμα
2365 2637 2468 2688 οὐκ
2498 2635 2813 2706 άπεκάλυψέ
2845 2653 2946 2700 σοι,
2978 2637 3093 2690 ἀλλ’
3122 2638 3156 2710 ἢ
3191 2639 3219 2689 ὁ
3257 2639 3454 2709 Πατήρ
3485 2655 3573 2707 μου
3605 2641 3626 2688 ὁ

2071 2733 2340 2804 οὐράνιος.
2364 2751 2382 2784 ι
2402 2732 2567 2787 Ὅσον
2588 2729 2681 2787 οῦν
2710 2735 2811 2787 οὐκ
2842 2733 3078 2803 ἔγνωστο
3105 2736 3133 2787 6
3165 2736 3293 2799 Υἱὸς
3331 2735 3415 2806 τῷ
3442 2737 3622 2807 κόσμῳ,

2070 2821 2118 2892 (ι
2157 2823 2242 2876 Ἐν
2269 2823 2348 2894 τῷ
2377 2824 2564 2896 κόσμῳ
2585 2823 2693 2896 γὰρ
2714 2819 2804 2896 ἦν,
2835 2827 2929 2879 καὶ
2960 2829 2988 2880 ό
3015 2826 3220 2898 κόσμος
3247 2827 3313 2880 δι’
3344 2827 3505 2882 αὐτοῦ

2071 2933 2211 2980 νετο,
2246 2916 2338 2969 καὶ
2365 2919 2394 2970 ό
2421 2917 2620 2988 κόσμος
2639 2917 2800 2971 αὐτὸν
2821 2918 2919 2971 οὐκ
2942 2918 3114 2987 ἔγνωο
3146 2919 3193 2991 ι)
3221 2920 3436 2973 οὐδέπω
3464 2922 3515 2973 ἐν
3551 2920 3624 2972 κό-

404 3020 560 3062 meus
590 3007 682 3076 qui
720 3007 774 3062 in
825 3009 979 3064 cmlis
1009 3019 1093 3064 est
1116 3011 1184 3066 ⁸³.
1217 3031 1235 3062 ι
1293 3012 1570 3080 Quatenus
1607 3013 1751 3064 enim
1799 3010 1942 3064 Filiu<

2089 3026 2195 3080 ιμῳ
2227 3009 2535 3076 ἐδεδόξαστο
2565 3009 2700 3082 (41),
2728 3010 2820 3062 καὶ
2850 3005 2917 3081 ἦν
2951 3012 2983 3081 ἡ
3017 3009 3188 3081 ζημία
3213 3011 3305 3064 τοῦ
3340 3011 3417 3083 μὴ
3439 3011 3622 3076 δεδοξα-

406 3113 511 3153 non
537 3109 659 3153 erat
693 3102 893 3156 mundo
936 3102 1306 3172 agnitus(tln
1334 3104 1534 3159 mundo
1567 3105 1712 3158 enim
1740 3114 1882 3170 erat,
1914 3120 1942 3158 e

2089 3099 2199 3154 xeat.
2243 3101 2406 3154 αὐτὸν
2449 3103 2506 3155 ἐν
2541 3101 2618 3172 τῷ
2661 3102 2850 3174 κόσμῳ
2877 3102 2938 3155 οὐ
2978 3101 3072 3155 τοῦ
3109 3103 3182 3174 μὴ
3229 3103 3615 3174 δεδοξασμένον,

407 3191 646 3244 mundus
667 3205 766 3258 per
786 3192 959 3261 ipsum
986 3191 1160 3249 laetus
1185 3205 1288 3260 est,
1328 3205 1382 3250 et
1412 3198 1642 3252 mundus
1690 3210 1811 3250 eum
1862 3211 1968 3252 non

405 3283 765 3352 cognovit”,
790 3279 836 3350 ι)
865 3285 1100 3340 nondum
1137 3286 1472 3356 gloriﬁcatus
1506 3298 1628 3341 erat
1674 3302 1770 3357 per
1810 3303 1971 3342 mun-

407 3375 555 3440 dum,
583 3376 822 3441 etiamsi,
851 3377 996 3446 quod
1036 3392 1134 3448 per
1179 3379 1432 3432 mundum
1478 3379 1817 3450 glorillcatus
1859 3394 1969 3434 non

403 3475 574 3534 esset,
591 3467 846 3524 damnum
877 3485 982 3524 non
1019 3479 1139 3525 erat
1164 3469 1367 3526 Christi
1400 3487 1506 3527 non
1537 3472 1843 3543 gloriﬁcati,
1877 3473 1970 3528 sed

407 3564 591 3617 mundi
629 3561 909 3618 Christum
943 3580 1046 3618 non
1080 3566 1456 3634 glorilicantis.
1490 3565 1622 3622 Cum
1660 3581 1792 3621 vero
1813 3566 1974 3621 Pater

407 3651 647 3707 etelestis
673 3653 935 3708 revelavit
969 3655 1052 3709 his
1076 3656 1166 3724 qui
1205 3671 1236 3711 e
1275 3660 1478 3711 mundo
1517 3666 1673 3712 erant
1709 3655 1836 3713 Jesu
1877 3673 1970 3712 co-

408 3741 726 3808 gnitionem,
763 3753 891 3798 tunc
920 3743 1260 3815 glorificatus
1284 3757 1367 3800 est
1402 3746 1572 3803 Filius
1609 3748 1846 3804 hominis
1876 3764 1974 3819 per

407 3833 548 3898 illos,
574 3835 668 3904 qui
696 3849 821 3890 eum
848 3847 1216 3904 cognoverunt
1242 3877 1258 3902 ,
1281 3847 1335 3892 et
1358 3854 1454 3907 per
1477 3839 1720 3894 eamdem
1747 3841 1973 3911 gloriam

405 3940 512 3995 qua
537 3925 872 3996 gloriﬁcatus
903 3927 1005 3982 fuit
1026 3927 1168 3982 inter
1191 3943 1286 3983 eos
1306 3930 1396 3999 qui
1425 3945 1548 3984 eum
1579 3941 1970 4001 cognoverunt,

404 4017 696 4084 acquisivit
722 4018 948 4089 gloriam
982 4023 1436 4090 cognoscentibus
1477 4023 1673 4092 ipsum.
1699 4023 1801 4090 Qui
1829 4024 1972 4080 enim

404 4118 609 4163 retecta
637 4109 775 4164 facie
797 4109 1028 4180 gloriam
1073 4113 1281 4167 Domini
1322 4114 1376 4168 in
1408 4115 1627 4183 speculo
1672 4129 1974 4184 repraeseno

407 4208 546 4264 tant,
585 4201 651 4255 ad
686 4200 834 4255 illius
877 4201 1166 4271 imaginem
1221 4204 1679 4261 transformamur
1711 4207 1780 4259 ⁸⁸.
1838 4205 1976 4262 Vide

408 4305 539 4344 vero
561 4295 702 4346 unde
726 4307 755 4345 a
784 4292 952 4361 gloria
979 4293 1122 4348 dicat
1149 4303 1204 4348 et
1230 4296 1319 4350 ubi
1345 4298 1411 4350 ad
1443 4298 1691 4369 gloriam,
1722 4298 1974 4352 nimirum

2071 3191 2205 3246 ἀλλὰ
2245 3192 2338 3245 τοῦ
2375 3192 2448 3263 μὴ
2475 3191 2789 3259 δοξάζοντος
2837 3194 2999 3248 αὐτὸν
3027 3187 3230 3266 κόσμου
3255 3212 3269 3224 ’
3313 3197 3406 3249 ὅτε
3437 3195 3488 3248 δὲ
3513 3196 3622 3248 ἁπε-

2070 3285 2307 3355 κάλυψεν
2339 3287 2368 3338 6
2399 3285 2648 3355 οὐράνιος
2693 3286 2883 3357 Πατὴρ
2911 3282 2991 3349 οἷς
3024 3287 3377 3358 ἀπεκάλυψεν
3419 3289 3519 3341 ἀπὸ
3545 3288 3620 3340 τοῦ

2073 3378 2280 3448 κόσμου
2309 3373 2425 3430 οὖσι
2453 3376 2548 3448 τὴν
2589 3378 2684 3432 τοῦ
2725 3379 2898 3449 Ἰησοῦ
2943 3379 3163 3448 γνῶσιν,
3191 3380 3310 3433 τότε
3341 3381 3580 3450 ἐδοξάσθη
3601 3382 3621 3430 ό

2071 3467 2198 3531 Υἱὸς
2226 3467 2319 3520 τοῦ
2354 3467 2636 3539 ἀνθρώπου
2671 3469 2728 3521 ἐν
2759 3472 2872 3533 τοῖς
2904 3470 3195 3538 ἐγνωκόσιν
3234 3471 3434 3526 αὐτόν’
3468 3472 3549 3524 καὶ
3569 3471 3620 3522 δι’

2069 3555 2138 3632 ἧς
2176 3558 2433 3630 ἐδοξάσθη
2475 3561 2633 3632 δόξης
2665 3565 2724 3615 ὲν
2771 3565 2884 3626 τοῖς
2927 3563 3223 3631 ἐγνωκόσιν
3251 3565 3436 3629 αὐτὸν,
3469 3582 3618 3636 περιε-

2075 3650 2265 3720 ποίησε
2284 3650 2440 3714 δόξαν
2465 3653 2577 3715 τοῖς
2607 3653 2899 3721 ἐγνωκόσιν
2929 3655 3090 3707 αὐτόν
3116 3654 3228 3726 (42)
3252 3672 3267 3686 ο
3300 3657 3352 3709 οἱ
3384 3655 3486 3729 γὰρ
3516 3658 3619 3709 ἁνα-

2074 3743 2472 3816 κεκαλυμμένῳ
2509 3745 2786 3817 προσώταρ
2809 3747 2908 3818 τὴν
2943 3746 3097 3811 δόξαν
3126 3749 3332 3820 Κυρίου
3360 3767 3619 3820 κατοπτρι-

2074 3835 2290 3908 ζόμενοι
2334 3838 2434 3910 τὴν
2457 3839 2628 3911 αὐτὴν
2667 3835 3382 3911 εἰκόναμεταμορφοῦνται.
3418 3844 3547 3914 Ὅρα
3572 3840 3617 3894 δὲ

2085 3930 2247 3985 πόθεν
2277 3930 2384 3984 ἀπὸ
2409 3931 2564 4003 δόξης
2593 3932 2747 4002 φησι,
2773 3932 2866 3985 καὶ
2898 3931 2999 3985 ποῦ
3027 3935 3106 3997 είς
3137 3933 3292 3998 δόξαν
3310 3949 3326 3964 ·
3359 3935 3463 3988 ἀπὸ
3491 3933 3618 4001 δόξης

2079 4024 2178 4094 τῆς
2208 4023 2302 4077 τοῦ
2333 4023 2706 4095 δοξαζομένου,
2741 4027 2820 4088 εἰς
2847 4025 3002 4092 δόξαν
3026 4026 3123 4096 τὴν
3155 4026 3264 4080 τῶν
3298 4027 3616 4094 δοξαζόντων.

2087 4114 2278 4168 Ἦνίκα
2310 4110 2400 4168 οῦν
2428 4110 2589 4185 ἦλθεν
2617 4116 2710 4168 ἐπὶ
2732 4115 2829 4186 τὴν
2851 4117 3180 4186 οἰκονομίαν,
3209 4117 3302 4186 ἀφ’
3334 4113 3404 4189 ἧς
3432 4117 3617 4186 ἔμελλεν

2076 4205 2384 4260 ἀνατέλλειν
2412 4205 2490 4276 τῷ
2523 4205 2732 4276 κόσμῳ,
2771 4207 2864 4259 καὶ
2895 4205 3293 4276 γινωσκόμενος
3333 4205 3614 4271 δοξάζεσθαι

2078 4299 2170 4350 ἐπὶ
2192 4295 2317 4370 δόξῃ
2346 4297 2452 4349 τῶν
2477 4296 2806 4362 δοξαζόντων
2845 4298 3025 4361 αὐτὸν,
3053 4293 3175 4350 εἶπε
3205 4299 3266 4351 τό
3287 4316 3300 4329 °
3351 4319 3369 4350 ‹
3399 4298 3502 4352 Νῦν
3529 4297 3605 4348 ὲδο

410 4401 438 4437 a
470 4385 638 4457 gloria
667 4387 954 4458 gloriﬁcati
985 4389 1052 4442 ad
1087 4388 1312 4459 gloriam
1345 4391 1786 4459 gloriﬁcantium.
1839 4393 1942 4447 Cur

2089 4385 2248 4459 ξάσθη
2282 4389 2311 4440 6
2337 4389 2466 4451 Υἱὸς
2492 4387 2584 4440 τοῦ
2617 4387 2903 4458 ἀνθρώπου
2929 4407 2942 4419 ι
2970 4408 2988 4440 ι
3033 4390 3127 4442 καὶ
3157 4390 3278 4442 ἐπεὶ
3306 4390 3479 4452 οὐδεὶς
3504 4387 3613 4454 ἔγνω

409 4476 579 4547 igitur
603 4479 750 4534 venit
772 4481 839 4534 ad
871 4484 1252 4546 meonomiam,
1296 4496 1324 4534 a
1367 4497 1474 4552 qua
1511 4492 1566 4537 et
1604 4484 1804 4536 mundo
1852 4483 1979 4537 illu—

408 4583 635 4625 cescere
693 4581 861 4642 atque
916 4574 1082 4628 etiam
1133 4575 1380 4644 cognitus
1453 4573 1748 4644 gloriﬁcari
1815 4574 1980 4628 debe-

407 4660 525 4728 but,
566 4673 790 4733 propter
847 4664 1076 4734 gloriam
1131 4665 1550 4736 glorificantium
1595 4680 1742 4730 eum,
1799 4665 1973 4718 dixit:

415 4772 436 4803 1
473 4752 623 4810 Nunc
667 4755 1006 4826 gloriﬁcatus
1038 4767 1121 4810 est
1151 4756 1318 4812 Filius
1360 4757 1596 4811 hominis
1626 4775 1641 4811 :
1672 4775 1691 4809 ι
1742 4765 1798 4812 ει
1842 4770 1980 4824 quo-

407 4846 554 4899 niam
588 4861 745 4900 nemo
786 4849 1038 4918 cognovit
1088 4850 1328 4910 Patrem,
1377 4849 1478 4903 nisi
1531 4849 1724 4915 Filius,
1771 4859 1827 4902 et
1881 4850 1970 4904 cui

405 4931 579 4991 Filius
627 4939 952 4993 revelaverit
981 4939 1050 5004 ⁸⁵,
1103 4938 1549 5010 revelaturusque
1596 4950 1717 4994 erat
1752 4937 1971 4994 Patrem

2076 4481 2167 4532 τὸν
2200 4481 2417 4553 Πατέρα
2441 4483 2489 4534 εί
2522 4482 2595 4552 μὴ
2626 4483 2654 4534 6
2681 4482 2827 4546 Υἱὸς,
2868 4481 2962 4535 καὶ
2991 4474 3036 4550 ᾧ
3071 4482 3138 4535 ἂν
3171 4484 3198 4536 6
3229 4483 3362 4546 Υἱὸς
3388 4475 3614 4535 timuit-3-

2075 4574 2171 4644 ψῃ,
2207 4572 2398 4644 ἔμελλε
2437 4573 2493 4626 δὲ
2536 4575 2599 4627 ἐκ
2645 4574 2745 4644 τῆς
2787 4573 3092 4644 οἰκονομίας
3134 4574 3525 4627 ἀποκαλύπτειν
3544 4571 3613 4620 τὸν

2079 4665 2295 4736 Πατέρα
2319 4669 2347 4718 6
2378 4665 2523 4729 Υἱὸς,
2557 4665 2644 4718 διὰ
2671 4665 2827 4719 τοῦτο
2853 4666 2946 4719 καὶ
2972 4667 3001 4717 .6
3033 4665 3166 4729 Θεὸς
3188 4665 3441 4734 ἐδοξάσθη
3465 4666 3514 4715 ἐν
3537 4662 3612 4714 αὐ-

2077 4758 2176 4828 τῷ.
2204 4758 2273 4808 Ἦ
2297 4756 2357 4809 τό
2376 4773 2388 4786 ·
2429 4777 2446 4808 ι
2473 4757 2583 4810 Καὶ
2613 4759 2641 4810 6
2672 4754 3083 4829 Θεὸς.ἐδοξάσθη
3115 4760 3173 4811 ἐν
3206 4757 3375 4828 αὐτῷ,
3403 4776 3418 4808 ι
3446 4753 3612 4819 συνεξε·

2075 4848 2257 4910 τάσεις
2284 4847 2362 4918 τῷ
2383 4864 2400 4880 ⁸
2434 4866 2451 4897 ⁸
2475 4848 2531 4900 Ὁ
2559 4847 2816 4916 ἑωρακὼς
2844 4849 2942 4917 ἐμὲ
2969 4847 3175 4919 ἑώρακε
3203 4848 3290 4903 τὸν
3313 4847 3516 4920 Πατέρα
3541 4844 3612 4896 τὸν

2083 4937 2369 5008 πέμψαντά
2400 4955 2486 5009 με·
2517 4958 2535 4990 ι
2569 4937 2851 5008 θεωρεῖται
2881 4939 2988 5011 γὰρ
3015 4939 3162 5010 ἐντῷ
3189 4939 3346 5010 Λόγῳ
3373 4934 3608 5005 δντιΘεῷγ

481 5083 528 5115 ’⁸
555 5081 725 5154 Hebr.
758 5097 801 5150 ι,
823 5083 885 5154 β.
961 5085 1006 5116 ⁷⁸
1033 5084 1231 5154 Philip.
1263 5099 1324 5151 ιι,
1348 5084 1401 5139 9.
1481 5083 1682 5139 I"Joan.
1706 5097 1829 5148 xm,
1870 5083 1930 5154 ὅ]

2099 5080 2446 5154 ΜίιιιΙι.ι,27;
2480 5079 2796 5144 Luc.x,22.
2860 5080 3333 5146 8’.ll:itth.1tvt,|7.
3406 5081 3450 5113 ⁸³
3482 5078 3608 5134 Joan.

406 5170 447 5223 ι,
509 5154 597 5210 10.
689 5153 737 5186 ⁸⁸
799 5151 841 5208 ll
883 5154 1006 5211 Cor.
1057 5171 1140 5221 ιιι,
1174 5151 1262 5209 15.

501 5274 594 5345 38)
624 5276 761 5330 Μετ’
787 5276 994 5330 αὐτόν.
1020 5274 1306 5345 Ferrarius
1337 5273 1550 5341 legebat
1578 5277 1694 5345 μετ’
1720 5272 1906 5327 αὐτοῦ.

501 5275 570 5330 38
624 5276 761 5330 Μετ’
787 5276 994 5330 αὐτόν.
1020 5274 1306 5329 Ferrarius
1337 5274 1550 5341 legebat
1578 5277 1694 5345 μετ’
1720 5274 1906 5327 αὐτοῦ.

478 5274 596 5416 ἒόθζ
627 5346 755 5401 Post
784 5347 969 5410 verba,
996 5345 1030 5416 ἢ
1057 5343 1149 5398 τὸν
1173 5345 1310 5416 Υἱὸν
1337 5345 1530 5416 αὐτοῦ,
1582 5347 1750 5416 editio
1795 5344 1978 5416 Huetii

407 5414 610 5487 habet:
638 5417 687 5487 εἰ
728 5415 995 5487 προσέθου
1019 5414 1116 5469 καὶ
1137 5415 1198 5468 τὸ
1224 5415 1443 5487 πνεῦμα
1465 5415 1526 5468 τὸ
1549 5415 1736 5487 αὐτοῦ,
1785 5414 1982 5487 ἄριστά

408 5504 495 5540 σοι
524 5485 591 5539 ἂν
615 5484 967 5555 ἐθεολογεῖτο,
1019 5487 1112 5539 καὶ
1161 5484 1487 5540 τελεώτατα.
1539 5486 1736 5555 Verum
1786 5484 1900 5539 hinc
1947 5501 1978 5540 a

410 5555 664 5610 Ferrario
686 5554 889 5611 omiSsa
921 5566 1068 5618 sunt,
1108 5565 1162 5610 et
1218 5557 1271 5610 in
1317 5557 1506 5610 codice
1552 5554 1847 5610 Bodleiano
1893 5566 1980 5610 est

413 5633 626 5699 tantum
652 5628 963 5684 observatio
987 5627 1303 5699 marginalis
1329 5629 1520 5683 scriba:
1577 5627 1630 5681 in
1687 5627 1978 5698 Origcncm

414 5691 912 5754 animadvertentis.

1370 5155 1417 5186 ⁸⁸
1477 5153 1666 5208 Matth.
1694 5156 1733 5220 ι,
1767 5155 1835 5208 27
1861 5166 1876 5216 ;
1901 5152 2033 5208 Luc.
2061 5167 2118 5216 ι,
2139 5152 2230 5205 2:3.

2153 5271 2266 5340 (40)
2297 5270 2476 5326 Codex
2527 5269 2874 5337 Bodleianus,
2933 5271 3173 5334 πάθουςο
3221 5271 3387 5329 editio
3441 5266 3604 5328 Huetii.

2085 5341 2368 5404 παθόντος.

2157 5413 2266 5483 (Η)
2299 5413 2476 5483 Codex
2509 5409 2856 5483 Bodleianus,
2887 5411 3216 5483 δεδόξασται.

2153 5478 2264 5554 (42)
2287 5481 2505 5554 ,Καὶγδί
2541 5481 2615 5549 ἧς
2650 5481 3158 5554 ἐδοξάσθη-δόξης
3185 5483 3255 5554 ἐν
3299 5482 3415 5548 τοῖς
3461 5478 3604 5554 ἐπω-

2083 5550 2258 5608 aedtth
2288 5553 2474 5607 αὐτὸν
2519 5554 2897 5621 περιεποίησε
2930 5552 3118 5616 δόξαν
3162 5553 3284 5621 τοῖς
3323 5550 3604 5621 ἐγνωκόσιις

2087 5626 2291 5678 αὐτόν.
2338 5623 2461 5677 Haec
2519 5616 2898 5677 desiderantur
2947 5625 2998 5677 in
3053 5616 3472 5690 codice-Regio.
3530 5616 3601 5672 sed

2091 5706 2309 5752 exstant
2338 5695 2390 5750 in
2418 5695 2731 5752 dodleiano.
2772 5709 2944 5751 eauue
2979 5695 3188 5750 viderat
3234 5691 3500 5750 Ferrarius
