3712 6138
156 259 256 317 89.!

1140 256 1501 316 COMMENT.
1544 255 1609 313 IN
1649 255 1841 313 JOAN.
1886 255 2128 314 TOMUS
2166 257 2386 316 XXXII.

3296 262 3402 317 823

157 375 244 428 καὶ
262 373 431 427 εἰκόνι
448 371 544 427 τοῦ
568 371 702 428 Θεοῦ
731 372 965 446 ἀοράτου
984 373 1014 426 6
1041 375 1306 447 γεννήσας
1334 373 1495 428 αὑτὸν
1516 375 1623 429 Πατ

1938 388 2002 430 us
2044 389 2113 430 ex
2146 375 2474 445 oeconomia,
2522 376 2660 432 hanc
2704 375 2774 431 ob
2817 388 3034 433 causam
3080 376 3245 432 etiam
3291 377 3400 431 Pa—

160 465 245 519 τοῦ
278 463 538 527 ἐνιδόντος
571 466 636 535 τῇ
662 465 831 519 εἰκόνι
853 464 949 519 τοῦ
978 466 1211 538 ἀοράτου
1232 465 1366 520 Θεοῦ
1391 465 1594 531 εὐθέως
1620 467 1735 520 ἐνο-

160 556 252 626 ρᾷν
274 554 571 624 δυναμένου
599 555 792 626 καὶτῷ
816 554 1157 628 πρωτοτύπῳ
1175 555 1275 627 τῆς
1296 557 1503 621 είκόνος
1528 556 1607 628 τῷ
1628 557 1735 610 Πα-

155 647 257 717 τρί.
293 648 412 700 Ἔτι
444 647 503 701 δέ
547 648 642 701 καὶ
670 647 841 712 οὕτως
868 649 1198 720 σαφέστερον
1244 648 1310 703 ἂν
1338 650 1407 705 τὰ
1444 648 1587 703 κατά
1641 648 1733 703 τὸν

153 739 311 791 τόπον
340 738 689 810 λαμϐάνοιτοο
740 741 828 805 Ὣς
859 740 950 795 διά
987 758 1137 806 τινας
1170 742 1233 796 τὸ
1258 741 1429 812 ὄνομα
1461 742 1553 796 τοῦ
1595 742 1730 798 Θεοῦ

155 837 552 907 βλασφημεῖται
577 835 636 891 ἐν
660 836 776 898 τοῖς
813 834 1041 901 ἔθνεσιν,
1069 833 1211 889 οὕτω
1247 835 1335 890 διὰ
1357 836 1484 900 τοὺς
1521 836 1729 904 ἁγίους,

152 922 225 983 ὧν
258 927 514 998 βλέπεται
548 925 618 980 τὰ
667 925 807 980 καλὰ
838 927 974 1000 ἔργα
1024 927 1381 998 λαμπρότατα
1423 927 1731 999 ἔμπροσθεν

150 1022 256 1077 τῶν
280 1020 604 1093 ἀνθρώπων,
634 1018 917 1087 δοξάζεται
946 1019 1008 1073 τὸ
1056 1019 1224 1090 ὄνομα
1251 1019 1343 1074 τοῦ
1375 1018 1589 1089 Πατρδς
1634 1018 1729 1073 τοῦ

151 1114 208 1166 ἐν
248 1113 359 1174 τοῖς
396 1111 664 1182 οὐρανοῖς·
701 1112 763 1162 ἐν
785 1109 890 1163 τίνι
908 1105 1001 1163 οῦν
1031 1109 1289 1182 ἐδοξάσθη
1326 1109 1577 1163 τοσοῦτον
1607 1109 1732 1164 ὅσον

152 1207 209 1259 ἐν
245 1202 324 1273 τῷ
384 1203 581 1274 Ἰησοῦ,
629 1203 751 1255 ἐπεὶ
798 1221 816 1254 ι
857 1202 1134 1275 ἁμαρτίαν
1170 1202 1271 1256 οὐκ
1314 1202 1559 1273 ἐποίησε,
1595 1202 1731 1275 μηδέ

152 1295 343 1370 εὑρέθη
366 1296 518 1360 δόλος
535 1297 593 1351 ἐν
616 1294 693 1366 τῷ
722 1295 951 1367 στόματι
980 1295 1170 1359 αὐτοῦ,
1195 1315 1215 1348 ι
1243 1296 1377 1367 μηδὲ
1393 1294 1534 1364 ἔγνω
1556 1296 1730 1367 ἁμαρ-

151 1387 301 1453 τίαν’;
354 1387 466 1440 Καὶ
514 1384 753 1449 τοιοῦτος
790 1380 884 1439 οῦν
914 1383 989 1438 ὢν
1023 1386 1051 1438 6
1096 1384 1227 1449 Υἱὸς
1257 1383 1539 1457 ἐδοξάσθη,
1563 1383 1660 1437 καὶ
1698 1383 1729 1436 6

148 1481 277 1546 Θεὸς
308 1480 567 1552 ἐδοξάσθη
600 1482 659 1534 ἐν
688 1478 856 1551 αὐτῷ.
889 1480 952 1533 Et
974 1479 1032 1533 δὲ
1059 1481 1089 1534 6
1113 1479 1244 1543 Θεὸς
1276 1478 1533 1551 ἐδοξάσθη
1561 1480 1619 1532 ἐν
1638 1479 1730 1534 αὐ-

150 1574 244 1645 τῷ,
270 1573 646 1645 ἀντιδωρεῖται
674 1571 825 1644 αὐτῷ
860 1574 890 1626 6
932 1572 1124 1645 Πατὴρ
1158 1571 1221 1626 τὸ
1254 1573 1435 1644 μεῖζον
1464 1566 1524 1627 οῦ
1550 1573 1581 1625 6
1601 1571 1728 1637 Υἱὸς

149 1665 239 1720 τοῦ
289 1663 580 1737 ἀνθρώπου
615 1663 908 1736 πεποίηκε·
956 1663 1139 1735 μεῖζον
1176 1662 1285 1737 γὰρ
1316 1662 1395 1735 τῷ
1445 1662 1729 1729 δοξάσαντι

148 1752 236 1806 τὸν
261 1752 414 1820 Θεὸν,
448 1752 691 1807 ἐλάττονι
718 1753 808 1807 τὸν
836 1753 1179 1825 διαφέροντα,
1207 1753 1348 1807 κατά
1370 1753 1450 1808 τό·
1477 1772 1497 1806 ι
1538 1755 1595 1827 Ὁ
1619 1755 1728 1808 Πα-

150 1843 247 1915 τὴρ
281 1843 310 1895 6
340 1842 567 1913 πέμψας
619 1860 687 1915 με
731 1842 931 1914 μείζων
976 1843 1086 1915 (45)
1123 1861 1225 1915 μου
1258 1841 1397 1911 ἐστὶ,
1439 1863 1459 1896 ι
1487 1844 1546 1898 τὸ
1574 1845 1728 1912 δοξα-

151 1936 335 2007 σθῆναι
372 1936 469 1989 τὸν
506 1935 632 1990 Υίὸν
658 1935 752 1989 τοῦ
786 1936 1073 2008 ἀνθρώπου
1101 1935 1197 1990 τοῦ
1222 1936 1333 2007 (Μ)
1357 1937 1447 1991 τὸν
1469 1937 1727 1992 ἐλάττονα

148 2029 203 2081 ἐν
227 2025 303 2096 τῷ
338 2024 463 2097 Θεῷ
498 2024 609 2098 (45)
636 2026 926 2099 κρείττονι.
949 2029 1060 2082 Καὶ
1087 2027 1264 2098 πολλῷ
1290 2044 1354 2097 γε
1385 2028 1727 2101 ὑπερέχουσα

150 2118 326 2188 ἡδόξα
359 2121 419 2175 ἐν
453 2118 534 2191 τῷ
557 2120 674 2190 Υίῷ
713 2119 882 2187 ἐστιν,
916 2122 1007 2175 ὅτε
1034 2120 1246 2186 δοξάζει
1276 2122 1437 2175 αὐτὸν
1461 2123 1490 2175 6
1512 2123 1725 2195 Πατὴρ,

148 2208 181 2280 ἢ
206 2211 261 2263 ἐν
278 2208 354 2281 τῷ
378 2210 581 2282 Πατρὶ,
613 2212 702 2264 ὅτε
738 2211 997 2284 ἐδοξάσθη
1027 2213 1056 2265 6
1077 2212 1266 2285 Πατὴρ
1291 2215 1348 2267 ἐν
1363 2212 1440 2284 τῷ
1462 2212 1594 2285 Υἱῷ.
1615 2214 1727 2269 Καὶ

149 2300 347 2373 ἔπρεπέ
392 2318 458 2371 γε
506 2301 597 2357 τὸν
634 2303 856 2373 μείζονα
900 2303 1260 2376 ἀμειϐόμενον
1291 2305 1392 2376 τὴν
1433 2305 1614 2372 δόξαν,
1659 2306 1726 2377 ἦν

148 2390 388 2458 ἐδόξασεν
413 2392 578 2447 αὑτὸν
607 2396 636 2447 6
665 2394 816 2459 Υἱὸς,
861 2394 1189 2466 χαρίσασθαι
1229 2395 1307 2468 τῷ
1332 2396 1448 2468 Υίῷ
1480 2397 1542 2450 τὸ
1568 2395 1726 2461 δοξά-

151 2500 235 2537 σαι
265 2484 423 2538 αὑτδν
457 2486 517 2538 ἐν
543 2484 712 2556 αὐτῷ,
743 2486 810 2539 ἵν’
840 2488 869 2539 6
904 2487 1032 2551 Υἱὸς
1058 2482 1093 2560 ᾗ
1117 2489 1175 2543 ἐν
1195 2487 1272 2559 τῷ
1292 2487 1409 2560 Θεῷ
1438 2487 1729 2560 δοξαζόμε-

150 2591 252 2639 νος.
281 2570 394 2628 Ek”
434 2575 560 2629 ἐπεὶ
602 2577 728 2630 ὅσον
773 2577 986 2632 οὐδέπω
1026 2578 1202 2633 ταῦτα
1237 2579 1479 2649 γίνεσθαι
1510 2580 1724 2651 ἔμελλε,

150 2666 305 2738 (λέγω
328 2668 386 2722 δὲ
414 2667 479 2723 τὸ
503 2669 823 2737 δοξάζεσθαι
850 2671 942 2725 τὸν
958 2672 1087 2727 Υίὸν
1120 2674 1178 2728 ἐν
1204 2671 1284 2744 τῷ
1315 2673 1478 2745 Θεῷ),
1503 2673 1592 2728 διὰ
1609 2674 1726 2728 τοῦ-

148 2776 205 2813 το
233 2760 480 2833 ἐπιφέρει
506 2762 585 2816 τό·
631 2781 650 2816 ι
684 2763 796 2816 Καὶ
824 2762 985 2828 εὐθὺς
1013 2763 1223 2830 δοξάσει
1252 2764 1433 2819 αὐτόν.
1473 2784 1492 2818 ι
1541 2765 1726 2822 Ταῦτα

149 2849 204 2903 δὲ
226 2851 321 2906 οὐκ
344 2853 647 2926 ἀγνοοῦμεν
696 2853 876 2926 πολλῷ
917 2851 1055 2908 εἶναι
1086 2855 1343 2910 ἐλάττονα
1376 2848 1451 2910 ὧν
1477 2859 1646 2928 χωρεῖ
1697 2860 1727 2912 6

149 2944 301 3011 τόπος
333 2946 746 3019 ἐξεταζόμενος,
787 2948 1266 3013 άποκαλύπτοντος
1300 2948 1396 3003 τοῦ
1428 2949 1585 3014 Θεοῦ,
1631 2952 1725 3005 καὶ

1839 474 1920 519 ιει·
1966 479 2062 534 per
2110 465 2305 521 Filium
2364 466 2701 537 gloriﬁcatus
2751 473 2854 522 est.
2898 465 2993 523 Vel
3047 466 3223 522 illud:
3266 484 3287 519 ι
3332 467 3401 520 Ει

1834 556 1978 614 Deus
1998 558 2338 630 gloriﬁcatus
2373 569 2455 615 est
2482 575 2577 631 per
2603 561 2832 627 ipsum,»
2869 561 3214 617 examinabis
3239 562 3400 617 simul

1833 663 1956 704 cum
1986 650 2075 707 illo
2104 651 2248 706 dicto
2279 669 2293 704 :
2326 650 2465 713 «Qui
2518 651 2654 706 vidit
2693 665 2801 717 me,
2846 650 2979 706 vidit
3019 648 3258 716 Patrem,
3306 650 3399 722 qui

1831 741 1992 814 451
2034 743 2182 798 misit
2208 759 2295 800 me
2315 743 2383 798 ⁸ο.
2408 754 2429 787 ι
2464 743 2688 817 Yidetur
2717 744 2863 800 enim
2898 743 2952 798 in
2987 743 3251 800 Sermone
3279 745 3401 800 exi-

1834 835 1996 890 stenli
2052 835 2182 901 Deo,
2220 845 2277 892 et
2328 835 2569 907 imagine
2626 834 2919 891 invisibilis
2952 834 3048 892 Dei
3099 834 3262 891 Pater
3306 835 3401 905 qui

1832 924 2008 994 ipsum
2045 924 2270 995 genuit:
2306 940 2432 981 cum
2484 926 2531 981 is
2564 926 2656 996 qui
2707 924 3007 996 inspexerit
3061 926 3115 982 in
3166 926 3402 999 imagine

1832 1019 2127 1075 invisibilis
2172 1021 2292 1086 Dei,
2343 1021 2530 1083 statim
2582 1020 2853 1092 inspicere
2906 1022 3071 1079 etiam
3133 1023 3309 1093 possit
3348 1023 3401 1077 in

1830 1108 2012 1179 Patre,
2057 1111 2151 1180 qui
2185 1119 2269 1166 est
2299 1112 2530 1181 primum
2565 1111 2866 1182 exemplar.
2911 1111 3104 1168 Adhuc
3158 1112 3303 1168 hunc
3346 1114 3400 1167 in

1831 1201 2049 1256 modum
2076 1200 2319 1271 apertius
2339 1202 2502 1257 etiam
2526 1201 2869 1272 interpretari
2889 1211 3075 1272 potest.
3088 1203 3177 1258 hic
3204 1202 3355 1257 locus
3377 1215 3399 1255 ι

1829 1307 1950 1347 cum
1976 1292 2120 1347 enim
2153 1308 2253 1364 per
2277 1303 2514 1359 sanctos,
2545 1309 2773 1363 quorum
2796 1293 3049 1350 videntur
3076 1294 3215 1351 bona
3237 1308 3402 1365 opera

1831 1384 2263 1455 Splendidissima
2319 1400 2508 1441 coram
2568 1386 2880 1442 hominibus
2937 1386 3004 1452 ⁸⁷,
3066 1385 3401 1457 gloriﬁcetur

1832 1491 2025 1532 nomen
2050 1475 2227 1532 Patris
2249 1476 2303 1531 in
2328 1476 2502 1541 ccelis,
2528 1477 2982 1545 quemadmodum
3006 1480 3170 1532 etiam
3201 1490 3398 1532 nomen

1829 1568 1925 1623 Dei
1960 1582 2057 1638 per
2084 1568 2349 1638 quosdam
2395 1567 2801 1638 blasphematur
2846 1568 2987 1623 inter
3032 1576 3220 1639 gentes
3249 1568 3317 1635 ⁸⁸,
3346 1569 3400 1623 in

1829 1676 2067 1731 quonam
2122 1661 2348 1732 perinde
2397 1661 2735 1730 glorilicatus
2775 1669 2858 1716 est
2907 1658 3093 1729 Pater,
3140 1668 3302 1731 atque
3341 1660 3398 1716 in

1828 1750 1975 1817 Jesu,
2009 1751 2443 1821 quandoquidem
2482 1767 2501 1802 ι
2535 1760 2816 1820 peccatum
2848 1764 2953 1805 non
2990 1748 3115 1806 fecit
3138 1790 3157 1817 ,
3184 1765 3288 1806 nec
3314 1749 3401 1805 in-

1831 1851 2025 1897 ventus
2051 1841 2152 1896 fuit
2185 1841 2342 1898 dolus
2375 1842 2429 1895 in
2461 1855 2557 1897 ore
2615 1841 2735 1912 ejus
2757 1840 2829 1907 ⁸³,
2861 1855 3100 1911 ineque
3153 1842 3406 1911 cognovit

1831 1941 2114 2004 peccatum
2140 1934 2164 1987 ί
2196 1931 2347 1988 Talis
2386 1934 2550 2004 igitur
2593 1950 2715 1991 cum
2739 1944 2883 1990 esset
2910 1933 3104 2001 Filius,
3129 1934 3402 2005 glorifica-

1829 2035 1918 2077 tus
1945 2032 2050 2087 est,
2077 2032 2131 2076 et
2163 2022 2305 2079 Deus
2327 2022 2662 2092 gloriﬁcatus
2695 2039 2790 2094 per
2824 2024 2998 2094 ipsum
3031 2033 3133 2081 est.
3167 2025 3323 2093 Quod
3352 2026 3402 2083 si

1829 2115 1970 2170 Deus
2002 2114 2339 2185 glorilicatus
2368 2125 2453 2171 est
2480 2129 2577 2186 per
2605 2115 2803 2184 ipsum,
2845 2116 2990 2171 Deus
3031 2116 3114 2171 illi
3157 2117 3400 2175 vicissim

1828 2206 1996 2262 donat
2047 2206 2192 2277 quod
2244 2207 2419 2278 majus
2456 2216 2542 2264 est
2596 2221 2656 2263 re
2703 2206 2791 2262 illa
2839 2222 3006 2277 quam
3052 2208 3181 2264 fecit
3225 2208 3400 2267 Filius

1828 2298 2088 2354 hominis.
2114 2297 2288 2368 Majus
2318 2299 2465 2355 enim
2496 2308 2583 2354 est
2609 2301 2753 2370 quod
2798 2299 2965 2356 Filius
3011 2301 3246 2358 hominis
3278 2302 3398 2373 glo-

1828 2395 2072 2449 rilicatus
2104 2392 2269 2447 fuerit
2301 2407 2398 2462 per
2420 2393 2590 2448 Deum
2617 2433 2632 2459 ,
2669 2392 2896 2449 inferior
2924 2407 3024 2464 per
3056 2395 3400 2463 praestantio-

1826 2501 1963 2555 rem,
1990 2500 2152 2556 quam
2180 2488 2321 2556 quod
2349 2483 2576 2541 inferior
2617 2485 3004 2556 gloriﬁcaverit
3033 2486 3201 2542 Deum
3254 2500 3398 2557 prae-

1826 2580 2144 2635 stantiorem
2165 2576 2318 2645 juxta
2342 2577 2513 2635 illud:
2545 2594 2566 2630 ι
2598 2576 2761 2633 Pater
2786 2579 2879 2649 qui
2913 2579 3064 2634 misit
3091 2593 3199 2646 me,
3228 2581 3402 2651 major

1827 2687 1914 2727 me
1937 2680 2021 2727 est
2053 2672 2119 2728 '°.
2135 2694 2154 2726 ι
2191 2673 2370 2744 Atque
2395 2670 2641 2742 profecto
2665 2670 2830 2741 longe
2852 2671 3205 2729 excellentior
3227 2671 3400 2744 gloria

1825 2772 1908 2819 est
1944 2765 1998 2818 in
2029 2763 2189 2831 Filio,
2219 2764 2436 2835 quando
2473 2762 2743 2835 gloriﬁcat
2786 2766 2958 2834 ipsum
2992 2764 3175 2832 Pater,
3232 2779 3400 2835 quam

1826 2853 1899 2908 sit
1927 2852 1979 2908 in
2006 2852 2191 2921 Patre,
2231 2854 2452 2925 quando
2485 2853 2822 2926 gloriﬁcatus
2849 2853 3015 2911 fuerit
3055 2871 3150 2927 per
3175 2855 3397 2913 Filium.

1826 2946 2169 3017 Decehatque
2195 2946 2441 3017 profecto
2470 2986 2486 3011 ,
2519 2956 2578 3000 ut
2612 2947 2786 3017 major
2814 2946 3057 3003 vicissim
3092 2950 3399 3018 rependens

152 3039 530 3112 ἐπιδημοῦντος
554 3040 647 3095 τοῦ
666 3043 840 3112 Λόγου
874 3041 1038 3096 αὐτοῦ
1059 3042 1140 3105 είς
1167 3041 1229 3095 τὸ
1259 3044 1605 3116 παραστῆσαι

1932 3039 2071 3103 iam,
2102 3054 2208 3108 qua
2236 3037 2573 3109 gloriﬁcarat
2617 3051 2740 3092 eum
2769 3036 2962 3103 Filius,
2996 3040 3398 3110 gratificaretur

151 3129 293 3196 δόξαν
327 3133 420 3187 τοῦ
453 3132 615 3198 Θεοῦ,
647 3134 739 3188 καὶ
760 3127 805 3203 ᾧ
844 3134 1067 3188 δύναται
1096 3134 1445 3207 δωρήσασθαι
1477 3137 1505 3189 ὁ
1531 3136 1614 3188 Πα

1933 3146 1966 3185 o
1999 3129 2355 3201 gloriﬁcaudo
2384 3144 2509 3186 eum
2535 3128 2587 3183 in
2617 3142 2677 3184 se
2705 3128 2887 3185 Patre.
2911 3129 3116 3187 Deinde
3139 3134 3397 3203 quoniam

150 3218 481 3296 δωρούμενος
528 3226 838 3299 γνωσθῆναι
889 3228 991 3298 τὴν
1043 3230 1221 3282 πᾶσαν
1251 3226 1410 3293 δόξαν
1440 3228 1534 3282 τοῦ
1562 3227 1616 3281 Θε

1932 3225 2079 3296 :jam
2116 3223 2295 3279 l‘utura
2341 3232 2498 3278 erant
2545 3224 2705 3295 (dico
2751 3233 2931 3279 autem
2975 3225 3272 3295 gloriﬁcari
3305 3227 3398 3283 Fi-

150 3313 309 3380 διὸὼς
337 3317 560 3390 βραχεῖς
590 3321 684 3373 καὶ
711 3318 889 3389 πολλῷ
910 3319 1281 3392 ταπεινότεροι
1313 3320 1413 3389 τῆς
1445 3318 1616 3385 ἀξίαςι

1930 3332 1957 3370 ιι
2003 3315 2243 3372 hominis
2290 3330 2388 3387 per
2419 3313 2633 3388 Deum)
2680 3315 2885 3372 idcirco
2929 3317 3208 3389 subjungit
3234 3335 3250 3373 ε
3281 3318 3396 3373 «Et

150 3403 334 3475 λόγων,
368 3410 465 3464 καὶ
512 3411 606 3465 ἐπὶ
636 3413 750 3474 τοῖς
775 3410 1042 3490 ἐκτεθεῖσι
1086 3411 1313 3483 χάριτας
1352 3410 1615 3483 ὁμολογοῦ

1934 3408 2085 3464 tiuuo
2113 3407 2442 3479 gloriﬁcabit
2474 3424 2600 3463 eum
2631 3407 2700 3463 “.
2732 3425 2755 3461 ι
2786 3407 2897 3465 Nec
2932 3424 3059 3466 vero
3083 3411 3398 3483 ignoramus

150 3496 223 3569 τῷ
270 3499 388 3572 Θεῷ
440 3496 563 3557 οὖσι
620 3501 800 3576 πολλῷ
862 3501 1074 3575 μείζοσι
1130 3502 1244 3558 (46ι
1298 3503 1401 3567 τῆς
1445 3504 1614 3575 ἡμετέ

1930 3503 2123 3573 :longe
2148 3500 2411 3557 inferiora
2448 3515 2570 3558 esse
2607 3502 2692 3559 his
2724 3518 2846 3575 qua:
2884 3518 3126 3572 praesens
3151 3505 3396 3576 requirat

151 3589 316 3657 ἀξίας.
1824 3594 2000 3661 Ιοειιε,
2035 3608 2198 3663 quem
2228 3608 2375 3649 nunc
2401 3593 2777 3651 examinamus
2801 3595 3077 3652 revelante
3132 3594 3242 3653 Deo
3264 3634 3285 3665 ,
3337 3605 3396 3654 et

153 3696 406 3751 praesente
437 3689 737 3745 exsistente
767 3690 946 3746 Verbo
995 3704 1096 3746 suo
1145 3690 1215 3746 ad
1256 3689 1734 3746 demonstrandum
1790 3686 2020 3760 gloriam
2050 3687 2189 3743 Dei:
2217 3685 2240 3760 [
2270 3685 2409 3760 (ιτα)
2457 3687 2654 3761 cuique
2713 3686 2880 3744 Pater
2923 3688 3056 3743 dare
3091 3697 3297 3759 posset,
3334 3697 3399 3744 ut

153 3780 319 3837 omnis
378 3782 474 3839 Dei
515 3783 688 3854 gloria
752 3783 1244 3858 cognosceretur.]
1298 3783 1478 3852 Quare
1529 3784 1698 3840 veluti
1757 3784 1934 3855 parvi,
1987 3793 2043 3841 et
2088 3783 2248 3853 longe
2306 3782 2632 3852 abiectiores
2679 3798 2842 3853 quam
2886 3783 3130 3854 dignitas
3182 3798 3393 3839 sermo-

155 3883 275 3925 num
307 3872 515 3941 exigat,
542 3873 749 3942 gratias
779 3872 886 3929 Deo
919 3889 1145 3944 agamus
1179 3888 1275 3942 pro
1302 3873 1387 3929 his
1413 3888 1534 3944 quae
1554 3875 1944 3943 exposuimus;
2001 3889 2126 3945 quae
2179 3873 2339 3945 longe
2364 3883 2493 3931 sunt
2521 3872 2726 3943 majora
2774 3883 2960 3931 nostra
2996 3876 3284 3948 dignitate.

220 3959 302 4016 l9.
330 3979 350 4014 ι
372 3963 595 4029 Τεκνία,
631 3962 710 4017 ἔτι
743 3966 937 4038 μικρὸν
965 3967 1256 4040 μεθ’ὐμῶν
1288 3970 1435 4041 εἰμι’
1474 3969 1686 4040 Ζητήσε

1930 3968 1986 4026 9.
2039 3987 2059 4020 ι
2092 3966 2291 4036 Filioli,
2354 3969 2534 4025 adhuc
2588 3965 2871 4038 paulisper
2922 3971 3210 4027 vobiscum
3250 3986 3390 4027 sum.

151 4055 205 4107 τέ
242 4070 327 4125 με,
373 4057 468 4111 καὶ
510 4055 696 4122 καθὼς
728 4054 880 4114 εἶπον
918 4063 1033 4126 τοῖς
1076 4062 1371 4127 Ἰουδαίοις,
1411 4063 1496 4116 ὅτι
1537 4063 1617 4117 Ὅέ

1923 4060 2088 4116 cretis
2117 4075 2223 4129 me,
2255 4070 2310 4117 et
2335 4061 2478 4117 sicut
2509 4060 2620 4116 dixi
2647 4058 2847 4119 Judaeis
2879 4081 2893 4117 :
2927 4062 3043 4131 Quo
3084 4078 3185 4134 ego
3230 4063 3389 4127 abeo,

152 4144 256 4214 ἐγώ
289 4149 423 4220 εἰμι,
457 4149 619 4221 ὑμεῖς
659 4151 721 4203 οὐ
762 4150 990 4206 δύνασθε
1028 4152 1223 4219 ἐλθεῖν,
1269 4154 1364 4209 καὶ
1396 4154 1524 4226 ὑμῖν
1570 4153 1618 4208 λέ

1953 4166 2059 4207 non
2085 4154 2315 4222 potestis
2349 4154 2536 4209 venire
2566 4170 2583 4222 ;
2615 4163 2672 4210 et
2700 4155 2862 4232 vobis
2900 4153 3024 4211 dico
3071 4170 3219 4211 nunc
3261 4154 3329 4208 ".
3364 4174 3385 4208 ι

151 4238 286 4310 ἄρτι.
315 4259 336 4293 ι
368 4240 703 4312 Συναγαγὼν
752 4244 818 4297 ἐκ
859 4243 968 4298 τῶν
993 4244 1341 4315 Εὐαγγελίων
1356 4246 1456 4310 τὰς
1489 4246 1567 4310 ὡς
1605 4250 1617 4299 1'

1922 4258 1956 4297 ιι
1987 4242 2275 4314 collegeris
2303 4258 2371 4299 ex
2392 4243 2704 4315 Evangeliis
2734 4260 2897 4302 voces
2923 4259 3045 4315 quae
3073 4246 3331 4302 dicuntur
3357 4260 3388 4302 ιι

152 4331 353 4406 Πατρὺς
367 4335 460 4389 τοῦ
484 4337 735 4408 Σωτῆρος
755 4337 911 4409 ἡμῶν
942 4338 1239 4411 λεγομένας
1258 4340 1393 4413 πρὸς
1423 4341 1618 4409 τέκνας

1925 4341 2114 4390 vatore
2149 4345 2361 4402 nostro,
2387 4345 2643 4408 tanquam
2680 4352 2713 4394 a
2739 4348 2896 4405 patre
2924 4337 2992 4393 ad
3022 4337 3183 4407 ﬁlios,
3217 4337 3391 4394 conli-

152 4422 259 4490 νὰς,
288 4424 477 4500 θάρρει
503 4426 705 4497 λέγειν,
732 4430 816 4482 ὅτι
842 4430 1004 4485 τινῶν
1032 4434 1061 4486 6
1090 4433 1280 4505 Σωτὴρ
1319 4434 1512 4506 Πατήρ
1543 4435 1618 4487 ἐσ⁴

1922 4446 1937 4487 ι
1985 4431 2174 4487 dicere
2238 4430 2587 4486 Servatorem
2640 4416 2762 4484 esse
2808 4426 3112 4498 aliquorum
3152 4435 3388 4499 patrem.

150 4514 225 4585 τῷ
265 4520 360 4590 μὲν
401 4522 514 4594 γὰρ
562 4524 920 4597 παραλυτικῷ
971 4543 1125 4598 φησιο
1177 4546 1196 4580 ι
1235 4528 1458 4601 Θάρσει,
1504 4529 1616 4584 τέκι

1927 4525 2001 4580 uit
2026 4524 2171 4579 enim
2204 4522 2506 4595 paralytico
2539 4521 2586 4554 ”
2615 4539 2629 4576 :
2660 4512 2691 4574 ι
2717 4519 2961 4588 Conlide,
2985 4519 3082 4587 lili,
3103 4520 3393 4579 remittun-

152 4606 388 4678 ἀφίενταί
423 4632 507 4668 σοι
537 4616 595 4670 αί
610 4617 897 4689 ἁμαρτίαν
935 4638 955 4671 ι
990 4622 1059 4690 τῇ
1084 4619 1141 4675 δὲ
1161 4621 1549 4694 αἱμορῤοούσῃο
1571 4631 1618 4674 ιι

1945 4614 2040 4670 tibi
2069 4613 2233 4686 452
2260 4623 2520 4686 peccata;
2552 4632 2572 4667 ι
2611 4612 2824 4668 feminae
2845 4626 2976 4671 vero
2997 4611 3144 4669 ﬂuxu
3164 4613 3393 4685 sangui-

152 4715 330 4775 γατερ,
361 4707 396 4776 η
435 4707 621 4771 πίστις
656 4725 749 4762 σου
779 4710 987 4764 σέσωκέ
1020 4728 1099 4765 σε.
1139 4733 1158 4765 ι
1194 4713 1305 4767 Καὶ
1336 4711 1433 4768 νῦν
1464 4716 1577 4778 τοῖς
1611 4732 1618 4785 ι

1938 4706 2207 4765 laboranti
2233 4724 2251 4764 :
2280 4727 2299 4760 ι
2318 4708 2476 4775 Filia,
2502 4707 2634 4763 [idos
2663 4715 2754 4761 tua
2782 4713 2835 4762 te
2859 4705 3067 4762 salvam
3097 4703 3249 4763 fecit.
3279 4705 3380 4763 “.-

152 4791 330 4866 θηταῖς
359 4798 507 4870 λέγει
551 4802 630 4856 τό·
666 4821 685 4854 ι
722 4804 940 4872 Τεκνία,
983 4824 1001 4856 ι
1033 4805 1408 4877 ἐμφαίνοντος,
1443 4804 1618 4878 οἶμαι,

1921 4817 1974 4857 ιε
2020 4801 2185 4857 etiam
2221 4799 2500 4870 discipulis
2554 4798 2733 4869 inquit
2763 4812 2781 4853 :
2813 4816 2834 4852 ι
2864 4798 3043 4855 Filioli
3069 4816 3086 4867 ;
3112 4818 3134 4852 ι
3196 4808 3387 4857 osten-

152 4886 239 4939 καὶ
266 4887 356 4943 τοῦ
388 4893 830 4966 ὑποκοριστικοῦ,
853 4897 946 4950 καὶ
982 4898 1322 4962 διδάσκοντος
1354 4898 1451 4970 τὴν
1470 4900 1550 4953 ἔτι
1577 4900 1618 4973 βι

1929 4901 2002 4958 ιε,
2055 4894 2271 4963 opinor,
2315 4891 2444 4948 Jesu
2492 4892 2813 4953 nonnullum
2865 4893 3198 4949 blandientis
3253 4892 3387 4949 all'e-

151 4971 345 5047 χύτητα
372 4981 473 5052 τῆς
497 4982 606 5036 τῷν
632 4984 944 5040 ἀποστόλων
982 4986 1160 5058 ψυχῆς
1189 4988 1330 5058 τότε.
1375 4988 1500 5042 Ἐὰν
1535 4971 1617 5042 δέ’

1921 5000 1984 5052 ιι,
2008 4984 2278 5054 simulque
2309 4985 2537 5040 docente
2557 4986 2838 5054 apostolos
2856 4988 3021 5043 etiam
3061 4995 3173 5041 tum
3201 4985 3387 5042 animo

152 5064 296 5140 ζητῇ·
310 5065 417 5142 Ἀρ
430 5070 446 5092 ’
463 5070 557 5128 οῦν
573 5074 602 5128 6
624 5076 988 5148 παραλυτικὸς
998 5054 1241 5143 ’ἀάὸῦωῆ
1261 5077 1483 5143 Τέκνον,
1506 5082 1618 5135 ἐντε

1918 5074 2039 5131 illos
2064 5090 2207 5132 esse.
2240 5075 2336 5131 Sin
2365 5091 2499 5132 vero
2532 5085 2743 5145 quazrat
2770 5077 2970 5148 aliquis
3000 5093 3132 5132 num
3161 5078 3383 5151 paraly-

61 5183 64 5187 ~
155 5171 327 5229 στερος
345 5157 413 5232 ἦν
438 5163 545 5217 τῶν
570 5164 680 5235 (47)
705 5168 842 5239 πρὸς
863 5168 956 5233 οὓς
978 5171 1008 5223 6
1037 5170 1207 5239 Λόγος
1222 5170 1375 5241 φησὶ,
1409 5187 1428 5221 ι
1454 5171 1524 5223 Τε

1921 5185 1957 5223 ιε
2011 5170 2186 5226 dictus
2240 5168 2409 5236 ﬁlius,
2467 5170 2847 5228 honorabilior
2896 5171 2969 5228 sit
3021 5170 3131 5227 illis
3186 5171 3387 5242 quibus

153 5245 380 5316 ἀκούσει,
411 5254 513 5318 ὅτι,
546 5256 601 5310 εἴ
642 5275 726 5322 τις
762 5259 861 5330 μέν
903 5262 1020 5313 ἐστι
1059 5260 1556 5327 τεκνίον,-πάντως
1596 5264 1619 5317 ἐ

1922 5277 1984 5316 us
2015 5260 2110 5316 Dei
2134 5261 2295 5328 dixit,
2328 5281 2347 5314 ι
2370 5261 2605 5328 Filioli,»
2631 5264 2678 5318 is
2705 5264 2842 5321 sciat
2869 5278 2997 5319 eum
3020 5264 3116 5335 qui
3145 5263 3219 5320 sit
3242 5263 3384 5318 ﬁlio-

217 5338 260 5429 ξ’
289 5340 443 5429 εἰρίιιι.
468 5361 578 5429 χιιιζ
614 5348 704 5403 45.
776 5351 822 5382 ετ
868 5351 1057 5429 Matth.
1105 5368 1154 5429 γ,
1190 5352 1276 5429 [ἐξ.
1341 5424 1353 5429 _
1383 5353 1431 5386 ⁸⁸
1470 5352 1632 5429 Rom.
1670 5373 1683 5412 ι

1921 5355 2006 5411 ⁸³1
2040 5356 2189 5429 Petr.
2216 5371 2277 5421 ιι,
2304 5356 2396 5411 22.
2500 5357 2548 5390 “
2573 5356 2734 5415 Joan.
2786 5374 2904 5429 xtv,
2947 5356 3039 5415 28.
3141 5358 3189 5392 “
3223 5357 3386 5419 Joan.

158 5423 265 5478 xm,
308 5414 395 5467 52.
468 5414 515 5447 "
553 5418 712 5474 Joan.
757 5432 892 5484 xm,
944 5422 1034 5476 55.
1109 5422 1156 5454 ’³
1205 5423 1395 5478 Matth.
1442 5440 1521 5488 tx,
1570 5426 1624 5480 2.

757 5432 892 5484 xm,
944 5422 1034 5476 55.
1109 5422 1156 5454 ’³
1205 5423 1395 5478 Matth.
1442 5440 1521 5488 tx,
1570 5426 1627 5480 2.
1703 5426 1753 5460 ⁸⁵
1773 5427 1963 5482 Matth.
1998 5414 2194 5491 mss.

218 5504 323 5594 (ξίδ)
356 5508 531 5594 ﬁodex
564 5513 785 5594 Regius,
827 5514 987 5578 male,
1013 5514 1157 5570 κατὰ
1185 5517 1214 5569 6
1244 5517 1436 5591 Πατὴρ
1483 5519 1514 5572 6
1559 5518 1684 5591 πέμι

1244 5517 1436 5591 Πατὴρ
1483 5519 1514 5572 6
1559 5518 1704 5591 πέμ·
1882 5518 1993 5594 (46)
2022 5520 2200 5594 Codex
2222 5519 2467 5594 ‘Regius,
2501 5524 2702 5594 μεῖζον.

156 5571 701 5663 ψαςίμεςυίνέιεῘ-
769 5571 785 5583 ’
850 5657 882 5663 η
1106 5658 1120 5663 _
1384 5571 1418 5591 "
1495 5571 1503 5572 ί

1495 5571 1503 5572 ί
1883 5571 1996 5663 (iis
2030 5571 2200 5646 'T'JSE
2221 5571 2467 5647 ὑὲὲέὶῖἶῖ
2498 5571 2898 5663 sunanegam

354 5650 484 5735 ζωῇ.
506 5648 663 5735 Deest
687 5657 740 5735 in
764 5657 952 5735 codice
991 5657 1177 5735 Regio.
1230 5728 1262 5735 _
1344 5731 1356 5735 _
1884 5645 2018 5735 (47‘)
2040 5645 2164 5719 Haec
2180 5645 2556 5733 Supplex/imus
2571 5645 2898 5722 ἕιήεέιόίἰιὸζ

217 5714 326 5787 (45)
353 5717 493 5785 Θεῷ.
521 5720 680 5782 Deest
711 5727 767 5783 in
788 5728 977 5786 eodem
1011 5714 1196 5786 codice
1226 5728 1415 5795 Regio.
