3712 6138
334 194 437 252 8‘23
1786 202 1800 256 ί

3501 202 3604 259 εὲιί

334 316 439 381 lus,
484 336 606 377 esse
655 321 817 376 etiam
865 321 1087 375 omnino
1132 320 1301 376 lilium
1351 331 1571 394 propter
1616 322 1760 392 quod

2136 335 2228 372 ιον·
2258 318 2338 371 διὸ
2361 318 2422 371 οὐ
2457 319 2762 373 κεκώλυται
2794 318 2887 373 τὸν
2916 317 3278 389 παραλυτικὸν
3303 318 3602 391 λεγόμενον

335 412 685 486 paralyticus
724 413 901 467 dictus
944 412 1086 466 filius
1111 453 1126 478 ,
1158 414 1465 484 prohibitus
1495 423 1581 470 est
1596 427 1716 469 esse
1746 422 1797 468 et

2136 427 2207 463 ιον
2244 406 2382 463 εἶναι
2415 411 2510 463 καὶ
2534 412 2765 466 τεκνίον·
2808 411 2950 466 ὥστε
2980 414 3082 466 οὐκ
3116 411 3328 483 ἀνάγκη
3360 411 3459 465 τὸν
3485 413 3602 465 όνο-

331 496 543 557 filiolus
570 519 587 558 :
611 504 1066 573 quemadmodum
1109 505 1277 560 etiam
1331 520 1553 561 necesse
1584 520 1690 560 non
1726 515 1797 559 εει

2136 498 2292 553 θέντα
2318 498 2506 553 τέκνον
2529 500 2620 554 τὸν
2652 501 3018 573 παραλυτικὸν
3059 497 3200 557 εἶναι
3225 502 3602 574 ὲντελέστερσν

331 593 675 665 paralyticus
714 602 1059 661 nuncupatus
1111 593 1281 662 filius,
1327 595 1699 652 houorabilior
1733 597 1797 652 sit

2153 592 2289 664 πρὸς
2310 590 2403 655 οὓς
2431 592 2461 645 ὁ
2489 592 2661 662 Λόγος
2677 589 2797 646 εἷπε
2824 594 2887 647 τὸ
2908 594 3119 648 τεκνία.
3147 593 3268 666 Χρὴ
3290 594 3347 647 δὲ
3376 594 3597 660 εἰδέναι,

336 701 477 757 quos
523 686 697 742 Filius
736 687 832 742 Dei
889 687 1028 741 dixit
1068 686 1289 744 ﬁliolus.
1365 686 1606 744 Proinde
1672 690 1802 745 sciat

2135 685 2220 754 n51
2271 683 2460 756 ὥσπερ
2487 684 2578 738 ἐπὶ
2615 684 2724 739 τῶν
2751 683 3054 757 ἀνθρώπων
3084 687 3148 740 ού
3177 686 3405 740 δύναται
3436 686 3601 739 τὸτέ-

336 792 562 835 necesse
608 788 717 846 est,
766 793 873 833 non
907 789 970 834 ut
1016 779 1070 833 in
1107 780 1422 836 hominibus
1457 782 1667 847 evenit,
1709 792 1769 837 ut
1818 782 1911 851 qui

284 880 287 883 '
336 871 481 928 ﬁlius
510 872 742 944 alicujus
766 872 954 939 fuerit,
985 872 1031 926 is
1059 871 1202 927 illius
1228 883 1420 942 postea
1443 888 1566 929 esse
1601 875 1772 929 frater
1801 890 1907 929 non

335 964 533 1034 possit,
565 966 639 1018 ita
669 965 959 1019 evenireiu
989 962 1118 1019 Jesu
1145 974 1203 1019 ut
1235 965 1433 1036 aliquis
1457 981 1526 1020 ex
1566 966 1679 1021 filio
1711 968 1909 1021 immu-

336 1057 442 1110 tari
475 1073 580 1113 non
628 1058 799 1128 possit
828 1067 887 1112 ut
914 1058 988 1113 sit
1030 1058 1174 1113 illius
1219 1058 1409 1113 frater.
1456 1057 1817 1125 Quamobrem
1853 1058 1906 1112 hi

333 1143 534 1212 quibus
560 1144 718 1211 dixit,
762 1143 1025 1209 «Filioli,»
1052 1156 1177 1215 post
1209 1144 1523 1202 Servatoris
1550 1148 1906 1203 resurrectio-

334 1249 460 1288 nem
520 1236 810 1305 (tanquam
844 1235 1129 1291 immutato
1172 1234 1300 1293 Jesu
1347 1252 1413 1293 ex
1468 1238 1904 1308 resurrectione)

333 1324 528 1381 fratres
581 1325 727 1381 illius
777 1324 1106 1391 eﬂiciuntur,
1155 1326 1244 1397 qui
1303 1337 1463 1382 antea
1516 1327 1623 1383 illis
1662 1328 1901 1391 dixerat.

2014 791 2140 830 κνον
2173 776 2426 845 γενέσθαι
2471 775 2696 848 ὕστερον
2726 777 2955 847 ἀδελφὸς
2986 772 3048 831 οῦ
3082 778 3316 849 ἔφθασεν
3350 774 3496 832 εἶναι
3520 778 3601 830 τέ-

2013 882 2160 934 κνον,
2204 867 2377 933 οὕτως
2404 869 2665 923 ἀδύνατον
2702 869 3025 939 μεταϐαλεῖν
3048 871 3112 924 ὲκ
3143 870 3333 924 τέκνου
3371 869 3474 924 τοῦ
3497 873 3600 942 Ἰη-

2012 958 2105 1011 σοῦ
2146 960 2283 1027 πρὸς
2304 960 2365 1014 τὸ
2389 962 2637 1031 γενέσθαι
2662 962 2826 1018 αὐτοῦ
2844 963 3089 1032 ἀδελφόν.
3118 958 3277 1017 Οὗτοι
3301 963 3438 1031 γοῦν
3464 964 3599 1035 πρὸς

2008 1049 2103 1115 οὒς
2126 1049 2266 1117 εἶπε,
2300 1072 2319 1105 ι
2358 1055 2576 1121 Τεκνία,
2617 1075 2638 1108 ο
2678 1054 2818 1127 μετὰ
2850 1055 3061 1127 τὴντοῦ
3086 1056 3337 1127 Σωτῆρος
3356 1055 3598 1111 ἀνάστα-

2009 1159 2115 1207 σιν,
2152 1143 2411 1217 (ὡσπερεὶ
2441 1146 2900 1218 μεταπιηθέντος
2942 1146 3056 1218 (48)
3088 1146 3197 1200 ἀπὸ
3224 1148 3324 1217 τῆς
3347 1146 3594 1201 ἀναστά-

2009 1250 2146 1298 σεως
2174 1234 2400 1307 Ἰησοῦ,)
2430 1236 2669 1305 γίνονται
2696 1236 2789 1290 τοῦ
2819 1236 3081 1309 πρότερον
3118 1236 3388 1299 εἰπόντος,
3430 1254 3451 1288 ι
3495 1236 3595 1289 Τε-

2006 1326 2152 1392 κνία,
2185 1344 2205 1377 ι
2238 1326 2473 1396 άδελφοί”
2495 1328 2576 1383 διὸ
2604 1328 2937 1401 γέγραπται·
2970 1349 2989 1381 ι
3014 1328 3256 1400 Πορεύου
3290 1327 3433 1400 πρὸς
3471 1329 3595 1392 τοὺς

2002 1418 2263 1488 ἀδελφούς
2291 1438 2392 1491 μου
2424 1421 2560 1493 (49),
2597 1422 2691 1476 καὶ
2720 1419 2842 1476 εἷπε
2876 1422 3080 1487 αὐτοῖς·
3116 1422 3425 1477 Ἀναϐαίνω
3457 1421 3591 1494 πρὸς

2001 1508 2094 1562 τὸν
2132 1510 2354 1583 Πατέρα
2398 1530 2520 1584 μου,
2556 1514 2650 1568 καὶ
2682 1514 2900 1583 Πατέρα
2938 1515 3111 1585 ὑμῶν,
3145 1514 3237 1567 καὶ
3276 1513 3416 1567 Θεόν
3465 1530 3587 1584 μου,

336 1445 356 1478 ι
395 1425 574 1482 Filioli
612 1445 626 1481 :
657 1445 677 1479 ι
705 1428 846 1483 unde
870 1436 926 1482 et
956 1430 1216 1498 scriptum
1244 1440 1327 1486 est
1364 1450 1379 1485 :
1415 1429 1596 1487 tV'ade
1618 1431 1685 1486 ad
1708 1430 1904 1488 fratres

332 1530 505 1582 meos,
546 1528 603 1571 et
647 1516 736 1571 dic
783 1517 890 1573 illis
924 1535 939 1571 :
977 1519 1227 1574 Asceudo
1271 1521 1336 1574 ad
1365 1518 1581 1574 Patrem
1613 1535 1816 1586 meum,
1847 1530 1903 1576 et

330 1607 546 1663 Patrem
614 1618 889 1675 vestrum;
953 1619 1010 1663 et.
1073 1609 1243 1664 Deum
1310 1628 1487 1667 meum
1523 1651 1539 1677 ,
1609 1620 1665 1667 et
1729 1613 1796 1666 De

2128 1605 2260 1660 Θεὸν
2302 1606 2475 1676 ὑμῶν.
2521 1625 2540 1660 ι
2577 1607 2686 1660 Καὶ
2717 1607 2859 1677 τάχα
2887 1605 3075 1676 ὥσπερ
3108 1604 3227 1659 ἔστι
3259 1604 3588 1676 μεταϐαλεῖν

328 1710 570 1755 vestrum
604 1701 706 1754 ⁸⁸.»
748 1701 817 1756 Ει
844 1702 1079 1758 fortasse
1106 1706 1561 1772 quemadmodum
1592 1707 1719 1760 licet
1740 1716 1794 1760 et

2122 1697 2278 1751 ούλου
2319 1697 2515 1771 Ἰησοῦ,
2548 1698 2722 1753 δοῦλοι
2752 1699 2808 1752 δὲ
2837 1695 2979 1771 ἦσαν
3008 1700 3057 1751 oi
3085 1698 3326 1770 μαθηταὶ
3361 1699 3475 1770 πρὸ
3497 1696 3588 1751 τοῦ

324 1807 391 1850 u
441 1808 600 1849 servo
651 1792 775 1850 Jesu
811 1795 1128 1861 immutari;
1178 1812 1304 1850 nam
1344 1796 1487 1851 servi
1521 1806 1679 1851 erant
1728 1799 1790 1853 eti

2120 1808 2135 1841 ι
2166 1790 2374 1856 τεκνία,
2403 1792 2479 1857 ὡς
2508 1792 2668 1863 δῆλον
2703 1794 2768 1846 ὲκ
2797 1792 2913 1846 ’ποῦ’
2956 1812 2976 1845 ι
3020 1793 3210 1863 Ὑμεῖς
3232 1792 3470 1862 φωνεῖτέ
3498 1809 3584 1863 με,

334 1887 601 1957 discipuli,
637 1898 933 1957 antequam
963 1888 1165 1943 ﬁerent
1201 1888 1389 1953 filioli,
1429 1896 1489 1943 ut
1517 1905 1581 1942 ex
1615 1889 1719 1944 hoc
1750 1890 1799 1943 di

2120 1882 2383 1951 ἱάσκαλος,
2416 1886 2512 1938 καὶ
2572 1886 2601 1939 ό
2629 1884 2852 1958 Κύριος,
2888 1885 2981 1939 καὶ
3018 1884 3199 1949 καλῶς
3231 1884 3446 1956 λέγετε·
3475 1887 3586 1956 εἰμὶ

330 1980 672 2050 perspicuum
719 1992 803 2035 est
834 1998 849 2034 ;
916 2000 935 2031 ι
982 1980 1088 2037 Vos
1120 1982 1332 2038 vocatis
1368 1996 1452 2037 me
1482 1981 1793 2051 Magistrum

2115 1993 2122 2006 '
2154 1998 2172 2029 ι
2203 1981 2296 2033 καὶ
2314 1979 2402 2044 τό·
2444 1999 2463 2032 ι
2512 1982 2626 2034 Ούκ
2655 1980 2770 2034 ἐστι
2813 1980 2997 2044 δοῦλος
3032 1981 3235 2053 μείζων
3267 1981 3364 2035 τοῦ
3394 1981 3581 2054 κυρίου

1992 2069 2180 2133 αὑτοῦ,
2220 2090 2240 2122 ι
2271 2071 2762 2144 ἀναγεγραμμένον
2787 2072 2893 2145 πρὸ
2916 2072 3029 2126 τοῦθ
3066 2093 3086 2125 ‹
3127 2074 3352 2135 Τεκνία,
3390 2075 3472 2127 ἔτι
3507 2093 3564 2146 μι

1992 2158 2124 2230 κρὸν
2171 2158 2290 2230 μεθ’
2333 2161 2487 2232 ὑμῶν
2534 2163 2668 2233 εἰμι·
2713 2182 2732 2215 ι
2780 2164 3091 2235 ἐπιστήσεις
3129 2164 3188 2218 δὲ
3225 2166 3276 2218 εί
3323 2167 3355 2218 ὁ
3397 2166 3579 2232 δοῦλος

1992 2251 2255 2323 πρότερον
2301 2252 2549 2326 μαθητὴς
2585 2255 2811 2324 γίνεται,
2837 2251 2956 2309 εἶτα
2993 2258 3228 2321 τεκνίον,
3270 2253 3398 2312 εἶτα
3428 2260 3578 2313 ἀδελ-

1992 2342 2090 2412 φὺς
2105 2344 2362 2416 Χριστοῦ,
2393 2346 2489 2400 καὶ
2528 2347 2645 2411 υίὸς
2676 2347 2771 2401 τοῦ
2806 2348 2962 2403 Θεοῦ.
2990 2349 3256 2423 Μαθητὴν
3282 2352 3341 2405 δὲ
3380 2354 3440 2406 ὲν
3460 2351 3578 2406 oro-5.

1989 2450 2104 2498 τοις
2148 2435 2367 2490 λεκτέον
2401 2437 2494 2490 τὸν
2525 2439 2591 2491 ὲκ
2624 2439 2718 2492 τοῦ
2755 2439 3016 2512 παρέχειν
3060 2441 3223 2495 αὐτὸν
3257 2444 3578 2516 παραληψό-

1993 2543 2151 2597 μενον
2190 2526 2287 2600 τὴν
2306 2527 2400 2582 τοῦ
2436 2528 2610 2599 Λόγου
2639 2532 2969 2603 ἐπιστήμην,
2993 2531 3327 2603 μανθάνοντα
3349 2535 3463 2589 ἀπὸ
3486 2537 3574 2590 τοῦ

1987 2619 2305 2691 τηλικούτου
2334 2621 2653 2675 διδασκάλου
2681 2622 2780 2694 τὴν
2808 2623 2996 2692 σοφίαν
3029 2624 3125 2679 τοῦ
3153 2625 3289 2679 Θεοῦ
3335 2628 3477 2697 (50).
3506 2629 3576 2681 Τὸ

1988 2711 2063 2766 δέ’
2094 2731 2113 2764 ‹
2146 2714 2265 2766 Ἔτι
2287 2714 2482 2785 μικρὸν
2500 2715 2617 2787 μεθ’
2636 2716 2788 2787 ὑμῶν
2807 2719 2941 2788 είμι,
2974 2737 2992 2769 ι
3014 2718 3157 2773 κατὰ
3179 2720 3277 2791 μὲν
3297 2720 3362 2774 τὸ
3379 2721 3578 2779 ἁπλοῦ⁹

1990 2821 2199 2877 στερον,
2228 2806 2305 2869 ὡς
2329 2807 2466 2880 πρὸς
2483 2806 2542 2859 τὸ
2574 2808 2756 2879 ῥητὸν,
2784 2810 2955 2879 σαφές
2975 2811 3145 2876 ἐστιν,
3174 2812 3295 2865 ἐπεὶ
3325 2815 3460 2866 ὅσον
3483 2815 3570 2867 οὐς-

1986 2897 2132 2951 δέπω
2161 2897 2352 2968 ἔμελλε
2384 2899 2583 2971 μηκέτι
2610 2900 2825 2953 ἔσεσθαι
2845 2900 2981 2970 μετὰ
2999 2900 3108 2954 τῶν
3142 2902 3425 2974 μαθητῶνο
3446 2906 3572 2974 πρό-

1988 3006 2143 3061 τερον
2179 2989 2277 3062 μὲν
2313 2990 2635 3062 συλληφθεὶς
2674 2993 2779 3046 ὑπὸ
2809 2993 2907 3064 τῆς
2940 2993 3189 3062 σπείρας,
3235 2996 3330 3049 καὶ
3359 2996 3456 3050 τοῦ
3493 3015 3546 3067 χι

324 2072 636 2137 Dominum,
664 2083 716 2127 et
741 2073 880 2128 bene
909 2073 1122 2137 dicitis,
1158 2090 1275 2128 sum
1307 2074 1508 2129 etenim
1549 2074 1636 2137 ";
1669 2092 1688 2126 ι
1732 2083 1788 2129 et
1824 2089 1892 2130 ex

324 2166 436 2224 illis
470 2186 486 2224 :
533 2187 552 2220 ι
580 2167 699 2223 Non
734 2178 816 2223 est
837 2184 1027 2224 servus
1046 2167 1219 2236 major
1245 2168 1463 2223 domino
1492 2183 1587 2224 suo
1612 2167 1714 2231 ",r
1748 2168 1891 2237 quod

321 2263 585 2331 scriptum
610 2271 695 2320 est
722 2270 847 2318 ante
879 2264 995 2317 hate
1020 2263 1182 2316 verba
1221 2279 1236 2316 :
1280 2280 1299 2313 ι
1328 2260 1533 2329 Filioli,
1562 2261 1741 2316 adhuc
1757 2277 1894 2331 pau-

321 2353 492 2424 lisper
515 2356 795 2412 vobiscum
824 2370 942 2410 sum
967 2355 1013 2388 "
1039 2371 1087 2421 ;»
1119 2354 1380 2424 inspicies
1425 2369 1494 2408 an
1545 2367 1736 2409 servus
1776 2354 1892 2409 eiii-

317 2448 495 2503 ciatur
517 2448 751 2518 primum
783 2445 1106 2519 discipulus,
1139 2445 1337 2502 deinde
1368 2445 1585 2514 filiolus,
1614 2453 1892 2516 postremo

320 2551 492 2607 frater
511 2551 736 2617 Christi,
765 2560 820 2608 et
843 2550 985 2607 lilius
1012 2550 1129 2605 Dei.
1151 2549 1412 2620 Inspicies
1435 2550 1597 2606 etiam
1629 2566 1696 2605 an
1729 2551 1887 2606 disci-

321 2645 478 2711 pulus
501 2646 642 2699 inter
666 2646 766 2700 hos
795 2643 1056 2699 dicendus
1077 2644 1169 2710 sit,
1198 2643 1289 2713 qui
1326 2653 1679 2714 percepturus
1707 2643 1799 2711 sit,
1822 2658 1890 2699 eo

320 2739 462 2807 quod
494 2738 729 2809 seipsum
758 2737 1091 2802 exhibuerit,
1122 2737 1390 2801 sermonis
1422 2736 1743 2802 scientiam;
1788 2737 1886 2791 ad-

324 2833 542 2887 discens
570 2846 601 2885 a
638 2831 732 2886 tali
765 2839 1026 2900 tantoque
1059 2837 1391 2899 praeceptore
1422 2830 1741 2899 sapientiam
1769 2829 1884 2885 Dei.

319 2922 588 2978 Ctuterum
618 2923 720 2978 hoc
746 2922 948 2977 dictum
984 2941 998 2977 :
1040 2939 1058 2972 ι
1086 2923 1276 2977 Adhuc
1306 2920 1581 2994 paulisper
1607 2921 1885 2978 vobiscum

317 3028 493 3076 sum,»
525 3013 678 3084 juxta
712 3013 1095 3084 simpliciorem
1125 3014 1345 3083 quidem
1375 3030 1612 3082 sensum,
1647 3018 1790 3087 quod
1817 3016 1884 3072 ad

318 3058 491 3076 -.....,-
525 3058 678 3084 νη.--
712 3058 1095 3084 ,....,,..,,.ν.ν.-.
1127 3058 1345 3083 .,-...ν...
1375 3058 1612 3082 νν...,.....,
1648 3058 1784 3087 την

318 3115 638 3161 contextum
666 3108 884 3171 attinet,
914 3116 1161 3176 apertum
1196 3116 1302 3171 est,
1328 3108 1583 3176 quoniam
1602 3107 1713 3177 jam
1738 3108 1784 3164 fu

2099 3058 2234 3152 axou,
2268 3083 2362 3136 καὶ
2403 3058 2510 3137 τῶν
2556 3058 2874 3139 Ἰουδαϊκῶν-
2903 3058 3213 3157 ὑπηρετῶν,
3247 3058 3565 3161 οἵτινες

318 3213 412 3253 rus
436 3214 540 3254 non
568 3208 691 3253 erat
720 3198 953 3268 amplius
979 3214 1103 3253 cum
1133 3199 1449 3269 discipulis;
1493 3200 1731 3268 primum
1764 3201 1887 3270 qui-

316 3291 437 3344 dem
464 3289 891 3361 comprehensus
925 3305 954 3343 a
997 3289 1244 3351 cohorte,
1272 3299 1327 3345 et
1356 3291 1574 3346 tribuno
1601 3331 1616 3356 ,
1647 3300 1704 3347 et
1728 3307 1759 3345 a
1791 3289 1886 3345 Juv

312 3404 485 3459 daicis
539 3403 806 3460 ministris
858 3405 948 3474 qui
992 3420 1113 3461 eum
1148 3404 1370 3476 ligatum
1419 3403 1763 3460 abduxerunt
1815 3406 1882 3459 ad

310 3495 523 3551 Annam
568 3499 826 3567 primum,
882 3507 1075 3567 postea
1125 3512 1256 3553 vero
1299 3496 1477 3553 Pilato
1516 3498 1778 3563 traditus,
1829 3507 1884 3553 et

314 3587 569 3657 deinceps
592 3589 661 3641 ad
685 3604 904 3644 crucem
930 3589 1348 3653 condemnatus,
1379 3604 1445 3644 ac
1465 3589 1683 3644 demum
1707 3590 1882 3646 factus

311 3680 485 3735 tribus
529 3679 727 3737 diebus
812 3690 868 3737 et
926 3681 1100 3737 tribus
1128 3682 1379 3738 noctibus
1419 3683 1473 3735 in
1503 3682 1666 3737 corde
1695 3692 1877 3737 terrae.

307 3770 465 3827 Juxta
500 3771 906 3843 profundiorem
945 3787 1078 3828 vero
1125 3786 1342 3827 sensum
1387 3786 1597 3841 quaeres
1627 3787 1695 3826 an
1738 3771 1878 3827 forte

305 3874 433 3935 post
458 3864 589 3921 illud
624 3883 645 3917 ι
675 3866 968 3936 paulisper,
999 3885 1017 3919 ι
1066 3865 1177 3934 jam
1228 3882 1334 3922 non
1389 3864 1554 3922 fuerit
1583 3882 1708 3921 cum
1746 3866 1874 3932 illis,

307 3973 413 4012 non
436 3972 503 4013 eo
528 3958 675 4028 quod
703 3959 811 4014 illis
835 3973 940 4014 non
971 3959 1209 4015 adfuerit
1238 3958 1400 4031 5,53
1431 3959 1727 4014 secundum
1751 3974 1874 4013 car-

304 4063 452 4117 nem,
481 4061 636 4128 eteo
679 4053 821 4119 quod
876 4051 1222 4106 descenderit
1265 4067 1387 4106 cum
1441 4050 1620 4104 anima
1652 4065 1750 4107 sua
1807 4051 1873 4103 ad

304 4142 512 4198 inferos
567 4141 767 4214 (hujus
815 4145 961 4197 enim
1006 4145 1085 4199 rei
1136 4159 1299 4199 causa
1332 4161 1438 4199 non
1488 4143 1876 4211 prohibebatur

304 4249 430 4292 esse
458 4235 623 4290 etiam
661 4251 785 4291 cum
820 4236 1098 4306 discipulis
1133 4237 1225 4292 ille
1264 4238 1358 4307 qui
1400 4238 1613 4293 dixerat
1651 4257 1665 4292 :
1716 4256 1735 4289 ι
1767 4236 1870 4293 Ubi

302 4330 431 4397 duo,
465 4328 552 4409 vel
591 4339 703 4395 tres
749 4331 1066 4400 congregati
1119 4330 1321 4386 fuerint
1375 4332 1429 4385 in
1481 4331 1699 4387 nomine
1725 4345 1869 4398 meo,

298 4420 461 4475 etiam
496 4435 597 4491 ego
649 4435 769 4476 sum
825 4421 879 4475 in
930 4421 1111 4477 medio
1156 4436 1344 4477 eorum
1384 4423 1462 4491 πε
1494 4443 1512 4476 ι
1549 4432 1606 4476 et
1638 4440 1651 4476 :
1689 4441 1708 4474 ι
1733 4421 1871 4478 Ecce
1904 4419 1949 4474 ι)

295 4528 398 4585 ego
431 4512 710 4570 vobiscum
755 4528 874 4569 sum
912 4514 1164 4570 omnibus
1209 4516 1401 4572 diebus
1430 4530 1601 4586 usque
1636 4517 1701 4569 ad
1732 4531 1864 4570 con-

295 4606 710 4662 summationem
739 4608 918 4663 saeculi
953 4608 992 4674 ί,
1019 4608 1160 4665 ισεείι
1192 4621 1257 4663 eo
1285 4610 1428 4678 quod
1452 4608 1581 4662 illud
1608 4606 1861 4677 implere-

296 4708 386 4753 tur
417 4715 433 4754 :
468 4716 489 4750 ι
512 4698 712 4755 Omnes
743 4715 839 4756 vos
865 4697 1213 4757 oﬂ‘endemini
1246 4717 1365 4757 mea
1396 4716 1559 4757 causa
1607 4703 1660 4755 in
1706 4709 1865 4756 nocte

294 4790 399 4845 hac
428 4810 443 4847 :
474 4794 734 4859 scriptum
770 4800 855 4847 est
879 4792 1026 4847 enim
1071 4809 1087 4846 :
1119 4792 1427 4848 Percutiam
1466 4803 1773 4863 pastorem,
1808 4799 1863 4845 et

293 4883 674 4954 dispergentur
707 4899 839 4940 oves
876 4886 1059 4957 gregis
1081 4886 1125 4951 ',
1159 4904 1179 4939 ι
1214 4886 1420 4941 idcirco
1473 4900 1578 4941 non
1628 4884 1865 4953 amplius

294 4976 511 5032 futurus
544 4986 692 5032 esset
733 4992 855 5033 cum
902 4978 1011 5033 illis
1035 5020 1052 5045 ,
1089 4978 1214 5049 quia
1240 4994 1363 5034 cum
1393 4979 1570 5050 dignis
1592 4987 1677 5034 est
1707 4977 1861 5031 solis.

297 5069 493 5126 Verum
523 5080 710 5127 contra
745 5071 849 5128 hoc
876 5071 1095 5141 objiciet
1124 5073 1323 5144 aliquis
1350 5072 1479 5127 illud
1509 5089 1523 5125 :
1560 5069 1648 5124 «In
1684 5070 1863 5125 medio

292 5176 531 5221 vestrum
554 5175 681 5229 stat,
716 5180 877 5237 quem
908 5181 999 5221 vos
1027 5166 1249 5222 nescitis
1280 5166 1353 5231 ³,»
1385 5167 1571 5222 dicens
1593 5181 1717 5222 eum
1740 5182 1862 5222 cum

398 5305 445 5338 ”
481 5304 643 5360 Joan.
694 5322 795 5371 xx,
829 5306 915 5360 l7.
992 5306 1038 5338 ”
1057 5305 1215 5361 .Ioan.
1246 5323 1366 5371 xm,
1405 5309 1494 5363 15.
1567 5310 1613 5342 ⁸⁷
1644 5311 1777 5366 ibid.
1805 5309 1891 5365 16.

291 5375 380 5431 Ξθ.
456 5377 478 5407 ³
504 5375 695 5431 Matth.
724 5391 876 5441 xxvr,
910 5376 998 5431 51.
1074 5375 1268 5432 'Joan.
1304 5395 1343 5443 ι,
1367 5379 1455 5437 26.

361 5491 479 5565 (48)
514 5492 713 5565 C0dex_
736 5490 1086 5565 Bodleianus,
1129 5494 1610 5565 μεᾲταποιωθέντος,

363 5562 476 5633 (49)
504 5565 657 5618 Μοῦ.
687 5562 846 5633 Deest
885 5563 937 5615 in
972 5562 1157 5618 codice
1184 5563 1373 5633 Regio.

364 5631 475 5707 (ὅθ)
500 5631 785 5707 Mutat]er
798 5632 874 5707 *δὲ
901 5634 969 5685 ἐν
1001 5631 1320 5707 τούτοις-,ζα
1350 5635 1717 5692 διδασκάλου
1745 5639 1859 5707 τὴν

294 5701 515 5766 ηοφίαν
540 5701 647 5756 τοῦ
677 5702 845 5759 Θεοῦ.
874 5707 998 5761 “EBG
1033 5705 1411 5761 desiderantur
1438 5709 1493 5763 in
1520 5710 1707 5765 codice
1753 5701 1856 5765 ne.

1989 3189 2176 3237 σαντες
2220 3173 2380 3228 αὑτὸν
2411 3175 2866 3246 ἀπήγαγονπρὸς
2904 3178 3102 3231 Ἀνναν
3134 3177 3376 3249 πρῶτον*
3435 3181 3567 3251 μετὰ

1985 3265 2043 3318 δὲ
2070 3265 2230 3319 τοῦτο
2279 3266 2357 3338 τῷ
2401 3266 2620 3338 Πιλάτῳ
2658 3267 3002 3338 παραδοθεὶς,
3046 3270 3140 3323 καὶ
3180 3268 3306 3341 ἑξῆς
3327 3270 3433 3342 τὴν
3478 3272 3564 3327 ἐπὶ

1987 3357 2205 3429 σταυρῷ
2247 3358 2682 3422 καταδικασθείς*
2723 3355 2843 3413 εἶτα
2882 3361 3111 3431 ποιήσας
3165 3360 3222 3414 ὲν
3250 3364 3316 3433 τῇ
3372 3364 3563 3436 καρδίᾳ

1984 3448 2083 3519 τῆς
2108 3450 2211 3521 γῆς
2241 3453 2389 3523 τρεῖς
2414 3451 2648 3521 ἡμέρας,
2679 3451 2775 3504 καὶ
2794 3453 2943 3523 τρεῖς
2972 3451 3191 3517 νύκτας.
3230 3455 3395 3508 Κατὰ
3425 3456 3479 3509 δὲ
3507 3456 3562 3510 τὸ

1985 3539 2278 3613 βαθύτερον
2308 3540 2563 3613 ζητήσεις
2607 3542 2816 3613 μήποτε
2854 3542 2993 3613 μετὰ
3024 3543 3084 3596 τὸ
3121 3545 3315 3617 μικρὸν
3351 3548 3454 3600 οὐκ
3485 3548 3559 3599 ἔτι

1980 3628 2049 3703 ἦν
2077 3634 2195 3703 μετ’
2223 3632 2420 3687 αὐτῶν·
2459 3633 2519 3686 οὐ
2552 3633 2631 3704 τῷ
2670 3635 2744 3706 μὴ
2777 3638 3030 3708 παρεῖναι
3058 3638 3244 3700 αὐτοῖς
3274 3640 3420 3693 κατὰ
3444 3640 3543 3711 σάρ

1980 3737 2075 3783 κα,
2099 3721 2194 3774 καὶ
2220 3720 2300 3793 τῷ
2332 3722 2429 3793 τὴν
2449 3721 2626 3793 ψυχὴν
2654 3723 2820 3777 αὐτοῦ
2851 3727 2930 3788 εἰς
2957 3725 3083 3779 ἆδου
3102 3727 3554 3799 καταϐεϐηκέναιο

1979 3812 2189 3883 (τούτου
2222 3813 2331 3885 γὰρ
2355 3814 2537 3869 ἕνεκεν
2559 3815 2823 3871 ἐκωλύετο
2850 3817 2960 3889 (51)
2991 3815 3131 3872 εἶναι
3157 3821 3253 3874 καὶ⁵
3276 3823 3417 3892 μετὰ
3454 3822 3556 3875 τῶν

1980 3896 2234 3968 μαθητῶν
2265 3901 2293 3952 ό
2324 3898 2511 3953 εἰπών·
2568 3919 2585 3950 ι
2635 3899 2805 3954 Ὅπου
2844 3900 2998 3974 δύοῆ
3039 3911 3191 3975 τρεῖς
3234 3907 3553 3977 συνηγμένοι

1976 3988 2057 4052 είς
2098 3989 2159 4042 τὸ
2198 3990 2329 4061 ἐμὸν
2365 3991 2559 4062 ὄνομα,
2600 3993 2695 4045 καὶ
2722 3991 2833 4061 ἐγώ
2865 3994 2981 4064 είμι
3014 3998 3072 4048 ὲν
3110 3996 3261 4067 μέσῳ
3290 3999 3494 4062 αὐτῶν,
3529 4017 3547 4048 ι

1974 4080 2088 4132 καί·
2114 4099 2131 4130 ι
2174 4080 2303 4133 Ἰδοὺ
2330 4080 2441 4150 ἐγὼ
2485 4082 2603 4152 μεθ’
2649 4082 2802 4154 ὑμῶν
2852 4087 2966 4157 εἰμι
2999 4087 3177 4150 πάσας
3218 4089 3315 4153 τὰς
3350 4092 3551 4163 ἡμέρας

1974 4168 2078 4234 ἕως
2101 4171 2198 4243 τῆς
2230 4171 2537 4237 συντελείας
2564 4173 2655 4226 τοῦ
2689 4174 2901 4239 αἰῶνος·
2945 4176 2992 4249 ι)
3026 4178 3162 4233 ἀλλὰ
3192 4180 3293 4250 τῷ,
3334 4182 3548 4253 πληρω-

1974 4260 2158 4326 θέντος
2190 4262 2304 4316 ’ποῦ’
2342 4284 2360 4316 ι
2387 4265 2595 4329 Πάντες
2626 4266 2783 4337 ὑμεῖς
2814 4269 3335 4342 σκανδαλισθήσεσθε
3351 4275 3411 4326 ἐν
3436 4274 3547 4344 ἐμοὶ

1974 4355 2034 4408 ὲν
2064 4358 2130 4427 τῇ
2162 4358 2313 4410 νυκτὶ
2344 4359 2533 4431 ταύτῃο
2558 4360 2875 4437 ἰγὲγραπται
2905 4364 3033 4435 γάρ’
3059 4365 3293 4431 Πατάξω
3318 4368 3411 4421 τὸν
3438 4386 3546 4422 ποι-

1976 4446 2136 4517 μένα,
2166 4448 2260 4501 καὶ
2293 4448 2875 4524 διασκορπισθήσονται
2905 4456 2974 4509 τὰ
3019 4458 3267 4529 πρόϐατα
3297 4460 3396 4531 τῆς
3437 4459 3543 4513 ποί-

1974 4548 2133 4603 μνης,
2166 4554 2185 4587 ι
2236 4537 2431 4609 μηκέτι
2458 4535 2595 4593 εἶναι
2626 4544 2741 4611 μετ’
2771 4544 2949 4598 αὐτῶν
2966 4546 3058 4599 τὸν
3080 4547 3219 4617 μετὰ
3244 4549 3353 4603 τῶν
3388 4551 3542 4617 ἀξίων

1973 4623 2149 4693 μόνων
2169 4628 2523 4698 τυγχάνοντα.
2557 4632 2701 4703 Πρὸς
2719 4633 2874 4688 τοῦτο
2893 4636 2937 4689 δ’
2977 4636 3043 4690 ἄν
3068 4655 3151 4701 τις
3184 4639 3539 4710 ἁνθυποφέροι

1968 4714 2047 4767 τό·
2086 4735 2105 4768 ι
2143 4718 2324 4783 Μέσος
2355 4721 2507 4792 ὑμῶν
2521 4725 2759 4796 ἑστήκει,
2788 4726 2846 4779 ὃν
2880 4728 3035 4798 ὑμεῖς
3060 4730 3158 4783 οὑκ
3181 4730 3380 4795 οἴδατε,
3410 4752 3428 4784 ι
3456 4733 3535 4787 λέ-

1974 4822 2085 4874 γων
2108 4810 2268 4864 αὐτὸν
2291 4807 2427 4866 εἶναι
2459 4815 2551 4868 καὶ
2571 4817 2708 4886 μετὰ
2739 4817 2847 4871 τῶν
2873 4819 2947 4891 μὴ
2968 4822 3345 4888 γινωσκόντων
3367 4826 3534 4879 αὐτόν.

1973 4899 2114 4970 Ὅρα
2145 4899 2201 4951 δὲ
2227 4902 2436 4972 μήποτε
2470 4903 2531 4956 ού
2556 4906 2750 4958 ταυτόν
2778 4908 2891 4961 ἐστι
2918 4909 2978 4963 τὸ
3014 4904 3155 4964 εἶναι
3187 4912 3353 4965 αὑτὸν
3411 4912 3534 4984 μετᾶ

1970 5006 2135 5055 τινος,
2161 4991 2297 5065 ὅπερ
2323 4995 2380 5048 ὲν
2409 4996 2712 5070 ἐπαγγελίᾳ⁴
2737 5000 2811 5062 ὡς
2826 4999 2995 5065 ἀξίοις
3014 5001 3246 5069 δίδοται,
3286 5005 3364 5076 τῷ
3385 5008 3533 5077 έστη-

1971 5081 2123 5135 κέναι
2169 5084 2330 5138 αὑτὸν
2371 5087 2464 5139 καὶ
2499 5088 2573 5159 μὴ
2618 5094 3014 5163 γινωσκόμενον
3041 5096 3099 5149 ὲν
3143 5097 3293 5168 μέσῳ
3319 5098 3425 5152 τῶν
3467 5098 3532 5168 μὴ

1970 5177 2363 5241 γινωσκόντωψ
2388 5182 2446 5233 ὲν
2474 5182 2775 5256 ἐπαγγελίᾳ
2813 5186 2911 5256 μὲν
2939 5188 3049 5259 γὰρ
3076 5189 3157 5241 τό·
3197 5208 3217 5242 ι
3257 5192 3426 5246 Ὅπου
3451 5192 3532 5245 δύο

1968 5314 2015 5346 ⁸⁸
2045 5315 2172 5370 ibid.
2202 5316 2291 5375 55.
2368 5319 2415 5352 ⁹⁹
2444 5317 2636 5377 Matth.
2679 5338 2836 5387 xvm.
2864 5324 2960 5382 20.
3070 5326 3089 5358 ⁸
3111 5326 3307 5385 Matth.
3348 5344 3522 5394 xxvm,

1968 5497 2080 5579 gio3
2116 5497 2212 5552 sed
2249 5509 2466 5555 exstant
2497 5500 2550 5556 in
2600 5500 2918 5573 Bodleiano,
2951 5522 3123 5577 eaque
3168 5510 3377 5565 viderat
3406 5506 3527 5566 Fer

1962 5584 2526 5762 ζὲἐὲἐῗἘκωλύετο.
2580 5642 2937 5702 Scribeudum
2985 5647 3203 5706 videtur
3256 5651 3356 5705 οὑκ
3403 5652 3523 5706 ἐκω-
