3712 6138
135 275 247 335 2³λὸ

1131 275 1490 329 (ᾹΟΜΜΕΝΤ.
1534 276 1596 328 ΙΝ
1639 277 1828 328 δυΑΝ.
1875 276 2110 328 'l'O-ML‘S
2151 276 2365 328 XXXII.

3290 283 3394 335 8°26

134 392 342 463 ῆτρεῖς
366 387 694 459 συνηγμένοι
727 388 806 452 εἰς
837 387 898 440 τὸ
932 387 1061 458 ὲμὸν
1089 387 1280 458 ὄνομα,
1311 387 1466 456 κάγώ
1497 389 1600 459 εἶμι

1937 387 2103 440 etiam
2136 400 2262 441 esse
2294 401 2322 439 a
2353 386 2549 454 quibus
2581 402 2684 440 non
2719 397 3098 457 cognoscatur.
3134 389 3239 445 Sed
3274 394 3393 448 vide

136 487 294 558 μέσῳ
334 482 531 536 αύτῶν’
565 502 581 533 ι
617 482 710 534 καὶ
753 481 832 533 τό·
871 499 890 531 ι
939 481 1068 533 Ἰδοὺ
1101 481 1212 550 ἑγὼ
1257 481 1375 552 μεθ’
1412 481 1565 552 ὑμῶν
1603 482 1717 552 είμι

131 579 319 642 πάσας
341 577 439 640 τὰς
467 577 679 648 ἡμέρας
709 575 813 637 ἓως
845 575 940 646 τῆς
977 574 1280 638 συντελείας
1317 574 1410 628 τοῦ
1442 575 1657 640 αἰῶνος,
1691 596 1710 626 ι

130 671 191 724 οὐ
220 670 460 723 τοιοῦτον
504 670 562 723 δὲ
600 669 677 721 τό·
718 688 736 718 ι
773 671 954 732 Μέσος
996 668 1150 738 ὑμῶν
1180 669 1419 740 ἑστήκει,
1461 669 1520 722 ὃν
1557 669 1716 740 ὑμεῖς

129 761 230 812 οὐκ
269 761 468 812 οἴδατε.
495 777 515 810 ι
542 759 652 812 Καὶ
680 760 736 810 ἑν
769 758 847 829 τῷ
888 759 1234 830 προκειμένῳ
1264 761 1443 813 τοίνυν
1472 762 1499 813 6
1522 759 1711 815 εἰπών’

134 872 153 903 ι
207 851 343 905 Ἰδοὺ
371 849 479 919 ἐγὼ
503 850 620 920 μεθ’
648 851 801 922 ὑμῶν
835 852 970 921 εἰμι,
999 871 1016 902 ι
1041 852 1174 921 φησὶ
1205 853 1286 905 τό·
1316 870 1334 902 t
1377 853 1498 905 Ἔτι
1519 854 1713 925 μικρὸν

131 941 249 1012 μεθ’
291 940 443 1011 ὑμῶν
474 942 607 1011 εἰμι.
647 960 664 992 ι
724 943 782 994 Ὀ
815 941 872 994 δὲ
903 941 1095 1009 λέγων·
1138 961 1156 992 ‹
1199 944 1319 996 Ἔτι
1363 943 1557 1015 μικρὸν
1593 944 1710 1014 μεθ’

126 1032 280 1104 ὑμῶν
318 1035 454 1102 εἰμι,
504 1053 523 1085 ι
559 1033 658 1086 οὐκ
699 1032 764 1086 ἂν
794 1033 1017 1104 παρόντι
1065 1034 1336 1104 αἰσθητῶς
1382 1035 1460 1106 τῷ
1519 1037 1713 1103 Ἰούδᾳ,

123 1125 217 1180 τοῦ
250 1125 494 1178 διαϐόλου
523 1126 622 1196 ἥδη
675 1124 997 1197 βεϐληκότος
1026 1129 1105 1190 εἰς
1134 1126 1232 1198 τὴν
1271 1127 1498 1198 καρδίαν
1522 1125 1706 1194 αὐτοῦ,

123 1217 212 1272 ἴνα
251 1217 480 1290 παραδῷ
513 1217 604 1271 τὸν
651 1218 902 1292 Σωτῆρα,
937 1214 1087 1273 εἶπεν
1136 1217 1200 1272 ἂν
1239 1217 1388 1289 αὐτῷ
1437 1218 1518 1271 τό·
1555 1218 1710 1273 Μετὰ

124 1311 218 1365 σοῦ
251 1309 368 1382 (52)
400 1313 536 1382 εἰμι·
577 1311 677 1364 οὐκ
725 1311 806 1364 ἔτι
848 1311 957 1382 γὰρ
989 1307 1057 1383 ἦν
1101 1312 1217 1382 μετ’
1256 1309 1443 1374 αὑτοῦ,
1476 1311 1585 1364 οὐδ’
1618 1311 1708 1364 ὅτε

125 1400 298 1472 βάψας
329 1402 393 1454 τὸ
428 1401 642 1472 ψωμίον
663 1401 834 1454 ἐδίδου
865 1400 1033 1472 αύτῷο
1068 1401 1183 1456 ἀλλ’
1211 1401 1299 1454 ὅτε
1337 1399 1475 1472 μετὰ
1504 1401 1566 1453 τὸ
1593 1399 1709 1470 ψω-

126 1491 265 1561 μίον,
299 1492 389 1544 ὅτε
421 1488 582 1562 ἦλθεν
623 1494 704 1556 εἰς
753 1494 957 1545 ἐκεῖνον
985 1494 1013 1545 6
1037 1493 1305 1556 Σατανᾶς,
1337 1491 1516 1564 πολλῷ
1544 1492 1706 1545 πλέον

121 1584 218 1636 οὐκ
248 1579 318 1655 ἦν
345 1584 375 1634 ὀ
405 1583 638 1656 Χριστὸς
668 1583 805 1654 μετὰ
824 1582 919 1637 τοῦ
961 1583 1151 1648 Ἰούδα,
1183 1583 1556 1654 μακρύναντος
1579 1586 1704 1638 ἑαυ-

121 1677 208 1729 τὸν
250 1677 361 1729 ἀπὺ
401 1677 496 1730 τοῦ
544 1676 816 1748 Σωτῆρος·
855 1695 874 1728 ι
911 1677 1008 1742 Τίς
1037 1676 1146 1747 γὰρ
1190 1675 1546 1750 συμφώνησις
1576 1677 1704 1746 Χρι-

1818 492 1886 531 ne
1935 475 2075 532 forte
2127 479 2268 531 idem
2309 492 2414 531 non
2464 479 2538 532 sit
2582 492 2700 533 esse
2731 494 2854 533 cum
2903 480 3108 550 aliquo,
3159 486 3299 552 quod
3339 485 3390 539 in

1816 570 2182 639 promissione
2215 579 2467 638 tanquam
2497 569 2678 639 dignis
2715 571 2898 637 datur,
2939 585 2993 627 et
3023 583 3170 628 stare
3196 575 3246 628 in
3281 591 3394 629 me-

1815 662 1905 718 dio
1932 677 2036 716 non
2068 661 2479 733 agnoscentium
2524 676 2674 715 eum.
2714 662 2850 716 Cum
2884 665 3028 718 enim
3062 666 3131 720 sit
3172 666 3225 718 in
3265 681 3390 734 pro-

1813 755 2071 810 missione
2104 755 2234 808 illnd
2276 773 2290 808 :
2325 753 2458 810 «Ubi
2491 755 2619 818 duo,
2649 756 2728 808 vel
2768 764 2879 810 tres
2911 757 3230 826 congregati
3267 758 3390 812 l'ue-

1814 847 1925 902 rint
1959 847 2014 902 in
2054 848 2280 901 nomine
2317 862 2459 912 meo,
2505 861 2608 914 ego
2650 849 2812 901 etiam
2873 849 2925 901 in
2975 850 3153 903 medio
3200 865 3388 904 eorum

1811 923 1969 1005 suin;
2006 956 2026 991 ι
2051 949 2105 994 et
2136 938 2266 992 illud
2301 957 2314 993 :
2349 937 2522 992 iEcce
2547 952 2646 1006 ego
2673 938 2953 993 vobiscum
2994 954 3110 993 sum
3139 941 3390 996 omnibus

1810 1031 2004 1088 diebus
2059 1048 2233 1101 usque
2270 1033 2336 1086 ad
2388 1031 2912 1087 consummationem
2949 1033 3164 1100 sazculi,
3196 1052 3214 1084 ι
3279 1048 3388 1088 non

1808 1122 2073 1193 ejusmodi
2099 1135 2181 1180 est
2206 1124 2334 1179 illud
2370 1143 2383 1179 :
2420 1144 2438 1176 ι
2469 1122 2527 1178 In
2555 1123 2730 1177 medio
2756 1124 2923 1178 vestri
2950 1133 3078 1188 stat,
3107 1140 3269 1194 quem
3293 1140 3389 1179 vos

1810 1213 2053 1270 nescitis.
2077 1232 2095 1263 ι
2123 1211 2354 1270 Proinde
2371 1213 2466 1284 qui
2485 1215 2699 1269 dixerat
2733 1232 2746 1268 :
2792 1215 2963 1270 «Ecce
2981 1231 3081 1287 ego
3109 1216 3387 1272 vobiscum

1809 1321 1951 1371 sum,
1987 1324 2006 1358 ι
2051 1307 2105 1362 in
2152 1308 2412 1376 praesenti
2441 1316 2700 1363 contextu
2736 1309 2912 1378 inquit
2937 1325 2988 1364 τι
3020 1312 3211 1366 Adhuc
3252 1326 3388 1381 pau-
3422 1348 3424 1350 τ

1809 1399 1974 1469 lisper
2006 1400 2291 1455 vobiscum
2320 1415 2462 1456 sum.
2493 1419 2513 1453 ι
2552 1398 2620 1455 Et
2646 1401 2738 1471 qui
2771 1401 2904 1457 dicit
2933 1420 2948 1457 :
2986 1420 3005 1455 ι
3037 1403 3229 1458 Adhuc
3257 1417 3389 1473 pau-

1806 1490 1974 1558 lisper
2017 1489 2294 1545 vobiscum
2351 1506 2546 1558 sum,»
2622 1491 3052 1562 haudquaquam
3125 1495 3386 1563 praesenti

1807 1581 2148 1638 sensibiliter
2200 1582 2395 1648 ludas,
2470 1584 2525 1639 in
2589 1584 2746 1653 cujus
2793 1601 2890 1641 cor
2937 1586 3048 1654 jam
3081 1587 3387 1642 immiserat

1807 1674 2076 1740 diabolus,
2119 1682 2179 1730 ut
2211 1678 2471 1744 proderet
2521 1676 2873 1734 Servi-storem
2899 1720 2914 1741 ,
2965 1680 3103 1756 dixit
3135 1697 3150 1734 :
3179 1678 3382 1735 Tecum

123 1767 245 1821 στοῦ
271 1768 411 1839 πρὸς
452 1768 688 1840 Βελίαρ;
732 1788 749 1821 ι
781 1769 844 1822 El
873 1770 964 1821 καὶ
1003 1769 1194 1841 μικρὸν
1221 1769 1278 1822 δὲ
1303 1768 1382 1822 ἑτι
1413 1767 1551 1839 μετὰ
1587 1791 1589 1802 λ

1918 1783 1948 1832 ι;
1982 1781 2089 1821 non
2123 1767 2356 1837 amplius
2391 1771 2534 1822 enim
2561 1778 2675 1824 erat
2711 1785 2834 1824 cum
2863 1769 2979 1839 ipso
3005 1811 3020 1833 ,
3057 1755 3179 1824 cum
3219 1771 3384 1824 intin-

119 1861 342 1914 τεκνίων
391 1860 613 1931 ἔμελλεν
649 1859 786 1914 εἶναι
818 1862 846 1914 6
877 1861 1059 1933 πατὴρ
1096 1861 1274 1916 αὐτῶν
1319 1860 1545 1932 Ἰησοῦς,
1588 1862 1693 1934 χρὴ

118 1951 312 2006 εἰδέναι
352 1954 416 2006 τὸ
469 1953 610 2024 μέγα
651 1971 672 2005 ι
715 1954 774 2006 τὸ
805 1955 996 2026 μικρὸν
1031 1973 1050 2005 ι
1082 1955 1277 2019 ἐκεῖνο,
1312 1955 1361 2008 εἰ
1389 1954 1481 2007 καὶ
1523 1954 1596 2033 μῂ
1626 1950 1693 2025 ἦν

122 2046 235 2111 μετ’
266 2044 469 2107 αὐτῶν,
501 2045 654 2097 οὐδὲν
679 2038 837 2115 ἦττον
871 2045 1068 2097 ἐκεῖνοι
1096 2044 1278 2115 ζητεῖν
1333 2043 1555 2115 ἔμελλον
1602 2045 1692 2098 τὸν

129 2133 352 2203 Ἰησοῦνο
413 2135 489 2198 ὡς
517 2137 546 2188 6
586 2135 790 2207 Πέτρος
835 2135 970 2205 μετὰ
996 2135 1057 2187 τὸ
1094 2135 1433 2206 ἀρνήσασθαι
1480 2135 1694 2208 πικρῶς

117 2227 348 2290 ἔκλαιεν,
377 2225 553 2298 οἶμαι,
593 2225 768 2296 ζητῶν
810 2227 898 2279 τὸν
943 2225 1172 2297 Ἰησοῦν.
1205 2224 1316 2278 Νῦν
1364 2226 1462 2296 μὲν
1489 2222 1582 2279 οῦν
1609 2226 1688 2279 τό·

122 2337 139 2369 ι
177 2317 295 2371 Ἔτι
335 2319 530 2390 μικρὸν
571 2317 686 2388 μεθ’
724 2317 878 2389 ὑμῶν
910 2320 1046 2389 εἰμι,
1086 2337 1104 2370 ι
1149 2317 1416 2372 λέλεκταιο
1441 2317 1606 2390 ὀλίγῳ
1634 2318 1691 2371 δὲ

118 2409 360 2482 ὓστερον,
401 2430 420 2461 ‹
465 2411 696 2480 Μικρὸν,
735 2412 888 2481 φησὶ,
920 2411 1014 2464 καὶ
1043 2412 1145 2464 οὐκ
1179 2410 1258 2463 ἔτι
1302 2410 1556 2482 Θεωρεῖτε
1599 2428 1688 2482 με·

116 2503 204 2555 καὶ
236 2503 398 2556 πάλιν
429 2503 620 2574 μικρὸν
644 2503 838 2573 ὄψεσθέ
877 2520 966 2574 με’
1002 2523 1020 2555 ι
1050 2505 1138 2558 ὅτε
1158 2503 1424 2572 λεγόντων
1452 2504 1560 2556 τῶν
1588 2521 1692 2575 μα-

116 2593 302 2664 θητῶν·
330 2614 348 2646 ‹
384 2595 451 2647 Τί
488 2598 603 2649 ἑστι
633 2595 790 2655 τοῦτο
819 2595 848 2649 6
879 2595 1046 2665 λέγει,
1086 2597 1312 2668 μικρόν;
1338 2598 1439 2650 οὐκ
1472 2596 1690 2668 οἴδαμεν

114 2685 164 2740 τι
193 2685 359 2740 λαλεῖ·
397 2687 557 2754 γνοὺς
591 2689 620 2738 6
667 2687 869 2760 Ἰησοῦς
907 2688 1000 2742 καὶ
1026 2689 1106 2742 ὃτι
1137 2687 1326 2760 ἤθελον
1357 2689 1518 2742 αὐτὸν
1548 2689 1687 2760 ἑρω-

115 2779 226 2848 τᾷν,
257 2773 412 2831 εἶπεν
434 2779 634 2842 αὐτοῖς·
670 2781 806 2852 Περὶ
836 2780 1020 2834 τούτου
1043 2780 1253 2852 ζητεῖτε
1283 2785 1400 2851 μετ’
1421 2780 1685 2851 ἀλλήλων,

114 2869 188 2922 ὃτι
216 2865 385 2936 εἶπον,
421 2871 637 2942 μικρὸν,
668 2873 762 2924 καὶ
790 2873 851 2925 οὺ
882 2872 1134 2944 θεωρεῖτέ
1176 2873 1385 2943 με’-καὶ
1408 2873 1568 2926 πάλιν
1600 2892 1688 2944 μι-

115 2961 254 3034 κρὸν,
300 2965 399 3016 καὶ
441 2963 636 3033 ὄψεσθέ
689 2982 776 3034 με·
815 2965 1004 3036 Ἀμὴν,
1039 2966 1184 3037 ἀμὴν
1223 2966 1364 3037 λέγω
1402 2970 1550 3039 ὑμῖν,
1605 2971 1686 3022 ὅτι

113 3052 387 3118 κλαύσετε,
426 3055 521 3106 καὶ
550 3053 845 3124 θρηνήσετε
870 3057 1046 3126 ὑμεῖς’
1083 3059 1110 3110 6
1135 3057 1340 3128 κόσμος
1367 3059 1422 3111 δὲ
1452 3061 1686 3131 χαρήσε-

1801 1867 1944 1912 ctam
2007 1857 2227 1913 ollulam
2277 1859 2377 1927 ipsi
2419 1863 2745 1931 porrigeret.
2815 1861 3041 1928 Quando
3083 1877 3212 1917 vero
3262 1872 3382 1932 post

1802 1949 2023 2005 offulam
2052 1950 2329 2021 ingressus
2352 1961 2434 2007 est
2458 1953 2509 2007 in
2529 1951 2722 2006 Judam
2753 1952 3001 2017 Satanas,
3021 1954 3188 2007 multo
3204 1960 3383 2009 minus

1799 2051 1921 2097 erat
1962 2058 2085 2098 cum
2121 2043 2213 2099 illo
2242 2042 2435 2111 Jesus,
2483 2044 2785 2100 abducente
2813 2045 3000 2114 procul
3057 2047 3295 2114 seipsum
3347 2060 3381 2100 a

1801 2133 2134 2202 Servatore;
2177 2137 2347 2203 «Quae
2390 2137 2535 2191 enim
2591 2135 2976 2193 convenientia
3015 2137 3216 2193 Christi
3257 2152 3377 2192 cum

1800 2227 1980 2281 Beliar
2006 2226 2027 2258 δ
2052 2227 2102 2280 τι
2139 2227 2399 2295 Quamvis
2438 2239 2681 2285 attamen
2729 2231 2906 2285 adhuc
2937 2230 3211 2300 paulisper
3251 2245 3378 2285 cum

1800 2319 1979 2376 liliolis
2009 2318 2226 2376 futurus
2260 2330 2407 2376 esset
2435 2318 2617 2388 Jesus,
2654 2323 2898 2391 ipsorum
2928 2333 3102 2391 pater,
3137 2322 3378 2377 sciamus

1798 2421 2013 2481 oportet
2059 2411 2193 2466 illud
2256 2429 2274 2462 ι
2311 2411 2654 2482 paulisper,»
2709 2428 2958 2484 magnum
3021 2427 3160 2468 esse.
3239 2413 3375 2467 Nam

1796 2504 2010 2559 etiamsi
2043 2519 2166 2558 cum
2195 2503 2302 2558 illis
2328 2518 2436 2558 non
2466 2513 2586 2558 erat
2614 2501 2771 2559 Jesus
2791 2549 2804 2572 ,
2840 2505 3196 2560 nihilominus
3222 2521 3373 2575 quat--

1797 2597 1955 2651 situri
2007 2605 2169 2651 erant
2221 2595 2447 2660 Jesum;
2500 2598 2955 2664 quemadmodum
3006 2596 3200 2651 Petrus
3253 2607 3375 2666 post

1797 2689 2141 2759 negationem
2170 2703 2359 2742 amare
2386 2687 2555 2754 ﬂevit,
2593 2705 2863 2758 qumrens,
2910 2690 3125 2758 opinor,
3164 2689 3372 2746 Jesum.

1797 2780 1954 2835 Nunc
1981 2781 2152 2851 igitur
2177 2780 2308 2834 illud
2342 2797 2356 2834 :
2404 2799 2421 2830 ι
2453 2779 2650 2846 Filioli,
2682 2781 2858 2835 adhuc
2884 2781 3157 2851 paulisper
3188 2783 3374 2836 vobis-

1795 2888 1917 2928 cum
1973 2887 2090 2926 sum
2123 2890 2142 2922 ι
2194 2871 2396 2925 dictum
2459 2882 2588 2926 est:
2625 2873 2784 2938 paulo
2838 2884 3021 2927 autem
3068 2887 3190 2942 post
3235 2875 3312 2928 ait
3353 2892 3369 2929 :

1799 2981 1819 3016 ι
1851 2963 2136 3028 Pusdlum,
2197 2972 2252 3019 el
2302 2964 2415 3032 jam
2468 2979 2574 3018 non
2615 2965 2869 3018 videbitis
2914 2980 3030 3030 me;
3069 2974 3126 3018 et
3171 2966 3370 3020 iterum

1795 3057 2050 3127 pusillum
2080 3096 2096 3120 ,
2157 3063 2213 3110 et
2255 3056 2512 3111 videbitis
2564 3071 2695 3111 me:
2736 3076 2753 3108 ι
2782 3062 3000 3127 quando
3058 3060 3371 3114 dicentibus

112 3157 212 3194 ται·
234 3143 393 3213 ὑμεῖς
416 3142 473 3195 δὲ
503 3142 901 3214 λυπηθήσεσθε,
924 3145 1038 3199 ἀλλ’
1069 3149 1101 3218 ἡ
1127 3126 1269 3218 λύπη
1306 3126 1570 3218 ὑμῶννείς

2011 3149 2122 3203 lis:
2166 3147 2354 3213 (Quid
2393 3147 2648 3209 esthoc,
2696 3126 2838 3215 quod
2885 3147 3036 3212 dicit,
3065 3148 3370 3204 Pusillum?
3461 3189 3469 3195 .

116 3233 204 3304 ραν
234 3236 541 3304 γενήσεται·
589 3253 606 3285 ι
653 3235 715 3287 τὸ
763 3235 869 3306 γὰρ
923 3238 1116 3309 μικρὸν
1146 3241 1341 3307 ἐκεῖνο,
1393 3242 1450 3294 ἑν
1498 3235 1543 3310 ᾧ
1585 3244 1684 3296 οὐκ

112 3322 365 3395 ἐθεώρουν
408 3324 602 3392 αὐτὸν,
646 3326 870 3396 ἐζήτουν
925 3328 1148 3398 Ἰησοῦνο
1194 3331 1272 3383 διὸ
1314 3331 1545 3396 ἔκλαιον,
1590 3334 1684 3387 καὶ

115 3413 382 3486 ἐθρήνουν,
413 3416 516 3485 τῆς
546 3416 723 3488 λύπης
769 3418 944 3471 αὐτῶν
995 3422 1073 3483 εἰς
1112 3422 1284 3492 χαρὰν
1317 3424 1682 3493 μεταϐαλλού-

113 3523 225 3578 σης,
254 3511 338 3562 ὅτε
373 3509 675 3582 ἐπληροῦτο
701 3511 778 3563 τό·
820 3531 838 3561 ι
877 3515 989 3566 Καὶ
1021 3515 1178 3568 πάλιν
1211 3515 1424 3587 μικρὸν,
1446 3517 1538 3570 καὶ
1559 3517 1682 3586 ὄψε-

113 3597 200 3650 σθέ
225 3616 308 3668 με.
341 3619 359 3650 ι
411 3601 501 3652 Ἐν
525 3595 604 3664 οἷς
635 3601 908 3667 ἐξετάσεις
932 3607 979 3656 εἰ
1003 3607 1030 3656 6
1065 3604 1202 3674 μετὰ
1230 3607 1425 3677 μικρὸν
1458 3607 1532 3678 μὴ
1557 3607 1682 3661 θεω-

114 3688 214 3760 ρῶν
237 3691 417 3759 αύτόν,
450 3694 496 3744 εί
533 3693 714 3762 μέλλει
755 3694 893 3765 μετὰ
915 3695 1071 3748 τοῦτο
1097 3696 1319 3765 ὄψεσθαι
1350 3698 1532 3762 αὑτὸν,
1564 3701 1679 3770 μετ’

110 3782 167 3835 οὐ
209 3783 336 3837 πολὺ
364 3787 584 3848 πάντως
627 3785 816 3856 ὄψεται
866 3789 1047 3852 αὑτὸν,
1101 3790 1363 3842 νοούντων
1408 3791 1562 3861 ἡμῶν
1595 3793 1674 3845 τό·

116 3890 135 3926 t
173 3875 277 3929 Kal.
305 3879 469 3932 πάλιν
505 3881 717 3952 μικρὸν,
755 3881 849 3933 καὶ
883 3881 1078 3950 ὄψεσθέ
1109 3899 1198 3952 με.
1241 3901 1258 3933 ι
1297 3883 1370 3935 Τὸ
1398 3882 1453 3935 δὲ
1495 3883 1678 3953 ζητεῖν

110 3968 193 4022 τὸν
216 3971 418 4041 Ἰησοῦν
448 3973 630 4042 ζητεῖν
658 3975 771 4025 ἑστι
798 3973 1079 4041 τὸνλόγον,
1113 3975 1205 4027 καὶ
1230 3973 1328 4044 τὴν
1355 3975 1565 4043 σοφίαν,
1585 3976 1679 4029 καὶ

111 4061 199 4132 τὴν
225 4063 588 4136 δικαιοσύνην,
632 4066 732 4118 καὶ
751 4065 849 4136 τὴν
877 4065 1154 4136 ἀλήθειαν,
1190 4067 1283 4120 καὶ
1312 4068 1408 4140 τὴν
1451 4069 1677 4140 δύναμιν

113 4154 197 4206 τοῦ
222 4157 371 4219 Θεοῦ,
398 4158 542 4229 ειπερ
577 4159 753 4212 πάντα
791 4160 938 4212 ἐστὶν
963 4162 990 4213 6
1017 4162 1266 4232 Χριστός.
1295 4163 1448 4226 Τινὲς
1476 4162 1533 4216 δὲ
1582 4163 1678 4234 ξη-

111 4243 278 4297 τοῦσιν
323 4247 486 4299 αὑτὸν
531 4248 636 4301 τῶν
676 4252 996 4322 ἑωρακότων
1035 4255 1254 4323 σημεῖα,
1305 4255 1400 4306 καὶ
1451 4255 1546 4308 σὺν
1598 4255 1676 4326 τῷ

113 4334 397 4405 ἑωρακέναι
436 4340 706 4396 λαϐόντων
725 4343 817 4395 ἀπ’
842 4345 1005 4398 αὐτοῦ
1034 4345 1214 4415 ἄρτον,
1246 4347 1341 4399 καὶ
1374 4347 1673 4416 φαγόντων,

113 4426 270 4479 αἰτίου
307 4429 400 4482 τοῦ
436 4429 618 4502 ζητεῖν
651 4433 833 4496 αὐτοῖς
883 4436 1174 4505 γενομένου
1228 4436 1322 4490 τοῦ
1377 4436 1672 4508 τεθράφθαι

114 4515 210 4570 ἀπὸ
239 4519 328 4573 τοῦ
362 4523 556 4591 Λόγου⁸
598 4541 616 4573 ι
657 4525 877 4594 Ζητεῖτε
922 4528 1030 4597 γάρ
1071 4544 1160 4598 με,
1208 4530 1392 4598 φησὶν,
1439 4531 1537 4600 οὐχ
1592 4531 1672 4582 ὅτι

113 4607 265 4664 εἴδετε
294 4619 511 4686 σημεῖα,
546 4615 660 4670 ἀλλ’
703 4617 785 4670 ὅτι
823 4619 1054 4688 ἑφάγετε
1083 4622 1146 4674 ἑκ
1191 4621 1299 4675 τῶν
1337 4623 1536 4694 ἄρτων,
1581 4625 1674 4677 καὶ

116 4700 481 4779 ἐχορτάσθητε.
518 4729 536 4762 ι
576 4706 709 4763 Εἶτα
752 4711 876 4764 ἑπεὶ
931 4713 1195 4783 πρότερον
1237 4718 1350 4779 τοῖς
1400 4716 1676 4781 Ἰουδαίοις

115 4793 328 4866 εἰρήκει·
361 4819 379 4849 ε
418 4801 561 4870 Ἐγὼ
588 4802 803 4872 ὑπάγω,
823 4805 918 4858 καὶ
950 4804 1214 4877 ζητήσετέ
1255 4825 1342 4878 με,
1369 4810 1462 4862 καὶ
1490 4813 1547 4862 ἑν
1604 4814 1671 4881 τῇ

115 4883 341 4962 ἁμαρτίᾳ
370 4893 522 4962 ὑμῶν
549 4895 925 4959 ἀποθανεῖσθε,
951 4917 970 4949 ι
1007 4899 1120 4963 καὶ,
1154 4917 1171 4948 ι
1211 4901 1383 4954 Ὅπου
1408 4901 1517 4970 ἑγὼ
1545 4903 1676 4955 ὑπά-

115 4993 206 5047 γω,
234 4982 387 5052 ὑμεῖς
414 4987 472 5038 οὐ
505 4986 729 5041 δύνασθε
769 4988 963 5055 ἐλθεῖν,
1008 5009 1028 5042 ι
1067 4993 1155 5043 ἐπ’
1190 4993 1366 5046 ἐκεῖνο
1386 4995 1673 5065 ἀναφέρων

115 5070 168 5121 τὸ
195 5077 543 5148 προκείμενόν
581 5098 734 5150 φησιο
769 5101 787 5133 ι
829 5083 938 5136 Καὶ
980 5083 1162 5148 καθὼς
1210 5081 1361 5138 εἶπον
1392 5088 1503 5148 τοῖς
1536 5088 1672 5139 Ἰου-

113 5157 282 5227 δαίοις,
375 5168 455 5220 ὅτι
545 5171 718 5224 Ὅπου
759 5171 870 5241 ἑγὼ
915 5173 1132 5243 ὑπάγω,
1166 5177 1323 5246 ὑμεῖς
1350 5177 1410 5229 οὐ
1444 5176 1670 5230 δύνασθε

115 5248 291 5317 ἐλθεῖν,
322 5259 414 5310 καὶ
447 5259 573 5330 ὑμῖν
599 5262 743 5332 λέγω
767 5263 912 5335 ἄρτι·
958 5284 976 5316 ι
999 5268 1074 5331 ὼς
1103 5267 1210 5340 γὰρ
1230 5267 1478 5331 ἐκείνοις.
1515 5269 1668 5339 φησὶ,

114 5341 244 5394 τοῦτ’
273 5342 438 5414 εἷπον,
469 5352 610 5407 οὕτω
633 5356 726 5408 καὶ⁸
761 5356 790 5408 ὑ
799 5359 910 5426 μῖνο
940 5357 1075 5412 ἀλλὰ
1105 5361 1199 5412 καὶ
1241 5360 1368 5430 ὑμῖν
1396 5361 1554 5414 τοῦτο
1581 5363 1670 5414 λέ-

116 5443 209 5496 γω,
238 5437 295 5488 ού
328 5443 456 5513 περὶ
492 5445 737 5511 πλείονος
767 5449 978 5519 χρόνον
1013 5450 1153 5504 οὕτω
1191 5451 1300 5524 γὰρ
1331 5453 1513 5506 ἀκούω
1551 5454 1668 5506 τοῦθ

1792 3242 2070 3296 nescimus
2126 3243 2256 3310 quid
2309 3240 2586 3309 loquatur,
2638 3255 2759 3293 cum
2803 3240 3157 3296 intellexisset
3210 3241 3370 3298 Jesus

1789 3327 1916 3397 quia
1971 3328 2175 3383 vellent
2225 3342 2348 3382 eum
2398 3327 2756 3397 interrogare,
2787 3329 2922 3382 dixit
2967 3331 3073 3385 illis
3101 3349 3116 3386 :
3146 3331 3222 3384 De
3265 3332 3370 3388 hoc

1790 3419 2031 3486 quaeritis
2077 3421 2218 3474 inter
2256 3433 2350 3473 vos
2374 3459 2416 3486 ,.
2441 3420 2587 3486 quod
2623 3419 2732 3472 dixi
2764 3433 2779 3472 :
2808 3419 3094 3484 Pusillum,
3144 3430 3200 3476 et
3255 3437 3365 3476 non

1789 3511 2046 3566 videbitis
2083 3526 2212 3576 me;
2246 3522 2302 3566 et
2339 3513 2533 3566 iterum
2558 3512 2834 3581 pusillutn,
2862 3521 2918 3565 et
2946 3515 3194 3567 videbitis
3235 3530 3362 3568 tua:

1786 3605 1979 3671 Amen,
2015 3620 2172 3657 amen
2193 3605 2311 3658 dico
2333 3604 2485 3658 vobis
2514 3622 2528 3658 :
2563 3603 2872 3671 l’lorabitis,
2900 3603 3064 3676 454
3085 3616 3138 3660 et
3161 3607 3367 3662 lamen-

1788 3697 2035 3752 tabimini
2067 3712 2197 3761 vos;
2234 3698 2469 3752 mundus
2516 3709 2698 3752 autem
2733 3699 3021 3768 gaudebit;
3056 3716 3152 3754 vos
3179 3714 3360 3755 autem

1787 3805 2024 3846 maerore
2053 3789 2384 3858 alliciemini,
2430 3791 2525 3844 sed
2571 3803 2782 3843 mceror
2813 3800 2992 3844 vester
3024 3802 3266 3846 vertetur
3306 3795 3360 3847 iu

1785 3883 2042 3953 gaudium
2066 3879 2148 3933 ⁵-⁸.
2179 3901 2197 3933 ι
2226 3881 2322 3936 lllo
2367 3881 2511 3937 enim
2566 3881 2759 3950 pusillo
2794 3890 3070 3950 tempore,
3111 3900 3218 3952 quo
3251 3901 3359 3938 non

1785 3976 2041 4030 videbant
2070 3989 2219 4040 eum,
2251 3977 2568 4043 quaerebant
2611 3973 2818 4029 Jesum.
2875 3974 3138 4041 Quocirca
3181 3975 3360 4045 plora-

1783 4069 1934 4132 bant,
1982 4077 2037 4122 et
2086 4067 2567 4132 lamentabantur,
2610 4067 2703 4122 sed
2739 4081 2981 4121 mmrore
3029 4076 3391 4123 commutato.

1785 4160 1894 4215 illis
1926 4161 1976 4213 iu
2007 4161 2288 4230 gaudium,
2317 4160 2790 4230 implebaturtuuc
2822 4160 2951 4213 illud
2989 4178 3003 4214 :
3040 4159 3136 4214 «Et
3159 4161 3356 4214 iterum

1783 4255 2063 4324 pusillum,
2099 4261 2155 4308 et
2178 4253 2434 4309 videbitis
2459 4270 2570 4309 me.
2616 4271 2634 4302 ι
2687 4253 2744 4308 ln
2772 4255 2973 4324 quibus
2995 4254 3262 4324 disquires
3286 4270 3357 4310 an

1786 4348 1832 4402 is
1855 4348 1946 4417 qui
1977 4357 2099 4417 post
2122 4347 2381 4417 pusillum
2428 4348 2602 4417 ipsum
2630 4348 2849 4403 visurus
2881 4363 2985 4403 non
3017 4357 3122 4412 est,
3153 4349 3198 4401 si
3231 4348 3358 4418 qui-

1783 4439 1904 4493 dem
1929 4449 2116 4508 postea
2145 4439 2294 4493 illum
2324 4439 2538 4493 visurus
2559 4447 2664 4503 est,
2689 4449 2810 4509 post
2851 4449 3064 4510 tempus
3102 4454 3208 4494 non
3235 4441 3355 4494 lou-

1777 4548 1904 4602 gum
1938 4533 2112 4601 ipsum
2167 4531 2394 4588 omnino
2445 4531 2662 4586 visurus
2714 4533 2828 4599 sit;
2879 4533 3355 4589 considerantibus

1775 4624 1934 4680 nobis
1980 4625 2136 4678 illud:
2165 4641 2184 4674 ‹
2218 4623 2283 4677 Ει
2325 4624 2520 4678 iterum
2550 4622 3172 4692 pusillum,etvidebitis
3187 4635 3293 4676 me.
3320 4640 3338 4672 ι

1775 4715 2045 4771 Caeterum
2075 4731 2325 4785 quaarere
2353 4714 2538 4770 Jesum
2565 4751 2581 4780 ,
2627 4725 2712 4770 est
2745 4729 2988 4784 quaerere
3023 4730 3352 4780 sermonem,

1775 4809 2124 4879 sapientiam,
2149 4809 2420 4877 justitiam
2454 4852 2468 4875 ,
2513 4809 2795 4861 veritatem
2827 4816 2882 4860 et
2902 4808 3198 4875 potentiam
3234 4807 3348 4875 Dei,

1777 4917 1896 4971 quae
1921 4901 2105 4956 omnia
2132 4911 2217 4956 est
2243 4902 2512 4957 Christus.
2541 4901 2800 4968 Quaerunt
2831 4915 2958 4953 vero
2981 4901 3201 4969 quidam
3225 4915 3348 4954 eum

1780 5009 1845 5047 ex
1878 4994 1962 5049 his
1991 4993 2083 5064 qui
2116 4995 2268 5065 signa
2299 4995 2557 5048 viderunt
2585 5028 2608 5058 ,ι
2628 4994 2831 5061 quique
2864 5008 2986 5046 cum
3016 4995 3134 5062 ipso
3166 4994 3350 5047 videre

1774 5098 2125 5158 sumpserunt
2156 5089 2224 5143 ab
2242 5104 2307 5142 eo
2328 5103 2545 5158 panem,
2579 5096 2633 5143 et
2664 5087 2994 5142 comedunt:
3021 5089 3352 5142 habentibus

1775 5180 1881 5234 illis
1910 5182 2186 5250 quwreudi
2223 5195 2482 5247 causam,
2541 5195 2606 5234 eo
2669 5183 2813 5250 quod
2853 5181 3041 5234 nutriti
3084 5180 3287 5233 fuerint
3317 5195 3350 5234 a

1775 5271 1934 5341 Λόγῳ
1983 5283 2038 5328 et
2072 5273 2214 5330 Filio
2251 5274 2383 5328 Dei:
2422 5290 2441 5324 ι
2475 5273 2730 5340 Quatritis
2782 5274 2928 5330 enim
2988 5291 3093 5336 me,
3150 5273 3348 5341 inquit,

1775 5381 1879 5419 non
1923 5367 2046 5436 quia
2086 5370 2238 5440 signa
2271 5370 2542 5437 videritis,
2585 5374 2681 5426 sed
2723 5373 2848 5441 quia
2883 5371 3233 5426 comederitis
3279 5386 3347 5425 ex

1777 5460 2026 5532 panibus,
2065 5470 2119 5519 et
2147 5464 2374 5520 saturati
2409 5465 2532 5522 sitis
2554 5466 2597 5521 ".
2627 5483 2647 5518 ι
2687 5467 2890 5522 Deinde
2911 5465 3163 5545 quoniam
3187 5474 3349 5520 antea

182 5573 202 5602 ⁵
227 5573 269 5627 ll
293 5579 414 5632 Cor.
443 5597 518 5648 νι,
555 5584 640 5638 15.
715 5586 780 5625 ³-⁶
809 5585 964 5640 Joan.
990 5603 1101 5652 xw,
1130 5588 1306 5644 16-20.
1380 5591 1400 5623 "
1433 5591 1586 5647 Joan.
1624 5611 1696 5662 γι,
1719 5594 1799 5650 ρο.

185 5709 288 5778 (52)
319 5715 492 5773 Codex
525 5718 743 5788 Regius,
775 5723 932 5789 male,
973 5725 1089 5792 μετ’
1116 5725 1295 5781 αὐτοῦ.
