3712 6138
316 227 422 281 897

1755 226 2079 282 ORIGENIS

3459 231 3562 286 823

313 340 511 396 Judazis
533 341 746 397 dixerat
773 360 787 394 :
819 358 840 392 ‹
871 339 984 409 Ego
1007 340 1168 406 vado,
1203 349 1258 396 et
1285 342 1540 410 quairetis
1569 358 1655 397 me
1675 381 1690 407 ,
1728 352 1784 398 et
1827 344 1880 396 in

2079 345 2153 396 Lat
2191 345 2317 414 ὑμῖν
2364 344 2505 413 λέγω
2544 344 2690 416 ἁρτι,
2727 364 2748 396 ι
2783 345 2919 414 ὅπερ
2947 344 3048 398 οὑκ
3088 345 3202 399 ἔστι
3247 352 3440 404 ταὺτδν
3470 355 3565 424 τῷ·

316 444 540 502 peccato
571 443 752 487 vestro
783 433 1096 488 moriemini
1138 432 1224 500 9;»
1260 443 1350 488 et:
1378 452 1397 484 ‹
1420 434 1537 501 Quo
1576 451 1677 505 ego
1714 436 1851 489 vado
1877 477 1892 501 ,

314 540 413 580 vos
456 541 561 579 non
589 526 813 594 potestis
845 525 1072 591 venire;
1106 545 1125 578 ι
1166 527 1234 580 ad
1275 527 1406 581 illud
1451 526 1695 582 referens
1742 527 1796 582 id
1833 529 1900 581 de

316 635 426 688 quo
459 619 708 686 agimus,
759 619 979 687 inquit:
1019 636 1039 670 ι
1074 619 1138 673 Ει
1161 618 1303 673 sicut
1338 619 1452 673 dixi
1506 618 1710 675 Judxeis
1744 618 1900 686 :Quo

316 725 418 779 ego
449 711 608 774 abeo,
645 725 739 764 vos
769 725 876 764 non
914 711 1142 778 potestis
1171 713 1393 777 venire;
1442 712 1515 765 ita
1545 712 1710 766 etiam
1739 712 1901 768 vobis

317 802 438 856 dico
469 818 613 856 nunc
642 803 686 854 ⁹.
722 821 740 852 ›
779 801 849 856 Ut
881 803 1026 856 enim
1076 802 1208 866 illis,
1259 801 1453 872 inquit,
1490 802 1593 856 hoc
1629 802 1761 866 dixi,
1819 803 1901 858 sic

317 894 480 948 etiam
541 893 728 957 vobis;
781 893 877 946 sed
925 893 1081 948 vobis
1129 892 1296 946 etiam
1359 893 1463 947 hoc
1517 893 1638 947 dico
1684 908 1790 948 non
1831 895 1899 949 de

319 987 489 1041 multo
517 996 776 1055 tempore.
811 986 902 1041 Sic
929 987 1074 1040 enim
1101 1001 1202 1056 ego
1224 986 1462 1057 intelligo
1494 986 1622 1041 illud
1647 1027 1663 1051 ,
1701 987 1895 1042 «etiam

321 1079 473 1132 vobis
495 1078 614 1132 dico
639 1094 832 1144 nunc,»
860 1094 981 1146 qua:
1017 1095 1122 1132 non
1151 1079 1292 1133 idem
1320 1091 1518 1133 sonant
1549 1095 1610 1133 ac
1644 1079 1688 1132 si
1722 1080 1896 1132 dixis-

321 1181 436 1224 set:
466 1169 530 1223 Et
563 1170 717 1225 vobis
749 1171 888 1231 dico,
911 1172 1113 1240 absque
1139 1171 1415 1227 additione
1437 1171 1707 1236 vocabuli,
1735 1187 1892 1225 nunc.

319 1258 490 1316 Judaei
517 1262 681 1327 enim,
716 1278 855 1333 quos
887 1264 1216 1332 praeviderat
1255 1265 1550 1318 morituros
1586 1263 1639 1316 in
1671 1273 1898 1332 peccato

322 1369 440 1416 suo,
483 1354 564 1409 ire
598 1369 702 1409 non
747 1363 1029 1423 poterant,
1081 1371 1180 1410 nec
1209 1355 1275 1409 ad
1305 1354 1469 1410 breve
1515 1363 1730 1424 tempus
1785 1369 1894 1424 quo

324 1447 508 1502 abibat
537 1445 738 1515 Jesus;
780 1458 839 1502 at
864 1462 994 1502 vero
1028 1447 1280 1516 discipuli
1313 1456 1437 1518 post
1478 1447 1612 1502 illud
1641 1446 1893 1517 pusillum

325 1549 556 1610 tempus,
588 1541 645 1595 in
673 1556 781 1611 quo
808 1555 916 1596 non
946 1539 1177 1609 amplius
1221 1541 1438 1596 futurus
1465 1547 1586 1596 erat
1625 1554 1749 1594 cum
1790 1541 1891 1602 eis.

321 1642 543 1702 propter
583 1649 648 1688 ea
679 1649 800 1704 quae
847 1633 1097 1703 superius
1127 1633 1365 1689 diximus
1388 1673 1407 1701 ,
1457 1639 1712 1701 poterant
1739 1631 1892 1700 sequi

2002 437 2112 490 Καὶ
2140 439 2267 507 ὑμῖν
2295 439 2456 507 λέγω,
2502 441 2667 510 χωρὶς
2716 439 3032 511 προσθήκης
3071 441 3192 509 τῆς,
3234 443 3384 511 ἄρτι·
3437 447 3568 500 Ἰου-

2000 527 2135 581 δαῖοι
2165 530 2260 600 μὲν
2280 530 2385 601 γὰρ
2401 529 2495 594 οὓς
2527 531 2859 601 πρσέὂλεπεν
2891 535 2947 585 ἐν
2971 534 3037 602 τῇ
3084 533 3290 587 ἑαυτῶν
3323 537 3570 610 ἁμαρτίᾳ

2000 621 2475 693 ἀποθανουμένους
2524 623 2624 676 οὑκ
2667 625 2757 676 ἐπὶ
2809 624 3204 695 βραχυνόμενον
3253 627 3445 698 χρόνον
3475 631 3568 683 οὑκ

2000 713 2250 768 ἐδύναντο
2290 715 2465 784 ἥκειν,
2507 715 2638 768 ὅπου
2673 715 2880 783 ὑπῆγεν
2908 718 2936 768 ὁ
2971 715 3194 784 Ἰησοῦς·
3227 719 3276 769 οἱ
3309 717 3368 769 δέ
3401 719 3570 790 μαθη-

1997 803 2110 865 ταὶ,
2145 803 2261 874 μεθ’
2299 796 2374 856 ὧν
2413 803 2604 873 ἔμελλε
2652 803 2845 874 μικρὸν
2881 804 3069 875 χρόνον
3121 805 3318 874 μηκέτι
3355 805 3570 859 ἔσεσθαι

2003 892 2118 962 μετ’
2159 892 2358 956 αὑτῶν,
2412 893 2498 946 διὰ
2529 893 2596 946 τά
2639 893 3009 964 προειρημένα
3046 894 3146 947 οὑκ
3178 892 3435 947 ἐδύναντο
3463 896 3566 967 (55)

1997 983 2222 1038 ἕπεσθαι
2277 987 2353 1055 τῷ
2395 985 2550 1055 Λόγῳ
2588 979 2801 1040 ἀπιόντι
2851 987 2942 1039 ἐπὶ
2994 985 3092 1049 τὰς
3136 986 3331 1046 ἑαυτοῦ
3369 989 3568 1042 οίκονο-

2002 1079 2150 1148 μίας.
2199 1080 2306 1131 Καὶ
2355 1079 2401 1130 εί
2454 1077 2528 1148 μὴ
2569 1079 2929 1148 προετέτακτο
2982 1079 3098 1132 τοῦθ
3164 1100 3184 1132 ι
3234 1082 3410 1134 Ὅπου
3462 1080 3568 1148 ἐγὼ

1997 1167 2214 1235 ὑπάγω,
2283 1167 2438 1238 ὑμεῖς
2478 1170 2539 1221 οὑ
2587 1169 2812 1223 δύνασθε
2865 1169 3059 1235 ἐλθεῖν,
3107 1189 3126 1222 ι
3170 1171 3250 1224 τό·
3303 1192 3323 1224 ι
3371 1171 3568 1236 Καθὼς

1996 1255 2148 1314 εἷπον
2181 1261 2290 1332 (54)
2318 1264 2432 1325 τοῖς
2469 1262 2756 1326 Ἰουδαίοις,
2786 1283 2804 1314 ι
2839 1263 2940 1316 κᾶν
2959 1261 3320 1335 ἁπλούστερον
3351 1265 3569 1318 ἐδόκουν

1999 1352 2095 1422 μὲν
2123 1351 2295 1406 ταῦτα
2331 1353 2601 1425 εἰρῆσθαι,
2645 1355 3024 1426 ἀναφερόμενα
3069 1355 3160 1407 ἐπὶ
3193 1357 3292 1427 τὴν
3328 1357 3441 1409 ἀπὸ
3477 1355 3569 1410 τοῦ

1997 1443 2113 1514 βίου
2146 1445 2319 1510 ἔξοδον
2351 1445 2452 1515 τῆς
2493 1446 2667 1517 Ἰησοῦ
2701 1446 2878 1517 ψυχῆς
2915 1447 3030 1500 νῦν.
3059 1449 3121 1500 Εἰ
3153 1448 3209 1500 δέ
3240 1450 3334 1500 καὶ
3365 1451 3414 1502 οἱ
3443 1448 3569 1502 Ἰου-

1994 1536 2130 1591 δαῖοι
2167 1538 2528 1610 ἀποθνήσκειν
2551 1539 2793 1610 ἔμελλον,
2832 1540 2926 1594 καὶ
2957 1543 2985 1593 ό
3021 1540 3227 1611 Ἰησοῦς
3259 1540 3566 1608 ἀποθανὼν,

1993 1627 2088 1681 καὶ
2110 1628 2451 1682 καταϐαίνων
2608 1633 2686 1693 είς
2707 1629 2854 1701 ᾅδου,
2879 1631 2997 1694 πῶς
3011 1631 3141 1684 ὅπου
3165 1631 3420 1702 όΊησοῦς

325 1723 644 1779 Sermonem
671 1726 959 1782 abeuntem
991 1726 1057 1780 ad
1083 1739 1211 1780 suas
1238 1725 1406 1794 ipsius
1434 1723 1893 1794 dispensationes.

2079 1740 2112 1786 ι,
2156 1724 2350 1778 ἐκεῖνοι
2397 1723 2499 1777 οὑκ
2543 1723 2792 1777 ἐδύναντο
2825 1723 3107 1788 ἀπελθεῖν;
3142 1723 3283 1777 Ἀλλ’
3318 1727 3440 1795 ἐρεῖ
3462 1741 3564 1788 τις,

326 1813 392 1869 Et
419 1816 523 1870 nisi
555 1817 642 1873 his
668 1819 872 1883 verbis,
909 1836 929 1870 ‹
958 1834 1065 1889 quo
1100 1833 1200 1888 ego
1232 1817 1390 1886 vado,
1415 1832 1514 1874 vos
1535 1833 1644 1873 non
1671 1818 1896 1889 potestis

321 1909 512 1963 venire
542 1949 558 1975 ,
595 1927 616 1960 ι
691 1911 982 1979 praeposita
1024 1911 1258 1964 fuissent
1305 1910 1462 1975 haec,
1516 1926 1536 1961 ι
1562 1909 1705 1964 sicut
1773 1905 1889 1964 dixi

320 1995 602 2064 Judaeis,»
672 2002 976 2072 simplicius
1035 2004 1506 2058 existimassemus
1565 2002 1683 2057 haec
1729 2000 1894 2056 etiam

322 2087 465 2143 dicta
510 2087 676 2146 fuisse
701 2131 716 2157 ,
770 2090 1072 2147 referentes
1107 2093 1332 2146 verbum
1378 2108 1516 2146 nunc
1572 2092 1641 2146 ad
1672 2091 1723 2146 id
1757 2100 1894 2148 tem-

321 2180 472 2248 poris
503 2220 520 2246 ,
581 2196 691 2250 quo
731 2183 908 2237 anima
942 2181 1072 2239 Jesu
1114 2198 1146 2240 e
1177 2184 1285 2239 vita
1341 2184 1658 2240 decedebat.
1717 2183 1892 2240 Caete-

324 2287 444 2326 rum
495 2273 541 2328 si
593 2271 762 2327 Judaei
799 2273 1026 2344 perituri
1061 2283 1261 2342 erant,
1297 2283 1352 2330 et
1382 2272 1548 2345 Jesus,
1577 2274 1852 2344 periturus
1874 2314 1891 2340 ,

322 2365 798 2436 descensurusque
863 2366 933 2422 ad
990 2365 1232 2434 inferos,
1315 2366 1588 2436 quomodo
1639 2367 1721 2423 ire
1774 2381 1889 2426 non

319 2466 576 2525 poterant
633 2473 742 2528 quo
792 2459 951 2516 Jesus
1020 2460 1252 2518 abibat?
1327 2461 1436 2517 Sed
1496 2461 1641 2516 dicet
1696 2460 1892 2529 aliquis

316 2548 480 2620 455
502 2551 644 2619 quod
665 2551 718 2606 in
736 2553 986 2621 paradiso
1018 2552 1109 2608 Dei
1135 2553 1297 2608 etiam
1321 2551 1539 2607 futurus
1571 2551 1886 2617 eratJesus,

320 2644 388 2696 ad
409 2656 592 2712 quem,
622 2645 712 2713 qui
734 2645 788 2699 in
813 2645 1051 2714 peccatis
1074 2645 1187 2701 suis
1207 2643 1598 2708 moriebantur,
1617 2643 1889 2716 proficisci

319 2754 428 2792 non
450 2745 736 2808 poterant;
773 2737 1069 2806 discipulos
1120 2751 1251 2792 vero
1289 2734 1420 2793 Jesu
1467 2751 1592 2792 cum
1639 2747 1769 2792 tunc
1811 2739 1892 2794 ire

322 2845 428 2886 non
464 2837 704 2902 possent,
745 2838 932 2899 postea
986 2832 1262 2900 potuisse;
1319 2830 1529 2887 idcirco
1579 2830 1784 2886 Iudaeis
1835 2831 1888 2886 in

321 2931 544 2992 peccato
590 2937 690 2979 suo
747 2921 1105 2977 morientibus
1172 2923 1376 2979 dictum
1425 2923 1593 2978 fuisse
1655 2944 1668 2978 :
1708 2941 1728 2994 ι
1773 2921 1892 2990 Quo

318 3029 422 3086 ego
468 3015 626 3080 abeo,
670 3028 766 3069 vos
792 3029 898 3070 non
938 3015 1164 3083 potestis
1203 3017 1389 3070 venire
1430 3015 1512 3082 '°;
1551 3033 1569 3068 ι
1603 3014 1889 3084 discipulis

318 3120 496 3160 vero:
533 3122 552 3156 ι
607 3103 724 3172 Quo
759 3120 858 3176 ego
898 3106 1062 3172 abeo,
1115 3121 1212 3162 vos
1269 3121 1379 3161 non
1426 3106 1654 3175 potestis
1704 3105 1892 3164 venire

320 3214 468 3253 nune
498 3199 563 3252 “.
601 3217 621 3250 ι
659 3198 994 3255 Elocutionis
1026 3199 1172 3254 enim
1213 3199 1338 3254 talis
1385 3207 1473 3253 est
1501 3199 1638 3254 ordo
1683 3215 1697 3253 :
1740 3197 1898 3253 Sicut

322 3291 436 3346 dixi
464 3287 697 3357 Iudaeis.
740 3292 906 3346 etiam
943 3291 1095 3346 vobis
1136 3292 1296 3346 dico:
1321 3289 1438 3357 Quo
1468 3305 1568 3361 ego
1601 3292 1763 3356 vado,
1797 3306 1895 3346 vos

323 3397 430 3438 non
460 3383 689 3453 potestis
725 3383 913 3438 venire
943 3397 1109 3437 nunc.
1137 3381 1458 3451 Quanquam
1493 3383 1574 3438 sic
1601 3383 1766 3437 etiam
1789 3397 1894 3438 non

320 3492 514 3548 parum
559 3477 878 3548 quaestionis
918 3478 1081 3532 habet
1118 3477 1206 3533 hic
1246 3477 1432 3545 locus,
1489 3489 1711 3548 propter
1741 3480 1844 3534 hoc
1877 3497 1892 3532 :

329 3588 350 3624 ι
396 3570 566 3626 Filius
599 3570 837 3626 hominis
869 3577 992 3640 aget
1025 3570 1080 3624 in
1119 3570 1285 3626 corde
1330 3579 1492 3627 terrae
1544 3581 1657 3627 tres
1685 3572 1802 3627 dies
1841 3583 1897 3628 et

326 3672 438 3719 tres
487 3671 672 3718 noctes
717 3663 780 3715 η.
820 3680 840 3714 ι
887 3661 1023 3718 Nam
1066 3663 1344 3731 quomodo
1378 3674 1487 3719 tres
1523 3663 1640 3719 dies
1681 3673 1738 3719 et
1786 3673 1899 3719 tres

326 3763 516 3811 noctes
547 3754 658 3823 egit
697 3754 750 3808 in
777 3755 953 3848 sorde
993 3763 1186 3820 terrae,
1233 3756 1324 3825 qui
1358 3755 1517 3810 simul
1563 3764 1728 3825 atque
1772 3770 1897 3810 cum

326 3847 654 3904 decessisset
675 3862 706 3902 e
731 3845 862 3916 vita,
892 3845 1108 3903 futurus
1127 3848 1317 3903 eratin
1335 3848 1588 3918 paradiso
1606 3848 1724 3916 Dei,
1743 3847 1896 3917 juxta

327 3937 459 3992 illud
485 3956 502 3994 :
531 3957 550 3992 ‹
572 3938 741 3995 Hodie
762 3954 972 3994 mecum
997 3939 1109 3994 eris
1138 3938 1192 3992 in
1222 3939 1478 4010 paradiso
1502 3938 1595 3994 Dei
1627 3938 1714 3992 ⁸³2
1757 3957 1778 3991 ι
1809 3939 1900 3995 Sic

328 4038 513 4085 autem
547 4030 885 4101 perturbavit
913 4030 1016 4086 hoc
1042 4031 1246 4086 dictum
1274 4030 1586 4099 nonnullos,
1615 4045 1714 4087 ceu
1744 4032 1900 4088 abso-

327 4137 480 4188 num,
520 4131 581 4178 ut
605 4121 868 4192 suspicari
900 4123 1015 4178 ausi
1050 4123 1392 4180 fuerinthaec
1426 4125 1590 4180 verba
1625 4142 1641 4180 :
1673 4143 1694 4178 ί
1727 4125 1902 4182 Hodie

327 4229 540 4269 mecum
566 4214 678 4270 eris
701 4214 754 4268 in
782 4214 1035 4284 paradiso
1052 4215 1168 4279 Dei,
1202 4233 1223 4269 ι
1252 4215 1436 4271 addita
1462 4214 1632 4272 fuisse
1656 4216 1901 4284 Evange-

329 4305 404 4361 lio
442 4305 513 4361 ab
545 4305 818 4377 aliquibus
855 4305 985 4361 illud
1031 4305 1484 4362 adulterantibus.
1523 4309 1594 4362 At
1631 4324 1764 4364 vero
1797 4325 1900 4366 nos

1995 1813 2117 1865 ἐπεὶ
2168 1815 2263 1866 καὶ
2319 1815 2377 1868 ἐν
2413 1815 2492 1886 τῷ
2550 1815 2861 1886 παραδείσῳ
2919 1815 3108 1886 ἔμελλε
3156 1815 3408 1884 γίνεσθαι
3471 1815 3561 1870 τοῦ

1993 1903 2153 1968 Θεοῦ,
2195 1905 2323 1959 ἔνθα
2355 1909 2402 1959 οί
2434 1907 2531 1978 μέν
2563 1907 2620 1960 ἐν
2666 1909 2786 1970 ταῖς
2822 1908 3120 1979 ἁμαρτίαις
3148 1907 3326 1962 αὑτῶν
3360 1908 3565 1962 ἀποθα-

1995 1995 2246 2067 νούμενοι
2277 1997 2524 2066 γίνεσθαι
2548 2000 2649 2052 οὑκ
2682 1999 2926 2070 ἐμελλον,
2957 2001 3005 2053 οἱ
3032 2000 3089 2054 δὲ
3112 1999 3204 2053 τοῦ
3251 1999 3433 2072 Ἰησοῦ
3465 2018 3562 2070 μα-

1994 2089 2152 2160 θηταὶ
2177 2090 2298 2143 τότε
2329 2090 2427 2161 μὲν
2457 2088 2550 2145 οῦν
2564 2093 2663 2145 οὑκ
2690 2092 2941 2146 ἐδύναντο
2973 2092 3380 2162 ἐκεῖγενέσθαι,
3415 2093 3565 2146 ὑστε-

1997 2202 2088 2257 ρον
2116 2186 2173 2239 δέ
2193 2203 2207 2216 ο
2237 2185 2327 2239 διὰ
2353 2186 2511 2240 τοῦτο
2539 2187 2676 2258 πρὸς
2713 2187 2812 2258 μὲν
2845 2188 2970 2250 τοὺς
3013 2187 3070 2239 ἐν
3099 2189 3218 2250 ταῖς
3267 2185 3563 2258 ἁμαρτίαις

1993 2278 2171 2334 αὑτῶν
2194 2277 2664 2350 ἀποθανουμένους
2697 2277 2978 2341 Ἰουδαίους
3020 2277 3267 2330 λέλεκται
3299 2277 3363 2330 τό
3384 2293 3397 2305 ·
3433 2294 3452 2327 ι
3477 2277 3564 2328 '0-

1993 2391 2093 2427 που
2127 2372 2238 2442 ἐγὼ
2265 2373 2480 2441 ὑπάγω,
2508 2375 2663 2442 ὑμεῖς
2700 2372 2760 2423 οὑ
2792 2369 3018 2424 δύνασθε
3042 2371 3242 2423 ἐλθεῖν’
3285 2387 3303 2420 ›
3347 2369 3486 2440 πρὸς
3511 2367 3562 2422 δὲ

1990 2468 2118 2532 τοὺς
2151 2466 2424 2538 μαθητάς·
2464 2483 2483 2517 ι
2523 2466 2695 2519 Ὅπου
2729 2463 2840 2532 ἐγὼ
2872 2463 3088 2532 ὑπάγω,
3121 2463 3280 2534 ὑμεῖς
3313 2462 3379 2515 οὑ
3413 2461 3563 2514 δύνα-

1993 2558 2086 2613 σθε
2115 2558 2286 2611 ἐλθεῖν
2323 2556 2483 2628 ἄρτι·
2527 2575 2546 2608 ι
2577 2555 2639 2608 τὸ
2661 2554 2769 2626 γὰρ
2802 2554 2929 2624 ἑξῆς
2961 2555 3059 2626 τῆς
3079 2551 3273 2618 λέξεώς
3307 2553 3428 2604 ἐστι
3460 2568 3563 2603 τοι·

1991 2649 2148 2704 οῦτον
2169 2667 2182 2680 ’
2224 2648 2424 2712 Καθὼς
2453 2645 2604 2702 εἶπον
2633 2650 2747 2711 τοῖς
2789 2646 3083 2711 Ἰουδαίοις,
3111 2647 3205 2699 καὶ
3231 2646 3362 2716 ὑμῖν
3392 2644 3558 2711 λέγω·

1995 2745 2168 2798 Ὅπου
2222 2743 2332 2814 ἐγὼ
2362 2743 2578 2811 ὑπάγω,
2609 2743 2765 2813 ὑμεῖς
2814 2741 2874 2794 οὑ
2917 2738 3144 2793 δύνασθε
3195 2739 3373 2792 ἐλθεῖν
3421 2738 3556 2806 ἄρτι.

1992 2838 2102 2891 Καὶ
2137 2834 2280 2889 οὕτω
2306 2835 2362 2888 δέ
2394 2835 2493 2888 οὑκ
2516 2832 2700 2904 ὀλίγην
2727 2832 2837 2902 ἔχει
2867 2828 3090 2902 ζήτησιν
3112 2833 3140 2884 ὁ
3169 2831 3329 2894 τόπος
3366 2829 3454 2883 διὰ
3484 2828 3558 2881 τό·

1999 2947 2018 2982 ι
2053 2929 2111 2981 Ὀ
2141 2927 2269 2991 Υίὺς
2301 2925 2393 2980 τοῦ
2424 2923 2710 2996 ἀνθρώπου
2741 2926 2800 2977 ἐν
2831 2925 2895 2994 τῇ
2930 2921 3125 2992 καρδίᾳ
3146 2921 3244 2992 τῆς
3278 2921 3386 2990 γῆς
3413 2921 3562 2987 ποιή-

1994 3036 2076 3072 σει
2119 3021 2268 3089 τρεῖς
2313 3017 2528 3089 ἡμέρας
2603 3015 2697 3069 καὶ
2755 3017 2902 3087 τρεῖς
2950 3013 3187 3076 νύκτας·
3236 3031 3255 3063 ι
3289 3011 3411 3074 πῶς
3461 3010 3562 3080 γὰρ

1991 3113 2139 3182 τρεῖς
2169 3109 2382 3182 ἡμέρας
2405 3109 2499 3162 καὶ
2524 3109 2670 3178 τρεῖς
2696 3105 2894 3168 νύκτας
2927 3105 3137 3175 ποιήσει
3184 3103 3241 3155 ἐν
3273 3104 3339 3172 τῇ
3375 3100 3562 3171 καρδία

1992 3202 2093 3273 τῆς
2113 3201 2239 3273 γῆς,
2271 3203 2387 3271 ἅμα
2414 3203 2482 3272 τῇ
2513 3199 2678 3270 ἐξόδῳ
2704 3199 2761 3251 ἐν
2781 3199 2858 3270 τῷ
2880 3196 3190 3268 παραδείσῳ
3212 3193 3436 3265 ἔμελλεν
3459 3191 3560 3262 (56)

1994 3292 2214 3348 ἔσεσθαι
2239 3292 2330 3346 τοῦ
2365 3290 2500 3345 Θεοῦ
2531 3289 2668 3344 κατά
2696 3289 2756 3342 τό
2777 3307 2790 3318 ·
2830 3307 2849 3339 ι
2885 3288 3133 3359 Σήμερον
3159 3287 3276 3356 μετ’
3303 3283 3443 3356 ἐμοῦ
3472 3283 3561 3354 ἔσῃ

1994 3389 2052 3440 ἐν
2080 3385 2158 3456 τῷ
2190 3382 2504 3456 παραδείσῳ
2534 3380 2630 3436 τοῦ
2656 3379 2825 3446 Θεοῦ;
2866 3399 2885 3432 ι
2923 3378 3078 3434 Οὕτω
3114 3377 3170 3430 δέ
3215 3377 3448 3448 ἐτάραξέ
3485 3392 3561 3426 τι-

1995 3497 2090 3543 νας
2123 3479 2200 3542 ὡς
2222 3476 2549 3546 ἀσύμφωνον
2581 3473 2642 3527 τὸ
2672 3473 2982 3544 εἰρημένον,
3017 3470 3157 3524 ὥστε
3183 3469 3452 3539 τολμῆσαι
3479 3465 3564 3519 αὑ-

1996 3572 2123 3634 τοὺς
2173 3570 2471 3640 ὑπονοῆσαι
2516 3565 2918 3641 προπεθῆσθαι
2959 3566 3040 3635 τῷ
3095 3561 3417 3633 Εὑαγγελίῳ
3463 3559 3560 3612 ἀπό

1997 3681 2156 3718 τινων
2183 3662 2516 3736 ῥᾳδιουργῶν
2547 3661 2678 3716 αὑτὸ
2699 3660 2759 3713 τό
2781 3677 2794 3690 ο
2831 3676 2850 3711 ι
2889 3659 3136 3730 Σήμερον
3165 3657 3281 3727 μετ’
3311 3653 3448 3724 ἐμοῦ
3472 3651 3560 3721 ἔσῃ

1998 3758 2056 3812 ἐν
2109 3755 2187 3827 τῷ
2229 3755 2545 3828 παραδείσῳ
2594 3753 2690 3807 τοῦ
2748 3751 2908 3807 Θεοῦ,
2961 3769 2979 3803 ι
3027 3751 3216 3822 Ἡμεῖς
3271 3747 3331 3802 δέ
3395 3759 3559 3816 φαμεν

1997 3848 2365 3921 ἁπλούστερον
2387 3848 2504 3919 μὲν,
2537 3848 2619 3901 ὅτι
2643 3846 2785 3918 τάχα
2820 3845 2950 3916 πρὶν
2976 3843 3229 3898 ἀπελθεῖν
3260 3842 3342 3904 είς
3358 3839 3456 3910 τὴν
3483 3837 3561 3888 λε-

1998 3941 2233 4012 γομένην
2261 3940 2487 4012 καρδίαν
2515 3939 2612 4011 τῆς
2645 3939 2746 4010 γῆς
2779 3936 3221 4007 ἀπεκατέστησεν
3249 3936 3329 3997 είς
3355 3933 3446 3986 τὸν
3468 3944 3562 3982 πα-

2003 4033 2246 4105 ράδεισον
2291 4033 2385 4086 τοῦ
2418 4032 2555 4087 Θεοῦ
2605 4031 2694 4086 τὸν
2735 4031 2956 4085 εἰπόντα
3005 4028 3190 4099 αὑτῷο
3228 4043 3247 4077 ι
3284 4019 3561 4096 Μνήσθητι

2003 4142 2127 4196 μου,
2165 4126 2292 4179 ὅταν
2341 4123 2501 4194 ἔλθῃς
2547 4125 2604 4178 ἐν
2637 4125 2705 4194 τῇ
2754 4121 3000 4194 βασιλείᾳ
3047 4137 3177 4174 σουο
3225 4117 3558 4188 »βαθύτερον

1999 4217 2077 4284 δὲ,
2106 4217 2188 4270 ὅτι
2219 4215 2483 4286 πολλαχοῦ
2508 4215 2591 4279 τὸ,
2624 4213 2910 4284 σήμερον,
2947 4215 3004 4266 ἐν
3040 4214 3108 4282 τῇ
3137 4211 3323 4281 Γραφῇ
3355 4211 3448 4264 καὶ
3476 4207 3558 4260 ἐπὶ

2000 4310 2120 4365 ὅλον
2150 4308 2462 4381 παρατείνει
2486 4307 2576 4361 τὸν
2607 4306 2933 4375 ἐνεστηκότα
2955 4305 3154 4359 αἰῶνα·
3181 4302 3372 4372 ῶσπερ
3393 4302 3446 4354 δέ
3475 4299 3558 4353 καὶ

323 4395 476 4464 iuxta
502 4395 890 4467 simpliciorem
909 4397 1126 4467 quidem
1143 4412 1362 4454 sensum
1384 4397 1754 4467 intelligimus,
1774 4416 1896 4454 eum

2088 4401 2199 4472 τῷο
2236 4419 2256 4452 ι
2304 4400 2616 4472 Ἐφημίσθη
2643 4401 2674 4453 ὁ
2716 4399 2873 4468 λόγος
2917 4389 3074 4461 οὗτος
3110 4395 3260 4468 παρά
3301 4394 3556 4455 Ἰουδαίοις

331 4487 584 4555 fortasse,
614 4498 899 4558 antequam
930 4489 1107 4545 abiret
1141 4489 1195 4544 in
1235 4503 1332 4544 cor
1371 4498 1556 4554 terrae,
1589 4499 1650 4543 ut
1676 4501 1896 4561 vocant,

331 4579 635 4635 restituisse
661 4580 716 4634 in
740 4580 995 4650 paradiso
1017 4579 1111 4636 Dei
1129 4581 1401 4637 dicentem
1425 4580 1529 4636 sibi
1559 4596 1574 4634 :
1603 4598 1623 4632 ι
1651 4581 1895 4648 Domine,

330 4681 604 4728 memento
629 4673 756 4739 mei,
803 4674 930 4728 dum
957 4673 1176 4728 veneris
1212 4672 1265 4728 in
1302 4687 1525 4743 regnum
1574 4683 1726 4728 tuum
1770 4671 1835 4739 ¹¹⁵;
1877 4691 1896 4724 ι

325 4765 478 4834 juxta
500 4779 630 4820 vero
659 4765 1060 4834 profundiorem
1086 4781 1306 4822 sensum
1329 4764 1561 4822 dicimus
1584 4765 1904 4836 plerumque

2010 4492 2174 4565 μέχρι
2205 4491 2306 4562 τῆς
2335 4493 2592 4564 σήμερον,
2632 4509 2652 4544 ι
2684 4490 2799 4546 καί·
2862 4507 2882 4542 r
2931 4486 3102 4554 Οὗτος
3137 4489 3319 4560 πατὴρ
3351 4486 3559 4543 Μωαϐι-

2005 4582 2115 4638 τῶν
2156 4581 2312 4653 μέχρι
2360 4582 2460 4653 τῆς
2493 4583 2734 4653 σήμερον
2783 4578 3018 4651 ἡμέρας,
3047 4597 3067 4631 ι
3112 4579 3237 4632 καί·
3279 4597 3298 4630 ι
3332 4579 3558 4648 Σήμερον

2008 4674 2103 4729 ἐὰν
2131 4673 2232 4745 τῆς
2266 4673 2452 4744 φωνῆς
2496 4671 2661 4726 αὑτοῦ
2713 4671 3005 4744 ἀκούσητε,
3039 4670 3132 4724 καὶ⁵
3187 4669 3260 4742 μὴ
3305 4670 3555 4738 ἀπόστητε

2007 4765 2115 4820 ἀπὸ
2145 4766 2374 4837 Κυρίου.
2416 4785 2434 4817 ι
2455 4765 2544 4822 Ἐν
2580 4767 2648 4837 τῇ
2677 4764 2944 4835 σήμερον
2973 4760 3066 4817 οὖν
3102 4763 3286 4834 ἡμέρᾳ
3311 4759 3556 4829 ἐπαγγέλ-

401 4911 854 4974 °Joan.vm.21.
929 4913 1132 4969 'Joan.
1165 4927 1287 4978 xm,
1325 4912 1416 4970 5'5.
1495 4913 1541 4946 ³⁸
1580 4910 1739 4969 Joan.
1786 4926 1906 4979 vui,
1949 4911 2042 4967 2|.
2121 4913 2163 4945 “
2202 4913 2364 4968 Joan.
2404 4925 2529 4976 xm,
2553 4909 2646 4964 35.
2725 4907 2769 4939 "
2815 4905 3005 4961 Matth.
3037 4920 3138 4971 ιιι,
3181 4903 3274 4958 40.
3353 4901 3397 4932 ¹³
3440 4900 3552 4957 Luc.

330 5000 492 5052 xxm,
519 4984 609 5039 45.
688 4983 734 5014 ⁸⁸
755 4985 882 5038 ibid.
915 4984 1008 5039 42.

406 5103 520 5175 (55)
541 5106 604 5158 Οἱ
625 5103 693 5157 δὲ
707 5103 994 5175 μαθηταί,
1015 5106 1143 5173 μεθ’
1168 5097 1495 5175 ὄιν-ἔμελλε
1528 5103 1748 5173 μικρὸν
1768 5104 1904 5172 χρό-

332 5192 445 5230 νον
463 5173 944 5245 μηκὰινὲσεσθαι
971 5176 1098 5244 μετ’
1123 5173 1343 5240 αὐτῶν,
1372 5174 1468 5229 διὰ
1509 5175 1585 5229 τὰ
1629 5189 1903 5244 προειρη-

329 5244 485 5317 μένα
505 5248 616 5300 οὐκ
640 5244 962 5309 ἐδύναντο,
1009 5255 1133 5317 etc.
1170 5245 1296 5317 Haec
1346 5246 1599 5317 videntur
1638 5246 1902 5317 vertenda

336 5314 794 5386 quemadmodum
827 5317 992 5370 vertit
1019 5314 1322 5383 Perionius,
1352 5334 1378 5386 ι
1412 5314 1670 5386 Discipuli
1699 5325 1904 5378 autem,

337 5385 460 5441 cum
495 5386 692 5454 quibus
722 5386 874 5439 brevi
911 5395 1152 5455 tempore
1179 5386 1288 5455 jam
1339 5385 1570 5441 futurus
1593 5401 1698 5440 non
1761 5392 1904 5448 erat,

337 5459 408 5511 ob
440 5472 501 5510 ea
537 5473 660 5526 quae
690 5458 852 5524 paulo
881 5466 1008 5510 ante
1057 5456 1196 5509 dicta
1227 5465 1376 5526 sunt,
1423 5471 1534 5526 non
1580 5465 1850 5525 poterant,
1882 5470 1902 5505 ι

340 5537 448 5595 etc.
489 5525 594 5595 Sed
612 5527 784 5595 aliter
813 5526 1047 5581 fortasse
1073 5526 1289 5595 legebat
1319 5525 1630 5591 Ferrarius,
1681 5537 1738 5579 et
1815 5539 1906 5578 re-

339 5593 711 5668 ctiusquidem
727 5611 742 5659 °,
759 5599 996 5668 ideoque
1025 5593 1165 5650 nihil
1183 5597 1553 5668 immutamus.

413 5663 730 5725 (543(10ch
778 5663 998 5730 Regius,
1035 5668 1192 5728 male,
1251 5664 1433 5729 καθὼς
1486 5663 1626 5721 εἷπε.
1679 5664 1905 5722 Ibidem.

2011 5113 2109 5171 pro
2132 5093 2627 5171 κᾶν-ἁπλούστερον
2661 5090 2878 5171 ἐδόκουν
2931 5088 3030 5171 μέν
3063 5084 3257 5171 Δταῦτα

2009 5156 2412 5239 ἀναφερόμενα,
2433 5156 2554 5239 ειοζ
2585 5161 2882 5239 ferrarius
2932 5156 3146 5239 videtur
3170 5156 3422 5239 “legisse:
3468 5156 3555 5239 sitv

2009 5220 2724 5308 atriodb'épov'édoxoﬁpev
2784 5229 2956 5308 ταῦτα
3008 5220 3269 5298 εἰρῆσθαί
3311 5220 3555 5292 ἀναφερό-

2010 5327 2183 5383 μενοι,
2211 5302 2344 5383 etc.,
2371 5322 2490 5375 qua:
2511 5302 2671 5383 |_ec_ti0
2701 5302 2829 5383 fer‘ri
2861 5308 3192 5383 llOleOlgSl.

2216 5357 2744 5451 iia'ebiaeahw,
2777 5372 2834 5426 ln
2867 5357 3055 5451 cedice
3083 5367 3248 5436 Regio
3283 5374 3430 5420 deest
3457 5357 3551 5416 καί.

2007 5439 2475 5516 ΕοὶιοἸρεειιόυιιι
2506 5442 2792 5498 ἀποθανὼν
2821 5439 3189 5516 καταϐαίνειν.
3260 5506 3293 5516 ,Α
3363 5454 3370 5464 ·

2079 5500 2536 5591 (ἑθίῗλιξλᾼεν.
2568 5512 3149 5591 Forteuscribendum,
3207 5506 3442 5591 psit/.va
3483 5500 3550 5591 viil

1913 5615 1920 5620 ·
2009 5570 2402 5661 Maeliana-:6;
2427 5589 2544 5658 ἁμα
2577 5587 2642 5657 τῇ
2672 5583 2836 5654 ἐξόδῳ
2882 5583 2941 5635 ἐν
2971 5579 3051 5649 τῷ
3083 5570 3393 5650 πάράδεισφ
3418 5570 3554 5644 ιμελς

2008 5663 2116 5722 λεν.
2141 5672 2246 5720 etc.
