3712 6138
155 256 271 310 κεξο

1252 263 1681 321 FRAGMENTA
1721 266 1789 320 IN
1830 265 2012 322 ACTA
2052 266 2294 324 APOS’I‘.

3322 269 3429 323 8.30

155 371 462 465 λεται(57)
495 374 643 446 αύτῷ
683 374 972 441 ἀξιώσαντι
1029 379 1333 451 μνησθῆναι
1383 382 1548 436 αὑτοῦ
1585 385 1641 437 ὲν
1683 387 1748 455 τῇ
1780 409 1812 465 Α

1947 385 2203 450 :abulum,
2237 385 2410 452 hodie,
2444 384 2497 440 in
2523 383 2812 455 Scriptura
2849 385 3150 442 extendere
3184 400 3428 456 praesens

160 463 426 535 βασιλείᾳ
455 465 547 518 τοῦ
596 466 733 520 Θεοῦ
777 469 838 521 τὸ
868 471 925 525 ὲν
951 470 1030 541 τῷ
1079 473 1392 542 ὲνεστηκότι
1433 474 1588 528 αἰῶνι
1644 476 1751 547 πρὸ
1783 463 1812 465 ﬂ

1947 493 2072 549 IpUS‘
2113 479 2168 532 in
2217 486 2390 534 totum
2433 478 2716 545 saeculum,
2769 489 2829 532 ut
2871 481 2925 534 in
2972 478 3148 534 illud:
3179 497 3198 531 ι
3239 478 3429 534 Divul-

157 554 261 610 τοῦ
297 556 584 627 μέλλοντος
615 561 837 632 ποιῆσαι
874 562 1034 617 αὐτὸν
1062 564 1314 632 γενέσθαι
1352 566 1450 620 σὺν
1475 566 1751 639 αὐτῷ(58)

159 647 223 701 ἐν
254 651 327 719 τῇ
355 649 596 724 βασιλείᾳ
629 651 724 706 τοῦ
757 653 910 709 Θεοῦ.
961 656 1121 710 Ἀλλά
1154 658 1315 711 τοῦτο
1344 658 1444 729 μὲν
1467 658 1554 712 διὰ
1585 659 1751 730 μέσου

160 739 224 792 ἐν
279 743 624 812 παρεκϐάσει
654 747 733 809 εἰς
783 747 841 800 τὸ
882 749 1279 820 προειρημένον
1316 751 1555 822 εἰρήσθω
1579 769 1592 782 ο
1641 755 1752 816 τοῖς

160 831 225 884 δὲ
254 833 530 904 μαθηταῖς
558 836 868 891 ἀκολουθεῖν
904 839 1244 911 βουλομένοις
1293 842 1373 914 τῷ
1409 843 1610 916 Ἰησοῦ,
1656 846 1754 915 οὐχ

162 925 245 990 ὡς
297 926 368 980 ἂν
412 929 462 981 οἱ
511 929 867 1003 ἀπλούστεροι
898 933 1218 989 ὑπολάϐοιεν
1260 937 1604 1008 σωματικῶς,
1638 937 1754 991 ἀλλ’

163 1017 244 1082 ὼς
296 1018 452 1089 δηλοῖ
482 1021 542 1074 τό
567 1038 579 1050 ’
612 1039 630 1072 ι
673 1024 768 1086 Ὃς
814 1023 880 1077 ἂν
913 1025 988 1096 μὴ
1024 1026 1132 1100 ἄρῃ
1171 1027 1263 1080 τὸν
1306 1028 1536 1100 σταυρὸν
1564 1030 1753 1095 αὑτοῦ,

167 1109 268 1162 καὶ
301 1111 643 1184 ἀκολουθήσῃ
672 1113 848 1166 ὀπίσω
885 1133 1008 1185 μου,
1034 1118 1134 1170 ούκ
1169 1119 1284 1170 ἔστι
1317 1137 1418 1189 μου
1444 1117 1591 1184 ἄξιος
1614 1115 1756 1174 εἶναι

172 1202 448 1274 μαθητὴς,
482 1224 501 1256 ι
537 1206 671 1277 φησὶ
701 1207 794 1260 νῦν
824 1211 852 1262 ὁ
880 1209 1083 1281 Κύριος
1113 1211 1215 1276 ὅτι,
1253 1214 1458 1267 «Ὅπου
1481 1215 1592 1282 ἐγὼ
1618 1217 1756 1270 ὑπά-

172 1313 284 1364 γω,
319 1298 482 1368 ὑμεῖς
520 1300 582 1353 ού
610 1299 836 1355 δύνασθε
886 1303 1063 1356 ἐλθεῖν
1092 1303 1246 1374 ἄρτι·
1291 1325 1311 1358 ι
1347 1308 1396 1359 εἰ
1438 1308 1547 1379 γὰρ
1601 1307 1756 1362 ὲεού-

169 1388 332 1444 λοντο
363 1392 678 1446 ἀκολουθεῖν
719 1394 799 1465 τῷ
833 1396 1012 1466 Λόγῳ,
1045 1396 1140 1450 καὶ
1170 1397 1450 1468 ὁμολογεῖν
1484 1400 1644 1453 αὑτὸν
1681 1400 1756 1472 μὴ

173 1483 664 1556 σκανδαλιζὸμενοι
719 1489 776 1540 ὲν
829 1488 998 1558 αύτῷ,
1051 1488 1166 1542 ἀλλ’
1216 1491 1316 1544 οὐκ
1371 1491 1622 1546 ἐδύναντό
1669 1510 1758 1546 πω

170 1575 335 1629 τοῦτο
378 1581 554 1630 ποιεῖν
579 1598 591 1608 ·
632 1597 652 1632 ι
692 1579 857 1633 Οὔπω
890 1581 999 1653 γὰρ
1034 1577 1103 1652 ἦν
1139 1583 1384 1655 Πνεῦμα,
1412 1585 1495 1637 ὅτι
1553 1584 1758 1654 Ἰησοῦς

173 1669 328 1726 οὔπω
378 1671 664 1744 ἐδοξάσθη.
713 1675 822 1728 Καὶ
847 1676 1021 1740 οὐδεὶς
1059 1677 1282 1732 δύναται
1329 1679 1525 1739 εἰπεῖν,
1555 1676 1758 1747 Κιύριος

1853 579 2034 642 gatum
2068 581 2153 626 est
2177 571 2280 626 hoc
2305 571 2530 626 verbum
2565 573 2709 642 apud
2735 570 3135 642 Judzeosusquc
3151 573 3420 644 hodie”;t

1853 673 1943 718 et:
1985 684 2002 715 ι
2031 663 2129 719 lIic
2149 671 2233 719 est
2261 674 2416 734 pater
2433 663 2790 719 Moabitarum
2816 665 3061 735 usquein
3095 664 3425 720 hodiernum

1855 755 1996 810 diem
2018 755 2090 820 ¹⁶;
2123 771 2142 804 ι
2167 761 2256 808 et:
2282 773 2300 805 ι
2333 753 2506 810 Hodie
2538 755 2585 810 si
2625 771 2814 811 vocem
2856 755 2975 826 ejus
3009 757 3328 822 audieritis,
3360 771 3428 814 ne

1856 847 2124 902 recedatis
2154 859 2184 899 a
2235 847 2463 901 Domino
2498 846 2563 899 ιτ.
2609 865 2628 900 ›
2669 845 2857 917 Itaque
2899 848 3078 902 oranti
3120 847 3319 903 latroni
3369 859 3428 902 ιιι

1854 938 1936 993 sui
1973 937 2234 993 memoria
2251 938 2524 994 habeatur
2548 937 2603 993 in
2637 952 2803 1009 regno
2831 938 2951 1004 Dei,
2982 940 3250 1010 promittit
3272 940 3430 994 Chri-

1856 1040 1972 1086 stus
2004 1030 2059 1085 in
2096 1030 2359 1085 vocabulo
2398 1031 2556 1085 hodie
2593 1045 2653 1087 se
2687 1031 2991 1098 facturum,
3035 1041 3096 1086 ut
3139 1032 3280 1086 latro
3314 1033 3430 1102 ipse

1855 1137 2038 1178 secum
2067 1122 2139 1178 sit
2164 1123 2217 1176 in
2241 1137 2408 1194 regno
2427 1124 2519 1178 Dei
2549 1124 2604 1178 in
2631 1123 2885 1194 praesenti
2913 1123 3108 1180 saeculo
3130 1133 3258 1178 ante
3286 1123 3432 1177 futu-

1858 1231 1999 1270 rum.
2041 1215 2148 1269 Sed
2192 1216 2293 1270 hoc
2333 1231 2428 1284 per
2465 1216 2860 1286 digressionem
2907 1217 3111 1271 dictum
3163 1217 3234 1271 sit
3276 1217 3332 1271 in
3379 1216 3430 1271 id

1858 1323 1963 1376 quo
1990 1309 2058 1362 de
2083 1308 2313 1379 agimus.
2339 1309 2408 1362 At
2436 1322 2566 1364 vero
2607 1307 2889 1378 discipulis
2921 1307 3233 1363 volentibus
3272 1309 3431 1376 sequi

1857 1397 2063 1465 Iesum,
2121 1416 2228 1455 non
2269 1410 2328 1454 ut
2372 1399 2732 1469 simpliciores
2775 1409 3003 1466 rentur,
3048 1399 3430 1469 corporaliter,

1858 1491 1952 1544 sed
1985 1501 2042 1544 ut
2063 1489 2337 1560 signiﬁcat
2368 1490 2496 1544 illud
2531 1490 2618 1544 ηε
2660 1507 2679 1541 ι
2716 1489 2818 1557 Qui
2853 1506 2960 1545 non
2987 1489 3177 1546 tulerit
3211 1505 3431 1546 crucem

1860 1597 2033 1647 suam,
2057 1592 2112 1637 et
2145 1597 2230 1639 me
2256 1583 2576 1639 subsecutus
2601 1583 2784 1650 fuerit,
2810 1598 2919 1638 non
2951 1591 3036 1638 est
3060 1583 3257 1653 dignus
3281 1598 3434 1638 meus

1861 1693 1982 1733 esse
2015 1677 2342 1748 discipulus,
2394 1697 2413 1730 ι
2458 1678 2634 1748 inquit
2667 1694 2810 1733 nunc
2851 1679 3114 1734 Dominus
3141 1679 3185 1711 "
3215 1695 3230 1734 :
3268 1697 3288 1731 ι
3317 1678 3438 1746 Quo

186 1761 423 1832 Ἰησοῦς,
457 1765 506 1817 εἰ
538 1764 614 1837 μὴ
643 1767 701 1820 ἐν
723 1767 1000 1839 Πνεύματι
1027 1770 1186 1842 ἁγίῳ.
1223 1790 1242 1822 ι
1273 1773 1492 1825 Ἀπεισι
1521 1771 1577 1824 δὲ
1604 1774 1634 1826 ὁ
1660 1772 1761 1824 Λό-
1792 1769 1812 1822 I

1947 1787 1959 1823 ι
1983 1771 2136 1835 abeo,
2164 1785 2260 1825 vos
2280 1787 2386 1824 non
2405 1771 2629 1838 potestis
2645 1769 2808 1842 456
2829 1771 3018 1826 venire
3044 1787 3208 1828 nunc.
3245 1791 3264 1824 ι
3297 1770 3435 1825 Nam

175 1869 272 1921 γος
302 1854 408 1935 τὰς
437 1856 631 1909 ἑαυτοῦ
663 1858 885 1928 πορείας
905 1877 919 1891 ·
970 1863 1064 1914 καὶ
1110 1862 1391 1915 ἀκολουθεῖ
1427 1863 1523 1933 μὲν
1555 1862 1704 1933 αύτῷ
1732 1863 1760 1914 ὁ

1947 1861 2071 1916 amsi
2098 1861 2249 1932 sequi
2294 1861 2548 1916 volebant
2574 1862 2809 1916 Verbum
2839 1863 2930 1917 Dei
2962 1863 3184 1928 Filium,
3217 1872 3272 1918 et
3297 1879 3436 1918 con-

174 1945 337 2017 Λόγῳ
369 1947 638 2018 ἑπόμενος
654 1967 668 1980 ·
687 1951 748 2002 ού
773 1950 992 2005 δύναται
1013 1951 1070 2004 δὲ
1095 1953 1404 2008 ἀκολουθεῖν
1427 1956 1456 2008 ὁ
1486 1954 1559 2024 μὴ
1582 1955 1763 2026 εὑτρε-

1947 1951 2000 2005 :ri
2035 1966 2155 2006 eum
2198 1967 2303 2007 non
2341 1952 2530 2006 olI‘ensi
2571 1966 2733 2007 causa
2775 1953 2977 2022 ipsius,
3014 1957 3252 2009 nondum
3286 1963 3438 2022 pote--

180 2038 450 2110 πιομένος
472 2039 635 2107 ἀξίως
663 2041 825 2095 αὐτοῦ
853 2043 928 2107 ὡς
955 2045 1076 2098 κατ’
1120 2043 1240 2115 ἴχνη
1267 2045 1377 2116 (59)
1430 2045 1632 2115 βαίνειν
1669 2044 1761 2098 τοῦ

1947 2053 1989 2098 ιι
2021 2053 2203 2100 tamen
2241 2045 2344 2101 hoc
2373 2045 2558 2100 facere
2586 2060 2602 2100 :
2641 2063 2661 2096 ι
2698 2045 2945 2100 Nondum
2975 2047 3122 2101 enim
3158 2057 3279 2102 erat
3313 2046 3441 2116 Spi-

180 2135 341 2200 λόγου
415 2133 736 2204 ὁδηγοῦντος
798 2139 934 2208 πρὸς
986 2137 1078 2191 τὸν
1135 2137 1326 2190 ἑαυτοῦ
1373 2137 1598 2210 Πατέρα
1637 2138 1764 2202 τοὺς

1947 2139 2180 2208 us,quod
2204 2139 2439 2193 nondum
2457 2147 2600 2194 esset
2615 2139 2771 2195 Jesus
2801 2138 3136 2210 gloriﬁcatus
3165 2139 3231 2194 ”.
3264 2159 3284 2193 ι
3312 2157 3332 2193 ι
3373 2140 3441 2196 Et

180 2225 362 2278 πάντα
403 2227 761 2296 πράττοντας,
793 2228 878 2281 ἵνα
911 2228 1006 2281 καὶ
1031 2228 1292 2282 δύνωνται
1324 2230 1470 2301 αὐτῷ
1513 2229 1762 2294 ἕπεσθαι,

179 2318 275 2369 καὶ
321 2316 694 2370 ἀκολουθῶσιν
729 2317 896 2389 αὐτῷ,
944 2319 1047 2382 ἓως
1075 2317 1140 2372 ἂν
1173 2319 1282 2391 (60)
1315 2322 1540 2374 εἴπωσιν
1598 2319 1763 2385 ἀξίως

181 2407 537 2479 τῷΧριστῷο
585 2427 604 2459 ι
647 2409 940 2480 Ἐκολλήθη
972 2410 1148 2464 ὀπίσω
1177 2427 1269 2463 σου
1315 2412 1350 2482 ἡ
1393 2410 1538 2482 ψυχή
1579 2427 1699 2482 μου.
1739 2429 1759 2462 ι

196 2499 473 2571 ’Λυτάρκη
505 2501 562 2554 δὲ
593 2505 941 2574 περιγραφὴν
975 2504 1262 2574 εἰληφότος
1297 2504 1394 2557 τοῦ
1432 2504 1510 2556 λϐ¹
1541 2504 1650 2557 τῶν
1683 2505 1761 2568 εἰς

181 2591 243 2644 rb
297 2593 445 2648 κατά
487 2594 741 2666 Ἰωάννην
800 2594 1132 2665 Εὐαγγέλιον
1180 2595 1540 2668 ὲξηγητικῶν,
1597 2595 1761 2650 αὑτοῦ

181 2701 284 2737 που
313 2685 743 2758 καταπαύσομεν
763 2687 854 2742 τὸν
874 2687 1051 2758 λόγον.

1871 2229 2049 2284 nullus
2081 2239 2261 2297 potest
2282 2229 2486 2295 dicere,
2517 2231 2778 2286 Dominus
2804 2230 2989 2297 Jesus,
3019 2232 3118 2286 nisi
3148 2232 3200 2285 in
3231 2231 3440 2300 Spiritu

1862 2331 2050 2377 sancto
2098 2323 2196 2376 ¹¹.›
2228 2322 2494 2379 Οωιειιιιη
2525 2325 2830 2395 οὺίιΛόγος
2861 2324 2954 2397 [id
2979 2333 3063 2380 est
3089 2324 3263 2380 Filius
3281 2321 3437 2397 Dei.]

1864 2427 2096 2483 pergens
2126 2411 2193 2468 ad
2228 2429 2325 2469 sua
2356 2415 2578 2481 itinera,
2619 2433 2781 2487 quem
2814 2417 3039 2486 quidem
3072 2417 3319 2486 sequitur
3349 2415 3440 2484 qui

1863 2500 2040 2572 λόγον,
2088 2501 2231 2574 [Ιιοο
2276 2513 2361 2560 est
2402 2505 2728 2576 rationem,]
2763 2507 3044 2576 sequitur;
3093 2521 3200 2560 non
3257 2513 3438 2575 potest

1861 2609 2000 2649 vero
2022 2595 2197 2664 sequi,
2229 2596 2318 2666 qui
2337 2596 2574 2660 seipsum
2591 2613 2696 2652 non
2728 2597 3116 2668 praparaverit
3137 2610 3234 2664 pro
3263 2594 3440 2664 digni~

1865 2697 1975 2743 tate
2004 2687 2172 2753 illius,
2213 2688 2281 2741 ad
2311 2703 2465 2742 suum
2499 2689 2671 2758 ipsius
2707 2689 2927 2744 Patrem
2977 2687 3300 2744 adducentis
3341 2700 3441 2742 eos

186 2782 274 2849 qui
307 2783 446 2838 nihil
481 2799 589 2838 non
624 2792 790 2854 agunt
819 2794 881 2838 ut
923 2785 1132 2854 possint
1180 2784 1331 2840 illum
1377 2785 1554 2855 sequi,
1603 2795 1656 2840 et
1685 2793 1990 2856 sequuntur
2023 2798 2168 2849 eum,
2211 2783 2427 2850 donec,
2474 2794 2534 2838 ut
2579 2784 2800 2841 Christo
2860 2786 3082 2855 dignum
3111 2791 3196 2838 est
3216 2782 3442 2838 dicant:

189 2893 210 2927 ι
261 2873 508 2930 Adhaesit
535 2875 714 2929 anima
746 2890 867 2930 mea
901 2883 1022 2944 post
1071 2884 1124 2930 te
1143 2877 1209 2927 ".
1245 2895 1267 2930 ι
1311 2874 1510 2930 Verum
1533 2890 1655 2930 cum
1697 2874 1965 2929 secundus
1997 2883 2052 2927 et
2073 2874 2381 2929 tricesimus
2409 2885 2586 2929 tomus
2616 2874 3069 2944 Explanationum
3108 2875 3160 2928 in
3192 2873 3441 2945 Evange-

199 2967 320 3022 lium
358 2984 386 3022 ιι
442 2967 661 3025 Joanne
710 2970 965 3025 traditum
1018 2970 1378 3025 suﬂicientem
1428 2970 1777 3040 scriptionem
1809 2969 2102 3038 acceperit,
2140 2968 2287 3024 illius
2319 2983 2623 3024 sermonem
2657 2971 2745 3025 hic
2775 2971 3027 3026 ﬁniemus
3055 2969 3192 3041 (61).

189 3061 521 3118 Δειπουσιν
547 3065 602 3116 οἱ
624 3063 789 3131 τόμοι
823 3061 1172 3129 τριακοστὸς
1196 3063 1411 3131 τρίτος,
1451 3063 1550 3116 καὶ
1577 3063 1929 3131 τριακοστὸς
1953 3060 2250 3132 τέταρτος.
2278 3061 2378 3115 καὶ
2406 3061 2754 3129 τριακοστὸς
2773 3062 3056 3132 πέμπτος,
3090 3063 3191 3117 και
3215 3078 3444 3131 τριακο-

446 3135 598 3198 στὸς
619 3133 812 3200 ἕκτος,
847 3135 946 3187 καὶ
970 3133 1321 3202 τριακοστὸς
1351 3133 1621 3203 ἕϐδομος,
1645 3133 1744 3188 καὶ
1774 3131 2124 3202 τριακοστὸς
2153 3131 2381 3202 ὄγδοος,
2408 3133 2505 3185 καὶ
2526 3131 2879 3201 τριακοστὸς
2907 3134 3138 3200 ἔνατος.

1690 3395 1787 3448 ΕΚ
1813 3395 1950 3448 ΤΩΝ

529 3521 1144 3611 ΩΡΙΓΕΝΟΥΣ.
1181 3525 1352 3611 ΕΙΣ
1389 3519 1594 3610 ΤΑΣ
1634 3513 2108 3610 ΠΡΑΞΕΙΣ
2145 3523 2371 3610 ΤΩΝ
2399 3520 3111 3610 ΑΠΟΣΤΟΛΩΝ.

1345 3781 1536 3895 EX
1616 3779 2148 3896 ORIGEN
2161 3778 2292 3892 IS

738 3981 1312 4074 HOMILIIS
1387 3983 1513 4072 IN
1589 3981 1884 4074 ACTA
1950 3977 2848 4073 APOSTOLORUM
2936 3957 3086 4063 “52‘.

415 4229 512 4280 Ἐκ
541 4224 650 4294 τῆς
682 4227 768 4291 εἰς
791 4226 899 4291 τὰς
936 4225 1190 4294 Πράξεις
1223 4226 1461 4297 ὁμιλίας
1490 4225 1562 4281 δ’.

274 4319 426 4374 Ἔδει
457 4317 844 4388 πληρωθῆναι
879 4318 992 4386 τὴν
1020 4318 1293 4389 Γραςςὴν,
1329 4318 1411 4386 ’ἣν
1436 4319 1680 4389 προεῖπε
1702 4321 1770 4373 τὸ

207 4411 439 4482 Πνεῦμα
465 4412 532 4465 τὸ
565 4411 735 4481 ἅγιον
760 4410 858 4464 διὰ
887 4413 1182 4480 στόματος
1203 4411 1382 4465 Δαυῒδ
1407 4412 1538 4479 περὶ
1563 4411 1766 4465 Ἰούδα⁸

2262 4222 2314 4278 Ε
2339 4231 2530 4296 quarta
2559 4222 2778 4277 homilia
2814 4223 2870 4276 in
2899 4223 3052 4276 Acta.

1945 4315 2108 4388 457
2132 4316 2412 4386 Oportebat
2433 4317 2636 4387 impleri
2651 4315 3006 4384 Scripturam,
3021 4331 3179 4386 quam
3195 4314 3446 4383 praedixe-

1876 4423 1962 4467 rat
1987 4412 2218 4482 Spiritus
2244 4420 2460 4466 sanctus
2480 4427 2574 4482 per
2603 4428 2661 4466 os
2695 4409 2863 4465 David
2883 4410 2950 4462 de
2968 4408 3114 4463 Iuda
3145 4409 3191 4441 ”
3215 4423 3229 4460 :
3263 4409 3317 4463 in
3339 4424 3448 4478 quo

273 4527 316 4560 ¹⁸
355 4527 542 4582 Matth.
583 4526 892 4587 xxvnr,15.
973 4525 1016 4556 ³⁸
1053 4522 1190 4578 Geu.
1256 4538 1374 4584 xu,
1414 4523 1503 4578 57.
1583 4525 1626 4556 ³⁷
1669 4523 1806 4578 Psal.

1947 4541 2010 4590 ιν,
2061 4527 2115 4582 8.
2195 4525 2240 4557 ⁸⁸
2294 4525 2481 4581 Matth.
2534 4525 2711 4591 x,38.
2790 4523 2834 4557 ³⁸
2871 4522 3180 4592 Joan.xm,
3230 4523 3323 4580 35.
3399 4522 3448 4557 ”

208 4593 356 4651 Joan.
383 4614 482 4664 vtt,
507 4598 596 4654 59.

275 4713 384 4781 (57)
413 4714 598 4769 Codex
631 4714 849 4782 Regius,
873 4710 978 4766 ἀπὸ
1006 4709 1098 4763 τοῦ
1122 4711 1181 4782 ὲν
1209 4711 1276 4782 τῇ
1312 4711 1556 4782 σήμερον
1589 4710 1772 4782 ἡμέρᾳ

211 4778 640 4854 ἐπαγγέλλεταικ
673 4778 903 4854 Ibidem,
937 4796 1036 4851 pro
1097 4778 1273 4849 αύτῷη
1297 4778 1773 4848 ἀξιώσαντιίΐυιῖιὸ

211 4848 545 4909 ειτίὑόιιιίιιιιι
575 4848 641 4909 αὖ
675 4854 753 4923 τῷ
785 4848 1093 4917 ἀξιώσαντι.

277 4925 383 4994 (58)
412 4927 536 4980 Σὺν
558 4919 736 4990 αὐτῴξ
771 4924 824 4977 In
853 4924 1040 4994 codice
1073 4923 1240 4993 Regio
1270 4922 1419 4994 deest
1450 4919 1568 4974 σύν.

278 4991 387 5118 (ἕξ)
416 4998 596 5051 Codex
622 4995 847 5066 Regius,
885 4991 1331 5066 εὐτρεπισμένος,
1359 4991 1501 5046 ὥστε
1546 4993 1777 5057 εὐτόνως

279 5083 306 5118 τ
361 5085 477 5118 wn.

214 5081 477 5120 κατ·ῐγνη.

282 5085 536 5204 ἷϐθξνῃιλν
558 5136 758 5202 ἀξίως.
790 5134 952 5190 Deest
977 5135 1029 5188 in
1051 5135 1238 5189 codice
1265 5133 1458 5202 Regio.

285 5204 395 5274 (GI)
420 5209 739 5264 Ambrosius
775 5205 1061 5260 Ferrarius
1098 5205 1151 5259 in
1178 5205 1283 5260 ﬁne
1305 5204 1774 5274 interpretationis

219 5291 321 5332 sua:
346 5275 420 5333 sic
450 5279 710 5333 lectorem
744 5275 1040 5343 alloquitur
1069 5292 1082 5328 :
1139 5294 1158 5327 ι
1186 5275 1382 5331 Lector
1407 5275 1600 5340 amice,
1629 5277 1772 5332 scito

221 5361 300 5397 Ille
329 5349 382 5401 in
412 5350 513 5404 hoc
538 5348 675 5404 libro
697 5348 958 5401 vertendo
983 5361 1193 5400 summa
1221 5361 1376 5400 usum
1400 5361 1519 5401 esse
1541 5346 1664 5411 (ide,
1702 5361 1767 5402 ac

226 5415 511 5488 diligentia,
535 5429 595 5473 ut
618 5419 756 5472 nihil
794 5431 1014 5488 prorsus
1040 5418 1111 5470 sit
1158 5417 1513 5488 immutatum,
1542 5416 1624 5488 ab
1676 5431 1762 5481 eo,

225 5485 360 5553 quod
389 5489 577 5544 scribit
609 5485 834 5543 Auctor.
867 5485 1014 5541 Scito
1042 5497 1302 5556 przeterea
1331 5501 1420 5542 me
1445 5485 1576 5540 nihil
1614 5487 1765 5540 inve-

232 5557 366 5612 uisse
393 5559 444 5612 in
478 5559 581 5614 hoc
607 5560 764 5624 libro,
811 5559 954 5627 quod
989 5559 1236 5612 videatur
1293 5557 1530 5613 decretis
1565 5568 1770 5612 sancta:

231 5629 411 5694 matris
432 5629 684 5686 Ecclesiae
707 5629 1014 5694 adversari;
1054 5643 1179 5682 nam
1204 5628 1250 5682 si
1296 5627 1649 5694 invenissem,
1677 5636 1772 5682 aut

233 5693 418 5754 librum
467 5715 573 5757 non
599 5693 902 5767 venissem,
937 5709 1030 5756 aut
1078 5699 1255 5756 locum
1292 5698 1596 5764 signassem
1636 5693 1769 5755 'sus-

673 4601 717 4629 ²¹
757 4596 778 4650 I
810 4598 935 4652 Cor.
967 4595 1141 4662 311,5.
1218 4597 1263 4626 ²²
1288 4594 1431 4648 Psal.
1470 4610 1602 4658 Lxu,
1639 4595 1693 4650 9.
1771 4597 1816 4628 ’³
1851 4597 2030 4664 Act.l,
2067 4597 2155 4653 16.

1883 4720 2126 4780 pectum.
2158 4708 2364 4765 Tamen
2398 4710 2582 4766 omnia
2612 4709 2818 4777 judicio
2845 4707 3091 4780 subjecta
3119 4722 3258 4780 esse
3286 4707 3445 4765 velim

1883 4779 2244 4836 sanctissima:
2298 4782 2486 4835 matris
2541 4781 2818 4846 Ecclesia,
2873 4791 2930 4834 et
2977 4779 3208 4848 quilibet
3260 4791 3443 4844 caute,

1881 4860 1935 4922 et
1971 4852 2316 4920 cumjudicio
2350 4852 2512 4922 legat.
2540 4871 2572 4922 ν»
2606 4851 2785 4922 lnqua
2817 4849 3041 4922 solemni
3085 4848 3448 4922 obtestatione

1882 4921 2118 4976 Ferrarii
2151 4921 2373 4982 candor.
2410 4920 2496 4974 Vel
2536 4920 2888 4990 intelligentia
2919 4936 3099 4974 rerum
3156 4921 3311 4974 valde
3363 4921 3444 4972 vi-

1884 4993 2082 5047 dentur
2107 4993 2448 5061 requirenda.
2473 4991 2605 5045 Nam
2631 5000 2990 5060 prmterquatn
3042 4991 3182 5060 quod
3219 4990 3443 5058 paucula

1885 5063 2133 5131 quazdam
2173 5063 2257 5118 vel
2303 5078 2330 5115 a
2359 5061 2561 5117 Graecis
2589 5061 2827 5124 dissona,
2855 5064 2937 5115 vel
2975 5076 3096 5116 cum
3144 5062 3442 5130 superiori-

1881 5131 1984 5187 bus
2037 5133 2181 5188 male
2229 5133 2557 5187 cohaerentia
2610 5132 2975 5201 reperiantur,
3029 5146 3150 5200 quae
3192 5145 3444 5184 nonnun-

1881 5217 2043 5272 quam
2072 5203 2327 5257 duximus
2357 5204 2714 5265 emendanda,
2739 5202 2985 5256 consulto
3015 5201 3190 5272 aliqua
3219 5216 3442 5269 perver-

1879 5271 1954 5328 sae
1987 5275 2243 5328 doctrinae
2281 5273 2401 5328 labe
2431 5288 2679 5342 respersa
2717 5272 3015 5327 detraxisse
3039 5271 3299 5342 videtur;
3337 5285 3437 5342 nec

1876 5345 2136 5413 pauciora
2181 5357 2466 5414 superesse
2502 5339 2694 5414 passus
2746 5353 2849 5406 est,
2879 5357 3020 5414 (ιιιιιξΔ
3047 5339 3434 5414 ah__Ecclesiae

1873 5410 2105 5470 decretis
2131 5410 2450 5484 non'exiguo
2481 5410 2738 5469 recedant
2777 5410 3078 5484 intervallo.
3135 5410 3263 5484 Haec
3303 5424 3438 5466 vero

1872 5485 1985 5567 suis
2015 5495 2196 5541 notata
2249 5479 2380 5540 sunt
2417 5483 2576 5551 locis,
2615 5500 2679 5540 ac
2715 5483 3017 5556 praesertim
3063 5483 3118 5538 in
3164 5479 3445 5552 Origem'a-

1879 5572 1980 5612 nts.

1949 5625 2060 5696 (62)
2095 5626 2452 5698 Desumptum
2490 5634 2573 5682 est
2605 5627 2771 5684 hocce
2790 5625 3168 5698 ,tragmeutum
3190 5639 3254 5683 ex
3304 5620 3440 5678 Phi-

1879 5696 2080 5756 locslia:
2109 5697 2286 5761 capite
2307 5698 2557 5754 septimo.
