3712 6138
215 205 313 259 851

1663 197 1916 256 ORIGEN
1924 197 1986 251 IS

3369 196 3481 250 82%

206 312 419 384 psalmo
441 311 508 367 de
540 310 678 370 Juda
706 313 969 383 scriptum
991 324 1098 370 est.
1122 316 1335 371 Dixerit
1366 318 1601 373 lortasse
1633 318 1782 387 quis.

1972 306 2017 382 ᾧ
2042 313 2242 384 ψαλμῷ
2270 313 2338 366 τὰ
2366 313 2493 385 περὶ
2535 312 2630 366 τοῦ
2672 312 2841 367 Ἰούδα
2866 313 3178 386 γέγραπται
3211 311 3346 380 (65).
3384 313 3481 366 Εἰ-

213 406 356 474 piam
381 404 644 484 Spiritum
677 417 930 463 sanctum
966 426 1075 465 non
1115 411 1296 479 loqui;
1331 411 1619 467 manifeste
1649 413 1793 466 enim

216 492 524 549 Servatoris
553 512 736 551 sermo
771 508 856 552 est
886 500 1155 555 dicentis:
1183 502 1348 569 Deus,
1380 507 1592 557 laudem
1625 521 1795 558 meam

217 603 278 640 ne
303 588 610 655 reticueris;
639 592 765 660 quia
796 607 853 645 os
877 597 1187 661 peccatoris,
1214 610 1264 649 et
1293 614 1350 650 os
1385 596 1795 667 fraudulentiin

216 693 297 731 me
350 690 593 748 apertum
637 690 739 749 est,
783 694 839 738 et
886 700 1006 752 qua:
1057 688 1333 758 deinceps,
1394 704 1565 759 usque
1616 690 1683 742 ad
1730 704 1793 742 ea

217 770 378 823 verba
413 788 428 824 :
458 779 512 826 et
554 774 911 842 episcopatum
952 775 1068 846 ejus
1115 780 1340 846 accipiat
1386 781 1522 835 alter
1552 780 1619 833 ’⁸.
1647 780 1796 848 Quo—

218 863 379 917 modo
423 863 619 934 igitur,
672 867 716 921 si
765 867 1026 924 Servalor
1075 879 1160 924 est
1198 874 1289 940 qui
1351 872 1462 926 lrec
1511 872 1663 935 dicit,
1718 873 1795 928 ait

215 950 410 1009 Petrus
443 972 459 1007 :
495 953 784 1026 Oportebat
820 959 1027 1028 impleri
1061 960 1420 1030 Scripturam.
1461 982 1617 1036 quam
1656 982 1795 1035 prte-

216 1047 427 1099 diazerat
451 1044 686 1114 Spiritus
710 1064 925 1105 sanctus
961 1068 1053 1119 per
1080 1068 1138 1107 os
1169 1052 1340 1106 David
1357 1055 1382 1107 2’
1406 1054 1655 1110 Forsitan
1695 1054 1795 1124 igi-

218 1146 310 1190 tur
336 1140 478 1207 quod
516 1139 605 1194 hic
637 1141 899 1195 docemur
922 1142 1030 1196 tale
1058 1152 1163 1197 est.
1193 1142 1464 1201 Personas
1493 1145 1646 1216 lingit
1668 1145 1795 1216 Spi-

214 1230 359 1286 ritus
382 1242 607 1286 sanctus
631 1232 683 1286 in
713 1234 1013 1303 prophetis;
1043 1243 1099 1289 et
1126 1237 1173 1291 si
1199 1251 1491 1306 personam
1520 1238 1797 1294 induxerit

216 1319 335 1388 Dei,
367 1338 472 1378 non
504 1334 589 1379 est
615 1325 757 1381 Deus
782 1327 874 1397 qui
903 1326 1167 1397 loquitur,
1200 1328 1295 1385 sed
1323 1328 1561 1401 Spiritus
1575 1341 1796 1388 sanans

214 1425 282 1464 ex
329 1426 560 1479 persona
616 1406 709 1472 Dei
750 1415 1010 1485 loquitur.
1047 1416 1104 1473 Si
1145 1419 1421 1475 Christum
1466 1422 1745 1477 induxerit
1777 1463 1794 1487 ,

216 1516 322 1557 non
353 1516 438 1557 est
468 1503 719 1562 Christus
747 1508 841 1577 qui
875 1507 1141 1579 loquitur,
1179 1511 1273 1566 sed
1306 1510 1545 1581 Spiritus
1572 1524 1794 1568 sanctus

214 1608 279 1647 ex
324 1608 551 1663 persoiia
592 1598 792 1653 Christi
843 1599 1105 1670 loquitur.
1168 1602 1265 1671 Ita,
1298 1611 1352 1657 et
1405 1603 1449 1658 si
1501 1619 1791 1674 personam

1900 424 1991 460 ποι
2015 424 2098 471 τις
2119 405 2206 471 ἂν,
2240 407 2322 460 ὅτι
2357 408 2418 459 οὐ
2445 407 2506 459 τὸ
2530 407 2754 478 Πνεῦμα
2792 406 2856 461 τὸ
2884 409 3039 476 ἅγιον
3069 406 3253 459 λαλεῖ·
3288 405 3483 475 σαφῶς

1897 503 2005 573 γὰρ
2028 501 2123 554 τοῦ
2160 500 2413 572 Σωτῆρος
2442 501 2579 553 εἰσιν
2611 500 2661 553 οἱ
2703 499 2851 567 λόγοι
2892 499 3142 567 λέγοντος
3163 514 3181 529 ’
3223 497 3278 550 '0
3309 497 3480 564 Θεὸς,

1895 593 2011 662 τὴν
2037 593 2277 647 αἴγεσιν
2304 610 2426 662 μου
2464 591 2551 662 μὴ
2596 590 3110 661 παρασιωπήσηςο
3145 590 3238 644 ὅτι
3282 592 3483 660 στόμα

1895 686 2267 757 ἀμῳτωλοῦ,
2297 685 2397 740 καὶ
2422 687 2616 755 στόμα
2634 685 2871 749 δολίου,
2896 687 2990 737 επ’
3047 684 3153 754 ἐμὲ
3189 684 3476 754 ἠνοίχθη·

1895 777 1990 829 καὶ
2019 776 2089 831 τὰ
2120 776 2252 846 ἑξῆς
2284 775 2419 840 ἕως·
2445 776 2556 830 Καὶ
2585 775 2701 844 τὴν
2724 775 3071 843 ἐπισκοπὴν
3088 775 3278 829 αὐτοῦ
3301 774 3482 830 λάϐοι

1893 867 2116 937 ἔτερος.
2153 867 2277 932 Πῶς
2304 864 2417 934 οὖν,
2442 871 2491 922 εἰ
2540 871 2569 923 6
2614 870 2807 941 Σωτήρ
2837 870 2983 922 ἐστιν
3010 871 3039 922 6
3065 868 3242 922 ταῦτα
3273 867 3478 936 λέγων,

1896 961 2061 1034 φησὶν
2087 964 2116 1016 6
2148 960 2355 1033 Πέτρος
2374 977 2387 990 °
2420 959 2577 1014 Ἔδει
2603 959 2989 1035 adripi-ﬁnirat
3035 959 3152 1028 τὴν
3193 962 3244 1012 Γ
3238 957 3477 1028 ραφὴνς

1896 1052 1977 1120 ἢν
2021 1053 2268 1122 προεῖπε
2309 1052 2378 1107 τὸ
2425 1052 2669 1122 Πνεῦμα
2714 1052 2782 1106 τὸ
2814 1052 2987 1122 ἅγιον
3026 1052 3126 1107 διὰ
3170 1052 3480 1121 στόματος

1894 1145 2111 1210 Δαυΐδ;
2141 1147 2370 1217 Μήποτε
2390 1140 2484 1199 οὖν
2510 1144 2540 1198 ὃ
2562 1143 2926 1214 διδασκόμεθα
2953 1143 3204 1202 ἐνταῦθα..
3231 1142 3482 1197 τοιοῦτόν

1896 1242 2033 1295 ἐστι.
2096 1240 2143 1292 Π
2151 1240 2513 1310 ροσωποποιεῖ
2536 1237 2598 1290 τὸ
2620 1236 2844 1308 Πνεῦμα
2862 1236 2925 1290 τὸ
2952 1236 3106 1305 ἅγιον
3121 1238 3181 1289 ὲν
3201 1239 3315 1298 τοῖς
3339 1250 3485 1307 προ-

1896 1335 2094 1405 φήταις
2116 1348 2131 1363 ο
2166 1331 2262 1385 καὶ
2289 1330 2385 1383 ἐὰν
2412 1331 2878 1401 προσωποποιήσῃ
2900 1328 2992 1382 τὸν
3014 1328 3166 1393 Θεὸν,
3196 1328 3298 1381 οὐκ
3324 1327 3484 1384 ἐστιν
3506 1382 3515 1389 .

1894 1424 1925 1487 ὁ
1952 1422 2086 1488 Θεὸς
2112 1424 2142 1476 6
2168 1421 2366 1489 λαλῶν,
2390 1420 2527 1475 ἀλλὰ
2548 1420 2610 1474 τὸ
2647 1420 2871 1491 Πνεῦμα
2898 1420 2960 1473 τὺ
2984 1420 3049 1488 ἇγ
3060 1437 3138 1472 ιον
3163 1419 3229 1473 ὲκ
3255 1417 3481 1491 προσώ-

1898 1533 2001 1570 που
2034 1515 2128 1568 τοῦ
2158 1514 2294 1568 Θεοῦ
2349 1513 2535 1567 λαλεῖο
2576 1512 2670 1567 καὶ
2721 1512 2816 1566 ἐὰν
2865 1514 3336 1585 προσωποποιήσῃ
3384 1511 3482 1565 τὸν

1896 1605 2153 1677 Χριστὸν,
2175 1605 2277 1659 οὐκ
2311 1604 2457 1658 ἔστιν
2478 1606 2507 1657 6
2532 1602 2765 1677 Χριστὸς
2791 1605 2819 1656 6
2845 1602 3044 1667 λαλῶν,
3065 1602 3201 1656 ἀλλὰ
3226 1601 3288 1654 τὸ
3307 1600 3483 1654 Πνεῦ-

214 1688 492 1756 ιποριιθιεο
544 1690 890 1758 exhibuerit,
950 1694 1032 1747 vel
1082 1693 1242 1762 hujus
1289 1705 1380 1751 aut
1409 1696 1553 1751 illius
1580 1698 1787 1767 populi,

1956 1675 1975 1750 ἰ.
2003 1697 2066 1751 τὸ
2105 1697 2259 1766 ἅγιον
2287 1697 2352 1751 ὲκ
2379 1675 2668 1768 προσώτὲου
2701 1692 2793 1748 τοῦ
2828 1694 3063 1765 Χριστοῦ
3087 1694 3260 1748 λαλεῖ.
3296 1693 3480 1759 Οὕτω,

213 1794 597 1850 quamcunque
631 1786 844 1839 tandem
883 1802 1168 1857 personam
1205 1790 1522 1857 introducit,
1544 1792 1784 1862 Spiritus

214 1884 439 1928 sanatus
464 1883 570 1941 est,
601 1877 693 1945 qui
728 1893 921 1934 omnes
951 1880 1073 1935 illas
1110 1896 1375 1951 personas
1412 1884 1592 1953 ﬁngit.

1896 1790 1998 1844 κᾶν
2026 1791 2491 1861 προσωποποιήσῃ
2518 1789 2608 1842 τὸν
2636 1790 2944 1860 προφήτην,
2972 1789 3007 1859 ἦ
3031 1788 3122 1841 τὸν
3161 1787 3290 1841 λαὸν
3331 1787 3481 1840 ἐκεί-

1893 1897 2001 1941 νον,
2028 1882 2060 1954 ἢ
2086 1882 2177 1936 τὸν
2201 1881 2327 1935 λαὸν
2352 1880 2562 1945 τοῦτον,
2596 1879 2628 1951 ἢ
2654 1882 2683 1934 ὃ
2727 1898 2781 1934 τι
2815 1881 3015 1951 δήποτε
3041 1881 3476 1951 προσωποποιεῖ,

1890 1975 1952 2027 τὸ
1986 1973 2138 2043 ἅγιον
2165 1972 2391 2043 Πνεῦμά
2419 1974 2537 2025 ἐστι
2567 1972 2629 2025 τὸ
2653 1972 2829 2025 πάντα
2858 1969 3331 2043 προσωποποιοῦν.

216 2135 795 2171 ω

1603 2152 3448 2182 m

3416 2170 3449 2183 δ

1216 2338 1644 2429 RUFINI
1720 2308 2470 2431 PBESBYTERI

1563 2529 1657 2586 AD
1695 2530 2099 2589 HEBACLIUM

542 2686 836 2751 Praefatio
866 2688 935 2750 in
974 2688 1497 2769 Explanationem
1528 2686 1829 2766 Origenis
1857 2705 2054 2770 super
2093 2689 2443 2770 Epistolam
2473 2690 2654 2755 Pauli
2680 2691 2754 2753 ad
2790 2692 3133 2754 Romanos.

294 3007 463 3083 458
505 3010 767 3067 Valentem
811 3030 891 3068 me
922 3032 1084 3082 parvo
1108 3015 1409 3071 subvectum
1437 3019 1642 3089 navigio
1666 3036 1815 3073 oram
1846 3017 2122 3090 tranquilli
2156 3017 2355 3072 littoris
2383 3018 2671 3087 stringere,
2713 3023 2763 3069 et
2793 3014 3023 3067 minutos
3059 3013 3125 3067 de
3163 3012 3478 3067 Graecorum

219 3107 418 3174 stagnis
438 3108 716 3175 pisciculos
737 3110 923 3177 legere,
954 3111 1010 3164 in
1024 3114 1216 3174 altum,
1237 3112 1404 3181 frater
1428 3112 1665 3181 Heracli,
1682 3114 1867 3169 laxare
1906 3116 2018 3170 vela
2039 3116 2331 3183 compellis,
2350 3115 2634 3183 relictoque
2655 3128 2831 3179 opere,
2849 3113 2988 3182 quod
3007 3113 3059 3164 in
3081 3110 3467 3180 transferendis

219 3192 475 3250 Eomiliis
508 3195 817 3253 Adamantii
851 3202 990 3255 senis
1020 3203 1296 3269 habebam,
1328 3203 1522 3258 suades
1556 3214 1613 3258 ut
1653 3216 1834 3260 nostra
1869 3224 1985 3261 voce
2008 3206 2307 3277 quindecim
2342 3205 2457 3278 (6’s)
2481 3208 2598 3275 ejus
2621 3203 2912 3268 volumina,
2943 3206 3131 3267 quibus
3166 3202 3471 3269 Epistolam

226 3289 384 3342 Pauli
412 3290 479 3344 ad
507 3288 768 3346 Romanos
792 3293 1067 3362 disseruit,
1112 3297 1429 3363 explicemus
1456 3311 1475 3349 :
1512 3298 1564 3349 in
1598 3298 1786 3368 quibus
1817 3300 1906 3354 ille
1933 3301 2058 3351 dum
2098 3311 2332 3353 sectatur
2365 3299 2604 3369 Apostoli
2638 3314 2869 3365 sensum,
2918 3300 2975 3353 in
3009 3310 3116 3351 tam
3142 3297 3473 3367 profundum

218 3380 437 3449 pelagus
461 3382 704 3450 aufertur
739 3383 877 3453 (65),
908 3395 963 3439 ut
1001 3398 1166 3440 metus
1199 3389 1379 3456 ingens
1424 3389 1492 3442 sit
1526 3389 1653 3442 illuc
1685 3405 1803 3442 eum
1842 3392 2081 3459 sequenti
2136 3390 2267 3460 (66),
2305 3408 2367 3446 ne
2399 3390 2765 3461 magnitudine
2794 3408 3065 3454 sensuum,
3108 3391 3243 3445 velut
3279 3392 3473 3443 imma—

222 3478 384 3529 nitate
418 3479 742 3542 opprimatur
763 3481 1049 3534 undarum.
1092 3481 1225 3535 Tum
1261 3486 1449 3540 deinde
1470 3503 1563 3540 nec
1587 3486 1719 3539 illud
1732 3487 1960 3556 aspicis,
1995 3489 2135 3559 quod
2173 3490 2345 3542 tenuis
2380 3488 2508 3542 mihi
2539 3499 2612 3542 est
2640 3491 2856 3557 spiritus
2888 3489 2958 3542 ad
2997 3486 3323 3556 implendam
3347 3484 3466 3552 ejus

221 3577 331 3619 tam
361 3569 697 3639 magniﬁcam
721 3571 929 3625 dicendi
967 3573 1172 3626 tubam.
1207 3572 1378 3643 Super
1408 3593 1587 3630 omnes
1622 3588 1795 3632 autem
1820 3579 2153 3649 diﬂicultates
2173 3591 2273 3646 est,
2306 3580 2447 3650 quod
2476 3581 2780 3649 interpolati
2810 3592 2932 3635 sunt
2968 3581 3070 3649 ipsi
3100 3580 3242 3633 libri.
3272 3577 3475 3631 Desunt

221 3662 361 3715 enim
385 3662 498 3730 fere
524 3667 661 3733 apud
691 3668 924 3720 omnium
954 3668 1288 3723 bibliothecas
1324 3671 1607 3741 (incertum
1646 3690 1773 3727 sane
1797 3690 1900 3743 quo
1932 3676 2082 3743 casu)
2120 3674 2394 3745 aliquanta
2429 3691 2493 3728 ea:
2530 3677 2644 3743 ipso
2698 3691 2915 3743 corpore
2948 3673 3256 3738 volumina;
3287 3683 3336 3726 et
3359 3673 3477 3724 lure

180 3750 195 3765 ⁸
223 3755 533 3825 adimplere,
572 3769 729 3827 atque
765 3760 819 3813 in
853 3759 1044 3814 Latino
1066 3778 1217 3828 apere
1251 3764 1507 3833 integrant
1534 3764 1647 3835 (67)
1684 3769 2105 3837 consequentiam
2144 3771 2296 3832 dare,
2338 3784 2443 3821 non
2479 3778 2556 3822 est
2588 3770 2689 3823 mei
2723 3769 2942 3839 ingenii,
2982 3769 3095 3830 sed,
3126 3779 3181 3821 ut
3220 3778 3274 3820 tu
3304 3769 3477 3821 credis

221 3849 315 3918 qui
345 3848 457 3902 htec
485 3851 673 3920 exigis,
705 3853 936 3905 muneris
961 3850 1191 3921 fortasse
1216 3854 1399 3908 divini.
1419 3856 1585 3911 Addis
1611 3869 1809 3921 autem,
1841 3861 2047 3929 nequid
2065 3860 2333 3914 laboribus
2354 3862 2479 3915 meis
2506 3861 2661 3922 desit,
2683 3870 2739 3913 ut
2759 3875 2911 3912 omne
2936 3860 3032 3913 hoc
3046 3860 3342 3929 quimlecim
3363 3860 3476 3926 (68)

226 3943 553 3997 voluminum
580 3962 791 4012 corpus,
815 3955 956 4016 quod
985 3950 1201 4003 Grarcus
1234 3967 1404 4004 sermo
1430 3952 1497 4004 ad
1527 3956 1886 4023 quadraginta
1914 3956 2023 4026 fere
2046 3967 2136 4010 aut
2155 3973 2216 4010 eo
2236 3957 2464 4025 amplius
2488 3956 2654 4010 millia
2674 3970 2916 4008 versuum
2943 3952 3274 4019 produxerit,
3293 3954 3477 4006 abbre-

227 4036 379 4100 viem,
401 4046 450 4090 et
477 4039 547 4091 ad
578 4042 770 4103 media,
802 4043 846 4095 si
886 4042 1005 4110 ﬁeri
1025 4054 1212 4111 potest,
1243 4045 1415 4111 spatia
1442 4057 1727 4100 coarctem.
1765 4033 1912 4104 Dura
1931 4051 2066 4103 satis
2102 4051 2349 4121 imperia,
2388 4060 2437 4105 et
2469 4060 2723 4119 tanquam
2763 4049 2829 4101 ab
2860 4064 2920 4102 eo
2940 4047 3032 4117 qui
3061 4049 3270 4114 pondus
3301 4048 3478 4113 aperis

228 4130 388 4200 hujus
419 4132 553 4185 scire
580 4131 731 4196 nolit,
760 4134 1031 4203 imposita.
1062 4136 1353 4208 Aggrediar
1387 4150 1587 4205 tamen.
1621 4143 1667 4197 si
1691 4140 1831 4210 forte
1856 4143 2187 4198 orationibus
2216 4144 2343 4206 tuis,
2372 4159 2491 4214 qua:
2518 4142 2646 4195 mihi
2673 4151 2928 4212 tanquam
2952 4141 3154 4193 homini
3176 4140 3476 4207 impossibi-

228 4226 302 4277 lia
326 4224 583 4288 videntur,
612 4227 883 4288 aspirante
916 4225 1455 4299 Domino,possibilia
1479 4234 1635 4305 ﬁant.
1670 4234 1773 4290 Sed
1806 4235 1979 4306 ipsum
1998 4234 2140 4306 jam,
2163 4236 2209 4291 si
2246 4236 2473 4304 videtur,
2505 4232 2807 4304 Origenem,
2852 4230 3084 4303 qualiter
3108 4230 3478 4301 prarfationem

230 4318 457 4385 suscepti
479 4318 648 4387 operis
677 4319 895 4391 dirigat,
921 4322 1226 4380 audiamus.

301 4489 351 4525 ιδ
374 4485 517 4543 Psal.
536 4503 688 4555 cvm,
704 4491 762 4546 2.

309 4628 562 4713 (65).?"
591 4622 640 4698 ᾧ
937 4632 1010 4713 τᾷ
1051 4634 1186 4704 περι
1233 4636 1339 4713 τοῦ
1381 4636 1567 4713 Ἰούδα
1606 4638 1811 4713 γέγρα-

240 4699 414 4782 πζαιζ
438 4699 623 4768 Neque
665 4699 715 4782 in
745 4699 867 4782 _hoc
907 4704 1083 4782 sol_n_m
1121 4699 1362 4782 'psalino,
1410 4711 1500 4763 sed
1548 4699 1626 4764 ω’
1649 4699 1721 4763 u'.‘
1744 4726 1811 4764 xi.

239 4771 402 4894 filiam
425 4783 477 4825 et
503 4788 591 4827 Liv
657 4771 809 4827 Juda:
837 4776 1074 4843 nequitia
1125 4771 1181 4831 et
1224 4771 1452 4832 crimina
1486 4783 1805 4847 produntur.

295 4856 504 4897 IJBTIUS.

315 4914 429 5034 ΨΑ)
469 4912 542 4966 Ita
591 4912 831 4980 potiores
864 4929 991 4969 mss.
1035 4915 1436 4986 Manuseriptus
1477 4934 1604 4973 vero
1641 4919 1812 4973 codex

244 4981 317 5033 Va
348 4983 629 5039 lis-clarae.
678 4991 734 5036 et
785 5000 924 5038 unus
967 4983 1171 5039 Reaius
1209 4988 1409 5039 habent
1461 4990 1658 5039 decem.
1703 4991 1812 5039 Sed

245 4988 629 5047 Vallis-clarae,
678 4991 734 5036 et
785 5000 924 5038 unus
967 4988 1171 5055 Regius
1209 4988 1409 5043 habent
1461 4990 1658 5043 decem.
1703 4991 1813 5046 Sed

237 5050 806 5127 juxtancassiodorum
835 5055 1120 5127 legendum
1153 5059 1369 5113 videtur
1401 5060 1602 5127 viginti.

317 5122 429 5199 (65)
470 5121 626 5199 Libri
645 5133 804 5179 antea
831 5125 984 5191 editi,
1021 5126 1260 5195 e/fertur.
1284 5127 1386 5185 Ms.
1410 5121 1551 5184 unus
1576 5127 1805 5199 Regius,

244 5191 491 5260 σθεν-ιον,
520 5193 683 5250 male.

314 5262 429 5335 (66)
470 5265 549 5320 Ita
596 5265 838 5335 potiores
877 5280 1012 5323 mss.
1046 5266 1193 5324 Editi
1226 5283 1383 5339 vero,
1428 5278 1483 5325 et
1527 5285 1659 5327 mss.
1694 5269 1816 5343 qui-

1916 4642 2066 4711 dam,
2094 4638 2307 4711 sequi...
2340 4638 2611 4711 opprimar
2650 4635 2745 4711 (al.
2774 4631 3159 4711 opprimantur)
3191 4630 3476 4686 undarum.

1918 4710 2119 4783 Deinde
2143 4705 2204 4783 ne
2227 4709 2361 4783 illud
2387 4710 2597 4783 quidem
2622 4705 2844 4783 aspicis,
2871 4715 2977 4758 etc.
2996 4774 3026 4783 λ
3176 4782 3179 4783 ν
3280 4772 3293 4783 ,

1990 4780 2101 4850 (67)
2144 4779 2197 4834 In
2222 4771 2543 4850 quihusdam
2575 4774 2954 4850 mss._legit_ur:
2986 4774 3183 4850 Desunt
3207 4772 3345 4825 enim
3371 4771 3481 4839 fere

1923 4844 2020 4917 (al.
2050 4844 2198 4917 pene)
2225 4844 2363 4915 apud
2391 4847 2624 4917 omnium
2664 4846 3018 4899 bibliothecas.
3037 4844 3322 4917 lacertum
3353 4855 3481 4917 sane

1922 4910 2024 4991 quo
2050 4910 2567 4991 casu'aliquantagex
2589 4915 2702 4991 ipso
2724 4914 3231 4991 corporenolumina
3276 4910 3479 4991 subtra-

1916 4982 2146 5052 hantur,
2175 4998 2225 5042 et
2271 4982 2385 5063 hac
2426 4985 2714 5063 adimplere
2748 4984 2805 5037 in
2829 4982 3022 5063 _Latino
3051 4993 3307 5063 operetet
3344 4985 3478 5063 inte-

1915 5076 2086 5129 gram,
2121 5070 2230 5115 etc.
2282 5057 2388 5112 Sed
2424 5058 2625 5111 rectius
2666 5054 2845 5111 caeteri
2888 5069 3017 5109 mss.
3062 5065 3120 5108 et
3159 5054 3292 5109 editi
3332 5057 3390 5103 ut
3425 5054 3478 5102 in

1915 5139 2034 5185 IIOSI
2046 5144 2105 5182 ro
2140 5135 2310 5183 textu.

1988 5198 2099 5269 (68)
2141 5198 2217 5252 Ita
2243 5193 2664 5269 niss.__plerique,
2685 5206 2743 5250 et
2766 5194 2916 5250 editi.
2946 5192 3140 5249 Caneri
3167 5206 3302 5247 vero
3325 5203 3476 5253 mss,

1917 5264 2057 5327 alius
2083 5264 2284 5337 decem,
2319 5264 2409 5321 alii
2427 5265 2724 5322 duodecim.
