3712 6138
206 283 334 360 sae
1126 313 1481 372 COMMENT.
1529 317 1592 371 IN
1627 317 1844 375 EPIST.
1885 321 1976 376 AD
2011 323 2178 385 non.
2207 327 2598 390 pnmmrno.
3402 348 3507 407 est

277 469 3478 531 ﬂ..._______________________

1569 663 2156 760 ORIGENIS

429 855 1208 924 COMMENTARIORUM
1249 863 1332 924 ΙΝ
1388 863 1849 924 EPISTOLAM
1895 864 1955 926 S.
1990 867 2227 928 PAULI
2263 869 2372 930 AD
2411 871 2807 935 ROMANOS
2834 877 3290 948 PBIEFATIO.

1803 1045 1878 1057 -θ

291 1201 449 1269 Quod
490 1203 701 1259 czeteris
749 1206 976 1274 apostoli
1025 1207 1174 1264 Pauli
1227 1210 1486 1280 Epistolis
1525 1212 1799 1269 dilﬁcilior
1829 1221 1873 1276 Α
1903 1216 2230 1283 propositum
2265 1233 2476 1286 sequor,
2522 1216 2592 1270 ad
2630 1218 2866 1284 palmam
2909 1238 3155 1290 superna:
3200 1227 3486 1282 vocationis

221 1304 447 1362 putatur
469 1295 537 1350 ad
564 1294 976 1366 intelligendum
1000 1299 1114 1355 haec
1132 1315 1252 1370 qua:
1278 1303 1345 1355 ad
1369 1303 1643 1361 Romanos
1663 1308 1798 1361 scri-
1904 1309 2002 1362 Dei
2040 1311 2094 1362 in
2135 1308 2350 1364 Christo
2395 1308 2566 1374 Jesu;
2609 1321 2662 1364 et
2689 1321 2812 1379 post
2835 1313 2938 1366 hoc
2971 1313 3141 1368 dicit:
3174 1315 3484 1389 Quicunque

218 1398 306 1455 pta
331 1395 448 1450 est.
479 1389 689 1446 duabus
737 1391 870 1446 mihi
913 1393 1133 1447 videtur
1158 1394 1275 1449 ﬁeri
1316 1410 1383 1451 ex
1418 1398 1619 1454 causis.
1655 1399 1792 1463 Una,
1900 1415 2025 1467 ergo
2055 1399 2272 1467 perfecti
2300 1415 2505 1461 sumus,
2543 1403 2640 1452 hoc
2670 1403 2985 1457 sentiamus.
3023 1402 3076 1458 In
3106 1420 3213 1474 quo
3242 1411 3484 1464 ostendit

216 1480 360 1549 quod
389 1480 792 1538 elocutionibus
831 1484 1105 1539 interdum
1131 1485 1374 1543 confusis
1393 1498 1450 1544 et
1481 1489 1662 1545 minus
1691 1508 1796 1546 ett-
1899 1490 2169 1559 duplicem
2203 1506 2325 1545 esse
2351 1491 2738 1560 perfectionem
2766 1512 2778 1546 :
2815 1510 2996 1557 unam,
3029 1513 3150 1566 quae
3191 1509 3274 1554 est
3305 1502 3355 1554 in
3388 1517 3483 1556 ex-

169 1557 180 1571 ’
217 1573 415 1642 plicitis
443 1574 644 1639 utitur;
677 1575 806 1641 alia,
831 1577 976 1646 quod
1005 1579 1337 1646 quaestiones
1361 1582 1414 1635 in
1437 1597 1500 1637 ea
1529 1583 1796 1654 plurimas
1897 1557 2136 1649 pletioue
2169 1583 2450 1647 virtutum,
2498 1585 2794 1640 secundum
2841 1602 3002 1654 quam
3033 1589 3166 1642 dicit
3194 1592 3338 1658 quod
3373 1609 3480 1648 non

215 1675 418 1731 movet,
449 1674 502 1720 et
531 1681 624 1720 eas
653 1669 962 1738 praecipue,
999 1671 1194 1740 quibus
1227 1673 1517 1730 innitentes
1549 1677 1793 1734 haeretici
1896 1673 1967 1727 sit
2002 1672 2302 1743 perlectus;
2339 1684 2392 1729 et
2421 1674 2607 1742 aliam,
2653 1692 2775 1730 cum
2828 1677 2898 1730 ita
2950 1679 3070 1747 quis
3125 1681 3360 1750 prolicit,
3423 1693 3481 1738 ut

214 1766 470 1814 astruere
502 1761 678 1816 solent
701 1763 845 1832 quod
879 1765 1303 1836 uniuscujusque
1326 1779 1603 1838 gestorum
1631 1787 1793 1829 causa
1902 1767 2156 1821 decidere
2187 1782 2291 1822 ιιοη
2325 1768 2517 1837 Ροδεῖιι
2545 1784 2720 1839 neque
2755 1780 3050 1826 τεινονειιιῐ·
3086 1775 3356 1842 aspicere.
3385 1790 3475 1829 εθ-

215 1866 318 1905 non
342 1853 409 1906 ad
447 1855 783 1922 propositum
825 1857 1047 1922 debeat,
1085 1860 1182 1914 sed
1207 1861 1274 1914 ad
1317 1871 1524 1916 natura:
1555 1863 1677 1918 dive

2009 1859 2155 1914 dum.
2187 1875 2348 1926 quam
2396 1861 2610 1916 dicebat
2655 1877 2671 1915 :
2725 1861 3037 1933 Quicunque
3094 1881 3216 1935 ergo
3260 1868 3475 1935 perfecti

214 1950 376 1996 tatem
405 1942 621 2009 referri;
651 1955 704 2000 et
728 1961 794 2000 ex
823 1948 1014 2016 paucis
1045 1948 1204 2018 hujus
1240 1951 1492 2022 Ερξειοιςει
1521 1957 1790 2011 sermoni-
1892 1969 2097 2016 sumus,
2120 1951 2219 2005 hoc
2245 1954 2553 2006 sentiamus.
2575 1952 2854 2020 Quomodo
2881 1969 3008 2024 ergo
3041 1957 3321 2011 docebitur
3353 1974 3478 2028 per-

215 2033 310 2088 bus
343 2035 510 2092 latius
532 2035 829 2106 Scriptura:
853 2055 1098 2108 sensum,
1117 2043 1206 2111 qui
1233 2044 1445 2099 arbitrii
1477 2046 1786 2104 libertatem
1892 2040 2211 2109 iectiorjam
2231 2044 2526 2097 secundam
2557 2046 2623 2097 ad
2646 2045 2963 2100 Corinthios
2987 2049 3276 2117 scripsisse
3301 2065 3466 2120 quam

212 2141 530 2183 concessam
563 2144 593 2183 a
635 2130 746 2186 Deo
780 2132 989 2187 homini
1021 2135 1202 2201 docet,
1223 2148 1492 2193 conantur
1515 2151 1788 2198 evertere.
1892 2134 2170 2204 primam?
2198 2135 2276 2190 Ει
2306 2137 2389 2190 his
2425 2137 2542 2190 Sine
2571 2137 2736 2191 dubio
2777 2153 2896 2207 qua:
2927 2139 2978 2192 ill
3009 2155 3071 2194 ea
3099 2142 3297 2210 scripla
3329 2141 3472 2197 reie-

213 2219 437 2286 Propter
465 2223 610 2291 quod
656 2222 1014 2292 deprecantes
1062 2228 1213 2296 prius
1253 2229 1458 2298 Deum,
1503 2234 1592 2302 qui
1641 2235 1788 2290 docet
1891 2235 2106 2291 runtur,
2139 2243 2262 2282 cum
2288 2228 2460 2282 dicit:
2500 2227 2913 2284 Tribulationem
2955 2232 3212 2299 patimur,
3243 2234 3333 2286 sed
3361 2251 3468 2288 non

212 2313 471 2366 hominem
503 2315 779 2370 scientiam
814 2317 882 2381 ”,
922 2326 978 2371 et
1007 2319 1096 2386 qui
1124 2320 1214 2375 dat
1238 2337 1337 2389 per
1370 2321 1632 2391 Spiritum
1666 2342 1783 2379 ιιεν-
1889 2321 2638 2388 angustiamur;aporiamur,
2671 2322 2764 2375 sed
2788 2339 2890 2376 non
2925 2325 3469 2392 exapuriamur;per-

212 2401 329 2468 bum
361 2403 634 2469 sapientia:
659 2405 724 2469 ",
751 2407 953 2477 quique
987 2407 1253 2464 illuminat
1287 2428 1490 2467 omnem
1520 2415 1786 2469 hominem
1889 2412 2206 2464 secutionem
2226 2413 2480 2478 patimur,
2513 2413 2603 2466 sed
2631 2429 2733 2466 non
2787 2413 3243 2485 derelinqut'mur;
3286 2417 3472 2484 deiici-

211 2496 496 2551 venientem
524 2498 579 2553 in
607 2500 747 2554 hunc
778 2501 1035 2556 mundum
1065 2504 1130 2568 ”,
1168 2515 1228 2560 ut
1252 2507 1446 2574 dignos
1470 2523 1569 2561 nos
1604 2508 1786 2563 facere
1819 2564 1857 2574 ,
1889 2519 2029 2568 mur.
2053 2503 2144 2557 sed
2173 2521 2280 2558 non
2303 2504 2533 2571 perimus
2571 2521 2590 2570 ;
2626 2521 2831 2573 semper
2858 2518 3079 2559 mortem
3119 2506 3247 2560 Jesu
3275 2508 3330 2562 in
3352 2525 3472 2562 cor-

211 2585 465 2656 dignetur
492 2589 800 2662 intelligere
826 2593 1114 2664 parabolas
1133 2635 1148 2662 ,
1179 2608 1235 2651 et
1275 2599 1541 2657 obscuros
1576 2614 1784 2653 sermo.
1819 2564 1860 2618 Β
1884 2609 2010 2660 pore
2035 2604 2215 2648 nostra
2238 2595 2694 2662 circumferentes,
2724 2605 2778 2647 ut
2802 2607 2850 2648 et
2891 2598 2994 2650 vita
3019 2596 3148 2652 Iesu
3172 2599 3224 2651 in
3251 2614 3470 2667 corpore

212 2694 324 2743 nes,
360 2681 617 2752 dictaque
641 2687 968 2755 sapientium
993 2696 1050 2743 et
1069 2688 1354 2758 aenigmata
1377 2690 1447 2755 ’³,
1471 2689 1544 2743 ita
1566 2691 1781 2746 demum
1885 2691 2067 2734 ηοεινυ
2126 2685 2496 2752 ηιαηίῙειιεειιν
2527 2685 2595 2740 ⁸³·
2645 2684 2744 2752 Qui
2779 2699 2908 2754 0'80
2953 2701 3169 2756 semper
3221 2698 3466 2742 mortem

211 2771 604 2841 explanationis
639 2775 897 2845 Epistulae
931 2778 1042 2849 (69)
1073 2779 1223 2834 Pauli
1251 2781 1317 2834 ad
1353 2780 1626 2835 Romanos
1650 2796 1782 2835 con-
1881 2769 2010 2826 Jesu
2060 2773 2111 2827 in
2155 2790 2383 2844 corpore
2415 2791 2514 2831 suo
2562 2775 3002 2842 circumferebat,
3040 2795 3314 2848 nunquam
3357 2781 3466 2833 trti-

211 2861 479 2934 tingemus
506 2867 812 2934 exordium,
853 2871 1248 2940 prtemittentes
1273 2873 1386 2926 [nec
1418 2886 1537 2940 quae
1565 2872 1634 2926 ab
1664 2881 1780 2926 stu-
1881 2880 1988 2934 que
2018 2867 2071 2919 in
2117 2881 2182 2921 eo
2214 2867 2326 2938 (72)
2355 2869 2778 2938 concupiscebat
2821 2884 2952 2924 caro
2999 2870 3262 2926 adversus
3293 2871 3462 2941 spiri-

211 2954 370 3011 diosis
387 2957 673 3013 observari
692 2961 1048 3032 solent,quod
1068 2963 1654 3033 videturApostolusin
1674 2964 1780 3020 bac
1882 2965 2017 3020 illm.
2045 2957 2139 3010 Sed
2186 2968 2305 3011 eral
2327 2957 2376 3012 ei
2406 2959 2646 3024 δυὺὶθεῑθ
2665 2998 2681 3023 9
2710 2968 2901 3025 ιιιυοιθ
2933 2959 3256 3013 τηοηῖίὶοιηὲ
3285 2961 3352 3013 ad
3383 2962 3464 3014 εί·

211 3043 438 3115 Epistola
484 3048 778 3118 perfectior
814 3052 982 3107 fuisse
1007 3069 1170 3123 quam
1199 3055 1252 3108 in
1289 3055 1522 3109 caeteris.
1561 3054 1775 3108 Etenim
1880 3047 2243 3102 militudinem
2275 3049 2466 3103 mortis
2491 3047 2712 3103 Christi.
2753 3042 2981 3114 Quodsi
3006 3051 3154 3104 dicat
3183 3052 3339 3107 nobis
3363 3052 3464 3106 alio

210 3152 324 3190 cum
349 3139 584 3206 primam
613 3143 678 3195 ad
697 3142 1009 3198 Corinthios
1025 3143 1444 3211 scriberet,erat
1476 3147 1692 3215 quidem
1721 3146 1774 3200 in
1879 3141 2002 3208 quis
2033 3142 2144 3195 hinc
2184 3140 2503 3194 νθτῖεὶηιίῖίιι
2539 3155 2647 3193 ηοη
2684 3141 2880 3206 νῖιιθνί,
2913 3142 3040 3211 quia
3080 3157 3187 3196 ηοη
3227 3144 3458 3206 mullum

211 3232 410 3300 magnis
438 3232 793 3301 profectibus;
818 3235 1021 3305 aliquid
1043 3247 1219 3290 tamen
1248 3237 1316 3292 de
1354 3253 1412 3292 se
1448 3237 1596 3292 velut
1620 3249 1776 3291 uuta-
1880 3232 2138 3301 temporis
2174 3233 2316 3286 inter
2339 3233 2572 3300 primam
2607 3232 2905 3300 Epistulam
2943 3234 3106 3288 fuerit
3153 3249 3217 3289 ac
3259 3250 3459 3290 secun-

211 3325 414 3380 bundus
441 3326 557 3398 (70)
591 3327 893 3398 eloquitur,
925 3345 1046 3383 cum
1075 3330 1207 3385 dicit
1238 3349 1251 3385 :
1279 3330 1384 3384 Sed
1419 3346 1626 3384 macero
1653 3347 1774 3384 cor—
1879 3324 2024 3389 dum.
2059 3333 2239 3392 potest
2291 3332 2348 3378 et
2376 3339 2444 3379 ex
2477 3340 2541 3379 eo
2566 3324 2872 3379 evidentius
2923 3340 3184 3393 noscere,
3227 3331 3372 3397 quod
3401 3329 3458 3383 in

210 3431 300 3479 pus
319 3433 512 3483 meum,
535 3428 585 3472 et
602 3422 840 3474 servituti
855 3421 1098 3491 subjicio,
1119 3439 1181 3475 ne
1195 3422 1329 3491 forte
1350 3440 1470 3476 cum
1493 3424 1613 3476 aliis
1631 3439 1772 3493 prte-
1877 3416 2049 3484 prima
2075 3413 2320 3486 EPISIOIa
2352 3415 2585 3487 ejecwm
2611 3431 2737 3470 eum
2763 3417 2853 3486 (illi
2886 3417 3066 3472 fuerat
3105 3418 3299 3473 incesti
3338 3433 3456 3474 sce-

211 3506 624 3576 dicaverim,ipse
641 3509 888 3578 reprobus
901 3512 1173 3581 efﬁciar”.
1199 3511 1301 3566 Sed
1319 3522 1375 3565 et
1388 3514 1452 3566 ad
1469 3512 1677 3582 Philipp

2034 3507 2296 3576 pollutus,
2357 3515 2414 3563 et
2465 3509 2723 3561 traditum
2781 3507 3003 3564 Satanas
3060 3510 3114 3564 in
3165 3511 3452 3566 interitum

210 3609 293 3649 ses
313 3595 478 3668 459
495 3601 761 3663 scribens,
794 3601 1048 3669 quiddam
1081 3601 1133 3654 in
1163 3617 1221 3657 se
1247 3603 1422 3657 minus
1449 3601 1623 3656 adhuc
1653 3616 1773 3656 esse
1873 3598 2077 3662 carnis,
2105 3610 2164 3654 ut
2187 3600 2409 3668 Spiritus
2437 3600 2618 3653 salvus
2651 3600 2802 3655 lieret
2828 3602 2880 3654 in
2904 3603 2991 3655 die
3021 3602 3230 3658 Domini
3262 3603 3454 3675 "(75),

211 3686 384 3753 illius,
440 3706 607 3761 quam
662 3701 850 3760 postea
905 3703 1191 3748 aSSecutus
1243 3705 1365 3759 est,
1422 3694 1773 3764 perfectionis
1876 3689 1930 3743 in
1955 3690 2995 3759 secutitla”jaturevocat,etEcclesia2
3017 3695 3277 3750 membris
3303 3711 3453 3750 asso-

209 3783 456 3846 ostendit,
478 3797 605 3837 cum
638 3783 770 3837 dicit
797 3783 1135 3840 conformari
1167 3800 1228 3840 se
1271 3787 1434 3842 morti
1461 3787 1688 3852 Christi,
1723 3790 1773 3842 si
1873 3782 2003 3836 ciat.
2046 3781 2196 3848 Quod
2229 3783 2418 3852 utique
2449 3798 2555 3836 non
2591 3783 2819 3847 faceret,
2863 3783 2965 3838 nisi
3002 3799 3262 3854 processu
3315 3796 3452 3841 tem-

209 3877 459 3940 quomodo
485 3887 745 3932 occurrat
767 3878 820 3930 in
848 3878 1300 3944 resurrectionem,
1325 3895 1444 3948 qua:
1475 3889 1550 3933 est
1573 3897 1604 3932 a
1632 3897 1773 3934 mor-
1801 3911 1845 3969 Ο
1880 3874 2025 3943 poris
2056 3873 2247 3944 dignos
2275 3875 2325 3928 in
2355 3890 2420 3930 eo
2465 3874 2676 3928 fructus
2721 3875 3054 3944 paenitentia:
3104 3876 3451 3945 pervidisset.

209 3967 307 4018 tuis
324 3966 388 4020 '°.
421 3965 538 4022 Non
565 3969 712 4022 enim
736 3968 963 4033 diceret,
992 3969 1038 4022 si
1058 3969 1340 4036 quomodo,
1364 3969 1409 4022 si
1431 3969 1480 4022 ei
1505 3969 1618 4036 jam
1646 3979 1774 4025 tunc
1810 3965 1843 3969 ⁷
1879 3975 1935 4018 et
1966 3967 2108 4034 quod
2135 3965 2248 4032 jatn
2309 3980 2440 4020 caro
2489 3968 2797 4034 interitum,
2854 3981 3013 4035 quem
3063 3966 3449 4038 designaverat

211 4070 296 4111 res
323 4059 620 4114 indubitata
659 4061 958 4116 videretur.
1001 4060 1109 4116 Sed
1141 4072 1196 4117 et
1231 4061 1284 4114 in
1316 4062 1773 4130 consequentibus
1875 4057 2169 4126 Apostolus
2219 4057 2587 4126 suscepisset,
2647 4069 2870 4126 peccato
2923 4058 3134 4113 scilicet
3188 4070 3245 4114 et
3302 4061 3448 4116 vitiis

210 4146 442 4214 ejusdem
475 4149 727 4218 Epistulae
743 4151 858 4206 haec
881 4153 1069 4206 eadem
1099 4152 1360 4217 ostendit,
1383 4166 1505 4207 cum
1531 4151 1729 4206 dicit“
1755 4173 1768 4208 :
1876 4159 2113 4216 mortua,
2169 4157 2228 4201 ut
2277 4147 2349 4202 ita
2399 4148 2617 4202 demum
2671 4150 2880 4204 viveret
2926 4148 3033 4204 Deo
3059 4149 3127 4206 “.
3152 4149 3287 4206 Cum
3316 4167 3451 4223 ergo

210 4236 328 4293 Non
355 4242 495 4311 quod
513 4243 631 4312 jam
645 4253 950 4300 consecutus
975 4246 1094 4310 sint,
1124 4253 1214 4298 aut
1223 4245 1340 4313 jam
1351 4244 1611 4315 perfectus
1633 4246 1766 4311 sim;
1875 4248 2084 4294 tantum
2121 4238 2280 4309 spatii
2307 4239 2494 4305 fuerit,
2522 4255 2630 4310 quo
2654 4249 2912 4311 peccator
2935 4241 3177 4297 incestus
3213 4242 3445 4299 salutem

209 4344 383 4399 sequor
410 4345 585 4390 autem
632 4347 684 4388 ut
716 4337 1174 4404 comprehendam,
1219 4340 1273 4391 in
1313 4353 1416 4408 quo
1444 4346 1490 4391 et
1532 4353 1769 4404 compre-
1872 4331 2100 4402 spiritus
2130 4331 2384 4386 laudabili
2409 4334 2592 4386 carnis
2618 4333 2838 4386 interitu
2860 4334 3148 4402 receperit,
3173 4335 3450 4403 quomodo

209 4423 388 4481 hensus
417 4444 532 4482 sum
557 4446 588 4481 α
611 4427 838 4484 Christo.
876 4429 1115 4496 Fratres,
1132 4447 1227 4500 ego
1260 4447 1339 4484 me
1354 4433 1464 4498 ipse
1496 4447 1601 4485 non
1621 4430 1766 4482 arbi-
1867 4439 1975 4478 non
2004 4422 2298 4492 putandum
2331 4432 2413 4478 est
2441 4423 2611 4477 multo
2629 4421 2905 4478 velociore
2931 4437 3093 4478 cursu
3122 4423 3446 4495 Aposmlum

209 4525 314 4566 tror
348 4517 748 4587 apprehendisse
785 4519 918 4591 (7|).
957 4520 1110 4587 Quod
1143 4521 1186 4574 si
1216 4520 1336 4590 quis
1367 4528 1522 4588 putat
1545 4533 1639 4586 per
1664 4520 1765 4572 hu-
1867 4529 1989 4582 qttte
2016 4515 2258 4582 perlecta
2297 4522 2426 4566 sunt
2460 4513 2813 4566 assecutum?
2841 4512 2947 4566 Sed
2990 4511 3043 4565 in
3071 4512 3183 4566 illis
3219 4513 3444 4582 quidem

209 4605 481 4662 utilitatem
512 4611 738 4676 dictum,
777 4611 958 4665 videat
1011 4613 1062 4665 in
1108 4611 1570 4679 consequentibus
1602 4625 1765 4678 quam
1870 4607 1970 4660 iste
1991 4607 2110 4676 ejus
2140 4605 2603 4674 fueritprofectus
2629 4622 2641 4656 :
2667 4615 2874 4674 quanto
2903 4602 3016 4675 (74)
3065 4615 3244 4659 autem
3281 4605 3438 4661 subli-

211 4710 390 4766 magna
425 4700 492 4754 de
521 4701 854 4768 profectibus
880 4703 994 4757 suis
1027 4711 1310 4769 memorat,
1363 4718 1484 4757 cum
1518 4702 1651 4758 dicit
1679 4703 1724 4734 ³³
1751 4721 1764 4757 :
1871 4700 2008 4752 mior
2031 4709 2084 4753 et
2102 4698 2424 4753 eminentior
2437 4699 2506 4752 sit
2528 4697 2592 4750 ad
2615 4697 2884 4752 Romanos
2911 4698 3168 4760 scribens,
3186 4713 3252 4752 ex
3277 4699 3447 4766 ipsius

209 4786 374 4844 Unum
399 4805 594 4857 autem,
621 4811 682 4848 ea
711 4795 922 4864 quidem
953 4810 1070 4861 qua:
1104 4805 1240 4847 retro
1270 4804 1391 4846 sunt
1423 4793 1762 4859 obliviscens,
1872 4791 2127 4861 Epismlte
2145 4793 2490 4846 sermonibus
2522 4790 2860 4859 colligamus,
2895 4790 2946 4843 in
2965 4805 3070 4858 qua
3100 4791 3234 4846 dicit
3265 4807 3278 4843 :
3313 4792 3445 4856 Quis

209 4893 250 4934 et
277 4886 342 4936 ad
362 4901 422 4938 ea
447 4903 564 4956 quae
585 4888 640 4940 in
686 4896 808 4940 ante
843 4897 965 4940 sunt
1007 4903 1087 4939 me
1121 4886 1422 4949 extendens,
1475 4887 1764 4940 secundum
1872 4901 1964 4938 nos
2009 4883 2272 4950 separabit
2314 4901 2346 4937 a
2397 4883 2654 4937 charitate
2710 4881 2952 4936 Christi?
2988 4880 3315 4948 Tribulatio,
3372 4900 3442 4937 an

269 5043 312 5074 “
351 5044 487 5097 l’sal.
515 5059 669 5105 nm.
699 5045 785 5101 10.
862 5045 953 5098 ³⁸1
996 5045 1230 5110 ϐοηκιι,
1273 5045 1325 5100 8.
1429 5047 1474 5078 "’
1503 5045 1726 5111 Joan.l,

1973 5043 2131 5114 Prov.
2178 5059 2216 5106 ι.
2245 5043 2300 5098 6.
2378 5045 2423 5076 ³⁸
2462 5043 2730 5114 Ιϐρτηιι.
2759 5043 2848 5097 9.7.
2931 5045 2974 5075 '°
3001 5044 3195 5114 Philip.
3231 5060 3316 5106 ιιι,
3353 5045 3437 5111 10,

208 5113 290 5168 Η.
343 5114 384 5146 ³⁸
413 5117 542 5171 ibid.
572 5117 660 5182 12,
694 5118 778 5170 i5.
856 5117 900 5148 ³³
925 5119 1054 5172 ibid.
1084 5119 1170 5182 15,
1203 5117 1290 5173 15.
1345 5116 1390 5149 ³⁸
1415 5115 1598 5172 "Cor.
1631 5133 1674 5170 tv

1984 5113 2065 5165 i“l
2099 5113 2222 5171 Cor.
2269 5130 2320 5178 v,
2344 5113 2399 5168 5.
2471 5114 2515 5144 ³⁸
2540 5112 2582 5166 ιι
2614 5113 2739 5169 Cur.
2770 5114 2907 5181 ",8.
2982 5116 3026 5146 ³⁸
3057 5112 3214 5168 ιὶυὶιι.
3241 5131 3314 5179 v1,
3348 5118 3437 5169 11.

275 5259 360 5322 (69
428 5261 691 5328 Epistula.
705 5263 859 5315 Deest
893 5263 946 5316 in
977 5262 1156 5317 editis.
1871 5260 2117 5324 festatur.
2151 5259 2260 5324 Qui
2290 5275 2412 5328 ergo
2435 5269 2656 5313 mortem
2693 5257 2826 5312 Iesu
2870 5259 2925 5311 in
2967 5273 3183 5325 corpore
3209 5274 3304 5310 suo
3333 5260 3435 5312 cir-

275 5260 383 5400 ηοξ
419 5331 507 5386 Sic
537 5348 670 5386 mss.
702 5333 963 5400 plerique.
1003 5334 1144 5387 Editi
1173 5348 1300 5387 vero
1339 5341 1394 5386 et
1423 5345 1527 5390 ms.
1555 5331 1760 5400 Regius
1866 5329 2277 5397 cumferebatur,
2305 5346 2572 5399 nunquam
2612 5330 2668 5382 in
2709 5346 2792 5388 eo.
2823 5341 2930 5382 etc.
2975 5331 3075 5382 Ms.
3111 5343 3249 5382 unus
3279 5329 3435 5383 habet

274 5328 378 5400 (70)
419 5331 507 5386 Sic
537 5348 670 5386 mss.
702 5333 963 5400 plerique.
1003 5334 1144 5387 Editi
1173 5348 1300 5387 vero
1339 5341 1394 5386 et
1423 5345 1527 5390 ms.
1555 5331 1760 5400 Regius
1866 5329 2277 5397 cumferebatur,
2305 5346 2572 5399 nunquam
2612 5330 2668 5382 in
2709 5346 2792 5388 eo.
2823 5341 2930 5382 etc.
2975 5331 3075 5382 Ms.
3111 5343 3249 5382 unus
3279 5329 3435 5383 habet

207 5413 345 5468 num.
371 5400 823 5468 1659,de-swculo
847 5413 901 5456 ut
933 5403 1311 5466 mutabundus,
1354 5403 1514 5457 male.
1865 5402 2152 5468 utrobique
2183 5401 2666 5467 mortiﬁcationem,
2699 5415 2794 5466 pro
2818 5416 3055 5452 mortem.

273 5467 380 5537 (Ἠ)
421 5467 761 5539 Itapotiores
795 5487 927 5524 mss.
954 5482 1007 5525 et
1031 5473 1182 5526 editi.
1216 5472 1344 5526 Mss.
1389 5488 1516 5526 vero
1543 5472 1755 5540 aliquot
1864 5538 1875 5540 ξ
1936 5467 2153 5540 (73)]n
2211 5471 2573 5540 dierrllomini.
2615 5470 2739 5522 Haec
2776 5474 2960 5540 *vcrba
2999 5467 3332 5540 omittuntur
3386 5469 3434 5540 iu

209 5539 457 5611 omittunt
499 5537 608 5606 ipse
655 5551 708 5595 et
751 5551 938 5611 postea
975 5543 1208 5608 habent,
1252 5546 1488 5596 nondum
1519 5537 1756 5596 arbitror
1863 5537 2034 5593 libris
2057 5551 2215 5595 antea
2253 5539 2440 5601 editis,
2473 5543 2610 5594 etin
2639 5555 2742 5594 ms.
2775 5538 2942 5608 Regio
2979 5553 3130 5597 num.
3163 5537 3322 5604 1659,
3344 5539 3433 5592 sed

209 5609 661 5665 comprehendisse.
754 5609 769 5611 ’
1864 5612 2224 5664 restituuntur
2253 5624 2319 5663 ex
2347 5611 2560 5663 czeteris
2587 5625 2718 5661 mss.

271 5673 376 5749 (ΤΞ)
408 5679 496 5733 Sic
545 5696 671 5734 mss.
697 5681 967 5748 plerique.
1002 5680 1147 5734 Libri
1198 5696 1327 5734 vero
1355 5681 1485 5735 editi
1527 5691 1578 5735 et
1623 5697 1756 5736 mss.
1941 5679 2052 5749 (74)
2087 5679 2213 5734 Mss.
2247 5680 2466 5749 quidam
2517 5689 2570 5749 et
2598 5679 2750 5741 editi,
2782 5686 3059 5748 quantum.
3095 5678 3298 5736 Deinde
3332 5693 3418 5734 ms

213 5744 417 5810 quidam
444 5763 458 5800 :
491 5744 866 5819 semper-mors
887 5751 1011 5804 Jesu
1041 5752 1095 5805 in
1131 5768 1346 5806 coruore
1381 5765 1559 5806 nostra
1587 5755 1762 5806 mani-
1863 5744 2067 5812 Bestius
2107 5744 2452 5810 numClti'59.
2483 5744 2806 5808 colliqimus.
