3712 6138
201 307 316 366 837

1175 319 1532 380 COMMENT.
1570 323 1638 380 IN
1680 324 1902 384 EPIST.
1938 327 2031 383 AD
2068 329 2234 385 ROM.
2281 330 2407 385 LIB.
2445 330 2489 389 I.

3363 334 3469 392 858

197 429 554 522 ‘I‘haddaum
607 434 770 502 dixit,
822 435 1001 496 Lucas
1052 437 1246 497 Judam
1297 443 1488 502 Jacobi
1546 449 1787 520 scripsit.
1823 455 1863 512 Α
1896 448 2102 506 Gratcis
2137 461 2192 505 et
2245 451 2499 521 gentibus
2550 449 2698 522 leges
2732 465 2793 507 ac
2819 461 3094 521 prmcepta
3145 458 3468 512 conscribit.

198 519 433 578 Certum
472 536 559 581 est
610 535 792 584 autem
818 533 1182 604 evangelistas
1210 551 1320 591 non
1355 552 1568 594 errasse
1603 519 1790 598 iuno-

198 613 454 670 minibus
482 620 852 687 apostolorum
879 641 894 689 ;
919 625 1012 680 sed
1041 627 1165 696 quia
1198 629 1370 685 moris
1401 641 1520 684 erat
1545 633 1688 690 binis
1705 635 1787 690 vel

199 707 382 798 ternis
426 710 739 769 nominibus
786 715 864 769 uti
903 716 1180 785 Hebraeos,
1235 722 1399 778 unius
1435 722 1787 798 ejusdemque

198 796 309 851 viri
349 800 568 857 diversa
607 805 803 876 singuli
845 810 1109 864 vocabula
1143 827 1375 881 posuere
1405 814 1542 887 (85).
1577 796 1785 874 Secun-

200 888 338 942 dum
393 891 536 948 hanc
570 909 706 966 ergo
754 901 1209 956 consuetudinem
1260 904 1481 959 videtur
1538 909 1699 965 nobis
1732 919 1788 966 et

198 979 417 1040 Paulus
443 987 639 1056 duplici
677 1005 809 1046 usus
838 1006 959 1048 esse
993 995 1304 1064 vocabulo;
1347 1006 1401 1052 et
1449 999 1623 1056 donec
1661 1005 1785 1070 qui-

200 1072 331 1127 dem
381 1079 528 1145 genti
574 1082 808 1151 propriae
851 1084 1220 1151 ministrabat,
1247 1087 1445 1144 Saulus
1475 1105 1595 1146 esse
1627 1108 1787 1148 voca-

202 1171 319 1234 tus,
347 1170 492 1237 quod
525 1181 579 1227 et
627 1175 800 1243 magis
835 1175 1181 1245 appellationi
1211 1180 1403 1248 patriae
1431 1183 1786 1240 vernaculum

199 1258 535 1329 videbatur;
561 1264 759 1321 Paulus
786 1277 966 1323 autem
999 1269 1302 1340 appellatus
1332 1287 1453 1330 esse
1475 1272 1615 1346 (86),
1664 1292 1784 1332 cum

269 1373 467 1432 “Act.
492 1390 618 1441 xm,
643 1378 696 1434 9.

272 1489 394 1572 (85)
436 1493 602 1560 Editi,
636 1495 863 1565 ,singuli
889 1497 1180 1572 nominum
1221 1499 1476 1554 vocabula
1535 1519 1780 1572 posuere.

201 1558 311 1616 Sed
344 1578 541 1620 omnes
569 1558 702 1620 mss.
732 1558 902 1623 n'ostri
947 1577 1000 1624 et
1031 1567 1290 1626 Rabanus
1323 1558 1586 1628 omittunt
1614 1558 1785 1629 nomié

274 1701 403 1783 (86)
436 1703 602 1783 ξέᾶξιί,
635 1719 943 1783 perp_era_m,
987 1707 1424 1783 Paulu‘mautem
1454 1693 1782 1783 appellatum

201 1787 333 1826 esse.
366 1776 575 1830 Deinde
614 1791 716 1834 ms.
748 1776 951 1848 Regius
974 1794 1128 1834 num.
1156 1781 1315 1844 1659,
1347 1776 1498 1853 Legis
1513 1776 1574 1838 ac
1601 1783 1777 1839 Evan-

1891 545 2024 601 Nam
2059 558 2113 602 et
2139 548 2240 602 hoc
2268 548 2440 617 ipsum
2460 547 2603 616 quod
2632 545 2911 617 Scriptura
2935 547 3066 603 dicit
3093 563 3106 600 :
3137 549 3335 605 Saulus
3363 569 3457 606 au-

1890 649 2014 703 tem,
2044 641 2134 710 qui
2156 652 2202 693 et
2231 639 2436 694 Paulus
2456 640 2521 706 5°,
2541 642 2820 696 evidenter
2851 657 2956 697 non
2987 642 3036 697 ei
3065 651 3192 698 tunc
3223 645 3464 713 primum

1888 727 2041 783 Pauli
2079 746 2274 784 nomen
2325 733 2564 787 ostendit
2614 732 2955 802 impositum,
3004 734 3099 788 sed
3135 736 3336 790 veteris
3367 751 3464 805 ap-

1890 817 2198 887 pellationis
2229 821 2280 875 id
2309 821 2475 877 fuisse
2512 824 2783 893 designat.
2825 821 2950 877 Haec
2979 825 3047 877 ab
3081 823 3198 890 ipso
3233 836 3466 880 auctore

1887 909 2070 979 operis
2098 911 2320 974 omissa,
2377 927 2476 967 nos
2521 913 2648 983 quia
2705 913 2754 966 id
2807 913 3216 967 dissertationis
3250 913 3462 966 initimn

1888 1002 2172 1056 videbatur
2198 1018 2517 1072 exposcere,
2540 1016 2670 1074 puto
2702 1007 2844 1076 quod
2873 1021 2977 1059 non
3011 1006 3466 1061 iucouvenieuter

1888 1095 2272 1162 praemisimus.
2293 1096 2496 1152 Cmtera
2521 1097 2632 1166 jam
2658 1099 2724 1153 de
2745 1100 3187 1167 explanationutn
3208 1113 3462 1168 corpore,

1889 1185 2085 1255 quibus
2108 1189 2409 1257 poterimus
2430 1191 2766 1261 compendiis
2797 1206 3157 1260 exsequemur
3181 1190 3315 1264 (87).

1889 1505 2016 1577 gelii
2035 1515 2298 1576 praecepta
2323 1509 2624 1562 conscribit.
2661 1511 2764 1564 Sea
2792 1511 2974 1564 cmteri
3015 1524 3168 1575 mss.,
3201 1511 3458 1568 Rabauus

1888 1587 1950 1630 et
1997 1578 2532 1652 editi_u_ti_n_textu,
2576 1581 2678 1634 nisi
2703 1581 2845 1647 quod
2905 1597 3008 1636 ms.
3068 1599 3204 1636 unus
3261 1583 3456 1652 Regius

1890 1663 2041 1701 Itum.
2085 1647 2218 1702 1641
2257 1649 2453 1702 habent
2477 1653 2784 1712 conscripsit
2812 1652 2928 1703 loco
2957 1655 3256 1704 conscribit.

1961 1717 2074 1787 (87)
2117 1717 2216 1771 Ms.
2251 1734 2390 1772 unus
2418 1717 2619 1787 Regius
2640 1736 2790 1774 num.
2826 1721 2983 1786 1611,
3034 1721 3188 1774 Nunc
3205 1725 3324 1789 jam
3345 1734 3452 1776 σω-

1887 1797 2000 1841 tera
2023 1790 2087 1842 de
2107 1789 2501 1857 explanationis
2531 1805 2768 1860 corpore.
2799 1831 2813 1845 .
2853 1831 2867 1844 .
2895 1807 3260 1860 exsequamur.

211 1948 3416 1994 ______________________________________

1369 2134 2088 2294 ORIGEN
2097 2139 2271 2296 IS

500 2425 1572 2587 COMMENTARIORUM
1651 2435 1782 2586 IN

1863 2434 2512 2591 EPISTMAM
2592 2436 2700 2588 Β.
2802 2435 3154 2590 PAULI

1163 2719 1397 2849 AD
1491 2724 2423 2852 ROMANOS

1358 3059 1715 3148 L‘IBER
1788 3058 2282 3148 PRIMUS-

255 3407 416 3483 “l
455 3409 508 3464 1.
545 3409 752 3465 Paulus
799 3426 976 3465 servus
1019 3409 1150 3465 Jesu
1182 3409 1462 3466 Christi".
1497 3411 1570 3466 De
1603 3410 1768 3465 Paulo
1799 3419 1840 3473 Β
1869 3409 1985 3478 ejus
2008 3407 2326 3490 pronuntiet
2349 3406 2440 3478 qui
2473 3405 2750 3460 dixerat"
2779 3403 2892 3478 (91)
2918 3424 2929 3458 :
2959 3404 3094 3460 Ecce
3119 3423 3210 3476 ego
3237 3423 3354 3463 sunt
3381 3409 3434 3463 in

186 3501 299 3571 jam
324 3502 585 3556 diximus.
619 3503 982 3570 Requiramus
1026 3519 1171 3559 nunc
1197 3519 1294 3558 cur
1323 3519 1519 3560 servus
1553 3505 1764 3557 dicatur

189 3596 237 3649 is
268 3595 358 3663 qui
397 3594 526 3648 alibi
549 3595 596 3627 ⁸⁸
623 3595 815 3650 scribit
842 3617 854 3650 :
878 3594 1002 3649 Non
1044 3597 1182 3650 enim
1211 3598 1485 3664 accepistis
1513 3599 1760 3665 spiritum

187 3688 454 3741 servitutis
497 3687 688 3741 iterum
718 3687 834 3759 (88)
863 3688 921 3742 in
970 3688 1180 3754 timore,
1219 3691 1309 3743 sed
1343 3693 1618 3760 accepistis
1645 3693 1758 3760 spi-

188 3780 346 3833 ritum
391 3780 716 3848 adoptionis.
757 3781 812 3834 in
861 3797 966 3851 quo
1007 3781 1300 3836 clamamus
1326 3782 1511 3837 :Abba
1561 3782 1757 3850 Pater;

186 3881 240 3926 et
270 3871 468 3925 iterum
489 3872 535 3904 ‘9
564 3887 578 3924 :
607 3871 748 3937 Quia
778 3883 953 3926 autem
979 3873 1101 3927 estis
1133 3872 1256 3940 ﬁlii,
1286 3875 1426 3927 misit
1460 3873 1598 3928 Deus
1628 3873 1755 3942 Spi-

185 3963 341 4014 ritum
392 3961 525 4015 Filii
575 3964 660 4016 sui
710 3964 765 4017 in
810 3965 970 4017 corda
1009 3973 1190 4018 nostra
1225 3964 1538 4018 clamantem
1567 3966 1756 4020 :Abba

190 4053 374 4108 Pater.
425 4055 617 4124 Itaque
653 4056 773 4125 jam
825 4072 931 4111 non
977 4067 1051 4111 est
1083 4073 1280 4123 servus,
1309 4057 1397 4110 sed
1419 4055 1585 4124 ﬁlius.
1614 4057 1757 4122 Quo-

185 4144 342 4198 modo
385 4159 539 4214 ergo,
574 4159 698 4200 cum
730 4145 893 4201 etiam
937 4147 1023 4202 his
1056 4147 1252 4216 quibus
1297 4147 1645 4216 praedicabat,
1667 4148 1753 4201 di-

186 4243 271 4289 cat
300 4237 428 4303 quia
455 4236 572 4305 jam
601 4254 705 4292 non
749 4249 824 4292 est
855 4254 1058 4304 servus,
1087 4238 1178 4292 sed
1204 4238 1374 4306 ﬁlius,
1406 4238 1525 4309 ipse
1553 4254 1610 4293 se
1639 4255 1754 4294 ser-

187 4337 308 4377 vum
355 4326 677 4393 proﬁtetur?
707 4326 833 4382 Sive
865 4327 915 4382 id
947 4328 1244 4382 secundum
1283 4329 1436 4383 illam
1472 4328 1754 4383 humilita-

183 4423 286 4471 tem
332 4419 538 4473 dicuun
587 4429 860 4488 putemus,
909 4435 1071 4488 quam
1126 4419 1396 4475 Dominus
1435 4421 1639 4487 docuit,
1673 4423 1754 4477 di-

183 4522 307 4562 cens
328 4507 376 4541 “
402 4526 418 4564 :
444 4510 642 4565 Discite
665 4528 696 4564 α
722 4527 801 4564 me
830 4511 954 4581 quia
980 4511 1124 4564 mitis
1161 4528 1279 4564 sum
1303 4521 1352 4565 et
1387 4511 1602 4565 humilis
1630 4529 1750 4566 cor-

183 4598 264 4662 de,
312 4616 417 4656 non
464 4603 790 4658 errabimus.
831 4601 1020 4672 Neque
1065 4603 1209 4656 enim
1253 4617 1351 4670 per
1393 4603 1496 4658 hoc
1533 4602 1752 4658 laeditur

183 4691 385 4747 veritas
405 4692 673 4749 libertatis
701 4694 754 4747 in
783 4693 953 4747 Paulo
983 4693 1118 4764 (89).
1161 4693 1301 4748 Dicit
1331 4695 1475 4748 enim
1508 4704 1563 4750 et
1595 4696 1745 4764 ipse:

1867 3507 2038 3557 medio
2071 3513 2326 3565 uestrum,
2357 3516 2462 3553 non
2501 3501 2638 3553 sicut
2663 3499 3013 3564 discumbens,
3049 3500 3139 3552 sed
3162 3501 3297 3553 sicut
3333 3504 3434 3555 mi-

1869 3597 2136 3658 nistraus;
2155 3603 2207 3646 et
2228 3591 2344 3660 ejus
2372 3593 2464 3662 qui
2495 3592 2849 3658 semetipsum
2873 3591 3173 3646 exinauivit
3194 3589 3428 3646 formam

1862 3685 2003 3740 servi
2036 3683 2313 3753 accipiens
2331 3683 2397 3750 ⁸³,
2432 3693 2490 3738 ut
2522 3683 2665 3736 sicut
2706 3683 2772 3756 iis
2817 3683 2906 3752 qui
2955 3683 3006 3736 in
3047 3681 3162 3752 lege
3198 3694 3324 3738 sunt
3376 3687 3432 3740 lit

1861 3787 1914 3832 et
1949 3778 2065 3847 ipse
2091 3776 2194 3832 sub
2235 3775 2378 3846 lege,
2409 3785 2462 3830 et
2496 3775 2561 3830 iis
2589 3776 2680 3844 qui
2721 3775 2838 3830 sine
2877 3775 2995 3845 lege
3029 3786 3154 3829 sunt
3202 3777 3432 3833 cmcitur

1859 3868 2028 3924 etiam
2053 3869 2170 3936 ipse
2192 3869 2311 3922 sine
2337 3867 2456 3936 lege
2474 3866 2542 3932 ⁸³,
2565 3867 2635 3920 ita
2667 3877 2721 3921 et
2747 3866 2863 3934 ipse
2893 3881 2990 3934 pro
3021 3866 3108 3920 his
3136 3868 3225 3936 qui
3253 3871 3431 3925 adhuc

1859 3962 2002 4017 servi
2039 3972 2188 4023 sunt,
2219 3969 2274 4014 et
2323 3959 2561 4014 nondum
2599 3974 2696 4028 per
2737 3959 2989 4028 spiritum
3033 3960 3342 4028 adoptionis
3375 3961 3427 4014 in

1857 4051 2172 4106 libertatem
2205 4050 2452 4120 perducti
2485 4050 2952 4114 ﬁliorutn,servus
2987 4049 3266 4119 eﬂiciatur,
3290 4068 3425 4106 con-

1858 4145 2085 4199 trarium
2130 4159 2238 4198 non
2297 4143 2588 4197 videbitur.
2623 4142 2704 4198 Ad
2738 4144 2837 4197 hoc
2870 4151 3050 4212 potest
3094 4143 3256 4197 etiam
3297 4145 3428 4200 illud

1855 4235 2006 4301 addi,
2049 4237 2193 4305 quod
2227 4239 2292 4289 ad
2325 4236 2635 4291 Corinthios
2674 4237 2923 4291 scribens
2948 4237 3087 4290 idem
3111 4237 3424 4306 Apostolus,

1853 4341 1908 4384 et
1957 4329 2024 4383 de
2081 4329 2286 4397 nuptiis
2335 4328 2418 4384 vel
2472 4330 2725 4385 castitate
2784 4332 3126 4400 prtecipiens,
3171 4341 3424 4400 tanquam

1854 4421 2035 4475 alieno
2078 4423 2299 4476 nomine
2334 4422 2579 4490 quredam
2629 4421 2697 4474 de
2755 4421 3008 4476 libertate
3049 4437 3115 4477 ac
3165 4425 3426 4478 servitute

1853 4513 2158 4580 interserit,
2186 4513 2374 4568 dicens
2393 4513 2437 4544 ⁸⁸
2471 4513 2704 4568 :Servus
2744 4525 2956 4567 vocatus
2995 4530 3050 4568 es
3073 4515 3099 4566 1'
3137 4513 3292 4566 Nihil
3335 4532 3425 4568 cuo

1853 4620 1934 4658 res
1960 4621 1979 4658 :
2008 4605 2101 4660 sed
2125 4614 2173 4659 et
2203 4605 2251 4659 si
2275 4614 2420 4674 potes
2451 4603 2582 4658 liber
2607 4604 2745 4672 ﬁeri,
2778 4605 2945 4673 magis
2967 4613 3130 4659 utere.
3161 4603 3263 4670 Qui
3286 4608 3423 4658 enim

1851 4697 1908 4750 in
1942 4696 2170 4752 Domino
2207 4709 2422 4751 vocatus
2465 4705 2542 4751 est
2590 4713 2792 4764 seruus,
2819 4697 3036 4751 libertus
3070 4707 3144 4751 est
3173 4697 3423 4750 Domini:

185 4778 322 4835 Nam
349 4800 464 4836 cum
491 4785 625 4839 liber
648 4786 746 4839 sim
785 4787 850 4838 ab
879 4786 1146 4851 omnibus,
1171 4785 1411 4840 omnibus
1437 4803 1518 4841 me
1541 4803 1746 4841 servum
1775 4768 1817 4826 C
1850 4790 2097 4844 similiter
2134 4798 2184 4843 et
2216 4791 2308 4857 qui
2336 4789 2466 4842 liber
2491 4800 2705 4842 uocatus
2747 4798 2846 4853 est,
2880 4805 3060 4843 seruus
3103 4797 3178 4842 est
3204 4787 3421 4842 Christi.

183 4871 342 4940 feci“
379 4876 512 4949 (90).
549 4877 730 4932 Servit
756 4893 886 4948 ergo
923 4879 1170 4944 Christo,
1203 4893 1312 4933 non
1339 4879 1390 4932 in
1412 4879 1605 4948 spiritu
1633 4894 1750 4934 ser-

182 4963 494 5033 vitutis,sed
515 4967 570 5023 in
603 4969 799 5037 spiritu
825 4968 1156 5038 adOptiouis,
1188 4968 1316 5037 quia
1344 4968 1490 5022 omni
1518 4967 1750 5021 liberta-

183 5061 235 5110 te
254 5059 485 5116 nobilior
515 5071 600 5117 est
630 5062 867 5119 servitus
898 5062 1129 5118 Christi.
1160 5061 1290 5118 Sive
1319 5062 1473 5131 quasi
1504 5061 1749 5117 imitator

246 5195 292 5265 f"
325 5196 480 5254 Rom.
508 5216 545 5263 l,
582 5201 636 5257 I.
706 5201 754 5234 ⁸⁸
777 5201 934 5256 Rom.
964 5215 1082 5260 vttl.
1114 5201 1202 5258 15.
1275 5203 1322 5234 ³⁵⁸
1345 5201 1523 5257 Galat.
1553 5216 1627 5264 tv,
1661 5199 1776 5265 6,7.

182 5262 226 5296 “
243 5264 434 5340 Philip.
461 5262 603 5339 ",7.
680 5273 726 5306 “
753 5273 772 5328 I
799 5272 925 5329 Cor.
961 5289 1036 5338 tx,
1062 5273 1152 5327 21.

253 5403 362 5480 (88)
392 5405 614 5463 lterum.
650 5407 817 5464 Deest
873 5407 926 5480 in
958 5407 1238 5480 Apluribus
1290 5421 1450 5480 mss.,
1512 5405 1656 5460 sicut
1688 5413 1746 5459 et

185 5476 508 5550 paulo‘post,
540 5480 835 5550 accepistis.
875 5476 1083 5550 Deinde
1124 5492 1254 5532 mss.
1293 5476 1414 5531 fere
1464 5489 1654 5531 omnes
1688 5484 1744 5550 et

185 5546 340 5619 editi,
374 5545 501 5617 quia
534 5545 672 5604 estis
703 5550 928 5619 ﬁlii.....
959 5549 1015 5602 in
1065 5550 1227 5601 corda
1256 5559 1460 5612 nostra,
1482 5555 1618 5612 etc.,
1646 5545 1742 5601 sed

186 5616 392 5672 rectius
411 5635 510 5673 ms.
537 5635 678 5675 unus
704 5616 769 5674 ἰιι
800 5621 852 5674 in
885 5631 1073 5674 nostro
1096 5627 1270 5672 textu.

255 5687 365 5759 (89)
402 5689 493 5745 Ms.
528 5687 728 5759 Regius
759 5707 908 5747 num.
939 5690 1081 5743 1659
1102 5731 1116 5748 .
1157 5702 1322 5759 neque
1357 5687 1496 5742 enim
1521 5703 1614 5756 per
1652 5687 1746 5759 hoc

188 5757 372 5836 raritas
411 5756 707 5814 laborat—in
751 5760 944 5816 Paulo.
974 5761 1081 5816 Sed
1118 5756 1302 5814 caeteri
1338 5774 1493 5828 mss.,
1528 5769 1582 5814 et
1611 5756 1746 5814 editi

188 5834 245 5876 \ll
274 5834 325 5880 in
357 5835 526 5885 textu.

1231 5273 1276 5305 ⁸⁵
1299 5271 1320 5328 1
1347 5272 1475 5327 Cor.
1512 5287 1612 5338 vn,
1643 5271 1832 5328 21-25.

1853 4875 2038 4932 Pretio
2079 4880 2236 4948 empti
2269 4879 2417 4940 estis,
2450 4877 2612 4931 nolite
2643 4877 2760 4946 ﬁeri
2803 4878 2936 4931 serui
2971 4877 3256 4930 hominum.
3292 4877 3421 4942 Quae

1848 4970 2038 5040 utique
2065 4969 2338 5025 nonnullis
2367 4978 2561 5024 contra
2603 4968 2868 5034 rationem
2898 4967 3154 5022 videntur
3185 4969 3407 5020 inserta.

1847 5063 1986 5129 Quid
2038 5061 2183 5118 enim
2228 5061 2296 5117 ad
2357 5061 2673 5132 nuptiarum
2710 5061 2796 5114 vel
2836 5061 3115 5116 castitatis
3151 5070 3416 5130 praecepta

1853 5203 1901 5234 °°
1934 5202 2121 5260 Matth.
2149 5219 2204 5259 ιι
2259 5203 2356 5259 29.
2431 5203 2475 5235 “
2503 5201 2525 5256 1
2544 5202 2671 5260 Cor.
2693 5217 2772 5271 tx,
2802 5201 2940 5257 l9."
2969 5200 3100 5255 Luc.
3158 5214 3294 5262 nn,
3322 5198 3413 5252 27.

1917 5405 2030 5477 (90)
2056 5405 2207 5462 Libri
2248 5416 2404 5461 antea
2437 5404 2588 5477 editi,
2609 5413 2673 5477 et
2699 5419 2802 5460 ms.
2829 5403 3030 5473 Regius
3073 5417 3222 5456 num.
3253 5401 3412 5477 1859,

1846 5477 1910 5532 ab
1927 5472 2201 5548 omnibus,
2225 5477 2522 5548 hominibus
2547 5475 2644 5548 (al.
2666 5472 2933 5548 omnium}
2951 5490 3030 5527 me
3057 5472 3410 5548 seruumqfeci.

1919 5548 2030 5618 (91)
2056 5545 2159 5618 Sic
2184 5541 2318 5601 tnss.
2354 5541 2622 5618 plerique,
2659 5541 2984 5618 Salodian'us
3038 5552 3094 5618 et
3129 5541 3409 5596 Merlinns.

1848 5615 2236 5672 Genebrardns
2262 5631 2426 5680 vero,
2465 5617 2572 5669 sive
2597 5617 2724 5684 quia
2755 5615 3002 5667 imitatur
3036 5615 3150 5682 ejus
3176 5627 3413 5684 pronun-

1849 5691 2035 5741 tiatum
2056 5689 2147 5754 qui
2169 5687 2396 5740 dixerat.
2426 5685 2524 5740 Ms.
2561 5685 2763 5754 Regitts
2782 5699 2933 5754 num.
2976 5683 3136 5744 1656,
3167 5683 3272 5736 sive
3293 5683 3414 5750 quis

1849 5774 1966 5812 eum
1997 5753 2311 5814 imitatorem
2349 5756 2464 5827 ejus
2485 5753 2804 5826 pronuntiet,
2830 5753 2921 5822 qui
2948 5758 3177 5823 dixerat,
3203 5761 3309 5808 etc.
