3712 6138
372 269 442 323 ’59
1819 261 2141 317 ORIGEMS
3479 279 3565 325 seu

336 378 784 438 commemoratio
856 377 1138 432 servitutis
1196 393 1258 432 ac
1335 378 1604 434 libertatis
1676 382 1911 433 assnmi-
1941 383 1985 440 Α
2014 378 2305 445 speculum,
2353 385 2402 431 et
2447 378 2503 431 in
2538 377 2908 447 a'nigmate";
2936 385 2993 433 et
3035 377 3155 433 ideo
3188 377 3368 434 sancti
3401 394 3566 438 servos

339 485 426 528 tnr
456 473 615 542 (92)?
646 469 752 526 Sed
800 486 900 525 nos
955 486 1178 525 sensum
1217 469 1368 525 Pauli
1416 472 1486 526 ita
1536 471 1908 540 intelligimus,

337 564 478 633 quod
510 578 728 615 servum
771 561 918 614 dicat
952 576 1076 615 eum
1117 561 1208 630 qui
1231 558 1400 629 jugali
1435 559 1750 612 conditione
1781 573 1912 612 con-

339 656 562 709 strictus
593 663 678 708 est
710 672 723 707 :
752 652 877 720 quia
924 652 1117 706 mulier
1140 669 1242 705 non
1268 651 1421 704 habet
1453 659 1765 719 potestatem
1790 666 1910 704 cor-

336 747 477 811 poris
513 745 730 805 sui.sed
766 744 845 798 vir
888 743 1044 812 ejus;
1080 754 1125 797 et
1157 744 1234 797 vir
1269 760 1371 797 non
1403 744 1558 796 liabet
1594 751 1906 812 potestatem

337 842 568 907 corporis
603 841 712 902 sui,
758 839 848 892 sed
889 853 1026 891 uxor
1081 839 1195 904 ejus
1215 836 1282 890 ⁸⁸.
1318 834 1548 904 Propter
1581 836 1724 903 quod
1767 842 1819 888 et
1857 833 1909 886 in

341 930 465 984 aliis
497 930 626 984 dicit
678 931 745 983 de
799 929 903 992 eis,
933 930 1058 998 quia
1117 945 1219 981 non
1272 938 1345 982 est
1379 927 1615 981 servituti
1648 925 1909 994 subjectus

343 1023 534 1084 frater,
571 1019 648 1073 vel
685 1036 838 1073 soror
873 1022 926 1073 in
963 1019 1239 1083 talibus",
1274 1020 1504 1084 scilicet,
1530 1018 1670 1088 quod
1698 1017 1751 1071 in
1789 1017 1910 1072 aliis

335 1121 429 1160 eos
459 1107 710 1160 servituti
741 1107 909 1161 sciret
951 1121 1073 1161 esse
1104 1106 1398 1174 subjectos.
1433 1109 1527 1162 Est
1551 1124 1682 1177 ergo
1715 1122 1908 1162 servus

337 1209 580 1255 vocatus.
608 1199 698 1269 qui
739 1199 791 1252 in
819 1198 1070 1268 conjugio
1101 1201 1312 1268 positus
1338 1201 1482 1254 venit
1509 1201 1573 1253 ad
1605 1200 1903 1265 Christum,

334 1297 421 1344 cui
463 1288 706 1345 dicitur:
758 1290 954 1346 Servus
1005 1301 1222 1346 vocatus
1252 1293 1351 1346 es?
1377 1291 1528 1345 Nihil
1563 1292 1632 1345 ad
1679 1301 1728 1344 te
1778 1293 1908 1344 atti-

333 1393 452 1436 neat
477 1397 496 1436 :
527 1385 616 1437 sed
647 1392 695 1436 et
729 1383 775 1437 si
804 1391 951 1450 potes
981 1383 1112 1436 liber
1134 1385 1272 1452 ﬁeri,
1311 1387 1480 1454 magis
1510 1395 1654 1438 utere
1673 1384 1716 1415 ⁸⁸
1742 1385 1906 1452 ;quia

335 1479 387 1530 in
421 1477 746 1546 coniugibus
777 1475 1003 1530 alterius
1032 1475 1146 1547 (95)
1176 1475 1528 1530 continentia:
1564 1476 1790 1530 libertas
1827 1475 1905 1528 al-

333 1571 432 1624 teri
462 1581 685 1639 generat
707 1569 1006 1640 periculum
1040 1569 1334 1624 castitatis.
1367 1567 1490 1622 Non
1520 1570 1665 1622 enim
1704 1569 1905 1624 debent

333 1661 434 1714 nisi
471 1675 535 1713 ex
588 1676 857 1716 consensu
903 1663 970 1717 ad
1017 1671 1232 1730 tempus
1263 1676 1464 1717 vacare
1493 1661 1726 1716 orationi
1752 1660 1817 1724 ",
1850 1669 1904 1714 et

335 1752 532 1805 iterum
569 1752 622 1804 in
672 1752 903 1820 idipsnm
940 1760 1026 1805 est
1058 1751 1463 1817 revertendum,
1497 1765 1562 1804 ne
1594 1765 1688 1806 eos
1733 1758 1903 1804 tentet
1935 1722 1976 1780 Β

330 1843 568 1897 Satanas
615 1853 839 1912 propter
877 1841 1333 1897 incontinentiam
1371 1857 1546 1896 suam.
1583 1841 1630 1895 ls
1656 1857 1784 1912 ergo
1808 1843 1901 1912 qui

329 1955 426 2009 pro
478 1956 618 1994 nexu
653 1939 895 2008 c0njngii
941 1952 1129 1992 servus
1155 1947 1385 1990 vocatus
1418 1945 1524 1999 est,
1557 1935 1786 1990 libertus
1817 1945 1900 1991 est

328 2033 562 2086 Domir-i.
601 2031 854 2086 Libertus
885 2030 1029 2084 enim
1068 2044 1247 2098 neque
1273 2044 1340 2082 ex
1371 2028 1586 2099 integro
1611 2028 1769 2094 liber,
1799 2043 1900 2083 ne-

332 2139 441 2193 que
481 2139 546 2177 ex
589 2124 801 2193 integro
842 2136 1033 2175 servus
1081 2130 1164 2173 est
1199 2119 1334 2191 (91).
1361 2120 1416 2174 Si
1470 2120 1522 2174 in
1554 2120 1766 2175 caeteris
1795 2120 1905 2173 vir-

333 2218 540 2271 tutibus
576 2216 718 2269 liber
767 2214 952 2278 fuerit,
1000 2215 1042 2268 si
1093 2213 1238 2278 ﬁdei,
1277 2213 1570 2288 patientiae,
1603 2215 1906 2268 misericor-

326 2307 449 2370 diae,
489 2305 710 2373 iustitiae
754 2307 993 2358 tenuerit
1040 2303 1373 2367 libertatem,
1407 2302 1642 2357 libertus
1687 2302 1901 2358 Domini

325 2398 652 2467 appellatur,
690 2406 873 2464 utpote
922 2396 1015 2465 qui
1059 2410 1158 2466 pro
1211 2393 1377 2449 animi
1425 2394 1721 2450 virtutibus
1768 2395 1904 2450 liber

325 2491 417 2554 sit,
446 2499 496 2543 et
527 2504 624 2558 pro
654 2487 924 2557 conjugali
959 2489 1284 2543 necessitate
1314 2485 1427 2555 (95)
1459 2486 1535 2540 sit
1563 2500 1774 2540 servus.
1813 2485 1905 2540 Li-

325 2583 422 2637 her
451 2597 579 2636 vero
623 2590 706 2636 est
746 2581 837 2650 qui
893 2581 1014 2634 sine
1063 2594 1233 2634 uxore
1283 2594 1381 2648 per
1412 2578 1702 2648 puritatem
1730 2577 1904 2631 conti-

326 2676 524 2730 nentia:
549 2677 696 2729 venit
725 2677 791 2728 ad
829 2674 1128 2737 Christum,
1167 2672 1262 2742 qui
1295 2679 1475 2724 tamen
1515 2686 1705 2726 servus
1742 2670 1902 2725 Chri-

326 2769 396 2822 sti
431 2768 680 2834 ellicitur,
713 2769 838 2822 dum
868 2784 930 2820 ex
969 2768 1178 2836 integro
1219 2765 1510 2817 virtutibus
1543 2762 1729 2817 servit.
1763 2760 1903 2815 Pau-

327 2860 414 2915 lus
444 2876 594 2931 ergo,
623 2862 764 2915 sicut
801 2861 1021 2929 quidam
1050 2859 1292 2923 tradunt,
1321 2871 1444 2910 cum
1474 2869 1644 2909 uxore
1677 2862 1900 2909 vocatus

323 2963 440 3015 est;
473 2952 541 3004 de
572 2966 681 3020 qua
715 2949 850 3002 dicit
877 2949 944 3002 ad
983 2947 1359 3016 Philippenses
1389 2945 1696 3000 scribens”
1723 2942 1901 3014 :Rog't

321 3045 478 3097 etiam
521 3051 593 3106 te,
643 3055 890 3110 germane
941 3055 1174 3109 compar,
1203 3037 1395 3108 adjuva
1425 3035 1588 3108 462
1616 3035 1777 3089 illas:
1804 3032 1898 3104 qui

321 3135 581 3206 quoniam
616 3137 682 3187 ah
733 3134 844 3201 ipsa
889 3149 954 3187 ex
1004 3147 1271 3186 consensu
1327 3131 1466 3184 liber
1512 3130 1735 3184 ell'ectus
1786 3140 1891 3196 est,

322 3242 542 3283 servum
588 3241 647 3281 se
695 3225 804 3302 (96)
838 3227 1083 3280 nominat
1129 3223 1353 3278 Christi.
1393 3221 1449 3276 Si
1492 3237 1647 3284 vero,
1683 3229 1741 3274 ut
1769 3221 1893 3277 aliis

322 3323 560 3383 videtur,
589 3319 708 3372 sine
745 3333 934 3383 uxore,
963 3315 1316 3370 nihilominus
1361 3315 1453 3386 qui
1489 3313 1626 3368 liber
1666 3325 1892 3368 vocatus

321 3425 426 3478 est,
475 3428 662 3467 servus
704 3421 789 3466 est
846 3409 1068 3465 Christi.
1122 3408 1260 3474 Quid
1312 3418 1398 3462 est
1438 3415 1622 3461 autem
1673 3421 1894 3459 servum

321 3519 444 3560 esse
458 3505 682 3570 Christi,
711 3503 809 3556 nisi
835 3503 976 3573 quod
997 3511 1077 3556 est
1095 3515 1310 3555 servum
1336 3513 1458 3554 esse
1477 3498 1625 3552 verbi
1641 3497 1732 3550 Dei
1757 3496 1896 3563 (97),

323 3595 622 3666 sapientiae,
667 3594 912 3664 justitiaa,
965 3590 1235 3656 veritatis,
1282 3599 1336 3643 et
1383 3589 1624 3642 omnium
1675 3589 1896 3642 omnino

322 3693 607 3752 virtutum,
644 3704 765 3757 qua:
797 3686 977 3741 omnia
1007 3686 1265 3741 Christus
1301 3684 1422 3739 est?
1457 3683 1562 3738 Sed
1595 3693 1652 3736 et
1678 3681 1894 3748 illud,si

322 3784 554 3847 videtur,
585 3783 640 3835 in
678 3783 779 3835 hoc
806 3781 927 3835 loco
958 3780 1244 3844 addamus,
1279 3777 1422 3846 quod
1472 3777 1614 3832 sicut
1642 3777 1894 3841 scientia,

321 3891 441 3945 quae
488 3891 628 3929 nunc
675 3873 838 3928 datur
869 3872 1098 3935 sanctis,
1131 3886 1227 3939 per
1258 3868 1536 3938 speculum
1572 3871 1730 3921 datur
1754 3876 1808 3920 et
1841 3867 1894 3919 in

321 3968 604 4037 a'nigmate
637 3964 770 4036 (98).
795 3974 851 4019 et
878 3964 1185 4034 prophetia,
1215 3971 1270 4015 et
1308 3972 1504 4015 caetera
1538 3959 1674 4014 dona
1715 3957 1893 4027 Spiri-

323 4070 412 4114 tus
469 4059 704 4115 sancti"
742 4073 756 4109 :
790 4058 861 4110 ita
912 4066 968 4112 et
1022 4054 1266 4118 libertas,
1316 4067 1436 4122 qua:
1495 4067 1641 4106 nunc
1693 4051 1897 4104 sanctis

325 4161 636 4222 praestatur,
677 4149 914 4206 nondum
948 4147 1106 4219 plena
1129 4146 1357 4201 libertas
1381 4154 1486 4211 est,
1517 4145 1612 4199 sed
1638 4143 1782 4197 velut
1805 4158 1896 4211 per

395 4292 441 4323 ⁶⁶
470 4292 490 4346 l
518 4291 642 4346 Cor.
669 4303 766 4348 vn.
803 4289 858 4343 4.
903 4289 948 4320 ³⁷
983 4287 1118 4344 ibid.
1148 4286 1232 4340 l5.
1295 4287 1341 4319 ⁸⁸
1363 4285 1494 4341 ibid.
1548 4285 1639 4340 2i.
1682 4285 1726 4316 ⁶⁹
1773 4283 1895 4337 ibid.

395 4378 446 4421 ιι.
482 4363 567 4415 12.
653 4361 700 4393 ⁷³
731 4360 892 4415 Rom.
928 4374 966 4421 ι,
988 4360 1037 4412 1.
1139 4357 1185 4390 ⁷⁸
1217 4357 1406 4411 Matth.
1430 4371 1565 4419 xxii,
1597 4355 1687 4409 14.
1777 4355 1824 4386 ⁷⁵
1849 4353 1888 4406 Il

2103 4281 2149 4310 "°
2179 4281 2376 4346 Philip.
2408 4292 2436 4330 l‘

2061 4389 2074 4402 .
2104 4365 2218 4411 χιιι,
2242 4348 2331 4412 24,
2367 4347 2436 4400 25

2005 4370 2074 4412 fg.
2104 4370 2218 4411 xm,
2243 4370 2331 4412 ιιι,
2368 4370 2456 4400 zo.

326 4378 446 4428 xm,
482 4363 567 4415 12.
653 4361 700 4393 ⁷³
731 4360 892 4415 Rom.
928 4374 966 4424 ι,
988 4360 1037 4412 1,
1139 4357 1185 4390 ⁷⁸
1217 4357 1406 4411 Matth.
1430 4371 1565 4419 χιιι,
1597 4355 1687 4409 14.

395 4478 506 4553 (92)
533 4478 629 4535 Ms.
655 4478 854 4547 Regius
876 4493 1037 4553 num.
1064 4475 1658 4553 1659,_commemorata_
1677 4473 1900 4553 servitus
1936 4481 1977 4534 ι)

325 4545 644 4607 ασίἱόεγιαδ
690 4545 1020 4605 assumitur?
1058 4547 1254 4602 Caneri
1299 4562 1431 4601 mss.
1479 4556 1536 4598 et
1575 4545 1707 4600 editi
1743 4552 1801 4596 ut
1843 4546 1898 4597 in

326 4633 499 4678 testu.

400 4691 513 4762 (95)
555 4690 719 4753 Editi,
748 4689 924 4762 alteri.
960 4687 1026 4743 Et
1049 4685 1188 4742 inira
1217 4701 1352 4743 mss.
1382 4685 1602 4756 quidam
1628 4698 1752 4740 cum
1776 4681 1896 4738 edi-

326 4760 436 4826 tis,
468 4777 576 4814 esse
599 4760 978 4814 revertendum.

399 4822 515 4903 (94)
564 4829 655 4903 Sic
703 4847 834 4884 mss.
887 4827 1080 4890 nostri,
1127 4825 1454 4903 Salodianus
1507 4833 1565 4880 et
1610 4822 1894 4878 Merlinus.

323 4896 707 4960 Geiiebrardus
738 4916 891 4964 vero,
925 4914 1102 4951 servus
1133 4907 1208 4950 est
1227 4896 1539 4966 appellatus.

395 4973 506 5044 (95)
532 4973 606 5026 lta
641 4983 989 5044 OlllllBS‘IIISS.
1024 4971 1217 5044 nostri.
1253 4964 1395 5019 Editi
1427 4981 1574 5044 vero,
1609 4981 1703 5044 pro
1725 4964 1897 5016 actio-

326 5036 646 5096 ne‘vir'tutis.
678 5041 881 5094 Deinde
913 5051 1044 5092 mss.
1080 5039 1280 5107 plures,
1313 5049 1360 5090 et
1389 5055 1481 5104 pro
1507 5036 1681 5105 jugali
1715 5050 1896 5087 neces-

322 5115 495 5174 sitate,
524 5125 627 5174 etc.

394 5168 506 5254 (96)
542 5168 638 5234 Ms.
668 5179 833 5233 codex
864 5176 1226 5254 Ehroiceusis,
1253 5176 1446 5243 adjuua
1487 5175 1608 5227 illas
1627 5190 1746 5243 quae
1775 5191 1895 5226 cum

327 5248 437 5318 ipsa
489 5248 642 5316 sunt;
681 5253 803 5317 quia
853 5265 968 5300 cum
1000 5248 1108 5314 ipse
1137 5264 1311 5299 servus
1353 5257 1504 5307 esset,
1540 5262 1602 5297 ex
1632 5261 1888 5318 consensu

324 5315 456 5376 liber
487 5315 722 5392 eﬂ'eetus,
750 5335 950 5392 servum
999 5334 1072 5380 se,
1125 5320 1668 5392 ettani‘pdesautem
1692 5315 1885 5392 Vallis:

325 5384 590 5454 clara',"et
621 5409 758 5444 unus
779 5391 975 5458 Regius
1010 5391 1156 5439 unm.
1195 5387 1352 5458 1659,
1383 5386 1578 5454 utljuvu
1610 5387 1754 5458 illas.
1781 5384 1884 5458 Qui

325 5479 442 5514 cum
479 5466 588 5528 ipsa
616 5479 678 5514 ex.
704 5455 953 5513 consensu
985 5459 1115 5528 liber
1146 5457 1360 5528 e/fectus
1405 5468 1632 5519 est,.etc.
1662 5455 1800 5506 Editi
1832 5464 1886 5507 et

327 5532 463 5583 alter
498 5527 600 5584 ius.
635 5531 834 5598 Regius
871 5544 1017 5580 num.
1058 5527 1214 5590 1619,
1249 5527 1442 5596 adjuvit
1467 5528 1585 5578 illas
1615 5540 1732 5598 qua;
1764 5541 1882 5598 cum

324 5601 436 5663 ipsa
463 5610 603 5653 sunt.
640 5593 739 5652 Ex.
761 5615 1014 5651 consensu
1062 5598 1224 5664 igitur
1251 5593 1344 5666 (al.
1367 5599 1520 5666 deest
1551 5594 1729 5666 igitur)
1760 5593 1891 5646 liber

325 5667 539 5734 e/fectus
575 5686 800 5730 servum,
835 5678 966 5734 etc.;
998 5673 1090 5722 sed
1124 5664 1326 5722 rectius
1359 5681 1462 5720 nis.
1494 5664 1694 5734 Regius
1737 5680 1888 5718 tium.

329 5737 486 5794 1611.
517 5741 653 5790 utin
687 5749 856 5792 textu.

2012 485 2074 524 se
2095 485 2215 525 esse
2239 469 2448 532 dicunt,
2483 471 2548 523 ad
2585 469 3051 538 comparationem
3101 470 3248 527 illius
3296 471 3562 537 libertatis.

2010 573 2130 628 quae
2163 558 2298 629 [acie
2325 559 2393 612 ad
2423 559 2611 628 faciem
2640 559 2918 615 tribuitur.
2959 559 3062 627 Qui
3101 564 3304 617 etenim
3337 575 3498 633 potest
3520 567 3563 619 in

2010 666 2177 706 carne
2207 651 2332 719 quis
2385 651 2599 721 positus
2652 652 2878 720 adipisci
2929 653 3197 725 integram
3259 653 3563 722 libertatem,

2011 751 2068 794 ut
2093 743 2143 795 in
2165 741 2310 797 nullo
2329 743 2439 811 jam
2463 744 2666 797 serviat
2693 743 2886 798 carni?
2915 744 3072 798 Sicut
3101 761 3201 800 nec
3242 746 3564 813 adoptionem

2012 831 2242 886 filiorum
2270 833 2396 903 quis
2443 833 2494 887 in
2544 847 2772 903 corpore
2802 835 3010 904 positus
3046 837 3248 890 habere
3279 852 3348 890 ex
3381 837 3567 906 integro

2009 932 2208 989 potest.
2242 923 2423 992 Atque
2457 925 2662 979 utinam
2697 926 2800 980 hoc
2840 925 3036 981 saltem
3069 927 3307 982 obtineri
3338 933 3501 997 possit
3522 932 3564 984 in

2009 1015 2118 1069 vita
2167 1016 2496 1081 mortalium,
2551 1026 2609 1072 ut
2656 1031 2848 1073 servus
2873 1019 2998 1088 quis
3031 1017 3232 1074 Christi
3277 1029 3343 1075 ex
3377 1022 3566 1091 integro

2011 1108 2103 1162 ﬁat
2135 1125 2149 1160 :
2182 1118 2236 1163 et
2267 1124 2370 1162 non
2400 1110 2574 1176 carni,
2607 1125 2712 1164 non
2744 1111 3022 1178 sanguini,
3059 1127 3164 1165 non
3198 1128 3351 1167 vanae
3382 1114 3563 1182 glorise,

2009 1217 2114 1256 non
2157 1202 2463 1271 cupiditati,
2511 1219 2618 1255 non
2659 1204 2922 1268 avaritiae,
2972 1221 3077 1258 non
3127 1207 3446 1271 iracundiae,
3477 1224 3565 1263 non

2007 1292 2253 1360 invidiae;
2279 1294 2370 1348 sed
2387 1293 2478 1362 qui
2511 1295 2609 1348 soli
2637 1293 2878 1361 Christo,
2909 1295 2960 1348 id
2993 1306 3082 1350 est
3116 1301 3372 1353 omnibus
3424 1300 3568 1354 simul

2006 1384 2298 1439 virtutibus
2356 1384 2580 1438 serviat.
2627 1384 2752 1440 llazc
2787 1387 2855 1439 de
2882 1402 2948 1442 eo
2977 1390 3125 1443 auod
3156 1389 3423 1458 scriptum
3450 1406 3524 1446 est
3550 1413 3564 1447 :

2006 1473 2212 1530 Paulus
2242 1491 2423 1530 servus
2454 1475 2584 1531 Jesu
2609 1475 2829 1532 Christi.

2071 1570 2128 1627 2.
2170 1568 2401 1625 Vocatus
2429 1570 2714 1640 Apostolus
2737 1572 2805 1624 ⁷³.
2840 1571 3044 1626 Nomen
3075 1573 3197 1637 hoc,
3233 1578 3289 1628 id
3316 1579 3400 1628 est
3430 1592 3568 1630 voca-

2005 1673 2112 1728 tus,
2141 1663 2267 1734 quia
2298 1665 2364 1717 ad
2387 1679 2576 1718 omnes
2610 1665 2851 1732 pertinet
2882 1666 2972 1735 qui
3001 1666 3053 1720 in
3083 1667 3307 1720 Christo
3333 1670 3566 1733 credunt,

2005 1754 2254 1825 generale
2286 1763 2464 1824 potest
2493 1755 2704 1822 videri;
2736 1757 2833 1811 sed
2862 1756 3238 1824 unusquisque
3279 1761 3564 1814 secundum

2007 1847 2056 1900 id
2086 1847 2229 1915 quod
2263 1848 2315 1899 in
2344 1861 2409 1901 eo
2437 1846 2753 1915 prmviditet
2783 1847 2945 1916 elegit
2985 1848 3097 1919 (99)
3130 1848 3292 1913 Deus,
3323 1861 3414 1904 aut
3447 1867 3563 1921 apo-

2005 1937 2176 1992 stolus
2236 1947 2482 2003 vocatur,
2539 1945 2633 1990 aut
2680 1939 2967 2007 propheta,
3005 1945 3110 1991 ‘ant
3165 1941 3450 2009 magiSter,
3485 1952 3562 1998 aut

2007 2029 2146 2085 liber
2174 2031 2241 2086 ab
2274 2045 2462 2094 uxore,
2501 2039 2599 2084 aut
2636 2045 2826 2085 servus
2871 2031 2922 2085 in
2960 2031 3228 2100 conjuge;
3268 2043 3326 2088 et
3371 2050 3464 2103 pro
3496 2036 3565 2088 di-

2006 2124 2264 2178 versitate
2317 2123 2504 2192 gratia:
2551 2125 2854 2192 completur
2906 2122 3036 2177 illud
3099 2129 3244 2193 quod
3319 2127 3562 2196 scriptum

2005 2215 2145 2268 est"
2174 2233 2187 2269 :
2218 2213 2374 2268 Multi
2429 2226 2555 2269 sunt
2606 2217 2800 2278 uocati,
2849 2218 3006 2282 pauci
3069 2227 3244 2271 autent
3303 2218 3449 2272 electi
3475 2221 3560 2288 (l).

2007 2303 2296 2360 Sciendum
2336 2318 2515 2361 tamen
2575 2317 2660 2362 est
2714 2308 2855 2378 quod
2911 2309 3170 2377 possibile
3211 2319 3299 2364 est
3339 2311 3560 2378 aliquem

2005 2413 2126 2454 esse
2154 2409 2402 2453 vocatum
2456 2399 2778 2469 apostolum,
2815 2410 2908 2454 aut
2944 2410 3192 2455 vocatum
3228 2404 3559 2471 prophetam,

2004 2501 2098 2546 aut
2123 2500 2369 2545 vocatum
2399 2491 2742 2561 magistrum,
2773 2503 2827 2546 et
2853 2493 2896 2546 si
2929 2493 3228 2562 neglexerit
3269 2496 3560 2550 vocationis

2006 2599 2118 2638 sua:
2144 2584 2396 2654 gratiam,
2441 2583 2695 2637 decidere
2732 2600 2796 2637 ex
2843 2599 2905 2638 ea
2935 2603 2947 2638 :
2973 2586 3114 2639 sicut
3157 2597 3210 2638 et
3260 2584 3451 2650 Judas,
3481 2589 3560 2656 qui

2004 2676 2284 2746 apostolus
2325 2687 2550 2730 vocatus
2583 2684 2685 2739 est,
2718 2685 2774 2729 et
2816 2677 3094 2746 negligens
3129 2679 3434 2734 vocationis
3464 2695 3561 2734 suae

2005 2768 2260 2837 gratiam,
2315 2783 2381 2821 ex
2429 2768 2673 2836 apostolo
2717 2765 2940 2823 eﬂ‘ectus
2988 2778 3071 2822 est
3109 2771 3364 2838 proditor
3387 2771 3478 2842 (2).
3505 2772 3561 2826 Et

2005 2859 2106 2913 fuit
2137 2857 2352 2926 quidem
2378 2869 2604 2912 vocatus
2638 2856 2938 2926 apostolus,
2968 2860 3062 2912 sed
3090 2875 3195 2914 non
3230 2860 3337 2914 fuit
3371 2861 3560 2915 electus

2004 2949 2305 3016 apostolus.
2334 2947 2440 3003 Sed
2463 2958 2519 3003 et
2547 2947 2634 3003 ille
2664 2948 2926 3018 propheta
2961 2951 3054 3018 qui
3088 2953 3140 3004 in
3174 2952 3340 3005 tertio
3361 2950 3559 3022 Regno-

2008 3056 2123 3094 rum
2157 3038 2300 3095 libro
2335 3039 2566 3115 refertur
2594 3043 2950 3110 pr0pbetasse
2982 3041 3050 3096 de
3078 3041 3452 3110 .leroboam",
3481 3060 3562 3098 vo-

2003 3142 2158 3188 catus
2182 3133 2443 3202 propheta
2494 3130 2630 3197 fuit;
2672 3132 2719 3186 si
2759 3141 2942 3186 autem
2975 3143 3030 3186 et
3060 3133 3294 3199 electus,
3326 3135 3440 3204 ipse
3467 3136 3562 3190 dis-

2002 3225 2197 3285 cutito,
2243 3223 2500 3290 quoniam
2545 3223 2765 3290 quidem
2820 3223 3120 3290 prohibitus
3171 3240 3370 3292 panem
3427 3241 3561 3278 man-

2001 3316 2201 3368 ducare
2223 3313 2276 3368 in
2311 3313 2498 3378 Israel,
2531 3313 2895 3378 manducavit,
2946 3323 3003 3368 et
3043 3315 3406 3385 interemptus
3431 3327 3509 3372 est
3535 3333 3560 3371 a

2003 3406 2158 3460 leone
2190 3406 2288 3476 (5).
2320 3405 2457 3460 Sunt
2491 3414 2546 3458 et
2577 3404 2731 3458 multi
2763 3407 2941 3460 vocati
2975 3406 3219 3475 magistri
3263 3423 3364 3476 per
3389 3422 3560 3462 omnes

2001 3497 2274 3552 Ecclesias
2306 3497 2422 3562 Dei,
2453 3507 2509 3549 et
2538 3496 2717 3550 vocati
2769 3497 3049 3560 ministri;
3099 3497 3194 3550 sed
3244 3497 3432 3551 nescio
3478 3499 3559 3565 qui

2002 3589 2057 3643 in
2094 3588 2178 3644 liis
2212 3587 2378 3644 electi
2409 3587 2653 3658 magistri
2677 3587 2812 3652 sint,
2847 3597 2902 3640 et
2930 3587 3091 3642 electi
3124 3589 3388 3647 ministri.
3408 3591 3490 3644 Sic
3510 3600 3560 3644 et

2005 3692 2133 3753 puto
2159 3696 2280 3738 esse
2316 3684 2576 3750 quosdam
2616 3689 2838 3734 vocatos
2865 3679 3084 3747 quidem
3112 3691 3170 3734 ut
3193 3679 3557 3751 patiantur(4l

2004 3791 2103 3846 pro
2147 3775 2384 3839 Christo,
2439 3789 2544 3828 non
2592 3782 2771 3827 tamen
2822 3773 3058 3835 electos;
3096 3773 3146 3826 id
3195 3783 3300 3838 est,
3354 3787 3559 3828 vocatos

2005 3878 2294 3939 martyres,
2319 3867 2410 3922 sed
2437 3882 2542 3920 non
2579 3865 2785 3920 electos
2812 3863 2889 3936 (5)
2919 3876 3222 3936 martyres:
3257 3877 3314 3919 ut
3349 3876 3470 3922 sunt
3492 3866 3556 3919 illi

2001 3964 2092 4030 qui
2139 3969 2261 4030 post
2315 3968 2704 4012 tormentorum
2755 3971 2956 4026 agones
3011 3967 3066 4010 et
3117 3971 3425 4020 carcerum,
3463 3972 3554 4010 non

1969 4072 1972 4074 ·
2004 4067 2174 4121 usque
2201 4051 2265 4104 ad
2294 4051 2454 4104 ﬁnem
2487 4049 2539 4102 in
2587 4047 2949 4103 confessionis
2988 4049 3271 4102 tolerantia
3309 4049 3556 4117 perdura-

2004 4150 2146 4195 runt.
2199 4139 2293 4194 Est
2332 4147 2384 4193 et
2422 4147 2611 4193 vocata
2647 4138 2822 4208 virgo,
2866 4135 2964 4191 sed
3004 4151 3110 4191 non
3167 4137 3338 4194 electa
3387 4140 3552 4207 virgo;

2103 4279 2149 4310 "°
2179 4277 2388 4348 Philip.
2408 4291 2482 4348 iv,
2518 4276 2574 4332 5.
2645 4276 2688 4309 ⁷¹
2717 4275 2738 4332 l
2765 4275 2892 4332 Cor.
2919 4291 3020 4341 xu,
3045 4274 3079 4331 8
3109 4290 3227 4348 seq.
3302 4277 3351 4308 τ’
3379 4276 3417 4330 ll
3436 4275 3549 4332 Cor.

2077 4467 2190 4539 (97)
2251 4468 2344 4520 Sic
2398 4482 2529 4519 mss.
2577 4465 2841 4534 plerique.
2888 4464 3106 4539 Caeterig
3130 4478 3266 4539 vero
3305 4472 3363 4539 et
3397 4463 3549 4539 editi,

2009 4533 2148 4605 Quid
2173 4533 2254 4592 est
2301 4547 2476 4590 autem
2523 4533 2745 4589 servum,
2768 4551 2877 4589 esse
2909 4535 3148 4605 Christi?
3189 4534 3345 4599 Quod
3369 4544 3440 4588 est
3469 4533 3548 4604 (al.

2007 4603 2174 4668 deest.
2206 4609 2343 4670 quod
2373 4606 2470 4671 est)
2507 4622 2712 4660 servum
2729 4623 2839 4660 esse
2871 4608 3009 4660 verbi
3041 4603 3159 4670 Dei,
3191 4615 3298 4658 etc.

2061 4681 2177 4754 (98)
2220 4669 2360 4736 Editi
2394 4669 2666 4754 plerique,
2699 4686 2774 4731 est
2812 4691 2905 4746 per
2931 4669 3195 4742 speculum
3228 4673 3284 4724 in
3313 4669 3546 4737 (enigma-

1993 4750 2129 4815 te...,
2160 4750 2213 4807 et
2244 4764 2296 4805 ut
2329 4761 2519 4806 caetera
2550 4750 2711 4807 dolia,
2745 4758 2849 4802 etc.

2075 4809 2186 4887 (99)
2220 4818 2312 4872 Sic
2369 4830 2469 4868 ms.
2519 4815 2720 4887 Regius
2789 4826 2948 4887 num.
2984 4809 3162 4887 i639._
3191 4810 3384 4887 Caneri
3425 4823 3546 4887 vero

2009 4879 2456 4950 niss.,'Rabauus
2489 4895 2542 4940 et
2567 4879 2718 4949 editi,
2749 4882 2998 4951 prwvidet
3021 4893 3068 4934 et
3095 4883 3258 4952 eligit,
3291 4883 3362 4935 al.
3390 4879 3539 4946 elegit.

2007 4961 2206 5038 Deinde
2249 4973 2349 5012 ms.
2402 4970 2543 5011 unus
2589 4953 2791 5022 Regius
2822 4969 2968 5006 num.
2993 4952 3153 5016 1641,
3184 4962 3278 5005 uut
3307 4968 3475 5005 servits
3500 4955 3544 5000 tu

2000 5045 2262 5098 conjugto.

2073 5100 2149 5168 (1)
2177 5097 2318 5152 Editi
2370 5105 2426 5152 et
2473 5109 2607 5150 mss.
2645 5089 3100 5164 quidamzlllulti
3155 5091 3347 5157 vocati,
3405 5089 3542 5157 pauci

1998 5169 2168 5308 “eiii
2183 5236 2274 5291 Sic
2303 5252 2432 5290 mss.
2473 5243 2529 5290 et
2578 5234 2860 5288 Rabanus.
2895 5230 3040 5287 Editi
3062 5244 3216 5294 vero,
3246 5231 3456 5299 e/Iectus
3477 5236 3539 5279 est

1994 5311 2173 5378 prardo
2205 5318 2254 5361 et
2283 5308 2542 5378 proditor:

2065 5380 2140 5449 (5)
2175 5381 2251 5430 lta
2283 5368 2410 5431 inss.
2442 5388 2498 5430 et
2523 5374 2800 5431 Rabanus.
2830 5372 2972 5427 Editi
3007 5384 3154 5434 vero,
3185 5380 3233 5424 et
3267 5368 3541 5425 revertendo

1991 5462 2172 5516 captus
2203 5460 2274 5500 est
2301 5466 2331 5500 a
2360 5451 2527 5500 leone.

2065 5519 2140 5600 (ti)
2177 5518 2267 5573 Sic
2297 5533 2430 5574 mss.
2465 5518 2636 5571 nostri
2683 5523 2738 5570 et
2793 5513 3070 5570 Rabanus.
3115 5511 3280 5579 Editi,
3314 5515 3541 5582 putantur

1995 5602 2146 5726 mili)
2181 5657 2424 5737 Seduon
2456 5658 2665 5713 electos.
2729 5653 2852 5712 llzec
2895 5654 3274 5711 desiderantur
3304 5653 3358 5710 in
3403 5645 3541 5704 libris

2001 5745 2156 5782 antea
2185 5739 2364 5781 cdttts.
