3712 6138
182 230 330 289 849

1179 229 1534 298 (ΞΟΜΝῙΕΝΤ.
1570 239 1641 296 ΙΝ
1673 241 1894 298 EPIST.
1935 242 2028 297 AD
2067 241 2234 302 ROM.
2275 243 2405 299 LlB.
2444 245 2487 301 1.

3373 252 3481 308 850

181 365 323 402 mm
354 348 500 403 dicit
536 370 548 404 :
583 349 687 415 Qui
715 352 1117 419 prtetlestinattts
1141 369 1217 411 est
1259 358 1432 415 Filius
1466 360 1565 415 Dei
1594 362 1649 415 in
1688 361 1795 414 ttir-
1827 366 1875 428 Α
1903 362 2097 430 spiritu
2120 363 2572 418 sanctificationis
2594 362 2679 417 vel
2706 363 2903 420 divina:
2928 366 3145 422 virtutis
3166 369 3472 425 substantia

179 452 326 493 tute
364 442 653 494 secundum
688 445 937 511 spiritum
973 449 1408 516 sanctiﬁcationis
1441 453 1516 508 '°:
1550 453 1667 517 sed,
1690 452 1797 519 Qui

179 532 515 584 destinatus
540 542 614 584 est
641 529 822 586 Filius
857 532 954 588 Dei
980 533 1118 605 (23).
1151 536 1216 591 Et
1247 554 1402 594 nemo
1424 549 1577 609 putet
1600 555 1698 595 nos
1728 540 1795 595 de

178 623 311 677 hoc
340 637 597 678 sermone
631 625 905 680 curiosius
938 642 1103 697 quam
1154 645 1241 685 res
1288 631 1509 701 patitur,
1543 646 1796 702 perscru-

183 716 344 768 tari.
395 714 659 782 Quamvis
692 719 837 771 enim
887 720 940 774 in
993 720 1201 776 Latinis
1248 723 1648 793 exemplaribus
1676 726 1791 795 (Ἡ)

182 808 625 873 praedestinatus
649 808 821 863 soleat
845 811 1100 877 inveniri,
1126 823 1305 869 tamen
1331 818 1624 870 secundum
1648 818 1792 888 quod

179 898 697 966 Interpretatiouis
742 901 946 955 veritas
978 902 1160 968 habet,
1207 898 1792 976 destinatus'scriptttm

180 995 308 1051 cst,
361 1002 468 1040 nan
503 989 936 1056 prmdestinatus.
990 990 1305 1048 Destinalur
1362 996 1507 1049 enim
1556 996 1648 1053 ille
1697 999 1789 1066 qui

174 1089 306 1140 est,
346 1080 769 1148 prmdestinatur
799 1096 931 1137 vero
959 1082 1049 1138 ille
1090 1086 1182 1154 qui
1228 1086 1466 1141 nondum
1511 1097 1619 1153 est,
1649 1089 1791 1144 sicut

180 1171 244 1225 hi
286 1175 361 1224 de
392 1174 591 1242 quibus
616 1173 730 1246 (25)
773 1175 906 1229 dicit
943 1176 1236 1246 Apostolus
1276 1177 1319 1210 "
1366 1198 1379 1234 :
1428 1178 1574 1245 Quos
1613 1191 1789 1235 autem

177 1270 492 1335 prwscivit,
528 1268 650 1323 illos
705 1280 755 1323 et
802 1271 1218 1340 prcedestinauit.
1266 1272 1516 1330 Praesciri
1553 1292 1687 1348 ergo
1734 1286 1790 1333 el.

181 1362 591 1430 prmdestinari
628 1373 853 1433 possunt
879 1364 956 1419 illi
985 1367 1079 1435 qui
1105 1367 1347 1422 nondum
1378 1379 1506 1424 sunt
1532 1386 1547 1436 ;
1578 1370 1669 1426 ille
1691 1384 1789 1425 au-

176 1464 310 1508 tem
345 1456 440 1525 qui
472 1464 579 1522 est,
608 1467 661 1511 et
686 1471 905 1526 semper
935 1467 1039 1525 est,
1072 1473 1180 1514 non
1220 1462 1660 1530 prmdestinatur,
1693 1465 1787 1520 sed

177 1546 532 1604 destinatur.
570 1550 694 1605 Ha2c
729 1552 874 1607 dicta
917 1551 1030 1607 sint
1057 1567 1086 1606 a
1123 1553 1280 1609 nobis
1327 1564 1547 1624 propter
1570 1570 1666 1612 eos
1692 1556 1784 1625 qui

178 1639 239 1692 in
275 1641 630 1708 unigenitum
662 1644 858 1700 Filium
891 1643 986 1699 Dei
1015 1644 1351 1715 impietatem
1382 1646 1698 1717 loquuntur,
1729 1657 1786 1704 et

1901 452 2259 517 nominatur;
2312 453 2376 506 de
2428 466 2532 521 qua
2570 452 2697 506 alibi
2735 456 2852 523 ipse
2892 453 3141 511 Salvator
3168 458 3321 523 dicit,
3348 460 3473 525 quia

1898 543 2065 597 tristis
2098 554 2173 597 est
2196 545 2377 596 anima
2406 561 2523 598 mea
2547 561 2707 613 usque
2731 546 2799 597 ad
2831 557 3048 600 mortem
3071 548 3152 610 “;
3179 560 3232 603 et
3261 569 3275 605 :
3313 551 3474 605 Nunc

1898 632 2078 686 anima
2103 648 2217 686 utea
2250 633 2468 686 turbata
2496 645 2570 687 est
2593 634 2637 663 η
2664 652 2676 689 :
2706 650 2869 704 quam
2899 646 2953 688 et
2984 653 3012 689 a
3040 641 3334 707 semetipso
3376 656 3472 709 po-

1895 723 2026 787 suit,
2063 723 2173 777 imo
2200 738 2321 793 quae.
2349 722 2465 793 (29)
2507 739 2680 794 usque
2731 727 2798 778 ad
2842 726 3115 781 infernum
3168 730 3469 796 descendit,

1902 815 1969 868 de
1998 830 2102 884 qua
2135 825 2190 869 et
2228 815 2470 870 dicitur:
2504 814 2628 869 Non
2665 816 2994 888 derelinques
3032 821 3263 875 animum
3302 839 3471 878 meum

1896 905 1953 958 in
1984 905 2194 975 inferno
2222 906 2288 961 ".
2323 907 2543 961 Certum
2575 916 2659 960 est
2679 907 2824 960 enim
2852 908 2975 977 quia
3005 909 3117 964 haec
3149 926 3254 964 non
3285 912 3351 966 de
3385 927 3473 965 se—

1894 999 2042 1054 mine
2090 997 2257 1053 David
2311 1008 2570 1069 generata
2626 997 2718 1053 sit.
2774 997 2916 1053 Dicit
2953 1001 3096 1054 enim
3148 1001 3275 1070 quia
3325 1005 3468 1072 quod

1894 1090 2098 1142 factum
2151 1098 2234 1144 est
2284 1104 2351 1142 ex
2399 1092 2606 1143 semine
2655 1088 2851 1153 David,
2901 1090 3195 1145 secundum
3247 1107 3466 1146 carnem

1889 1193 1974 1238 est
1995 1182 2234 1250 “.Quia
2289 1198 2421 1254 ergo
2452 1196 2627 1252 neque
2659 1182 2711 1237 in
2743 1196 2811 1237 eo
2836 1184 2980 1253 quod
3020 1184 3317 1238 secundum
3345 1199 3469 1238 car-

1889 1288 2012 1329 nem
2041 1285 2145 1340 est,
2166 1273 2377 1329 videtur
2402 1276 2773 1342 annumerari,
2801 1289 2976 1343 neque
3001 1274 3052 1328 in
3083 1288 3147 1328 eo
3179 1274 3268 1329 ubi
3301 1277 3465 1330 desti-

1889 1365 2183 1438 natur(50)
2208 1366 2384 1422 Filius
2438 1365 2534 1421 Dei
2562 1364 2616 1420 in
2647 1366 2848 1421 virtute
2892 1368 3186 1421 secundum
3214 1367 3462 1436 spiritum

1888 1458 2344 1516 sanctiiicationis
2391 1461 2469 1525 ³⁵,
2520 1468 2652 1531 puto
2721 1460 2865 1529 quod
2926 1461 3315 1516 consuetudine
3365 1475 3463 1516 sua

1890 1552 2188 1617 Apostolus
2215 1560 2400 1607 utatur
2425 1553 2597 1609 etiam
2629 1552 2681 1606 in
2713 1551 2816 1608 hoc
2838 1551 2977 1617 loco,
3008 1553 3188 1608 sciens
3228 1553 3462 1608 mediam

1887 1658 2103 1713 semper
2137 1657 2260 1699 esse
2292 1646 2534 1699 animam
2565 1645 2710 1698 inter
2740 1644 2993 1715 spiritum
3029 1653 3086 1699 et
3122 1660 3365 1710 carnem,
3407 1656 3463 1701 et

177 1731 523 1799 ignorantes
568 1735 935 1794 diﬂ'erenliam
990 1738 1247 1795 destinati
1285 1748 1342 1795 et
1392 1741 1782 1810 praedestinati,
1814 1729 1860 1786 Β
1888 1747 1981 1791 θυι
2001 1736 2239 1808 iungere
2262 1753 2324 1793 se
2350 1739 2527 1803 03ml,
2561 1748 2616 1792 θι
2637 1735 2774 1792 eum
2798 1753 2962 1791 unum
2989 1754 3109 1793 cum
3137 1753 3337 1802 carne;
3367 1750 3461 1792 3m

176 1833 535 1893 putanteutn
586 1827 731 1883 inter
784 1844 881 1885 eos
926 1830 1044 1900 qui,
1086 1846 1209 1885 cum
1249 1840 1377 1887 ante
1410 1848 1515 1887 non
1555 1832 1780 1901 fuerint,

177 1914 578 1986 praedestinati
626 1928 755 1975 sunt
806 1929 866 1974 ut
919 1928 1126 1985 essent,
1181 1924 1576 1977 numerandum
1623 1943 1637 1979 :
1688 1925 1780 1995 qui

175 2021 477 2077 nunquam
500 2011 924 2079 pradestinatus
946 2019 1031 2066 est
1057 2020 1117 2067 ut
1137 2024 1284 2068 esset
1309 2012 1500 2080 Filius,
1529 2017 1623 2072 sed
1645 2033 1784 2073 sein-

178 2115 286 2168 per
324 2100 431 2154 fuit
463 2112 518 2156 et
552 2090 635 2158 est
662 2104 779 2176 (26)
813 2106 955 2160 sicut
990 2113 1048 2161 et
1082 2104 1266 2162 Pater.
1314 2108 1414 2174 Qui
1464 2124 1595 2179 ergo
1638 2126 1780 2166 sem-

170 2210 284 2262 per
314 2207 429 2262 est,
455 2197 784 2261 destinatur,
811 2209 868 2252 ut
892 2200 1150 2267 diximus,
1185 2217 1289 2255 non
1318 2203 1774 2272 prcedestinatur;

170 2289 275 2357 qui
304 2298 495 2345 autem
533 2290 980 2360 praedestinatur,
1037 2293 1274 2347 nondum
1321 2303 1439 2349 erat
1482 2304 1609 2350 tunc
1650 2311 1772 2351 cum

174 2380 700 2447 praedestinaretur,
732 2382 827 2436 sed
864 2384 1039 2454 cmpit
1069 2401 1137 2441 ex
1169 2394 1432 2455 tempore.
1459 2385 1774 2443 Necessaria

175 2472 358 2540 igitur
414 2474 767 2530 distinctione
819 2477 1116 2549 Apostolus
1164 2480 1357 2544 utitur,
1411 2495 1535 2534 eum
1578 2483 1673 2551 qui
1706 2498 1774 2537 ex

174 2565 400 2618 semine
426 2563 598 2621 David
621 2570 919 2623 secundum
946 2585 1167 2625 carnem
1193 2580 1299 2636 est,
1325 2572 1527 2626 factum
1552 2576 1769 2641 dicens;

173 2671 304 2712 eum
356 2674 489 2713 vero
533 2675 692 2730 quem
741 2662 938 2717 Filittm
992 2663 1088 2718 Dei
1134 2667 1190 2718 in
1244 2665 1436 2720 virtute
1484 2669 1771 2722 secundum

174 2751 436 2817 spiritum
479 2754 931 2822 sanctiﬁcationis
986 2757 1031 2789 ³⁸
1083 2758 1357 2823 nominat,
1419 2759 1768 2815 destinatum.

173 2842 399 2898 Etenim
431 2860 556 2901 cum
587 2848 813 2903 dixisset
841 2846 1045 2902 Filium
1089 2848 1211 2914 Dei,
1240 2863 1346 2903 non
1374 2849 1652 2920 superﬂuo
1681 2854 1773 2906 ad—

177 2936 340 3003 didit,
376 2937 433 2992 in
468 2939 674 3004 virtute,
698 2939 943 2995 indicans
971 2941 1180 3009 perhoc
1196 2942 1337 3009 quod
1356 2943 1659 2999 substantia
1686 2945 1773 3000 Fi-

176 3027 284 3082 lius
313 3028 392 3083 sit
418 3031 712 3085 secundum
740 3032 989 3100 spiritum
1018 3031 1490 3088 sanctiﬁcationis.
1517 3036 1767 3092 Christus

174 3117 349 3191 ήθθ
376 3119 525 3175 enim
573 3118 668 3173 Dei
723 3120 896 3174 virtus
945 3129 998 3174 ct
1043 3119 1137 3175 Dei
1170 3120 1436 3189 sapientia
1467 3122 1671 3178 dicitur
1699 3124 1765 3190 ¹⁹,

174 3213 268 3279 qui
299 3224 358 3265 et
392 3228 562 3281 vapor
606 3213 823 3266 virtutis
868 3212 982 3279 Dei,
1016 3222 1071 3265 et
1102 3213 1338 3267 manatio
1368 3215 1552 3282 gloria:
1580 3214 1769 3269 Omni-

180 3305 424 3371 poteutis
466 3304 787 3372 puriSsima,
838 3315 893 3358 et
936 3304 1192 3372 splendor
1231 3305 1368 3359 lucis
1420 3316 1659 3371 teternze,
1711 3320 1768 3362 et

179 3399 365 3468 imago
408 3398 677 3453 bonitatis
709 3397 805 3452 Dei
835 3397 1143 3467 appellatur
1167 3400 1234 3453 ²⁰.
1263 3398 1376 3470 (27)
1403 3397 1508 3453 Sed
1541 3401 1771 3470 requiri-

179 3497 293 3554 tur,
328 3491 377 3545 si
407 3492 458 3546 id
491 3491 636 3561 quod
675 3490 741 3545 de
767 3489 980 3545 semine
1012 3488 1181 3542 David
1217 3491 1467 3546 nascitur
1495 3490 1634 3563 (28),
1679 3507 1770 3547 se-

178 3583 426 3636 cundum
460 3597 680 3637 carnem
717 3591 824 3646 est,
856 3581 1001 3650 quod
1030 3595 1161 3634 vero
1193 3581 1248 3636 in
1281 3584 1483 3637 virtute
1525 3584 1770 3638 destina-

180 3680 271 3727 tur
300 3675 605 3729 secundum
648 3673 906 3744 spiritum
949 3673 1427 3740 sanctificationis,
1462 3671 1632 3730 Filius
1674 3676 1768 3732 Dei

182 3775 237 3820 et
262 3765 315 3820 in
353 3767 662 3821 substantia
700 3766 793 3822 Dei
829 3777 935 3831 est,
961 3768 1234 3840 quomodo
1270 3768 1649 3838 accipiendum
1685 3778 1772 3823 est

184 3859 248 3913 de
283 3860 467 3913 anima
501 3858 655 3923 Iesu,
690 3875 810 3930 qua:
851 3862 937 3917 hic
978 3879 1320 3933 nequaquam
1356 3876 1480 3916 cum
1528 3872 1770 3947 carueet

289 3950 334 3981 ²⁶
358 3950 518 4020 Rom.
547 3966 583 4015 t,
614 3950 667 4004 4.
748 3953 788 3983 ’⁷
822 3952 979 4006 Rom.
1013 3970 1130 4020 vttt,
1156 3956 1246 4006 ἐξ).

182 4017 274 4072 '58.
351 4022 396 4053 ²¹
434 4019 589 4075 Joan.
613 4037 706 4084 xu,
734 4022 824 4076 27.
902 4024 947 4055 ³³
970 4017 1230 4088 Ρεειιζχν,
1260 4023 1346 4077 lt).

184 4089 232 4120 ⁸⁸
256 4089 452 4145 Matth.
482 4107 595 4155 xix,
612 4092 669 4146 6.
749 4095 794 4125 ²⁹
814 4093 835 4147 l
853 4093 977 4150 Cor.
1002 4111 1040 4159 ι,
1062 4094 1152 4149 '50.

259 4184 370 4258 (2'5)
405 4186 567 4251 Edili,
604 4191 694 4258 qtti
736 4190 1030 4244 destinatus
1073 4201 1148 4244 est
1196 4189 1373 4244 Filius
1416 4189 1511 4244 Dei
1555 4194 1609 4244 in
1660 4191 1769 4245 vir—
1800 4195 1845 4250 D

185 4263 316 4313 tute.

258 4326 371 4401 (24)
399 4326 567 4401 Editi,
598 4329 654 4382 in
684 4327 892 4384 Latinis
941 4331 1210 4386 codicibus
1253 4346 1301 4386 et
1350 4331 1760 4401 exemplaribus.

193 4395 390 4453 Deinde
416 4400 680 4454 omittunt
705 4401 1015 4455 secundum.

262 4467 373 4537 (23)
423 4469 515 4524 Sic
565 4486 670 4525 ms.
725 4471 928 4539 Regius
973 4487 1123 4527 num.
1178 4472 1334 4527 1641.
1389 4471 1580 4528 Catteri
1628 4490 1762 4529 vero

192 4550 343 4614 mss,,
378 4539 653 4614 liabanus,
689 4549 747 4594 et
773 4541 1073 4614 e_d_iti,_alii,
1105 4545 1241 4596 sicut
1273 4548 1336 4599 de
1360 4543 1444 4597 his
1475 4544 1540 4597 de
1574 4547 1761 4614 quibus

194 4608 501 4683 (;t|._t[uibtts
544 4612 750 4683 omisso
774 4611 860 4683 de)
906 4612 1056 4678 dicit,
1105 4623 1214 4669 etc.
1251 4631 1266 4680 ;
1305 4614 1466 4680 alius,
1518 4608 1656 4670 sicut
1697 4619 1763 4670 de

191 4678 501 4748 quibusdam
532 4681 682 4748 dicit,
714 4691 823 4735 etc.

263 4747 500 4822 (26)_ita
558 4747 674 4805 ms.
706 4749 907 4820 Regius
953 4771 1103 4809 num.
1154 4753 1284 4808 16H
1332 4772 1349 4822 ;
1399 4757 1582 4811 caeteri
1632 4772 1762 4813 vero

194 4831 347 4882 tnss.,
379 4820 634 4876 Rabanus
666 4832 721 4875 et
752 4823 881 4878 editi
913 4827 1170 4880 omittunt
1197 4836 1243 4878 et
1269 4820 1368 4879 est.

262 4888 372 4959 (27)
419 4891 547 4965 line
590 4892 931 4965 referendum
977 4895 1195 4949 videtur
1237 4894 1381 4962 quod
1441 4895 1760 4965 Pamphilus

200 4969 396 5035 martyr
428 4961 480 5015 in
500 4961 769 5035 _Apologia
801 4978 896 5019 sua
920 4981 987 5020 ex
1017 4967 1159 5019 libro
1187 4961 1361 5035 primo
1406 4961 1663 5035 Epistulae
1690 4970 1757 5022 ad

199 5026 464 5103 Romanos
484 5026 828 5103 desumptum
863 5026 1274 5090 commemorat.
1308 5026 1525 5099 Quaerat
1561 5037 1758 5103 fortas-

198 5102 266 5175 sis
295 5103 482 5174 aliquis
523 5103 570 5175 si
616 5101 798 5159 Filius
833 5106 1067 5159 charitas
1108 5118 1205 5170 est,
1243 5108 1505 5175 praecipue
1545 5101 1758 5175 propter

200 5169 311 5232 hoc,
342 5169 480 5241 quod
517 5172 755 5229 Joannes
794 5181 862 5229 ad
909 5175 1078 5230 Deum
1126 5169 1344 5230 Patrem
1390 5169 1569 5230 retulit
1620 5169 1758 5231 lianc

200 5254 385 5316 uocem,
411 5246 589 5298 dicens
606 5260 624 5297 :
649 5245 784 5311 Quia
807 5245 945 5301 Deus
973 5247 1215 5301 charitas
1237 5258 1319 5301 est
1341 5244 1397 5316 (ι
1412 5245 1575 5302 Joan.
1596 5263 1673 5312 tv,
1699 5248 1753 5313 8,

204 5306 435 5386 16)._S’ed
474 5306 693 5369 τηνδωῆ
722 5332 789 5369 ea:
828 5318 942 5385 ipsa
979 5318 1095 5386 ejus
1142 5306 1387 5381 Epistol‘a
1419 5306 1753 5386 proferemus

198 5387 245 5427 et
269 5380 396 5457 illud
419 5388 559 5457 quod
596 5387 721 5440 ait:
756 5380 1101 5451 Cttarissiitti,
1153 5380 1445 5457 diligamus
1498 5380 1749 5450 invicem,

200 5454 442 5529 quoniam
473 5455 843 5529 Acharitasiex
899 5458 1006 5512 Deo
1047 5466 1131 5512 est
1178 5454 1309 5527 (ibid
1345 5459 1423 5529 7).
1478 5458 1585 5529 Qui
1632 5473 1753 5526 ergo

200 5517 521 5596 dixit;Qnia
561 5527 701 5581 Deus
726 5528 966 5582 charitas
1005 5538 1109 5594 est,
1145 5517 1255 5596 ipse
1301 5517 1755 5582 iterum-charita-

207 5593 300 5640 lem
324 5594 462 5649 docet
499 5612 611 5651 esse
644 5614 709 5652 ea;
736 5599 844 5652 Deo
879 5616 898 5653 :
936 5593 1428 5665 quam’citaritatem
1460 5615 1564 5651 non
1599 5600 1756 5653 credo

209 5667 521 5737 esseAalium,
553 5669 655 5721 nisi
684 5667 1022 5737 Unigenitunt
1047 5666 1253 5722 Filium
1270 5669 1406 5737 ejus,
1429 5670 1563 5722 sicut
1588 5666 1755 5724 Deum

213 5739 275 5780 cz
300 5728 417 5805 Deo,
448 5728 524 5795 ita
549 5728 856 5797 charitate'nt
880 5756 945 5798 ea:
969 5739 1229 5799 charitatc
1255 5728 1607 5809 progenitum.

1328 3954 1370 3984 ’⁸
1405 3951 1651 4077 iraa?
1682 3953 1778 4080 ξιτ,
1818 3955 1862 3988 ”
1905 3953 2098 4077 Ξιίίἱῑῖά
2135 3949 2287 4074 29‘-
2323 3947 2697 4073 η’ῑιξξελεέτετ
2841 3948 2931 4049 ε’·ξίί

1546 4038 1655 4079 om.
1682 4040 1720 4092 ι,
1746 4038 1802 4080 o.

1887 1829 2100 1884 sociare
2131 1844 2193 1885 se
2222 1830 2468 1899 spiritui,
2504 1839 2561 1884 et
2592 1845 2717 1887 esse
2750 1848 2917 1886 unum
2946 1846 3068 1886 cum
3100 1831 3293 1901 spiritu
3335 1845 3353 1883 :
3389 1844 3458 1885 ex

1883 1934 2016 1989 quo,
2062 1921 2107 1976 si
2148 1921 2367 1987 quidem
2422 1937 2543 1975 cum
2598 1939 2766 1981 carne
2796 1925 2887 1988 sit,
2927 1923 3171 1978 carnales
3209 1922 3460 1977 homines

1885 2011 2062 2077 ﬁant;
2110 2012 2154 2066 si
2204 2026 2340 2068 vero
2374 2026 2499 2067 cum
2537 2015 2755 2083 spiritu,
2794 2014 3088 2085 spiritales.
3145 2015 3212 2069 Et
3252 2015 3457 2070 idcirco

1879 2101 2226 2157 extrinsecus
2249 2116 2367 2157 eam
2408 2118 2514 2157 non
2544 2104 2811 2165 nominat,
2838 2105 2932 2159 sed
2963 2120 3187 2160 carnem
3223 2114 3452 2167 tantum.

1882 2192 1969 2245 vel
2023 2193 2324 2262 spiritum;
2360 2194 2466 2249 scit
2515 2194 2664 2250 enim
2705 2194 2865 2249 alteri
2908 2196 3098 2251 horum
3144 2197 3456 2253 necessario

1883 2285 2120 2339 animam
2156 2286 2459 2353 cohaerere,
2492 2287 2635 2342 sicut
2675 2297 2730 2343 et
2775 2288 2829 2343 in
2864 2288 2952 2343 his
2983 2289 3052 2343 ad
3097 2302 3234 2357 quos
3278 2289 3438 2347 dicit:

1888 2375 1994 2431 Vos
2019 2387 2195 2430 autem
2236 2377 2294 2431 in
2326 2394 2485 2432 carne
2514 2394 2622 2433 non
2652 2379 2793 2444 estis,
2817 2380 2907 2433 sed
2938 2381 2992 2432 in
3025 2366 3215 2448 spiritu
3242 2380 3288 2412 “
3313 2395 3329 2446 ;
3353 2388 3452 2435 et:

1882 2470 1987 2535 Qui
2016 2486 2070 2524 se
2098 2470 2281 2540 jungit
2315 2471 2602 2537 meretrici,
2631 2486 2791 2524 unum
2821 2487 3017 2539 corpus
3060 2480 3138 2525 est
3178 2469 3454 2544 (meretri-

1879 2578 1996 2618 cem
2026 2563 2116 2616 hic
2145 2577 2370 2617 carnem
2414 2563 2500 2616 vel
2548 2578 2746 2631 corpus
2796 2566 3039 2633 vocans),
3067 2564 3158 2633 qui
3190 2573 3365 2618 autem
3398 2580 3456 2620 se

1865 2656 2049 2726 jungit
2079 2654 2328 2720 Dontino,
2376 2672 2512 2709 unus
2551 2657 2768 2725 spiritus
2814 2667 2894 2709 est
2921 2657 2990 2710 ³⁷.
3022 2656 3101 2711 Ita
3126 2670 3255 2726 ergo
3286 2656 3450 2711 etiam

1878 2765 2023 2801 nunc
2054 2749 2237 2803 sciens
2272 2748 2339 2800 de
2366 2749 2549 2802 anima
2579 2746 2731 2814 .Iesu,
2772 2748 2897 2816 quia
2942 2749 3148 2803 sociata
3195 2748 3449 2811 Domino,

1874 2853 1927 2894 et
1958 2841 2242 2895 cohwrens
2265 2840 2342 2909 ei,
2380 2856 2521 2895 unus
2549 2855 2675 2894 eum
2721 2840 2840 2910 ipso
2887 2840 3066 2895 factus
3108 2841 3180 2895 sit
3225 2840 3451 2909 spiritus

1875 2933 2354 3000 sanctiﬁcationis,
2412 2949 2521 2988 non
2575 2948 2694 2987 eam
2744 2934 3043 2989 nominavit
3080 2934 3445 2997 extrinsecus,

1875 3044 1941 3082 nc.
1966 3027 2200 3083 solveret
2233 3025 2414 3082 Jesum
2442 3043 2458 3081 :
2485 3027 2638 3091 Quod
2668 3028 2804 3081 enim
2823 3026 2939 3099 (51)
2981 3026 3123 3081 Deus
3146 3024 3448 3095 conjunxit,

1872 3120 2028 3174 homo
2063 3136 2167 3174 non
2198 3129 2403 3188 separet
2427 3118 2493 3173 ".
2529 3119 2999 3173 Sanctiﬁcationis
3045 3132 3177 3171 vero
3221 3116 3450 3185 spiritus

1873 3212 2075 3267 dicitur
2104 3212 2401 3266 secundum
2446 3213 2547 3266 hoc
2577 3212 2721 3281 quod
2769 3212 2975 3281 praebet
3021 3211 3273 3264 omnibus
3320 3225 3449 3263 san-

1874 3305 2142 3363 ctitatem,
2178 3302 2324 3356 sicut
2355 3312 2411 3357 et
2441 3302 2572 3357 alibi
2599 3303 2644 3334 ³⁸
2671 3302 2737 3356 de
2766 3316 2832 3356 eo
2875 3302 3135 3370 scriptum
3171 3309 3253 3354 cst
3287 3318 3300 3355 :
3340 3297 3447 3365 Qui

1873 3397 2046 3466 factus
2078 3408 2155 3451 est
2186 3397 2446 3466 sapientia
2474 3396 2621 3449 nobis
2649 3413 2681 3447 a
2715 3393 2847 3458 Deo,
2898 3406 2945 3447 et
2972 3394 3211 3463 justitia,
3241 3403 3290 3446 et
3323 3408 3419 3446 san

1870 3488 2144 3555 cliﬁcatio,
2169 3497 2214 3539 et
2236 3484 2545 3553 redemptio.
2576 3484 2772 3539 Verum
2806 3493 3110 3539 occurrunt
3139 3484 3297 3539 nobis
3325 3482 3446 3550 qui—

1867 3583 1991 3633 dam
2035 3580 2368 3649 quaestiones
2424 3578 2807 3633 acerbissimas
2853 3587 3258 3632 commoventes
3305 3576 3447 3645 (32),

1867 3672 2142 3742 quomodo
2175 3672 2428 3726 videatur
2469 3669 2721 3727 Christus
2769 3671 3105 3727 descendere
3132 3685 3202 3725 ex
3236 3670 3445 3726 semine

1869 3766 2061 3828 David,
2093 3779 2253 3834 quem
2281 3772 2493 3819 constat
2532 3778 2639 3818 non
2674 3778 2795 3819 esse
2822 3777 2889 3818 ex
2913 3760 3110 3828 Ioseph
3144 3770 3354 3829 natum,
3387 3762 3441 3816 in

1866 3877 2026 3931 quem
2058 3857 2257 3926 Joseph
2293 3857 2465 3912 series
2490 3871 2558 3910 ex
2587 3855 2756 3909 David
2801 3855 3182 3910 descendentis
3211 3869 3443 3925 genera-

3010 3946 3054 3979 “
3074 3946 3264 4003 Matth.
3289 3962 3437 4008 xxvi.

1905 4025 1950 4056 "
1990 4024 2119 4077 ibid.
2158 4025 2211 4075 4.
2323 4021 2369 4053 ’⁸
2396 4013 2555 4073 Rom.
2588 4036 2695 4081 \‘lll,
2721 4024 2777 4073 9.
2882 4017 3105 4071 "lCor.
3134 4033 3206 4083 Vt,
3234 4019 3320 4082 Η),
3352 4013 3437 4071 17.

1945 4189 2059 4258 (28)
2092 4187 2371 4258 Nascitur.
2398 4185 2589 4258 Deest
2616 4183 2668 4237 in
2710 4193 2868 4237 antea
2908 4181 3288 4258 editis._Pattlo
3319 4194 3441 4255 pOSl.

1874 4253 2004 4314 mss.
2038 4253 2254 4327 plures;
2282 4255 2331 4308 Γ
2336 4256 2459 4309 ilius
2492 4256 2589 4308 Dei
2614 4265 2661 4307 et
2684 4259 2981 4327 substantia
3011 4253 3230 4327 Deiest.

1942 4325 2054 4403 (29)
2083 4328 2224 4403 E_dit_i
2252 4338 2309 4381 et
2342 4342 2445 4403 ms.
2476 4339 2636 4390 unus,
2674 4326 2778 4377 imo
2806 4340 2931 4394 qua,
2968 4333 3074 4378 etc.
3108 4325 3216 4379 Sed
3255 4325 3440 4379 caeteri

1867 4397 2002 4457 mss.
2029 4397 2391 4477 ethiiabattus,
2422 4399 2528 4477 into
2551 4410 2677 4464 qua,
2700 4406 2849 4477 etc."
2882 4467 2893 4477 .
3301 4465 3312 4477 .

1940 4473 2051 4544 (50)
2076 4468 2167 4524 Sic
2188 4477 2399 4544 tussiet
2428 4465 2685 4544 [tabanus
2716 4480 2730 4529 ;
2765 4466 2894 4544 editi
2925 4480 3271 4544 vero,‘_neque
3294 4465 3352 4519 in
3376 4482 3437 4544 eo

1865 4535 1958 4597 ubi
1976 4535 2267 4607 descendit,
2297 4538 2364 4591 de
2391 4553 2497 4606 qua
2530 4536 2727 4607 dicitur
2747 4550 2767 4589 :
2795 4535 2908 4589 Non
2941 4537 3286 4607 derelinques
3320 4538 3437 4590 ani-

1865 4628 2007 4666 tnam
2050 4625 2228 4667 meum
2253 4603 2315 4663 in
2346 4603 2560 4663 inl'erno
2589 4603 2768 4679 (Psal.
2822 4622 2911 4671 sv,
2955 4604 3067 4678 Mt).
3102 4606 3434 4671 Destinatur,

1862 4697 1970 4737 etc.

1937 4751 2266 4826 (31)_{€_nim.
2301 4749 2464 4826 Deest
2509 4747 2561 4800 in
2607 4745 2790 4803 editis.
2838 4746 3042 4802 Deinde
3073 4762 3185 4826 λης.
3230 4745 3434 4826 Regius

1863 4817 2012 4877 nuin.
2033 4817 2211 4887 1639,
2248 4831 2305 4876 et
2358 4820 2634 4881 Rabanus,
2665 4833 2769 4872 non
2798 4830 3031 4887 separat.
3065 4817 3261 4874 Ceteri
3296 4817 3428 4871 mss.

1860 4906 1913 4949 et
1943 4894 2096 4958 editi,
2133 4909 2237 4945 non
2262 4899 2484 4960 separet.

1932 4964 2045 5042 (52)
2072 4963 2238 5042 εαξη,
2264 4958 2326 5015 et
2346 4975 2446 5042 ms.
2479 4973 2652 5042 ‘uuus,
2689 4958 2930 5042 qutcdam
2961 4963 3264 5042 questiones
3287 4974 3432 5017 acer-

1860 5031 2069 5089 bissime
2099 5033 2194 5104 (al.
2220 5031 2494 5104 acerrime)
2520 5039 2918 5104 commoventes.
2958 5031 3064 5086 Sed
3085 5035 3264 5088 cteteri
3291 5044 3423 5104 tuss-

1859 5099 2223 5161 etRabanus.
2259 5103 2478 5157 rectius.
2532 5109 2591 5151 ut
2639 5099 2690 5151 itt
2746 5109 2918 5156 textu.
2976 5104 3235 5158 Socrates
3281 5101 3426 5155 Hist.

1849 5174 1977 5231 ccci.
2046 5176 2142 5231 lib.
2172 5190 2267 5239 vn,
2299 5189 2420 5244 cap.
2455 5172 2544 5231 52,
2577 5180 2684 5244 att:
2711 5171 2821 5223 Καὶ
2851 5171 3148 5244 -Ὠριγέεδης
3170 5174 3228 5228 δὲ
3256 5176 3315 5227 ὲν
3348 5169 3427 5238 τῷ

1858 5245 2059 5317 πρώτῳ
2109 5242 2415 5317 τὸμῳητῶν
2460 5239 2706 5317 atquin:
2755 5239 3271 5317 npdg_"Peip_ct[ovc
3317 5243 3425 5317 cat”;

1869 5311 2243 5371 ’Ᾰποὰτόλὸύ
2279 5311 2657 5378 Ἐπιστολὴν,
2684 5312 2997 5382 ἑρμηνεύων
3030 5311 3146 5377 ac;
3179 5314 3425 5379 Θεοτόκος

1858 5386 2091 5457 λέγεται,
2124 5386 2370 5449 πλατέως
2399 5386 2650 5457 ἐξήτασε.
2679 5383 2784 5457 Sed
2812 5395 2858 5436 et
2881 5383 3228 5457 _0rigenes_in
3255 5389 3424 5457 primo

1858 5452 1995 5513 torno
2034 5452 2559 5514 Gemmentariorum
2604 5454 2654 5507 itt
2692 5452 2984 5520 Epistolam
3018 5454 3172 5508 Pauli
3210 5452 3279 5510 ad
3319 5455 3407 5511 Ro

1863 5544 2073 5595 manos,
2099 5543 2359 5598 exponens
2403 5542 2508 5595 qua
2544 5528 2744 5578 ratione
2780 5525 2991 5598 dicatur
3021 5524 3270 5598 Deipara,
3308 5543 3421 5580 eam

1864 5595 2210 5670 qua‘stionem
2248 5597 2504 5651 latissime
2529 5595 3049 5670 pertractavit.Quod
3075 5598 3151 5670 _a_b
3189 5599 3417 5669 Origene

1863 5663 1966 5729 hoc
1997 5672 2053 5728 itt
2082 5671 2203 5727 loco
2231 5676 2623 5742 pertractatum
2649 5663 2821 5719 fuisse
2847 5664 3144 5723 verisimile
3176 5676 3282 5726 est.
