3712 6138
251 224 350 277 851

1698 254 2023 314 ORIGENIS

3399 282 3507 338 852

251 334 416 390 ιίοηῖε
445 337 749 399 adducitur.
782 347 991 414 Quibus
1044 367 1335 417 occurrere
1362 367 1609 432 quamvis
1660 372 1829 427 mole-
1855 379 1905 437 Α
1934 374 2042 429 lius
2091 374 2186 429 Dei
2219 377 2290 430 sit
2322 392 2388 432 ex
2447 383 2845 440 resurrectione
2894 398 3256 461 mortuorum,
3292 395 3506 454 diﬂicile

251 436 393 461 cllum
416 428 485 461 ch
517 436 810 461 ριιηυηιι...μ
853 439 1038 461 In.--“
1076 460 1079 461 ,
1140 447 1173 461 ,.

247 436 393 480 Stum
415 428 487 483 sit
516 436 812 490 secundum
850 439 1047 497 litterae
1071 447 1359 516 rationem,
1382 428 1568 509 tamen
1603 472 1823 528 respon-

249 518 453 575 tletura
483 526 715 594 nostris,
744 532 889 599 quod
919 533 1096 591 Maria
1133 556 1256 611 qua:
1286 544 1601 614 desponsata
1624 518 1823 622 Ioseph

245 620 529 683 antequam
578 624 913 677 convenirent
956 627 1167 684 inventa
1210 645 1287 687 est
1345 636 1399 691 in
1433 652 1581 693 utero
1625 644 1823 699 habens

243 703 313 758 de
337 702 546 774 Spiritu
590 724 773 768 sancto
821 715 889 783 ⁸ο,
926 723 1221 779 secundum
1277 728 1452 798 legem
1492 734 1609 788 sine
1656 736 1820 790 dubio

246 798 538 855 contribuli
577 819 676 859 suo
699 815 753 860 et
778 820 1010 879 cognato
1038 817 1327 886 conjuncta
1353 832 1454 877 est.
1487 824 1547 879 Et
1573 829 1821 893 quamvis

245 888 459 945 dicatur
489 895 555 947 ad
597 911 715 951 eam
763 903 831 955 ab
875 906 1088 976 angelo,
1136 909 1265 980 quia
1316 924 1364 967 et
1416 888 1684 973 Elisalreth
1730 937 1820 974 co-

245 991 406 1048 gnata
442 993 533 1038 tua
561 990 723 1044 etiam
748 994 863 1060 ipsa
887 1001 1060 1066 pariet
1079 1000 1251 1069 ﬁlium
1273 1004 1330 1058 in
1357 1019 1621 1065 senectute
1644 1029 1744 1066 sua
1769 1014 1817 1046 ³⁸

244 1068 548 1141 (Elisaheth
586 1089 767 1134 autem
817 1098 882 1139 ex
933 1068 1149 1146 ﬁliabus
1190 1091 1371 1149 Aaron
1412 1111 1533 1152 esse
1561 1101 1815 1171 ,dicitur),

244 1173 427 1219 tamen
465 1166 771 1225 allirmatur
807 1187 837 1226 a
883 1180 1091 1234 nostris
1135 1181 1248 1251 (55)
1293 1188 1436 1254 quod
1478 1166 1817 1258 cognationis

240 1270 437 1312 nomen
466 1276 571 1313 non
602 1263 777 1318 solum
824 1267 891 1321 ad
937 1272 1289 1343 eontribules,
1322 1279 1416 1332 sed
1443 1288 1496 1333 et
1526 1282 1592 1334 ad
1627 1298 1817 1341 omnes

238 1348 331 1416 qui
371 1361 493 1404 sunt
527 1367 592 1407 ex
619 1369 820 1424 genere
848 1358 1046 1425 Israel,
1080 1365 1224 1420 inter
1267 1383 1326 1423 se
1373 1370 1611 1428 invicem
1659 1390 1810 1431 com-

236 1449 488 1508 petenter
511 1447 684 1514 possit
715 1452 916 1519 aptari,
969 1454 1111 1508 sicut
1140 1467 1195 1511 et
1227 1458 1366 1513 idem
1401 1466 1680 1532 apostolus
1746 1468 1813 1524 de

235 1530 490 1588 omnibus
528 1534 693 1590 simul
737 1538 870 1593 dicit
904 1540 949 1573 ³³
974 1554 992 1595 :
1019 1541 1125 1608 Qui
1176 1559 1296 1600 sunt
1346 1530 1557 1617 cognati
1594 1555 1693 1607 mei
1732 1571 1816 1607 se-

233 1623 471 1677 cundum
514 1641 747 1684 carnem.
793 1628 920 1686 Hazc
977 1633 1201 1701 quidem
1261 1645 1315 1690 et
1366 1638 1473 1694 alia
1519 1642 1603 1696 his
1665 1644 1815 1699 simi-

232 1708 305 1762 lia
339 1711 453 1784 (54)
481 1719 879 1785 respondeatur
909 1738 924 1787 ;
960 1736 1148 1778 verum
1186 1741 1347 1793 quam
1378 1730 1490 1784 sint
1512 1733 1685 1789 valida
1710 1736 1809 1789 ad-

233 1816 450 1857 versum
481 1808 814 1865 assertiones
836 1826 1026 1867 eorum
1057 1815 1151 1884 qui
1183 1832 1282 1872 nos
1308 1816 1805 1894 de-Scrlpturarum

237 1895 566 1953 testimoniis
591 1912 910 1971 perurgent,
944 1906 1175 1974 probato
1206 1919 1282 1968 gtu
1325 1912 1417 1979 qui
1456 1913 1609 1985 legis.
1641 1917 1806 1976 Nobis

234 1995 415 2042 tamen
466 1989 582 2045 haec
627 1993 979 2066 intelligenda
1015 2001 1309 2055 secundum
1368 2008 1667 2075 spiritalem
1722 2015 1804 2069 vel

233 2077 587 2149 allegoricam
641 2089 908 2143 rationem
953 2094 1127 2161 magis
1181 2096 1455 2167 videntur,
1504 2106 1802 2161 secundum

231 2171 376 2236 quod
409 2174 541 2228 nihil
579 2176 739 2233 obest
767 2183 933 2235 etiam
969 2189 1113 2252 quod
1156 2187 1360 2261 Joseph
1406 2204 1562 2263 pater
1600 2197 1801 2255 Christi

229 2260 457 2329 dicitur,
500 2282 623 2321 eum
658 2273 883 2328 omnino
917 2292 1027 2332 non
1082 2280 1149 2334 sit
1201 2282 1320 2351 ejus
1363 2298 1561 2355 pater;
1596 2291 1719 2358 quia
1747 2304 1803 2346 et

230 2352 286 2408 in
317 2361 773 2426 generationibus
798 2382 827 2419 a
855 2366 1109 2426 Matthteo
1138 2352 1375 2431 refertur
1395 2379 1460 2446 ³³,
1486 2384 1626 2449 quod
1654 2382 1804 2440 Josa-

227 2447 364 2516 pltat
388 2453 635 2520 genuerit
659 2455 862 2521 Joram,
900 2471 954 2516 et
982 2462 1165 2520 Joram
1196 2474 1449 2535 genuerit
1486 2447 1712 2544 Oziam;
1747 2480 1796 2533 in

225 2551 423 2607 quarto
475 2554 654 2601 autem
714 2549 1025 2623 Regnorum
1080 2558 1222 2616 libro
1284 2566 1544 2634 scriptum
1605 2582 1690 2626 est
1731 2572 1797 2639 ³⁸,

226 2635 369 2698 quod
400 2632 583 2692 Joram
625 2645 882 2710 genuerit
929 2646 1247 2718 Ochoziam,
1299 2665 1355 2710 et
1393 2632 1659 2717 Ochozias
1705 2632 1798 2736 ge;

224 2725 405 2779 nuerit
434 2725 584 2797 Joas,
631 2741 685 2786 et
736 2733 865 2790 Joas
893 2744 1139 2807 genuerit
1191 2746 1493 2815 Amasiam,
1546 2755 1796 2812 Amasias

222 2828 353 2869 vero
381 2824 629 2889 genuerit
654 2825 936 2894 Azariam,
971 2832 1143 2901 ipsum
1183 2838 1274 2909 qui
1312 2841 1581 2898 interdum
1635 2845 1795 2905 Ozias

221 2909 582 2978 nominatur;
619 2925 674 2970 et
702 2919 931 2978 Azarias
977 2923 1253 2983 Joatham.
1303 2931 1403 2987 llic
1447 2949 1577 3001 ergo
1606 2937 1791 3004 Ozias,

221 3001 314 3068 qui
350 3013 407 3058 et
432 3005 679 3075 Azarias,
707 3025 830 3066 cum
860 3014 911 3067 in
942 3028 1139 3085 quarto
1168 3019 1483 3090 Regnorum
1521 3001 1787 3102 Ιίιιι-ο(35)

220 3092 433 3148 dicatur
483 3097 721 3155 Amasim
760 3117 881 3159 esse
925 3105 1085 3171 ﬁlius,
1132 3125 1161 3164 a
1205 3111 1456 3173 Matthan
1479 3118 1621 3176 ἔοι-ω
1650 3092 1791 3181 {ilius
1819 3095 1859 3152 ε

218 3187 500 3254 scribitur,
554 3193 726 3249 tribus
762 3197 814 3251 in
861 3201 1039 3256 medio
1071 3208 1514 3273 generationibus
1568 3224 1792 3284 praeter-

219 3279 420 3335 missis.
473 3280 636 3351 Cujus
690 3288 767 3341 rei
810 3290 1091 3360 dissertio,
1133 3306 1343 3354 certum
1382 3311 1464 3357 est
1504 3279 1646 3373 quod
1682 3322 1786 3362 non

217 3371 518 3427 secundum
545 3373 850 3446 historiam,
897 3383 989 3436 sed
1035 3386 1334 3442 secundum
1376 3371 1674 3458 spiritalem
1705 3397 1788 3451 in-

215 3460 562 3532 telligentiam
615 3480 827 3526 constet
870 3491 885 3540 ;
928 3488 1051 3544 qua:
1086 3493 1189 3531 non
1229 3491 1313 3534 est
1346 3483 1503 3537 nobis
1538 3501 1681 3541 nunc
1732 3491 1784 3542 in

216 3555 449 3610 transitu
475 3558 734 3627 pulsanda
764 3578 778 3615 :
810 3564 860 3616 in
898 3580 997 3620 suo
1030 3569 1174 3622 enim
1212 3568 1332 3626 loco
1369 3581 1621 3646 tangetur
1647 3577 1782 3653 (56).

213 3643 432 3701 Interim
464 3650 663 3707 sufﬁcit
688 3654 840 3709 nobis
868 3657 933 3710 ad
957 3673 1051 3714 eos
1068 3643 1527 3730 quiadversantur
1554 3643 1782 3742 respon—

215 3739 363 3805 dere,
422 3744 565 3812 quod
627 3746 771 3801 sicut
818 3747 977 3805 Iesus
1035 3750 1232 3824 Josepb
1292 3757 1436 3813 [ilius
1484 3776 1607 3818 esse
1645 3739 1784 3821 dici-

213 3841 322 3897 tur,
351 3847 418 3888 ex
444 3850 553 3904 quo
586 3854 691 3894 non
720 3851 805 3897 est
832 3854 1122 3913 generatus
1149 3866 1164 3914 ;
1193 3859 1247 3903 et
1272 3849 1432 3907 Ozias
1469 3859 1685 3922 genitus
1713 3875 1780 3915 ex

210 3923 414 3994 Iuram,
439 3942 504 3982 ex
537 3945 643 3999 qtto
677 3949 784 3988 non
816 3944 901 3990 est
936 3938 1149 4007 genitus
1193 3958 1209 3995 :
1257 3942 1331 3996 ita
1376 3958 1430 3999 et
1458 3961 1525 4000 ex
1570 3952 1781 4007 semine

210 4014 380 4071 David
427 4023 723 4078 secundum
751 4040 970 4081 carnem
999 4027 1249 4085 Christus
1276 4046 1453 4102 potest
1492 4041 1684 4108 accipi,
1723 4054 1781 4098 ut

209 4107 469 4184 quidquid
517 4111 680 4185 467
724 4117 951 4173 rationis
1001 4120 1084 4174 vel
1124 4127 1445 4183 assertionis
1495 4130 1548 4184 in
1594 4107 1775 4189 .loram

205 4201 575 4271 protulerunt,
605 4217 661 4262 et
694 4208 747 4261 in
784 4207 1006 4280 Ioseph,
1050 4215 1154 4269 hoc
1184 4225 1239 4272 et
1292 4219 1345 4274 in
1388 4220 1559 4278 David
1600 4229 1777 4283 susci-

204 4294 466 4363 piendum
504 4299 773 4356 dicamus.

1926 481 2034 520 non
2067 476 2150 521 est
2182 469 2465 525 advertere
2489 472 2539 527 ei
2570 474 2659 542 qui
2687 474 2877 546 legerit
2899 478 3030 535 illud
3061 484 3206 553 quod
3237 490 3503 555 scriptum

1924 569 2009 614 est
2042 560 2089 592 ³⁸
2115 575 2129 613 :
2168 561 2391 617 Decebat
2414 566 2552 619 enim
2583 582 2701 620 eum
2721 585 2815 638 per
2835 587 2985 641 quem
3005 578 3210 642 omnia,
3234 588 3284 632 et
3313 581 3371 633 in
3397 597 3505 650 quo

1924 655 2123 715 omnia,
2158 654 2352 710 multos
2375 656 2519 725 ﬁlios
2559 659 2613 713 in
2639 660 2870 731 gloriam
2913 665 3290 735 adducentem,
3315 684 3506 726 aucto-

1922 759 2032 798 rem
2060 747 2249 801 salutis
2297 764 2479 802 eorum
2524 767 2617 818 per
2660 754 2928 821 passiones
2971 764 3328 815 consummari
3358 764 3501 834 (57).

1921 836 2071 892 Finis
2115 838 2300 895 dutem
2334 842 2643 912 passionum
2674 843 2899 912 Christi,
2935 852 3266 907 resurrectio
3285 863 3404 918 est;
3440 862 3505 909 et

1919 931 2046 1000 quia
2082 941 2206 1000 post
2231 936 2687 992 resurrectionem
2738 937 2882 992 ultra
2926 940 3044 1010 jam
3098 960 3200 997 non
3244 946 3505 1011 moritur,

1920 1039 2083 1094 neque
2106 1040 2246 1079 mors
2272 1026 2322 1079 ei
2344 1026 2488 1081 ultra
2508 1028 2866 1083 dominabitur
2881 1031 3003 1065 '7'"
3022 1049 3037 1099 ;
3060 1043 3114 1088 et
3137 1035 3331 1089 iterum
3349 1037 3504 1092 dici-

1920 1124 2027 1180 tur,
2060 1117 2186 1185 quia
2208 1120 2306 1173 etsi
2331 1123 2637 1191 agnouimus
2662 1122 2928 1178 Christum
2952 1130 3235 1182 secundum
3252 1148 3511 1197 carnem,

1918 1206 2010 1260 sed
2037 1223 2177 1262 nunc
2200 1208 2320 1279 jam
2370 1227 2476 1265 non
2518 1216 2757 1267 novimus
2782 1215 2850 1279 ³⁹,
2888 1215 3016 1271 ideo
3047 1233 3209 1274 omne
3233 1225 3376 1291 quod
3404 1234 3505 1279 est

1916 1302 1971 1354 in
2004 1300 2377 1372 Christo,jam
2415 1320 2561 1360 nunc
2609 1306 2782 1362 Filius
2819 1310 2910 1365 Dei
2943 1322 3047 1369 est.
3078 1314 3357 1380 Quomodo
3389 1335 3505 1373 au-

1919 1400 2024 1445 tem
2066 1392 2172 1447 hoc
2209 1401 2266 1447 et
2291 1395 2358 1447 ad
2397 1409 2522 1448 eum
2551 1397 2644 1466 qui
2672 1397 2847 1454 Filius
2879 1401 2970 1457 Dei
3000 1407 3052 1457 in
3083 1407 3281 1461 virtute
3318 1409 3505 1464 desti-

1916 1492 2076 1539 natus
2115 1494 2201 1540 est
2228 1485 2273 1518 ⁸ο
2308 1487 2602 1552 referatur,
2648 1501 2894 1546 coarctat
2924 1495 3334 1568 intelligentiam
3386 1518 3502 1557 no-

1916 1583 2114 1643 stram,
2176 1577 2278 1632 nisi
2308 1579 2449 1647 quod
2482 1595 2578 1649 per
2608 1581 3038 1642 indissolubilem
3065 1589 3321 1645 unitatem
3350 1592 3504 1646 Ver-

1911 1664 1966 1719 bi
2002 1677 2054 1721 et
2086 1671 2297 1733 carnis,
2332 1671 2516 1724 omnia
2541 1688 2661 1741 quae
2683 1678 2864 1732 carnis
2900 1689 3028 1734 sunt
3063 1683 3409 1739 ascribuntur
3434 1694 3506 1742 et

1836 1734 1883 1793 Β
1912 1757 2113 1822 Verbo,
2163 1762 2433 1830 quomodo
2464 1772 2518 1817 et
2540 1734 2662 1832 quae
2687 1765 2845 1822 Verbi
2878 1781 3005 1824 sunt
3032 1734 3396 1841 pridie—ain};
3428 1734 3505 1833 εἷ
3552 1826 3559 1831 .

1910 1867 2097 1908 carne.
2136 1852 2318 1909 Jesnm
2368 1871 2519 1924 vero,
2565 1868 2621 1912 et
2649 1859 2948 1929 Christum,
2978 1874 3032 1917 et
3061 1866 3341 1921 Dominum
3394 1871 3501 1924 in-

1913 1946 2159 1999 venimus
2191 1962 2333 2018 Sthe
2369 1953 2437 2003 ad
2480 1960 2766 2022 utramque
2798 1963 3046 2009 naturam
3076 1959 3286 2028 referri,
3314 1975 3372 2017 ut
3393 1976 3497 2017 est

1914 2037 2046 2091 illud
2080 2059 2092 2092 :
2125 2037 2278 2092 Unus
2332 2039 2592 2097 Dominus
2642 2056 2820 2111 noster
2856 2047 3015 2102 Jesus
3056 2049 3291 2107 Christus
3321 2094 3338 2119 ,
3385 2072 3501 2123 per

1905 2146 2055 2199 quem
2098 2133 2276 2185 omnia
2305 2132 2386 2200 ⁸¹;
2434 2144 2489 2189 et
2537 2136 2777 2214 iterum:
2813 2139 2875 2195 Si
2912 2144 3049 2194 enim
3094 2147 3493 2212 cognouissent,

1908 2236 2178 2291 nunquam
2208 2222 2496 2279 Dominum
2526 2227 2819 2297 majestatis
2854 2230 2967 2303 (38)
2999 2235 3377 2302 cruciﬁxissent
3407 2238 3490 2292 δ’.

1910 2307 2228 2367 Primitivus
2273 2329 2405 2386 ergo
2455 2317 2539 2372 vel
2590 2320 2966 2389 primogenitus
2993 2325 3298 2381 ex'mortuis
3339 2330 3495 2383 dici-

1908 2409 1997 2454 tur
2027 2401 2073 2432 ⁸³
2099 2399 2368 2459 Christus.
2403 2406 2507 2462 Sed
2552 2410 2939 2478 requirendum
2976 2415 3130 2471 nobis
3167 2428 3270 2484 est,
3298 2420 3345 2472 si
3377 2435 3490 2474 so-

1906 2493 1988 2550 lus
2033 2504 2118 2550 est
2153 2499 2554 2569 primogenitus
2586 2504 2668 2557 vel
2699 2507 3004 2573 primitivus
3046 2525 3109 2563 ex
3140 2511 3389 2573 mortuis.
3419 2524 3491 2567 et

1905 2597 2010 2636 non
2048 2585 2211 2640 habet
2238 2588 2451 2657 aliquos
2490 2606 2674 2646 secum
2709 2595 2875 2648 etiam
2907 2595 2959 2649 in
2989 2599 3315 2667 primitivatu
3353 2600 3489 2673 (59)

1900 2677 2218 2746 participes,
2251 2681 2317 2734 de
2343 2683 2539 2750 quibus
2562 2684 2693 2740 dicit
2718 2688 3009 2757 Apostolus
3042 2693 3170 2761 quia
3197 2695 3487 2750 suscitavit

1899 2784 1993 2821 nos
2027 2785 2143 2821 cum
2190 2770 2424 2839 Christo,
2465 2776 2732 2846 simulque
2778 2778 2900 2849 [erit
2931 2782 3108 2836 sedere
3147 2785 3202 2837 in
3236 2786 3482 2840 διείρειὶ-

1899 2856 1994 2909 bus
2025 2856 2089 2911 ⁸⁸.
2131 2857 2210 2914 Ne
2261 2860 2407 2916 forte
2444 2878 2575 2935 ergo
2618 2876 2673 2921 et
2709 2868 2799 2921 isti
2848 2885 2985 2938 quos
3028 2872 3159 2926 dicit
3197 2877 3487 2930 excitatos

1894 2963 2015 3002 esse
2049 2964 2172 3004 cum
2210 2952 2449 3019 Christo,
2480 2965 2680 3011 etcum
2712 2973 2779 3015 eo
2809 2963 3003 3017 sedere
3041 2963 3093 3016 ia
3128 2965 3479 3031 caelestibus.

1896 3050 1951 3096 et
1980 3042 2083 3112 ipsi
2113 3045 2463 3116 primogeniti
2516 3049 2651 3116 sint,
2682 3049 2768 3104 vel
2813 3052 3075 3119 primitivi
3108 3070 3176 3109 ex
3208 3058 3479 3125 mortuis,

1894 3136 2036 3189 sicut
2059 3147 2114 3191 et
2143 3137 2215 3191 illi
2246 3137 2470 3193 fuerunt
2499 3141 2596 3210 qui
2629 3157 2754 3196 cum
2806 3144 2896 3199 illo
2925 3149 3174 3202 suscitati
3218 3163 3342 3203 esse
3380 3152 3480 3204 di-

1892 3238 2114 3292 cuntur,
2146 3245 2269 3283 cum
2305 3244 2640 3287 monumenta
2681 3245 2864 3301 aperta
2890 3247 3037 3302 sunt,
3081 3248 3130 3292 ει
3175 3240 3476 3295 multorum

1890 3333 2196 3375 sanctorum
2223 3340 2443 3393 corpora
2473 3337 2831 3394 apparuerunt
2859 3338 2911 3385 et
2935 3331 3171 3401 ingressa
3195 3343 3315 3388 sunt
3344 3336 3475 3407 (40)

1888 3411 1943 3462 in
1992 3422 2292 3467 sanctorum
2339 3416 2601 3470 ciuitatem
2652 3416 2721 3472 ⁸⁵.
2759 3419 2825 3473 Et
2866 3422 2933 3475 de
2980 3422 3063 3476 his
3115 3425 3313 3480 talibus
3343 3427 3471 3481 for-

1891 3503 2049 3556 tassis
2081 3502 2371 3572 Apostolus
2406 3506 2537 3560 dicit
2565 3506 2612 3538 ⁸⁸
2643 3523 2764 3562 esse
2796 3509 2942 3563 illam
2994 3512 3292 3569 Ecclesium
3346 3519 3472 3587 pri-

1886 3593 2220 3660 ntitivorum,
2256 3610 2416 3665 quam
2474 3598 2765 3666 ascriptam
2809 3612 3072 3658 memorat
3109 3605 3164 3658 in
3197 3606 3372 3662 caelis.

1960 3687 2015 3744 7.
2072 3687 2179 3743 Per
2205 3707 2358 3759 quem
2408 3692 2699 3761 accepimus
2742 3697 2971 3763 gratiam
3017 3711 3068 3750 et
3095 3700 3465 3763 apostolatum

1884 3781 1954 3834 ad
1979 3781 2325 3836 obediendum
2348 3782 2472 3851 ﬁdei
2501 3784 2557 3838 in
2586 3788 2823 3840 omnibus
2850 3790 3087 3857 gentibus
3118 3807 3214 3858 pro
3248 3794 3473 3847 nomine

1883 3868 1996 3939 ejus
2015 3872 2089 3939 ⁸⁷.
2130 3870 2233 3925 Per
2262 3872 2539 3927 Chrismm
2571 3876 2850 3945 accepisse
2875 3891 2934 3931 se
2975 3880 3104 3933 dicit
3142 3884 3373 3951 gratiam
3398 3894 3468 3938 et

1882 3962 2269 4029 apostolatum,
2299 3975 2489 4033 utpote
2516 3968 2870 4022 mediatorem
2893 3969 3056 4026 Deiet
3086 3974 3362 4031 hominum
3381 3976 3455 4033 ⁸⁸.

1883 4052 2125 4109 Gratiam
2159 4065 2209 4109 et
2239 4058 2607 4125 apostolatum.
2638 4059 2824 4116 Gratia
2864 4065 2932 4118 ad
2971 4064 3216 4122 laborum
3243 4070 3457 4138 patien-

1883 4148 2011 4201 tiam
2063 4149 2348 4206 referenda
2399 4162 2521 4216 est;
2566 4154 2902 4223 apostolatus
2935 4158 3001 4211 ad
3047 4160 3459 4227 prazdicatiuuis

1883 4244 2291 4310 auctoritatem,
2323 4246 2450 4312 quia
2498 4254 2554 4300 et
2579 4248 2697 4316 ipse
2727 4249 2978 4305 Christus
3007 4254 3283 4322 apostolus
3314 4256 3455 4311 diei-

1879 4343 1967 4388 tur
1996 4335 2065 4399 ⁸³,
2096 4336 2150 4390 id
2176 4347 2259 4391 est
2292 4339 2487 4394 missus
2526 4356 2556 4393 a
2593 4338 2771 4405 Patre,
2804 4342 3006 4413 quippe
3038 4347 3127 4415 qui
3174 4348 3241 4401 ad
3285 4364 3453 4404 evan-

275 4407 329 4467 6.
356 4409 442 4464 Ea:
482 4415 859 4473 resurrectione
905 4426 1230 4478 mortuorum
1257 4421 1388 4478 Iesu
1431 4426 1630 4484 Christi
1664 4430 1774 4489 υο-
1804 4447 1855 4507 D
1881 4426 2221 4494 gelizandum
2271 4432 2601 4499 pauperibus
2636 4435 2863 4490 missum
2896 4450 2955 4490 se
2986 4437 3116 4491 dicit
3137 4438 3204 4491 ⁵⁸.
3253 4439 3451 4495 Omnia

204 4500 337 4557 mini
364 4504 535 4565 nostri
561 4502 626 4556 ³⁸.
660 4505 943 4572 Quomodo
968 4510 1187 4580 quidem
1238 4513 1287 4569 is
1329 4517 1421 4585 qui
1472 4523 1769 4579 secundum

201 4605 427 4649 carnem
466 4595 642 4653 factus
693 4613 813 4655 esse
846 4603 1045 4659 dicitur
1091 4620 1162 4661 ex
1197 4608 1406 4665 semine
1454 4611 1645 4680 David,
1678 4617 1770 4673 Fi-

310 4778 575 4869 rtlguntt:
596 4798 634 4848 ι,
823 4786 865 4823 ιι
894 4785 1023 4869 [ιιιεέ
1049 4802 1089 4855 ι,
1279 4791 1323 4869 ξ’
1363 4792 1618 4869 Βοιῐιηνι,
1641 4800 1696 4854 5.

1932 4806 2031 4858 tth.
2055 4819 2093 4869 ι,
2120 4805 2171 4858 7.

1881 4534 2011 4587 ergo
2039 4533 2157 4588 qua:
2195 4534 2290 4575 sua
2315 4532 2465 4590 sunt,
2498 4525 2593 4581 dat
2631 4528 2794 4584 etiam
2826 4530 3103 4599 discipulis
3152 4533 3289 4587 suis.
3320 4532 3453 4587 Gra-

1881 4611 1952 4663 tia
1987 4610 2193 4666 dicitur
2233 4611 2429 4669 diﬂ‘usa
2463 4615 2516 4669 in
2550 4616 2709 4673 labiis
2742 4618 2860 4688 ejus
2885 4622 2953 4674 δι.
2984 4621 3160 4675 Datet
3185 4624 3446 4690 apostolis

2414 4807 2547 4876 Reg.
2574 4827 2682 4886 vn},
2710 4813 3005 4886 25;}!3;
3043 4832 3156 4883 χιιι,
3185 4818 3206 4871 1
3234 4835 3249 4882 ;
3277 4834 3365 4881 xv,
3390 4822 3445 4886 1,

197 4844 252 4907 ⁷·
276 4845 476 4949 δοθὲν
500 4852 602 4949 ita
621 4844 709 4949 .3“
735 4856 904 4949 “0'”;
921 4844 959 4920 '4
989 4844 1087 4949 ⁴ιζ
1109 4859 1166 4949 3.“
1194 4844 1376 4949 ."eb'?
1393 4844 1749 4949 ὶὲτῖῖοῗῗ

1932 4844 2031 4858 ιιι..
2055 4844 2093 4869 ι,
2128 4844 2171 4858 ι.
2328 4844 2342 4859 Ι
2365 4844 2380 4862 ν
2417 4844 2547 4876 sua.
2579 4844 2682 4875 vul,
2711 4844 2780 4867 άυ
2804 4857 2818 4875 ι,
2863 4844 3005 4881 λιμῶ,
3044 4844 3156 4883 λη,
3185 4844 3249 4882 1,
3278 4844 3365 4881 ιν,
3390 4844 3437 4886 ι,

1920 4894 1952 4929 ι.
1978 4891 2054 4939 γι,
2091 4875 2143 4929 9.
2196 4877 2329 4949 r“_l_l
2356 4880 2481 4932 Cur.
2511 4896 2562 4944 γ,
2595 4884 2681 4936 16.
2757 4885 2803 4925 ⁸ο
2825 4884 2979 4939 Rom.
3016 4904 3055 4949 ι,
3082 4888 3135 4941 4.
3211 4890 3255 4922 ⁸¹
3321 4890 3437 4949 Cor.

196 4932 316 4997 illi,
349 4922 400 4976 6.
508 4922 845 4997 ⁸ξλιϐρῃιι.
872 4927 926 4982 8.
1037 4929 1083 4960 ⁸³
1107 4929 1291 4985 Colos.
1328 4948 1364 4995 ι,
1405 4922 1492 4997 18.

201 4986 246 5018 ⁸⁷
276 4989 436 5050 nom.
467 5010 504 5060 ι,
540 4993 593 5052 5.
687 4994 732 5027 ⁸⁸
760 4996 789 5059 Ι⁷
809 4996 948 5051 Tim.
977 5013 1053 5065 ιι,
1094 5000 1148 5054 5.
1244 5001 1291 5034 ⁸’
1314 4986 1492 5061 Hebr:
1510 5023 1563 5065 ιιι
1585 5050 1601 5075 ,
1644 4986 1696 5070 1:

269 5142 1016 5244 (53).‘§!dtiti.[gf/innabitur
1071 5178 1117 5244 a_
1139 5165 1360 5244 nostris.
1408 5167 1507 5244 Ms.
1565 5171 1770 5244 Regius

198 5230 350 5339 nrtn.
389 5220 548 5283 1659.
580 5220 943 5293 afﬁrntabitur
971 5248 1004 5284 a
1028 5232 1215 5297 nobis;
1247 5220 1763 5302 ete'teri‘v'ero‘i‘t’t-s‘s:

194 5300 229 5339 ιι
280 5303 331 5339 ιιι
374 5299 544 5345 textu.

265 5354 380 5427 (34)
411 5361 576 5424 Editi,
607 5373 655 5416 et
674 5364 782 5418 alia
814 5366 1081 5423 similiter.

267 5427 549 5521 (‘§5)nEditi
584 5443 638 5486 et
674 5451 804 5521 mss.
855 5440 1025 5521 nostri
1061 5443 1174 5521 fere
1219 5459 1412 5503 omnes
1451 5451 1674 5521 habent,
1706 5457 1760 5510 in

198 5497 348 5574 tertio
378 5497 679 5580 [iegnorum
710 5504 880 5580 libro;
914 5510 1008 5563 sed
1037 5512 1198 5576 male,
1231 5497 1756 5580 ’éiiiiflzo'iféiéi"itdii

198 5564 252 5617 in
278 5564 628 5645 tertiihac,
660 5576 751 5627 sed
785 5576 836 5628 in
860 5564 1064 5645 'quarto
1089 5564 1331 5639 exstare:

270 5632 385 5704 (36)
402 5632 675 5721 ISicprecte
701 5658 800 5696 IIIS.
825 5632 1023 5721 Regius
1043 5632 1395 5721 ῄιίιῖι’.’ἰὸξ9;
1420 5660 1597 5713 caeteri
1628 5669 1772 5719 ver‘o.

199 5715 339 5766 tu”,
365 5712 420 5763 et
452 5706 604 5772 editi,
626 5706 1246 5787 jungeturf'Verisimile
1274 5706 1758 5808 esibiig'éizédfité

1597 4940 1864 5010 “Ephes.
1922 4961 1981 5010 ιι,
2029 4948 2082 5000 6.

1715 4959 1864 5012 pnes.
1922 4961 1981 5010 ιι,
2029 4959 2082 5000 ι).

1770 5015 1816 5046 ⁸ο
1842 5014 1975 5071 Luc.
2012 5014 2178 5083 tv,l8.

2190 4948 2235 4980 ⁸³
2274 4946 2466 5002 Matth.
2506 4967 2676 5013 xxvn.
2706 4954 2795 5011 52.

2282 5018 2326 5049 ⁸⁸
2361 5018 2503 5075 l’saI.
2538 5038 2678 5089 xuv,
2707 5028 2759 5079 5.
2824 5072 2827 5079 .

2913 4955 2957 4986 ⁸⁵
2988 4956 3153 5012 llebr.
3211 4975 3311 5026 ιιι,
3349 4960 3438 5017 (Β.

1876 5177 1965 5232 his
2013 5178 2338 5234 disseruisse
2384 5189 2532 5237 temo
2591 5199 2608 5236 ι
2648 5184 3159 5242 Commentariorum
3204 5190 3260 5241 in
3297 5187 3404 5245 Ilat

1879 5250 2110 5312 tltazum;
2142 5250 2234 5303 sed
2271 5250 2388 5306 haec
2418 5255 2577 5307 modo
2606 5271 2712 5308 non
2747 5269 2979 5310 exstant.

1969 5318 2060 5386 57)
2093 5318 2233 5372 Editi
2263 5333 2318 5373 et
2348 5337 2447 5375 ms.
2482 5339 2642 5386 unus,
2669 5342 3051 5379 consummare.

1969 5389 2060 5463 ξε)
2080 5389 2219 5463 Editi
2249 5397 2304 5443 et
2333 5406 2435 5445 ms.
2474 5409 2630 5460 unus,
2655 5397 2857 5463 gloriw.

1969 5318 2035 5373 57
2093 5318 2233 5372 Editi
2263 5333 2318 5373 et
2348 5337 2447 5375 ms.
2482 5339 2642 5386 unus,
2669 5342 3051 5379 consummare.

1946 5316 2060 5529 i158;
2080 5389 2219 5443 Editi
2249 5397 2304 5443 et
2333 5406 2435 5445 ms.
2474 5409 2630 5460 unus,
2655 5397 2857 5463 gloriw.

1942 5458 2034 5538 (59
2091 5459 2184 5514 Sic
2214 5475 2346 5516 mss.
2381 5464 2657 5532 plerique;
2690 5467 2817 5520 editi
2850 5481 2975 5519 vero
3017 5476 3072 5520 et
3114 5484 3221 5526 ms.
3255 5487 3424 5538 unus,

1865 5531 2118 5596 primatu.

1939 5598 2052 5669 (40)
2090 5599 2185 5654 Sic
2217 5616 2361 5692 mss.
2406 5602 2478 5685 ᾼι
2518 5618 2650 5692 vero
2683 5606 2833 5669 editi,
2856 5616 2908 5660 et
2931 5608 3098 5692 multa
3127 5622 3420 5692 sanctorum

1865 5683 2086 5734 corpora
2139 5672 2229 5740 qui
2269 5672 2623 5753 dormierunt,
2662 5690 3045 5745 surrexerunt,
3100 5690 3150 5734 et
3207 5685 3419 5763 ingressi

1865 5749 2015 5811 sunt,
2035 5748 2148 5802 etc.
