3712 6138
294 280 399 337 835

1747 280 2069 338 ORIGENIS

3457 280 3579 335 836

292 411 491 458 cetera
527 400 676 462 colit.
707 402 809 458 hoc
840 402 914 455 illi
954 401 1093 456 Dtuts
1139 412 1241 458 est.
1279 403 1387 459 Sed
1418 403 1700 461 videamus
1736 405 1862 474 quid
1893 409 1937 464 Α
1970 405 2084 471 ipse
2119 403 2377 460 Dominus
2418 405 2633 460 dicebat
2670 404 2735 458 ad
2777 404 3183 459 Samaritanam
3222 403 3509 458 mulierem
3546 423 3568 458 :

291 505 376 549 est
425 511 522 565 pro
554 511 661 564 quo
689 495 984 565 Apostolus
1013 499 1218 565 gratias
1267 499 1377 567 agit
1422 499 1531 555 Deo
1560 516 1678 555 suo.
1721 498 1866 565 Quo-

295 587 466 648 niam,
515 587 713 654 inquit,
753 587 884 655 ﬁdes
919 600 1095 641 vestra
1137 592 1494 644 annuntiatnr
1530 591 1587 644 in
1625 591 1865 644 universo

291 679 510 735 mundo.
555 677 621 730 In
649 679 891 732 universo
940 680 1136 733 mundo
1181 680 1225 733 si
1259 680 1585 750 simpliciter
1630 680 1868 748 accipia-

294 785 432 837 mus,
478 772 583 826 hoc
613 771 827 826 videtur
875 773 1162 841 designare
1207 773 1347 844 (Pii),
1397 777 1540 842 quod
1591 775 1645 829 in
1681 774 1867 828 multis

291 858 427 915 locis
474 860 684 927 mundi,
731 860 835 915 hoc
868 868 954 915 est
997 870 1154 915 terra:
1192 862 1378 929 huius,
1408 879 1597 917 eorum
1630 863 1721 933 qui
1755 863 1867 917 Ro-

291 965 393 1006 mae
419 960 546 1005 sunt
578 951 712 1005 lides
738 960 794 1006 et
822 951 1013 1023 religio
1044 953 1388 1022 praedicetur.
1418 954 1477 1009 Si
1512 970 1666 1019 vero,
1704 964 1763 1008 ut
1814 956 1867 1008 in

292 1044 597 1104 nonnullis,
629 1044 792 1098 etiam
846 1045 899 1098 in
950 1044 1052 1098 hoc
1105 1045 1226 1100 loco
1274 1048 1508 1101 mundus
1554 1047 1870 1118 designatur

291 1135 386 1202 qui
420 1149 484 1189 ex
518 1135 658 1189 caelo
701 1143 917 1188 constat
962 1143 1018 1188 et
1062 1144 1228 1193 terra.
1262 1145 1424 1205 atque
1449 1138 1701 1193 omnibus
1745 1154 1870 1208 qua:

295 1227 353 1280 in
383 1226 466 1280 eis
499 1237 647 1289 sunt,
681 1234 860 1293 potest
887 1226 1052 1280 etiam
1084 1226 1213 1279 illud
1254 1226 1477 1299 intelligi
1525 1229 1667 1298 quod
1699 1230 1869 1284 virtu-

290 1329 393 1382 tcs,
429 1318 497 1374 de
520 1320 719 1386 quibus
744 1318 946 1374 dicitur
974 1318 1101 1389 quia
1149 1320 1407 1389 gaudium
1450 1321 1676 1375 habeant
1714 1339 1871 1393 super

290 1427 395 1466 uno
427 1424 698 1481 peccatore
729 1413 1089 1481 paenitentiam
1130 1422 1318 1482 agente
1356 1414 1430 1479 ⁷³,
1451 1414 1648 1471 ’tuulto
1698 1416 1871 1486 magis

290 1506 358 1560 de
383 1504 744 1561 conversione
772 1520 991 1574 quoque
1035 1514 1090 1559 et
1127 1505 1234 1559 ﬁde
1281 1504 1651 1562 Romanorum
1685 1507 1871 1563 laeten-

290 1608 401 1662 tur,
446 1599 832 1654 nuntiantibus
878 1598 980 1651 sibi
1033 1598 1244 1669 angelis
1292 1599 1404 1654 illis
1443 1600 1533 1671 qui
1569 1601 1872 1656 ascendunt

287 1701 344 1745 et
375 1692 715 1748 descendunt
751 1692 818 1747 ad
854 1692 1049 1746 Filium
1087 1692 1325 1747 hominis
1348 1694 1437 1748 η’.
1472 1693 1538 1747 Et
1585 1695 1686 1764 ipsi
1723 1697 1868 1749 enim

1981 493 2129 549 Venit
2174 502 2307 549 hora
2352 495 2486 568 (54),
2549 505 2597 549 et
2647 511 2787 548 nunc
2825 506 2925 561 est,
2975 496 3187 565 quando
3223 496 3328 547 reri
3369 497 3547 546 adora

1969 599 2106 644 tores
2151 590 2453 644 adorabunt
2513 588 2731 643 Patrem
2779 590 2833 643 in
2883 589 3075 658 spiritu
3123 598 3171 640 et
3222 590 3446 639 reritate
3491 587 3570 639 ⁸9.

1970 683 2076 738 Sed
2127 681 2325 737 Paulus
2382 696 2489 736 non
2537 680 2711 736 solum
2765 683 2954 735 adorat
3001 680 3056 734 in
3111 679 3327 744 spiritu.
3363 694 3570 731 verum

1969 785 2021 828 et
2082 773 2321 829 deservit
2387 772 2442 827 in
2497 773 2724 843 spiritu.
2786 770 2921 826 Nam
2979 771 3209 825 adorare
3274 770 3401 839 quis
3466 784 3574 837 po-

1970 875 2076 920 test
2108 873 2163 920 et
2198 866 2316 920 sine
2340 864 2575 931 allectu;
2609 863 2885 917 deservire
2935 877 3064 916 vero
3103 861 3221 930 ejus
3265 870 3350 913 est
3384 874 3570 927 quem

1968 957 2296 1022 constringit
2333 954 2577 1010 allectus.
2630 954 2879 1009 Deservit
2920 967 3051 1021 ergo
3091 948 3380 1016 Apostolus
3425 949 3575 1011 Deo,

1970 1066 2077 1104 non
2110 1050 2162 1103 in
2191 1063 2447 1117 corpore,
2480 1062 2657 1116 neque
2685 1049 2735 1100 in
2763 1046 2970 1107 anima,
3000 1044 3095 1098 sed
3121 1045 3173 1096 in
3214 1042 3449 1096 meliore
3477 1042 3574 1094 sui

1969 1153 2146 1212 parte.
2172 1143 2325 1197 idest
2346 1141 2398 1195 in
2426 1139 2645 1210 spiritu.
2673 1138 2798 1193 [iure
2816 1138 2960 1191 enim
2983 1136 3086 1189 tria
3107 1149 3230 1189 esse
3255 1137 3309 1187 in
3327 1132 3585 1187 homine

1969 1235 2218 1303 designat
2248 1234 2316 1287 ad
2340 1231 2863 1287 Thessalonicenses
2886 1227 3159 1290 scribens,
3177 1242 3300 1281 cum
3320 1225 3533 1280 dicit”
3554 1243 3576 1278 :

1970 1323 2042 1379 Ut
2074 1326 2341 1393 integrum
2383 1337 2576 1392 corpus
2614 1329 2867 1383 vestrum,
2896 1327 2945 1373 et
2979 1318 3160 1371 anima
3189 1359 3203 1381 ,
3235 1327 3284 1371 et
3324 1317 3579 1386 spiritus

1967 1418 2027 1471 in
2065 1416 2152 1469 die
2196 1414 2412 1469 Domini
2440 1412 2609 1467 nostri
2647 1409 2779 1465 Jesu
2809 1408 3009 1464 Christi
3038 1420 3294 1463 servetur.
3331 1408 3399 1461 Et
3457 1407 3582 1460 Da-

1971 1507 2077 1562 niel
2121 1506 2293 1562 dicit:
2331 1504 2570 1559 Laudate
2597 1544 2612 1566 ,
2651 1503 2872 1569 spiritus
2921 1511 2969 1554 et
3017 1502 3209 1555 animae
3249 1501 3583 1569 justorum,_

1970 1601 2257 1653 Dominum
2280 1599 2348 1652 ’⁸.
2389 1595 2680 1666 Apostolus
2705 1610 2837 1663 ergo
2867 1594 3070 1662 ubique
3113 1592 3361 1661 spiritum
3413 1606 3587 1661 pra:—

1972 1689 2098 1754 l‘ert,
2123 1702 2182 1744 et
2214 1688 2463 1757 repudiat
2495 1702 2717 1740 carnem
2770 1685 2858 1739 vel
2888 1699 3009 1753 quae
3039 1684 3220 1738 carnis
3255 1692 3405 1739 sunt.
3447 1680 3579 1736 De-

288 1783 560 1838 mirantur
607 1787 673 1840 de
716 1785 1077 1840 conversione
1101 1786 1368 1855 gentium,
1398 1794 1452 1841 et
1483 1760 1628 1854 quod
1662 1787 1714 1842 in
1747 1803 1866 1842 out-
1898 1760 1943 1814 Β
1971 1783 2140 1851 nique
2171 1790 2225 1836 et
2258 1779 2395 1851 legis
2427 1780 2595 1849 ipsius
2618 1778 2870 1846 spiritum
2897 1775 3117 1837 laudat;
3146 1774 3378 1828 litteram
3419 1788 3579 1827 vero

288 1891 412 1931 nem
437 1887 640 1932 terram
672 1880 843 1933 exivit
881 1893 1050 1934 sonus
1078 1879 1449 1947 apostolorum
1476 1879 1679 1934 Christi
1698 1878 1863 1935 ‘Jesu.

291 1966 533 2036 Denique
554 1977 609 2020 et
636 1982 840 2038 agones
866 1967 1104 2035 ipsorum
1138 1978 1449 2035 spectantes
1484 1968 1537 2021 in
1575 1969 1679 2023 hoc
1706 1984 1864 2022 mun-

287 2061 357 2113 do
392 2059 667 2127 laetantur,
697 2058 838 2113 sicut
893 2058 1190 2125 Apostolus
1228 2059 1428 2114 dicit”
1457 2076 1471 2113 :
1500 2058 1639 2126 Quia
1665 2072 1866 2129 specta-

288 2149 469 2205 culum
506 2149 638 2219 facti
668 2165 850 2203 sttmus
894 2150 1017 2203 huic
1044 2149 1267 2214 mundo,
1291 2159 1339 2203 et
1376 2151 1598 2220 angelis,
1627 2162 1674 2206 et
1698 2153 1862 2204 homi-

288 2240 467 2295 nibus.
513 2238 701 2293 Potest
735 2250 913 2293 tamen
948 2248 1003 2293 et
1033 2240 1109 2293 ita
1139 2239 1391 2309 intelligi,
1420 2241 1565 2311 quod
1600 2241 1732 2296 ﬁdes
1761 2243 1861 2296 ista

286 2346 451 2400 quam
494 2330 724 2385 Romani
765 2330 969 2385 habent
997 2372 1012 2394 ,
1053 2331 1170 2400 ipsa
1215 2334 1515 2400 eademque
1550 2334 1639 2398 sit,
1668 2344 1724 2387 et
1758 2351 1861 2388 non

286 2422 413 2483 alia,
446 2438 610 2493 quam
640 2438 762 2491 qua:
802 2424 853 2475 in
906 2422 1162 2477 universo
1200 2424 1403 2479 mundo
1428 2426 1782 2479 anuuntiatur
1811 2437 1863 2479 ct

286 2517 554 2577 creditur.
593 2532 713 2586 quae
737 2532 840 2571 non
870 2517 1043 2572 solum
1070 2517 1123 2570 in
1158 2526 1323 2576 terra,
1354 2517 1448 2571 sed
1474 2519 1638 2573 etiam
1669 2518 1723 2572 in
1752 2535 1864 2574 cte-

287 2611 354 2666 lis
381 2610 713 2680 praedicatur
744 2629 758 2664 :
789 2612 916 2680 quia
948 2609 1110 2665 Iesus
1151 2610 1467 2680 paeilicavit
1511 2625 1606 2680 per
1644 2611 1865 2681 sangui-

286 2721 411 2761 nem
438 2720 592 2760 suum
629 2720 733 2758 non
757 2704 932 2759 solum
952 2720 1071 2773 qua:
1101 2705 1154 2758 in
1181 2704 1348 2758 terris
1380 2713 1527 2764 sttnt,
1556 2703 1652 2759 sed
1673 2714 1722 2758 et
1742 2719 1863 2772 qua:

286 2801 340 2853 in
396 2798 551 2856 caelis
576 2799 655 2862 ⁸¹;
706 2810 762 2853 et
801 2798 853 2852 in
903 2799 1120 2854 nomine
1154 2800 1274 2867 ejus
1321 2813 1461 2867 genu
1508 2797 1729 2852 ﬂectunt
1757 2812 1860 2851 non

286 2892 460 2944 solum
514 2891 824 2953 terrestria,
868 2891 962 2944 sed
1001 2892 1056 2943 et
1099 2890 1342 2948 calestia
1373 2898 1422 2945 et
1460 2890 1670 2945 inferna
1698 2890 1764 2943 ⁸⁸.
1797 2888 1863 2943 Ει

286 2982 391 3036 hoc
419 2992 506 3036 est
545 2981 602 3033 itt
659 2981 913 3035 universo
958 2980 1162 3035 mundo
1202 2980 1360 3035 Iidem
1405 2981 1731 3050 praedicari,
1766 2997 1862 3050 per

285 3087 449 3139 quam
481 3071 661 3126 omnis
696 3070 929 3125 mundus
959 3071 1031 3125 sit
1058 3072 1172 3142 (ὄῖ)
1203 3072 1455 3126 subditus
1500 3073 1608 3126 Deo
1642 3072 1711 3125 ⁸³.
1745 3071 1858 3128 Ob-
1888 3106 1930 3161 Ο

285 3167 610 3229 servandum
639 3180 772 3220 sane
801 3173 886 3219 est
908 3167 1032 3235 quia
1054 3166 1120 3219 ad
1157 3167 1258 3220 hoc
1286 3168 1427 3235 quod
1453 3167 1612 3234 divit,
1636 3170 1859 3238 primum

283 3260 518 3328 qsidem,
547 3275 656 3313 non
695 3258 953 3324 reddidit,
984 3259 1136 3314 verbi
1169 3262 1367 3327 gratia.
1394 3271 1452 3315 ut
1481 3262 1687 3317 diceret
1715 3282 1728 3317 :
1764 3262 1864 3317 Se-

284 3353 467 3408 cundo
500 3362 716 3417 autem;
745 3351 842 3405 sed
876 3360 935 3404 ut
982 3352 1334 3420 praediximus
1373 3352 1442 3408 de
1470 3353 1863 3411 elocutionibus

1967 1884 2224 1944 tanquam
2247 1887 2470 1927 carnem
2496 1871 2727 1942 spernit,
2760 1884 2882 1922 cum
2917 1867 3151 1921 dicit":
3181 1865 3379 1920 Littera
3413 1867 3583 1918 occi-

1966 1967 2079 2029 dit,
2124 1967 2344 2035 spiritus
2390 1981 2514 2020 vero
2570 1965 2825 2034 viviﬁcat.
2877 1964 2985 2019 Sed
3033 1975 3089 2017 et
3135 1979 3256 2015 ctnn
3296 1962 3443 2016 dicit
3469 1961 3526 1993 ⁸³
3554 1977 3574 2014 :

1963 2059 2131 2132 569
2159 2059 2368 2113 Etenim
2405 2060 2457 2113 in
2483 2076 2588 2130 quo
2622 2059 2997 2127 inﬁrmabatur
3052 2058 3138 2112 (es
3176 2074 3264 2124 per
3306 2072 3575 2117 carnem,

1964 2155 2107 2208 Deus
2156 2152 2367 2207 Filium
2421 2169 2575 2207 suum
2620 2155 2834 2206 mittens
2880 2153 2935 2206 in
2976 2152 3321 2206 similitudine
3367 2150 3581 2201 carnis

1963 2246 2185 2317 peccati,
2216 2262 2436 2303 carnem
2489 2247 2643 2316 lt-gis,
2685 2248 2804 2299 sine
2835 2246 2999 2299 dubio
3037 2246 3267 2299 litteram
3299 2244 3450 2313 legis
3483 2245 3575 2296 di-

1963 2341 2059 2395 cit.
2084 2338 2187 2393 Per
2236 2339 2471 2392 litteram
2513 2353 2747 2406 namque
2788 2337 3168 2392 inlirutabatur
3196 2337 3302 2401 lex,
3345 2347 3406 2389 ut
3448 2351 3574 2389 non

1965 2439 2151 2501 posset
2184 2429 2419 2500 impleri.
2452 2428 2588 2496 Quis
2610 2429 2754 2482 enim
2800 2428 3048 2497 impleret
3086 2429 3168 2483 vel
3192 2428 3258 2484 de
3300 2427 3577 2482 Sabbata

1964 2523 2104 2591 quod
2126 2523 2389 2590 scriptum
2415 2531 2498 2576 est
2521 2522 2568 2554 ’δ
2599 2538 2616 2577 :
2652 2522 2776 2576 Non
2801 2531 2851 2574 te
2874 2521 3099 2574 movebis
3126 2528 3189 2574 de
3227 2519 3341 2573 loco
3371 2530 3481 2573 tuo
3510 2521 3576 2573 in

1963 2615 2049 2668 die
2074 2611 2431 2669 Sabbatorum
2467 2613 2759 2683 (quomodo
2792 2613 2935 2667 enim
2971 2612 3092 2666 ﬁeri
3134 2619 3368 2680 poterat.
3392 2619 3473 2664 ιιι
3507 2626 3581 2664 se

1964 2705 2159 2775 aliquis
2189 2706 2407 2776 penitus
2438 2721 2547 2760 non
2578 2715 2822 2759 moveret
2850 2706 2916 2760 de
2949 2706 3069 2758 loco
3097 2719 3195 2758 suo
3211 2705 3264 2757 in
3285 2702 3374 2756 die
3405 2701 3573 2756 Sab-

1962 2798 2212 2852 batorum
2234 2796 2303 2868 il),
2324 2798 2408 2851 vel
2441 2798 2507 2852 de
2539 2797 2750 2868 legibus
2787 2798 2953 2866 leprae
2983 2796 3037 2849 in
3084 2794 3336 2857 stantine,
3373 2794 3475 2848 vel
3512 2795 3578 2847 in

1964 2890 2200 2960 pariete,
2236 2890 2319 2942 vel
2363 2890 2414 2944 in
2441 2890 2693 2959 pellicula
2721 2898 2925 2944 exortae
2946 2889 3017 2951 θ’,
3046 2898 3099 2943 et
3130 2887 3273 2943 mille
3298 2886 3401 2939 alia
3434 2886 3578 2957 (55)

1963 2985 2017 3037 in
2067 2982 2264 3051 quibus
2317 2983 2615 3036 secundum
2657 2982 2893 3035 litteram
2938 2990 3190 3051 tanquam
3241 2979 3571 3033 secundum

1964 3089 2183 3128 carnem
2209 3073 2485 3127 inlirtnata
2523 3085 2605 3127 est
2636 3071 2772 3126 lex?
2807 3071 3100 3140 Propterea
3137 3085 3264 3140 ergo
3304 3072 3575 3139 Aposto-

1969 3167 2051 3219 lus
2076 3165 2209 3219 dicit
2230 3165 2298 3230 θ’,
2329 3166 2455 3232 quia
2490 3164 2575 3218 (ex
2606 3164 2896 3232 spiritualis
2927 3176 3022 3219 est.
3056 3165 3159 3231 Qui
3184 3163 3344 3233 igitur
3366 3162 3577 3232 legem

1965 3257 2222 3327 intelligit
2267 3272 2389 3312 esse
2441 3256 2802 3326 spiritualent,
2843 3257 2930 3311 hic
2977 3258 3169 3325 spiritu
3199 3255 3365 3310 servit
3409 3255 3572 3309 Deo.

1969 3349 2120 3405 Unde
2148 3358 2205 3403 et
2235 3349 2370 3404 alias
2401 3350 2535 3403 dicit
2557 3348 2601 3381 ⁸⁷
2633 3370 2645 3403 :
2674 3348 2739 3403 Si
2759 3350 2895 3402 enim
2919 3349 3203 3402 secundum
3227 3362 3444 3400 carnem
3472 3348 3573 3399 vi-

1963 3447 2171 3510 xeritis,
2205 3445 2525 3512 moriemini,
2552 3447 2656 3500 hoc
2677 3453 2781 3510 est,
2824 3446 3119 3500 secundum
3148 3444 3379 3498 litteram
3420 3458 3573 3514 qua:

1963 3539 2163 3593 occidit
2197 3540 2469 3605 ;siautem
2490 3539 2679 3607 spiritu
2699 3550 2846 3591 actus
2874 3538 3049 3590 carnis
3081 3536 3567 3605 morti/inaperitis.

1963 3632 2164 3686 vinetis.
2208 3631 2614 3700 Requirendum
2646 3644 2777 3684 sane
2819 3638 2902 3683 est
2941 3630 2986 3683 si
3017 3639 3071 3683 et
3098 3640 3277 3698 patres
3304 3627 3574 3697 antiqui,

285 3448 472 3504 minus
516 3445 724 3510 ﬁnitis;
765 3444 868 3498 nisi
902 3444 1043 3499 forte
1075 3446 1323 3498 videatur
1357 3444 1410 3498 in
1456 3460 1522 3499 eo
1554 3447 1703 3502 reddi
1739 3462 1860 3502 cum

285 3541 460 3595 dicit:
500 3536 638 3592 Nolo
676 3548 850 3592 autem
873 3553 958 3590 vos
985 3538 1252 3604 ignorare,
1286 3535 1483 3605 fratres
1507 3536 1578 3590 ⁸⁸.

357 3632 447 3688 10.
473 3630 642 3686 Testis
675 3631 813 3683 enim
837 3630 969 3682 mihi
1002 3639 1077 3683 est
1118 3627 1283 3690 Deus,
1331 3628 1418 3682 cui
1459 3628 1630 3682 seruio
1669 3629 1725 3681 in
1754 3630 1863 3699 spi-

285 3725 396 3779 ritu
424 3739 563 3786 meo,
605 3723 661 3776 in
705 3719 990 3790 Erangelio
1022 3718 1156 3773 Filii
1181 3719 1296 3790 ejus
1322 3718 1390 3774 ⁸⁵.
1424 3718 1567 3774 Deus
1593 3721 1748 3776 teatis
1781 3730 1864 3777 est

284 3820 489 3875 sanctis
505 3818 642 3874 suis.
669 3817 793 3885 quia
820 3825 875 3869 et
906 3814 1005 3883 ipsi
1051 3822 1213 3869 testes
1256 3824 1383 3869 sum
1408 3814 1526 3882 Dei,
1564 3816 1860 3871 secundum

286 3910 429 3975 quod
454 3910 582 3963 dicit
624 3907 887 3976 propheta
905 3904 1056 3978 (55):
1101 3905 1268 3960 Erilis
1297 3908 1424 3961 mihi
1467 3917 1643 3975 testes,
1683 3916 1737 3962 et
1764 3924 1861 3978 ego

288 4002 459 4063 testis,
483 4002 610 4053 dicit
652 3999 902 4053 Dominus
923 3998 991 4051 ⁸³.
1020 3996 1127 4052 Sed
1159 4008 1215 4053 et
1243 3998 1499 4053 Salvator
1530 4001 1596 4055 ad
1622 4000 1863 4069 discipu-

285 4094 372 4146 los
405 4092 535 4146 dicit
562 4092 609 4124 "
639 4108 652 4144 :
686 4091 852 4144 Erilis
892 4091 1020 4142 mihi
1071 4099 1225 4144 testes
1259 4091 1314 4144 in
1366 4089 1688 4156 Jerusalem,
1732 4101 1783 4145 et
1807 4093 1862 4146 in

285 4179 556 4243 Samaria,
583 4191 629 4234 et
657 4181 711 4232 in
734 4180 978 4233 omnibus
996 4180 1191 4245 ﬁnibus
1207 4189 1384 4244 terrae,
1407 4180 1708 4235 secundum
1735 4180 1862 4235 illud

286 4273 429 4342 quod
457 4273 716 4340 scriptum
741 4281 827 4326 est
842 4271 893 4305 ⁸⁸
928 4285 944 4324 :
970 4271 1076 4336 Qui
1105 4272 1373 4342 confessus
1397 4272 1556 4340 fuerit
1592 4274 1646 4326 in
1683 4290 1785 4336 me,
1812 4284 1863 4327 et

286 4381 382 4436 ego
427 4365 715 4433 conﬁtebor
761 4365 817 4418 in
854 4381 914 4417 eo
960 4380 1140 4419 coram
1184 4347 1349 4419 Patre
1393 4381 1527 4420 meo.
1570 4364 1862 4421 Videamus

1963 3725 2313 3793 patriarclne,
2347 3725 2430 3776 vel
2472 3726 2775 3794 prophetre,
2809 3724 2898 3793 qui
2949 3723 3114 3777 etiam
3169 3721 3267 3791 ipsi
3321 3720 3573 3775 fuerunt

1963 3816 2214 3885 perfecti,
2245 3818 2296 3868 in
2333 3815 2526 3883 spiritu
2558 3816 2668 3869 Deo
2695 3818 2930 3871 servisse
2959 3813 3072 3885 (56)
3100 3813 3354 3869 credendi
3386 3826 3573 3875 sunt,

1963 3907 2093 3977 quia
2119 3916 2176 3962 et
2203 3896 2468 3960 Abraham
2493 3906 2809 3961 desideravit
2847 3916 2902 3959 ut
2926 3906 3117 3961 uideret
3150 3904 3283 3957 diem
3304 3902 3571 3968 Domini,

1963 4007 2012 4053 et
2035 4000 2185 4064 vidit,
2214 4009 2262 4052 et
2289 3999 2497 4053 (tutatus
2522 4010 2599 4053 est
2622 3999 2670 4031 “
2697 4015 2713 4064 ;
2760 4007 2815 4053 et
2845 3996 3053 4068 Moyses
3083 4008 3131 4052 et
3174 3996 3324 4050 Elius
3376 4012 3573 4063 appa-

1964 4103 2179 4147 ruerunt
2205 4093 2257 4147 in
2291 4093 2459 4162 gloria
2491 4093 2841 4159 colloquentes
2881 4108 3000 4146 cum
3029 4090 3157 4147 Jesu
3186 4091 3236 4145 in
3267 4096 3459 4144 monte
3486 4090 3567 4142 ”.

1966 4186 2020 4239 In
2051 4200 2158 4254 quo
2187 4185 2492 4240 ostenditur
2519 4183 2717 4256 Legem
2744 4194 2798 4239 et
2823 4184 3125 4253 Prophetas
3146 4198 3267 4236 cum
3298 4182 3569 4251 Evange-

1965 4277 2054 4332 liis
2074 4292 2402 4341 consonare,
2439 4286 2495 4332 et
2552 4278 2605 4331 in
2657 4277 2846 4331 eadem
2876 4277 3049 4347 gloria
3087 4273 3346 4346 spiritalis
3376 4287 3563 4341 aspe-

1967 4379 2087 4423 ctus
2117 4380 2279 4438 atque
2316 4369 2684 4440 intelligentia:
2723 4370 3012 4439 refulgere.

288 4465 468 4511 autem
494 4456 623 4526 quid
656 4463 739 4509 est
762 4456 905 4525 quod
943 4457 1094 4519 dicit,
1120 4456 1211 4511 cui
1234 4458 1400 4511 servio
1420 4458 1476 4510 in
1503 4456 1692 4526 spiritu
1724 4473 1859 4513 meo.
1889 4457 1943 4517 D
2041 4463 2130 4520 11.
2172 4462 2447 4527 Quomodo
2478 4465 2593 4517 sine
2632 4464 3022 4517 intermissione
3066 4459 3369 4515 memoriam
3387 4463 3571 4514 vestri

287 4547 507 4602 Servire
540 4547 592 4601 in
621 4547 814 4617 spiritu
850 4548 1030 4602 simile
1076 4549 1205 4603 milti
1247 4549 1463 4603 videtur
1498 4562 1640 4612 esse,
1674 4547 1783 4602 imo
1805 4556 1862 4603 et

285 4639 523 4710 amplius
566 4639 771 4709 aliquid
819 4654 981 4709 quam
1033 4640 1265 4696 adorare
1301 4641 1354 4695 in
1384 4641 1598 4710 spiritu,
1640 4640 1781 4695 sicut
1806 4650 1862 4695 et

357 4804 406 4837 τ’
438 4803 573 4863 Luc.
600 4818 694 4865 xv.
740 4803 828 4858 to.
904 4805 973 4837 ἠ’
1002 4783 1162 4860 Joan.
1197 4822 1234 4871 ι,
1265 4804 1356 4858 52.
1431 4805 1478 4836 ε·
1517 4804 1533 4858 ι
1567 4804 1695 4860 Cor.
1728 4821 1801 4865 ιν,
1832 4806 1885 4861 9.

357 4874 491 4908 “nm
542 4892 556 4908 ι
611 4876 672 4908 1':
769 4873 814 4907 88
843 4874 950 4908 ςιιςιι
1006 4881 1039 4908 u
1155 4876 1202 4907 88
1229 4876 1326 4908 Ιησιῖ
1377 4890 1506 4908 ..ειη
1580 4876 1645 4908 ιο
1755 4877 1885 4908 ΩῚΑι

1612 4878 1668 4929 2.
1755 4878 1940 4932 MAct.
1975 4895 2013 4940 I,
2048 4878 2101 4932 8.

1607 4946 1651 4977 ⁸³
1682 4945 1841 5000 Βοιιι.
1868 4964 1981 5013 vttt,
2030 4950 2085 5003 5.

1442 5017 1487 5048 ⁸⁸
1522 5015 1678 5073 Joan.
1707 5032 1824 5084 vut,
1850 5017 1938 5074 56.
2014 5017 2253 5072 "Matth.
2286 5033 2419 5079 χιιι,
2444 5017 2498 5073 5.

282 4874 332 4908 ⁸⁵
354 4874 515 4929 Rom.
542 4892 579 4937 ι,
611 4876 693 4931 15.
769 4873 814 4907 ⁸⁸
843 4874 973 4929 ibid.
1006 4881 1060 4930 9.
1155 4876 1202 4907 ⁸⁸
1227 4876 1350 4929 lsai.
1376 4890 1506 4937 κιιιι
1532 4916 1549 4944 ,
1580 4876 1668 4929 η.

283 4962 339 5011 v,
362 4945 454 5009 23,.
531 4947 576 4979 ’ί
604 4945 743 5000 Dan.
777 4960 857 5007 tu,
882 4944 973 4999 86.
1047 4948 1094 4980 "
1123 4947 1160 5000 ll
1180 4946 1307 5002 Cor.
1338 4962 1415 5011 nt,
1442 4949 1493 4999 6.

220 5033 223 5036 ν
283 5018 332 5050 ⁸⁸
362 5017 523 5073 Rom.
557 5032 652 5080 vn,
688 5014 776 5071 14.
852 5015 895 5047 ⁸⁷
928 5015 1085 5073 Rom.
1116 5033 1234 5082 vm,
1264 5017 1352 5072 15.

372 5175 513 5251 (Si)
565 5176 668 5233 Ms.
721 5177 927 5248 Regius
979 5195 1129 5235 num.
1184 5182 1361 5246 1659,
1422 5185 1520 5236 hoc
1569 5187 1677 5238 vult
1725 5187 1867 5237 όεδιρ-

287 5267 475 5391 θηῖέζ)
520 5322 692 5389 Alias,
725 5322 813 5376 sit.
860 5320 926 5375 Et
955 5319 1120 5385 infra,
1165 5323 1257 5376 sed
1293 5324 1662 5391 prtediximus,
1694 5323 1863 5380 omis-

289 5401 476 5527 δθῶἒ)
516 5462 615 5517 Ms.
642 5476 803 5525 unus,
837 5462 1127 5533 secundum
1164 5465 1305 5533 quod
1334 5464 1465 5517 dicit
1504 5481 1596 5531 per
1641 5466 1864 5533 prophe-

294 5540 423 5602 bam.
449 5532 516 5586 Et
539 5533 699 5602 paqu
728 5541 852 5601 post
881 5530 1020 5602 alter
1048 5548 1148 5586 ms.
1176 5530 1235 5586 et
1271 5534 1426 5597 editi,
1451 5530 1557 5599 Qui
1592 5530 1861 5602 confessus

279 5598 453 5675 frter-it
496 5598 601 5675 ηιξ,
626 5610 696 5675 _et
725 5598 818 5670 ego
860 5601 1150 5675 conﬁtebor
1188 5620 1341 5668 eum,
1376 5598 1485 5659 etc.
1523 5605 1631 5660 Sed
1675 5598 1860 5675 caeteri

298 5669 428 5725 ipss.
467 5669 800 5724 etRahanns
826 5683 884 5723 ut
916 5671 969 5724 in
1001 5682 1170 5726 textu.
1753 5669 1760 5675 ’

371 5737 484 5803 ςῖᾁᾹ)
523 5737 663 5802 διεδ.
700 5741 933 5810 aliquot,
963 5739 1148 5797 Veniet‘
1175 5744 1337 5815 liora,
1380 5755 1493 5805 etc.
1540 5743 1689 5805 Alter
1732 5760 1871 5813 ms...

1972 4554 2109 4622 facio
2152 4570 2355 4622 semper
2401 4557 2456 4607 in
2496 4556 2825 4608 orationibus
2871 4555 3025 4617 meis,
3056 4556 3328 4607 obsecrans
3357 4554 3405 4604 si
3441 4568 3566 4620 quo

1968 4644 2125 4696 modo
2153 4646 2363 4698 tandem
2413 4644 2700 4716 aliquando
2743 4660 3050 4714 prosperum
3093 4645 3196 4697 iter
3243 4641 3465 4695 habeam
3500 4643 3565 4696 in

1964 4808 2007 4839 ⁸³
2046 4796 2299 4887 ςοιοξί).
2341 4805 2430 4887 ες).
2508 4804 2866 4887 "_Pltilip.tt,
2898 4802 2983 4859 10.
3074 4801 3425 4887 ﬁlioli-1:111.
3462 4800 3557 4887 l9.

2180 4877 2228 4907 ⁸⁸
2252 4876 2442 4931 Matth.
2467 4893 2524 4934 ιι.
2557 4876 2646 4930 52.
2720 4875 2766 4908 ⁵³
2791 4873 2949 4928 Joan.
2977 4890 3049 4936 tv,
3074 4873 3164 4927 ‘25.
3238 4872 3283 4903 θ’
3306 4870 3323 4924 l
3350 4870 3557 4924 Thess.

2191 4946 2238 4979 ”
2261 4947 2429 5001 Exod.
2481 4962 2594 5011 xw,
2650 4945 2742 5002 29.
2839 4944 2888 4977 θ’
2923 4944 3096 4999 Levit.
3140 4958 3262 5009 xm,
3314 4942 3385 4997 £8
3424 4957 3555 5010 seq.

1979 5181 2197 5263 ptulier,
2229 5182 2369 5236 venit
2399 5181 2553 5248 hora,
2595 5190 2703 5237 etc.
2743 5180 2853 5237 Sed
2882 5180 3064 5235 caueri
3094 5192 3223 5232 mss.
3256 5184 3308 5230 et
3328 5176 3462 5232 editi
3498 5190 3557 5232 ut

1977 5261 2307 5394 mllii’iluSic.
2338 5336 2473 5377 mss.
2503 5322 2776 5394 plerique.
2820 5320 3183 5394 Czeteri__vero
3227 5327 3281 5370 et
3314 5316 3552 5394 editur:

1973 5388 2153 5477 multa
2179 5394 2324 5460 alia,
2358 5401 2466 5449 etc.
2497 5388 2567 5449 Et
2599 5388 2762 5464 paulo
2812 5401 2970 5463 post:
3006 5388 3159 5443 Unde
3208 5399 3255 5441 et
3295 5395 3363 5441 ad
3414 5389 3554 5444 alios

1972 5468 2157 5604 dulgii)
2192 5535 2358 5602 Editi,
2383 5536 2437 5589 in
2465 5534 2654 5604 spiritu
2692 5533 2798 5588 Deo
2838 5533 2974 5587 servi
3019 5547 3130 5584 esse
3163 5529 3290 5601 (ms.
3316 5530 3550 5604 unus”);

1971 5600 2175 5676 Spiritu
2222 5600 2404 5688 saneto
2434 5600 2719 5678 seruiesse)
2759 5617 2803 5658 et
2832 5607 3042 5675 gavisus
3079 5600 3188 5673 est,
3206 5611 3323 5665 etc.
3351 5600 3557 5661 (Lateri;

1972 5693 2101 5733 mss.
2135 5688 2193 5733 ut
2222 5685 2275 5731 in
2309 5685 2482 5742 textu.
