3712 6138
136 342 250 399 8S7

1107 343 1460 404 COMMENT.
1501 347 1569 404 IN
1609 346 1832 403 EPIST.
1877 348 1967 402 AD
2001 348 2170 408 R031.
2212 351 2339 408 LIB.
2378 351 2422 408 l.

3299 360 3405 417 858

135 464 421 520 voluntate
478 463 574 518 Dei
612 466 847 519 veniendi
879 466 947 519 ad
1000 483 1087 521 ι·οε
1113 469 1155 521 ί.
1196 469 1349 537 Quod
1398 460 1517 527 sine
1562 472 1730 525 inter-
1760 474 1800 528 Α
1834 485 2007 539 neque
2038 472 2497 527 circumlerantur
2516 472 2662 527 omni
2686 480 2849 527 vento
2886 473 3147 529 doctrinae
3175 476 3219 531 ⁸.
3250 477 3404 544 Quod

137 558 413 611 missione
434 571 530 624 pro
563 558 646 612 his
670 558 867 626 quibus
886 559 1096 626 scribit,
1127 576 1288 616 orare
1318 577 1376 617 se
1396 563 1546 628 dicit,
1577 580 1729 616 man.

135 646 254 699 dati
298 646 387 699 sui
411 662 619 700 memor
651 648 887 715 complet
914 664 1078 717 opere
1102 652 1244 718 quod
1266 667 1517 708 sermone
1541 656 1728 723 praeei-

132 738 282 804 pit'.
328 737 468 805 Quia
509 747 691 793 autem
744 740 874 794 dicit
915 742 1207 795 obsecrare
1253 757 1310 797 se
1357 747 1401 799 si
1456 746 1725 813 quomodo

132 831 365 885 tandem
389 830 675 901 aliquando
706 848 1023 902 prosperum
1059 837 1162 891 iter
1184 838 1401 903 habeat,
1429 849 1487 891 ut
1539 839 1592 892 in
1630 854 1731 893 νου

132 919 350 974 luntate
374 921 466 975 Dei
504 921 685 975 veniat
714 921 779 974 ad
812 922 1107 989 Romanos,
1142 925 1593 982 considerandum
1640 933 1726 979 est

132 1015 284 1082 quod
343 1015 624 1082 apostolus
656 1015 750 1071 Dei
797 1017 862 1069 ad
894 1032 1031 1086 opus
1078 1028 1361 1086 sanctum,
1400 1019 1452 1073 id
1485 1027 1568 1073 est
1588 1033 1724 1088 opus

136 1102 452 1172 Evangelii,
489 1104 866 1173 proﬁciscens,
897 1115 1178 1175 exspectat
1207 1108 1376 1163 donec
1400 1109 1723 1163 obsecratio-

132 1196 300 1249 nibus
330 1195 589 1265 impetret
615 1212 720 1250 non
750 1198 925 1252 solum
971 1198 1084 1270 (57)
1120 1214 1439 1270 prosperum
1473 1202 1573 1256 sibi
1618 1203 1722 1257 iter

135 1286 279 1348 ﬁeri,
305 1287 404 1342 sed
429 1276 488 1342 et
515 1289 569 1342 in
599 1289 874 1343 voluntate
908 1289 999 1345 Dei
1030 1307 1350 1361 prosperum
1386 1291 1527 1347 ﬁeri.
1565 1293 1720 1350 Unde

129 1386 186 1430 et
236 1376 415 1432 multo
463 1378 635 1448 magis
685 1380 864 1440 nobis,
914 1382 1115 1451 quibus
1155 1399 1260 1437 non
1310 1392 1393 1438 est
1420 1384 1505 1438 vel
1536 1385 1721 1453 operis

135 1479 289 1523 tanta
341 1470 429 1525 vel
492 1469 673 1526 meriti
721 1473 1078 1539 conscientia,
1141 1489 1262 1529 cum
1316 1475 1517 1544 aliquid
1555 1488 1718 1546 agere

130 1558 502 1629 disponimus,
538 1574 570 1614 a
597 1559 708 1617 Deo
759 1563 972 1617 itineris
1010 1567 1349 1633 prosperitas
1398 1564 1714 1634 postulanda

130 1660 234 1704 est.
264 1650 409 1705 Puto
431 1660 611 1707 tamen
638 1655 780 1723 quod
806 1656 967 1708 etiam
993 1654 1095 1709 hoc
1124 1656 1296 1708 voluit
1320 1656 1546 1726 intelligi
1571 1657 1716 1725 Apo-

128 1741 324 1810 stolus,
354 1744 490 1813 quia
535 1760 642 1798 non
698 1760 912 1811 semper
967 1745 1182 1800 itineris
1233 1747 1565 1815 prosperitas
1616 1748 1711 1802 Dei

1829 580 1950 617 cum
1974 564 2087 619 ﬁta
2119 565 2304 629 Paulo,
2334 576 2389 620 et
2428 566 2544 632 ipse
2587 565 3018 623 consolationem
3056 571 3224 640 capit,
3268 570 3406 640 opus

1827 674 1982 711 suum
2014 657 2229 711 ﬁrmum
2258 667 2313 712 et
2336 658 2531 712 stabile
2578 657 2807 720 videns;
2853 668 2906 714 et
2938 660 3013 715 illi
3057 666 3405 721 consolantur

1827 750 1917 819 qui
1944 751 2249 818 apostolicae
2276 752 2464 821 gratiae
2486 753 2780 822 participes
2811 753 2965 807 ﬁunt.

1897 843 1985 896 15.
2021 841 2160 895 Nolo
2194 851 2368 896 autent
2399 860 2486 897 vos
2514 844 2779 913 ignorare,
2816 845 3007 913 fratres
3024 847 3066 911 ’,
3101 846 3226 913 quia
3268 862 3403 915 stirpe

1822 933 2075 1003 propasui
2096 935 2272 987 venire
2297 936 2364 987 ad
2396 952 2482 989 vos
2506 936 2574 1004 (et
2624 938 2921 1003 prohibitus
2951 955 3064 990 sum
3095 955 3256 1007 usque
3304 942 3398 991 atl-

1822 1025 1945 1099 Ituc)
1974 1037 2026 1078 ut
2057 1027 2285 1096 aliquem
2313 1027 2541 1094 fructum
2578 1030 2798 1083 habeant
2821 1042 2867 1084 et
2909 1031 2964 1085 in
2995 1033 3158 1100 vobis,
3194 1034 3326 1088 sicut
3351 1045 3399 1088 et

1821 1121 1876 1174 in
1900 1120 2102 1171 ca'teris
2121 1119 2381 1187 gentibus.
2415 1120 2617 1174 Gra’cis
2664 1139 2725 1175 ac
2763 1123 3001 1178 barbaris
3029 1163 3044 1187 ,
3080 1125 3400 1192 sapientibus

1820 1223 1877 1264 et-
1916 1209 2283 1272 insipientibus
2343 1212 2549 1265 debitor
2596 1227 2712 1265 sum
2743 1229 2763 1267 :
2789 1216 2863 1267 ita
2912 1216 3051 1284 quod
3086 1216 3138 1269 in
3184 1234 3266 1271 me
3300 1229 3396 1285 est,

1824 1306 2096 1367 promptus
2132 1312 2249 1351 sunt
2287 1296 2402 1367 (60)
2438 1308 2488 1354 et
2527 1301 2689 1364 vobis,
2730 1304 2820 1372 qui
2858 1290 3037 1359 Romae
3067 1309 3215 1372 estis,
3243 1325 3399 1362 evan-

1810 1381 2069 1457 ‘gelizare.
2099 1388 2196 1442 Est
2220 1387 2438 1458 quidem
2466 1400 2520 1446 et
2547 1392 2877 1463 hyperbaton
2908 1398 2960 1450 in
3000 1400 3103 1453 hoc
3130 1400 3280 1462 Ιορος
3315 1413 3399 1453 est

1816 1493 1872 1538 et
1896 1485 2220 1541 elocutionis
2243 1485 2497 1543 defectio.
2549 1487 2655 1542 Sed
2701 1489 3035 1559 hyperbaton
3088 1490 3189 1544 hoc
3236 1493 3399 1547 modo

1814 1589 2102 1642 possumus
2135 1575 2363 1631 reddere
2408 1595 2421 1629 :
2462 1574 2597 1631 Nolo
2637 1588 2821 1632 autem
2855 1593 2952 1634 vos
2984 1579 3258 1649 ignorare,
3288 1579 3398 1635 fra—

1818 1675 1948 1729 tres,
1974 1667 2102 1735 quia
2131 1681 2273 1736 sa‘pe
2295 1669 2549 1736 proposui
2597 1670 2785 1748 venire
2826 1672 2892 1724 ad
2926 1684 3046 1733 vos,
3074 1679 3133 1724 ut
3160 1671 3395 1742 aliquem

1813 1756 2051 1811 fructum
2085 1757 2310 1811 habeam
2338 1767 2393 1811 et
2419 1758 2472 1811 in
2506 1760 2674 1821 vobis,
2703 1759 2845 1814 sicut
2865 1770 2920 1814 et
2940 1759 2994 1813 in
3024 1762 3237 1815 caeteris
3267 1776 3398 1832 gen-

127 1835 411 1891 voluntate
447 1837 748 1907 perﬁcitur.
778 1839 1017 1908 Denique
1039 1850 1094 1893 et
1142 1838 1356 1894 Balaam
1391 1840 1492 1895 iter
1526 1838 1713 1895 habuit
1746 1818 1787 1873 B
1818 1849 1979 1915 tibus,
2013 1848 2218 1904 Graecis
2248 1863 2313 1903 ac
2362 1850 2612 1903 barbaris
2636 1890 2652 1915 ,
2688 1849 3023 1917 sapientibus
3048 1860 3100 1905 et
3128 1818 3394 1921 insipien-

128 1944 452 1998 prosperum
476 1932 640 1985 eundi
676 1932 743 1984 ad
778 1930 995 1994 Balach,
1023 1941 1083 1985 ut
1132 1931 1481 1987 malediceret
1516 1934 1712 2002 papula

129 2019 294 2076 Israel
321 2022 380 2085 ³;
413 2024 510 2077 sed
545 2038 652 2078 non
686 2024 786 2078 fuit
812 2024 900 2078 illa
948 2041 1013 2080 ex
1065 2025 1342 2079 voluntate
1372 2026 1549 2080 divina
1579 2042 1709 2096 pro-

126 2113 388 2182 speritas.
425 2114 495 2169 Et
517 2115 673 2169 multi
698 2116 750 2170 in
789 2118 952 2172 rebus
980 2118 1162 2173 saeculi
1188 2118 1461 2189 prosperis
1487 2128 1713 2174 utuntur

129 2208 503 2274 successibus,
531 2217 585 2262 et
636 2209 914 2265 exsultant
954 2210 1010 2266 in
1058 2213 1515 2282 prosperitatibus
1543 2212 1656 2267 suis
1688 2228 1703 2275 ;

126 2300 219 2352 sed
253 2313 359 2354 non
385 2306 472 2353 est
501 2297 624 2353 talis
669 2300 1003 2367 prosperitas
1041 2314 1107 2355 ex
1141 2301 1417 2357 voluntate
1448 2301 1570 2365 Dei,
1601 2302 1704 2355 nisi

129 2406 247 2443 cum
284 2389 391 2443 tale
423 2398 507 2443 est
553 2405 690 2459 opus
731 2390 947 2446 itineris
997 2394 1204 2459 nostri,
1234 2393 1395 2463 quale
1429 2394 1517 2449 hic
1564 2394 1709 2448 desi-

131 2493 256 2552 gnat
284 2481 600 2552 Apostolus.

197 2596 285 2650 η.
323 2595 575 2649 Desidero
612 2597 773 2659 enim,
817 2596 1012 2661 inquit,
1039 2597 1214 2652 videre
1246 2614 1356 2661 vos,
1391 2607 1446 2651 ut
1491 2598 1704 2668 aliquod

129 2686 334 2739 tradant
373 2687 519 2740 vobis
540 2686 737 2740 donum
763 2686 1003 2756 spiritale
1033 2686 1146 2759 (58)
1183 2689 1252 2740 ad
1282 2689 1700 2758 confirmandum

128 2795 235 2841 eos,
260 2780 317 2832 id
341 2788 446 2843 est,
474 2778 740 2833 consolari
761 2779 816 2833 in
844 2780 988 2834 vobis
1024 2796 1118 2847 per
1155 2797 1293 2845 eam,
1328 2797 1446 2851 quia
1482 2782 1702 2836 invicem

127 2878 222 2936 est,
251 2869 411 2938 ﬁdem
445 2878 669 2924 vestram
702 2879 858 2940 atque
882 2885 1052 2923 meam
1081 2870 1123 2924 ⁸.
1152 2869 1334 2925 Primo
1355 2872 1592 2926 omnium
1619 2873 1703 2927 di-

129 2978 275 3017 scere
305 2962 567 3017 debemus
622 2977 764 3030 opus
811 2976 928 3017 esse
983 2962 1338 3032 apostolicum
1389 2962 1701 3018 desiderare

130 3056 342 3119 fratres,
369 3053 468 3108 sed
499 3068 606 3108 non
639 3053 803 3106 aliam
850 3051 920 3105 ob
956 3067 1196 3109 causam.
1233 3052 1336 3105 nisi
1372 3062 1430 3106 ut
1457 3052 1541 3109 vel
1569 3068 1700 3108 con—

1816 1939 1981 2003 tibus,
2009 1950 2067 1995 et
2097 1940 2406 2009 prohibitus
2426 1955 2544 1995 sum
2568 1955 2741 2010 usque
2766 1941 2964 1998 adhuc.
2992 1941 3235 1998 Deiectio
3267 1936 3407 1998 vero

1811 2031 2134 2086 elocutionis
2170 2033 2273 2088 hoc
2295 2033 2459 2087 modo
2485 2032 2892 2099 adimplebitur.
2919 2032 2973 2087 In
2995 2049 3061 2089 eo
3090 2035 3176 2088 ubi
3205 2035 3338 2089 dicit
3375 2051 3392 2087 :

1816 2123 1881 2176 Et
1918 2125 1971 2177 in
1999 2125 2204 2178 ctcteris
2225 2125 2486 2195 gentibus,
2525 2123 2727 2180 Graecis
2760 2142 2823 2179 ac
2854 2128 3115 2191 barbaris,
3143 2127 3398 2195 sapienti-

1810 2216 1905 2270 bus
1938 2228 1985 2270 et
2027 2209 2431 2285 insipientibus,
2484 2218 2699 2272 videtur
2742 2218 2932 2273 deesse
2967 2220 3175 2288 quibus,
3225 2229 3285 2272 ttt
3332 2234 3395 2273 ea

1808 2321 1928 2375 qute
1962 2306 2368 2375 subsequuntur
2393 2308 2473 2362 sic
2501 2307 2768 2378 legantur,
2794 2309 2984 2379 quibus
3012 2311 3216 2363 debitor
3234 2327 3349 2365 sum
3372 2330 3395 2380 ,-

1806 2410 1862 2453 et
1908 2399 1982 2453 sit
2035 2398 2156 2453 talis
2182 2401 2567 2467 consequentia
2601 2417 2616 2454 :
2656 2398 2811 2457 Sicut
2869 2400 3099 2455 fructum
3136 2402 3311 2459 habeo
3341 2406 3393 2458 in

1808 2492 2023 2547 caeteris
2051 2494 2326 2563 gentibus,
2357 2492 2564 2549 Graecis
2590 2509 2654 2548 ac
2678 2493 2944 2558 barbaris,
2979 2495 3316 2561 sapientibus
3341 2507 3397 2551 et

1812 2584 2220 2653 insipientibus,
2246 2584 2447 2655 quibus
2494 2584 2708 2639 debitor
2756 2601 2898 2648 sum.
2934 2588 3007 2641 ita
3035 2588 3177 2657 quod
3210 2588 3261 2642 in
3307 2603 3396 2645 me

1804 2684 1908 2738 est,
1935 2684 2217 2744 promptus
2254 2690 2376 2728 sum
2424 2674 2586 2728 etiam
2635 2674 2812 2743 vobis,
2858 2681 2950 2746 qui
2996 2677 3186 2733 Romae
3236 2679 3391 2740 estis,

1803 2768 2197 2838 evangelizare.
2241 2766 2522 2838 Nunquam
2571 2771 2715 2822 enim
2773 2771 2914 2835 apud
2965 2771 3127 2824 ullam
3174 2782 3392 2842 gentem

1802 2860 1993 2914 erubui
2028 2859 2195 2932 470
2210 2859 2507 2928 praedicare
2540 2860 2913 2931 Evangelium,
2937 2864 3065 2932 quia
3097 2864 3273 2918 virtus
3297 2863 3393 2919 Dei

1800 2962 1887 3007 est
1912 2952 1967 3005 in
2000 2965 2066 3006 eo
2090 2955 2157 3006 ad
2183 2951 2411 3006 salutem
2445 2953 2593 3007 omni
2618 2954 2889 3018 credenti,
2914 2953 3101 3009 Judaeo
3129 2956 3390 3026 primmn,

1802 3053 1857 3100 et
1875 3042 2093 3112 Graeco;
2121 3044 2245 3115 quia
2276 3045 2325 3098 in
2351 3045 2645 3116 Evangelio
2663 3047 2873 3115 justitia
2902 3048 2993 3101 Dei
3032 3048 3389 3111 revelatur“.

130 3146 358 3200 feramus
414 3145 499 3200 eis
553 3144 757 3214 aliquid
800 3144 925 3199 doni
984 3144 1247 3214 spiritalis
1290 3145 1335 3199 si
1389 3159 1699 3212 possumus,
1727 3161 1771 3218 α
1803 3156 1924 3212 qua:
1950 3128 2165 3198 obtecta
2201 3143 2351 3211 prius
2380 3144 2663 3197 velabatur
2687 3142 2739 3196 in
2776 3143 2936 3213 Lege.
2965 3143 3260 3199 Revelatur
3292 3160 3390 3198 au-

128 3237 205 3290 vel
234 3236 278 3290 si
312 3252 423 3292 non
458 3251 770 3305 possumus,
798 3236 895 3305 ipsi
919 3245 977 3290 ut
1006 3235 1340 3305 accipiamus
1369 3236 1436 3290 ab
1463 3236 1697 3308 his(59).

130 3330 252 3384 Siue
283 3329 385 3385 hoc
420 3330 565 3385 enim
611 3344 716 3384 non
769 3340 854 3383 est
903 3329 1181 3399 probabile
1224 3327 1549 3383 desiderium
1601 3329 1704 3383 cir-

127 3420 406 3475 cumeundi
444 3419 670 3477 fratres.
707 3419 860 3486 Quod
916 3429 1099 3475 autem
1157 3419 1311 3482 dicit,
1360 3429 1417 3473 ut
1484 3418 1701 3490 aliquod

129 3512 327 3566 tradam
369 3513 514 3568 vobis
535 3513 732 3567 donum
759 3512 998 3581 spiritale
1015 3554 1030 3575 ,
1057 3511 1273 3567 videtur
1315 3511 1558 3565 iudicare
1583 3524 1703 3566 esse

128 3603 322 3673 a'iquid
345 3604 490 3673 quod
518 3605 719 3659 donum
740 3602 959 3671 quidem
981 3601 1073 3668 sit,
1099 3616 1205 3656 non
1232 3610 1409 3656 tamen
1435 3600 1698 3672 spiritale.

127 3692 253 3748 Nam
289 3696 490 3750 donum
522 3694 645 3751 ﬁdei
672 3694 971 3749 sinedubio
1004 3692 1251 3763 spiritale
1280 3704 1388 3756 est,
1419 3703 1473 3748 et
1499 3693 1697 3747 donum

129 3787 431 3855 sapientiae,
456 3794 512 3842 et
541 3787 807 3852 scientite,
837 3795 894 3840 et
922 3784 1252 3853 virginitatis
1285 3785 1558 3840 similiter.
1598 3784 1697 3840 Ubi

129 3887 298 3933 autem
341 3878 477 3934 dicit
504 3878 573 3934 de
613 3878 816 3946 nuptiis
844 3887 899 3931 et
939 3876 1254 3947 virginitate
1291 3876 1522 3945 loquens
1554 3875 1699 3932 :Sed

131 3972 479 4041 unusquisque
508 3970 778 4041 proprium
800 3971 955 4025 habet
983 3973 1180 4023 danunt
1218 3986 1251 4024 α
1275 3970 1404 4033 Deo,
1435 3971 1576 4025 alius
1592 3971 1694 4037 sic,

130 4063 258 4117 alius
277 4078 453 4120 autem
478 4066 556 4119 sic
576 4065 635 4133 l';
667 4065 867 4118 donum
908 4063 1127 4133 quidem
1154 4060 1286 4118 dicit
1308 4076 1431 4117 esse
1458 4063 1698 4134 nuptias,

130 4157 396 4225 quoniam,
434 4158 577 4213 sicut
611 4157 874 4226 scriptum
906 4165 1008 4224 est,
1038 4172 1071 4209 a
1104 4155 1211 4209 Deo
1250 4165 1467 4225 aptatur
1502 4156 1698 4211 mulier

132 4248 301 4316 viro“;
330 4252 423 4306 sed
464 4265 572 4305 non
606 4249 751 4304 istud
786 4248 990 4304 donum
1032 4257 1117 4302 est
1164 4248 1428 4319 spiritale.
1461 4248 1698 4304 Possunt

132 4350 183 4393 et
204 4340 304 4396 alia
342 4347 513 4397 multa
550 4342 692 4397 dona
719 4341 810 4395 Dei
838 4340 970 4406 dici,
1002 4348 1063 4394 ut
1090 4340 1296 4395 divitia:
1337 4352 1396 4396 et
1434 4340 1696 4398 fortitudo

134 4436 383 4501 corporis,
422 4445 483 4491 ut
514 4435 700 4490 forma:
742 4435 928 4502 decor,
962 4443 1021 4489 ut
1065 4448 1290 4503 regnum
1340 4443 1619 4491 terrestre.
1648 4436 1692 4490 A

1807 3244 1912 3292 tem
1946 3237 2000 3289 in
2030 3237 2114 3290 his
2148 3236 2239 3305 qui
2264 3251 2331 3289 ex
2369 3235 2472 3290 ﬁde
2525 3237 2737 3291 Veteris
2760 3235 3092 3292 Testamenti
3122 3238 3188 3290 ad
3229 3237 3387 3292 ﬁdem

1803 3343 1998 3381 novam
2044 3325 2317 3396 Evangelii
2362 3326 2605 3391 veniunt,
2636 3324 2782 3379 sicut
2825 3335 2881 3380 et
2915 3327 2967 3379 in
3009 3326 3269 3395 propheta
3306 3325 3391 3381 (Ιί-

1802 3428 1947 3473 ctum
1981 3418 2150 3484 est“,
2179 3419 2304 3487 quia
2344 3418 2550 3488 justus,
2589 3417 2805 3472 etiamsi
2841 3417 2897 3471 in
2940 3416 3059 3487 lege
3085 3419 3263 3473 adhuc
3297 3418 3391 3487 sit,

1803 3510 1915 3566 Deo
1963 3510 2193 3566 credens
2222 3519 2277 3565 et
2309 3509 2511 3564 famulo
2545 3513 2664 3576 ejus
2709 3508 2901 3579 Moysi,
2924 3526 2989 3564 ea:
3019 3510 3122 3578 ﬁde
3147 3510 3262 3564 vivit
3276 3514 3303 3576 ‘;
3335 3520 3391 3564 et

1802 3618 1927 3658 cum
1954 3603 2021 3657 ad
2062 3602 2414 3672 Evangelium
2447 3601 2561 3674 (6|)
2600 3601 2775 3666 venit,
2806 3617 2869 3656 ex
2903 3602 3009 3657 ﬁde
3050 3601 3211 3672 Legis
3242 3602 3293 3656 in
3328 3603 3389 3655 ﬁ-

1802 3700 1925 3751 dem
1959 3695 2163 3750 Christi
2196 3695 2476 3764 dirigitur,
2508 3703 2564 3746 et
2596 3694 2671 3747 ita
2709 3708 2774 3748 ex
2812 3693 2917 3748 ﬁde
2948 3693 3001 3747 in
3036 3695 3194 3747 ﬁdem
3221 3696 3387 3763 proli-

1802 3790 1896 3844 cit.
1916 3788 2341 3856 Iltec,quantum
2378 3787 2444 3841 ad
2479 3787 2867 3855 consequentia
2901 3787 3191 3840 verborum
3222 3786 3390 3849 ipsius

1799 3880 2040 3951 Apostoli
2069 3881 2321 3951 pertinet,
2352 3880 2493 3934 dicta
2520 3879 2651 3934 sint.
2680 3877 2834 3931 Nunc
2880 3885 3062 3931 autem
3100 3877 3241 3945 quod
3266 3892 3388 3945 spe-

1800 3982 1917 4028 ctat
1940 3972 2009 4026 ad
2065 3970 2477 4042 intelligentiam
2528 3969 2889 4040 requiramus.
2923 3967 3075 4033 Quod
3123 3968 3221 4034 ait,
3262 3958 3388 4037 quia

1798 4082 1936 4133 saepe
1958 4065 2207 4132 proposui
2230 4063 2404 4117 venire
2438 4061 2508 4115 ad
2534 4078 2645 4125 vos,
2679 4060 3005 4114 charitatem
3036 4074 3187 4113 suam
3224 4074 3383 4127 quam

1799 4173 1928 4228 erga
1978 4156 2256 4211 Romanos
2303 4156 2561 4220 habebat,
2591 4154 2835 4209 ostendit
2882 4152 3020 4222 (62).
3056 4151 3212 4219 Quod
3257 4166 3397 4205 vero.

1798 4248 2026 4312 addidit,
2054 4258 2105 4301 et
2134 4247 2430 4314 prohibitus
2453 4262 2569 4300 sunt
2604 4262 2769 4316 usque
2811 4244 3011 4308 adhuc,
3067 4244 3114 4299 si
3165 4245 3385 4313 quidem

1796 4349 2019 4410 putetur
2045 4354 2076 4392 a
2108 4340 2219 4394 Deo
2251 4338 2576 4407 prohibitus,
2613 4338 2918 4393 ostenditur
2952 4352 3049 4408 per
3081 4337 3188 4392 hoc
3220 4339 3391 4392 etiam

1799 4432 1851 4486 id
1900 4446 2047 4486 curre
2098 4445 2221 4486 esse
2271 4430 2405 4496 Deo,
2438 4444 2551 4499 quo
2598 4429 2970 4499 unusquisque
3014 4429 3399 4499 apostolorum,

136 4522 236 4579 Deo
265 4529 408 4582 enim
442 4529 609 4583 etiam
645 4528 761 4583 haec
787 4528 1084 4591 donantur,
1130 4527 1272 4582 sicut
1311 4534 1367 4581 et
1393 4525 1582 4583 Daniel
1607 4529 1690 4583 di-
1723 4506 1769 4561 Ῐ)
1797 4525 1884 4580 vel
1916 4525 2110 4579 debeat
2141 4524 2221 4578 ire
2246 4521 2332 4577 vel
2357 4537 2462 4576 non
2497 4521 2712 4586 debeat,
2737 4521 2957 4590 etquod
2983 4522 3386 4591 dispensatione

135 4616 237 4671 cit:
267 4618 402 4685 Quia
446 4622 557 4690 ipse
595 4619 723 4690 facit
756 4634 922 4688 reges,
952 4628 1002 4671 et
1043 4626 1331 4671 commutat
1363 4617 1384 4649 ⁷
1420 4621 1554 4684 ;sed
1586 4634 1692 4674 non

135 4719 253 4763 sunt
275 4712 385 4766 ha'c
420 4712 559 4767 dona
597 4712 884 4781 spiritalia.
933 4708 1087 4764 Beati
1129 4720 1258 4766 sunt
1307 4725 1439 4787 ergo
1467 4710 1543 4765 illi
1575 4713 1696 4781 qui-

140 4797 228 4854 bus
276 4805 568 4872 spiritalem
603 4805 834 4875 gratiam
873 4804 1087 4859 tradere
1131 4802 1247 4857 vult
1291 4803 1580 4875 Apostolus
1625 4804 1693 4858 ad

139 4896 585 4954 conﬁrmationem
625 4897 774 4963 ﬁdei,
792 4906 852 4950 ut
880 4896 1017 4951 ultra
1040 4894 1154 4964 jam
1177 4911 1291 4974 non
1321 4896 1432 4951 sint
1454 4897 1691 4968 parvuli,

240 5081 253 5110 ¹
282 5081 431 5139 nutu.
466 5100 510 5146 ι,
536 5083 592 5149 9,
635 5082 727 5139 10.
802 5081 824 5112 ²
849 5080 870 5134 l
895 5080 1059 5135 Thes.
1095 5097 1146 5145 v,
1180 5083 1266 5136 i7.
1345 5081 1365 5113 ³
1392 5081 1551 5137 Num.
1588 5097 1699 5137 χχιι

1901 5096 2019 5150 seq.
2098 5080 2135 5150 ξ
2164 5080 3093 5150 Rom.__t,ii,12.__'_l_Cor._vu,7.
3171 5080 3394 5150 iiuna.

980 5151 1003 5185 ⁸
1035 5151 1238 5222 Ephes.
1294 5168 1369 5218 ιν,
1403 5153 1489 5231 ii.
1602 5153 1624 5186 ⁹
1663 5154 1699 5209 Il

1894 5193 1908 5218 ,
1950 5145 2149 5206 {5-15.
2260 5145 2304 5177 ¹⁰
2326 5145 2487 5201 Rom.
2516 5160 2557 5210 ι,
2607 5145 2795 5201 1648.
2908 5146 2949 5177 ¹¹
2975 5145 3177 5199 Habac.
3228 5160 3291 5208 tt,
3323 5145 3390 5205 4.,

142 5160 247 5219 7m.
286 5153 371 5216 tt,
469 5154 491 5187 τ
522 5153 658 5208 Dan.
699 5167 766 5219 ιι,
792 5151 883 5206 at.

146 5215 183 5246 “
217 5221 328 5277 Act.
357 5239 465 5290 xvr,
505 5224 559 5278 7.

213 5364 502 5445 (57)_Alia,
545 5373 698 5441 Quod
748 5382 1013 5428 autem...
1069 5374 1513 5445 considerandum
1557 5374 1697 5445 quod

151 5434 405 5502 Apostolus
444 5434 645 5499 Deiﬁed
694 5462 824 5515 opus
867 5454 1110 5498 sanctum
1155 5443 1431 5513 Evangelii
1477 5434 1584 5515 (al:
1624 5446 1694 5499 ad

151 5519 264 5586 "tius
299 5524 551 5586 sanetum,
590 5513 733 5585 opus
759 5513 1053 5584 Evangelii)
1184 5515 1423 5583 imploret
1466 5514 1557 5586 (al.
1599 5517 1700 5569 int-

154 5573 333 5657 P‘él'nenl‘.‘
350 5583 438 5657 gi.
457 5573 780 5657 impetraret)
812 5573 934 5638 non"
949 5573 1138 5657 solum,
1166 5573 1271 5641 etc:

140 5667 143 5673 ·
214 5647 318 5727 (56)
350 5650 505 5727 Editi,
529 5647 732 5726 aliquid
750 5647 1142 5726 impartiar(al.
1166 5657 1530 5727 impartiatur)
1554 5656 1696 5711 vobis

154 5725 325 5788 gratus
348 5725 659 5788 spiritualis.

353 5784 515 5865 glias,
551 5806 608 5849 ut
640 5796 743 5865 ipsi
771 5796 1043 5863 capiamus
1065 5798 1130 5849 ab
1160 5797 1257 5850 eis.

217 5854 321 5927 (6.0)
344 5854 617 5945 Promptus
639 5854 777 5928 sunt.
801 5854 893 5923 Sic
915 5881 1073 5936 τηεδά
1099 5867 1249 5934 editi,
1280 5877 1575 5948 proruptum
1600 5878 1698 5932 est.

1802 4617 2032 4686 quadam
2075 4614 2195 4668 aliis
2240 4614 2458 4684 quidem
2491 4613 2636 4666 sinat
2681 4612 2963 4683 praedicari
3009 4611 3119 4682 (65)
3158 4612 3385 4665 verbum

1799 4710 1919 4776 Dei,
1950 4708 2071 4763 aliis
2103 4706 2419 4777 prohibeat,
2445 4704 2587 4758 sicut
2623 4715 2676 4759 et
2723 4704 2853 4759 alibi
2881 4704 3013 4759 dicit
3050 4705 3092 4735 ι’
3129 4701 3239 4758 :Et
3266 4720 3395 4758 cum

1798 4809 2123 4857 tentaremus
2166 4799 2245 4853 ire
2294 4798 2351 4852 in
2400 4797 2746 4867 Bithyniam,
2785 4798 3053 4864 prohibuit
3088 4815 3180 4852 nos
3216 4796 3391 4865 Spiri-.

1799 4906 1883 4949 tus
1922 4892 2092 4957 Jesu;
2147 4899 2204 4946 et
2261 4892 2315 4945 in
2364 4889 2674 4961 Evangeliis
2714 4905 2745 4945 a
2794 4889 3076 4945 Salvatore
3138 4891 3381 4947 dicitur:

2112 5076 2135 5108 ⁵
2164 5075 2322 5132 Rom.
2352 5074 2604 5141 t,H,12.
2682 5072 2747 5128 ⁸1
2778 5074 2905 5129 Cor.
2924 5091 3016 5137 vn,
3042 5075 3093 5127 7.
3171 5074 3193 5104 ⁸
3221 5074 3380 5127 Prov.

1879 5370 1991 5444 (61)
2025 5371 2108 5426 Ad
2144 5370 2645 5444 Evangelium,_etc.
2682 5371 2772 5444 Sic
2797 5369 3217 5444 mss.plerique.
3243 5371 3399 5444 Editi

1803 5441 2177 5515 vero,;et_ms.
2219 5441 2385 5509 unus,
2415 5443 2480 5497 de
2510 5442 2797 5515 Evangelia
2832 5443 3002 5507 venit,
3030 5456 3096 5495 ea:
3124 5441 3231 5510 ﬁde
3254 5441 3398 5515 legis.

1805 5515 1862 5568 in
1890 5513 1995 5584 ﬁde
2021 5513 2243 5584 Qhristi,
2276 5524 2381 5571 etc.

1875 5582 1988 5651 (62)
2020 5582 2191 5651 Etliti,
2218 5585 2469 5640 innotuit.

1876 5655 1989 5725 (6⁵5)
2037 5654 2167 5725 Mss.
2210 5655 2390 5723 plures
2414 5697 2429 5719 ,
2472 5654 2776 5723 prwdicari.
2816 5654 2923 5708 Alii
2961 5669 3093 5710 vero
3131 5663 3186 5711 et
3223 5655 3395 5724 editi,

1801 5724 2110 5796 prtedicare.
2130 5724 2317 5796 Paulo
2343 5735 2464 5794 post
2501 5726 2662 5787 cditi,
2704 5727 2907 5780 steteris
2946 5736 3121 5781 autem
3160 5727 3395 5796 parabo-.

1801 5794 1892 5851 lis.
1937 5794 2004 5849 Et
2059 5795 2200 5851 infra
2256 5812 2389 5852 mss.
2434 5797 2677 5866 aliquot,
2719 5798 2787 5853 ad
2843 5797 2977 5852 illud
3026 5794 3288 5869 referatur
3324 5799 3404 5855 de-

1803 5884 1904 5949 quo
1924 5904 1941 5936 ,
1981 5873 2084 5923 etc.
