3712 6138
320 313 424 369 859

1773 260 2094 361 ometms

3448 304 3533 361 εδδ

334 430 487 484 Vobis
503 431 770 483 datumest
793 425 1000 479 “nosse
1029 424 1329 492 mysterium
1348 424 1488 493 regni
1512 423 1627 488 Dei,
1648 423 1765 477 aliis
1795 440 1889 475 au-
1918 427 1961 481 Α
1992 423 2178 475 tiosam
2198 461 2212 485 ,
2246 419 2484 473 vendidit
2521 433 2735 481 omnes,
2757 426 2811 473 et
2834 419 2966 473 emit
3001 417 3143 472 illam
3182 431 3342 470 unam
3370 415 3441 482 ἰς
3474 418 3529 469 ita

318 533 421 576 tem
448 538 503 574 tn
526 518 814 588 parabolis,
838 527 893 569 ut
920 515 1146 570 videntes
1170 531 1273 568 non
1291 516 1521 579 videant,
1545 528 1591 569 et
1620 517 1889 570 audientes

316 629 421 667 non
471 612 715 664 audiant.
755 606 811 662 Si
847 621 999 670 vero,
1027 606 1320 674 prohibitus
1343 623 1458 659 sum
1489 623 1650 676 usque
1691 608 1883 670 adhuc,

316 701 385 759 ad
448 700 594 755 illum
650 700 917 754 referatur
946 698 1011 751 de
1046 711 1153 764 quo
1182 696 1293 765 ipse
1338 698 1464 751 alibi
1514 696 1735 761 dicit“,
1761 699 1885 767 quia

313 794 579 863 impedivit
624 809 718 847 nos
768 789 1017 855 Satanas,
1055 800 1424 857 competenter
1454 791 1688 845 ostendit
1728 805 1786 844 se
1832 791 1885 842 in

313 885 651 939 orationibus
688 886 807 939 sine
854 882 1256 937 intermissione
1280 892 1511 947 certare,
1550 893 1629 949 ut,
1663 882 1887 937 devictis

314 976 532 1030 Satanae
567 977 983 1045 impedimentis,
1035 991 1355 1046 prosperum
1395 977 1500 1029 iter
1548 974 1664 1042 ejus
1704 973 1799 1027 fiat
1831 974 1885 1027 in

313 1068 590 1123 voluntate
623 1069 713 1122 Dei
743 1070 925 1123 videre
948 1084 1042 1124 eos
1075 1069 1164 1137 qui
1209 1066 1394 1124 Romae
1424 1076 1570 1124 sunt.
1604 1064 1886 1121 Desiderat

313 1161 483 1226 enim,
514 1171 570 1214 et
617 1161 670 1215 in
706 1161 1043 1216 orationibus
1079 1163 1371 1216 obsecrare
1421 1175 1523 1214 non
1560 1169 1736 1235 cessat
1764 1157 1882 1211 fru-

312 1262 457 1306 ctum
493 1253 725 1322 aliquem
756 1269 950 1322 capere
980 1268 1049 1307 ex
1076 1253 1230 1323 ipsis,
1261 1256 1403 1309 sicut
1425 1268 1489 1306 ex
1523 1252 1736 1306 caeteris
1761 1266 1885 1321 gen-

313 1345 475 1399 tibus.
512 1345 660 1400 llnde
684 1346 828 1400 velut
850 1346 1138 1400 multarum
1169 1346 1478 1402 divitiarum
1508 1345 1732 1413 cupidus
1747 1344 1883 1398 Pau-

311 1436 412 1499 lus,
445 1455 512 1491 ex
543 1438 726 1492 multis
760 1439 1173 1494 rationabilibus
1217 1438 1649 1507 possessionibus
1678 1436 1883 1490 reditus

308 1528 579 1581 desiderat
613 1542 968 1597 congregare.
1011 1526 1317 1597 Cougregat
1339 1525 1543 1581 fructus
1564 1541 1629 1580 ex
1657 1525 1879 1590 Graecis,

306 1630 601 1688 congregat
647 1635 710 1674 ex
759 1621 1007 1674 barbaris
1035 1660 1049 1684 ,
1081 1629 1374 1690 congregat
1421 1634 1484 1675 ex
1520 1620 1876 1689 sapientibus,

305 1711 507 1779 aliquid
535 1716 695 1765 etiam
743 1726 810 1765 ex
854 1711 1231 1780 insipientibus
1272 1711 1478 1781 colligit
1501 1711 1565 1777 “',
1606 1712 1731 1764 dum
1756 1710 1877 1766 aliis

305 1815 562 1873 tanquam
583 1804 836 1871 perfectis
856 1804 1177 1872 sapientiam
1202 1804 1460 1874 loquitur,
1481 1804 1873 1874 aliistanquam
1906 1787 1949 1842 Β

303 1896 686 1965 insipientibus
721 1897 854 1950 nihil
905 1897 1054 1950 aliud
1103 1898 1243 1951 scire
1283 1911 1340 1951 se
1385 1896 1537 1961 dicit,
1568 1896 1669 1950 nisi
1717 1895 1876 1950 Chri-

302 2000 444 2043 stum
479 1988 689 2053 Jesum,
723 1998 778 2043 et
803 1990 946 2044 hunc
995 1989 1312 2043 crucifixum
1347 1989 1428 2057 ‘6;
1464 1991 1588 2045 dum
1638 1988 1773 2044 alios
1808 2005 1872 2045 ex

301 2082 444 2153 Lege
481 2092 535 2137 et
575 2082 860 2151 Prophetis
899 2084 1074 2149 docet,
1122 2084 1259 2138 alios
1294 2085 1462 2155 signis
1493 2094 1550 2139 et
1587 2086 1874 2140 virtutibus

301 2174 510 2229 suadet.
565 2174 763 2228 Verum
814 2175 913 2229 hos
973 2190 1159 2230 omnes
1219 2176 1428 2232 fructus
1458 2174 1617 2231 allert
1646 2176 1870 2243 Paulus,

299 2266 426 2333 quia
462 2275 718 2335 tanquam
757 2266 960 2335 palmes
981 2266 1155 2321 bonus
1195 2278 1474 2337 permanet
1496 2269 1548 2322 in
1585 2270 1691 2325 vite
1720 2285 1868 2335 vera,

298 2371 419 2425 qum
458 2367 541 2411 est
574 2356 856 2424 Christus,
896 2373 1051 2427 quem
1099 2359 1438 2428 frequentius
1482 2358 1643 2415 Pater
1678 2371 1872 2430 purgat

298 2448 556 2517 agricola,
595 2458 648 2504 et
684 2450 804 2505 ideo
842 2451 1072 2505 fructum
1120 2452 1410 2520 plurimum
1450 2451 1606 2507 alfert
1637 2453 1699 2506 ¹⁷.
1729 2452 1868 2507 Pur-

298 2548 387 2606 gat
420 2548 596 2592 autem
624 2556 747 2593 etim
791 2541 842 2593 in
877 2541 1172 2604 laboribus,
1219 2542 1271 2595 in
1317 2542 1779 2609 tribulationibus,
1813 2544 1867 2597 in

298 2632 780 2697 persecutionibus.
828 2633 966 2688 Sunt
1014 2636 1159 2688 enim
1195 2632 1306 2705 (64)
1340 2636 1427 2688 alii
1478 2634 1745 2704 palmites,
1775 2636 1866 2706 qui

297 2723 349 2773 in
383 2723 492 2777 vite
520 2724 734 2792 quidem
759 2735 1098 2794 permanent,
1118 2724 1352 2782 fructum
1377 2742 1501 2780 vero
1526 2743 1629 2780 non
1652 2727 1865 2794 ferunt,

294 2816 386 2867 sed
417 2826 545 2870 sunt
567 2817 724 2873 aridi.
766 2819 842 2872 Ex
874 2822 1067 2887 quibus
1106 2832 1230 2875 sunt
1260 2821 1331 2873 illi
1368 2821 1457 2889 qui
1497 2821 1713 2875 nomine
1743 2823 1866 2889 qui-

291 2905 414 2959 dem
449 2917 767 2973 permanent
795 2908 845 2962 in
870 2910 1107 2969 Christo.
1140 2910 1397 2978 operibus
1422 2921 1603 2967 autem
1642 2920 1698 2963 et
1727 2909 1865 2964 acti-

291 2997 392 3052 bus
427 2996 744 3053 infructuosi
778 2999 1758 3071 iuveniunturetaridi;quidicuntur
1772 3017 1865 3057 ex-

291 3088 397 3141 cidi
430 3102 459 3141 a
494 3088 655 3143 Patre
697 3089 842 3161 (65).
875 3098 930 3144 et
981 3091 1033 3144 in
1082 3089 1259 3159 ignem
1302 3093 1463 3147 mitti.
1522 3093 1675 3148 Sicut
1717 3095 1859 3149 enim

291 3190 498 3246 prunus
526 3177 688 3234 homo
712 3179 884 3233 Adam
924 3180 1051 3234 vitis
1083 3180 1325 3250 quaedam
1354 3182 1471 3248 fuit,
1503 3195 1558 3237 et
1586 3185 1736 3239 radix
1762 3185 1865 3238 bu-

291 3271 435 3327 ιιιοηί
466 3272 702 3341 generis,
741 3287 861 3341 qum
903 3274 1081 3328 attulit
1114 3277 1375 3345 quosdam
1420 3278 1638 3346 quidem
1676 3279 1863 3346 palmi-

288 3368 371 3413 tes
396 3360 723 3427 fructuosos,
749 3373 809 3416 ut
839 3362 993 3429 Seth,
1044 3365 1215 3429 Enos,
1249 3365 1435 3421 Enocb
1479 3366 1612 3437 (66),
1652 3378 1707 3421 et
1744 3369 1868 3422 reli-

288 3468 424 3519 quos
472 3468 644 3523 usque
694 3454 760 3508 ad
803 3454 953 3523 Noe;
986 3457 1124 3511 alios
1174 3469 1355 3513 autem
1417 3458 1781 3513 infructuosos
1813 3469 1866 3513 et

288 3538 534 3607 inutiles,
559 3550 614 3593 ut
645 3540 799 3608 Cain,
837 3551 890 3596 et
922 3559 1138 3599 omnem
1182 3562 1301 3616 qua:
1335 3564 1398 3601 ex
1438 3550 1552 3616 ipso
1585 3560 1863 3619 procreata

287 3643 374 3685 est
395 3633 618 3703 stirpem
658 3652 673 3685 :
714 3636 789 3690 ita
835 3647 890 3691 et
921 3638 973 3691 in
1013 3638 1253 3705 Christo,
1291 3643 1380 3708 qui
1411 3651 1496 3696 est
1540 3644 1864 3697 novissimus

285 3725 483 3790 Adam,
518 3737 646 3781 sunt
671 3729 888 3797 quidam
911 3731 1162 3801 palmites
1180 3732 1466 3799 fructuosi,
1500 3735 1647 3789 velut
1669 3736 1720 3788 in
1756 3736 1866 3790 vite

281 3830 410 3870 vera
466 3816 903 3888 fructificantes;
957 3823 1174 3892 quidam
1231 3840 1361 3880 vero
1405 3826 1542 3880 aridi
1593 3839 1648 3881 et.
1703 3827 1866 3883 Patre

283 3910 525 3978 agricola
578 3913 884 3971 excidendi.
921 3913 1027 3969 Sed
1063 3925 1118 3970 et
1157 3916 1287 3971 illud
1319 3919 1715 3973 observandum
1756 3931 1861 3987 est,

284 4002 429 4066 quod
469 4003 724 4072 singulari
771 4021 1000 4061 numero
1041 4009 1330 4076 Apostolus
1380 4011 1645 4067 bonorum
1689 4015 1865 4067 norni-

285 4102 378 4143 nat
403 4093 653 4160 fructum,
683 4095 826 4149 sicut
852 4106 907 4150 et
929 4097 1056 4153 alibi
1086 4097 1165 4155 ‘3:
1198 4097 1430 4155 Fructus
1469 4115 1641 4156 autem
1689 4102 1861 4174 Spiri-

283 4192 366 4235 tus
399 4194 473 4236 est
504 4184 757 4247 cltaritas,
790 4188 1071 4257 gaudium,
1096 4206 1241 4259 pax;
1272 4207 1436 4261 opera
1468 4206 1647 4251 autem
1677 4196 1862 4251 carnis

280 4288 404 4341 quae
447 4275 778 4344 exprobrat,
822 4277 1104 4347 pluraliter
1149 4282 1355 4352 profert
1386 4283 1448 4337 ³³.
1476 4285 1627 4351 Quod
1660 4286 1703 4340 si
1739 4287 1863 4355 quis

281 4365 507 4434 objiciat
532 4369 664 4422 illud
698 4372 838 4440 quod
870 4373 924 4426 in
950 4372 1168 4432 Psalmo
1188 4378 1447 4447 scriptum
1475 4390 1559 4435 est
1585 4382 1650 4445 ²⁰,
1687 4380 1863 4435 Labo-

1991 515 2111 580 quis
2152 530 2179 565 a
2210 513 2457 580 pluribus
2489 510 2754 565 fructibus
2797 510 3063 578 incipiens
3089 550 3104 572 ,
3136 506 3203 562 ad
3234 524 3395 561 unum
3431 524 3532 576 per-

1993 605 2241 659 fectionis
2271 604 2493 657 lcntlere
2521 601 2682 657 debet
2713 602 2967 657 fructum.
2988 601 3387 673 licquirendum
3414 616 3530 653 nunc

1989 708 2071 750 est
2102 697 2371 767 quomodo
2392 695 2681 762 Apostolus
2724 694 2927 750 Grmcis
2957 704 3011 748 et
3035 693 3304 756 barbaris,
3337 693 3531 762 sapien-

1992 788 2132 841 tibus
2181 795 2234 841 ct
2270 787 2648 856 insipientibus
2690 786 2905 840 debitor
2946 794 3048 839 est.
3100 784 3239 850 Quid
3290 783 3429 836 enim
3474 782 3532 837 ab

1989 881 2119 950 ipsis
2145 892 2450 950 acceperat,
2503 880 2642 933 unde
2687 879 2767 934 eis
2811 878 3024 933 debitor
3066 876 3220 931 lieret
3250 875 3278 929 ἲ
3310 874 3531 929 Arbitror

1988 975 2215 1028 diversis
2257 975 2472 1043 quidem
2521 973 2771 1042 gentibus
2821 972 2946 1026 inde
2988 986 3110 1026 eum
3143 969 3396 1027 effectum
3430 985 3531 1026 esse

1987 1070 2307 1134 debitorem,
2328 1069 2468 1138 quod
2495 1067 2734 1122 omnium
2762 1068 3001 1139 gentium
3025 1068 3226 1133 linguis
3247 1052 3529 1137 eloqui(68)

1987 1163 2196 1230 accepit
2226 1178 2319 1231 per
2340 1164 2569 1231 gratiam
2593 1161 2829 1232 Spiritus
2856 1160 3049 1223 sancti,
3088 1160 3232 1214 sicut
3257 1169 3312 1214 et
3342 1160 3447 1228 ipse
3463 1162 3534 1215 di-

1984 1256 2057 1308 cit
2088 1269 2103 1305 :
2136 1252 2383 1306 Omnium
2423 1263 2649 1307 vestrum
2690 1252 2853 1321 magis
2876 1251 3067 1321 linguis
3096 1249 3283 1321 loquor
3314 1251 3382 1304 ¹².
3412 1250 3532 1318 Quia

1985 1358 2117 1411 ergo
2137 1341 2443 1410 linguarum
2468 1342 2716 1395 notitiam
2749 1357 2851 1394 non
2871 1357 2968 1410 pro
2986 1356 3041 1395 se
3055 1342 3174 1410 quis
3189 1341 3323 1410 (69),
3341 1342 3428 1395 sed
3448 1356 3534 1410 pro

1984 1434 2067 1488 his
2090 1435 2289 1504 quibus
2314 1434 2718 1504 praedicandum
2759 1445 2842 1489 est
2871 1434 3088 1501 accipit,
3126 1433 3341 1487 debitor
3377 1434 3536 1487 omni-

1981 1525 2083 1579 bus
2106 1526 2209 1579 illis
2235 1524 2464 1579 elIicitur
2491 1542 2719 1596 quorum
2754 1527 2965 1595 accepit
2992 1541 3020 1578 a
3056 1524 3165 1578 Deo
3186 1523 3383 1594 linguae
3408 1529 3538 1580 noti-

1984 1618 2136 1672 tiam.
2177 1617 2531 1686 Sapientibus
2574 1629 2758 1672 autem
2800 1617 3031 1673 ellicitur
3068 1618 3281 1672 debitor
3321 1631 3412 1684 per
3446 1616 3533 1669 hoc

1981 1709 2123 1778 quod
2161 1710 2371 1779 accepit
2407 1710 2730 1779 sapientiam
2765 1710 2818 1763 in
2862 1709 3120 1780 mysterio
3154 1708 3533 1764 absconditam.

1981 1816 2140 1869 quam
2166 1800 2418 1869 perfectis
2449 1811 2503 1856 et
2539 1802 2869 1871 sapientibus
2902 1801 3235 1870 loqueretur.
3273 1799 3535 1864 Quomodo

1981 1902 2159 1945 autem
2206 1902 2259 1945 et
2311 1893 2737 1962 insipientibus?
2772 1894 2824 1947 ltt
2856 1908 2963 1961 quo
3003 1893 3281 1962 patientia:
3326 1889 3533 1960 gratiam

1981 1994 2034 2035 et
2069 1982 2490 2053 longanimitatis
2520 1986 2745 2053 accepit.
2773 1987 3011 2041 Summae
3039 1983 3240 2038 etenim
3284 1979 3535 2050 patientiae

1979 2089 2063 2130 εει
2089 2077 2231 2131 ferre
2262 2077 2627 2146 insipientium
2666 2088 2864 2134 motus.
2899 2077 3218 2134 Gratissime
3249 2084 3427 2129 autem
3455 2072 3535 2123 ad-

1981 2168 2110 2221 didit
2154 2168 2204 2221 in
2244 2169 2696 2237 consequentibus
2728 2190 2739 2224 :
2770 2169 2857 2222 Ita
2884 2172 3021 2238 quod
3051 2169 3108 2222 in
3137 2183 3216 2219 me
3253 2173 3330 2218 est
3380 2179 3536 2232 prout-

1977 2269 2094 2326 ptus
2124 2275 2239 2311 sum
2268 2269 2319 2312 et
2337 2261 2473 2312 vobis
2500 2260 2879 2327 evangeliaare.
2902 2259 3213 2323 Promptum
3238 2270 3301 2309 se
3326 2268 3441 2307 esse
3470 2262 3535 2306 te-

1977 2361 2152 2403 statur
2182 2351 2273 2419 qtti
2317 2350 2428 2421 (70)
2463 2361 2516 2404 et
2541 2350 2667 2404 alibi
2716 2350 2849 2404 dicit
2896 2349 3007 2404 :Si
3051 2348 3226 2401 roleus
3282 2351 3379 2399 hoc
3429 2358 3532 2412 ago,

1975 2444 2265 2495 mercedem
2313 2444 2478 2496 habeo
2499 2443 2565 2496 ’³.
2608 2443 2897 2511 Promptus
2943 2442 3089 2495 enim
3136 2440 3256 2508 quis
3292 2447 3375 2493 est
3426 2452 3537 2506 pru-

1976 2536 2231 2590 dentibus
2264 2535 2429 2603 loqui.
2461 2536 2536 2589 De
2564 2534 2939 2604 insipientibus
2964 2546 3092 2585 vero
3116 2530 3451 2585 sentiendum
3465 2536 3536 2582 est

1976 2626 2105 2680 illttd
2141 2631 2281 2696 quod
2316 2626 2487 2679 dicit:
2519 2624 2579 2680 Si
2616 2637 2789 2678 autem
2842 2623 3040 2677 invitus
3077 2621 3403 2689 dispensatio
3424 2616 3534 2669 mihi

1973 2718 2172 2772 credita
2194 2730 2269 2773 est
2296 2735 2314 2784 ;
2338 2729 2386 2771 et
2420 2734 2435 2770 :
2471 2716 2559 2772 Va:
2581 2717 2710 2770 milii
2737 2726 2811 2771 est
2840 2717 2885 2770 si
2912 2732 3015 2769 non
3048 2711 3531 2783 erangelizavero”.

2044 2811 2132 2866 M.
2172 2810 2294 2865 Non
2321 2812 2460 2865 enim
2514 2812 2759 2864 erubesco
2792 2808 3158 2879 Evangelium.
3204 2804 3388 2860 Virtus
3413 2806 3532 2859 enim

1974 2902 2070 2955 Dei
2113 2913 2186 2956 est
2236 2905 2288 2955 in
2321 2902 2539 2956 salutem
2594 2902 2737 2954 omni
2783 2901 3013 2953 credenti
3059 2899 3126 2952 ³⁵.
3176 2897 3344 2951 Multa
3387 2896 3528 2969 471

1971 2996 2185 3064 quidem
2219 2994 2416 3064 probra
2452 2994 2710 3048 adversus
2740 2992 3088 3061 Evangelium
3126 2993 3175 3044 in
3221 2992 3381 3044 initio
3415 3005 3535 3057 prae-

1972 3084 2262 3139 dicationis
2304 3095 2490 3137 exorta
2540 3093 2709 3137 sunt:
2743 3083 2836 3137 sed
2884 3082 3084 3136 Paulus
3125 3083 3438 3151 patientiam
3462 3082 3535 3135 di-

1971 3176 2174 3231 dicerat
2204 3191 2234 3229 a
2272 3175 2548 3243 prophetis
2588 3176 2932 3229 dicentibus:
2968 3173 3148 3228 Nolite
3178 3175 3321 3228 vinci
3363 3190 3533 3242 oppro-

1969 3270 2096 3322 briis
2121 3284 2321 3328 eorum,
2355 3282 2515 3335 neque
2537 3266 2733 3319 cedatis
2762 3265 3236 3335 spretionibus(7l)
3267 3265 3528 3331 eorum";

1969 3371 2022 3415 et
2052 3363 2259 3415 sciebat
2284 3361 2426 3430 quod
2460 3359 2808 3428 Evangelium
2836 3359 3157 3427 praedicaret
3190 3375 3298 3412 non
3329 3361 3384 3412 in
3419 3374 3529 3411 sua-

1967 3455 2121 3507 soriis
2147 3453 2395 3506 humanm
2418 3452 2695 3520 sapientiw
2724 3452 2912 3515 verbis,
2937 3455 3027 3504 sed
3059 3451 3115 3503 in
3145 3452 3341 3505 virtute
3370 3448 3531 3520 Spiri-

1967 3556 2051 3596 tus
2077 3544 2143 3597 "’.
2174 3542 2443 3596 Deliniens
2465 3556 2594 3609 ergo
2625 3541 2750 3606 quid
2785 3539 2854 3592 sit
2890 3539 3267 3608 Evangelium,
3298 3551 3529 3607 pronun-

1969 3638 2101 3690 tiat:
2144 3632 2319 3699 Virtus
2357 3633 2517 3697 enim,
2567 3632 2763 3698 inquit,
2799 3630 2892 3683 Dei
2938 3638 3016 3683 est
3056 3633 3112 3683 in
3148 3630 3380 3684 salutem
3404 3629 3530 3682 omni

1967 3729 2221 3791 credenti,
2262 3725 2455 3780 Judteo
2495 3724 2724 3793 primum
2774 3735 2821 3776 et
2865 3720 3049 3775 Grtvco
3088 3722 3153 3777 ⁸⁸.
3196 3721 3354 3789 Quod
3384 3723 3527 3787 dixit,

1967 3824 2133 3877 virtus
2162 3820 2261 3874 Dei
2293 3826 2368 3873 est
2410 3817 2467 3870 in
2504 3816 2729 3870 salutem
2753 3855 2768 3880 ,
2815 3814 3029 3869 videtur
3057 3816 3353 3871 ostendere
3388 3814 3531 3886 quasi

1966 3912 2037 3967 sit
2068 3910 2248 3978 aliqua
2278 3908 2452 3961 virtus
2481 3904 2577 3958 Dei
2602 3919 2724 3972 quae
2754 3918 2861 3958 non
2888 3904 2960 3959 sit
2983 3902 3051 3957 ad
3067 3903 3325 3970 salutem,
3350 3908 3439 3959 sed
3470 3905 3529 3957 ad

1965 4003 2345 4073 perditionem.
2399 3996 2515 4053 Scit
2548 3997 2750 4068 quippe
2794 4006 2850 4051 et
2883 3998 2937 4051 in
2969 3997 3233 4067 propheta
3281 3998 3527 4066 scriptum

1965 4110 2123 4151 esse:
2153 4094 2219 4148 Et
2258 4110 2438 4161 eruca,
2465 4093 2630 4146 virtus
2660 4090 2772 4164 (72)
2809 4108 2925 4145 mea
2958 4107 3155 4162 magna
3175 4093 3241 4158 ’9;
3274 4101 3330 4148 et
3350 4094 3528 4146 iterum

1966 4188 2020 4241 in
2052 4186 2283 4243 Psalmis
2317 4186 2448 4241 dicit
2479 4203 2493 4239 :
2536 4181 2605 4238 In
2627 4184 2817 4238 virtute
2841 4193 2933 4237 tua
2950 4184 3195 4253 disperde
3225 4184 3349 4238 illos
3382 4182 3445 4250 ³⁹;
3480 4188 3527 4235 et

1965 4283 2087 4338 ideo
2133 4283 2224 4336 hic
2255 4280 2426 4334 dicit:
2470 4276 2653 4333 Virtus
2699 4276 2793 4330 Dei
2842 4278 2900 4330 in
2941 4275 3189 4332 salutem.
3238 4274 3527 4330 Videndum

1963 4387 2199 4445 estergo
2223 4388 2292 4428 ne
2316 4372 2456 4428 forte
2476 4384 2700 4447 propter
2721 4373 2852 4426 istas
2877 4370 3138 4425 virtutum
3163 4368 3256 4423 Dei
3286 4367 3525 4422 diﬂ‘eren-

282 4473 361 4510 res
392 4461 657 4526 fructuum
682 4473 890 4518 tuorum
918 4467 1279 4536 manducabis,
1307 4486 1402 4540 pro
1431 4472 1573 4528 bono
1596 4482 1648 4527 et
1676 4473 1859 4544 plura-
1889 4503 1935 4561 ι)
1967 4469 2069 4522 tias
2092 4469 2283 4522 dextra
2305 4475 2362 4522 et
2384 4468 2606 4523 sinistra
2637 4467 2691 4520 in
2717 4466 2826 4520 Deo
2848 4462 3172 4533 appelletur,
3207 4471 3267 4517 ut
3292 4463 3457 4516 virtus
3476 4460 3525 4513 in

281 4549 404 4604 liter
427 4551 628 4607 dictum
658 4572 674 4619 ;
704 4557 984 4611 sciendum
1007 4569 1091 4613 est
1120 4563 1261 4630 quod
1285 4563 1425 4618 sicut
1451 4565 1496 4619 is
1519 4566 1608 4634 qui
1638 4581 1856 4629 marga-

280 4655 415 4699 rztas
448 4647 823 4715 negotiabatur
847 4650 959 4723 (67)
993 4652 1196 4721 plures,
1228 4656 1507 4710 inveniens
1536 4674 1695 4712 uuam
1730 4672 1856 4726 prec

351 4780 397 4811 ¹³
432 4779 561 4834 an.
596 4798 710 4848 rm,
741 4786 827 4839 10.

908 4786 987 4840 ¹¹⁵1
1017 4786 1182 4840 Thes.
1221 4804 1280 4853 tt,
1308 4791 1395 4845 18.

279 4869 335 4911 v,
379 4850 471 4904 22.
576 4853 617 4883 "
650 4858 779 4912 ibid.
815 4858 902 4913 19.

1017 4858 1062 4889 ²⁰
1091 4859 1228 4912 Psal.
1262 4877 1468 4925 cxxvu,
1509 4863 1565 4917 2.

270 5008 426 5062 ιγιιι,
466 4993 552 5048 1‘2.

275 5183 315 5241 s
346 5113 461 5238 (ξι)
492 5114 590 5197 his.
622 5131 784 5180 unus,
809 5114 945 5173 Sunt
968 5129 1165 5174 autem.
1196 5118 1391 5175 Caeteri
1436 5132 1566 5173 mss.
1598 5126 1652 5174 et
1693 5119 1848 5185 editi,

322 5202 388 5237 un
441 5201 601 5241 enim.

322 5194 410 5238 unt
441 5194 601 5241 enim.

338 5254 458 5327 (σιξ)
498 5262 545 5327 4
578 5254 761 5312 Patre.
793 5254 919 5312 Haec
946 5257 1055 5313 duo
1093 5262 1254 5315 verba
1290 5261 1487 5315 desunt
1516 5260 1570 5315 in
1600 5260 1778 5318 editis.

342 5324 459 5397 (66)
499 5324 703 5383 Enoch.
728 5327 784 5380 In
816 5329 976 5381 editis
1005 5330 1366 5386 desideratur.

346 5395 459 5468 (6,7,)
498 5397 659 5464 Editi,
694 5397 1012 5467 negotiatur.
1048 5398 1254 5457 Deinde
1295 5418 1396 5458 ms.
1430 5417 1592 5468 unus,
1626 5402 1851 5458 venditis

274 5480 354 5518 om
364 5466 516 5519 uibus
551 5473 697 5531 emit,
728 5466 836 5524 etc.

347 5534 459 5609 (68)
497 5535 713 5609 Eloqui.
743 5540 908 5603 Editi,
941 5539 1170 5609 eloquia,
1198 5541 1355 5598 male.

349 5604 462 5674 (tiu)
504 5604 655 5670 Quis.
691 5609 850 5663 Deest
877 5613 930 5664 in
958 5604 1141 5665 editis.

349 5671 894 5755 (70)_l_{_abanus,_gui.
931 5680 1061 5737 Mss.
1093 5681 1297 5755 plures,
1318 5682 1501 5755 quia:
1524 5684 1620 5738 Ms.
1648 5683 1850 5755 Regius

277 5742 597 5807 nutu.’t639
631 5755 684 5801 et
709 5742 863 5819 editi,
894 5754 1060 5818 quod.
1091 5742 1293 5813 Deinde
1331 5742 1441 5811 ius.
1471 5752 1668 5830 Regius
1695 5742 1852 5814 ιιὶιιιιο.

1474 4792 1516 4825 ⁵⁵
1548 4792 1568 4845 l
1600 4794 1725 4849 Cor.
1751 4810 1812 4859 ιι,
1841 4793 1971 4857 2,6.
2047 4791 2092 4824 ’°
2116 4789 2277 4846 Rom.
2308 4805 2400 4856 xv,
2432 4790 2487 4852 9,
2518 4791 2604 4844 16.

306 4861 471 4933 ί..ξῇ
531 4861 617 4933 m"
650 4861 902 4933 Μαι-19.
1017 4861 1468 4933 ‘fﬁl’salacxxvu,
1509 4863 1565 4917 2.
1668 4867 1710 4895 ¹¹
1736 4865 1826 4919 Mat

2020 4877 2082 4926 tt,
2107 4861 2197 4927 45,
2221 4861 2312 4915 46.

273 4924 323 4958 ’λ
359 4922 612 5004 ἱὺὶάεδίϐ.
686 4925 730 4956 ³⁸
768 4926 925 4982 Ruit).
963 4944 1005 4993 t,
1036 4928 1126 4982 16.
1199 4929 1248 4961 ³⁸
1285 4931 1388 4987 lsa.
1440 4922 1527 5004 1.1,
1566 4936 1616 4989 7.
1693 4936 1737 4969 ³⁷
1768 4938 1826 4990 lt

2015 4922 2194 4998 ;,’15.’
2250 4935 2296 4966 ⁸³
2323 4934 2481 4989 Rom.
2525 4949 2563 4997 ι,
2608 4932 2696 4987 19.

1961 4562 2193 4615 salutem
2223 4560 2413 4615 dextra
2438 4559 2576 4631 ejus,
2603 4568 2659 4614 et
2680 4559 2853 4612 virtus
2871 4558 2924 4612 iu
2956 4572 3060 4626 qua
3095 4556 3379 4624 disperdit,
3409 4554 3525 4610 sini-

1961 4664 2072 4708 stra
2108 4654 2347 4709 dicatur.
2385 4652 2492 4709 Sed
2520 4664 2573 4706 et
2599 4652 2730 4707 illud
2760 4649 3153 4706 advertendum
3177 4659 3284 4715 est,
3313 4648 3524 4703 neforte

2683 4786 3269 4873 "Joapgx-vniuse‘q.
3347 4781 3521 4873 “Gal.

2424 4863 2469 4894 “
2501 4862 2671 4918 lCor.
2705 4874 2815 4921 xw,
2851 4859 2935 4911 18.
3049 4857 3096 4888 ’³
3133 4857 3152 4910 l
3179 4856 3310 4911 Cor.
3341 4873 3411 4918 Ix,
3442 4856 3516 4908 17.

2424 4948 2481 4987 n.
2525 4949 2563 4995 ι,
2608 4932 2696 4987 19.
2807 4927 3015 4983 “Joel.
3056 4942 3118 4995 ιι,
3146 4926 3239 4982 25.
3316 4928 3361 4960 ³ο
3387 4925 3516 4982 Psal.

1957 5115 2119 5181 1659,
2158 5113 2441 5182 Promptus
2475 5115 2613 5167 enim
2635 5115 2844 5183 quidem
2872 5127 2969 5177 est,
2993 5124 3103 5169 etc.
3128 5115 3201 5170 Et
3229 5118 3385 5186 paulo
3410 5126 3517 5187 post

1958 5188 2387 5248 editi,sciendum
2416 5193 2492 5238 est
2517 5188 2745 5257 Νικὼ...
2782 5189 2828 5239 si
2861 5195 3033 5239 autem
3068 5186 3227 5240 invito
3264 5186 3514 5257 dispensa-

1958 5262 2030 5313 tio
2060 5261 2163 5311 ista
2189 5257 2389 5311 credita
2411 5264 2487 5309 est
2519 5257 2669 5309 milii.
2708 5256 2857 5311 Unus
2885 5270 2916 5309 e
2954 5272 3084 5311 mss.
3126 5261 3326 5312 nostris
3369 5260 3512 5311 habet

1955 5330 2152 5394 etiam,
2182 5327 2452 5381 sciendum
2480 5335 2554 5379 est
2587 5327 2758 5392 illud;
2786 5329 2881 5383 sed
2920 5328 3137 5382 caeteris
3185 5344 3315 5383 mss.
3342 5340 3391 5382 et
3416 5326 3510 5380 Ra-

1958 5401 2131 5455 bauus
2168 5407 2226 5451 ut
2265 5398 2318 5451 in
2357 5407 2524 5450 textu.
3532 5444 3538 5461 λ

2015 5468 2142 5592 bal)
2186 5466 2278 5522 Sic
2299 5482 2431 5523 mss.
2464 5477 2519 5522 et
2541 5465 2822 5524 Rabanus.
2859 5468 3000 5523 Editi
3032 5483 3182 5534 vero,
3210 5467 3539 5539 persecutio-ﬁ

2048 5557 2127 5592 us.
2198 5582 2201 5585 .

1957 5557 2127 5595 mnus.
2198 5582 2201 5585 -

2032 5611 2146 5680 (72)
2188 5610 2327 5680 Editi
2358 5618 2411 5663 et
2443 5623 2545 5664 ms.
2575 5624 2735 5669 unus.
2767 5620 2815 5664 et
2847 5612 2949 5664 erit
2979 5612 3164 5677 virtus,
3192 5623 3295 5667 etc.
3324 5608 3507 5663 Deinde

1959 5679 2107 5739 editi.
2134 5684 2188 5733 in
2221 5679 2452 5733 Psalmis
2467 5680 2681 5735 dicitur.
2712 5680 3020 5739 Sed'czeteri
3042 5696 3171 5738 mss.
3195 5693 3248 5738 et
3274 5680 3509 5740 [latratus

1958 5760 2106 5808 recte
2127 5758 2185 5809 ut
2216 5751 2270 5810 iu
2298 5763 2471 5811 testu.
