3712 6138
108 342 194 403 881
356 292 365 299 .
1038 340 1396 398 COMMENT.
1435 341 1503 397 IN
1537 338 1756 399 EPIST.
1795 340 1886 397 AD
1923 341 2090 400 ROM.
2134 341 2261 397 LIB.
2304 342 2347 398 l.

3229 345 3337 400 862

108 464 219 531 quia
241 457 482 514 Christus
526 458 699 512 virtus
736 457 826 511 Dei
869 459 1071 515 dicitur
1113 462 1179 528 '1,
1224 471 1279 515 et
1305 462 1660 533 Evangelium
1691 465 1737 521 Α
1767 473 1896 517 nent
1924 464 2166 532 quidem,
2208 464 2303 518 sed
2353 462 2406 517 in
2460 457 2722 530 iniustitia
2754 477 2874 517 eam
2913 462 3160 519 detinent
3199 462 3338 535 (79).

106 554 261 607 virtus
290 550 377 602 Dei
401 549 468 606 ".
500 547 751 603 Christus
772 549 908 604 sicut
939 559 993 605 et
1022 551 1127 607 alia
1157 555 1348 621 multa,
1389 555 1461 609 ita
1495 555 1660 609 etiam

111 640 434 708 Evangelinm
466 639 693 710 intelligi
729 641 942 707 debeat,
963 653 1019 696 et
1048 643 1187 699 forte
1215 656 1481 702 alternum
1515 647 1662 717 quod

109 735 286 787 dicitur
328 730 675 799 Evangelium
717 732 762 764 "
794 734 860 787 de
887 734 1002 802 ipso
1048 735 1152 789 dici
1185 736 1526 792 sentiendum
1561 740 1652 795 sit.

110 821 270 879 Omni,
292 819 484 887 inquit.
511 822 762 883 credenti,
788 820 982 877 Iudaeo
1003 825 1254 893 primum,
1289 837 1335 881 et
1366 825 1552 882 Graaco
1588 828 1656 884 ".

106 910 259 962 Graeci
299 910 472 977 primo
498 909 607 981 (75)
639 911 850 967 duabus
875 913 1332 981 appellationibus
1365 932 1528 972 omne
1559 918 1660 972 bo-

108 1003 290 1055 minnut
321 1010 643 1055 censuerant
683 1017 873 1072 genus,
933 1006 984 1059 id
1035 1016 1138 1071 est,
1186 1008 1268 1063 vel
1302 1007 1549 1064 Graecum
1578 1011 1661 1064 di-

105 1105 270 1147 centes
303 1108 424 1148 esse
458 1109 929 1165 unumquemque,
959 1097 1044 1153 vel
1086 1099 1388 1156 Barbarum
1426 1119 1440 1155 :
1472 1113 1528 1157 et
1575 1103 1658 1157 di-

105 1184 307 1238 stinctio
341 1198 531 1239 eorum
577 1186 699 1241 talis
738 1186 953 1255 fuerat,
996 1197 1055 1244 ut
1082 1192 1262 1247 omnis
1302 1194 1391 1260 qui
1438 1191 1660 1251 Gmcus

106 1291 198 1329 non
230 1284 388 1339 esset,
422 1275 691 1332 Barbarus
736 1277 1053 1337 haberetur.
1091 1283 1196 1339 Sed
1231 1285 1401 1341 multo
1447 1289 1661 1341 veriore

104 1367 433 1421 distinctione
473 1368 643 1422 utitur
673 1369 890 1434 Paulus.
929 1373 1147 1429 Judreos
1173 1376 1350 1444 primo
1378 1377 1586 1443 dicens,
1606 1388 1661 1433 et

103 1459 423 1526 postmodum
460 1458 697 1522 Grtecos,
731 1475 1009 1529 postremo
1038 1464 1210 1519 Barba
1223 1482 1328 1522 ros.
1358 1468 1491 1523 Cum
1515 1471 1657 1524 enim

102 1548 280 1613 Graeci,
315 1551 444 1618 quia
477 1551 574 1620 ipsi
598 1553 808 1622 legibus
837 1556 1156 1622 utebantur,
1196 1573 1385 1613 omnes
1418 1560 1660 1629 reliquos

104 1650 342 1708 tanquam
378 1641 498 1697 sine
534 1643 746 1714 legibus
774 1645 1020 1701 viventes
1049 1648 1321 1704 Barbaros
1354 1653 1658 1720 appellave-

103 1732 217 1794 rint,
257 1733 450 1787 merito
482 1733 653 1790 Judaei
690 1738 853 1792 etiam
890 1739 1025 1810 ipsis
1063 1743 1267 1798 Graecis
1298 1747 1365 1799 ab
1393 1748 1656 1816 Aposmlo

99 1821 461 1893 praefemntur,
486 1827 613 1895 quia
639 1838 837 1884 etante
869 1831 1016 1901 ipsos
1043 1834 1248 1905 legibus
1271 1838 1451 1892 vivere
1475 1854 1654 1908 cmpe—
1685 1817 1728 1873 Β

99 1922 235 1978 runt,
264 1923 316 1969 et
340 1916 489 1987 leges
522 1933 711 1974 eorum
742 1937 774 1977 a
820 1922 953 1990 Deo,
982 1933 1038 1979 ct
1079 1941 1185 1980 non
1220 1928 1286 1980 ab
1325 1928 1651 1995 hominibus,

98 2006 438 2078 promulgata:
462 2020 610 2065 sunt.

162 2099 242 2154 15.
280 2099 507 2158 Iustitia
551 2106 667 2177 (74)
711 2108 849 2162 enim
896 2109 991 2164 Dei
1039 2113 1304 2168 revelatur
1342 2132 1406 2170 ea:
1451 2115 1558 2185 ﬁde
1599 2117 1653 2171 in

94 2190 237 2258 ﬁdem
281 2195 346 2252 ³⁸.
376 2194 596 2252 Justitia
639 2199 784 2253 enirn
828 2200 925 2256 Dei
972 2202 1025 2256 in
1056 2203 1347 2275 Evangelio
1384 2207 1656 2260 revelatur

94 2301 182 2354 per
204 2286 253 2340 id
285 2289 436 2358 quod
465 2306 494 2343 a
527 2291 703 2345 salute
734 2292 918 2348 nullus
944 2295 1233 2365 excipitur,
1274 2298 1391 2352 sive
1412 2296 1653 2363 Judteus,

94 2380 199 2432 sive
220 2379 464 2447 Graecus,
505 2384 623 2439 sive
668 2384 942 2440 Barbarus
980 2389 1181 2442 veniat.
1218 2389 1481 2443 Omnibus
1511 2392 1653 2445 enim

91 2487 231 2540 teque
251 2471 501 2529 Salvator
527 2475 659 2532 dicit
685 2492 699 2530 :
746 2476 924 2532 Venite
962 2481 1031 2533 ad
1071 2497 1152 2535 me
1182 2498 1360 2535 omnes
1385 2483 1476 2553 qui
1504 2482 1654 2539 labo-

93 2564 232 2631 ratis,
253 2577 301 2620 et
328 2569 540 2623 onerati
566 2572 690 2623 estis
716 2571 782 2623 ³⁸.
818 2573 891 2626 De
913 2572 1019 2627 ﬁde
1048 2582 1227 2628 autem
1259 2574 1312 2628 in
1354 2574 1511 2629 ﬁdem
1541 2576 1653 2646 jam

92 2658 330 2725 superius
364 2660 600 2715 diximus
625 2661 738 2733 (75)
772 2664 897 2731 quia
932 2673 987 2717 et
1027 2665 1176 2734 prior
1196 2667 1422 2736 populus
1461 2668 1514 2722 in
1553 2668 1656 2722 ﬁde

90 2756 219 2812 erat,
243 2749 365 2817 quia
395 2750 704 2806 crediderat
730 2753 839 2807 Deo
873 2762 928 2808 et
956 2754 1124 2824 Moysi
1166 2755 1367 2813 famulo
1398 2756 1513 2823 ejus
1537 2799 1552 2819 .
1588 2775 1657 2812 es

91 2855 186 2905 qua
210 2841 311 2895 ﬁde
345 2858 493 2898 nunc
524 2845 589 2898 ad
614 2844 770 2898 ﬁdem
797 2845 1075 2916 Evangelii
1105 2849 1342 2904 transiit.
1369 2850 1523 2916 Quod
1557 2866 1655 2904 au-

93 2944 191 2985 tem
227 2932 356 2988 dicit
400 2949 472 2988 ex
519 2934 832 2989 testimonio
888 2935 1145 2994 Habacuc
1180 2943 1481 3010 prOpItetae,
1528 2941 1655 3011 quia

84 3023 251 3091 justus
273 3041 337 3079 ea:
353 3025 463 3095 ﬁde
484 3042 597 3079 mea
609 3027 730 3080 vivit
760 3027 824 3091 ’7;
853 3027 968 3082 sive
1001 3030 1046 3084 is
1062 3031 1151 3098 qui
1179 3032 1229 3084 in
1250 3032 1363 3102 lege
1388 3042 1471 3087 est
1494 3032 1653 3086 intel-

90 3115 267 3187 ligitur
291 3117 433 3190 (76),
462 3126 520 3172 ut
550 3119 713 3173 etiam
747 3117 1056 3189 Evnngeliis
1098 3124 1316 3188 credat,
1344 3125 1460 3180 sive
1492 3125 1538 3180 is
1560 3123 1651 3195 qui

89 3212 138 3263 in
164 3210 471 3282 Evangeliis
486 3220 588 3277 est,
617 3219 677 3264 ut
708 3211 873 3265 etiam
901 3210 1030 3282 Legi
1059 3216 1244 3267 credat
1267 3226 1323 3269 et
1344 3215 1653 3284 Prophctis.

87 3303 323 3358 Alterum
365 3303 514 3360 enim
552 3303 671 3357 sine
717 3303 894 3358 altero
935 3305 1308 3377 integritatem
1344 3323 1450 3362 non
1489 3307 1656 3362 habet

86 3404 222 3448 νιιίιξ.

154 3485 240 3540 16.
276 3485 558 3541 Revelatur
586 3488 723 3540 enim
747 3486 831 3541 ira
859 3485 955 3540 Dei
984 3488 1048 3541 de
1070 3487 1196 3542 ccelo
1221 3488 1333 3559 (77)
1369 3491 1424 3542 in
1450 3500 1652 3544 omnem

84 3579 397 3650 impietatem
427 3590 474 3632 et
494 3579 822 3650 iniquitatem
849 3579 1142 3645 hominum,
1181 3583 1272 3650 qui
1301 3586 1567 3637 veritatem
1598 3584 1651 3637 in

87 3672 357 3742 iniquitate
385 3654 623 3724 detinent
649 3686 670 3724 :
697 3680 972 3739 prapterea
1015 3674 1139 3742 quia
1179 3675 1316 3744 quod
1363 3687 1542 3730 notum
1579 3688 1656 3732 est

84 3758 197 3822 Dei,
224 3762 571 3830 manifestum
590 3768 667 3815 est
703 3762 757 3813 in
783 3759 915 3813 illis.
949 3760 1087 3815 Deus
1115 3765 1251 3816 enim
1286 3764 1394 3818 illis
1426 3768 1654 3835 manife-

83 3854 231 3907 stavit
254 3854 321 3909 ³⁸.
344 3856 423 3909 De
446 3855 528 3908 ira
559 3854 651 3908 Dei
682 3854 894 3925 plenius
917 3870 946 3907 a
974 3855 1130 3909 nobis
1155 3856 1206 3908 in
1243 3857 1366 3912 aliis
1394 3859 1529 3914 locis
1565 3861 1647 3915 di-

81 3957 220 3999 ctum
248 3957 333 4001 est
365 3945 483 4018 (78)
523 3963 538 4000 :
570 3946 755 4014 paucis
786 3953 968 3999 tamen
995 3946 1158 3999 etiam
1193 3946 1244 4000 in
1286 3951 1536 4017 praesenti
1572 3952 1654 4004 di-

83 4049 249 4097 cetur.
279 4041 456 4113 Igitur
498 4042 579 4095 ira
624 4041 716 4096 Dei
756 4055 900 4096 nunc
939 4040 1173 4095 revelari
1220 4041 1419 4096 dicitur
1458 4056 1564 4096 non
1597 4042 1650 4095 in

78 4142 226 4199 parte
249 4132 458 4203 aliqua,
492 4134 588 4187 sed
627 4133 680 4186 in
707 4146 924 4187 omnem
956 4132 1290 4202 impietatem
1324 4143 1378 4188 et
1400 4133 1653 4202 iniquita-

81 4231 216 4289 tem;
262 4240 363 4279 nec
400 4234 583 4279 tamen
632 4224 685 4277 in
727 4238 917 4279 omnes
968 4224 1246 4288 homines,
1289 4226 1382 4279 sed
1425 4225 1480 4279 in
1533 4226 1652 4280 illos

80 4315 219 4370 solos
245 4317 341 4387 qui
375 4317 664 4371 veritatem
688 4315 782 4370 Dei
809 4318 861 4371 in
887 4316 1174 4386 iniquitate
1197 4317 1442 4372 detinent
1466 4333 1481 4371 :
1513 4317 1651 4372 deti-

180 4435 222 4466 ³¹
252 4433 273 4491 1
315 4433 446 4490 Cor.
498 4451 539 4496 t,
571 4433 664 4489 24.
738 4434 784 4466 ³²
812 4433 971 4487 Rom.
999 4451 1039 4502 ι,
1066 4434 1154 4489 16.

78 4506 119 4540 θ’
146 4506 303 4560 Rom.
328 4521 371 4567 ι.
412 4505 508 4569 17;
612 4502 821 4560 Babae.
855 4521 919 4569 ιι,
941 4504 994 4559 4.
1099 4505 1145 4537 ³⁸
1174 4504 1332 4560 Rom.
1368 4502 1405 4569 ιζ
1431 4506 1517 4561 18.

74 4578 122 4612 δ’
149 4576 282 4632 ibid.
317 4576 412 4642 15,
445 4577 533 4631 16.

1265 4436 1311 4467 ³³
1344 4436 1511 4504 Apoc.
1559 4450 1668 4491 xw.
1705 4434 1792 4493 16.

1640 4506 1686 4538 ³⁸
1710 4506 1838 4560 ibid.
1877 4505 2065 4559 9.1«2'5.

1764 555 1971 623 Quibus
1995 558 2159 612 etiam
2187 556 2319 609 dicit
2343 552 2694 609 manifestum
2731 568 2854 609 esse
2888 554 2941 608 id
2967 554 3111 623 quod
3146 565 3334 609 notum

1762 658 1846 702 est
1873 649 1986 710 Dei,
2016 647 2310 703 ostendens
2338 660 2460 701 esse
2488 644 2692 714 aliquid
2726 644 2819 699 Dei
2853 646 2995 713 quod
3029 652 3215 698 notum
3242 644 3336 708 sit,

1762 749 1817 794 et
1850 739 2054 809 aliquid
2077 738 2193 806 ejus
2220 737 2362 808 quod
2385 737 2626 807 ignotum
2658 736 2748 791 sit.
2785 736 2929 791 Dicit
2948 750 3084 807 ergo
3105 738 3336 793 revelari

1763 832 1897 886 iram
1941 831 2034 885 Dei
2079 831 2165 886 bis
2200 832 2291 900 qui
2337 830 2625 884 veritatem
2661 832 2713 885 in
2748 831 3038 901 iniquitate
3073 831 3335 886 detinent.

1762 924 1891 991 Quae
1922 927 2257 991 revelantur,
2289 926 2356 980 de
2397 925 2645 978 obscuris
2673 933 2728 977 et
2763 926 3061 979 reconditis
3086 927 3153 979 ad
3191 926 3334 978 noti-

1764 1018 1889 1071 tiam
1920 1017 2294 1086 prol'eruntur.
2327 1018 2461 1085 Quia
2506 1033 2639 1088 ergo
2672 1027 2725 1072 et
2767 1018 2856 1072 hic
2903 1033 3008 1072 non
3041 1018 3338 1088 ignoranti-

1763 1111 1862 1164 bus
1888 1109 2192 1175 veritatem,
2223 1109 2317 1164 sed
2345 1109 2652 1163 tenentibus
2672 1124 2815 1173 eam,
2845 1108 2968 1163 licet
2996 1108 3134 1162 male
3150 1117 3341 1163 tenen-

1762 1202 2024 1267 tibus,ira
2055 1202 2143 1256 Dei
2178 1203 2242 1256 de
2270 1200 2409 1256 coelo
2440 1202 2640 1255 dicitur
2676 1203 2926 1268 revelari,
2957 1201 3169 1255 videtur
3191 1201 3338 1269 quod

1759 1295 2022 1348 rationem
2049 1303 2103 1349 et
2131 1295 2414 1349 scientiam
2454 1302 2514 1348 ut
2559 1295 2693 1347 iram
2736 1293 2829 1347 Dei
2873 1292 2985 1365 (80)
3017 1293 3337 1348 manifesta-

1760 1395 1870 1440 tam
1900 1385 2043 1441 dicat
2082 1401 2201 1441 esse
2254 1385 2339 1440 bis
2389 1386 2589 1454 quibus
2642 1385 2846 1440 veritas
2896 1394 3019 1439 nota
3064 1395 3166 1451 est,
3212 1384 3337 1439 licet

1759 1493 1880 1533 eam
1922 1479 1975 1533 in
2011 1478 2297 1550 iniquitate
2341 1478 2647 1532 detineant.
2696 1476 2848 1545 Quod
2890 1478 3128 1546 quidem,
3178 1488 3237 1532 ut
3266 1494 3335 1531 ex

1759 1569 2219 1638 consequentibus
2269 1569 2600 1629 declaratur,
2657 1569 2726 1621 de
2788 1569 3126 1637 sapientibus
3178 1569 3338 1636 hujus

1760 1660 1970 1725 mundi,
2009 1668 2063 1713 et
2089 1659 2340 1723 eruditis,
2370 1659 2452 1712 vel
2483 1660 2817 1728 philosophis
2853 1660 2956 1713 dici
2996 1659 3334 1728 intelligitur,

1759 1746 1995 1813 quicum
2034 1747 2316 1800 veritatem
2368 1756 2417 1799 et
2463 1746 2734 1816 justitiam
2785 1748 2873 1801 Dei
2925 1750 3334 1818 cognovissent,

1758 1853 1859 1891 non
1885 1839 2018 1891 sicut
2034 1836 2202 1891 Deum
2225 1839 2715 1908 magniﬁcaverunt,
2743 1850 2831 1892 aut
2866 1843 3068 1908 gratias
3095 1853 3333 1909 egerunt,

1758 1931 1847 1983 sed
1881 1943 2201 1984 evanuerunt
2246 1932 2304 1984 in
2337 1932 2747 2000 cogitationibus
2782 1934 2932 2003 suis,
2981 1935 3230 1988 conversi
3264 1936 3333 1989 ad

1732 2022 1921 2088 .idola;
1954 2031 2009 2076 et
2030 2022 2261 2075 dicentes
2290 2036 2347 2075 'se
2383 2039 2494 2076 esse
2518 2023 2810 2091 sapientes,
2837 2024 2988 2076 stulti
3019 2025 3148 2092 facti
3174 2036 3331 2090 sunt,

1760 2112 1884 2179 quia
1934 2122 2376 2165 commutaverunt
2413 2111 2640 2179 gloriam
2682 2113 3096 2176 incorruptibilis
3138 2113 3236 2168 Dei
3278 2117 3335 2168 in

1759 2201 2158 2255 similitudinem
2188 2202 2435 2270 imaginis
2460 2201 2705 2265 hominis,
2734 2214 2778 2254 et
2805 2203 3094 2268 volucrum,
3119 2212 3168 2257 et
3204 2222 3336 2273 qua-

1762 2292 2086 2361 drupedum,
2121 2301 2169 2345 et
2208 2292 2524 2359 serpentium
2565 2288 2631 2343 ³ο.
2674 2290 2732 2344 In
2773 2291 2968 2359 quibus
3023 2293 3184 2346 etiam
3234 2296 3337 2348 hoc

1760 2385 1993 2439 ostendit
2025 2384 2333 2452 Apostolus,
2368 2382 2510 2451 quod
2543 2396 2603 2434 ea
2635 2382 2851 2449 quidem
2879 2397 2998 2449 quae
3022 2384 3088 2436 ad
3115 2383 3331 2451 sapien—

1764 2486 1844 2530 tes
1884 2476 2064 2531 saaculi
2117 2475 2183 2529 de
2229 2475 2478 2528 veritatis
2523 2476 2751 2529 scientia
2798 2484 3179 2543 pervenerunt,
3224 2474 3336 2529 Deo

1761 2566 2038 2621 revelante
2078 2576 2480 2633 pervenerunt:
2512 2567 2605 2619 sed
2652 2566 2779 2619 dum
2833 2578 2927 2621 aut
2961 2582 3111 2620 vana:
3148 2566 3335 2637 gloriae

1761 2659 1998 2724 student,
2033 2669 2128 2712 aut
2158 2660 2447 2713 adulantur
2469 2658 2753 2713 erroribus
2779 2661 3031 2724 vetustis,
3059 2671 3152 2713 aut
3187 2671 3333 2715 metu

1760 2752 2067 2821 principum
2102 2751 2468 2817 rel'renantur,
2510 2754 2878 2807 damnationis
2908 2768 3018 2807 suae
3063 2750 3161 2822 ipsi
3188 2751 3336 2820 judi-

1761 2859 1854 2898 ces
1901 2844 2077 2908 ﬁunt;
2136 2858 2166 2897 a
2206 2846 2405 2913 quibus
2445 2847 2652 2900 veritas
2696 2862 2858 2916 quam
2903 2845 3013 2899 Deo
3059 2844 3336 2899 revelante

1761 2945 2146 3007 cognoverant,
2177 2945 2271 2990 aut
2306 2937 2527 2992 exclusa
2572 2937 2827 2992 libertate
2859 2937 3188 3007 contegitur,
3238 2944 3334 2988 aut

1761 3035 2030 3097 gestorum
2062 3026 2347 3096 iniquitate
2380 3028 2705 3098 denegatur.
2732 3023 2807 3080 Ita
2850 3042 2979 3095 ergo
3007 3026 3098 3080 Dei
3130 3027 3207 3079 ira
3250 3026 3334 3078 vi-

1761 3118 1919 3172 detur
1944 3117 2216 3171 interdum
2251 3117 2414 3189 472
2430 3119 2603 3173 virtus
2624 3118 2759 3186 ipsa,
2784 3135 2903 3188 quze
2926 3126 3121 3188 praeest
3146 3132 3334 3186 poena-

1761 3226 1877 3264 rum
1910 3210 2197 3277 ministris,
2226 3223 2415 3281 etquae
2450 3209 2713 3282 supplicia
2746 3212 2906 3265 infert
2930 3212 3330 3279 peccatoribus,

1762 3303 1897 3371 dici;
1925 3304 2066 3358 sicut
2100 3304 2394 3374 signiﬁcari
2430 3304 2685 3358 existimo
2715 3303 2770 3357 in
2802 3319 2869 3356 eo
2900 3303 3042 3373 quod
3078 3303 3332 3367 refertur,

1759 3395 1887 3465 quia
1919 3394 1999 3449 ira
2024 3393 2117 3449 Dei
2144 3405 2513 3449 commoverat
2544 3392 2655 3466 (81)
2682 3395 2847 3449 David
2871 3403 2927 3446 ut
2951 3394 3170 3464 juberet
3198 3391 3333 3448 Joab

1760 3502 2048 3542 numerare
2076 3487 2330 3557 populum
2371 3487 2439 3544 "°.
2489 3488 2594 3542 Sed
2627 3499 2682 3540 et
2718 3487 2948 3541 ministri
2980 3487 3097 3553 ejus
3126 3485 3334 3556 signiﬁ-

1760 3588 1952 3632 cantur
1980 3593 2043 3631 ac
2075 3579 2237 3644 socii,
2271 3580 2323 3633 in
2354 3594 2420 3634 eo
2457 3580 2596 3648 quod
2642 3579 2867 3633 dicitur.
2907 3577 3136 3632 Immisit
3161 3580 3213 3631 in
3245 3593 3331 3631 eos

1760 3670 1894 3722 irant
1935 3668 2130 3737 furoris
2168 3670 2272 3734 sui,
2315 3669 2727 3734 tribulationem,
2763 3677 2810 3721 et
2843 3667 2978 3719 iram
3005 3683 3097 3735 per
3121 3666 3332 3736 angelcs

1758 3761 1950 3816 malos.
1988 3761 2263 3816 Interdum
2297 3762 2460 3815 etiam
2490 3761 2658 3829 ipsius
2691 3760 3059 3823 conscientite,
3088 3774 3209 3814 cum
3238 3760 3333 3812 de-

1757 3856 2073 3924 linquimus,
2101 3854 2302 3910 ultores
2333 3863 2384 3908 et
2424 3854 2669 3908 vindices
2708 3853 2912 3908 stimuli
2952 3852 3032 3905 ira
3064 3851 3332 3920 appellan—

1761 3957 1849 4002 tur
1894 3947 2027 4018 (82),
2067 3947 2215 4000 sicut
2256 3946 2396 4001 idem
2441 3945 2734 4015 Apostolus
2782 3947 2914 4000 dicit
2940 3944 2984 3976 “
3018 3956 3033 3996 :
3070 3943 3332 3997 Iiecondis

1760 4041 1852 4094 tibi
1886 4041 1990 4108 ipsi
2032 4042 2166 4092 iram
2205 4041 2259 4092 in
2284 4040 2371 4093 die
2409 4040 2544 4104 inv;
2570 4048 2625 4093 et
2648 4038 2774 4092 alibi
2813 4056 2826 4093 :
2857 4036 3008 4091 Inter
3033 4052 3087 4090 se
3113 4037 3331 4094 invicem

1760 4132 2161 4201 cogitationibus
2191 4131 2582 4195 accusantibus,
2614 4141 2702 4183 aut
2729 4131 2886 4184 etiam
2916 4129 3347 4203 defendentibus”

1755 4225 1810 4278 in
1839 4225 1924 4277 die
1947 4240 2063 4276 cum
2081 4224 2343 4292 judicabit
2366 4222 2508 4277 Deus
2530 4223 2737 4277 occulta
2756 4223 3024 4276 hominum
3047 4221 3115 4281 υ.
3147 4220 3252 4274 Sed
3278 4230 3335 4273 et

1758 4317 2118 4371 tribulationis
2146 4315 2230 4372 vel
2259 4316 2573 4371 teutationis
2595 4316 2812 4371 alllictio
2843 4317 2923 4370 ira
2957 4315 3052 4369 Dei
3081 4314 3334 4368 nomina-

2840 4434 2883 4465 ³⁸
2910 4432 3098 4487 Matth.
3130 4448 3209 4496 XI,
3239 4430 3330 4486 28.

2888 4504 2933 4535 ⁸¹
2965 4502 3123 4558 Rotn.
3153 4502 3330 4567 11,15.

1907 4435 1951 4466 ³⁸
1978 4433 2137 4490 Rom.
2178 4434 2310 4495 1,16.
2418 4435 2462 4466 ³⁵
2488 4434 2619 4489 ibid.
2648 4434 2734 4488 17.

2174 4504 2274 4559 “ll
2305 4504 2437 4576 Reg.
2468 4519 2613 4572 sxw,
2644 4506 2696 4569 1,
2723 4504 2781 4562 2.

144 4691 258 4765 (73)
291 4692 461 4757 3138.,
483 4694 694 4759 primo;
724 4693 1002 4760 Rabanus,
1033 4694 1293 4761 primum;
1317 4693 1468 4754 editi,
1490 4694 1648 4746 enim.
1683 4700 1726 4750 υ
1755 4694 1809 4745 in
1847 4693 2124 4765 iniquitate
2147 4691 2378 4765 detinent
2408 4707 2429 4745 .·
2454 4691 2598 4761 quia,
2620 4700 2738 4765 etc.

79 4764 279 4818 Deinde
306 4779 417 4820 ms.
453 4778 614 4826 unus,
645 4775 930 4831 postremos
960 4767 1237 4828 barbaros;
1265 4765 1418 4819 editi.
1452 4773 1653 4830 postre-

77 4850 216 4914 mum
240 4849 364 4887 vero
389 4833 681 4896 barbaros;
708 4835 896 4888 caeteri
926 4849 1052 4888 vero
1074 4850 1207 4888 mss.
1230 4844 1288 4888 et
1317 4833 1580 4887 liabanus
1597 4842 1656 4887 ut

78 4912 396 5056 1η(ῗῖἷῖιὲἰο
421 4986 553 5028 mss.
576 4971 645 5027 At
672 4972 824 5039 editi,
854 4973 1077 5028 Iustitia
1100 4976 1236 5027 enim
1272 4972 1369 5028 Dei
1397 4974 1454 5027 in
1485 4972 1656 5027 Evan-

107 5046 171 5095 el'
364 5082 379 5097 .

75 5059 105 5182 si
145 5054 403 5182 :35)ch
440 5128 572 5168 mss.
619 5112 827 5174 nostri;
871 5113 1000 5167 editi
1041 5127 1200 5176 vero,
1244 5112 1470 5167 Iustitia
1511 5114 1652 5167 enim

78 5180 169 5235 Dei
199 5180 253 5237 in
283 5199 348 5238 eo
381 5187 645 5237 revelatus
667 5201 732 5238 ea:
770 5183 875 5250 ﬁde
919 5184 976 5237 in
1007 5184 1191 5251 ﬁdem,
1237 5186 1369 5237 sicut
1401 5185 1651 5243 scriptum

70 5259 146 5303 est
160 5266 180 5304 :
195 5272 215 5305 ε
231 5252 433 5307 Justus
449 5262 693 5308 autemex
715 5254 820 5322 ﬁde
840 5253 963 5322 vivit
985 5253 1167 5322 (Rom.
1197 5269 1233 5317 ι,
1268 5252 1375 5318 17.).
1390 5252 1444 5305 ι]
1457 5267 1538 5305 am
1559 5271 1652 5307 su-

77 5323 252 5393 perius
299 5322 562 5393 diximus,
597 5321 722 5377 etc.
752 5321 920 5375 Paulo
960 5321 1080 5393 post
1121 5339 1222 5377 ms.
1266 5323 1464 5393 Regius
1498 5338 1649 5380 num.

78 5391 216 5447 1659
240 5391 443 5461 habet,
470 5394 680 5461 quando
709 5393 1003 5446 crediderat
1031 5392 1160 5458 Deo,
1195 5401 1304 5448 etc.

145 5459 259 5533 (76)
300 5459 660 5531 Intelligitur.
687 5462 846 5519 lleest
882 5465 933 5516 in
992 5463 1155 5533 editis
1199 5475 1254 5517 et
1302 5463 1354 5517 in
1405 5463 1651 5532 pluribus

77 5532 243 5592 mss.,
281 5536 382 5586 sed
440 5533 747 5587 restituitur
794 5551 859 5586 ex
918 5548 1019 5586 ms.
1076 5532 1246 5601 Regio
1290 5550 1438 5588 num.
1492 5534 1648 5589 1659.

75 5602 224 5683 Alter
263 5601 481 5672 Regius
510 5619 656 5657 num.
693 5603 850 5666 16H,
886 5603 1047 5656 habet
1073 5605 1272 5656 dicitur
1306 5619 1406 5672 pro
1450 5606 1648 5660 intelli-

110 5683 236 5724 ttur.

76 5688 106 5740 9
145 5742 260 5813 (77)
299 5741 400 5813 Sic
439 5758 569 5813 tuss.
607 5743 782 5811 ;editi
810 5760 955 5813 vero,
982 5760 1137 5813 super
1184 5758 1386 5795 omnem
1414 5745 1655 5813 impieta—

79 5821 179 5877 tem
207 5812 255 5874 et
286 5812 612 5894 iniustitiam
643 5812 1120 5880 ﬂammantem-um,
1147 5813 1235 5890 qui
1269 5814 1533 5875 ceritatem
1561 5817 1650 5877 Dei

1833 4763 1943 4831 (78)
1989 4766 2060 4817 De
2097 4764 2175 4815 ira
2211 4764 2301 4817 Dei
2344 4760 2584 4831 loquitur
2610 4760 2876 4830 Origenes
2910 4761 3003 4815 lib.
3042 4778 3098 4816 tv
3132 4761 3332 4815 Contra

1761 4831 1968 4885 Celsum
1994 4848 2143 4886 num.
2163 4832 2251 4897 72,
2276 4842 2331 4886 et
2349 4835 2400 4887 in
2430 4833 2694 4900 psalmum
2714 4833 3037 4901 secumlum,
3058 4848 3178 4901 pag.
3202 4832 3330 4895 540,

1759 4902 1888 4968 541,
1926 4916 2132 4956 necnon
2166 4914 2223 4957 et
2261 4901 2480 4956 hontilia
2512 4901 2583 4956 22
2618 4902 2672 4957 in
2709 4900 2946 4968 Lucam;
2980 4900 3072 4956 sed
3111 4900 3188 4969 {ad
3223 4904 3330 4956 alia

1761 4972 1879 5028 loca
1908 4972 1995 5025 hic
2021 4973 2293 5040 respicere
2315 4974 2551 5037 videtur,
2589 4988 2709 5041 qua:
2750 4973 2907 5025 modo
2943 4988 3047 5025 non
3085 4983 3325 5028 exstant.

1836 5042 1949 5111 (79)
1991 5041 2230 5096 Detineat
2266 5044 2496 5108 quidem,
2525 5044 2614 5095 sed
2650 5044 2706 5097 in
2736 5042 2998 5111 injustitia
3043 5060 3157 5096 eam
3189 5044 3326 5097 deti-

1757 5123 1900 5236 ﬁeilu.
1936 5113 2063 5167 llaec
2094 5113 2293 5168 omissa
2326 5116 2379 5167 in
2418 5113 2598 5177 edi-tis,
2630 5114 2987 5167 restituuntur
3014 5128 3079 5167 ex
3112 5129 3244 5171 mss.
3272 5122 3329 5167 et

1808 5200 1835 5236 a
1860 5197 2000 5235 iano.

1808 5185 1902 5236 alia
1912 5197 2000 5235 no.

1829 5253 1941 5322 (80)
1982 5252 2074 5306 Sic
2104 5267 2207 5306 ms.
2244 5267 2384 5306 unus
2413 5251 2616 5322 Regius
2650 5268 2800 5306 num.
2833 5251 2994 5307 1610.
3033 5251 3187 5306 Alter
3220 5251 3326 5306 Re-

1756 5324 1876 5405 gius
1924 5337 2071 5405 Ilum.
2113 5323 2282 5405 #16411,
2307 5328 2615 5405 secundum
2645 5325 2917 5405 stationem
2961 5332 3009 5375 et
3048 5323 3328 5405 scientiam.

1758 5392 1893 5447 iram
1923 5392 2044 5456 Dei,
2074 5403 2182 5449 etc.
2210 5392 2401 5447 Czeteri
2438 5408 2571 5447 mss.
2606 5404 2660 5445 et
2691 5394 2963 5453 Rabanus,
2992 5396 3245 5444 rationem
3272 5403 3323 5444 et

1758 5465 2035 5517 scientiam
2076 5465 2212 5517 iram
2261 5462 2383 5529 Dei,
2418 5474 2522 5518 etc.
2560 5462 2727 5529 Editi,
2772 5464 2978 5515 ratione
3017 5470 3066 5514 et
3099 5461 3329 5525 scientia,

1754 5534 1893 5586 iram
1923 5533 2038 5596 Dei,
2064 5543 2168 5588 etc.

1852 5602 1941 5673 81)
1975 5604 2101 5660 Mss.
2136 5604 2379 5673 quidam,
2414 5604 2554 5673 quod
2586 5602 2669 5655 ira
2703 5600 3185 5673 Deigcomgmoverit,
3214 5610 3329 5665 etc.

1757 5744 1777 5797 Ι
1985 5668 2170 5740 Ειιίιὶξ
2211 5668 2436 5730 νηοί-ξδ’
2468 5668 2697 5727 vindices
2753 5670 2979 5733 stimuli
3007 5674 3100 5733 ira:
3145 5673 3330 5753 appeto.

1781 5761 1847 5797 an
1873 5761 1957 5797 ur.

1781 5756 1865 5799 ant
1873 5761 1904 5798 tt
1912 5762 1957 5799 r.
3330 5758 3337 5799 ἶ
