3712 6138
442 278 508 331 τις
1879 286 1955 359 ot

2081 284 2205 341 ZNIS
3380 271 3396 289 ⁸
3531 299 3603 353 an

399 402 514 458 tur,
554 396 694 448 sicut
727 403 784 448 et
827 393 930 450 Job
972 395 1105 451 dicit
1139 415 1151 450 :
1182 394 1280 451 Ira
1329 408 1509 454 autem
1542 400 1770 457 'Dontini
1815 416 1888 458 est
1932 406 1986 457 in
2016 412 2062 463 Α
2092 405 2316 457 randum
2342 406 2557 460 videtur
2585 423 2648 463 ex
2690 410 2775 465 his
2809 427 2929 481 qua!
2964 428 2993 466 a
3043 412 3331 469 Salvatore
3357 415 3602 473 dicuntur:

400 500 617 552 corpore
643 500 756 538 meo
781 485 850 538 “.
880 484 989 538 Cur
1012 495 1190 542 autem
1225 488 1293 543 de
1320 490 1457 545 caelo
1490 508 1634 547 nunc
1668 494 1744 546 ira
1775 495 1984 548 dieitur

400 574 958 630 revelari?Fortassis
1015 579 1082 632 ad
1131 579 1537 636 distinctionem
1587 585 1811 638 alterius
1863 587 1978 652 ira},

398 681 519 731 qme
546 681 650 719 non
687 676 769 720 est
799 669 865 721 de
899 669 1060 735 caelo,
1090 680 1148 724 ιιι
1174 681 1257 728 est
1288 674 1418 727 illud
1452 675 1562 746 (83)
1595 694 1608 729 :
1648 675 1828 730 Furor
1853 680 1981 731 dra-

400 771 589 809 conum
637 758 809 810 vinum
860 776 1061 824 eorum,
1097 776 1141 814 et
1186 765 1338 833 furor
1368 769 1684 833 serpentium
1715 771 1984 823 insanabi—

398 846 466 898 lis
490 847 554 903 “.
587 847 689 902 Aut
718 850 857 905 forte
882 856 1022 920 quod
1052 854 1150 922 ipsi
1179 857 1464 911 adversum
1491 875 1628 927 quos
1654 877 1833 914 sermo
1852 865 1985 918 diri-

399 942 566 1006 gitur,
614 958 718 994 non
767 945 818 996 in
868 946 1194 1014 ignorantia,
1237 949 1330 1002 sed
1378 951 1429 1002 in
1464 952 1693 1006 scientia
1736 956 1981 1011 veritatis

401 1046 629 1097 peccare
664 1034 939 1097 dicuntur,
966 1038 1087 1091 ideo
1109 1040 1159 1092 in
1193 1056 1288 1094 eos
1323 1043 1389 1096 de
1422 1045 1562 1097 caelo
1597 1059 1757 1113 poena
1787 1047 1981 1118 dirigi-

402 1133 528 1178 tur:
557 1124 680 1179 inde
714 1127 858 1179 enim
903 1144 1186 1198 pennarum
1226 1132 1479 1187 minister
1509 1134 1620 1207 (84)
1653 1140 1848 1209 accipit
1887 1157 1982 1210 po-

401 1225 677 1274 testatem.
708 1219 802 1273 Vel
835 1236 986 1275 certe
1027 1223 1154 1292 quia
1196 1225 1463 1292 spiritalia
1491 1231 1746 1297 nequitiae
1778 1234 1978 1288 adver-

400 1322 518 1361 sum
551 1324 670 1377 quae
713 1313 870 1365 nobis
896 1324 1171 1367 certamen
1201 1323 1285 1367 est
1318 1315 1385 1382 “,
1421 1319 1474 1372 in
1507 1322 1823 1378 coelestibus
1858 1340 1982 1381 esse

397 1402 670 1468 dicuntur,
699 1410 1095 1476 consequenter
1117 1407 1169 1461 in
1194 1423 1287 1462 eos
1307 1412 1397 1478 qui
1422 1412 1490 1466 ab
1517 1414 1599 1469 his
1624 1429 1978 1484 superantur,

397 1491 478 1545 ira
516 1492 611 1548 Dei
636 1495 701 1549 de
742 1497 882 1551 cmlo
906 1499 1108 1554 dicitur
1145 1501 1378 1569 jaculari
1419 1523 1432 1559 :
1467 1505 1614 1562 velut
1651 1510 1697 1563 si
1735 1510 1980 1565 dicamus

395 1584 520 1650 quia
560 1585 727 1654 ignita
771 1589 822 1642 in
856 1604 949 1644 eos
986 1592 1089 1646 tela
1124 1595 1247 1650 inde
1278 1598 1597 1665 vibrantur,
1630 1608 1686 1654 et
1725 1600 1975 1668 vulnera,

394 1676 592 1743 quibus
619 1679 672 1732 in
709 1693 927 1750 peccata
958 1698 1186 1741 currunt
1211 1689 1348 1760 (85),
1388 1691 1515 1747 inde
1537 1696 1839 1765 suscipiunt
1877 1715 1892 1752 :
1923 1698 1973 1750 hi

393 1781 526 1824 vero
575 1771 667 1838 qui
724 1775 887 1829 totius
925 1778 1172 1834 veritatis
1211 1794 1463 1852 expertes
1510 1795 1655 1853 sunt,
1705 1788 1854 1843 velut
1887 1790 1977 1859 qui

394 1859 529 1912 ttih‘l
558 1863 792 1917 habeant
823 1882 1116 1924 commune
1154 1888 1277 1927 cum
1304 1875 1448 1929 ctelo
1482 1886 1536 1930 et
1565 1877 1704 1946 luce,
1732 1881 1867 1935 iram
1897 1882 1981 1936 vel

391 1952 651 2007 vitiorum
691 1972 933 2024 suorum,
1003 1965 1460 2037 passionumque,
1519 1969 1601 2024 vel
1649 1973 1976 2038 dmmonum,

391 2043 593 2109 quibus
623 2061 683 2100 se
704 2059 897 2115 sponte
933 2054 1309 2119 subdiderunt,
1335 2057 1641 2128 perferunt.
1674 2062 1742 2118 In
1773 2082 1978 2120 onmem

389 2129 711 2193 impietatem
744 2146 790 2187 et
820 2137 1159 2207 iniquitatem
1189 2145 1482 2213 hominum,
1512 2151 1604 2220 qui
1631 2154 1898 2209 veritatem
1923 2159 1979 2211 in

389 2221 669 2292 iniquitate
709 2228 939 2283 detinent
976 2232 1042 2285 ⁸⁸.
1099 2235 1389 2305 Impietas,
1443 2242 1495 2296 in
1548 2243 1717 2298 Dettm
1752 2263 1978 2316 peccare

392 2322 521 2379 est;
555 2314 836 2384 iniquitas,
872 2322 923 2374 in
959 2324 1226 2382 homines.
1267 2329 1322 2383 ln
1361 2330 1531 2387 Deum
1557 2351 1685 2407 ergo
1714 2314 1768 2391 et
1799 2340 1850 2392 iu
1879 2340 1977 2396 ho~

394 2407 567 2463 mines
600 2421 826 2479 peccant
848 2416 939 2483 qui
977 2420 1263 2475 veritatem
1299 2424 1352 2477 in
1386 2425 1675 2496 iniquitate
1708 2431 1971 2489 detinent.

330 2534 337 2541 -
386 2497 562 2565 Quam
603 2506 889 2561 veritatem
937 2513 1226 2579 agn0visse
1265 2518 1518 2573 credendi
1569 2531 1695 2576 sunt
1725 2523 1975 2581 homines

387 2594 729 2650 naturalibus
771 2610 823 2653 et
860 2616 891 2654 a
923 2601 1034 2656 Deo
1066 2605 1260 2662 anima:
1285 2609 1465 2664 insitis
1483 2614 1822 2683 rationibus;
1854 2620 1977 2687 qui-

386 2682 492 2738 bus
531 2692 737 2740 tantum
777 2692 1079 2759 prudentia:
1112 2696 1226 2768 (86)
1255 2714 1576 2757 concessum
1609 2716 1712 2774 est,
1740 2682 1972 2780 utquod

391 2783 580 2830 uotum
611 2789 696 2834 est
732 2781 849 2849 Dei,
895 2785 945 2838 id
973 2796 1077 2854 est,
1113 2791 1256 2858 quod
1279 2796 1503 2863 agnosci
1546 2799 1612 2851 de
1649 2799 1760 2853 Deo
1795 2812 1973 2871 potest

384 2880 483 2930 per
503 2868 872 2937 conjecturam
896 2884 1174 2940 creatura},
1197 2896 1260 2935 ex
1283 2882 1364 2936 his
1386 2901 1504 2953 quae
1534 2888 1702 2944 videri
1738 2868 1972 2960 possunt

387 2957 680 3017 invisibilia
727 2965 846 3033 ejus
881 2984 1261 3038 agnoscerent.
1309 2976 1425 3032 Hoc
1470 2997 1537 3035 ex
1576 2957 1967 3055 pacto-justum

2085 496 2210 563 quia
2252 493 2451 549 Filium
2489 515 2640 552 nemo
2667 502 2827 565 novit,
2863 503 2965 556 nisi
3008 504 3168 558 Pater
3202 527 3221 558 :
3256 520 3413 575 neque
3442 507 3602 563 Patren

2084 588 2201 657 quis
2239 590 2399 654 novit,
2428 589 2534 642 nisi
2565 589 2759 659 Filius,
2796 604 2845 647 et
2877 595 2963 648 cui
3001 596 3227 649 voluerit
3262 594 3429 649 Filius
3457 603 3606 652 reri-la-

2086 697 2140 733 re
2194 679 2260 729 “.
2310 679 2426 736 Non
2470 684 2612 738 enim
2655 686 2954 742 addidisset
3005 689 3140 759 (88),
3192 690 3266 743 Et
3311 691 3395 743 cui
3435 693 3599 748 voluerit

2089 769 2265 826 Filius
2293 774 2544 836 revelare.
2584 776 2688 829 nisi
2712 779 2880 832 sciret
2904 780 3117 848 aliquos
3139 797 3263 835 esse
3290 783 3474 850 quibus
3496 800 3602 839 rere-

2084 861 2198 914 lare
2225 863 2370 917 velit.

2157 952 2243 1007 17.
2288 953 2591 1010 Inaisibilia
2620 959 2758 1012 enim
2788 960 2901 1029 ejus
2931 971 3224 1014 acreatura
3254 962 3454 1027 mundi,
3480 981 3551 1029 per
3565 982 3605 1017 ea

2082 1063 2199 1116 qua:
2239 1046 2382 1116 facta
2425 1059 2570 1117 sunt,
2610 1052 2875 1105 intellecta
2916 1055 3336 1121 conspiciuntur,
3373 1064 3418 1106 et
3459 1059 3606 1123 scmpi-
3674 1074 3675 1077 ‘

2084 1150 2232 1192 terna
2257 1144 2373 1209 ejus
2408 1145 2574 1196 virtus
2597 1161 2661 1197 ac
2687 1146 2934 1200 divinitas
2954 1186 2968 1209 ,
2998 1157 3055 1197 ut
3099 1147 3203 1198 sint
3233 1146 3607 1202 inexcusabile:

2083 1230 2205 1298 quia
2231 1248 2347 1284 cum
2369 1234 2729 1301 cognovissent
2758 1234 2950 1299 Deum,
2981 1251 3086 1288 non
3111 1239 3245 1290 sicut
3268 1236 3432 1289 Deum
3456 1242 3611 1307 magni-

2080 1321 2395 1388 ﬁcaverunt.
2437 1333 2529 1377 aut
2566 1329 2768 1394 gratias
2807 1339 3063 1395 egerunt;
3096 1328 3190 1381 sed
3241 1342 3539 1382 evanuerunt
3573 1332 3610 1383 is

2081 1413 2484 1482 cogitationibus
2527 1417 2670 1482 suis,
2711 1428 2759 1471 et
2793 1419 3225 1473 contenebratum
3271 1431 3348 1473 est
3403 1422 3607 1488 insipiens

2080 1520 2172 1556 cor
2191 1521 2393 1559 eorum.
2422 1506 2666 1562 Dicentes
2691 1510 2830 1562 enim
2859 1525 2915 1563 se
2930 1526 3042 1564 esse
3058 1511 3344 1578 sapientes,
3367 1512 3504 1564 stulti
3519 1512 3611 1580 {acti

2078 1606 2224 1660 sunt,
2264 1609 2311 1651 et
2342 1599 2751 1654 immutaverunt
2777 1601 3001 1672 gloriam
3032 1603 3445 1670 incorruptibilis
3479 1602 3559 1657 Dei
3574 1605 3612 1657 is

2082 1688 2484 1743 similitudinem
2514 1691 2759 1760 imaginis
2787 1694 3145 1762 corruptibilis
3174 1695 3425 1753 hominis.
3449 1698 3613 1749 etacin-

2083 1797 2254 1840 crum.
2296 1790 2347 1835 et
2377 1784 2806 1854 quadrupedum,
2844 1796 2893 1840 et
2930 1788 3254 1856 serpentium
3287 1788 3356 1840 ".
3384 1786 3611 1855 Penejam

2084 1875 2149 1925 de
2180 1873 2266 1926 his
2300 1874 2532 1942 singulis
2572 1877 2626 1930 in
2666 1879 3038 1945 superioribus
3078 1880 3375 1932 dissertum
3405 1888 3483 1932 est
3515 1878 3613 1948 (89).

2081 1964 2327 2019 Diximus
2358 1967 2501 2020 enim
2527 1968 2640 2022 haec
2665 1969 2914 2038 quamvis
2943 1969 3011 2024 ad
3041 1986 3235 2025 omnes
3264 1971 3502 2025 homines
3528 1972 3613 2039 qui-

2083 2056 2181 2109 bus
2202 2055 2346 2111 inest
2376 2059 2516 2111 ratio
2541 2059 2828 2125 naturalis,
2853 2063 3091 2115 maxime
3114 2072 3304 2115 tamen
3327 2072 3550 2131 spectare
3566 2063 3613 2116 ad

2079 2152 2355 2220 sapientes
2380 2152 2539 2221 hujus
2570 2152 2782 2217 mundi,
2821 2162 2877 2208 et
2902 2170 2996 2209 eos
3014 2155 3104 2225 qui
3138 2154 3455 2225 philosophi
3480 2154 3594 2208 nanti

2080 2252 2301 2310 nantur,
2325 2246 2525 2314 quibus
2548 2247 2817 2315 praecipue
2851 2258 3134 2301 creaturas
3158 2249 3377 2314 mundi,
3405 2259 3458 2302 et
3474 2247 3612 2301 omnia

2077 2350 2196 2404 quae
2228 2337 2280 2390 in
2330 2353 2394 2392 eo
2434 2338 2574 2392 facta
2617 2349 2763 2405 sunt,
2800 2339 3075 2394 discutere
3120 2340 3415 2409 disciplina
3453 2348 3552 2402 est,
3577 2350 3613 2393 et

2078 2442 2176 2497 per
2204 2429 2319 2483 lucc
2343 2445 2463 2497 qua!
2495 2431 2774 2495 videntur,
2802 2447 2864 2483 ea
2887 2446 3011 2501 qua:
3034 2446 3139 2485 non
3167 2432 3427 2487 videntur
3452 2433 3614 2486 ratione

2077 2519 2353 2590 colligere.
2393 2520 2688 2577 Sciendum
2724 2535 2902 2578 tamen
2941 2532 3024 2578 est
3062 2524 3203 2593 quod
3241 2523 3335 2579 hic
3373 2524 3612 2578 invisibilia

2077 2628 2196 2681 quae
2213 2614 2477 2681 nominat,
2497 2617 2563 2669 de
2587 2618 2855 2670 creaturis
2869 2616 3037 2676 dicit;
3066 2618 3133 2671 de
3161 2617 3369 2686 quibus
3393 2629 3445 2674 et
3474 2619 3518 2670 in
3542 2621 3612 2670 alo

2076 2703 2197 2760 loco
2236 2705 2377 2760 idem
2407 2708 2698 2775 Apostolus
2725 2708 2948 2761 scribit:
2979 2708 3106 2777 quia
3140 2710 3329 2762 omnia
3358 2726 3447 2777 per
3464 2712 3610 2778 ipsum.

2075 2799 2128 2852 id
2176 2810 2262 2854 est
2289 2814 2387 2868 per
2416 2799 2600 2856 lesum
2631 2800 2937 2865 Christum,
2968 2801 3114 2872 facta
3145 2810 3300 2866 sunt,
3331 2804 3431 2856 sive
3456 2817 3554 2871 qua
3575 2803 3613 2851 in

2073 2893 2198 2945 calo
2224 2904 2370 2957 sunt,
2395 2894 2501 2947 sive
2528 2910 2644 2965 quia
2666 2894 2723 2947 in
2747 2903 2911 2959 terra,
2946 2895 3174 2949 visibilia
3203 2906 3255 2947 et
3283 2892 3542 2948 invisibilia
3561 2893 3610 2944 ει.

2076 2984 2142 3038 Ει
2171 2986 2291 3039 ideo
2320 2996 2516 3054 praeter
2556 3002 2618 3040 ea
2662 3002 2782 3055 quae
2814 2986 3113 3041 invisibilia
3148 2988 3325 3055 dixit,
3361 2986 3531 3042 addit:
3562 2980 3611 3035 Et

383 3052 489 3103 crit
532 3051 799 3119 judicium
845 3058 939 3114 Dei
976 3064 1142 3117 etiam
1183 3081 1310 3136 erga
1348 3082 1445 3126 eos
1473 3073 1564 3141 qui
1609 3085 1736 3129 ante
1759 3051 1965 3134 adven-
1992 3088 2035 3145 ο
2070 3051 2385 3145 sempiterna
2432 3077 2548 3146 ejus
2588 3078 2775 3144 virtus,
2841 3094 2905 3131 ac
2979 3079 3261 3132 dicinitas.
3304 3078 3483 3133 Virtus
3517 3091 3613 3145 ergo

383 3151 497 3196 tum
525 3144 751 3217 Christi,
775 3165 896 3206 cum
929 3158 1203 3225 potuerint
1228 3162 1394 3215 Deum
1421 3180 1744 3234 agnoscere,
1773 3170 1970 3242 abejus

387 3235 540 3291 cultu
573 3240 932 3313 declinantes,
961 3249 1028 3302 ad
1061 3250 1323 3321 imagines
1358 3255 1635 3313 hominum
1664 3263 1970 3321 adorandas

383 3336 440 3380 et
477 3331 793 3388 animalium
845 3338 1208 3399 diverterunt.
1264 3344 1332 3400 Ut
1391 3350 1537 3405 enim
1592 3354 1865 3421 breviter.
1914 3370 1970 3416 et

381 3420 534 3473 omni
565 3420 617 3473 in
646 3439 810 3480 unum
833 3428 1059 3485 collecta
1093 3436 1412 3492 deﬁnitione
1440 3439 1705 3507 dicamus,
1735 3448 1968 3503 adorare

381 3510 548 3566 alium
584 3522 896 3590 quempiam
930 3535 1129 3592 praeter
1159 3527 1269 3599 (87)
1302 3528 1544 3598 Patrem,
1576 3544 1632 3589 et
1664 3537 1881 3608 Filium,
1915 3552 1972 3597 et

382 3603 644 3671 Spiritum
674 3621 946 3680 sanctum,
971 3618 1269 3689 impietatis
1291 3633 1376 3678 est
1400 3625 1629 3681 crimen.
1653 3627 1796 3694 Quia
1819 3603 1963 3704 quod

380 3708 566 3752 uotum
597 3711 672 3755 est
720 3703 836 3771 Dei,
872 3709 1210 3779 manifestum
1249 3723 1325 3767 est
1354 3717 1409 3769 in
1451 3716 1559 3772 illis
1587 3731 1608 3770 :
1643 3720 1783 3775 Deus
1825 3703 1965 3778 enim

379 3788 488 3842 il!is
527 3793 878 3862 manifestavit
906 3799 970 3854 ⁸⁷.
1001 3800 1122 3855 Jam
1154 3814 1208 3857 et
1244 3806 1499 3875 superius
1544 3809 1803 3876 diximus,
1836 3816 1964 3884 quia

381 3892 568 3938 notum
592 3896 675 3940 est
710 3888 805 3944 Dei
831 3892 934 3947 hoc
956 3896 1097 3962 quod
1124 3911 1188 3950 ex
1219 3897 1377 3965 hujus
1397 3903 1582 3956 mundi
1616 3919 1960 3975 consequen-

385 3975 454 4026 tia
490 3975 574 4030 vel
603 3980 908 4039 rationibus
924 3987 1140 4056 assequi
1170 3998 1424 4057 possunt,
1445 3993 1589 4048 sicut
1609 4006 1663 4050 et
1682 3996 1798 4067 ipse
1820 3998 1966 4069 Apo-

381 4064 553 4122 stolus
584 4083 649 4122 ex
682 4077 1143 4143 consequentibus
1172 4078 1379 4154 indicat
1402 4082 1471 4150 ⁸⁸,
1503 4064 1964 4147 dieensinvisibi-

379 4155 449 4209 lia
476 4159 595 4229 ejus
621 4177 717 4231 per
746 4177 807 4218 ea
835 4182 956 4235 qua:
988 4168 1128 4224 facta
1158 4183 1286 4226 sunt
1312 4179 1688 4247 contemplari.
1715 4180 1964 4252 Ignotum

381 4263 560 4308 autem
601 4255 693 4311 Dei
743 4259 1156 4332 intelligendum
1198 4278 1283 4323 est
1318 4273 1459 4328 ratio
1498 4276 1824 4334 snbstantiaa
1847 4281 1965 4350 ejus

378 4344 465 4398 vel
489 4359 695 4404 naturae
715 4368 731 4418 ;
750 4351 902 4420 cujus
923 4370 1044 4424 qua:
1065 4359 1135 4412 sit
1165 4363 1489 4431 praprietas,
1520 4378 1652 4434 puto
1675 4373 1818 4439 quod
1853 4390 1962 4430 non

2077 3167 2174 3219 Dei
2200 3182 2319 3235 quae
2352 3168 2686 3236 sempiterna
2716 3178 2820 3232 est,
2842 3177 2898 3222 et
2921 3168 3184 3223 divinitas
3214 3184 3345 3238 qua:
3379 3168 3613 3223 nihilomi-

2074 3274 2175 3312 nus
2199 3259 2527 3327 sempiterna
2557 3269 2660 3321 est,
2689 3274 2755 3313 ex
2798 3260 3125 3327 conjecturis
3150 3260 3466 3330 agnoscitur
3492 3272 3611 3312 orer

2073 3350 2418 3405 turm.Virtus
2444 3362 2524 3405 est
2544 3366 2648 3420 qua
2665 3354 2800 3422 regit
2820 3352 2999 3406 omnia
3021 3369 3037 3417 ;
3063 3353 3328 3410 divinitas
3352 3370 3450 3424 qua
3479 3351 3612 3423 replet

2070 3444 2348 3499 universa.
2403 3443 2481 3496 Ex
2534 3444 2640 3497 hoc
2683 3458 2811 3512 ergo
2852 3444 3260 3500 inexcusabiles
3307 3445 3445 3500 fiunt
3472 3464 3485 3499 :
3516 3442 3610 3512 quia

2070 3552 2192 3592 cum
2216 3535 2602 3590 manifest-ante
2633 3533 2745 3589 Deo
2778 3537 3130 3605 cognoverint
3169 3536 3288 3608 (90)
3323 3538 3508 3601 Deum,
3533 3551 3612 3588 non

2070 3631 2372 3700 utdignum
2412 3638 2498 3683 est
2526 3628 2833 3695 coluerunt,
2874 3639 2969 3682 aut
3012 3631 3219 3699 gratias
3258 3637 3513 3700 egerunt;
3541 3627 3610 3680 secl

2067 3721 2230 3794 473
2278 3736 2378 3790 per
2429 3721 2818 3790 cogitationum
2871 3735 3100 3774 suarum
3139 3722 3472 3789 vanitatem,
3503 3720 3604 3773 dum

2069 3814 2273 3867 formas
2305 3821 2360 3867 et
2384 3812 2652 3880 imagines
2684 3811 2967 3880 requirunt
2996 3811 3048 3865 in
3082 3812 3214 3880 Deo,
3256 3814 3313 3868 in
3340 3811 3612 3882 semetipsis

2069 3907 2163 3961 Dei
2197 3908 2491 3976 imaginem
2516 3906 2902 3976 perdiderunt,
2923 3916 2978 3960 et
3010 3908 3106 3976 qui
3130 3906 3349 3974 jactare
3372 3924 3429 3963 se
3453 3910 3500 3963 in
3520 3907 3612 3960 luce

2069 3998 2353 4067 sapientiae
2394 3998 2741 4067 videbantur,
2777 4001 2830 4054 in
2871 3998 3175 4071 profundas
3204 4003 3451 4057 stultitiae
3491 4010 3609 4055 tene-

2067 4090 2198 4144 bras
2253 4089 2495 4144 devoluti
2540 4100 2685 4145 sunt.
2725 4091 2866 4159 Quid
2913 4093 3058 4147 enim
3094 4101 3201 4147 tam
3252 4104 3472 4159 tetrum,
3524 4104 3609 4147 tam

2069 4182 2387 4248 obscurum,
2421 4191 2642 4252 tamque
2692 4185 3065 4252 tenebrosum,
3089 4200 3252 4255 quam
3291 4187 3509 4255 gloriam
3536 4182 3610 4237 Dei

2067 4272 2136 4326 ad
2186 4272 2531 4343 corporalem
2576 4282 2632 4327 et
2681 4275 3093 4345 corruptibilem
3146 4277 3400 4332 humana:
3453 4277 3608 4331 forata:

2066 4363 2298 4435 efﬁgiem
2324 4376 2557 4429 vertere,
2598 4374 2656 4418 ut
2686 4366 2851 4421 moris
2870 4377 2951 4421 est
2982 4367 3067 4421 his
3086 4369 3177 4437 qui
3218 4371 3501 4424 simulacra
3540 4384 3608 4420 ve-

379 4435 556 4492 δοίυῐῐι
598 4457 696 4496 n05
745 4445 1016 4514 ltOmines,
1059 4454 1153 4506 sed
1184 4462 1238 4507 et
1278 4471 1494 4511 omnem
1544 4435 1709 4516 lateai
1744 4477 1963 4521 creatu-
1990 4459 2041 4521 D
2069 4469 2350 4526 iterantur,
2383 4469 2436 4515 et
2464 4459 2661 4515 divina:
2688 4462 2991 4531 majestatis
3015 4465 3369 4518 eminentiam
3403 4464 3607 4519 volucri-

379 4544 495 4581 ram
533 4549 548 4585 :
577 4542 671 4587 aut
708 4534 752 4589 si
788 4536 1082 4609 aliquando
1113 4552 1298 4600 tantus
1331 4550 1437 4602 erit
1466 4560 1676 4609 natura:
1714 4559 1958 4614 rationa-

382 4619 474 4673 bili
505 4624 798 4691 profeetus,
838 4638 895 4682 ut
925 4630 977 4684 in
1012 4632 1156 4688 hanc
1190 4651 1412 4706 quoque
1452 4643 1625 4710 possit
1668 4651 1960 4714 pervenire

381 4711 652 4780 natitiam,
678 4714 770 4770 Dei
792 4727 879 4772 est
901 4736 1082 4777 nosse.
1112 4722 1244 4780 Tale
1270 4727 1415 4782 enim
1445 4731 1646 4801 aliquid
1668 4711 1811 4792 —mihi
1829 4754 1956 4810 spe-

485 4849 531 4882 ”
550 4849 652 4907 Joh
707 4872 781 4919 γι,
818 4860 873 4913 4.

978 4862 1027 4895 ⁸*
1060 4864 1212 4920 Deut.
1255 4884 1430 4932 xxx",
1465 4871 1552 4927 55.

375 4918 425 4956 ιθ
453 4919 645 4977 Matth.
675 4918 864 4994 xt,27.

941 4933 986 4965 σο
1014 4933 1172 4992 Rom.
1197 4953 1239 5001 ι,
1274 4940 1365 4994 eo.
1444 4942 1487 4973 ει
1521 4944 1700 5002 Colos.
1730 4963 1767 5014 ι,
1787 4933 1906 5026 ιας

450 5061 677 5187 (8ῗζ11ιει
703 5084 833 5124 mss.
868 5073 1007 5129 Editi
1042 5091 1194 5147 vero,
1223 5088 1274 5134 et
1310 5098 1561 5137 venenum
1600 5089 1843 5156 aspidum
1868 5094 1955 5148 in-

450 5151 507 5186 na
589 5155 634 5187 ϐ.

377 5151 634 5190 sanamte.

407 5277 416 5308 ἶ
453 5205 564 5309 (84)
588 5207 1043 5281 Editi,magister.
1081 5216 1247 5275 Paulo
1284 5233 1443 5293 post,
1475 5227 1738 5294 spiritales
1769 5235 1951 5304 nequi-

376 5286 489 5330 im}.

604 5349 767 5437 Editi,
796 5364 844 5408 et
871 5355 1089 5411 vulnera
1116 5361 1221 5437 qui
1241 5363 1299 5437 in
1327 5376 1537 5431 peccato
1565 5383 1804 5437 currunt,
1845 5383 1954 5428 etc.

452 5418 563 5538 (8’6)
607 5423 697 5502 δία
735 5439 925 5479 omnes
951 5442 1082 5483 mss.
1126 5418 1268 5486 Editi
1304 5418 1450 5499 vero,
1477 5418 1673 5505 quibus

452 5504 500 5537 ιι(
518 5502 694 5538 εηΙηΒ.

380 5501 694 5549 prudentiae.

450 5558 563 5644 (737)
607 5563 682 5644 lla
709 5565 858 5621 editi.
895 5567 991 5644 Ms.
1028 5585 1158 5625 vero
1187 5572 1388 5642 Regius
1415 5593 1563 5632 num.
1595 5579 1755 5644 1659,
1792 5584 1955 5638 alium

378 5641 762 5716 quagipr‘teter,
802 5648 907 5716 etc.
945 5638 1140 5716 Cteteri
1176 5638 1566 5716 ttis§.,nliquem
1599 5638 1806 5715 prwter,
1844 5669 1950 5708 etc.

454 5696 562 5767 (88)
598 5696 776 5772 Alias,
816 5705 935 5762 Non
984 5715 1117 5769 enim
1161 5696 1810 5789 iii/deiet’(Eii'aa'iiuiili2
1846 5696 1955 5783 sit

1666 4875 1712 4908 ⁸⁵
1741 4877 2020 4952 Ephesm,
2071 4872 2159 4926 η·

2068 4552 2190 4615 bus,
2221 4560 2275 4603 et
2320 4552 2780 4622 quadrupedibus,
2826 4563 2882 4608 et
2925 4557 3271 4625 serpentibus
3313 4553 3606 4626 exaequare?

2139 4641 2228 4697 18.
2259 4643 2370 4699 Pro
2399 4646 2597 4714 quibus
2634 4646 2814 4700 causis
2843 4647 3147 4716 justissime
3191 4649 3381 4718 utique
3419 4649 3604 4700 tradidit

2064 4752 2152 4790 eos
2188 4736 2334 4791 Deus
2372 4739 2426 4791 in
2454 4739 2732 4793 desideriis
2768 4742 2945 4794 cordis
2978 4756 3155 4793 eorum
3187 4741 3302 4812 (91)
3326 4742 3382 4794 in
3410 4741 3603 4794 immn-

2265 4873 2311 4904 ⁵⁸
2334 4871 2490 4928 Rom.
2529 4889 2571 4941 ι,
2617 4873 2706 4928 18.
2810 4875 2855 4906 ⁸⁷
2885 4873 3042 4932 Rom.
3065 4891 3105 4940 ι,
3133 4875 3219 4930 t9.
3326 4877 3371 4908 “
3395 4872 3601 4931 ibid.20.

2092 5093 2339 5170 αίιέἷθοη.
2577 5160 2717 5170 κ...
2971 5160 3001 5170 -
3131 5161 3143 5170 -
3262 5163 3274 5170 -
3502 5159 3511 5170 -
3568 5159 3577 5168 -

2060 5112 2375 5233 διῇξε)ῗέἰο
2414 5175 2544 5214 mss.
2577 5160 2719 5216 Editi
2753 5174 2919 5216 vero:
2958 5160 3098 5215 Pene
3112 5161 3232 5231 jam
3256 5163 3310 5217 in
3348 5159 3591 5230 superiori?

2062 5234 2158 5288 bus
2183 5236 2246 5285 de
2268 5234 2350 5284 his
2382 5233 2622 5285 omnibus
2659 5234 2856 5285 dictum
2878 5242 2972 5285 est.

2131 5302 2243 5380 (9Q)
2282 5304 2449 5380 Alias,
2478 5313 2850 5369 cognoverunt.
3416 5372 3427 5380 .
3490 5370 3499 5380 ο

2133 5372 2248 5443 (91)
2292 5374 2383 5426 Sic
2426 5388 2613 5426 omnes
2661 5390 2817 5436 tuss.,
2870 5387 3099 5443 quorum
3151 5383 3326 5427 tamen
3380 5372 3585 5441 plerique

2062 5442 2324 5497 omittunt
2375 5443 2577 5511 utique,
2626 5452 2853 5517 et-ttuus
2890 5442 3089 5517 Regius
3123 5444 3307 5505 habet,
3331 5446 3382 5496 in
3412 5444 3585 5517 destite-

2063 5516 2204 5568 rium
2227 5514 2400 5566 caidis
2430 5528 2632 5566 eorum.
2670 5512 2808 5566 Editi
2834 5511 2991 5575 vero,
3031 5511 3256 5581 Propter
3282 5519 3412 5581 quod
3443 5511 3583 5563 tradi-

2062 5587 2137 5637 dit
2169 5584 2292 5636 illos
2330 5584 2466 5635 Deus
2494 5583 2551 5634 in
2581 5583 2842 5636 desideria
2874 5585 3046 5638 cordis
3069 5600 3272 5653 eorum,
3310 5591 3482 5643 etc.,el
3504 5581 3581 5632 κδ’

2061 5658 2192 5711 dunt
2219 5653 2382 5707 Amen
2407 5654 2459 5708 in
2493 5654 2598 5708 line
2624 5665 2925 5709 contextus.
