3712 6138
278 247 382 302 867

1722 231 2044 292 ORIGENIS

276 367 447 422 Deum
476 360 939 434 magniﬁcaverit,
972 367 1066 413 aut
1096 360 1308 427 gratias
1342 359 1545 429 egerit,
1585 359 1681 413 sed
1723 373 1854 413 eva-
1885 359 1929 415 Α
1959 355 2013 409 in
2038 353 2186 409 omni
2221 352 2513 409 sanctitate
2550 366 2604 407 et
2631 351 2869 421 puritate
2918 366 3223 416 servemus,
3270 365 3389 422 quo
3437 365 3542 405 non

277 456 459 511 nuerit
489 454 543 509 in
580 450 1011 521 cogitationibus
1051 451 1188 512 suis,
1219 457 1275 505 et
1298 449 1590 504 mutaverit
1621 448 1849 514 gloriam

279 544 709 615 iucorruptihilis
752 542 849 599 Dei
895 545 950 599 in
986 542 1393 599 similitudinem
1427 540 1683 611 imaginis
1728 555 1853 594 cor~

277 638 553 709 ruptihilis
605 637 842 693 hominis
872 646 929 691 et
956 636 1261 699 volucrum,
1312 642 1367 689 et
1413 632 1851 703 quadrupedum,

277 739 331 781 et
361 728 688 796 serpentium
719 726 785 793 “,
817 737 872 781 et
913 728 965 780 in
1002 726 1086 779 his
1108 724 1360 779 omnibus
1396 722 1754 778 declinaverit
1784 726 1851 777 ad

278 833 523 880 carnem,
563 827 724 884 atque
757 832 849 870 eos
896 816 987 885 qui
1042 815 1226 869 carnis
1277 813 1565 868 desideriis
1625 810 1850 868 favent:

280 910 686 976 derelinquetur
721 910 838 963 sine
874 908 1039 963 dubio
1074 916 1130 961 et
1189 909 1475 961 deseretur
1520 906 1589 961 ab
1639 906 1720 960 eis
1758 907 1851 975 qui

280 1019 399 1056 eam
430 1001 614 1055 favore
647 1017 746 1055 suo
776 1010 833 1052 ut
862 1000 1079 1068 spiritui
1110 998 1433 1068 juugcrctur
1485 1000 1802 1054 animabant
1835 1015 1848 1050 :

282 1104 336 1148 et
359 1095 663 1147 concedent
691 1107 832 1155 eam,
866 1091 949 1143 vel
998 1091 1211 1145 tradent
1245 1090 1323 1161 (l)
1355 1090 1641 1145 desideriis
1674 1089 1856 1146 cordis

285 1188 393 1247 sui,
427 1187 622 1255 quibus
645 1185 796 1240 carni
834 1183 1078 1237 sociatur
1106 1190 1161 1234 et
1190 1183 1457 1237 adhaeret.
1495 1180 1682 1251 Neque
1707 1184 1853 1236 enim

286 1280 640 1333 obsistentem
669 1293 786 1330 eam
820 1291 885 1331 ac
913 1275 1291 1342 reluctantem,
1326 1278 1396 1330 ad
1422 1290 1484 1329 ea
1517 1290 1635 1343 quae
1663 1273 1858 1344 refugit

287 1387 350 1427 ac
370 1372 573 1441 respuit
604 1372 952 1424 revocabunt.
971 1368 1136 1432 Cujus
1168 1369 1242 1423 rei
1264 1367 1584 1437 imaginem,
1608 1367 1654 1421 si
1682 1365 1859 1419 adhuc

284 1463 499 1516 videtur
528 1461 781 1521 obscura,
818 1460 911 1513 tali
935 1459 1168 1528 quadam
1199 1460 1379 1525 specie
1428 1457 1857 1512 manilestiorem

287 1556 693 1625 planioremque
724 1553 1031 1606 reddemus.
1067 1550 1342 1606 Ponamus
1371 1566 1493 1606 esse
1517 1550 1733 1620 aliquod
1764 1550 1860 1604 do-

288 1645 570 1708 micilium,
604 1645 657 1699 in
696 1659 803 1712 quo
835 1658 957 1697 cum
990 1658 1221 1712 corpore
1253 1651 1310 1696 et
1337 1642 1532 1712 spiritu
1558 1642 1705 1696 velut
1736 1655 1859 1694 cum

290 1740 501 1793 duobus
528 1736 861 1792 consiliariis
899 1736 1106 1790 habitet
1132 1737 1347 1802 anima;
1376 1752 1473 1806 pro
1497 1734 1706 1790 foribus
1731 1750 1860 1790 vero

291 1828 452 1895 hujus
490 1828 748 1882 domicilii
807 1837 992 1882 astare
1038 1829 1327 1896 pietatem,
1372 1842 1674 1896 omnesque
1737 1842 1860 1881 cum

290 1936 353 1974 ea
379 1920 604 1973 virtutes
640 1936 655 1973 :
689 1935 754 1973 ex
784 1920 886 1973 alia
918 1935 1046 1973 vero
1073 1928 1223 1987 parte
1259 1919 1615 1987 impietatem,
1643 1934 1860 1974 omnes-

292 2028 397 2080 que
429 2012 762 2065 luxuriarum
789 2028 852 2066 ac
876 2011 1162 2065 libidinum
1204 2012 1432 2073 formas,
1466 2020 1521 2064 et
1549 2022 1863 2080 exspectare

293 2104 488 2156 animae
517 2113 727 2167 nutum,
756 2118 913 2171 quem
955 2120 1021 2156 ex
1065 2104 1274 2156 duobus
1315 2118 1412 2171 pro
1442 2102 1649 2157 loribus
1678 2104 1864 2157 obser-

293 2193 545 2246 vantibus
572 2194 792 2247 chorum
819 2194 1085 2247 introduci
1119 2195 1184 2248 ad
1214 2208 1271 2246 se
1295 2193 1760 2262 desideret,quem
1778 2209 1864 2248 re-

294 2283 445 2351 pelli.
470 2281 661 2336 Nonnc
693 2284 735 2336 si
764 2284 976 2353 spiritui
1014 2286 1418 2352 obtemperans,
1452 2294 1509 2337 et
1536 2284 1743 2339 meliori
1768 2300 1862 2337 usa

293 2376 628 2441 consiliario,
647 2376 860 2442 pictatis
876 2385 927 2429 et
954 2377 1227 2445 pudicitia:
1244 2377 1311 2430 ad
1330 2392 1387 2431 se
1404 2377 1715 2431 evocaverit
1731 2378 1865 2431 cho-

293 2484 438 2530 rum,
481 2468 567 2521 ille
616 2469 753 2521 alius
784 2480 996 2536 spretus
1029 2471 1447 2538 repudiatusqu
1470 2470 1547 2540 (Ξ)
1579 2470 1867 2524 discedet?

295 2560 353 2613 Si
390 2575 517 2613 vero
549 2561 730 2615 carnis
755 2578 850 2614 usa
884 2562 1147 2625 consiliis,
1186 2563 1481 2629 impietatis
1499 2564 1563 2616 ad
1583 2577 1643 2617 se
1666 2574 1720 2616 et
1746 2562 1858 2615 lihi-

294 2652 439 2705 dinis
484 2652 847 2706 introduxerit
897 2661 1159 2718 turmam,
1209 2653 1385 2708 omnis
1429 2652 1518 2707 illa
1561 2654 1865 2708 sanctitatis

295 2752 350 2794 ct
387 2743 607 2812 pietatis
652 2759 879 2810 corona,
928 2745 1018 2797 cui
1057 2744 1320 2798 ntalorum
1348 2745 1534 2799 anima
1570 2746 1863 2800 concilium

295 2832 704 2901 prmtttlit,iusta
737 2850 857 2887 cum
887 2835 1255 2903 indignatione
1287 2836 1519 2898 recedet,
1554 2837 1865 2908 relinquens

290 2942 413 2978 eam
429 2925 711 2979 desideriis
723 2926 903 2991 cordis
918 2928 1024 2990 sui,
1046 2939 1103 2981 ut
1121 2928 1193 3000 (5)
1215 2928 1505 2999 ignominia
1523 2940 1576 2984 et
1595 2942 1868 2985 contume-

293 3019 381 3072 liis
398 3016 593 3070 alliciat
609 3035 805 3087 corpus
821 3035 975 3073 suum
994 3020 1045 3073 in
1064 3021 1372 3089 semetipsa,
1388 3024 1866 3089 qua‘commutavit

291 3110 579 3162 veritatem
617 3108 707 3163 Dei
743 3111 793 3162 in
846 3111 1214 3175 mendacium,
1238 3124 1293 3166 et
1325 3113 1677 3169 iutroduceus
1709 3115 1774 3168 ad
1804 3130 1862 3169 se

295 3199 592 3269 impietatis
631 3209 685 3253 et
724 3198 1066 3254 inﬁdelitatis
1113 3199 1189 3273 (4)
1242 3201 1580 3271 principem,
1625 3203 1755 3257 colit
1808 3215 1864 3256 et

294 3293 461 3346 servit
486 3301 668 3360 pottus
688 3303 953 3348 creatura:
977 3311 1140 3364 quam
1165 3298 1445 3360 breatori,
1470 3297 1562 3365 qui
1596 3307 1678 3351 est
1699 3299 1864 3351 bene-

293 3386 471 3438 dictus
508 3384 564 3438 in
593 3385 814 3441 szrcula.
851 3386 1059 3451 Quibus
1093 3402 1222 3441 sane
1250 3402 1314 3441 ex
1337 3390 1519 3442 causis
1552 3390 1731 3442 anima
1762 3390 1864 3443 lm-

297 3491 457 3529 niana
495 3476 625 3529 tanti
652 3475 812 3543 hujus
836 3476 1175 3531 discriminis
1202 3488 1308 3531 tam
1348 3480 1642 3549 ancipitem
1676 3480 1867 3534 subeat

297 3576 520 3642 statum,
561 3585 663 3639 nou
712 3578 791 3623 est
836 3570 1128 3638 praesentis
1168 3570 1269 3623 loci
1321 3572 1615 3626 discutere.
1666 3571 1863 3625 Eorum

295 3674 424 3725 ergo
450 3668 534 3711 est
572 3660 916 3715 contumeliis
951 3660 1165 3715 allicere
1196 3675 1429 3730 corpora
1469 3676 1588 3726 sua,
1633 3664 1723 3729 qui
1773 3663 1867 3716 de-

295 3751 533 3804 serviunt
558 3750 895 3805 simulacris:
918 3762 972 3806 et
999 3767 1191 3806 eorum
1219 3762 1301 3807 est
1322 3753 1502 3807 colere
1527 3765 1863 3818 creaturam,

296 3844 385 3911 qui
421 3844 737 3915 reliquerint
774 3845 1113 3901 Creatorem.
1166 3843 1276 3899 Nos
1311 3858 1490 3899 autem
1532 3845 1620 3912 qui
1662 3847 1864 3901 nullam

297 3945 628 3997 creaturam,
654 3937 746 3990 sed
778 3936 1015 4001 Patrem,
1042 3946 1097 3989 et
1122 3936 1341 4000 Filium,
1369 3946 1423 3989 et
1449 3935 1708 4005 Spiritum
1748 3954 1868 3992 san-

298 4040 444 4080 ctum
476 4028 703 4082 colimus
749 4038 804 4081 et
840 4029 1154 4091 adoramus,
1199 4027 1340 4083 sicut
1380 4044 1487 4082 non
1514 4045 1761 4083 erramus
1811 4032 1863 4085 itt

297 4120 471 4182 cultu,
511 4121 583 4173 ita
628 4136 729 4174 nec
758 4119 813 4172 in
853 4120 1064 4174 actibus
1096 4118 1313 4188 quidem
1358 4128 1413 4173 et
1452 4121 1868 4175 conversatione

302 4226 613 4279 peccemus;
646 4226 818 4279 neque
851 4211 1128 4264 imitemur
1150 4226 1244 4264 eos
1263 4211 1353 4279 qui
1382 4212 1729 4266 contumeliis
1755 4211 1868 4265 alli-

300 4305 450 4358 ciunt
490 4319 716 4373 corpora
758 4319 852 4357 sua
913 4304 964 4356 in
1014 4303 1325 4373 semetipsis
1358 4321 1371 4356 :
1404 4305 1498 4358 sed
1539 4306 1868 4374 aSpieientes

1954 446 2132 501 solum
2166 445 2326 516 digna
2360 444 2672 515 angelorum
2712 444 3054 514 ingressibus
3085 434 3234 509 iiaut,
3260 457 3461 497 verum
3489 452 3544 495 et

1956 537 2293 592 habitatione
2325 536 2564 607 Spiritus
2590 536 2787 601 sancti,
2832 546 2890 590 et
2921 535 3208 589 mansione
3240 534 3433 589 Patris
3479 550 3543 589 ac

1956 626 2076 681 Filii
2102 629 2194 698 qui
2220 627 2354 681 dicit
2380 627 2448 681 de
2463 642 2530 681 eo
2566 627 2661 697 qui
2687 627 2740 680 in
2770 627 3044 680 mandatis
3069 626 3184 681 suis
3206 632 3546 694 permanet:

1956 717 2068 787 Ego
2130 733 2177 772 et
2229 718 2390 772 Pater
2449 719 2735 782 veniemus,
2777 727 2827 771 et
2870 720 3199 781 mansionem
3229 718 3379 788 apud
3424 734 3549 772 eum

1955 812 2210 880 faciemus
2234 811 2300 867 “.

2028 906 2114 961 19.
2145 903 2431 971 Propterea
2458 906 2678 958 tradidit
2707 903 2824 960 illos
2856 903 2996 959 Deus
3015 906 3069 959 in
3093 905 3366 973 passiones
3396 902 3556 970 igno-

1956 1000 2154 1053 miniae.
2188 996 2330 1051 Nam
2360 1007 2407 1051 et
2438 997 2648 1065 femina:
2670 1014 2849 1051 eorum
2878 1001 3285 1052 immutaverunt
3310 1004 3559 1048 natura-

1957 1091 2057 1145 lem
2080 1106 2251 1154 usum,
2274 1091 2330 1145 in
2362 1107 2477 1144 eum
2502 1106 2652 1143 usum
2679 1092 2766 1160 qui
2790 1089 2866 1158 (5)
2884 1099 3034 1143 extra
3064 1100 3306 1141 naturam
3326 1097 3442 1142 est.
3474 1085 3564 1140 Si-

1958 1184 2338 1236 militerautem
2361 1192 2408 1235 et
2430 1180 2674 1241 masculi,
2706 1182 2886 1235 relicto
2909 1180 3143 1235 naturali
3171 1196 3269 1234 usu
3298 1180 3553 1248 femine.

1958 1274 2163 1327 accensi
2196 1283 2315 1325 sunt
2348 1273 2404 1325 in
2441 1273 2763 1325 desiderium
2804 1273 2887 1325 sui
2918 1273 2973 1324 in
3014 1273 3259 1333 inuicem,
3307 1267 3557 1323 masculi

1957 1366 2013 1419 in
2057 1365 2316 1418 masculos
2358 1366 2743 1431 turpitudinem
2793 1375 3090 1435 Operantes,
3136 1374 3186 1417 et
3221 1362 3559 1421 mercedem,

1957 1472 2115 1522 quam
2145 1457 2400 1525 oportuit,
2449 1461 2645 1510 erroris
2695 1458 2779 1511 sui
2805 1457 2861 1510 in
2887 1457 3176 1524 semetipsis
3209 1455 3559 1522 recipientes.

1960 1545 2029 1599 Et
2057 1549 2195 1600 sicut
2232 1564 2335 1600 non
2377 1550 2725 1615 probaverunt
2772 1547 2940 1601 Deum
2966 1546 3155 1601 habere
3183 1546 3239 1599 in
3267 1544 3559 1605 notitiam,

1963 1639 2183 1693 tradidit
2222 1638 2340 1692 illos
2370 1638 2512 1693 Deus
2547 1640 2603 1694 in
2644 1640 2917 1709 reprobum
2963 1656 3192 1704 sensum,
3243 1647 3301 1691 ut
3337 1635 3564 1707 faciant

1890 1721 1933 1776 Β
1961 1747 2021 1785 ea
2047 1747 2164 1800 qua:
2185 1748 2289 1785 non
2316 1733 2649 1794 conveniunt,
2684 1732 2906 1800 repletos
2929 1732 3071 1785 omni
3091 1730 3396 1800 iniquitate,
3432 1743 3567 1779 ma-

1965 1822 2103 1885 litia,
2134 1820 2509 1889 fornicatione,
2548 1824 2802 1892 nequitia,
2832 1822 3291 1891 avaritia;plenos
3315 1819 3566 1881 invidia,

1964 1915 2282 1979 homicidiis,
2306 1916 2661 1977 contentione,
2695 1915 2839 1977 dolo,
2868 1918 3195 1987 malignitate
3227 1932 3245 1980 ;
3288 1929 3569 1968 susurra—

1965 2018 2126 2069 tores,
2153 2007 2547 2069 obtrectatores,
2581 2007 2690 2061 Deo
2720 2008 2958 2073 odibiles,
2991 2006 3436 2071 contumeliosos,
3469 2021 3569 2057 su-

1965 2100 2170 2169 perbos,
2195 2099 2379 2162 elatos,
2414 2100 2707 2153 inventores
2739 2098 3027 2163 ntalorum,
3079 2101 3394 2167 parentibus
3449 2114 3569 2153 non

1966 2190 2281 2251 obedientes,
2319 2191 2642 2260 insipientes,
2673 2192 3208 2260 incompositos;sine
3236 2192 3565 2261 a/I‘ectioue,

1968 2286 2164 2351 absque
2192 2283 2409 2351 findere,
2443 2285 2556 2338 sine
2579 2286 2965 2339 misericordia.
3003 2286 3106 2349 Qui
3134 2302 3249 2339 cum
3269 2284 3565 2355 justitiam

1970 2375 2065 2431 Dei
2098 2379 2484 2446 cognovissent,
2514 2394 2617 2431 non
2643 2379 3017 2433 intellexerunt
3049 2379 3298 2449 quoniam
3323 2379 3426 2449 .335
3473 2388 3568 2430 ta-

1968 2469 2041 2521 lia
2071 2482 2257 2537 agunt,
2292 2470 2440 2538 digni
2477 2482 2596 2522 sunt
2630 2482 2829 2533 morte;
2864 2487 2967 2523 non
3003 2471 3174 2522 solum
3210 2470 3304 2540 qui
3338 2468 3569 2537 faciunt

1967 2561 2084 2623 illa,
2110 2564 2199 2615 sed
2228 2574 2274 2614 ct
2306 2563 2396 2631 qui
2434 2572 2766 2615 consentiunt
2801 2562 3115 2631 facientibus
3139 2563 3207 2619 θ’.
3254 2560 3571 2630 Propterea

1966 2654 2342 2707 inexcusabilis
2384 2669 2459 2719 es,
2495 2669 2525 2706 o
2556 2656 2711 2705 homo
2746 2655 2915 2707 omnis
2945 2654 3035 2722 qui
3058 2654 3267 2722 judicas
3290 2667 3313 2708 :
3348 2655 3411 2706 in
3442 2669 3570 2723 qua

1966 2751 2103 2802 enim
2120 2748 2284 2800 alium
2303 2748 2539 2814 judicas,
2572 2746 2791 2813 teipsum
2815 2745 3150 2799 condemnas.
3179 2743 3375 2798 Eadem
3409 2745 3566 2799 enim

1967 2844 2102 2910 agis,
2132 2857 2249 2906 qutc
2266 2841 2485 2911 judicas
2509 2840 2576 2894 ⁸³.
2610 2838 2794 2893 Tertio
2830 2838 3133 2893 invenimus
3170 2839 3247 2907 (6)
3277 2839 3346 2892 ab
3396 2839 3566 2908 Apo-

1968 2934 2106 2987 stulo
2136 2934 2368 3001 positum
2397 2950 2410 2985 :
2446 2930 2689 2984 Tradidit
2731 2930 2851 2983 illos
2882 2929 3044 2983 Deus.
3088 2927 3155 2983 Et
3192 2931 3379 2998 prima:
3415 2929 3563 2998 qui-

1968 3023 2090 3077 dem
2120 3023 2433 3077 traditionis
2466 3038 2658 3076 causas
2686 3020 2917 3083 dedit“,
2960 3020 3101 3086 Quia
3130 3038 3244 3074 cum
3266 3023 3568 3089 cognovis-

1966 3125 2080 3167 sent
2113 3113 2302 3176 Deunt,
2323 3130 2426 3166 non
2455 3115 2586 3167 sicut
2611 3112 2770 3165 Deum
2796 3112 3286 3182 magni/icaverunt,
3318 3124 3410 3164 aut
3432 3129 3568 3182 gra-

1967 3208 2068 3259 tias
2098 3215 2352 3274 egerunt;
2383 3206 2471 3257 sed
2488 3213 2808 3257 evanuerunt
2829 3204 2878 3256 in
2908 3202 3307 3272 cogitationibus
3326 3203 3475 3263 suis,
3510 3213 3564 3253 et

1965 3297 2393 3352 contenebratum
2414 3306 2489 3350 est
2510 3297 2762 3358 insipiens
2782 3311 2875 3347 cor
2901 3310 3101 3350 eorum.
3123 3293 3360 3346 Dicente:
3397 3294 3565 3346 enim

1965 3407 2019 3443 se
2038 3407 2148 3443 esse
2164 3389 2608 3457 sapientes,stulti
2625 3388 2755 3456 facti
2775 3394 2918 3450 sunt,
2935 3400 2980 3438 et
2999 3388 3400 3438 immutaverunt
3424 3384 3560 3453 glo-

1968 3484 2105 3535 riam
2149 3482 2569 3550 incorruptibilis
2607 3481 2705 3535 Dei
2745 3481 2801 3533 in
2843 3480 3246 3533 similitudinem
3294 3478 3563 3545 imaginis

1973 3573 2333 3641 corruptibilis
2364 3574 2614 3636 hominis,
2641 3580 2690 3626 et
2716 3570 3009 3633 volucrum,
3047 3579 3096 3623 et
3119 3568 3558 3635 quadrupedum,

1967 3678 2013 3720 et
2043 3669 2381 3735 serpentium.
2415 3664 2726 3730 Propterea,
2762 3665 2957 3733 inquit,
3004 3663 3225 3715 tradidit
3265 3678 3351 3714 eos
3400 3660 3561 3716 Deus

1969 3759 2024 3811 in
2052 3758 2329 3810 desideriis
2364 3758 2538 3810 cordis
2562 3773 2744 3810 eorum
2781 3758 2834 3809 in
2864 3755 3290 3817 immunditiam,
3325 3763 3379 3805 ut
3418 3769 3562 3805 con-

1970 3849 2200 3902 tumeliis
2225 3851 2453 3919 aﬁiciant
2487 3866 2708 3919 corpora
2732 3867 2829 3903 sua
2851 3850 2908 3903 in
2938 3842 3248 3916 semetipsis.
3281 3844 3560 3899 Secunda:

1972 3941 2278 3996 traditionis
2316 3958 2539 3997 causam
2586 3943 2802 3996 videtur
2824 3942 3153 4011 prretnittere
3181 3955 3301 3993 cum
3329 3937 3559 4003 dicit",

1970 4038 2093 4105 quia
2126 4048 2571 4090 commutaverunt
2597 4035 2867 4090 veritatem
2905 4034 3001 4088 Dei
3030 4036 3083 4086 in
3116 4035 3472 4095 mendacium,
3505 4046 3556 4085 et

1970 4130 2263 4187 coluerunt.
2305 4139 2352 4182 et
2394 4131 2677 4182 servierunt
2708 4139 2965 4189 creatura:
3003 4128 3174 4195 potius
3198 4142 3354 4196 quam
3379 4124 3556 4179 Crea-

1972 4222 2094 4274 tori.
2128 4220 2432 4289 Propterea,
2460 4221 2559 4286 ait,
2606 4219 2823 4271 tradidit
2852 4218 2973 4271 illos
3007 4218 3142 4271 Deus
3192 4218 3248 4270 in
3278 4218 3554 4286 passiones

1971 4315 2295 4384 ignomiuiw.
2345 4314 2479 4379 Quae
2530 4324 2710 4366 tamen
2758 4313 2994 4366 secunda
3050 4311 3274 4365 traditio
3323 4311 3551 4378 gravio-

298 4394 440 4462 quod
469 4393 600 4447 dicit
645 4393 933 4465 Apostolus
959 4393 1047 4447 ":
1085 4392 1169 4446 An
1208 4394 1421 4447 nescitis
1475 4396 1605 4463 quia
1640 4413 1863 4462 corpora
1895 4396 1941 4454 Ι)
1968 4408 2117 4460 ribus
2172 4405 2383 4475 ﬂagitiis
2440 4405 2652 4457 videtur
2701 4405 2954 4457 obnoxia.
3018 4400 3228 4455 Etenim
3290 4401 3507 4469 femina:
3532 4441 3550 4461 ,

297 4495 467 4540 vestra
505 4489 734 4541 membra
766 4486 962 4540 Christi
1007 4488 1167 4542 sunt!
1198 4494 1256 4540 et
1299 4487 1494 4541 iterum
1522 4504 1535 4539 :
1576 4487 1718 4553 Quia
1748 4507 1866 4544 cor-

298 4594 393 4647 pus
416 4589 642 4632 vestrum
667 4579 915 4647 templum
944 4588 1017 4631 est
1046 4577 1275 4646 Spiritus
1301 4580 1471 4633 sancti
1495 4594 1514 4631 :
1542 4589 1598 4632 ut
1619 4582 1865 4635 membra

299 4670 524 4734 Christi,
547 4681 601 4725 et
629 4673 883 4741 templum
912 4672 1148 4741 Spiritus
1172 4672 1350 4725 sancti
1371 4711 1386 4735 ,
1417 4687 1646 4741 corpora
1679 4683 1861 4729 nostra

408 4783 452 4813 “
469 4783 626 4835 Rom.
648 4799 687 4843 ι,
718 4782 910 4837 21-24.
1001 4783 1044 4815 ⁸⁸
1077 4782 1094 4835 Ι
1121 4782 1248 4838 Cor.
1272 4798 1346 4848 Vt,
1384 4782 1573 4839 i549.

303 4870 341 4917 ι,
363 4854 425 4907 ’21
454 4867 571 4923 seq.
649 4854 694 4885 7°
722 4856 852 4908 ibid.
885 4854 955 4907 25
985 4870 1099 4923 seq.

375 4972 450 5042 (Ι)
484 4969 616 5042 Mss.
647 4972 865 5039 quidam
918 4980 971 5042 et
1004 4971 1276 5035 Rabanus,
1304 4980 1353 5025 et
1383 4970 1674 5025 concedunt
1722 4989 1859 5041 eam,

302 5042 379 5096 rel
434 5041 673 5122 tradunt,
720 5042 791 5093 al.
860 5041 1092 5106 trahunt,
1155 5052 1263 5097 etc.
1312 5042 1507 5096 Cteteri
1558 5057 1688 5098 mss.
1733 5046 1865 5100 editi

304 5121 450 5166 recte
470 5120 529 5164 ιιι
561 5120 611 5165 in
646 5121 817 5164 textu.

372 5180 566 5305 (221i?
595 5196 723 5235 mss.
743 5191 797 5235 et
822 5179 1099 5235 Rabanus.
1133 5181 1275 5237 Editi
1303 5195 1457 5249 vero,
1480 5181 1621 5237 alius
1649 5183 1866 5253 spiritus

372 5269 425 5304 Du
470 5268 523 5304 la
551 5268 630 5305 αδ.

301 5262 630 5305 repudiatus.

360 5271 742 5388 igitg‘iz‘mss.
767 5320 941 5375 nostri
970 5330 1023 5374 et
1056 5320 1330 5379 Rabanus.
1374 5324 1517 5379 Editi
1543 5339 1694 5386 vero,
1724 5341 1866 5388 prte-

301 5392 497 5458 posuit.
523 5392 628 5445 ista
657 5408 775 5445 cum
816 5391 1174 5458 indignatione
1225 5396 1447 5457 recedet,
1478 5406 1527 5449 et
1576 5391 1866 5449 membrum

303 5408 497 5458 posuit.
523 5408 628 5445 ista
657 5408 775 5445 cum
816 5408 904 5444 tua
967 5408 1174 5444 natione
1225 5408 1447 5457 recedet,
1478 5408 1527 5449 et
1576 5408 1860 5449 membrum

303 5462 519 5535 Christi,
545 5462 877 5535 etgtemplum
912 5408 1352 5535 gpiritus‘sancti
1380 5466 1696 5535 relinquens,
1744 5483 1860 5519 eam

302 5533 357 5604 in
393 5533 869 5604 desideriisgcordis
896 5538 976 5585 sui
1010 5532 1292 5601 permittet,
1325 5546 1405 5602 ut,
1437 5532 1687 5602 etc’.,nisi
1718 5535 1860 5604 quod
1934 5580 1939 5595 .

305 5600 549 5666 plerique
583 5602 835 5654 emittant
864 5612 934 5655 et.

376 5668 453 5739 (4)
491 5670 564 5721 ita
613 5671 744 5724 editi
797 5680 852 5726 et
906 5687 1034 5729 mss.
1076 5672 1301 5744 aliquot.
1338 5673 1434 5729 Ms.
1482 5690 1609 5733 vero
1660 5674 1858 5744 Regius

1648 4787 1694 4819 “
1722 4787 1878 4847 Joan.
1908 4811 2017 4860 xw,
2043 4795 2135 4849 ‘25.

1968 4494 2130 4566 475
2169 4496 2360 4563 inquit,
2400 4496 3005 4547 eorumimmutaverunt
3048 4492 3343 4545 naturalem
3370 4508 3548 4555 usum,

1967 4588 2024 4640 in
2088 4602 2205 4640 eum
2264 4602 2415 4639 usum
2472 4586 2564 4652 qui
2612 4597 2760 4640 extra
2812 4596 3059 4638 naturam
3112 4594 3211 4638 est.
3287 4583 3547 4638 Similiter

1969 4691 2015 4733 et
2050 4681 2295 4739 masculi,
2330 4678 2509 4732 relicto
2549 4677 2783 4731 naturali
2806 4694 2904 4730 usu
2931 4677 3163 4745 feminis,
3195 4676 3403 4728 accensi
3421 4685 3540 4729 sunt

2212 4793 2255 4825 ⁸⁷
2280 4793 2437 4849 Boni.
2475 4809 2512 4859 t,
2543 4792 2614 4847 26
2647 4810 2761 4861 seq.
2838 4792 2883 4823 ⁸⁸
2900 4792 3064 4845 Rom.
3090 4805 3150 4854 tt,
3175 4788 3228 4845 ί.
3304 4788 3351 4821 ⁶⁶
3381 4788 3537 4844 Rom.

1971 4994 2119 5031 num.
2153 4977 2293 5034 1659
2331 4989 2384 5032 et
2411 4976 2691 5043 Rabanus,
2718 4984 2988 5031 veritatem
3022 4976 3117 5029 Dei
3158 4975 3457 5039 mendacio,
3492 4984 3536 5028 et

1972 5050 2311 5103 introducens
2342 5050 2409 5101 ad
2443 5064 2497 5101 se
2526 5049 2844 5114 impietatem
2872 5055 2921 5099 et
2948 5046 3316 5115 inﬁdelitatem
3341 5046 3542 5115 (Raba-

1976 5134 2098 5182 nus,
2132 5118 2513 5185 infelicitatem)
2540 5119 2687 5180 colit,
2714 5128 2819 5170 etc.
2847 5117 2998 5171 Alter
3026 5132 3126 5171 tus.
3162 5118 3362 5185 Regius
3395 5132 3538 5169 nunt.

1978 5188 2135 5250 1641,
2179 5189 2447 5242 veritatem
2487 5187 2579 5241 Dei
2605 5190 2659 5239 in
2684 5187 2980 5248 mendacio,
3022 5195 3071 5239 et
3093 5187 3440 5240 introducens
3472 5187 3537 5239 ad

1974 5276 2030 5315 se
2062 5259 2346 5327 intpietatis
2376 5259 2592 5312 chorum
2624 5268 2673 5308 et
2703 5256 3054 5325 infelicitatis,
3086 5258 3231 5322 colit,
3254 5271 3364 5313 etc.

1973 5352 1981 5381 ς
2047 5324 2515 5400 (5)”Εᾱίιὶίβι,ηιε.
2552 5343 2692 5384 unus
2731 5330 2819 5380 hic
2841 5338 2896 5381 et
2923 5328 2980 5400 in
3003 5328 3357 5400 sequentibus
3383 5324 3538 5394 huius

1973 5397 2261 5455 contextus
2305 5397 2529 5468 Vulgata
2564 5407 2830 5463 utuntur;
2890 5399 2985 5452 sed
3023 5398 3206 5453 caeteri
3235 5415 3339 5453 tus.
3381 5407 3440 5452 ut
3485 5400 3534 5451 in

1977 5482 2143 5524 18M“.

2045 5538 2119 5610 (6)
2159 5539 2234 5597 lita
2273 5553 2470 5596 omnes
2517 5554 2645 5610 mss.
2678 5536 2963 5610 Rabanus,
3012 5549 3068 5591 et
3113 5539 3281 5595 editio
3314 5534 3533 5594 Veneta.

1974 5608 2168 5665 Cameri
2205 5625 2328 5664 vero
2352 5611 2508 5676 editi,
2539 5608 2637 5664 Ter
2658 5609 2975 5676 invenimus,
3006 5621 3115 5667 etc.
