3712 6138
132 236 249 290 869

1102 233 1460 292 COMMENT.
1502 231 1567 286 ΙΝ
1609 228 1828 287 EPIST.
1868 228 1957 283 AD
2000 227 2166 284 ROM.
2210 228 2339 283 LlB.
2381 230 2423 284 1.

3307 232 3411 289 8ῖο

138 352 192 405 ἠ
251 352 574 407 desiderium
615 353 697 406 sui
734 353 787 406 in
825 353 1066 413 invicem,
1108 352 1328 406 masculi
1374 354 1430 405 in
1465 351 1729 405 masculos
1761 352 1801 408 Α
1835 356 1941 403 tem
1969 346 2221 403 suliicere
2244 362 2308 404 ea
2333 361 2456 418 qua!
2489 346 2558 403 de
2584 346 2897 403 traditionis
2925 348 3109 418 specie
3135 364 3297 421 supra
3327 354 3413 408 di-

132 444 527 510 turpitudinem
559 456 856 513 operantes,
879 454 928 498 et
961 446 1271 509 mercedem,
1292 461 1450 505 quam
1476 445 1727 512 oportuit,

130 543 345 597 erroris
368 542 452 595 sui
487 540 545 595 in
574 541 868 609 semetipsis
900 542 1228 609 recipientes.
1280 541 1483 595 Tertize
1512 554 1729 609 quoque

136 634 467 689 traditionis
521 648 719 688 causas
750 634 973 689 videtur
1022 635 1152 688 dare
1199 649 1322 689 cum
1366 633 1498 690 dicit
1533 634 1576 665 τί
1614 631 1727 686 :Et

134 726 279 779 sicut
305 743 408 779 non
432 724 780 795 probaverunt
802 725 971 780 Deum
1003 726 1192 779 habere
1221 725 1278 780 in
1311 726 1582 790 notitiam,
1616 736 1729 779 tra-

131 817 282 872 didit
317 819 437 874 illos
482 819 622 873 Deus
660 823 717 874 in
748 821 1028 888 reprobum
1076 836 1310 883 sensum,
1339 828 1396 872 ut
1428 819 1631 888 faciunt
1665 836 1726 873 ea

133 925 261 977 qua:
294 927 397 963 non
429 911 763 976 conveniunt,
797 912 1018 977 repletos
1059 912 1201 964 omni
1231 911 1534 981 iniquitate,
1569 911 1728 964 ntali-

134 1002 240 1062 tia,
272 1002 599 1071 exterisque
631 1001 955 1061 sceleribus,
986 1016 1110 1070 qute
1157 1013 1557 1071 consequenter
1589 1019 1725 1057 enu-

137 1103 344 1145 merat.
402 1092 596 1146 Verum
661 1093 1042 1148 distinctiones
1098 1096 1217 1149 istae
1273 1112 1566 1150 causarum
1616 1113 1721 1150 non

136 1183 275 1235 mihi
323 1183 572 1237 videntur
600 1185 733 1237 satis
763 1200 1065 1254 congruere
1099 1187 1165 1241 ad
1199 1202 1287 1253 ca,
1322 1204 1440 1255 quae
1491 1188 1723 1257 singulis

134 1277 452 1346 quibusque
496 1279 735 1347 subjecta
791 1281 866 1348 (7)
928 1289 1092 1344 sunt,
1143 1281 1393 1335 crimina.
1442 1280 1724 1346 Quomodo

135 1369 288 1422 enim
325 1368 657 1438 turpioribus
701 1370 923 1441 ﬂagitiis
955 1373 1192 1426 traditur
1226 1374 1271 1428 is
1320 1374 1411 1444 qui
1458 1385 1723 1429 creatura:

138 1462 334 1527 secvit,
349 1464 520 1533 magis
536 1478 696 1532 quam
718 1464 804 1517 ille
817 1465 907 1533 qui
927 1464 1152 1535 gloriam
1175 1464 1606 1535 incorruptibilis
1627 1465 1720 1519 Dei

1831 448 1917 492 cta
1939 447 2088 504 sunt,
2116 439 2390 508 quomodo
2413 436 2555 493 Deus
2573 438 2785 492 tradere
2810 439 3010 493 dicitur
3035 456 3150 506 eos,
3175 457 3406 511 quorum

1832 540 1985 586 actus
2019 540 2074 585 et
2096 531 2337 585 animum
2384 545 2414 584 a
2455 544 2514 585 se
2545 530 2910 585 declinantem
2950 542 3007 587 et
3041 534 3407 604 indulgentem

1832 624 1977 679 vitiis
2008 624 2347 679 abhorrescit
2391 631 2445 676 et
2486 623 2713 686 deserit,
2745 630 2801 677 et
2820 628 3014 679 eadem
3043 637 3289 696 repetere
3318 644 3410 683 su-

1831 717 2093 788 perﬂuum
2124 726 2273 787 puto.
2308 714 2424 769 Duo
2459 725 2585 770 sunt
2617 731 2747 771 sane
2778 731 2898 785 qua:
2940 717 3132 783 inJioc
3168 731 3290 775 loco
3323 722 3409 775 in-

1832 813 2000 867 dicari
2055 826 2203 875 reor,
2236 824 2467 879 quorum
2496 811 2729 864 alterum
2762 812 3037 882 designari
3078 816 3291 870 videtur
3336 833 3402 872 ex

1831 904 2026 959 altero.
2080 902 2301 956 Certum
2354 916 2591 970 namque
2637 910 2761 965 est,
2799 905 2939 970 quod
2989 904 3035 959 si
3075 920 3403 975 quemquam

1832 995 2120 1051 tradiderit
2146 992 2259 1065 (10)
2292 991 2435 1047 Deus
2461 991 2542 1045 vel
2574 992 2626 1047 in
2659 994 2930 1050 desideria
2976 998 3156 1052 cordis
3190 1000 3292 1063 sui,
3320 998 3404 1055 vel

1829 1088 1884 1143 in
1913 1085 2192 1155 passiones
2240 1084 2569 1155 ignominiaa,
2612 1084 2695 1138 vel
2728 1085 2780 1138 in
2830 1087 3119 1154 reprobum
3150 1101 3396 1155 sensum,

1828 1179 2088 1234 continuo
2146 1187 2404 1246 tanquam
2455 1178 2506 1230 in
2565 1186 2710 1229 terra
2761 1178 2997 1247 pessima
3030 1187 3082 1232 et
3132 1183 3404 1248 reproha,

1827 1271 2006 1325 omnis
2042 1269 2131 1323 illa
2168 1270 2219 1323 in
2253 1284 2317 1322 eo
2354 1267 2442 1336 qui
2479 1268 2736 1330 traditur,
2770 1282 2927 1337 seges
2952 1271 3244 1325 criminum
3291 1288 3404 1327 sur-

1826 1373 1938 1434 gat.
1968 1362 2036 1417 Et
2080 1378 2296 1416 rursum
2321 1362 2363 1415 si
2394 1362 2540 1431 quis,
2582 1377 2703 1415 cum
2736 1362 3049 1432 cognoverit
3078 1363 3265 1428 Demn,
3299 1382 3403 1420 non

1825 1454 1962 1509 sicut
1989 1451 2155 1507 Deum
2186 1451 2514 1522 inagnilicet,
2536 1460 2627 1504 aut
2654 1453 2862 1521 gratias
2886 1462 3029 1522 agat,
3059 1454 3152 1508 sed
3176 1456 3247 1509 sit
3282 1456 3405 1513 talis

140 1554 193 1607 in
231 1553 647 1608 similitudinem
685 1554 939 1622 imaginis
964 1556 1334 1623 corruptibilis
1374 1557 1637 1620 hominis,
1665 1565 1721 1611 et
1752 1562 1794 1618 Β
1822 1545 2042 1615 qualem
2094 1559 2191 1614 Per
2216 1543 2428 1613 Singula
2477 1542 2811 1611 aposmliws
2849 1558 3028 1597 50”“0
3073 1545 3402 1615 descripsit.

139 1645 450 1712 volucrum,
480 1655 534 1714 et
559 1646 997 1715 quadrupedum,
1051 1656 1106 1702 et
1146 1648 1485 1718 serpentium
1536 1658 1716 1703 muta-

137 1736 263 1791 vit?
295 1738 407 1790 Aut
432 1736 703 1807 quomodo
727 1753 891 1806 Supra
920 1748 1214 1808 utrumque
1242 1740 1438 1794 horum
1473 1739 1620 1794 velut
1641 1739 1718 1811 (8)

137 1829 385 1883 examini
439 1830 651 1883 cuidam
695 1831 984 1884 traduntur
1036 1832 1299 1886 malorum
1357 1833 1412 1889 hi
1466 1835 1555 1903 qui
1613 1849 1718 1887 non

136 1921 512 1987 probaverunt
545 1921 712 1975 Demn
742 1921 947 1977 habere
993 1924 1047 1978 in
1080 1925 1374 1979 notitiam?
1411 1925 1566 1981 Unde
1601 1941 1720 1980 ma-

134 2013 220 2083 gis
252 2014 390 2067 mihi
425 2014 679 2071 videntur
705 2033 894 2073 omnes
935 2018 1016 2071 ha:
1054 2033 1255 2083 causa,
1295 2034 1418 2087 quae
1463 2020 1718 2075 traditio-

135 2104 299 2160 nibus
325 2106 557 2176 singulis
588 2109 977 2175 praeferuntur,
1017 2109 1069 2163 in
1107 2126 1270 2165 unum
1306 2115 1716 2176 coacervandze,

137 2208 192 2250 et
246 2214 440 2253 rursus
466 2202 841 2255 ‘traditionum
887 2203 1096 2272 species
1125 2203 1177 2256 in
1215 2220 1405 2272 unum,
1454 2217 1513 2261 ut
1543 2207 1714 2277 (verbi

136 2299 328 2357 causa)
357 2291 428 2342 ita
462 2288 706 2345 dicamus
742 2278 759 2345 έ
792 2290 1056 2358 Quoniam
1081 2294 1300 2363 quidem
1331 2295 1578 2352 homines
1600 2314 1719 2351 mu-

139 2390 396 2433 taverunt
427 2380 652 2449 gloriam
703 2381 1136 2451 incorruptibilis
1164 2384 1255 2438 Dei
1298 2386 1351 2439 in
1403 2387 1718 2441 similitudi-

136 2486 257 2525 nem
292 2471 553 2542 imaginis
601 2472 974 2542 corruptibilis
1005 2474 1264 2540 hominis,
1299 2485 1353 2531 et
1386 2476 1669 2531 volucrum
1695 2516 1713 2543 ,

138 2573 195 2616 et
242 2566 681 2634 quadrupedum,
714 2576 770 2620 et
820 2566 1153 2633 serpentium
1184 2584 1199 2632 ;
1235 2579 1289 2622 et
1317 2569 1444 2638 quia
1473 2585 1718 2626 commn-

138 2666 397 2711 tavcrunt
443 2658 731 2712 veritatem
774 2658 868 2712 Dei
920 2658 971 2711 in
1006 2660 1385 2725 mendacium,
1419 2671 1477 2716 et
1526 2663 1716 2718 colue—

136 2754 284 2817 runt,
327 2754 387 2799 et
409 2746 712 2800 servierunt
745 2757 1012 2801 creaturae
1041 2749 1219 2817 potius
1248 2767 1411 2820 quam
1442 2752 1711 2819 Creatori,

136 2851 233 2890 nec
264 2837 638 2903 probaverunt
689 2839 855 2892 Demn
902 2837 1108 2893 habere
1157 2839 1210 2894 in
1261 2843 1508 2896 notitiam
1543 2862 1556 2899 :
1590 2860 1713 2913 pro-

135 2937 253 2996 pter
278 2929 400 2982 haac
418 2929 598 2982 omnia
635 2929 859 2983 tradidit
891 2946 985 2986 eos
1017 2931 1158 2987 Deus
1190 2934 1241 2988 in
1266 2933 1552 2989 desideriis
1582 2909 1707 2991 cor-
1738 2909 1774 2966 ί

135 3018 217 3072 dis
237 3034 431 3073 eorum
468 3020 521 3073 in
547 3021 973 3089 immunditiam,
1007 3034 1066 3078 ut
1104 3027 1448 3082 contumeliis
1468 3022 1708 3083 alliciant

133 3126 365 3180 corpora
399 3128 531 3177 sua;
582 3123 634 3166 et
667 3114 894 3167 tradidit
922 3128 1017 3169 eos
1051 3116 1104 3169 in
1152 3119 1436 3186 passiones
1469 3120 1704 3190 ignomi-

133 3207 255 3267 niae,
280 3215 343 3257 ut
368 3202 585 3259 femina:
606 3219 793 3259 eorum
818 3205 1170 3264 immutarem
1191 3212 1494 3265 naturalem
1525 3229 1703 3277 usum,

138 3295 188 3348 in
215 3312 337 3350 eum
369 3297 463 3366 qui
500 3305 653 3351 extra
693 3312 945 3355 naturam
974 3312 1083 3357 est.
1116 3302 1382 3358 Similiter
1406 3319 1621 3374 quoque
1652 3315 1706 3360 et

137 3388 352 3441 masculi
382 3388 484 3459 (9),
511 3390 702 3444 relicto
727 3393 962 3447 naturali
1000 3410 1099 3449 usu
1145 3395 1382 3460 feminae,
1411 3398 1708 3451 accenden-

136 3490 220 3533 tur
250 3480 303 3533 in
335 3480 665 3536 desiderium
704 3484 789 3538 sui
839 3484 1095 3551 invicem,
1136 3490 1367 3543 masculi
1403 3490 1456 3543 in
1492 3505 1705 3543 mascu-

138 3569 214 3624 lns
263 3574 652 3642 turpitudinem
703 3586 1015 3645 operantes.
1068 3582 1174 3636 Sed
1225 3593 1274 3638 et
1335 3584 1559 3639 tradidit
1608 3598 1702 3639 eos

135 3660 272 3719 Deus
305 3667 359 3720 in
396 3670 687 3738 reprobum
719 3689 959 3741 sensum,
995 3686 1055 3731 ut
1100 3675 1299 3732 faciant
1333 3694 1395 3733 ea
1441 3695 1563 3748 qua:
1593 3696 1699 3735 non

135 3758 481 3823 conveniunt,
508 3763 636 3831 quia
666 3775 824 3818 erant
848 3767 1041 3836 repleti
1072 3769 1218 3822 omni
1256 3769 1563 3837 iniquitate,
1587 3785 1701 3823 ma-

133 3844 269 3912 litia,
294 3853 646 3922 nequitiaque
677 3865 732 3910 et
765 3858 1016 3923 avaritia,
1053 3859 1310 3929 plenique
1347 3871 1506 3915 erant
1555 3863 1699 3917 invi-

135 3939 237 4003 dia,
266 3940 601 4010 lumicidiis,
648 3948 1023 4015 contentione,
1052 3951 1200 4016 dolo,
1231 3960 1288 4006 et
1316 3954 1552 4018 caeteris,
1576 3970 1698 4025 quae

133 4031 328 4101 scripta
386 4044 548 4101 sunt,
603 4038 758 4092 malis
806 4056 819 4091 :
866 4043 1069 4110 quique
1115 4056 1237 4096 cum
1308 4046 1697 4110 cognovissent

128 4120 388 4188 justitiam
428 4124 542 4192 Dei,
577 4143 681 4182 non
722 4131 1105 4186 intellexerunt
1138 4134 1281 4188 hanc
1327 4150 1469 4200 esse,
1509 4147 1569 4190 ut
1598 4138 1693 4207 qui

135 4213 254 4268 talia
286 4229 449 4280 agttnt
476 4219 620 4288 digni
652 4221 765 4274 sint
791 4233 985 4290 morte,
1018 4238 1123 4278 non
1154 4224 1327 4279 solum
1358 4228 1449 4294 qui
1482 4229 1693 4284 faciunt

132 4302 238 4372 illa,
277 4314 371 4361 sed
404 4319 453 4364 et
484 4312 575 4380 qui
608 4317 952 4369 consentiunt
982 4316 1331 4373 facientibus.
1358 4320 1424 4374 Et
1453 4321 1577 4376 ideo
1595 4339 1694 4391 pro

132 4394 213 4451 his
238 4400 489 4455 omnibus
522 4403 677 4457 malis
722 4405 1123 4462 inexeusabiles
1155 4420 1319 4463 erunt
1349 4452 1364 4477 ,
1395 4412 1520 4464 dum
1556 4413 1694 4468 alios

133 4486 181 4540 in
220 4491 301 4544 his
328 4531 344 4553 ,
375 4507 493 4560 qua:
525 4494 622 4560 ipsi
654 4506 862 4564 agunt,
895 4497 1193 4553 sceleribus
1234 4507 1291 4553 et
1316 4499 1587 4568 iudicant,
1637 4510 1694 4556 et

132 4582 505 4640 coiidemuant.
540 4584 613 4640 De
651 4601 709 4639 se
749 4588 897 4641 enim
933 4590 1249 4657 pronuntiat
1295 4592 1440 4660 quis.
1467 4608 1589 4646 cum
1625 4594 1692 4648 de

133 4671 211 4725 his
239 4690 356 4742 qua:
386 4677 501 4744 ipse
526 4678 842 4743 committit,
877 4678 1042 4733 alium
1072 4680 1245 4750 punit.
1288 4680 1544 4735 Arbitror
1578 4697 1683 4735 au-

194 4792 237 4825 "
267 4791 423 4846 Rom.
451 4810 490 4857 ι,
520 4793 615 4857 28,
650 4808 765 4863 seq.

196 4884 269 4956 (7)
301 4888 568 4956 Subjecta.
612 4888 772 4951 Editi,
808 4887 1037 4956 objecta.

196 4954 267 5023 (8i
298 4954 463 5015 Velut.
494 4958 657 5023 Editi,
688 4959 786 5012 vel.

194 5020 266 5097 (9)
291 5027 424 5097 Eiliti
458 5038 512 5081 et
548 5020 675 5081 mss.
714 5028 983 5095 plerique,
1012 5024 1262 5082 similiter
1292 5036 1462 5081 autem
1492 5038 1540 5082 et
1568 5046 1681 5083 ma-

129 5094 272 5148 sculi.
308 5094 410 5150 Sed
455 5112 502 5151 et
531 5098 758 5149 tradidit
804 5094 923 5151 illos
968 5097 1145 5159 Deus,
1179 5107 1309 5154 etc..
1351 5100 1566 5152 omissis
1597 5100 1682 5152 in-

134 5167 417 5288 :«ijqugediis,
449 5182 568 5236 quae
617 5168 981 5222 restituuntur
1029 5183 1095 5222 ex
1149 5181 1252 5221 ms.
1295 5165 1488 5236 Regio,
1527 5185 1677 5224 num.

196 5263 225 5286 υ
268 5276 277 5287 .

164 5240 277 5287 1559.

196 5304 298 5374 (10)
329 5304 400 5359 Ita
440 5322 544 5361 ms.
574 5305 772 5374 Regius
801 5322 950 5362 num.
983 5305 1141 5360 1659.
1166 5305 1359 5361 Czeteri
1392 5323 1516 5362 vero
1543 5324 1676 5362 mss.

136 5349 329 5447 nostri,
361 5386 413 5429 et
445 5377 611 5447 editio
646 5349 846 5429 {insueta
880 5374 1163 5447 Theophili
1192 5376 1504 5447 Salodiani,
1533 5379 1677 5447 quod

132 5443 174 5492 si
209 5445 408 5517 quidem
449 5446 749 5517 tradiderit,
782 5457 890 5499 etc.
922 5446 1030 5499 Alii
1073 5446 1225 5517 editi,
1275 5450 1415 5516 quod
1452 5448 1497 5501 si
1525 5443 1677 5517 quem

133 5514 415 5585 tradiderit,
445 5525 551 5571 etc.
584 5516 749 5570 Paulo
794 5525 915 5582 post
946 5531 1050 5569 ms.
1087 5514 1296 5585 Regius
1325 5534 1473 5572 num.
1510 5514 1671 5581 1641,

133 5583 288 5634 omnis
326 5585 462 5638 mala
498 5586 552 5636 in
584 5602 735 5637 eo....
779 5601 922 5653 seges
960 5583 1257 5649 criminum,
1291 5597 1395 5643 etc.
1432 5588 1535 5643 Sed
1569 5602 1673 5642 ca:-

135 5653 226 5702 teri
249 5669 377 5711 mss.
412 5666 466 5709 et
491 5656 619 5709 editi
649 5666 701 5707 ut
728 5657 781 5709 in
816 5663 978 5708 textu.

1823 1635 2045 1690 dubium
2099 1650 2207 1688 non
2252 1644 2337 1688 est
2385 1630 2760 1702 hujuscemodi
2797 1634 3032 1688 animam
3089 1636 3402 1691 derelictam

1821 1741 1942 1781 esse
1972 1742 2001 1780 a
2032 1724 2164 1786 Deo,
2195 1733 2252 1778 et
2277 1724 2559 1779 traditam.
2586 1723 2778 1794 Neque
2817 1727 2967 1778 enim
3014 1727 3270 1794 possibile
3318 1735 3406 1784 est

1821 1835 1944 1873 cum
1973 1819 2056 1874 his
2089 1818 2245 1873 malis
2280 1819 2655 1873 habitaCnlum
2698 1834 2822 1873 esse
2849 1817 2980 1882 Deo,
3011 1829 3104 1873 aut
3140 1821 3252 1875 hinc
3279 1836 3398 1877 ma-

1820 1911 1869 1964 la
1896 1912 2021 1964 inde
2047 1913 2341 1981 procedere
2374 1911 2462 1965 ubi
2499 1912 2711 1965 habitat
2739 1910 2901 1967 Deus.
2935 1913 3136 1969 Verum
3181 1922 3307 1986 quia
3343 1920 3399 1972 in

1821 2004 1907 2058 his
1937 2004 2109 2058 tribus
2142 2004 2426 2058 universas
2450 2005 2751 2074 impietatis
2798 2008 3009 2074 species
3047 2024 3402 2067 enumerasse

1822 2097 2041 2151 videtur
2066 2097 2385 2167 Apostolus,
2426 2098 2508 2151 vel
2534 2114 2724 2151 eorum
2768 2099 2862 2167 qui
2904 2100 3043 2155 idola
3077 2104 3287 2165 colunt,
3318 2107 3400 2161 vel

1820 2205 2005 2244 eorum
2040 2190 2132 2258 qui
2164 2199 2431 2245 creaturae
2477 2192 2792 2246 deserviunt
2834 2195 3015 2263 potius
3039 2211 3201 2265 quam
3227 2197 3397 2251 Crea-

1821 2282 1947 2347 tori,
1985 2283 2080 2337 sed
2114 2292 2168 2336 et
2193 2296 2382 2337 eorum
2411 2283 2502 2350 qui
2533 2298 2638 2337 non
2690 2284 3064 2353 probaverunt
3096 2284 3262 2341 Deum
3304 2287 3400 2342 ha-

1819 2377 1947 2430 bere
1990 2376 2045 2429 in
2096 2375 2346 2436 notitiam
2383 2392 2398 2429 :
2433 2375 2487 2428 in
2520 2389 2749 2442 quorum
2784 2376 2962 2446 primo
2997 2378 3153 2432 titulo
3194 2380 3399 2448 promi-

1817 2482 1948 2523 scue
1986 2468 2205 2536 pagani,
2242 2467 2295 2520 in
2344 2466 2454 2521 alio
2496 2467 2773 2536 sapientes
2794 2484 2983 2523 eorum
3008 2481 3061 2524 et
3087 2470 3396 2539 philosophi

1818 2561 2179 2629 designantur
2217 2576 2230 2613 :
2266 2568 2397 2629 puto
2445 2560 2588 2627 quod
2639 2561 2691 2613 in
2742 2561 2845 2614 hoc
2880 2561 3039 2615 tertio
3088 2562 3398 2617 iudicentur

1816 2654 2058 2709 hmretici
2088 2652 2172 2709 vel
2218 2661 2520 2707 creatorem
2555 2650 2725 2706 Deum
2774 2663 3054 2723 negantes,
3099 2654 3179 2706 vel
3212 2655 3397 2710 diver—

1818 2762 1908 2800 sas
1939 2745 2304 2814 hlasphemias
2333 2743 2387 2797 in
2434 2743 2722 2799 Excelsum
2771 2745 3075 2814 loquentes.
3132 2746 3303 2815 Igitur
3343 2749 3390 2803 si

1816 2837 2017 2906 singuli
2048 2836 2163 2907 (ll)
2199 2838 2403 2905 quique
2440 2835 2659 2896 horum,
2683 2850 2820 2904 quos
2863 2852 3030 2904 supra
3073 2838 3312 2893 diximus
3336 2840 3391 2893 in

1815 2929 1967 2985 cultu
1993 2930 2299 2984 divinitatis
2333 2943 2542 2992 errare,
2565 2928 2763 2983 talibus
2791 2930 3055 2983 malorum
3093 2931 3265 2986 titulis
3292 2933 3390 2986 de-

1815 3027 2122 3094 signantur,
2173 3037 2271 3076 nos
2306 3023 2396 3091 qui
2432 3023 2682 3077 videmur
2715 3023 2766 3075 in
2814 3021 3054 3077 Ecclesia
3091 3037 3213 3078 esse
3252 3024 3391 3095 (12).

1814 3122 1870 3168 et
1921 3112 2081 3167 tidem
2139 3121 2345 3166 rectam
2405 3119 2634 3175 tenere,
2686 3110 3094 3164 consideremus
3153 3118 3392 3165 nosmet-

1816 3205 1983 3274 ipsos,
2016 3209 2071 3258 et
2101 3203 2252 3257 omni
2288 3201 2784 3272 circumspectione
2811 3216 3106 3269 pensemus
3152 3218 3219 3255 nc
3250 3202 3391 3256 forte

1813 3298 1930 3353 solo
1956 3299 2025 3351 ah
2060 3298 2147 3352 his
2177 3297 2293 3351 veri
2339 3297 2517 3353 cultus
2550 3296 2772 3349 nomine
2799 3296 3074 3364 separati,
3116 3296 3280 3351 rebus
3306 3300 3390 3351 eis

1813 3401 1978 3459 atque
2012 3389 2224 3443 actibus
2258 3389 2552 3443 sociemur.
2581 3385 2805 3441 Certum
2840 3397 2924 3440 est
2951 3387 3095 3442 enim
3138 3388 3260 3456 quia
3287 3390 3388 3457 qui

1812 3482 2190 3553 (verhicausa)
2219 3478 2457 3549 repletus
2485 3488 2569 3533 est
2594 3479 2901 3546 iniquitate,
2933 3478 3162 3544 malitia,
3194 3480 3387 3549 nequi-

1813 3576 1909 3640 tia,
1964 3574 2220 3638 avaritia,
2273 3588 2379 3626 non
2414 3571 2667 3640 probavit
2697 3571 2808 3641 (1⁸5)
2868 3571 3031 3625 Deum
3080 3572 3286 3626 habere
3330 3572 3383 3626 in

1809 3665 2082 3729 notitiam,
2129 3673 2184 3717 et
2232 3673 2319 3717 est
2368 3664 2435 3716 de
2482 3676 2707 3716 numero
2748 3677 2935 3715 eorum
2977 3676 3114 3729 quos
3162 3662 3385 3716 tradidit

1808 3756 1952 3811 Deus
1980 3757 2034 3810 in
2086 3756 2379 3824 reprobum
2432 3768 2675 3809 sensum.
2712 3754 2773 3807 Et
2807 3754 3002 3807 iterum
3033 3767 3265 3823 quorum
3306 3753 3382 3805 le-

1805 3850 1987 3914 minae,
2038 3849 2119 3903 vel
2150 3847 2393 3909 masculi,
2434 3846 2621 3901 relicto
2648 3845 2880 3900 naturali
2917 3860 3039 3909 usu,
3076 3845 3383 3898 accendun-

1808 3950 1895 3995 tur
1917 3941 1970 3994 in
2002 3955 2124 3994 eum
2148 3954 2302 3992 usum
2325 3938 2417 4006 qui
2446 3948 2630 3991 contra
2658 3945 2908 3990 naturam
2933 3943 3035 3999 est,
3061 3944 3269 3987 certum
3298 3944 3383 3987 est

1804 4031 1929 4101 quia
1961 4046 2030 4086 ex
2061 4031 2275 4085 illorum
2304 4044 2531 4083 numero
2554 4028 2796 4096 suntqui
2828 4028 3077 4081 serviunt
3109 4036 3378 4081 creatura:

1802 4124 1983 4194 potius
2015 4138 2178 4194 quam
2210 4123 2481 4186 Creatori,
2504 4131 2559 4176 et
2590 4136 2724 4189 quos
2761 4120 2981 4174 tradidit
3002 4119 3145 4173 Deus
3174 4118 3227 4171 in
3252 4132 3381 4186 pas-

1803 4218 1980 4272 siones
2007 4216 2332 4285 ignominiae.
2374 4213 2481 4269 Sed
2508 4224 2561 4269 et
2594 4215 2638 4270 si
2671 4213 2760 4284 qui
2792 4213 2845 4267 in
2877 4211 3216 4265 immunditia
3245 4224 3380 4266 con-

1804 4310 2042 4364 tumeliis
2078 4307 2317 4362 alliciant
2360 4321 2590 4376 corpora
2638 4321 2772 4369 sua,
2825 4319 2889 4359 ex
2945 4303 3049 4358 illis
3101 4312 3227 4357 sunt
3274 4303 3369 4370 qui

1800 4412 2269 4460 comnmtaverunt
2295 4402 2518 4470 gloriam
2544 4396 2973 4468 incorruptibilis
3010 4395 3103 4449 Dei
3142 4395 3193 4448 in
3226 4395 3378 4449 simi-

1800 4498 2081 4552 litudinem
2129 4496 2383 4566 imaginis
2428 4495 2706 4558 hominis;
2768 4492 2869 4545 nisi
2911 4491 3056 4559 quod
3091 4488 3204 4560 (14)
3249 4505 3379 4555 gra-

1798 4589 1951 4643 viore
1979 4586 2267 4655 sacrilegio
2301 4586 2347 4639 is
2373 4585 2594 4654 quijam
2629 4582 2802 4637 ﬁdelis
2828 4594 2932 4646 est,
2965 4580 3222 4651 templum
3253 4579 3372 4644 Dei,

1796 4698 1958 4755 quam
2004 4681 2264 4754 profanus
2294 4680 2469 4734 adhuc
2504 4678 2763 4749 templum
2814 4676 3154 4732 contaminat
3202 4676 3377 4730 idolo-

1888 4955 1973 5027 12)
2012 4958 2172 5023 Editi,
2206 4958 2261 5011 iu
2291 4955 2528 5011 Ecclesia
2578 4958 2736 5025 fidem
2783 4970 2977 5012 rectam
3027 4969 3221 5027 tenere,
3252 4972 3365 5020 etc,

1884 5028 1970 5102 15)
2004 5028 2099 5102 Sic
2126 5044 2258 5082 mss.
2288 5038 2343 5082 et
2371 5028 2644 5102 Rabanns.
2679 5028 2821 5082 Editi
2847 5044 2994 5096 vero,
3026 5031 3348 5102 quia'(verbi

1784 5098 1965 5166 causa)
1990 5098 2304 5166 repletus....
2326 5116 2428 5152 non
2457 5098 2736 5166 probatur.
2759 5109 2869 5154 etc.

1861 5168 1977 5242 (14)
2006 5170 2082 5242 lla
2108 5184 2210 5242 ms.
2246 5168 2449 5242 Regius
2475 5184 2624 5242 num.
2673 5168 2839 5242 1639.
2865 5168 3128 5242 Similiter
3157 5182 3212 5227 et
3244 5174 3361 5228 Ra-

1787 5238 1984 5303 bahus,
2021 5240 2120 5311 nisi
2151 5238 2298 5308 quod
2329 5238 2570 5302 omittat,
2598 5239 2651 5291 in
2682 5240 3079 5311 similitudinem
3102 5242 3360 5311 imaginis

1786 5312 2036 5364 hominis.
2081 5309 2274 5365 Cmteri
2334 5324 2464 5362 vero
2500 5323 2631 5379 mss.
2669 5319 2722 5361 et
2748 5309 2873 5362 editi
2899 5350 2915 5374 ,
2962 5313 3055 5363 sed
3093 5321 3143 5363 et
3191 5309 3235 5366 si
3270 5316 3363 5379 qui

1783 5380 2120 5434 immunditia
2164 5395 2212 5432 et
2257 5378 2587 5432 contumeliis
2634 5379 2866 5448 afﬁciant
2915 5388 3041 5443 (ms.
3073 5396 3211 5435 unus
3257 5378 3358 5435 lie-

1783 5450 1926 5520 gius,
1962 5452 2051 5503 sed
2085 5460 2131 5500 et
2160 5452 2345 5517 qui....
2375 5448 2639 5520 afﬁciunt)
2678 5464 2898 5505 corpora
2953 5465 3049 5500 sua
3080 5490 3093 5509 ,
3144 5467 3207 5503 ex
3247 5454 3362 5508 illis

1781 5516 1899 5573 sunt
1921 5520 2069 5590 (editi
2097 5516 2352 5590 omittunt
2378 5516 2523 5590 sunt)
2554 5519 2643 5587 qui
2664 5520 3359 5589 commtttaverunlgloriam

1784 5587 2199 5657 incorruptibilis
2240 5589 2364 5651 Dei;
2400 5589 2502 5640 nisi
2534 5590 2678 5657 quin,
2747 5608 2816 5639 ει.

1885 4886 1972 4959 11)
1999 4887 2141 4942 Editi
2165 4896 2220 4941 et
2252 4901 2350 4940 ms.
2384 4902 2548 4949 unus.
2582 4884 2762 4953 Igitur
2782 4889 2999 4955 singuli.

1888 4959 1952 5012 i2
2012 4958 2172 5023 Etliti,
2206 4958 2261 5011 iu
2291 4955 2528 5011 Ecclesia
2578 4958 2736 5025 ﬁdem
2783 4970 2977 5012 rectam

1858 4887 1973 5103 in;
2004 5028 2099 5103 Sic
2126 5044 2258 5082 mss.
2288 5038 2343 5082 et
2371 5028 2644 5103 Rabanns.
2679 5028 2821 5082 Editi
2847 5044 2994 5096 vero,
