3712 6138
328 151 427 209 871

1816 147 2138 214 ORIGENIS

3480 166 3574 224 87'!

327 287 469 327 rttnt.
499 270 613 326 Non
637 269 805 344 476
834 283 920 329 est
952 288 1084 331 sane
1123 281 1530 347 praetereundus
1563 296 1628 335 ne
1665 280 1767 336 iste
1794 282 1908 351 qui-
1935 287 1979 343 Α
2013 281 2250 350 imagine
2284 277 2376 333 Dei
2424 290 2632 347 errant,
2662 279 2883 336 audiant
2910 297 3070 349 quem
3113 283 3266 337 dicat
3292 297 3421 338 esse
3445 287 3578 355 Apo-

327 364 447 415 dum
468 364 801 434 apostolicus
827 380 1026 433 sermo,
1052 367 1102 421 in
1138 386 1246 439 quo
1265 371 1449 424 dicens
1477 369 1611 443 (l5),
1646 374 1900 441 quoniam

326 467 774 510 commutaverunt
833 459 1057 529 gloriam
1116 463 1530 531 incorruptibilis
1579 465 1675 518 Dei
1723 467 1780 519 in
1824 468 1901 520 si-

323 547 675 600 militudinem
720 550 969 618 imaginis
1020 552 1266 619 hominis,
1314 573 1416 610 non
1465 557 1638 610 solum
1679 573 1776 613 eos
1810 558 1901 629 qui

326 637 467 689 idola
521 639 706 693 colunt
758 656 1033 710 arguere,
1087 646 1181 698 sed
1227 656 1280 700 et
1314 646 1903 719 Anthropomorphitas

322 727 710 796 intelligendus
769 745 855 786 est
905 735 1187 790 confutare
1229 737 1384 809 (16),
1426 741 1516 808 qui
1560 740 1612 793 in
1660 740 1900 795 Ecclesia

322 819 484 886 positi
513 821 803 889 imaginem
839 839 1157 895 corpoream
1188 828 1448 893 hominis,
1478 830 1569 883 Dei
1602 847 1723 886 esse
1759 833 1901 887 ima-

323 907 501 975 ginem
530 911 741 975 dicunt,
770 914 1087 983 ignorantes
1123 917 1253 971 illttd
1288 922 1430 988 quod
1462 922 1512 975 itt
1541 921 1736 977 Genesi
1766 924 1903 978 scri-

322 1010 473 1065 ptum
509 1014 614 1063 est,
647 1006 712 1057 ad
751 1006 1042 1078 imaginem
1078 1008 1171 1064 Dei
1198 1011 1400 1067 factum
1424 1029 1544 1069 esse
1577 1016 1850 1070 hominem
1883 1035 1897 1071 :

323 1091 524 1159 dequo
554 1097 773 1149 homine
812 1101 940 1168 quid
994 1103 1338 1158 sentiendum
1383 1107 1475 1169 sit,
1527 1108 1595 1159 ab
1643 1108 1902 1177 Apostolo

323 1181 713 1251 interpretatur
757 1202 878 1241 cum
929 1189 1061 1243 dicit
1107 1191 1267 1261 (1'7):
1310 1193 1634 1263 Deponentes
1682 1207 1900 1251 veterem

321 1272 583 1329 hominem
624 1294 740 1331 cum
771 1281 976 1335 actibus
1020 1285 1129 1338 suis
1159 1285 1224 1347 7',
1268 1296 1317 1338 et
1365 1288 1638 1342 induentes
1669 1305 1857 1343 novum
1882 1329 1898 1356 ,

320 1365 413 1434 qui
449 1369 737 1421 secundum
779 1371 942 1424 Deum
986 1386 1195 1428 creatus
1220 1386 1295 1429 est
1326 1377 1392 1430 ⁷³.
1424 1378 1592 1433 Audis
1624 1379 1752 1446 quia
1801 1394 1902 1434 n0-

322 1472 445 1509 vnm
506 1458 779 1513 hominem
829 1463 991 1524 dicit.
1022 1466 1321 1521 secundum
1385 1468 1551 1522 Deum
1602 1453 1902 1525 creatum?

324 1544 479 1601 Hunc
508 1559 686 1602 autem
716 1552 966 1606 emndem
1012 1569 1209 1609 novum
1250 1557 1547 1623 hominem,
1575 1558 1702 1613 alibi
1738 1558 1785 1591 ⁷¹ι
1810 1561 1898 1613 in-

320 1636 562 1689 teriorem
589 1639 852 1693 hominem
894 1652 1049 1695 vocat
1076 1661 1088 1696 :
1123 1645 1532 1715 corruptibilem
1561 1660 1694 1701 vero
1726 1647 1896 1713 hunc,

322 1727 585 1794 cujushic
636 1729 924 1799 imaginem
980 1735 1223 1803 respuit,
1276 1737 1602 1790 exteriorem
1635 1739 1899 1807 nominat,

321 1834 443 1871 cum
484 1820 656 1875 dicit:
698 1821 838 1876 Nam
875 1834 924 1877 et
967 1828 1011 1879 si
1060 1828 1107 1880 is
1145 1828 1235 1898 qui
1262 1827 1395 1896 foris
1431 1839 1505 1881 est
1536 1831 1690 1882 homo
1718 1841 1899 1884 noster

319 1924 707 1983 corrumpatur,
749 1916 843 1969 sed
879 1919 968 1984 qui
1015 1918 1158 1973 intus
1197 1930 1272 1973 est
1306 1932 1588 1975 renovatur
1623 1922 1690 1978 ’⁸.
1736 1923 1800 1976 Ει
1842 1933 1898 1979 ut

316 2004 528 2072 planius
577 2006 757 2061 adhuc
806 2008 925 2075 ejus
956 2011 1284 2066 sententiam
1334 2014 1511 2068 sciant
1560 2014 1652 2069 isti
1703 2017 1792 2085 qui
1827 2019 1897 2071 de

2006 373 2178 426 stolus
2226 373 2497 428 hominem
2532 376 2623 445 qui
2658 377 2725 429 ad
2775 378 3066 445 imaginem
3101 376 3195 431 Dei
3226 390 3452 432 creatus
3481 393 3576 444 est,

2005 481 2128 520 cum
2160 465 2226 519 ad
2256 462 2611 521 Colossenses
2641 470 2743 522 hoc
2774 468 2933 525 modo
2965 469 3157 522 scribit
3191 488 3205 523 :
3252 467 3439 523 Nolite
3454 487 3579 525 meno

2003 559 2133 621 tiri,
2188 557 2403 627 inquit,
2437 557 2720 624 spoliantes
2762 576 2848 613 vos
2882 570 3102 613 veterem
3155 561 3429 614 hominem
3473 578 3579 616 cunt

2003 650 2212 703 actibus
2259 650 2391 711 suis,
2428 658 2476 702 et
2515 649 2790 703 induentes
2828 668 3050 715 novum,
3079 653 3171 719 qui
3210 662 3503 708 renovatur
3530 655 3579 710 itt

2004 743 2267 811 agnitione
2312 740 2428 810 (18)
2485 741 2769 794 secundum
2804 744 3084 813 imaginem
3142 746 3262 813 ejus
3314 746 3413 814 qui
3446 761 3581 799 erea-

2006 833 2076 886 vit
2097 849 2214 885 eum
2237 833 2304 885 ".
2330 832 2405 886 Ex
2435 834 2632 901 quibus
2660 835 2942 889 evidenter
2966 836 3227 902 ostendit,
3262 840 3415 906 quod
3446 822 3576 892 inte:

2006 925 2120 977 rior
2148 925 2331 987 homo,
2374 925 2464 993 qui
2501 940 2598 993 per
2632 927 2965 995 agnitionem
3005 940 3330 994 renovatur,
3372 931 3490 999 ipse
3519 933 3580 984 ad

2006 1014 2299 1082 imaginem
2356 1015 2448 1070 Dei
2495 1028 2714 1071 creatus
2747 1029 2850 1074 est.
2892 1019 2997 1086 Qui
3023 1029 3204 1095 autem
3253 1022 3579 1075 exteriorem

2006 1107 2279 1161 hominem
2308 1147 2324 1169 ,
2374 1108 2426 1162 id
2458 1120 2540 1162 est
2570 1125 2892 1180 corporeum
2929 1125 2986 1166 et
3018 1114 3471 1182 corrttptihilcm,
3521 1119 3581 1169 ad

2005 1198 2293 1268 imaginem
2329 1199 2424 1253 Dei
2457 1216 2579 1255 esse
2601 1202 2809 1267 dicunt,
2847 1221 2968 1257 cum
2997 1205 3080 1260 his
3110 1206 3179 1259 ab
3209 1207 3477 1275 Apostolo
3501 1222 3581 1262 so-

2002 1294 2236 1356 ciantur,
2265 1294 2358 1360 qui
2389 1304 2857 1349 commutaverunt
2882 1298 3114 1361 gloriam
3149 1299 3586 1368 incorruptibilis

2001 1381 2096 1437 Dei
2131 1384 2184 1438 in
2218 1384 2630 1439 similitudinem
2686 1388 2959 1458 imaginis.
2989 1392 3373 1461 corruptibilis
3417 1394 3586 1447 homi-

2001 1472 2107 1526 nis.
2140 1473 2338 1528 Vernm
2369 1477 2609 1543 oportuit
2637 1492 2703 1530 ne
2720 1477 2836 1531 lucc
2856 1480 3084 1546 quidem
3110 1482 3164 1535 in
3194 1485 3586 1553 explanatimte

2000 1564 2279 1632 apostolici
2322 1567 2595 1622 sermonis
2637 1569 2841 1636 omitti,
2894 1580 2955 1626 ttt
2998 1581 3053 1626 et
3101 1574 3153 1627 itt
3208 1574 3315 1630 hoc
3344 1579 3587 1645 capitulo

1930 1663 1972 1688 υ
2003 1654 2244 1723 Apostoli
2299 1658 2442 1712 sicut
2486 1669 2541 1713 et
2587 1660 2638 1713 itt
2687 1663 2896 1717 caeteris
2944 1663 3231 1733 plurimis,r
3267 1668 3584 1737 Anthropo-

2003 1745 2311 1814 morphitae,
2350 1748 2402 1802 id
2436 1758 2522 1803 est
2560 1751 2653 1819 qui
2686 1767 3001 1821 corpoream
3026 1754 3139 1829 (19)
3183 1758 3430 1813 hominis
3463 1761 3588 1814 ima-

1998 1836 2225 1905 ginem,
2282 1838 2376 1894 Dei
2429 1856 2548 1896 esse
2588 1845 2880 1913 imaginem
2938 1848 3146 1913 dicunt,
3190 1852 3487 1906 convictos
3530 1869 3586 1907 se

1996 1937 2051 1979 et
2092 1928 2400 1985 cculntatos
2439 1947 2559 1987 esse
2593 1949 3005 2004 cognoscerent.
3052 1939 3158 1994 Sed
3216 1956 3317 1995 nos
3366 1940 3486 2010 jam
3536 1944 3583 2001 in

1996 2019 2082 2074 his
2140 2024 2526 2079 continentiam
2581 2025 2743 2098 primi
2794 2031 3084 2088 voluminis
3128 2036 3553 2094 concludamus.

325 2225 3556 2278 .——_________._____._______________

1402 2467 1765 2560 LIBER
1855 2473 2510 2609 secunous.

1914 2699 1985 2711 .—

383 2878 439 2934 1.
483 2897 502 2931 ι
535 2878 753 2934 Scimus
779 2889 960 2933 autem
981 2880 1237 2949 quoniam
1263 2880 1532 2951 judicium
1563 2882 1657 2939 Dei
1684 2894 1769 2940 est
1802 2900 1861 2940 se

2023 2895 2153 2947 orda
2192 2895 2470 2949 hominum
2511 2911 2671 2952 nosse
2699 2898 2867 2954 solius
2896 2899 2988 2955 Dei
3020 2913 3126 2967 est,
3156 2911 3213 2957 et
3246 2904 3453 2959 mentis
3487 2921 3576 2960 se-

311 2971 546 3027 cundum
575 2969 863 3026 veritatem
887 2972 938 3024 in
966 2986 1062 3025 eos
1090 2973 1180 3041 qui
1217 2972 1343 3025 talia
1383 2983 1550 3043 agunt
1581 2975 1647 3029 ⁷⁷,
1673 2995 1692 3032 ι
1725 2975 1887 3032 Judi-

312 3064 454 3118 cium
485 3062 702 3132 quidem
753 3063 845 3117 Dei
897 3063 1192 3118 secundum
1225 3064 1539 3123 veritatem.
1569 3082 1675 3120 non
1709 3068 1884 3122 solum

310 3154 365 3208 in
398 3155 597 3223 eosqui
631 3154 745 3207 haec
773 3162 942 3223 agunt
972 3169 1093 3223 qua:
1107 3156 1360 3223 superius
1387 3168 1708 3211 enumerata
1732 3168 1885 3223 sunt,

310 3260 501 3298 verum
532 3254 589 3298 et
614 3245 669 3298 in
689 3260 880 3299 omnes
903 3246 995 3315 qui
1028 3261 1246 3315 quoquo
1268 3249 1428 3302 modo
1456 3247 1580 3304 boni
1607 3250 1736 3320 quid
1768 3269 1888 3306 ma-

313 3334 417 3388 live
470 3334 583 3406 (20)
632 3347 940 3405 gesserunt,
972 3338 1400 3405 exspectandum
1440 3349 1526 3393 est
1570 3350 1627 3396 et
1658 3345 1888 3397 creden-

307 3429 456 3482 dum.
481 3427 585 3481 Sed
617 3427 747 3482 illud
782 3437 866 3483 est
893 3430 1037 3499 quod
1076 3431 1131 3485 in
1173 3433 1290 3488 loco
1321 3436 1425 3490 hoc
1460 3437 1673 3493 videtur
1698 3448 1887 3496 osten-

305 3521 357 3574 di
389 3520 549 3591 :quia
579 3520 744 3576 solius
776 3522 872 3577 Dei
917 3523 987 3578 sit
1014 3525 1122 3593 (2.1)
1154 3528 1453 3583 secundum
1492 3532 1775 3586 veritatem
1797 3533 1888 3603 ju-

304 3618 524 3673 dicium.
593 3618 734 3674 Sunt
787 3620 933 3675 enim
974 3624 1233 3691 quamam
1295 3642 1415 3695 qua:
1476 3630 1887 3687 committuntur

303 3726 470 3780 opere
495 3713 712 3782 quidem
744 3713 886 3767 malo
905 3756 918 3773 .
954 3716 1137 3768 animo
1168 3724 1350 3772 autem
1381 3735 1493 3774 non
1530 3723 1672 3777 malo
1703 3740 1716 3775 :
1747 3732 1808 3779 ut
1839 3724 1886 3780 si

304 3811 449 3879 quis,
486 3811 637 3864 verbi
675 3825 861 3871 causa,
892 3808 1251 3864 homicidium
1281 3825 1386 3863 non
1417 3809 1698 3865 voluntate
1727 3827 1882 3866 com-

307 3903 535 3958 miserit;
576 3902 643 3956 Et
674 3903 779 3956 alia
812 3903 948 3956 [inut
976 3917 1140 3971 opere
1177 3902 1399 3972 quidem
1436 3901 1610 3965 bono,
1637 3902 1735 3956 sed
1760 3903 1882 3956 ani—

306 4011 394 4049 mo
443 4011 550 4049 non
598 3995 779 4050 bono:
807 4007 865 4048 ut
909 3996 955 4050 si
993 3996 1119 4065 quis
1150 3995 1609 4057 misericordiam,
1641 4010 1747 4049 non
1783 4009 1880 4063 pro

305 4087 563 4140 mandato
590 4086 682 4139 Dei
715 4085 848 4158 (ἐξ),
884 4088 978 4141 sed
1029 4097 1087 4141 ut
1138 4087 1389 4141 laudetur
1430 4087 1498 4140 ab
1543 4086 1876 4152 hominibus,

303 4178 486 4232 faciat.
515 4178 635 4231 Alia
664 4193 798 4232 vero
821 4188 947 4231 sunt
986 4178 1039 4232 iu
1075 4180 1272 4248 quibus
1303 4180 1420 4233 sive
1451 4178 1506 4233 itt
1537 4179 1705 4243 bono,
1762 4179 1880 4234 sive

1996 2994 2142 3039 creta
2194 2988 2535 3058 dignoscere,
2566 2992 2768 3048 idcirco
2799 2994 2912 3063 ipse
2940 2995 3089 3050 solus
3118 3006 3205 3050 est
3231 2998 3326 3066 qtti
3377 3012 3574 3052 secun-

1993 3077 2121 3131 dnut
2150 3082 2433 3136 veritatem
2466 3093 2644 3150 potest
2683 3085 2887 3141 habere
2906 3086 3195 3157 judicium.
3234 3088 3345 3144 Sed
3387 3091 3573 3157 requi-

1995 3172 2154 3238 ritur,
2183 3174 2226 3226 si
2258 3189 2383 3243 erga
2417 3190 2513 3231 eos
2547 3176 2659 3248 (Ἡ)
2690 3195 2916 3243 quorum
2945 3182 3184 3235 remissa“:
3209 3196 3341 3236 sant.
3374 3183 3575 3250 iniqui-

1995 3274 2132 3319 tates
2164 3282 2259 3335 per
2288 3269 2543 3337 baptismi
2577 3272 2829 3340 gratiam,
2864 3272 2948 3333 vel
2996 3290 3227 3342 quorum
3265 3285 3414 3330 tecta
3444 3286 3571 3328 sunt

1990 3370 2088 3424 per
2118 3362 2493 3427 pmttitetttiant
2524 3376 2745 3433 peccata
2763 3364 2928 3431 "ﬁve!
2956 3367 3155 3434 quibus
3187 3368 3567 3436 imputandum

1990 3462 2095 3501 non
2130 3461 2212 3503 est
2245 3463 2527 3519 peccatum
2561 3470 2660 3522 per
2693 3456 2939 3528 martyrii
2980 3458 3231 3526 gloriam,
3263 3462 3565 3514 seettndum

1987 3540 2275 3594 veritatem
2320 3543 2569 3598 videatur
2599 3546 2738 3599 Deus
2777 3562 2998 3600 servare
3024 3546 3313 3613 judicium.
3351 3548 3568 3602 Veritas

1987 3630 2186 3697 quippe
2212 3630 2403 3699 jndicii
2456 3634 2561 3690 hoc
2600 3637 2860 3704 postulat,
2894 3648 2951 3691 ut
2979 3638 3153 3693 malus
3187 3638 3351 3705 mala,
3382 3650 3441 3693 et
3475 3641 3567 3693 In»

1985 3749 2088 3789 nus
2112 3737 2341 3807 recipiat
2372 3739 2514 3794 bona
2544 3758 2558 3795 :
2590 3752 2645 3796 et
2675 3745 2925 3812 quamvis
2950 3746 3090 3800 dona
3118 3754 3174 3800 et
3202 3744 3427 3815 largitio
3470 3746 3563 3800 Dei

1985 3857 2326 3913 nequaquam
2350 3847 2726 3903 curiositatem
2753 3851 3098 3906 discutientis
3116 3850 3408 3906 admittant
3424 3851 3563 3922 (25),

1986 3959 2164 4003 tamen
2214 3951 2379 4004 etiam
2413 3953 2466 4007 in
2500 3954 2605 4009 hoc
2629 3964 2832 4025 quanta
2877 3956 2951 4011 sit
2989 3955 3181 4024 judicii
3208 3955 3328 4025 ejus
3355 3956 3564 4011 veritas

1983 4054 2360 4109 ostendamus.
2412 4057 2728 4114 Communis
2777 4059 3048 4130 professio
3092 4069 3177 4117 est
3212 4061 3419 4115 bonum
3451 4077 3558 4114 non

1984 4157 2182 4214 debere
2239 4163 2469 4231 puniri,
2524 4180 2626 4222 nec
2682 4165 2883 4219 malum
2943 4166 3203 4236 consequi
3264 4168 3434 4222 bona.
3503 4166 3558 4220 Si

304 4270 361 4325 in
386 4269 547 4336 malo,
579 4270 794 4325 animus
819 4286 941 4324 cum
972 4286 1138 4340 opere
1165 4270 1278 4343 (25)
1304 4270 1627 4327 concordat.
1658 4272 1726 4326 Et
1752 4272 1878 4342 quia
1913 4265 1957 4318 D
1984 4266 2105 4332 quis
2163 4284 2292 4339 ergo
2341 4270 2455 4336 sit,
2500 4271 2650 4325 verbi
2689 4272 2863 4339 gratia
2884 4311 2899 4336 ,
2931 4271 3025 4339 qui
3056 4270 3233 4341 egerit
3262 4268 3558 4339 aliquando

411 4412 457 4444 τ’
485 4410 664 4467 Colos.
717 4425 797 4476 tn,
828 4408 882 4463 9.
1000 4411 1045 4443 ⁷³
1076 4412 1267 4480 Epltcs.
1306 4427 1382 4476 tv,
1410 4410 1502 4465 2i.

301 4482 346 4514 "
370 4481 530 4537 Rom.
561 4498 618 4548 1.,
648 4481 703 4535 2.
804 4480 850 4513 ⁷⁸
881 4480 1023 4536 Psal.
1076 4499 1225 4547 XXXI,
1256 4497 1296 4548 t,
1321 4481 1378 4536 2.

371 4618 484 4701 (15)
524 4620 616 4676 Sic
666 4629 815 4701 recte
861 4636 962 4675 ms.
1016 4621 1216 4701 Regius
1250 4636 1398 4674 num.
1425 4619 1577 4701 56w
1603 4660 1619 4682 ,
1669 4618 1867 4701 quibus

298 4696 432 4747 satis
466 4689 817 4747 consentiunt
876 4694 1057 4745 caeteri
1116 4706 1248 4745 mss.
1304 4704 1359 4746 et
1425 4689 1723 4752 liabanns,
1761 4689 1863 4741 nisi

297 4766 443 4833 quod
474 4763 563 4816 alii
594 4764 822 4833 habeant
855 4764 1006 4833 dtcit,
1027 4765 1119 4820 alii
1146 4763 1465 4833 diciturpro
1492 4761 1693 4813 dicens.
1713 4759 1862 4833 liditi

295 4830 448 4898 vero,
487 4832 932 4899 prwterenndnin,
981 4849 1043 4883 ne
1073 4833 1233 4881 istum
1268 4831 1480 4898 quidem
1517 4830 1863 4899 apostolicum

295 4898 584 4957 sermonem
603 4901 793 4967 (editio
828 4899 1051 4965 Veneta,
1078 4917 1140 4952 ne
1172 4900 1271 4954 iste
1294 4902 1504 4969 quidem
1531 4898 1853 4965 apostolicus

295 4975 489 5039 sermo)
516 4973 568 5025 in
598 4988 699 5039 quo
727 4972 942 5033 dicitur,
969 4982 1075 5025 etc.

368 5038 480 5114 (115)
526 5038 617 5114 Sic
652 5057 781 5114 mss.
826 5044 1068 5114 plerique
1120 5049 1175 5114 et
1222 5038 1499 5114 Baltanns.
1531 5038 1672 5092 Editi
1703 5052 1859 5103 vero,

292 5117 382 5167 sed
407 5111 543 5166 inter
563 5113 1125 5178 Anthropomorphitns
1156 5111 1483 5177 intelligendi
1508 5118 1628 5162 sunt
1647 5125 1862 5176 compu-

294 5186 419 5237 tari.
457 5184 558 5236 Ms.
593 5182 794 5251 Regius
836 5199 983 5233 nunt.
1034 5182 1166 5234 11540
1194 5220 1208 5243 ,
1248 5184 1337 5233 sed
1390 5183 1524 5233 inter
1554 5180 1860 5248 Anthropo-

296 5255 583 5321 morphitas
612 5251 982 5321 intelligendus
1004 5262 1079 5304 est
1100 5261 1428 5318 computare.

364 5318 607 5399 (1‘7)_|t_a
658 5318 1013 5399 msfliegitts
1057 5338 1215 5399 _nuut.
1268 5322 1427 5399 1659.
1488 5318 1680 5399 Cameri
1731 5333 1862 5399 vero

294 5388 463 5453 mss}
484 5393 739 5446 Rabanns
767 5402 821 5444 et
851 5388 1004 5456 editi,
1033 5391 1098 5444 de
1135 5408 1240 5461 quo
1280 5393 1490 5444 homine
1526 5388 1856 5443 sentiendum

290 5465 357 5515 sit
398 5467 462 5516 ab
505 5462 677 5533 (editi,
709 5473 755 5516 et
804 5463 893 5531 ab)
928 5462 1176 5531 Apostolo
1224 5461 1579 5531 interpretari,
1614 5475 1733 5511 cum
1770 5460 1861 5512 ⁸άὶ-

291 5544 382 5586 ett.
408 5543 514 5586 etc.

366 5572 613 5671 ilvtijuhls.
652 5600 853 5672 Regius
884 5616 1031 5657 nutu.
1063 5600 1227 5669 1641,
1258 5601 1314 5654 in
1356 5598 1621 5670 agnitione
1654 5598 1781 5669 Dei;
1806 5606 1862 5653 et

1605 4411 1653 4443 "
1682 4411 1840 4467 Rom.
1888 4426 1994 4473 vn,
2047 4402 2140 4457 32o

2242 4403 2287 4434 ⁷⁵
2330 4400 2369 4456 11
2407 4402 2533 4458 Cor.
2566 4418 2641 4468 tv,
2684 4403 2770 4456 16.
2871 4400 3147 4456 "Coloss.
3204 4416 3290 4468 tn,
3348 4402 3403 4465 9,
3468 4398 3553 4456 li‘.

1976 4609 2141 4673 infra,
2173 4608 2265 4677 qui
2305 4620 2398 4672 per
2424 4601 2745 4682 agnitionem
2774 4600 2872 4664 Dei
2902 4610 3202 4682 renovatur.
3232 4600 3341 4682 Sed
3374 4614 3429 4658 et
3457 4621 3548 4659 ca:-

1977 4682 2077 4736 teri
2117 4673 2246 4731 mss.
2274 4685 2328 4728 et
2363 4675 2494 4728 editi
2529 4674 2816 4741 utrobique
2857 4676 3115 4725 omittunt
3147 4673 3265 4725 Dei.

2046 4751 2156 4823 (19)
2186 4746 2362 4823 _l_'3d_it_i,
2396 4744 2657 4823 corporei.

2046 4751 2134 4823 (19
2198 4751 2362 4808 Editi,
2396 4751 2657 4824 corporei.
3094 4813 3106 4825 .
3214 4814 3227 4825 .

2044 4751 2156 4892 (20)
2186 4818 2407 4892 Editi,_t
2445 4828 2757 4892 qutcunque
2788 4814 3107 4892 tnodo_b_out
3137 4813 3394 4892 quiddam
3431 4830 3543 4867 ma-
3588 4853 3595 4863 .

1969 4884 2094 4957 live,
2128 4884 2147 4942 ί
2192 4898 2299 4943 etc.
2341 4886 2441 4941 Ms.
2477 4885 2677 4957 Regius
2708 4884 3051 4957 num.‘1659,
3078 4901 3097 4935 ι
3128 4884 3217 4950 qtti
3251 4885 3538 4953 quidquam

1969 4954 2094 5017 boni
2141 4961 2386 5030 quidem,
2411 4956 2628 5019 malive,
2663 4975 2682 5008 ι
2715 4966 2823 5007 etc.
2853 4954 3047 5008 Cancri
3078 4968 3206 5009 vero
3236 4970 3369 5008 mss.
3401 4968 3461 5010 ut
3487 4958 3537 5010 iu

1970 5041 2161 5105 nostro
2191 5038 2361 5105 lentu.
2800 5103 2807 5105 Α
2862 5093 2900 5105 ,,
2948 5095 2958 5105 ,
3194 5092 3333 5105 ...μ

2042 5101 2155 5173 (21)
2183 5100 2300 5173 __Sic
2340 5110 2530 5173 omnes
2578 5103 2816 5173 mss._et
2850 5092 3335 5173 _liab_anus._i3diti
3374 5110 3536 5160 vero,

1972 5193 1992 5225 ¢
2033 5164 2288 5229 sed'illud
2312 5169 2574 5237 quidest,
2597 5165 2740 5235 quod
2769 5167 2817 5218 in
2847 5166 2950 5221 hoc
2974 5165 3094 5219 loco
3121 5164 3342 5219 videtur
3360 5177 3510 5223 ostea

1967 5246 2042 5299 di.
2074 5242 2210 5308 Quia
2245 5235 2416 5293 solius
2446 5235 2538 5291 Dei
2570 5238 2660 5300 sit,
2702 5257 2721 5290 ι
2757 5248 2865 5290 etc.

2036 5305 2150 5386 (22)
2187 5309 2357 5386 _I'_Id_it_i,
2393 5328 2412 5360 ι
2454 5323 2562 5362 non
2589 5323 2687 5375 pro
2717 5309 2973 5386 mandato
3000 5306 3090 5361 Dei
3119 5305 3175 5361 in
3202 5306 3369 5362 bono.
3405 5326 3428 5362 ι

2036 5376 2149 5456 (25)
2186 5381 2350 5456 Editi,
2380 5399 2399 5431 ι
2433 5392 2683 5456 corpore,
2724 5395 2744 5429 ι
2780 5376 2941 5434 male.

2196 5452 2367 5529 Editi.
2403 5468 2422 5502 ι
2461 5446 2779 5529 ergo‘e_is.__r

2038 5517 2151 5596 (‘25)
2194 5522 2455 5578 [tabanus
2488 5517 2548 5576 ei
2572 5519 2897 5577 Salodianus
2919 5559 2935 5588 ,
2977 5534 3288 5591 perperam,
3317 5534 3338 5570 ι
3370 5517 3529 5574 amit-

1968 5606 2100 5652 tant.
2143 5614 2162 5648 ι
