3712 6138
44 262 173 319 873

1032 266 1383 324 COMMENT.
1426 266 1490 320 IN
1527 262 1751 321 EPIST.
1791 263 1883 316 AD
1919 262 2085 318 ROM.
2129 263 2257 318 LIB.
2303 264 2368 319 II.

3221 267 3326 322 874

45 384 245 455 477
281 385 443 452 mala,
476 399 685 442 certum
712 398 797 444 est
826 389 956 459 quia
993 389 1169 444 malus
1198 395 1487 451 erattunc,
1532 400 1654 439 cum
1683 387 1732 446 Α
1754 382 2096 452 jndicaturos
2146 383 2198 436 hi
2249 385 2341 453 qni
2391 399 2623 453 prmessc
2661 383 2847 438 volunt
2875 383 3085 454 populis
3120 388 3323 456 cogita-

50 477 287 546 agehat
313 479 476 534 mala.
503 478 554 534 Is
569 496 697 535 vero
720 482 763 535 si
791 483 1186 549 praeteritorum
1208 481 1480 549 paenitens
1506 494 1657 534 men-

49 575 178 623 tem
217 585 382 625 suam
416 572 659 643 corrigat
691 575 758 626 ad
800 573 960 636 bona,
991 580 1044 627 et
1071 572 1211 627 bene
1238 583 1382 642 agat,
1411 571 1549 628 bene
1578 571 1656 625 lo-

52 670 310 729 quatur,
339 664 474 719 bene
502 667 729 733 cogitet,
762 665 898 719 bene
927 666 1087 730 velit;
1124 667 1215 734 qui
1249 667 1365 720 hate
1391 667 1520 735 agit,
1546 680 1652 720 non

54 753 165 835 tibi
206 740 433 808 videtur
466 757 664 819 bonus,
696 767 750 811 et
785 759 981 813 merito
1013 760 1259 828 recipere
1282 759 1462 815 bona?
1491 759 1656 813 Simi-

53 845 293 903 literet
324 847 369 900 si
404 862 470 902 ex
502 849 641 902 bono
672 850 794 918 quis
821 859 1172 905 convertatur
1205 853 1272 905 ad
1302 852 1651 917 malum,non

49 939 175 1006 jam
209 941 410 1001 bonus,
440 942 586 1008 quod
622 942 741 1001 fuit.
773 953 827 996 et
862 958 968 997 non
1015 953 1121 1004 cst.
1148 945 1242 998 sed
1291 944 1467 999 malus
1504 943 1653 1012 judi-

55 1029 317 1093 cabitur,
346 1032 489 1099 quod
522 1041 625 1085 est.
656 1034 826 1087 Actus
851 1034 996 1087 enim
1026 1034 1143 1090 sive
1187 1034 1312 1089 boni
1361 1035 1477 1090 sive
1527 1035 1652 1089 mali

56 1128 441 1188 praetereunt,
478 1123 573 1177 sed
622 1125 918 1178 secundum
966 1124 1048 1179 sui
1087 1125 1401 1194 qualitatem
1445 1126 1656 1192 agentis

57 1221 321 1267 mentem
349 1213 741 1284 imaginantur,
786 1226 841 1272 et
873 1217 1134 1281 formant,
1164 1233 1394 1288 eamque
1422 1219 1507 1272 vel
1554 1219 1653 1274 bo-

58 1319 198 1356 nam
236 1304 556 1374 relinquunt
589 1308 672 1359 vel
701 1309 922 1372 malam,
955 1324 1046 1363 seu
1074 1324 1264 1378 plnum.
1293 1325 1389 1364 seu
1419 1310 1656 1377 prtemiis

58 1395 487 1451 dealinandam.
518 1398 632 1454 Erit
662 1413 792 1466 ergo
816 1400 1057 1470 iniquum
1080 1401 1164 1455 vel
1195 1402 1391 1456 bonam
1417 1412 1653 1458 mentem

60 1500 168 1553 pro
198 1486 366 1542 malis
392 1490 560 1558 gestis
589 1490 792 1558 puniri,
815 1491 896 1546 vel
925 1492 1124 1546 malam
1144 1508 1242 1561 pro
1265 1492 1420 1548 bonis
1443 1493 1656 1549 actibus

61 1580 384 1633 munerari.
422 1580 624 1637 Verum
656 1590 716 1636 ut
745 1584 921 1638 adhuc
945 1584 1163 1653 planius
1192 1582 1286 1638 fiat
1331 1587 1475 1652 quod
1516 1585 1654 1642 dici-

62 1681 215 1732 mus,
247 1668 515 1724 addamus
535 1672 699 1725 etiam
724 1672 876 1728 haec:
908 1689 1173 1743 ponamus
1196 1690 1319 1731 esse
1343 1676 1576 1730 animam
1599 1676 1652 1731 in

1762 484 1903 529 rent.
1932 474 2100 528 Nemo
2124 490 2256 546 ergo
2281 476 2561 529 existimet
2593 478 2735 545 quod
2763 474 3000 546 eﬂ‘ngcre
3041 480 3209 545 possit
3234 480 3326 549 jn-

1758 567 1960 623 dicium
2011 567 2124 633 Dei,
2171 567 2317 622 sicut
2358 577 2412 621 et
2459 566 2728 636 Propheta
2769 567 2935 621 dicit:
2973 587 2992 619 ‹
3029 568 3148 635 Quo
3178 571 3267 624 iho
3293 588 3323 626 a

1758 659 1950 728 spiritu
2003 669 2114 723 tuo,
2143 669 2197 714 et
2225 676 2251 712 a
2280 658 2417 712 facie
2453 667 2540 712 tua
2572 673 2678 727 quo
2709 657 2906 727 fugiam
2924 659 3051 712 ⁸¹ἳι
3088 659 3156 713 Ει
3196 664 3327 730 quia

1759 748 1875 802 haec
1905 748 1970 802 ad
2006 764 2101 803 eos
2129 749 2366 802 maxime
2390 748 2645 803 dicuntur
2685 749 2776 818 qui
2828 761 3068 817 prmsunt
3104 750 3327 816 jlltIICIIS

1758 838 2081 909 populorum
2124 838 2260 911 (27),
2305 838 2511 893 idcirco
2552 848 2603 894 et
2641 839 2765 892 alibi
2808 841 2959 906 dicit,
3013 843 3154 912 quod
3203 862 3223 895 ε
3261 847 3327 898 de

1758 930 1922 985 domo
1946 928 2038 983 Dei
2071 930 2578 999 incipietjudicium
2604 930 2670 985 θ’.
2699 948 2719 984 ι
2766 931 2833 985 Et
2872 933 2998 987 item
3035 934 3165 987 alibi
3214 936 3323 989 Do-

1758 1020 1936 1076 minus
1975 1021 2140 1075 dicit:
2202 1039 2220 1071 r
2249 1019 2306 1074 In
2346 1020 2432 1074 his
2464 1021 2555 1090 qui
2594 1023 2973 1089 approximant
3006 1025 3137 1078 mihl
3198 1038 3326 1078 san-

1758 1109 2039 1165 ctificabor
2058 1110 2138 1175 9‘;
2171 1129 2191 1162 ι
2224 1111 2367 1165 sicut
2400 1110 2453 1164 in
2483 1110 2735 1167 Nadabet
2764 1113 2937 1167 Abiutl
2974 1125 3183 1182 gestum
3212 1127 3322 1179 est,

1759 1218 1880 1257 cum
1915 1203 2149 1257 alienum
2187 1204 2392 1271 ignem,
2419 1204 2469 1256 id
2494 1212 2578 1257 est
2614 1219 2719 1258 non
2754 1219 2993 1271 sacrum,
3027 1207 3223 1261 divinis
3248 1208 3326 1261 al-

1761 1292 1967 1348 taribus
1995 1292 2332 1347 obtulerunt.
2386 1294 2580 1363 Incipit
2637 1309 2768 1365 ergo
2808 1296 3069 1365 judicium
3112 1313 3142 1351 a
3197 1298 3323 1354 ﬁliis

1756 1385 1927 1450 prius.
1964 1402 1983 1435 ‹
2010 1384 2302 1454 Flagellat:
2336 1386 2480 1439 enim
2513 1385 2686 1440 «Deus
2713 1401 2925 1440 onmem
2958 1403 3116 1458 quem
3136 1390 3186 1443 in
3222 1408 3324 1444 nu-

1759 1490 1968 1530 merum
1996 1477 2186 1545 recipit
2210 1475 2440 1530 filiorum
2458 1475 2525 1530 ⁸⁸.
2557 1495 2576 1528 ι
2600 1474 2822 1541 Verum,
2850 1488 2907 1531 ut
2927 1494 3026 1549 ego
3050 1483 3321 1547 exiStimo,

1759 1582 1876 1630 nec,
1912 1567 1955 1621 si
1987 1577 2172 1637 posset
2197 1568 2345 1636 quis,
2378 1567 2601 1622 deberet
2630 1567 2765 1623 velle
2796 1564 3321 1640 emrgere‘judicium

1759 1657 1877 1712 Dei.
1910 1656 2027 1712 Non
2069 1658 2257 1712 venire
2285 1658 2426 1712 enim
2456 1660 2519 1713 ad
2543 1658 2811 1728 judicium
2849 1661 2962 1725 Dei,
3002 1662 3109 1718 hoc
3146 1668 3320 1722 estad

62 1776 174 1828 qua
217 1761 442 1817 habitet
490 1764 762 1835 impietas,
801 1767 1094 1833 injustitia,
1124 1769 1374 1837 stultitia,
1410 1771 1648 1835 luxuria,
1679 1761 1723 1815 Β
1751 1749 2207 1815 emendationem,
2234 1750 2320 1805 'eI
2350 1751 2418 1805 ad
2458 1753 2766 1820 sanitatem,
2800 1763 2855 1809 θι
2885 1756 3178 1810 remedium
3211 1773 3318 1813 "0"

62 1860 117 1905 et
161 1852 467 1909 multitudo
498 1857 678 1912 omnis
722 1859 1015 1927 malorum,
1060 1861 1257 1930 quibus
1303 1861 1514 1917 scilicet
1554 1863 1654 1916 mi-

63 1943 315 1997 nistram
355 1959 414 1999 se
443 1944 810 2017 famulamque
843 1950 1169 2005 subdiderit.
1221 1952 1375 2017 Quod
1409 1953 1454 2007 si
1487 1951 1539 2005 in
1566 1967 1653 2008 se-

64 2034 368 2102 metipsam
402 2052 645 2108 regressa
676 2038 789 2111 (‘26)
830 2040 944 2096 haec
978 2041 1178 2106 anima,
1221 2042 1407 2111 pietati
1441 2057 1651 2104 rursus,

60 2127 118 2172 et
148 2122 455 2179 virtutibus
486 2127 684 2180 mentis
710 2143 821 2182 sua:
842 2129 1062 2198 januam
1096 2131 1324 2199 pandat,
1360 2146 1539 2186 nonne
1569 2132 1655 2184 in-

67 2226 266 2279 gressa
307 2212 483 2282 pietas
509 2216 841 2285 impietatem
870 2221 1132 2275 continuo
1178 2222 1446 2290 depellet?
1491 2227 1655 2280 Simi-

64 2302 196 2357 liter
226 2304 513 2372 etjnstitia
549 2310 868 2379 injustitiam
900 2313 1099 2378 trudet,
1134 2324 1191 2368 et
1215 2315 1479 2383 sapientia
1506 2319 1646 2373 stul-

68 2395 275 2459 titiam,
302 2405 359 2452 et
387 2400 654 2456 sobrietas
691 2401 964 2458 luxuriam
999 2403 1245 2475 fugabit;
1278 2416 1438 2477 atque
1465 2409 1536 2463 ita
1561 2412 1652 2466 tle-

67 2486 245 2555 pulsis
280 2503 348 2542 ex
385 2492 676 2562 semetipsa
713 2494 1118 2552 habitatoribus
1168 2499 1438 2573 barbaris,
1495 2502 1655 2558 civile

71 2587 126 2631 et
155 2579 464 2649 legitimum
513 2584 803 2642 virtutibus
848 2588 1110 2658 praebebit
1154 2592 1469 2662 hospitium.
1506 2592 1655 2660 Quo—

72 2669 238 2724 modo
274 2673 543 2742 ergojam
580 2676 794 2744 plenam
830 2680 1122 2735 virtutibus
1163 2682 1401 2736 animam
1443 2683 1651 2751 justum

74 2760 181 2814 erit
214 2761 285 2816 de
311 2763 400 2817 his
420 2780 653 2834 arguere
676 2783 796 2836 quae
823 2771 1047 2840 gesserit
1080 2787 1203 2827 cum
1242 2775 1476 2829 nondum
1508 2785 1655 2831 esset

77 2852 256 2907 amica
289 2856 573 2922 virtutum,
600 2869 656 2914 et
687 2862 752 2915 de
781 2862 1058 2933 impietate
1087 2865 1256 2934 piam,
1286 2866 1353 2920 de
1389 2868 1653 2936 iniustitia

71 2941 295 3013 justam,
332 2947 400 3003 de
431 2949 643 3006 luxuria
683 2954 919 3008 sobriam
951 2956 1355 3014 condemnare?
1381 2958 1496 3016 Hoc
1521 2976 1654 3033 ergo

77 3036 236 3090 modo
270 3039 437 3093 etiam
467 3041 521 3095 in
550 3042 633 3097 bis
653 3034 884 3113 quorum
904 3048 1145 3104 remissre
1171 3059 1298 3106 sunt
1316 3052 1650 3122 iniquitates,

79 3137 132 3180 et
160 3142 397 3197 quorum
451 3141 593 3188 tecta
649 3145 777 3189 sunt
835 3152 1056 3206 peccata
1095 3142 1162 3207 τ’,
1196 3145 1512 3201 'credendus
1569 3157 1653 3204 est

81 3220 219 3275 Deus
246 3224 544 3277 secundum
577 3227 860 3284 veritatem
894 3244 1114 3287 servare
1138 3232 1429 3302 judicium.

147 3309 204 3364 2.
261 3331 280 3363 ‹
321 3313 616 3371 Existimas
650 3328 835 3375 autem
872 3322 1014 3388 hoc,
1060 3338 1092 3377 ο
1142 3326 1304 3381 homo
1336 3328 1516 3383 omnis
1561 3330 1653 3401 qui

76 3397 289 3466 iudicas
325 3418 421 3459 eos
452 3406 543 3475 qui
571 3407 697 3461 talia
723 3420 910 3481 agunt,
938 3421 993 3467 et
1020 3412 1155 3468 facis
1184 3414 1297 3476 illa,
1328 3417 1453 3486 quia
1487 3426 1541 3472 tu
1572 3397 1653 3474 ef-

81 3486 253 3560 fugies
278 3492 540 3561 judicium
567 3497 662 3555 Dei
680 3500 725 3532 ⁸ο
747 3501 770 3553 ?
789 3520 808 3553 ›
830 3500 885 3556 Si
914 3504 1095 3558 omnia
1125 3520 1243 3572 quae
1265 3506 1372 3561 Lex
1393 3507 1652 3577 loquitur,

84 3579 167 3635 bis
197 3585 289 3654 qui
319 3587 372 3639 in
404 3587 523 3655 lege
562 3602 689 3645 sunt
727 3592 1002 3663 loquitur;
1040 3606 1095 3650 et
1123 3612 1242 3666 qua:
1280 3598 1650 3670 Evangelinm,

87 3672 166 3726 vel
193 3676 486 3745 Apostolus
530 3698 672 3737 nunc
722 3683 983 3754 loquitur,
1020 3702 1127 3741 non
1164 3689 1502 3758 principibus
1548 3708 1650 3748 sae-

84 3764 209 3829 culi,
239 3782 345 3822 nec
368 3772 583 3841 regibus
609 3777 814 3841 mundi,
836 3779 928 3833 sed
955 3778 1321 3834 Ecclesiarum
1347 3783 1652 3839 rectoribus

84 3863 137 3906 et
165 3859 504 3930 principibus
552 3864 827 3935 loquitur,
874 3869 956 3924 bis
995 3869 1248 3924 videlicet
1283 3873 1375 3942 qui
1402 3871 1653 3941 judicant

90 3960 184 4000 eos
201 3953 291 4020 qui
325 3953 473 4011 intus
501 3967 647 4026 sunt,
675 3960 726 4012 id
750 3971 832 4015 est
866 3962 1163 4030 episcopis,
1200 3962 1286 4018 vel
1319 3966 1651 4035 presbyteris

88 4048 141 4090 et
170 4043 510 4104 diaconibus.
544 4049 641 4105 llis
668 4066 799 4122 ergo
828 4052 960 4107 dicit
995 4067 1063 4107 ne
1096 4054 1412 4109 existiment
1461 4071 1520 4110 se
1567 4056 1650 4111 ef-

92 4139 270 4209 fugere
293 4138 558 4206 judicium
588 4141 705 4206 Dei,
744 4144 787 4197 si
820 4158 882 4198 ea
911 4145 1252 4199 committant
1281 4146 1403 4215 ipsi,
1430 4148 1497 4202 de
1524 4151 1649 4217 qni-

93 4229 189 4284 bus
223 4230 360 4285 alios
393 4228 637 4298 judicant
664 4243 718 4286 et
749 4235 1132 4289 condemnant.
1173 4234 1236 4288 Et
1278 4236 1402 4292 ideo
1439 4247 1654 4306 oportet

95 4333 529 4392 unumquemque
554 4314 619 4378 de
647 4339 743 4378 sua
767 4324 916 4394 prius
943 4326 1275 4380 conscientia
1295 4327 1566 4397 judicare,
1599 4340 1653 4383 et

1755 1856 1962 1894 VBIIII‘C.

1825 1929 1879 1983 5.
1914 1948 1933 1981 ‹
1960 1930 2069 1985 Aut
2106 1930 2325 1985 divitias
2355 1930 2614 1988 bonitatis
2640 1933 2778 2003 ejus,
2803 1944 2858 1989 et
2886 1938 3317 2003 sustentationis,

1753 2029 1807 2074 et
1840 2021 2115 2090 patientiae
2141 2021 2479 2076 contemnis?
2528 2023 2748 2092 Ignoras
2795 2024 2909 2094 (28)
2938 2026 3193 2092 quoniam
3227 2029 3324 2082 be-

1755 2113 1990 2184 nignitas
2021 2113 2112 2167 Dei
2143 2114 2208 2167 ad
2245 2115 2621 2182 paenitentiam
2643 2125 2694 2170 te
2715 2116 3032 2172 adducit“?
3055 2136 3075 2169 ι
3096 2119 3321 2175 Divitias

1754 2206 2019 2261 bonitatis
2049 2206 2139 2261 Dei
2189 2206 2281 2261 ille
2313 2221 2610 2275 agnoscere
2652 2216 2846 2276 potest,
2885 2210 2976 2279 qui
3010 2213 3323 2266 considerat

1755 2306 1955 2367 quanta
1986 2298 2037 2351 in
2069 2297 2227 2351 terris
2259 2297 2399 2352 mala
2428 2299 2671 2367 quotidie
2709 2301 2961 2357 homines
3002 2315 3214 2373 gerunt,
3266 2315 3323 2361 et

1755 2388 2026 2457 quomodo
2049 2402 2185 2455 pene
2217 2402 2409 2442 omnes
2438 2388 2794 2453 declinantes,
2822 2397 2880 2444 et
2910 2391 3070 2446 simul
3103 2394 3322 2450 inutiles

1754 2477 1882 2532 facti
1919 2477 1985 2542 ⁸⁸,
2037 2476 2201 2530 latam
2251 2486 2309 2531 et
2367 2478 2660 2547 spatiosam
2691 2479 3008 2547 perditionis
3044 2482 3326 2538 ambulant

1757 2570 1920 2634 viam,
1958 2580 2189 2640 angusto
2210 2571 2333 2626 vitae
2357 2571 2549 2626 itinere
2571 2572 2815 2642 neglecto
2833 2573 2900 2639 ⁸⁷,
2922 2583 2976 2628 et
3003 2584 3182 2631 tamen
3206 2576 3322 2648 (29)

1755 2663 1840 2718 his
1864 2664 2122 2719 omnibus
2155 2666 2320 2718 Deum
2353 2664 2742 2733 producentem
2778 2666 2946 2722 solem
2982 2681 3139 2721 suum
3186 2685 3321 2738 quo-

1754 2757 1902 2821 tidie,
1937 2766 1991 2810 et
2020 2755 2229 2823 pluvias
2269 2756 2672 2811 ministrantem
2701 2757 2787 2821 l"3;
2840 2766 2894 2813 et
2927 2760 3016 2827 qui
3064 2761 3318 2815 conside-

1754 2856 1839 2901 rat
1871 2846 2188 2917 (50)quanti
2212 2845 2455 2916 quotidie
2511 2847 2564 2901 in
2591 2847 2759 2904 Deum
2782 2850 3246 2920 blasphemant,et
3266 2856 3320 2910 in

1754 2939 1949 2994 caelum
1978 2939 2280 2994 extendunt
2306 2939 2518 3009 linguas
2540 2956 2667 2996 suas
2689 2941 2756 2995 ⁸⁸.
2777 2940 2893 2996 Jam
2916 2943 3044 3013 quid
3073 2945 3140 2999 de
3166 2943 3323 2999 frau-

1754 3033 1934 3096 dibus,
1971 3034 2039 3087 de
2067 3032 2116 3085 vi
2148 3031 2283 3102 (Si),
2318 3031 2385 3085 de
2411 3033 2642 3097 scelere,
2670 3032 2738 3087 de
2766 3036 3066 3106 sacrilegiis
3119 3046 3174 3091 et
3202 3039 3321 3105 pia-

1755 3125 1892 3179 culis
1929 3124 2144 3178 dieam?
2187 3124 2398 3190 Quibus
2443 3125 2623 3179 tamen
2656 3127 2911 3181 omnibus
2962 3128 3016 3180 in
3059 3127 3162 3183 hoc
3201 3129 3321 3184 loco

1756 3215 1831 3270 illi
1858 3216 2114 3270 videntur
2132 3217 2182 3269 in
2204 3217 2411 3271 scelere
2434 3216 2699 3285 praeferri,
2723 3219 2813 3287 qui
2834 3218 2968 3274 alios
2990 3219 3317 3289 judicantes,

1754 3309 1855 3377 ipsi
1903 3309 2253 3362 committunt
2294 3323 2414 3378 qua:
2450 3310 2502 3362 in
2556 3310 2771 3365 caeteris
2818 3312 3068 3380 puniunt.
3104 3313 3160 3368 Si
3193 3315 3319 3383 quis

1754 3414 1883 3469 ergo
1917 3401 2056 3454 hanc
2093 3400 2392 3455 bonitatem
2424 3401 2542 3464 Dei,
2584 3411 2639 3455 et
2681 3403 3128 3458 sustentationem
3171 3405 3317 3476 ejus,

1753 3503 1807 3544 et
1831 3490 2146 3558 patientiam
2179 3492 2498 3555 contemnit,
2531 3493 2742 3561 ignorat
2781 3494 2923 3562 quod
2967 3508 3065 3562 per
3099 3496 3214 3550 hac
3246 3497 3317 3551 ad

1755 3583 2131 3654 pmnitentiam
2161 3593 2504 3652 provocatur.
2539 3584 2872 3640 Sustentatio
2899 3599 3028 3639 vero
3051 3601 3079 3638 a
3105 3588 3316 3656 patien-

1755 3678 1828 3729 tia
1858 3676 1959 3730 ltoc
1981 3675 2196 3729 videtur
2223 3673 2458 3739 differre,
2493 3678 2634 3744 quod
2665 3677 2752 3744 qui
2780 3676 3093 3732 infirmitate
3125 3681 3317 3747 magis,

1763 3784 1925 3839 quam
1977 3768 2257 3838 proposito
2292 3768 2632 3837 delinquunt,
2668 3770 2959 3824 sustentari
3009 3770 3263 3826 dicuntur
3297 3789 3314 3824 :

1756 3863 1850 3932 qui
1886 3877 2016 3917 vero
2054 3862 2315 3930 pertinaci
2369 3870 2549 3916 mente
2600 3863 2747 3915 velut
2796 3864 3071 3919 exsultant
3116 3863 3228 3936 (52)
3260 3865 3314 3920 in

1754 3959 1966 4013 delictis
1999 3958 2131 4023 suis,
2164 3957 2289 4012 ferri
2321 3958 2584 4024 patienter
2616 3959 2825 4013 dicendi
2866 3968 3012 4014 sunt.
3041 3960 3146 4016 Sed
3176 3960 3318 4015 sicut

1755 4051 1936 4105 omnia
1964 4051 2020 4103 in
2051 4063 2302 4102 mensura
2335 4047 2465 4102 fecit
2506 4047 2666 4114 Deus,
2704 4060 2759 4104 et
2792 4052 3052 4118 pondere,
3103 4059 3159 4104 et
3210 4066 3312 4104 nu-

1755 4155 1906 4197 mero
1933 4141 2001 4207 9°,
2050 4141 2121 4194 ita
2158 4140 2320 4194 etiam
2375 4141 2650 4208 patientiae
2692 4141 2810 4210 ejus
2867 4153 3014 4196 certa
3065 4156 3317 4197 mensura

1757 4240 1872 4287 est:
1911 4246 2073 4301 quam
2104 4245 2410 4285 mensuram
2435 4231 2766 4285 credendum
2800 4242 2884 4287 est
2906 4247 3029 4288 esse
3063 4247 3317 4287 consum-

1764 4334 1963 4377 matam
2001 4323 2115 4393 (55)
2148 4323 2231 4375 vel
2261 4324 2328 4377 ab
2360 4323 2444 4377 bis
2466 4322 2554 4391 qui
2580 4323 2784 4376 diluvio
2808 4326 3107 4393 perierunt,
3139 4322 3221 4376 vel
3247 4324 3317 4378 ab

96 4420 216 4468 tunc
248 4415 365 4482 ejus
396 4430 553 4486 quem
597 4415 824 4483 judicat,
871 4427 1023 4487 gesta
1062 4418 1352 4473 discutere.
1407 4419 1559 4486 Quod
1606 4422 1650 4475 si
1684 4456 1729 4511 Β
1757 4416 1842 4468 his
1882 4415 1971 4483 qui
2003 4414 2057 4466 in
2089 4412 2347 4511 sedo-mis-
2370 4414 2575 4511 caelesti
2612 4415 2734 4511 igne
2766 4416 2958 4511 vastati
2991 4423 3136 4511 sunt.
3162 4413 3320 4511 Unde

98 4502 264 4571 ﬁeret,
290 4509 470 4563 omnis
508 4508 723 4578 penitus
766 4509 999 4564 adeundi
1034 4509 1256 4564 honoris
1287 4511 1647 4568 ecclesiastici

99 4594 492 4655 abscinderetur
515 4600 758 4662 ambitio,
783 4601 831 4653 si
859 4616 917 4655 se
938 4600 1262 4669 jndicandos
1284 4603 1466 4670 potius
1491 4619 1650 4673 quam

164 4712 207 4744 "’
233 4713 369 4769 Psal.
387 4731 534 4780 xm,
570 4718 620 4770 I.

101 4779 258 4837 Ilebr.
284 4801 356 4840 xu
369 4826 383 4849 ,
411 4787 463 4840 6.

103 4850 155 4907 9.
222 4855 267 4887 ⁹⁰
294 4857 422 4927 Sap.
470 4872 546 4924 ιι,
579 4857 670 4911 21.
748 4857 790 4888 ⁸³
819 4855 955 4912 Gen.
987 4872 1077 4918 xv,
1109 4858 1199 4911 16.

170 4991 409 5070 (26)}Is.
455 4994 665 5070 Regius
695 5008 841 5070 num.
894 4992 1052 5070 I639,
1103 5011 1123 5070 _t
1168 5006 1419 5057 reversa;
1454 5008 1498 5070 Dn
1521 4989 1657 5070 alter

107 5059 483 5128 VallisLClarae,
530 5059 583 5119 Et
626 5063 1028 5130 Genebrardus,
1058 5082 1076 5114 ι
1105 5066 1370 5133 ingressa.
1398 5080 1416 5112 ι
1459 5059 1655 5115 Cteteri

107 5136 491 5210 mss._et_ed_iti,
528 5152 547 5185 ι
578 5148 843 5210 regressa.
874 5152 892 5185 ι
1071 5209 1074 5210 ν
1391 5209 1395 5210 ί
1449 5201 1461 5210 _
1522 5200 1554 5210 η

172 5202 277 5270 (27)
327 5205 599 5266 Rabanus,
641 5200 682 5253 ἰ
716 5206 805 5271 qui
846 5209 1113 5271 praesunt,
1166 5212 1222 5255 et
1279 5209 1404 5256 sunt
1443 5200 1653 5271 judices

111 5268 428 5351 populorum.
476 5293 495 5327 ι
549 5268 994 5351 Paulo—posLms.
1024 5268 1457 5351 _Reg'iusl_num.
1483 5268 1650 5351 I652,

118 5356 134 5387 ι
164 5338 247 5408 qui
291 5343 517 5399 alienum
562 5344 762 5412 ignem.
796 5360 815 5394 ›
864 5342 930 5395 Ει
964 5338 1217 5401 ἱηΐτα.’ἰη
1261 5341 1368 5396 line
1410 5338 1651 5402 articuli,

115 5422 288 5466 omnes
314 5415 438 5468 editi
460 5414 693 5474 habent,
727 5430 746 5463 ‹
782 5427 885 5465 non
913 5412 1214 5480 pervenire.
1253 5430 1271 5463 ι

179 5480 281 5549 (28)
315 5483 441 5537 Mss.
471 5485 596 5543 duo,
629 5500 648 5533 ε
682 5476 989 5549 ignorans.»
1017 5480 1207 5535 Caneri
1234 5476 1658 5549 mss.,Raba_nus

118 5557 167 5599 et
186 5545 311 5622 :edi'ti
349 5570 368 5603 ι
395 5557 626 5622 ignoras,
649 5572 666 5603 ι
687 5545 792 5606 etc.
817 5551 1062 5622 Moxgms.
1095 5549 1294 5620 Regius
1317 5565 1466 5604 num.
1496 5545 1655 5611 I639,

126 5633 142 5665 ι
170 5620 603 5696 di_vi_tias_rjuippe
633 5622 888 5696 bonitatis
927 5620 1087 5696 Dei,g
1126 5632 1254 5696 etc._
1277 5690 1290 5696 Δ
1403 5695 1406 5696 ν
1565 5695 1569 5696 ν
1604 5684 1617 5696 ,

187 5689 291 5760 (29)
320 5710 338 5743 t
369 5689 591 5745 Tamen.
621 5714 640 5740 ι
675 5690 729 5745 In
760 5700 915 5744 antea
954 5691 1114 5743 editis
1143 5689 1501 5753 desideratur,
1525 5695 1579 5742 et
1605 5689 1657 5738 in

468 5784 736 5844 Ριτιιοι.
769 5783 887 5843 Gtt.
933 5780 1102 5843 XIV.

696 4716 741 4747 ⁸ο
762 4714 916 4770 Rom.
946 4732 1008 4777 ιι,
1038 4716 1092 4771 5.
1166 4717 1208 4748 ⁸¹
1228 4715 1373 4771 Psal.
1392 4732 1661 4778 cxxxvm.
1683 4719 1731 4772 7.

578 4787 624 4818 ⁸⁵
657 4785 810 4840 Rom-
854 4802 917 4846 ιι.
955 4787 1010 4840 4.
1084 4786 1130 4819 ⁸⁸
1158 4785 1301 4842 Psal.
1342 4802 1443 4851 ιιι,
1476 4788 1530 4841 4.
1606 4790 1640 4820 δε

1831 4788 1877 4841 Ιι.
1923 4801 2018 4849 vn,
2057 4784 2143 4848 15,
2188 4784 2276 4837 14.
2349 4784 2395 4816 ⁸⁸
2425 4784 2614 4843 Matth.
2642 4798 2695 4847 γ,
2739 4781 2826 4838 45.

1756 4516 1810 4563 et
1835 4508 1900 4561 de
1936 4506 2270 4561 Amorrhaais
2296 4506 2530 4560 dicitur:
2580 4526 2598 4558 ι
2640 4507 2886 4560 Nondum
2921 4506 3065 4559 enim
3115 4506 3320 4573 repleta

1758 4608 1886 4655 sunt
1931 4595 2045 4668 (δι)
2080 4605 2300 4666 peccata
2341 4596 2779 4651 Amorrhaeorum
2815 4604 2988 4666 usque
3025 4610 3168 4649 nunc
3193 4594 3262 4652 ⁹¹.
3293 4614 3314 4649 ι

1826 4716 1871 4747 ⁸²
1899 4716 1913 4768 1
1941 4713 2181 4777 Petr.:v,
2205 4713 2289 4767 I7.
2366 4714 2412 4745 ³⁸³
2430 4712 2601 4767 Levit.
2634 4727 2687 4774 x,
2710 4711 2766 4766 5.
2839 4711 2885 4743 “
2913 4709 3072 4763 Prov.
3103 4724 3186 4773 tu,
3217 4711 3318 4778 12;

2901 4781 2945 4813 "
2977 4779 3118 4834 Psal.
3148 4795 3318 4844 tuti,

1763 4999 1870 5040 uno
1929 4998 2034 5036 ms.
2083 4981 2267 5052 Regio,
2314 4981 2417 5052 sed
2438 4980 2771 5052 krestituitur
2808 4995 2875 5035 ex
2931 4983 3145 5038 cameris
3182 5000 3314 5042 mss.

1834 5052 1946 5123 (50)
1977 5053 2068 5107 Sic
2096 5048 2201 5123 ms.
2233 5048 2834 5123 vallisaClarze._C:cteri
2862 5066 2993 5105 vero
3031 5068 3186 5120 mss.,
3209 5054 3319 5112 Ra-

1759 5121 1935 5180 banus
1956 5134 2010 5176 et
2040 5122 2170 5177 editi
2205 5140 2226 5173 ‹
2262 5121 2305 5176 si
2336 5122 2457 5187 quis
2487 5121 2818 5187 consideret,
2850 5139 2868 5170 ι
2903 5133 3007 5175 etc.

1832 5192 1942 5261 (5H
1964 5189 2051 5242 Sic
2071 5196 2215 5261 recte
2227 5186 2367 5261 mss.
2377 5189 2650 5261 plerique.
2671 5186 2818 5261 Εόίιι
2839 5206 2966 5244 vero
2986 5201 3040 5245 et
3063 5209 3162 5246 ms.
3185 5211 3324 5251 unus

1756 5256 1954 5330 Regius
1971 5274 2124 5330 num.
2149 5257 2300 5330 1640,
2323 5276 2341 5308 ‹
2357 5256 2427 5330 de
2446 5256 2606 5311 vitiis.
2633 5256 2923 5330 {Babapus
2939 5281 2956 5311 ι
2981 5261 3048 5315 de
3068 5263 3281 5319 divitiis.
3299 5287 3317 5315 ι

1831 5326 1941 5399 (5‘2)
1968 5328 2040 5381 Ita
2070 5341 2201 5399 mss.
2236 5326 2573 5399 pleriqueet‘
2596 5326 2751 5399 editi.
2802 5326 3055 5399 Rabanus
3097 5341 3226 5381 vero
3262 5338 3319 5383 et

1762 5395 1865 5456 ms.
1908 5395 2047 5468 unus
2072 5395 2271 5468 Regius
2305 5413 2455 5449 num.
2479 5396 2635 5468 164d,
2677 5413 2696 5446 ι
2733 5396 3012 5468 insultant.
3045 5415 3065 5448 ι

1836 5466 1947 5541 (53)
1975 5469 2065 5522 Sic
2091 5466 2343 5541 “abantis
2366 5477 2419 5519 et
2453 5467 2655 5541 rectius
2683 5466 2899 5535 quidem
2925 5480 3085 5541 quam
3129 5484 3150 5519 ε
3178 5481 3316 5523 con-

1765 5536 2054 5608 sumptam,
2092 5555 2110 5587 ι
2148 5545 2207 5589 ut
2238 5538 2436 5589 habent
2468 5537 2602 5608 editi
2633 5545 2687 5590 et
2713 5550 2841 5588 mss.
2875 5536 3067 5608 nostri.

1837 5605 1947 5681 (Μ)
1974 5608 2099 5681 Mss.
2132 5608 2349 5681 quidam
2386 5625 2403 5655 ‹
2432 5606 2695 5681 completa
2730 5615 2873 5657 sunt.
2909 5623 2927 5654 ι
2961 5605 3158 5661 Caneri
3188 5620 3318 5663 vero

1768 5674 2077 5745 mss.,'editi
2109 5686 2161 5731 ct
2192 5674 2464 5739 Rubnnns,
2497 5693 2515 5727 ί
2554 5674 2751 5743 repleta
2787 5683 2962 5727 sunt.»

2925 5765 3004 5827 28
