3684 6148
106 326 206 383 877
1051 323 1406 382 COMMENT.
1449 322 1518 379 IN
1557 321 1775 378 EPlST.
1820 323 1912 379 AD
1949 322 2116 381 non.
2160 324 2289 380 LIB.
2331 320 2398 382 ιι.
3145 342 3147 345 -
3256 331 3362 386 373

107 457 223 510 dies
254 454 570 510 acerbitatis
594 461 651 507 et
688 452 1033 520 perditionis,
1071 453 1185 508 dies
1229 450 1580 506 tenebrarum
1628 456 1682 502 et
1711 449 1758 507 Α
1787 446 1956 516 ipsius
1984 445 2223 502 defuncti
2279 457 2441 512 sunt,
2477 445 2543 502 ad
2574 449 2717 505 hunc
2749 450 2998 507 ultimum
3024 451 3165 510 diem
3218 453 3364 522 jiidi~

107 548 380 618 caliginis,
415 549 530 602 dies
559 547 720 601 nubis
748 556 801 600 et
837 549 1068 610 nebulae,
1095 547 1213 598 dies
1245 547 1385 600 tubae
1427 555 1481 598 et
1527 543 1678 598 clan-
1784 541 1940 595 candi
1983 549 2345 596 reserventur.
2377 541 2543 611 Cujus
2578 544 2654 597 rei
2683 544 2970 600 interiores
3013 563 3210 603 causas
3249 563 3364 602 cera

110 643 253 712 geris
287 655 449 706 super
478 641 732 694 civitates
771 641 1031 702 munitas,
1068 649 1123 693 et
1165 654 1328 708 super
1364 653 1549 692 muros
1586 653 1680 692 ex.
1785 642 1896 687 tum
1927 643 2012 688 est
2065 633 2455 688 secretioribus
2505 634 2780 704 mysteriis
2813 639 3047 707 contegi.
3087 655 3106 689 ε
3153 638 3360 711 Myste-

108 729 300 783 celsos.
338 729 403 783 Et
450 729 682 784 alliciam
725 729 995 794 homines,
1041 739 1094 784 et
1138 731 1492 786 ambulabunt
1538 732 1649 784 sicu

1819 723 1922 777 ium
1962 742 1979 774 ι
2007 738 2135 778 vero
2169 742 2189 775 i
2233 725 2374 793 regis
2409 724 2746 780 abscondere
2769 725 2966 781 bonum
2990 736 3075 782 est
3109 728 3172 784 ".
3203 749 3222 780 ι
3254 727 3359 782 Ta-

107 822 255 882 e'eci,
299 821 557 890 quoniam
609 821 838 876 Domino
882 834 1285 892 peccaverunt:
1323 834 1379 878 et
1406 824 1676 879 effundam

106 915 425 983 sanguinem
453 929 642 968 eorum
683 914 826 969 sicut
853 915 1150 982 pulverem,
1177 925 1232 970 et
1260 931 1454 970 carnes
1487 931 1675 971 eorum

107 1017 160 1061 ιιι
184 1017 446 1061 stercora.
480 1007 684 1061 Aurum
721 1022 934 1072 eorum,
959 1017 1013 1062 et
1046 1019 1328 1078 argentum
1358 1024 1543 1064 eorum
1568 1027 1673 1064 non

105 1101 309 1170 poterit
364 1100 599 1156 liberare
639 1115 734 1156 eos
780 1101 834 1154 in
878 1101 966 1155 die
1016 1101 1110 1156 irae
1160 1102 1391 1156 Domini.
1440 1103 1494 1156 In
1553 1105 1677 1174 igne

105 1185 465 1251 minutatiOiiis
498 1198 614 1265 ejus
657 1206 1014 1252 consumetur
1063 1199 1242 1252 omnis
1288 1210 1427 1252 terra
1455 1239 1472 1260 ,
1531 1213 1671 1267 quo-

106 1290 244 1344 niam
282 1289 452 1361 479
477 1290 995 1344 consummationem
1014 1297 1068 1342 et
1097 1288 1494 1344 festinationem
1517 1290 1676 1345 faciet

107 1398 261 1450 super
287 1397 482 1437 omnes
505 1383 594 1450 qui
620 1383 868 1437 habitant
892 1391 1114 1438 terram.
1139 1402 1157 1433 ι
1175 1383 1340 1438 Isaias
1359 1397 1574 1453 quoque
1603 1383 1676 1437 si-

107 1476 301 1528 militer
337 1482 650 1528 memorat:
690 1493 710 1525 ι
749 1474 888 1530 Ecce
919 1475 1065 1529 enim
1105 1475 1220 1528 dies
1253 1473 1463 1528 Domini
1495 1474 1674 1528 veniet

107 1566 423 1622 insanabilis
449 1565 649 1621 furoris
675 1575 732 1621 et
759 1567 852 1622 ira:
880 1606 894 1632 ,
930 1582 1134 1636 ponere
1170 1567 1358 1622 orbem
1391 1575 1548 1620 terrm
1579 1567 1672 1620 ile-

108 1671 303 1716 sertum
335 1701 351 1724 ,
399 1669 457 1712 et
486 1669 804 1728 peccatores
857 1662 1085 1729 perdere
1115 1675 1182 1715 ex
1218 1675 1283 1714 eo
1315 1660 1358 1714 ⁸.
1395 1679 1414 1712 ι
1456 1661 1522 1714 Et
1555 1671 1676 1730 post

105 1770 268 1823 pauca
304 1771 318 1808 :
359 1773 378 1804 ι
411 1755 623 1810 Caelum
656 1755 800 1808 enim
837 1756 1020 1809 furore
1047 1755 1402 1821 accendetur,
1431 1764 1486 1808 et
1520 1765 1666 1810 terra
1701 1792 1742 1846 Β

108 1847 413 1902 movebitur
452 1863 483 1901 a
515 1845 881 1900 fundamentis
898 1846 1034 1908 suis,
1063 1856 1285 1916 propter
1310 1846 1544 1901 furorem
1576 1847 1669 1902 ira:

108 1940 312 1994 Domini
348 1939 638 2003 Sabaoth,
696 1940 751 1992 in
811 1939 900 1992 die
956 1953 1063 2007 qua
1111 1939 1485 2007 supervenerit
1519 1937 1673 1992 furor

103 2032 218 2098 ejus
244 2033 285 2085 ".
322 2051 341 2084 ι
376 2031 479 2086 His
526 2040 606 2085 tot
651 2040 707 2087 et
753 2031 948 2086 talibus
985 2032 1051 2086 de
1083 2032 1170 2084 die
1203 2032 1296 2085 ira:
1345 2032 1673 2086 testimoniis

105 2125 449 2195 congregatis
473 2164 487 2186 ,
515 2133 648 2193 pulo
679 2126 826 2194 quod
866 2124 1006 2177 ultra
1039 2123 1189 2178 locus
1229 2123 1317 2178 hic
1341 2123 1675 2190 expositione

108 2233 206 2270 non
241 2225 422 2287 egeat.
455 2217 751 2271 Evidenter
782 2217 924 2272 enim
957 2217 1010 2270 in
1037 2217 1124 2272 liis
1140 2217 1396 2271 omnibus
1420 2219 1534 2272 dies
1557 2218 1670 2282 irae,

106 2310 350 2363 vindicta:
383 2310 504 2364 dies
535 2319 589 2364 et
620 2309 809 2377 judieii
843 2311 1158 2379 designatur
1200 2309 1336 2379 (4‘2).
1367 2309 1497 2365 lude
1523 2311 1675 2365 deni-

109 2416 208 2470 que
235 2402 302 2457 ad
327 2403 477 2456 diem
512 2402 607 2457 ira:
650 2402 802 2455 addit
854 2402 1147 2470 Apostolus
1171 2441 1187 2466 ,
1239 2421 1256 2454 ι
1289 2411 1345 2456 et
1377 2402 1674 2456 revelatio-

109 2509 209 2551 nis.
245 2512 264 2546 ›
319 2495 412 2549 Sic
456 2495 600 2550 enim
635 2495 767 2549 dicit
798 2513 812 2550 :
847 2512 865 2546 ι
906 2493 961 2548 1η
993 2495 1082 2549 die
1109 2495 1204 2550 ira:
1235 2504 1290 2550 et
1327 2495 1674 2550 revelationis

107 2586 230 2653 justi
251 2585 446 2652 jiidi‘cii
471 2586 588 2641 Dei.
627 2604 646 2638 ›
683 2585 991 2641 Revelanda
1038 2601 1273 2656 namque
1305 2601 1424 2641 esse
1449 2587 1628 2642 omnia
1655 2629 1670 2651 ,

109 2679 265 2732 etiam
296 2680 348 2733 iii
391 2679 687 2751 Evangelio
720 2681 1055 2751 designatur,
1095 2695 1214 2734 cum
1248 2681 1488 2736 dicitur:
1526 2700 1544 2732 ι
1581 2680 1674 2734 Ni-

111 2771 177 2823 hi‘.
208 2773 478 2826 occultqu
509 2774 649 2841 quod
683 2785 790 2826 non
823 2773 1242 2838 manifestetur;
1273 2788 1373 2828 nec
1399 2784 1672 2843 opertum,

110 2863 244 2929 quod
277 2879 382 2916 non
411 2863 683 2917 reveletur
705 2863 747 2918 ³.
785 2882 804 2916 ι
839 2864 946 2918 Sed
987 2874 1044 2919 et
1068 2865 1355 2934 Apostolus
1383 2865 1436 2918 in
1480 2880 1676 2921 conse-

112 2956 394 3023 qaentibus
449 2955 607 3021 hujus
661 2955 915 3024 Epistolre
968 2957 1143 3014 dicit:
1182 2976 1199 3007 ι
1242 2955 1674 3026 Cogitationibus

108 3051 500 3116 accusantibus,
538 3059 631 3104 aut
661 3052 823 3104 etiam
858 3051 1294 3117 defendentihus,
1325 3053 1376 3108 in
1407 3054 1518 3119 die,
1548 3071 1670 3109 cum

1784 831 1908 871 nien
1939 817 2337 886 explanationis
2362 818 2534 887 gratia
2556 817 2822 883 dicemus,
2855 819 2906 872 in
2934 831 3196 888 quantum
3228 839 3355 894 pos-

1780 907 1936 960 siliilc
1972 918 2055 960 est
2082 906 2291 975 paginis
2315 907 2476 961 verba
2512 908 2881 963 committere.
2914 909 3064 965 Multi
3098 923 3225 966 sunt
3259 911 3352 982 qui

1779 1013 1844 1053 ex
1888 999 1989 1053 hac
2021 999 2128 1052 vita
2157 1000 2419 1054 abeuntes
2452 1038 2467 1064 ,
2504 999 2586 1053 vel
2637 1001 2903 1055 bonorum
2949 1003 3031 1058 vel
3089 1006 3352 1060 malorum

1778 1099 1900 1158 post
1933 1103 1993 1142 se
2011 1089 2257 1158 quaedam
2295 1090 2501 1143 semina
2536 1089 2891 1159 reliquerunt,
2927 1107 2994 1147 ex
3018 1093 3213 1161 quibus
3251 1093 3345 1164 qui

1778 1190 2070 1248 supersunt
2100 1179 2349 1236 homines
2380 1221 2396 1244 ,
2429 1188 2749 1237 occasiones
2773 1181 2854 1237 vel
2887 1185 3080 1241 salutis
3115 1187 3195 1241 vel
3229 1203 3352 1257 pera

1777 1273 1994 1327 ditionis
2026 1273 2298 1342 accipiunt
2330 1291 2344 1326 :
2398 1273 2548 1328 verbi
2602 1276 2776 1344 gratia
2809 1277 3035 1331 dixerim
3065 1318 3081 1342 ,
3127 1288 3187 1332 ut
3223 1276 3354 1336 sunt

1777 1381 1969 1420 omnes
2001 1367 2090 1434 qui
2127 1381 2321 1435 pravas
2343 1377 2523 1420 sectas
2552 1376 2606 1421 et
2629 1368 2835 1423 alienas
2867 1385 2894 1422 a
2929 1371 3038 1424 Deo
3068 1371 3208 1425 inter
3232 1371 3353 1441 phi~

1775 1456 2033 1525 losophos
2075 1456 2471 1524 condiderunt;
2530 1458 2614 1513 vel
2638 1461 2730 1528 qui
2771 1463 2980 1530 magica
3007 1463 3294 1532 sacrilegia
3331 1502 3353 1531 ,

1776 1557 1869 1602 aut
1898 1549 1988 1618 qui
2024 1563 2240 1604 errores
2283 1559 2600 1614 astrorum,
2650 1561 2706 1607 et
2777 1554 2994 1608 decreta
3033 1555 3352 1627 (iuuerunt;

1775 1643 1859 1697 vel
1890 1640 2001 1714 (44)
2039 1652 2190 1698 certe
2237 1643 2330 1714 qui
2383 1644 2524 1713 apud
2559 1658 2656 1699 nos
2686 1656 2937 1702 auctores
2970 1639 3351 1704 haereticorum

1777 1747 1831 1790 et
1865 1751 2153 1804 pravorum
2179 1736 2485 1804 dogmatuin
2512 1735 2664 1791 libris
2714 1739 2873 1794 editis
2903 1741 3160 1796 exstitere
3196 1759 3212 1808 ;
3263 1734 3351 1797 vel

1773 1827 1937 1882 etiam
1970 1827 2062 1896 qui
2111 1828 2407 1882 schismata
2451 1828 2504 1883 in
2536 1825 2796 1885 Ecclesiis
2822 1870 2838 1896 ,
2886 1841 2942 1886 et
2975 1833 3237 1889 scandala
3284 1849 3351 1889 ac

1775 1920 2147 1978 dissonsiones
2177 1921 2383 1989 operati
2415 1931 2563 1976 sunt.
2594 1922 2633 1976 E
2672 1925 2948 1980 contrario
2979 1942 3107 1982 vero
3134 1939 3351 1998 aposto‘

1775 2012 2002 2066 licarum
2030 2011 2333 2066 litterarum
2369 2027 2503 2082 opus
2528 2057 2542 2081 ,
2577 2014 2957 2085 profectusque
2979 2033 3074 2086 per
3096 2018 3198 2074 has
3227 2019 3352 2073 uni-

1774 2118 1946 2159 versa:
1983 2099 2262 2168 Ecclesiae,
2293 2111 2347 2156 et
2375 2105 2664 2158 conversio
2678 2105 2743 2158 ad
2771 2105 2961 2168 Deum,
2985 2116 3145 2176 atque
3167 2122 3353 2166 emeno

1775 2193 1921 2248 datio
1957 2194 2120 2249 totius
2171 2195 2354 2248 mundi
2385 2205 2473 2248 est
2507 2193 2642 2264 (45).
2669 2195 2908 2260 Quorum
2937 2197 3184 2252 omnium
3214 2204 3353 2254 catt»

1775 2298 1848 2339 sae
1880 2300 1990 2339 non
2028 2286 2130 2340 nisi
2155 2300 2278 2340 cuni
2311 2287 2482 2356 ipsius
2514 2287 2701 2341 mundi
2737 2287 2844 2342 fine
2868 2289 3196 2345 claudentur
3224 2307 3240 2344 :
3295 2290 3352 2348 et

1777 2379 1900 2434 ideo
1927 2395 2033 2436 non
2069 2391 2213 2436 esset
2247 2381 2453 2449 justum
2495 2379 2762 2447 judicium
2796 2382 2912 2448 Dei,
2954 2381 3128 2438 donec
3166 2384 3234 2440 de
3267 2384 3352 2439 his

1776 2473 2006 2542 singulis
2031 2473 2112 2528 vel
2143 2473 2441 2543 profectus,
2466 2472 2554 2526 vel
2585 2473 2977 2543 impedimenta
3025 2476 3348 2543 penderent.

1774 2565 1930 2632 Quod
1948 2576 2004 2622 et
2029 2567 2326 2636 Apostolus
2355 2567 2666 2638 significare
2690 2569 2926 2633 videtur,
2955 2582 3078 2623 cuin
3109 2572 3242 2626 dicit
3268 2564 3312 2603 “
3331 2604 3347 2626 .

1782 2678 1801 2712 ε
1835 2661 2202 2727 Quorumdam
2233 2662 2512 2716 hominum
2552 2671 2773 2731 peccata
2831 2657 3122 2718 manifesta
3171 2672 3297 2718 sunt
3329 2697 3346 2728 ,

1775 2751 2135 2820 prrecedentia
2174 2751 2241 2806 ad
2293 2750 2602 2819 judicium;
2664 2754 3020 2821 quorumdam
3074 2762 3260 2811 autem
3288 2763 3346 2810 et

1775 2843 2199 2912 subsequuntur.
2253 2864 2272 2897 ι
2323 2842 2443 2898 Jam
2483 2859 2610 2898 vero
2650 2844 2697 2898 si
2745 2846 2911 2901 etiam
2942 2854 3097 2901 extra
3149 2855 3347 2918 corpus

1774 2935 1935 3003 positi
1970 2936 2052 2990 vel
2078 2936 2276 3004 sancti,
2303 2939 2393 3007 qui
2427 2953 2549 2992 cum
2579 2937 2802 2993 Christo
2839 2951 2986 3004 sunt,
3028 2949 3196 3009 agunt
3245 2938 3348 2997 alis

1777 3030 1928 3097 quid,
1961 3039 2012 3084 et
2041 3030 2291 3085 laborant
2321 3047 2418 3102 pro
2454 3033 2612 3088 nobis
2646 3033 2712 3087 ad
2738 3031 3152 3089 similitudinem
3183 3044 3348 3103 ange‘

106 3141 356 3207 iudicabit
389 3141 536 3196 Deus
559 3141 771 3196 occulta
806 3143 1084 3196 hominum
1109 3143 1151 3196 θ,
1191 3163 1210 3196 ι
1252 3143 1308 3197 ln
1345 3160 1456 3214 quo
1485 3145 1671 3214 utique
1700 3135 1742 3192 C
1779 3125 1975 3189 'ommv
2007 3124 2101 3193 (ὶυί
2154 3125 2350 3180 Samus
2420 3134 2618 3179 "05"“:
2671 3125 2972 3180 minis‘eria
3005 3131 3297 3194 procum“l
3325 3135 3344 3184 3

112 3233 336 3286 ostendit
368 3232 582 3287 occulta
606 3233 882 3288 hominum
915 3234 1200 3289 revelanda
1227 3252 1332 3289 non
1366 3237 1467 3290 nisi
1504 3238 1554 3291 iii
1589 3239 1676 3294 die

112 3338 208 3390 qua
242 3323 588 3391 iudicaturus
619 3334 704 3379 est
756 3325 897 3379 Deus
928 3366 944 3390 ,
995 3327 1138 3380 sicut
1163 3337 1219 3382 et
1263 3327 1328 3380 ad
1361 3327 1674 3384 Corinthios

112 3414 404 3468 evidentius
431 3415 595 3469 dicit:
635 3433 654 3466 ι
676 3414 855 3472 Nolite
881 3426 1008 3471 ante
1027 3427 1260 3485 tempus,
1293 3439 1310 3470 ι
1335 3419 1512 3488 inquit
1536 3420 1668 3490 (45),

123 3521 139 3554 i
167 3503 428 3571 judicare,
462 3520 742 3576 usquequo
774 3507 959 3561 veniat
989 3507 1251 3562 Dominus
1276 3548 1292 3573 ,
1321 3510 1412 3580 qui
1453 3519 1507 3564 et
1555 3511 1674 3565 illu-

115 3596 328 3650 minabit
359 3597 568 3650 occulta
607 3600 954 3653 tenebrarum
981 3637 996 3661 ,
1049 3610 1104 3654 et
1137 3601 1510 3656 inaiiifestabit
1544 3616 1672 3656 con-

113 3686 224 3740 silia
245 3689 484 3742 cordium
520 3688 585 3743 ¹⁰.
628 3705 647 3738 ι
683 3687 814 3754 Qua:
854 3689 1040 3757 utique
1089 3691 1272 3743 omnia
1306 3692 1376 3745 de
1425 3692 1528 3746 hac
1575 3707 1670 3746 ea-

115 3780 225 3832 dem
254 3780 339 3834 die
371 3779 480 3834 dici
509 3779 906 3850 intelliguntur,
942 3782 995 3835 in
1029 3796 1135 3851 qua
1163 3785 1421 3847 tenebrae,
1452 3795 1506 3838 et
1537 3798 1670 3838 nim-

113 3887 218 3935 ror,
256 3883 308 3926 et
354 3871 579 3926 tristitia
614 3872 795 3926 futura
857 3872 1131 3938 dicuntur,
1193 3885 1413 3944 propter
1453 3891 1546 3931 eos
1579 3877 1670 3944 qui

115 3963 285 4018 inultis
315 3973 666 4032 peccatorum
697 3964 1015 4020 vulneribus
1046 3965 1285 4020 confossi
1326 3968 1467 4037 ignis
1497 3983 1670 4023 reme-

114 4055 208 4108 diis
255 4057 592 4124 indigebunt.
626 4055 744 4120 Quo
798 4057 852 4111 in
907 4066 1148 4124 tempore
1187 4059 1396 4112 dicetur
1442 4060 1508 4112 ad
1540 4073 1671 4112 san-

117 4159 223 4202 ctus
256 4167 270 4202 :
311 4169 329 4202 ι
363 4151 554 4220 Perge,
579 4152 810 4220 pepulus
842 4165 1013 4214 meus,
1049 4153 1185 4204 intra
1224 4153 1273 4205 in
1295 4155 1669 4221 promptuaria

117 4253 217 4305 tua,
252 4245 443 4298 claude
477 4245 677 4298 osdum
721 4253 892 4308 tuum,
925 4245 1201 4298 occultare
1239 4247 1538 4315 paulisper,
1575 4247 1672 4300 do-

115 4349 207 4387 nec
239 4346 477 4391 transeat
500 4336 652 4391 furor
684 4337 776 4391 irae
808 4350 940 4389 mea:
983 4335 1046 4389 “.
1093 4355 1111 4387 ι
1140 4336 1194 4389 ln
1223 4337 1425 4405 quibus
1463 4353 1670 4392 sermo-

114 4426 264 4483 nibus
286 4440 503 4498 quanta:
533 4429 733 4483 divitize
756 4429 1014 4484 bonitatis
1035 4427 1133 4483 Dei
1161 4429 1524 4496 occultentur,
1543 4447 1670 4500 pro-

111 4527 223 4585 pter
250 4532 340 4573 eos
367 4518 458 4587 qui
487 4519 806 4588 patientiam
839 4520 956 4588 ejus
987 4519 1397 4588 bonitatemque
1424 4533 1667 4577 contem-

115 4620 260 4671 nunt,
316 4610 674 4666 manifestare
734 4626 842 4665 non
877 4626 1012 4680 opus
1049 4619 1150 4665 est.
1183 4609 1503 4679 Requiritur
1536 4628 1689 4668 sane-

116 4714 141 4750 a
162 4700 472 4767 quibusdam
507 4717 604 4756 cur
631 4701 746 4756 dies
799 4701 908 4765 hic,
938 4703 1004 4756 de
1033 4715 1141 4771 quo
1168 4702 1414 4771 superius
1472 4702 1668 4757 biblio-

113 4791 288 4848 thecas
315 4793 664 4863 propheticas
690 4794 982 4860 movimus,
1011 4793 1064 4846 in
1089 4792 1195 4848 fine
1223 4793 1408 4847 mundi
1432 4801 1667 4849 statutus

115 4885 196 4948 sit,
229 4897 282 4940 ut
306 4903 495 4942 omnes
521 4887 613 4956 qui
663 4887 732 4940 ab
761 4886 917 4939 initio
965 4884 1146 4939 szecnli
1185 4899 1356 4950 usque
1388 4885 1455 4940 ad
1507 4885 1664 4940 ﬁnem

177 5029 198 5059 ⁸
235 5027 329 5083 Isa.
372 5044 510 5094 xm,
553 5029 609 5084 9.
705 5028 725 5057 ⁷
757 5028 889 5081 ibid.
917 5027 1002 5080 15.
1081 5027 1102 5059 ⁸
1132 5025 1320 5080 Matth.
1353 5043 1385 5079 x
1413 5067 1428 5088 ,
1482 5027 1574 5081 26.

116 5096 154 5127 ¹¹
182 5098 306 5154 Tob.
341 5115 437 5166 xii,
462 5100 510 5152 7.
590 5101 633 5130 ¹³
661 5098 679 5153 l
708 5097 848 5152 Titii.
880 5114 912 5151 v
936 5136 952 5164 ,
991 5097 1084 5152 ‘24.

179 5236 283 5307 (42)
320 5238 412 5309 Sic
446 5255 576 5295 mss.
600 5239 925 5309 pleriqueet
967 5237 1243 5309 Habanus.
1274 5238 1415 5294 Editi
1442 5254 1590 5301 vero,
1614 5249 1668 5294 et

117 5306 209 5382 nis.
235 5324 369 5382 unus
393 5306 774 5382 Regiiis'uum.
809 5306 971 5372 1641,
1008 5327 1028 5360 α
1060 5308 1176 5364 dies
1203 5310 1297 5364 irae
1319 5320 1375 5364 et
1394 5309 1666 5378 vindictae,

115 5376 222 5450 dies
236 5379 434 5450 judicii
467 5376 834 5450 designatur.»

181 5446 286 5586 (45;
312 5466 330 5498 i
355 5447 548 5519 inquit.
575 5446 608 5502 i'
619 5453 779 5506 Deest
803 5452 854 5504 in
871 5451 1054 5515 editis,
1069 5451 1442 5506 etrestituitur
1457 5464 1522 5505 ex
1538 5465 1670 5504 mss.

205 5518 264 5570 44
323 5519 479 5577 Ediii.
521 5520 779 5576 Rabanus
814 5531 869 5577 et
911 5537 1013 5578 ms.
1055 5522 1258 5586 Regius
1308 5535 1460 5576 num.
1509 5521 1669 5584 1659,

205 5518 286 5593 44)
323 5518 479 5577 Editi.
521 5520 779 5576 Rabanus
814 5531 869 5577 et
911 5537 1013 5578 ms.
1055 5522 1258 5593 Regius
1308 5535 1460 5576 num.
1509 5521 1669 5584 1659,

118 5588 355 5641 omittunt
382 5607 400 5638 ι
429 5593 510 5645 vel
537 5610 580 5644 ι.

183 5655 288 5725 (45)
321 5675 340 5707 ‹
374 5659 468 5713 Est
500 5680 519 5713 ι
559 5671 675 5726 post
706 5679 725 5711 ι
767 5663 936 5718 totius
960 5663 1146 5717 mundi
1174 5703 1190 5726 ,
1230 5679 1249 5712 ι
1286 5659 1555 5714 omittitur
1611 5659 1665 5714 in

123 5726 292 5792 editis,
321 5738 376 5780 et
410 5730 461 5783 in
493 5731 764 5799 plerisque
796 5748 925 5786 mss.
965 5733 1187 5786 nostris.
1231 5731 1484 5784 [tabanus
1530 5731 1667 5784 hanc

129 5807 298 5852 vocem
323 5800 472 5866 ponit
502 5810 620 5871 post
649 5819 666 5851 i
694 5804 1114 5870 apostolicarum
1141 5802 1440 5857 litterarum
1473 5816 1660 5871 opus.

1650 5029 1671 5060 ⁹
1700 5029 1858 5082 Rom.
1900 5042 1961 5091 ιι,
2004 5025 2092 5093 15,
2131 5024 2218 5080 16.

1162 5097 1278 5128 “"3
1309 5095 1504 5152 Matth.
1549 5114 1678 5163 xxv,
1711 5101 1801 5154 41.

1776 3216 1860 3272 vel
1893 3232 2106 3270 rursum
2138 3227 2451 3285 peccatores
2479 3217 2642 3271 etiam
2688 3217 2787 3287 ipsi
2835 3225 2990 3272 extra
3025 3233 3218 3288 corpus
3247 3233 3348 3290 pob

1775 3308 1861 3362 siti
1883 3311 2050 3376 agii‘iit
2081 3307 2278 3376 aliquid
2299 3309 2595 3362 secundum
2615 3309 2950 3377 propositum
2981 3310 3180 3365 mentis
3208 3322 3347 3378 suae,

1775 3400 1844 3453 ad
1873 3398 2186 3469 angelorum
2242 3399 2593 3454 nihilominus
2649 3400 3056 3457 similitudinem
3092 3401 3346 3458 sinistros

1777 3505 1920 3553 rum,
1952 3504 2074 3544 cum
2101 3489 2298 3557 quibus
2327 3500 2382 3544 et
2410 3491 2462 3544 iu
2493 3500 2762 3545 aeternum
2795 3493 2971 3562 ignem
2997 3494 3242 3549 mittendi
3266 3496 3337 3549 dii

1775 3593 1972 3636 cuntur
1999 3596 2028 3636 a
2051 3581 2268 3637 Christo
2307 3583 2445 3648 ‘5'”,
2483 3584 2751 3638 habeatur
2779 3595 2833 3637 et
2859 3585 2959 3641 hoc
2987 3601 3202 3657 quoque
3224 3586 3340 3658 (46)

1774 3679 1917 3731 inter
1950 3677 2165 3731 occulta
2209 3676 2322 3740 Dei,
2361 3691 2459 3731 nec
2507 3676 2770 3731 chartula:
2805 3681 3191 3733 committenda
3223 3694 3345 3751 mye

1774 3770 1962 3824 steria.
2007 3768 2292 3823 Sutliciant
2343 3768 2443 3822 ista
2476 3770 2541 3822 de
2580 3769 2668 3822 die
2718 3769 2814 3822 ira:
2858 3780 2910 3823 et
2972 3771 3342 3826 revelationis.

1773 3862 1928 3917 Nunc
1959 3863 2301 3931 requiramus
2333 3860 2400 3914 de
2432 3857 2580 3928 justo
2604 3860 2812 3928 judicio
2844 3860 2958 3927 Dei,
3009 3862 3060 3915 in
3089 3878 3194 3931 quo
3223 3863 3337 3918 reds

1774 3955 1864 4008 det
1889 3954 2181 4022 unicuique
2207 3954 2502 4008 secundum
2534 3968 2698 4023 opera
2744 3969 2862 4009 sua.
2917 3955 2983 4008 Et
3012 3955 3189 4024 primo
3225 3954 3345 4024 qui-

1772 4047 1897 4100 dem
1950 4045 2314 4101 excludantur
2346 4045 2586 4099 haeretici
2616 4084 2632 4110 ,
2673 4046 2763 4114 qui
2817 4047 3000 4101 dicunt
3034 4047 3208 4102 bonas
3253 4047 3342 4101 vel

1774 4137 1944 4192 malas
1969 4138 2274 4191 animarum
2311 4148 2574 4203 naturas,
2608 4148 2661 4192 et
2697 4139 2918 4194 audiant
2953 4142 3079 4209 quia
3110 4156 3212 4193 non
3240 4153 3343 4210 pro

1774 4239 1962 4284 natura
1992 4229 2286 4298 unicuique
2341 4229 2504 4292 Deus,
2531 4230 2752 4310 sed.pro
2787 4233 3042 4299 operibus
3069 4235 3192 4295 suis,
3215 4234 3342 4288 red.

1774 4324 1884 4377 det.
1925 4323 2174 4376 Secundo
2210 4323 2263 4375 in
2297 4321 2414 4376 loco
2442 4323 2782 4377 aedificentur
2815 4323 3027 4383 fideles,
3058 4340 3123 4379 ne
3152 4336 3341 4392 putent

1775 4414 1879 4468 sibi
1918 4413 2019 4468 hoc
2046 4414 2220 4468 solum
2253 4412 2499 4469 sufﬁcere
2542 4429 2701 4483 posse
2751 4416 2892 4485 quod
2945 4417 3210 4484 credunt;
3247 4416 3340 4472 sed

1774 4507 1951 4561 sciant
1973 4504 2176 4573 justum
2229 4504 2492 4571 judicium
2524 4507 2614 4561 Dei
2670 4507 2896 4560 reddere
2929 4509 3219 4578 unicuique
3249 4524 3340 4566 se-

1774 4599 2010 4654 cundum
2043 4614 2206 4666 opera
2233 4613 2353 4652 sua.
2391 4601 2533 4653 Sane
2568 4599 2826 4667 quoniam
2848 4595 2979 4654 dicit
3003 4600 3056 4653 in
3086 4601 3190 4655 hoc
3216 4613 3342 4658 esse

1768 4693 1972 4764 justum
1995 4693 2256 4763 judicium
2283 4692 2400 4756 Dei,
2428 4700 2488 4746 ut
2513 4692 2803 4762 unicuique
2836 4692 3024 4748 reddat
3043 4694 3339 4749 secundum

1771 4803 1934 4858 opera
1964 4802 2061 4841 sua
2093 4785 2226 4857 (47),
2252 4787 2576 4841 videbuntur
2607 4801 2944 4857 nequaquam
2969 4803 3067 4857 pro
3096 4789 3199 4844 hoc
3221 4802 3341 4844 sere

1773 4897 1931 4938 mone
1959 4881 2172 4936 excludi
2214 4895 2370 4950 posse
2396 4880 2626 4950 gentiles
2649 4920 2666 4946 ,
2713 4880 2760 4935 si
2818 4881 2959 4936 forte
2985 4891 3035 4935 et
3079 4882 3179 4950 ipsi
3209 4879 3338 4937 boni

2296 5025 2339 5054 ¹⁰
2362 5022 2383 5077 l
2404 5023 2529 5078 Cor.
2558 5038 2631 5088 iv,
2650 5017 2703 5078 5.
2851 5021 2894 5055 ¹¹
2918 5022 3025 5078 Isa.
3051 5037 3200 5089 xxvr,
3245 5018 3336 5080 20.

1771 5232 1872 5294 Ms.
1907 5237 2106 5308 Regius
2141 5252 2289 5292 num.
2323 5235 2484 5300 1659,
2513 5252 2532 5288 ‹
2581 5233 2747 5292 totius
2780 5234 2965 5291 mundi
3018 5225 3334 5288 manifestao

1771 5311 1958 5364 bitur:
1996 5323 2245 5376 quorum,
2284 5326 2304 5359 ι
2331 5317 2440 5362 etc.

1842 5378 1956 5449 (46)
1987 5375 2084 5433 Ms.
2120 5392 2260 5432 unus
2283 5419 2298 5443 ,
2337 5395 2356 5427 ι
2408 5376 2713 5449 habeantur
2767 5385 2823 5432 et
2849 5375 2985 5449 hate
3011 5386 3227 5449 quoque
3251 5409 3268 5438 ,
3303 5383 3326 5429 ι

1771 5445 1877 5504 θιό.
1913 5449 2018 5503 Sed
2044 5449 2223 5503 caeteri
2255 5463 2409 5511 mss.,
2439 5447 2691 5502 Rabanus
2716 5457 2774 5501 et
2797 5445 2929 5501 editi
2959 5453 3016 5500 ut
3041 5445 3092 5498 in
3116 5451 3285 5511 textu.

1846 5519 1955 5589 (47)
1989 5537 2008 5568 σ
2047 5518 2189 5572 Sane
2215 5507 2468 5586 quoniam
2498 5518 2628 5571 dicit
2657 5517 2849 5589 in_hoc
2878 5529 2999 5570 esse
3020 5515 3220 5584 justum
3239 5507 3331 5584 ju-

1775 5587 1974 5644 dicium
2020 5589 2135 5650 Dei,
2176 5597 2235 5641 ut
2283 5589 2575 5655 unicuique
2612 5587 2800 5640 reddat
2841 5589 3134 5639 secundum
3169 5592 3331 5653 opera

1774 5675 1893 5713 sua.
1925 5679 1944 5710 ι
1976 5659 2101 5712 Haac
2133 5657 2508 5711 desiderantur
2541 5659 2590 5709 iii
2618 5657 2770 5709 libris
2804 5665 2961 5709 antea
2989 5657 3170 5718 editis,
3203 5657 3329 5710 etin

1775 5745 1877 5784 nis.
1910 5729 2077 5797 Iiegio
2112 5745 2260 5781 nnin.
2301 5728 2460 5784 1659.
2493 5742 2697 5780 necnon
2726 5729 2866 5796 apud
2899 5726 3210 5794 liabanum;
3240 5726 3331 5782 Sed

1773 5801 2135 5856 restituuntur
2170 5813 2236 5853 cx
2265 5800 2476 5852 caeteris
2507 5812 2635 5852 rnss.
