  <div class='ocr_page' id='page_1' title='image "/cluster/home/n/w/nwhite01/storage/ocr_20150623/14/mdp.39015052831362/499.png"; bbox 0 0 3684 6148; ppageno 0'>
   <div class='ocr_carea' id='block_1_1' title="bbox 349 372 453 428">
    <p class='ocr_par' dir='ltr' id='par_1_1' title="bbox 349 372 453 428">
     <span class='ocr_line' id='line_1_1' title="bbox 349 372 453 428; baseline -0.019 0"><span class='ocrx_word' id='word_1_1' title='bbox 349 372 453 428; x_wconf 85' lang='grc'><strong>879</strong></span> 
     </span>
    </p>
   </div>
   <div class='ocr_carea' id='block_1_2' title="bbox 1779 372 3553 441">
    <p class='ocr_par' dir='ltr' id='par_1_2' title="bbox 1779 372 3553 441">
     <span class='ocr_line' id='line_1_2' title="bbox 1779 372 3553 441; baseline 0.002 -9"><span class='ocrx_word' id='word_1_2' title='bbox 1779 372 2102 432; x_wconf 83' lang='lat' dir='ltr'><strong>ORIGENIS</strong></span> <span class='ocrx_word' id='word_1_3' title='bbox 3475 386 3553 441; x_wconf 66' lang='grc'>881)</span> 
     </span>
    </p>
   </div>
   <div class='ocr_carea' id='block_1_3' title="bbox 347 485 3557 572">
    <p class='ocr_par' dir='ltr' id='par_1_3' title="bbox 347 485 3557 572">
     <span class='ocr_line' id='line_1_3' title="bbox 347 485 3557 572; baseline 0.005 -30"><span class='ocrx_word' id='word_1_4' title='bbox 347 485 554 557; x_wconf 89' lang='lat' dir='ltr'><strong>aliquid</strong></span> <span class='ocrx_word' id='word_1_5' title='bbox 591 496 906 557; x_wconf 81' lang='lat' dir='ltr'><strong>operentur,</strong></span> <span class='ocrx_word' id='word_1_6' title='bbox 950 497 1006 543; x_wconf 91' lang='lat' dir='ltr'><strong>ct</strong></span> <span class='ocrx_word' id='word_1_7' title='bbox 1046 489 1384 545; x_wconf 78' lang='lat' dir='ltr'><strong>emendatius</strong></span> <span class='ocrx_word' id='word_1_8' title='bbox 1416 500 1599 560; x_wconf 83' lang='lat' dir='ltr'><strong>agant.</strong></span> <span class='ocrx_word' id='word_1_9' title='bbox 1627 491 1733 547; x_wconf 88' lang='lat' dir='ltr'><strong>Sed</strong></span> <span class='ocrx_word' id='word_1_10' title='bbox 1762 492 1912 548; x_wconf 75' lang='lat' dir='ltr'><strong>et&#39;il-</strong></span> <span class='ocrx_word' id='word_1_11' title='bbox 1942 498 1990 556; x_wconf 83' lang='grc' dir='ltr'><strong>Α</strong></span> <span class='ocrx_word' id='word_1_12' title='bbox 2019 494 2277 560; x_wconf 90' lang='lat' dir='ltr'><strong>tentione,</strong></span> <span class='ocrx_word' id='word_1_13' title='bbox 2307 502 2362 550; x_wconf 90' lang='lat' dir='ltr'><strong>et</strong></span> <span class='ocrx_word' id='word_1_14' title='bbox 2384 494 2476 565; x_wconf 85' lang='lat' dir='ltr'><strong>qui</strong></span> <span class='ocrx_word' id='word_1_15' title='bbox 2507 492 2765 567; x_wconf 77' lang='lat' dir='ltr'><strong>difﬁdunt</strong></span> <span class='ocrx_word' id='word_1_16' title='bbox 2794 497 3015 566; x_wconf 88' lang='lat' dir='ltr'><strong>quidem</strong></span> <span class='ocrx_word' id='word_1_17' title='bbox 3046 500 3265 554; x_wconf 76' lang='lat' dir='ltr'><strong>veritati</strong></span> <span class='ocrx_word' id='word_1_18' title='bbox 3316 500 3443 572; x_wconf 78' lang='lat'><strong>(55),</strong></span> <span class='ocrx_word' id='word_1_19' title='bbox 3485 506 3557 558; x_wconf 86' lang='lat' dir='ltr'><strong>ob-</strong></span> 
     </span>
    </p>
   </div>
   <div class='ocr_carea' id='block_1_4' title="bbox 347 579 1917 653">
    <p class='ocr_par' dir='ltr' id='par_1_4' title="bbox 347 579 1917 653">
     <span class='ocr_line' id='line_1_4' title="bbox 347 579 1917 653; baseline 0.004 -19"><span class='ocrx_word' id='word_1_20' title='bbox 347 579 439 635; x_wconf 87' lang='lat' dir='ltr'><strong>ind</strong></span> <span class='ocrx_word' id='word_1_21' title='bbox 464 581 608 648; x_wconf 90' lang='lat' dir='ltr'><strong>quod</strong></span> <span class='ocrx_word' id='word_1_22' title='bbox 639 580 692 634; x_wconf 94' lang='lat' dir='ltr'><strong>in</strong></span> <span class='ocrx_word' id='word_1_23' title='bbox 729 580 1012 637; x_wconf 77' lang='lat' dir='ltr'><strong>Ezechiele</strong></span> <span class='ocrx_word' id='word_1_24' title='bbox 1038 585 1296 653; x_wconf 90' lang='lat' dir='ltr'><strong>scriptum</strong></span> <span class='ocrx_word' id='word_1_25' title='bbox 1327 594 1410 639; x_wconf 90' lang='lat' dir='ltr'><strong>est</strong></span> <span class='ocrx_word' id='word_1_26' title='bbox 1432 623 1449 648; x_wconf 89' lang='lat'><strong>,</strong></span> <span class='ocrx_word' id='word_1_27' title='bbox 1475 585 1602 640; x_wconf 87' lang='lat' dir='ltr'><strong>huic</strong></span> <span class='ocrx_word' id='word_1_28' title='bbox 1629 585 1917 641; x_wconf 68' lang='lat' dir='ltr'><strong>sententia:</strong></span> 
     </span>
    </p>
   </div>
   <div class='ocr_carea' id='block_1_5' title="bbox 346 671 1918 737">
    <p class='ocr_par' dir='ltr' id='par_1_5' title="bbox 346 671 1918 737">
     <span class='ocr_line' id='line_1_5' title="bbox 346 671 1918 737; baseline 0.008 -13"><span class='ocrx_word' id='word_1_29' title='bbox 346 671 563 725; x_wconf 90' lang='lat' dir='ltr'><strong>videtur</strong></span> <span class='ocrx_word' id='word_1_30' title='bbox 591 672 891 727; x_wconf 89' lang='lat' dir='ltr'><strong>adversari.</strong></span> <span class='ocrx_word' id='word_1_31' title='bbox 923 673 1064 728; x_wconf 92' lang='lat' dir='ltr'><strong>Dicit</strong></span> <span class='ocrx_word' id='word_1_32' title='bbox 1094 676 1236 730; x_wconf 87' lang='lat' dir='ltr'><strong>enim</strong></span> <span class='ocrx_word' id='word_1_33' title='bbox 1269 694 1282 730; x_wconf 91' lang='lat'><strong>:</strong></span> <span class='ocrx_word' id='word_1_34' title='bbox 1321 695 1339 728; x_wconf 79' lang='grc' dir='ltr'><strong>ι</strong></span> <span class='ocrx_word' id='word_1_35' title='bbox 1378 676 1512 732; x_wconf 87' lang='lat' dir='ltr'><strong>Cum</strong></span> <span class='ocrx_word' id='word_1_36' title='bbox 1543 681 1809 734; x_wconf 75' lang='lat' dir='ltr'><strong>averterit</strong></span> <span class='ocrx_word' id='word_1_37' title='bbox 1855 694 1918 737; x_wconf 88' lang='lat' dir='ltr'><strong>se</strong></span> 
     </span>
    </p>
   </div>
   <div class='ocr_carea' id='block_1_6' title="bbox 343 761 1917 838">
    <p class='ocr_par' dir='ltr' id='par_1_6' title="bbox 343 761 1917 838">
     <span class='ocr_line' id='line_1_6' title="bbox 343 761 1917 838; baseline 0.002 -15"><span class='ocrx_word' id='word_1_38' title='bbox 343 761 524 834; x_wconf 77' lang='lat' dir='ltr'><strong>iustus</strong></span> <span class='ocrx_word' id='word_1_39' title='bbox 555 779 584 818; x_wconf 91' lang='lat' dir='ltr'><strong>a</strong></span> <span class='ocrx_word' id='word_1_40' title='bbox 615 764 827 835; x_wconf 89' lang='lat' dir='ltr'><strong>justitia</strong></span> <span class='ocrx_word' id='word_1_41' title='bbox 860 780 982 830; x_wconf 90' lang='lat' dir='ltr'><strong>sua,</strong></span> <span class='ocrx_word' id='word_1_42' title='bbox 1013 776 1062 820; x_wconf 91' lang='lat' dir='ltr'><strong>et</strong></span> <span class='ocrx_word' id='word_1_43' title='bbox 1100 769 1292 822; x_wconf 86' lang='lat' dir='ltr'><strong>tecerit</strong></span> <span class='ocrx_word' id='word_1_44' title='bbox 1340 769 1682 838; x_wconf 92' lang='lat' dir='ltr'><strong>iniquitatem</strong></span> <span class='ocrx_word' id='word_1_45' title='bbox 1720 787 1917 826; x_wconf 90' lang='lat' dir='ltr'><strong>secun-</strong></span> 
     </span>
    </p>
   </div>
   <div class='ocr_carea' id='block_1_7' title="bbox 350 866 1918 939">
    <p class='ocr_par' dir='ltr' id='par_1_7' title="bbox 350 866 1918 939">
     <span class='ocr_line' id='line_1_7' title="bbox 350 866 1918 939; baseline 0.003 -19"><span class='ocrx_word' id='word_1_46' title='bbox 350 866 476 920; x_wconf 91' lang='lat' dir='ltr'><strong>dum</strong></span> <span class='ocrx_word' id='word_1_47' title='bbox 507 880 699 920; x_wconf 91' lang='lat' dir='ltr'><strong>omnes</strong></span> <span class='ocrx_word' id='word_1_48' title='bbox 740 866 1056 935; x_wconf 88' lang='lat' dir='ltr'><strong>iniquitates</strong></span> <span class='ocrx_word' id='word_1_49' title='bbox 1085 882 1224 937; x_wconf 89' lang='lat' dir='ltr'><strong>quas</strong></span> <span class='ocrx_word' id='word_1_50' title='bbox 1253 867 1381 922; x_wconf 90' lang='lat' dir='ltr'><strong>fecit</strong></span> <span class='ocrx_word' id='word_1_51' title='bbox 1431 869 1674 939; x_wconf 90' lang='lat' dir='ltr'><strong>iniquus,</strong></span> <span class='ocrx_word' id='word_1_52' title='bbox 1728 884 1918 925; x_wconf 75' lang='lat' dir='ltr'><strong>omnes</strong></span> 
     </span>
    </p>
   </div>
   <div class='ocr_carea' id='block_1_8' title="bbox 342 956 1913 1028">
    <p class='ocr_par' dir='ltr' id='par_1_8' title="bbox 342 956 1913 1028">
     <span class='ocr_line' id='line_1_8' title="bbox 342 956 1913 1028; baseline 0.003 -17"><span class='ocrx_word' id='word_1_53' title='bbox 342 956 569 1025; x_wconf 74' lang='lat' dir='ltr'><strong>justitia:</strong></span> <span class='ocrx_word' id='word_1_54' title='bbox 603 958 720 1028; x_wconf 87' lang='lat' dir='ltr'><strong>ejus</strong></span> <span class='ocrx_word' id='word_1_55' title='bbox 765 974 900 1027; x_wconf 88' lang='lat' dir='ltr'><strong>quas</strong></span> <span class='ocrx_word' id='word_1_56' title='bbox 930 958 1058 1013; x_wconf 89' lang='lat' dir='ltr'><strong>fecit</strong></span> <span class='ocrx_word' id='word_1_57' title='bbox 1113 958 1217 1013; x_wconf 85' lang='lat' dir='ltr'><strong>non</strong></span> <span class='ocrx_word' id='word_1_58' title='bbox 1244 961 1813 1015; x_wconf 89' lang='lat' dir='ltr'><strong>commemorabuntur</strong></span> <span class='ocrx_word' id='word_1_59' title='bbox 1862 963 1913 1016; x_wconf 93' lang='lat' dir='ltr'><strong>in</strong></span> 
     </span>
    </p>
   </div>
   <div class='ocr_carea' id='block_1_9' title="bbox 347 1049 1917 1127">
    <p class='ocr_par' dir='ltr' id='par_1_9' title="bbox 347 1049 1917 1127">
     <span class='ocr_line' id='line_1_9' title="bbox 347 1049 1917 1127; baseline 0.004 -23"><span class='ocrx_word' id='word_1_60' title='bbox 347 1050 498 1119; x_wconf 88' lang='lat' dir='ltr'><strong>lapsu</strong></span> <span class='ocrx_word' id='word_1_61' title='bbox 532 1049 650 1118; x_wconf 87' lang='lat' dir='ltr'><strong>ejus</strong></span> <span class='ocrx_word' id='word_1_62' title='bbox 681 1066 788 1120; x_wconf 91' lang='lat' dir='ltr'><strong>quo</strong></span> <span class='ocrx_word' id='word_1_63' title='bbox 819 1053 1000 1120; x_wconf 90' lang='lat' dir='ltr'><strong>lapsus</strong></span> <span class='ocrx_word' id='word_1_64' title='bbox 1028 1061 1108 1105; x_wconf 92' lang='lat' dir='ltr'><strong>est</strong></span> <span class='ocrx_word' id='word_1_65' title='bbox 1134 1069 1149 1116; x_wconf 92' lang='lat'><strong>;</strong></span> <span class='ocrx_word' id='word_1_66' title='bbox 1184 1053 1279 1106; x_wconf 87' lang='lat' dir='ltr'><strong>sed</strong></span> <span class='ocrx_word' id='word_1_67' title='bbox 1308 1054 1359 1106; x_wconf 93' lang='lat' dir='ltr'><strong>iu</strong></span> <span class='ocrx_word' id='word_1_68' title='bbox 1388 1056 1627 1124; x_wconf 87' lang='lat' dir='ltr'><strong>peccatis</strong></span> <span class='ocrx_word' id='word_1_69' title='bbox 1661 1054 1773 1127; x_wconf 75' lang='grc'>(48)</span> <span class='ocrx_word' id='word_1_70' title='bbox 1805 1057 1917 1111; x_wconf 92' lang='lat' dir='ltr'><strong>suis</strong></span> 
     </span>
    </p>
   </div>
   <div class='ocr_carea' id='block_1_10' title="bbox 347 1143 1915 1215">
    <p class='ocr_par' dir='ltr' id='par_1_10' title="bbox 347 1143 1915 1215">
     <span class='ocr_line' id='line_1_10' title="bbox 347 1143 1915 1215; baseline 0.003 -17"><span class='ocrx_word' id='word_1_71' title='bbox 347 1158 468 1212; x_wconf 73' lang='lat' dir='ltr'><strong>quae</strong></span> <span class='ocrx_word' id='word_1_72' title='bbox 497 1146 758 1213; x_wconf 84' lang='lat' dir='ltr'><strong>peccavit,</strong></span> <span class='ocrx_word' id='word_1_73' title='bbox 796 1145 848 1198; x_wconf 90' lang='lat' dir='ltr'><strong>in</strong></span> <span class='ocrx_word' id='word_1_74' title='bbox 879 1146 1013 1215; x_wconf 83' lang='lat' dir='ltr'><strong>ipsis</strong></span> <span class='ocrx_word' id='word_1_75' title='bbox 1049 1146 1310 1201; x_wconf 87' lang='lat' dir='ltr'><strong>morietur</strong></span> <span class='ocrx_word' id='word_1_76' title='bbox 1340 1147 1405 1199; x_wconf 65' lang='lat'><strong>‘9.</strong></span> <span class='ocrx_word' id='word_1_77' title='bbox 1427 1143 1664 1199; x_wconf 76' lang='lat' dir='ltr'><strong>tEtenim</strong></span> <span class='ocrx_word' id='word_1_78' title='bbox 1684 1149 1728 1203; x_wconf 88' lang='lat' dir='ltr'><strong>si</strong></span> <span class='ocrx_word' id='word_1_79' title='bbox 1782 1149 1915 1203; x_wconf 90' lang='lat' dir='ltr'><strong>nihil</strong></span> 
     </span>
    </p>
   </div>
   <div class='ocr_carea' id='block_1_11' title="bbox 346 1236 1909 1308">
    <p class='ocr_par' dir='ltr' id='par_1_11' title="bbox 346 1236 1909 1308">
     <span class='ocr_line' id='line_1_11' title="bbox 346 1236 1909 1308; baseline 0.003 -17"><span class='ocrx_word' id='word_1_80' title='bbox 346 1250 412 1291; x_wconf 85' lang='lat' dir='ltr'><strong>ex</strong></span> <span class='ocrx_word' id='word_1_81' title='bbox 439 1236 647 1307; x_wconf 90' lang='lat' dir='ltr'><strong>justitia</strong></span> <span class='ocrx_word' id='word_1_82' title='bbox 673 1236 826 1308; x_wconf 87' lang='lat' dir='ltr'><strong>justi,</strong></span> <span class='ocrx_word' id='word_1_83' title='bbox 857 1252 980 1292; x_wconf 93' lang='lat' dir='ltr'><strong>cum</strong></span> <span class='ocrx_word' id='word_1_84' title='bbox 1027 1237 1206 1307; x_wconf 87' lang='lat' dir='ltr'><strong>lapsus</strong></span> <span class='ocrx_word' id='word_1_85' title='bbox 1241 1237 1403 1294; x_wconf 89' lang='lat' dir='ltr'><strong>fuerit</strong></span> <span class='ocrx_word' id='word_1_86' title='bbox 1429 1280 1444 1305; x_wconf 91' lang='lat'><strong>,</strong></span> <span class='ocrx_word' id='word_1_87' title='bbox 1480 1243 1871 1297; x_wconf 84' lang='lat' dir='ltr'><strong>memorabitur</strong></span> <span class='ocrx_word' id='word_1_88' title='bbox 1895 1284 1909 1306; x_wconf 92' lang='lat'><strong>,</strong></span> 
     </span>
    </p>
   </div>
   <div class='ocr_carea' id='block_1_12' title="bbox 346 1328 1913 1404">
    <p class='ocr_par' dir='ltr' id='par_1_12' title="bbox 346 1328 1913 1404">
     <span class='ocr_line' id='line_1_12' title="bbox 346 1328 1913 1404; baseline 0.005 -23"><span class='ocrx_word' id='word_1_89' title='bbox 346 1328 617 1397; x_wconf 91' lang='lat' dir='ltr'><strong>quomodo</strong></span> <span class='ocrx_word' id='word_1_90' title='bbox 661 1328 952 1397; x_wconf 89' lang='lat' dir='ltr'><strong>unicuique</strong></span> <span class='ocrx_word' id='word_1_91' title='bbox 986 1330 1180 1385; x_wconf 84' lang='lat' dir='ltr'><strong>reddet</strong></span> <span class='ocrx_word' id='word_1_92' title='bbox 1227 1332 1371 1387; x_wconf 85' lang='lat' dir='ltr'><strong>Deus</strong></span> <span class='ocrx_word' id='word_1_93' title='bbox 1417 1336 1716 1388; x_wconf 89' lang='lat' dir='ltr'><strong>secundum</strong></span> <span class='ocrx_word' id='word_1_94' title='bbox 1745 1350 1913 1404; x_wconf 83' lang='lat' dir='ltr'><strong>opera</strong></span> 
     </span>
    </p>
   </div>
   <div class='ocr_carea' id='block_1_13' title="bbox 346 1418 1912 1483">
    <p class='ocr_par' dir='ltr' id='par_1_13' title="bbox 346 1418 1912 1483">
     <span class='ocr_line' id='line_1_13' title="bbox 346 1418 1912 1483; baseline 0.006 -10"><span class='ocrx_word' id='word_1_95' title='bbox 346 1420 486 1474; x_wconf 73' lang='lat' dir='ltr'><strong>sua?</strong></span> <span class='ocrx_word' id='word_1_96' title='bbox 517 1418 622 1475; x_wconf 86' lang='lat' dir='ltr'><strong>Sed</strong></span> <span class='ocrx_word' id='word_1_97' title='bbox 649 1421 929 1476; x_wconf 82' lang='lat' dir='ltr'><strong>videamus</strong></span> <span class='ocrx_word' id='word_1_98' title='bbox 963 1437 1030 1476; x_wconf 92' lang='lat' dir='ltr'><strong>ne</strong></span> <span class='ocrx_word' id='word_1_99' title='bbox 1056 1421 1195 1478; x_wconf 88' lang='lat' dir='ltr'><strong>forte</strong></span> <span class='ocrx_word' id='word_1_100' title='bbox 1224 1424 1620 1480; x_wconf 86' lang='lat' dir='ltr'><strong>absolutionem</strong></span> <span class='ocrx_word' id='word_1_101' title='bbox 1655 1426 1737 1481; x_wconf 89' lang='lat' dir='ltr'><strong>sui</strong></span> <span class='ocrx_word' id='word_1_102' title='bbox 1770 1429 1823 1481; x_wconf 91' lang='lat' dir='ltr'><strong>in</strong></span> <span class='ocrx_word' id='word_1_103' title='bbox 1852 1442 1912 1483; x_wconf 93' lang='lat' dir='ltr'><strong>se</strong></span> 
     </span>
    </p>
   </div>
   <div class='ocr_carea' id='block_1_14' title="bbox 347 1511 1914 1589">
    <p class='ocr_par' dir='ltr' id='par_1_14' title="bbox 347 1511 1914 1589">
     <span class='ocr_line' id='line_1_14' title="bbox 347 1511 1914 1589; baseline 0.005 -24"><span class='ocrx_word' id='word_1_104' title='bbox 347 1511 463 1581; x_wconf 89' lang='lat' dir='ltr'><strong>ipse</strong></span> <span class='ocrx_word' id='word_1_105' title='bbox 492 1524 671 1567; x_wconf 85' lang='lat' dir='ltr'><strong>sermo</strong></span> <span class='ocrx_word' id='word_1_106' title='bbox 699 1511 914 1567; x_wconf 88' lang='lat' dir='ltr'><strong>divinus</strong></span> <span class='ocrx_word' id='word_1_107' title='bbox 940 1512 1181 1569; x_wconf 84' lang='lat' dir='ltr'><strong>inveniat</strong></span> <span class='ocrx_word' id='word_1_108' title='bbox 1207 1557 1224 1579; x_wconf 93' lang='lat'><strong>,</strong></span> <span class='ocrx_word' id='word_1_109' title='bbox 1279 1518 1324 1572; x_wconf 93' lang='lat' dir='ltr'><strong>si</strong></span> <span class='ocrx_word' id='word_1_110' title='bbox 1377 1517 1726 1574; x_wconf 86' lang='lat' dir='ltr'><strong>observemus</strong></span> <span class='ocrx_word' id='word_1_111' title='bbox 1776 1534 1914 1589; x_wconf 88' lang='lat' dir='ltr'><strong>quo-</strong></span> 
     </span>
    </p>
   </div>
   <div class='ocr_carea' id='block_1_15' title="bbox 346 1614 1913 1690">
    <p class='ocr_par' dir='ltr' id='par_1_15' title="bbox 346 1614 1913 1690">
     <span class='ocr_line' id='line_1_15' title="bbox 346 1614 1913 1690; baseline 0.005 -23"><span class='ocrx_word' id='word_1_112' title='bbox 346 1614 506 1669; x_wconf 90' lang='lat' dir='ltr'><strong>modo</strong></span> <span class='ocrx_word' id='word_1_113' title='bbox 528 1614 790 1685; x_wconf 87' lang='lat' dir='ltr'><strong>scriptum</strong></span> <span class='ocrx_word' id='word_1_114' title='bbox 838 1625 919 1671; x_wconf 89' lang='lat' dir='ltr'><strong>est</strong></span> <span class='ocrx_word' id='word_1_115' title='bbox 953 1617 1097 1686; x_wconf 92' lang='lat' dir='ltr'><strong>quod</strong></span> <span class='ocrx_word' id='word_1_116' title='bbox 1121 1616 1287 1690; x_wconf 60' lang='lat'><strong>580</strong></span> <span class='ocrx_word' id='word_1_117' title='bbox 1318 1619 1452 1675; x_wconf 87' lang='lat' dir='ltr'><strong>dicit</strong></span> <span class='ocrx_word' id='word_1_118' title='bbox 1480 1639 1494 1674; x_wconf 93' lang='lat'><strong>:</strong></span> <span class='ocrx_word' id='word_1_119' title='bbox 1534 1638 1553 1673; x_wconf 83' lang='grc' dir='ltr'><strong>ι</strong></span> <span class='ocrx_word' id='word_1_120' title='bbox 1589 1620 1722 1676; x_wconf 89' lang='lat' dir='ltr'><strong>Cum</strong></span> <span class='ocrx_word' id='word_1_121' title='bbox 1758 1636 1913 1675; x_wconf 86' lang='lat' dir='ltr'><strong>aver-</strong></span> 
     </span>
    </p>
   </div>
   <div class='ocr_carea' id='block_1_16' title="bbox 345 1706 1916 1779">
    <p class='ocr_par' dir='ltr' id='par_1_16' title="bbox 345 1706 1916 1779">
     <span class='ocr_line' id='line_1_16' title="bbox 345 1706 1916 1779; baseline 0.003 -17"><span class='ocrx_word' id='word_1_122' title='bbox 345 1723 440 1762; x_wconf 92' lang='lat' dir='ltr'><strong>sus</strong></span> <span class='ocrx_word' id='word_1_123' title='bbox 466 1706 627 1763; x_wconf 86' lang='lat' dir='ltr'><strong>fuerit</strong></span> <span class='ocrx_word' id='word_1_124' title='bbox 657 1706 835 1774; x_wconf 83' lang='lat' dir='ltr'><strong>justus</strong></span> <span class='ocrx_word' id='word_1_125' title='bbox 862 1708 1125 1779; x_wconf 90' lang='lat' dir='ltr'><strong>ajustitia</strong></span> <span class='ocrx_word' id='word_1_126' title='bbox 1164 1724 1283 1774; x_wconf 84' lang='lat' dir='ltr'><strong>sua,</strong></span> <span class='ocrx_word' id='word_1_127' title='bbox 1325 1729 1344 1762; x_wconf 75' lang='grc' dir='ltr'><strong>ι</strong></span> <span class='ocrx_word' id='word_1_128' title='bbox 1391 1720 1447 1766; x_wconf 92' lang='lat' dir='ltr'><strong>et</strong></span> <span class='ocrx_word' id='word_1_129' title='bbox 1474 1726 1581 1765; x_wconf 93' lang='lat' dir='ltr'><strong>non</strong></span> <span class='ocrx_word' id='word_1_130' title='bbox 1639 1710 1916 1767; x_wconf 76' lang='lat' dir='ltr'><strong>suﬂecerit</strong></span> 
     </span>
    </p>
   </div>
   <div class='ocr_carea' id='block_1_17' title="bbox 343 1798 1907 1874">
    <p class='ocr_par' dir='ltr' id='par_1_17' title="bbox 343 1798 1907 1874">
     <span class='ocr_line' id='line_1_17' title="bbox 343 1798 1907 1874; baseline 0.001 -22"><span class='ocrx_word' id='word_1_131' title='bbox 343 1813 467 1852; x_wconf 90' lang='lat' dir='ltr'><strong>eum</strong></span> <span class='ocrx_word' id='word_1_132' title='bbox 491 1798 702 1854; x_wconf 88' lang='lat' dir='ltr'><strong>dicere:</strong></span> <span class='ocrx_word' id='word_1_133' title='bbox 728 1816 748 1850; x_wconf 81' lang='grc' dir='ltr'><strong>ι</strong></span> <span class='ocrx_word' id='word_1_134' title='bbox 772 1798 907 1853; x_wconf 87' lang='lat' dir='ltr'><strong>Cum</strong></span> <span class='ocrx_word' id='word_1_135' title='bbox 928 1813 1151 1855; x_wconf 89' lang='lat' dir='ltr'><strong>aversus</strong></span> <span class='ocrx_word' id='word_1_136' title='bbox 1165 1798 1369 1856; x_wconf 90' lang='lat' dir='ltr'><strong>fuerita</strong></span> <span class='ocrx_word' id='word_1_137' title='bbox 1384 1800 1592 1873; x_wconf 88' lang='lat' dir='ltr'><strong>justitia</strong></span> <span class='ocrx_word' id='word_1_138' title='bbox 1618 1817 1713 1856; x_wconf 90' lang='lat' dir='ltr'><strong>sua</strong></span> <span class='ocrx_word' id='word_1_139' title='bbox 1741 1802 1907 1874; x_wconf 69' lang='lat'><strong>(49);»</strong></span> 
     </span>
    </p>
   </div>
   <div class='ocr_carea' id='block_1_18' title="bbox 2023 589 3558 662">
    <p class='ocr_par' dir='ltr' id='par_1_18' title="bbox 2023 589 3558 662">
     <span class='ocr_line' id='line_1_18' title="bbox 2023 589 3558 662; baseline 0.007 -23"><span class='ocrx_word' id='word_1_140' title='bbox 2023 594 2329 655; x_wconf 89' lang='lat' dir='ltr'><strong>temperant</strong></span> <span class='ocrx_word' id='word_1_141' title='bbox 2363 597 2543 644; x_wconf 92' lang='lat' dir='ltr'><strong>autem</strong></span> <span class='ocrx_word' id='word_1_142' title='bbox 2592 589 2894 659; x_wconf 89' lang='lat' dir='ltr'><strong>iniquitati,</strong></span> <span class='ocrx_word' id='word_1_143' title='bbox 2928 590 3013 644; x_wconf 87' lang='lat' dir='ltr'><strong>ira</strong></span> <span class='ocrx_word' id='word_1_144' title='bbox 3041 600 3091 644; x_wconf 89' lang='lat' dir='ltr'><strong>et</strong></span> <span class='ocrx_word' id='word_1_145' title='bbox 3143 590 3481 662; x_wconf 79' lang='lat' dir='ltr'><strong>indignatio:</strong></span> <span class='ocrx_word' id='word_1_146' title='bbox 3519 607 3558 649; x_wconf 86' lang='lat' dir='ltr'><strong>et</strong></span> 
     </span>
    </p>
   </div>
   <div class='ocr_carea' id='block_1_19' title="bbox 2022 678 3561 751">
    <p class='ocr_par' dir='ltr' id='par_1_19' title="bbox 2022 678 3561 751">
     <span class='ocr_line' id='line_1_19' title="bbox 2022 678 3561 751; baseline 0.005 -20"><span class='ocrx_word' id='word_1_147' title='bbox 2022 678 2302 733; x_wconf 89' lang='lat' dir='ltr'><strong>tribulatio</strong></span> <span class='ocrx_word' id='word_1_148' title='bbox 2348 688 2402 734; x_wconf 89' lang='lat' dir='ltr'><strong>et</strong></span> <span class='ocrx_word' id='word_1_149' title='bbox 2428 681 2677 751; x_wconf 81' lang='lat' dir='ltr'><strong>angustia</strong></span> <span class='ocrx_word' id='word_1_150' title='bbox 2726 681 2781 735; x_wconf 93' lang='lat' dir='ltr'><strong>in</strong></span> <span class='ocrx_word' id='word_1_151' title='bbox 2816 696 3033 736; x_wconf 91' lang='lat' dir='ltr'><strong>omnem</strong></span> <span class='ocrx_word' id='word_1_152' title='bbox 3078 681 3325 735; x_wconf 88' lang='lat' dir='ltr'><strong>animam</strong></span> <span class='ocrx_word' id='word_1_153' title='bbox 3365 682 3561 741; x_wconf 82' lang='lat' dir='ltr'><strong>hominis</strong></span> 
     </span>
    </p>
   </div>
   <div class='ocr_carea' id='block_1_20' title="bbox 2018 770 3559 844">
    <p class='ocr_par' dir='ltr' id='par_1_20' title="bbox 2018 770 3559 844">
     <span class='ocr_line' id='line_1_20' title="bbox 2018 770 3559 844; baseline 0.003 -21"><span class='ocrx_word' id='word_1_154' title='bbox 2018 771 2296 840; x_wconf 90' lang='lat' dir='ltr'><strong>operantis</strong></span> <span class='ocrx_word' id='word_1_155' title='bbox 2323 771 2547 838; x_wconf 91' lang='lat' dir='ltr'><strong>malum,</strong></span> <span class='ocrx_word' id='word_1_156' title='bbox 2578 770 2756 827; x_wconf 65' lang='lat' dir='ltr'><strong>Judaei</strong></span> <span class='ocrx_word' id='word_1_157' title='bbox 2796 772 3059 841; x_wconf 88' lang='lat' dir='ltr'><strong>primum,</strong></span> <span class='ocrx_word' id='word_1_158' title='bbox 3089 784 3144 827; x_wconf 91' lang='lat' dir='ltr'><strong>et</strong></span> <span class='ocrx_word' id='word_1_159' title='bbox 3176 772 3360 828; x_wconf 61' lang='lat' dir='ltr'><strong>Graeci</strong></span> <span class='ocrx_word' id='word_1_160' title='bbox 3389 792 3402 827; x_wconf 92' lang='lat'><strong>:</strong></span> <span class='ocrx_word' id='word_1_161' title='bbox 3427 776 3559 844; x_wconf 81' lang='lat' dir='ltr'><strong>gloria</strong></span> 
     </span>
    </p>
   </div>
   <div class='ocr_carea' id='block_1_21' title="bbox 2018 863 3561 934">
    <p class='ocr_par' dir='ltr' id='par_1_21' title="bbox 2018 863 3561 934">
     <span class='ocr_line' id='line_1_21' title="bbox 2018 863 3561 934; baseline 0.002 -19"><span class='ocrx_word' id='word_1_162' title='bbox 2018 871 2220 926; x_wconf 89' lang='lat' dir='ltr'><strong>autem,</strong></span> <span class='ocrx_word' id='word_1_163' title='bbox 2253 872 2308 916; x_wconf 85' lang='lat' dir='ltr'><strong>et</strong></span> <span class='ocrx_word' id='word_1_164' title='bbox 2335 863 2528 930; x_wconf 83' lang='lat' dir='ltr'><strong>honor,</strong></span> <span class='ocrx_word' id='word_1_165' title='bbox 2560 871 2615 917; x_wconf 88' lang='lat' dir='ltr'><strong>et</strong></span> <span class='ocrx_word' id='word_1_166' title='bbox 2643 879 2748 934; x_wconf 75' lang='lat' dir='ltr'><strong>pax</strong></span> <span class='ocrx_word' id='word_1_167' title='bbox 2782 866 2926 919; x_wconf 92' lang='lat' dir='ltr'><strong>omni</strong></span> <span class='ocrx_word' id='word_1_168' title='bbox 2967 867 3216 934; x_wconf 87' lang='lat' dir='ltr'><strong>operanti</strong></span> <span class='ocrx_word' id='word_1_169' title='bbox 3251 867 3465 931; x_wconf 87' lang='lat' dir='ltr'><strong>bonum,</strong></span> <span class='ocrx_word' id='word_1_170' title='bbox 3488 866 3561 922; x_wconf 79' lang='lat' dir='ltr'><strong>iu-</strong></span> 
     </span>
    </p>
   </div>
   <div class='ocr_carea' id='block_1_22' title="bbox 2018 952 3559 1024">
    <p class='ocr_par' dir='ltr' id='par_1_22' title="bbox 2018 952 3559 1024">
     <span class='ocr_line' id='line_1_22' title="bbox 2018 952 3559 1024; baseline 0.004 -19"><span class='ocrx_word' id='word_1_171' title='bbox 2018 952 2134 1008; x_wconf 74' lang='lat' dir='ltr'><strong>daeo</strong></span> <span class='ocrx_word' id='word_1_172' title='bbox 2168 953 2423 1022; x_wconf 89' lang='lat' dir='ltr'><strong>primum,</strong></span> <span class='ocrx_word' id='word_1_173' title='bbox 2451 964 2507 1008; x_wconf 91' lang='lat' dir='ltr'><strong>et</strong></span> <span class='ocrx_word' id='word_1_174' title='bbox 2531 954 2745 1011; x_wconf 61' lang='lat' dir='ltr'><strong>Graeco.</strong></span> <span class='ocrx_word' id='word_1_175' title='bbox 2778 956 2895 1011; x_wconf 83' lang='lat' dir='ltr'><strong>Non</strong></span> <span class='ocrx_word' id='word_1_176' title='bbox 2927 958 3071 1011; x_wconf 89' lang='lat' dir='ltr'><strong>enim</strong></span> <span class='ocrx_word' id='word_1_177' title='bbox 3112 971 3466 1024; x_wconf 88' lang='lat' dir='ltr'><strong>personarum</strong></span> <span class='ocrx_word' id='word_1_178' title='bbox 3487 973 3559 1011; x_wconf 85' lang='lat' dir='ltr'><strong>ac-</strong></span> 
     </span>
    </p>
   </div>
   <div class='ocr_carea' id='block_1_23' title="bbox 2017 1044 3564 1119">
    <p class='ocr_par' dir='ltr' id='par_1_23' title="bbox 2017 1044 3564 1119">
     <span class='ocr_line' id='line_1_23' title="bbox 2017 1044 3564 1119; baseline 0.005 -21"><span class='ocrx_word' id='word_1_179' title='bbox 2017 1044 2195 1113; x_wconf 89' lang='lat' dir='ltr'><strong>ceptio</strong></span> <span class='ocrx_word' id='word_1_180' title='bbox 2216 1054 2299 1100; x_wconf 90' lang='lat' dir='ltr'><strong>est</strong></span> <span class='ocrx_word' id='word_1_181' title='bbox 2328 1045 2467 1116; x_wconf 90' lang='lat' dir='ltr'><strong>apud</strong></span> <span class='ocrx_word' id='word_1_182' title='bbox 2495 1045 2664 1101; x_wconf 85' lang='lat' dir='ltr'><strong>Deum</strong></span> <span class='ocrx_word' id='word_1_183' title='bbox 2690 1049 2793 1100; x_wconf 73' lang='lat' dir='ltr'><strong>“.i</strong></span> <span class='ocrx_word' id='word_1_184' title='bbox 2825 1047 3225 1114; x_wconf 65' lang='lat' dir='ltr'><strong>Quaerentibus,</strong></span> <span class='ocrx_word' id='word_1_185' title='bbox 3260 1049 3454 1118; x_wconf 85' lang='lat' dir='ltr'><strong>inquit,</strong></span> <span class='ocrx_word' id='word_1_186' title='bbox 3474 1049 3564 1119; x_wconf 81' lang='lat' dir='ltr'><strong>glo-</strong></span> 
     </span>
    </p>
   </div>
   <div class='ocr_carea' id='block_1_24' title="bbox 2018 1137 3566 1211">
    <p class='ocr_par' dir='ltr' id='par_1_24' title="bbox 2018 1137 3566 1211">
     <span class='ocr_line' id='line_1_24' title="bbox 2018 1137 3566 1211; baseline 0.004 -22"><span class='ocrx_word' id='word_1_187' title='bbox 2018 1137 2177 1202; x_wconf 87' lang='lat' dir='ltr'><strong>riam,</strong></span> <span class='ocrx_word' id='word_1_188' title='bbox 2202 1146 2258 1192; x_wconf 89' lang='lat' dir='ltr'><strong>et</strong></span> <span class='ocrx_word' id='word_1_189' title='bbox 2281 1137 2563 1207; x_wconf 88' lang='lat' dir='ltr'><strong>honorem,</strong></span> <span class='ocrx_word' id='word_1_190' title='bbox 2592 1151 2647 1194; x_wconf 92' lang='lat' dir='ltr'><strong>et</strong></span> <span class='ocrx_word' id='word_1_191' title='bbox 2669 1140 3157 1208; x_wconf 87' lang='lat' dir='ltr'><strong>incorruptionem,</strong></span> <span class='ocrx_word' id='word_1_192' title='bbox 3188 1156 3293 1210; x_wconf 88' lang='lat' dir='ltr'><strong>pro</strong></span> <span class='ocrx_word' id='word_1_193' title='bbox 3318 1142 3441 1195; x_wconf 86' lang='lat' dir='ltr'><strong>boni</strong></span> <span class='ocrx_word' id='word_1_194' title='bbox 3460 1156 3566 1211; x_wconf 54' lang='lat' dir='ltr'><strong>ope.</strong></span> 
     </span>
    </p>
   </div>
   <div class='ocr_carea' id='block_1_25' title="bbox 2017 1230 3567 1300">
    <p class='ocr_par' dir='ltr' id='par_1_25' title="bbox 2017 1230 3567 1300">
     <span class='ocr_line' id='line_1_25' title="bbox 2017 1230 3567 1300; baseline 0.005 -18"><span class='ocrx_word' id='word_1_195' title='bbox 2017 1230 2094 1284; x_wconf 89' lang='lat' dir='ltr'><strong>ris</strong></span> <span class='ocrx_word' id='word_1_196' title='bbox 2115 1231 2376 1300; x_wconf 85' lang='lat' dir='ltr'><strong>patientia</strong></span> <span class='ocrx_word' id='word_1_197' title='bbox 2402 1231 2511 1285; x_wconf 89' lang='lat' dir='ltr'><strong>vita</strong></span> <span class='ocrx_word' id='word_1_198' title='bbox 2533 1243 2737 1287; x_wconf 63' lang='lat' dir='ltr'><strong>aeterna</strong></span> <span class='ocrx_word' id='word_1_199' title='bbox 2762 1232 3001 1298; x_wconf 88' lang='lat' dir='ltr'><strong>dabitur,-</strong></span> <span class='ocrx_word' id='word_1_200' title='bbox 3030 1249 3139 1289; x_wconf 89' lang='lat' dir='ltr'><strong>non</strong></span> <span class='ocrx_word' id='word_1_201' title='bbox 3164 1234 3348 1291; x_wconf 87' lang='lat' dir='ltr'><strong>solum</strong></span> <span class='ocrx_word' id='word_1_202' title='bbox 3373 1233 3567 1299; x_wconf 65' lang='lat' dir='ltr'><strong>Iudaeis,</strong></span> 
     </span>
    </p>
   </div>
   <div class='ocr_carea' id='block_1_26' title="bbox 2015 1326 3567 1397">
    <p class='ocr_par' dir='ltr' id='par_1_26' title="bbox 2015 1326 3567 1397">
     <span class='ocr_line' id='line_1_26' title="bbox 2015 1326 3567 1397; baseline 0.003 -18"><span class='ocrx_word' id='word_1_203' title='bbox 2015 1328 2213 1395; x_wconf 90' lang='lat' dir='ltr'><strong>quibus</strong></span> <span class='ocrx_word' id='word_1_204' title='bbox 2241 1326 2444 1382; x_wconf 89' lang='lat' dir='ltr'><strong>credita</strong></span> <span class='ocrx_word' id='word_1_205' title='bbox 2466 1328 2723 1383; x_wconf 85' lang='lat' dir='ltr'><strong>videntur</strong></span> <span class='ocrx_word' id='word_1_206' title='bbox 2782 1328 2994 1397; x_wconf 88' lang='lat' dir='ltr'><strong>eloquia</strong></span> <span class='ocrx_word' id='word_1_207' title='bbox 3025 1330 3119 1383; x_wconf 89' lang='lat' dir='ltr'><strong>Dei</strong></span> <span class='ocrx_word' id='word_1_208' title='bbox 3169 1330 3239 1393; x_wconf 79' lang='grc'><em>³³,</em></span> <span class='ocrx_word' id='word_1_209' title='bbox 3285 1329 3381 1384; x_wconf 90' lang='lat' dir='ltr'><strong>sed</strong></span> <span class='ocrx_word' id='word_1_210' title='bbox 3429 1330 3567 1383; x_wconf 73' lang='lat' dir='ltr'><strong>etiam</strong></span> 
     </span>
    </p>
   </div>
   <div class='ocr_carea' id='block_1_27' title="bbox 2015 1418 3568 1491">
    <p class='ocr_par' dir='ltr' id='par_1_27' title="bbox 2015 1418 3568 1491">
     <span class='ocr_line' id='line_1_27' title="bbox 2015 1418 3568 1491; baseline 0.001 -16"><span class='ocrx_word' id='word_1_211' title='bbox 2015 1418 2240 1484; x_wconf 59' lang='lat' dir='ltr'><strong>Gracis,</strong></span> <span class='ocrx_word' id='word_1_212' title='bbox 2266 1420 2392 1488; x_wconf 87' lang='lat' dir='ltr'><strong>quia</strong></span> <span class='ocrx_word' id='word_1_213' title='bbox 2407 1419 2614 1489; x_wconf 91' lang='lat' dir='ltr'><strong>justum</strong></span> <span class='ocrx_word' id='word_1_214' title='bbox 2642 1430 2725 1476; x_wconf 87' lang='lat' dir='ltr'><strong>est</strong></span> <span class='ocrx_word' id='word_1_215' title='bbox 2756 1421 2845 1477; x_wconf 91' lang='lat' dir='ltr'><strong>Dei</strong></span> <span class='ocrx_word' id='word_1_216' title='bbox 2873 1421 3221 1491; x_wconf 87' lang='lat' dir='ltr'><strong>judicium,et</strong></span> <span class='ocrx_word' id='word_1_217' title='bbox 3244 1435 3356 1475; x_wconf 86' lang='lat' dir='ltr'><strong>non</strong></span> <span class='ocrx_word' id='word_1_218' title='bbox 3387 1429 3568 1476; x_wconf 83' lang='lat' dir='ltr'><strong>tantum</strong></span> 
     </span>
    </p>
   </div>
   <div class='ocr_carea' id='block_1_28' title="bbox 2014 1509 3568 1583">
    <p class='ocr_par' dir='ltr' id='par_1_28' title="bbox 2014 1509 3568 1583">
     <span class='ocr_line' id='line_1_28' title="bbox 2014 1509 3568 1583; baseline 0.001 -17"><span class='ocrx_word' id='word_1_219' title='bbox 2014 1509 2317 1568; x_wconf 84' lang='lat' dir='ltr'><strong>Judaeorum</strong></span> <span class='ocrx_word' id='word_1_220' title='bbox 2339 1514 2481 1568; x_wconf 87' lang='lat' dir='ltr'><strong>Deus</strong></span> <span class='ocrx_word' id='word_1_221' title='bbox 2511 1522 2617 1578; x_wconf 89' lang='lat' dir='ltr'><strong>est,</strong></span> <span class='ocrx_word' id='word_1_222' title='bbox 2650 1515 2744 1568; x_wconf 90' lang='lat' dir='ltr'><strong>sed</strong></span> <span class='ocrx_word' id='word_1_223' title='bbox 2770 1522 2825 1569; x_wconf 87' lang='lat' dir='ltr'><strong>et</strong></span> <span class='ocrx_word' id='word_1_224' title='bbox 2857 1514 3097 1583; x_wconf 77' lang='lat' dir='ltr'><strong>gentium</strong></span> <span class='ocrx_word' id='word_1_225' title='bbox 3132 1513 3200 1568; x_wconf 73' lang='lat'><strong>“.</strong></span> <span class='ocrx_word' id='word_1_226' title='bbox 3228 1511 3325 1568; x_wconf 78' lang='lat' dir='ltr'><strong>His</strong></span> <span class='ocrx_word' id='word_1_227' title='bbox 3351 1529 3478 1568; x_wconf 84' lang='lat' dir='ltr'><strong>vero</strong></span> <span class='ocrx_word' id='word_1_228' title='bbox 3494 1515 3568 1583; x_wconf 86' lang='lat' dir='ltr'><strong>qui</strong></span> 
     </span>
    </p>
   </div>
   <div class='ocr_carea' id='block_1_29' title="bbox 2015 1606 3570 1679">
    <p class='ocr_par' dir='ltr' id='par_1_29' title="bbox 2015 1606 3570 1679">
     <span class='ocr_line' id='line_1_29' title="bbox 2015 1606 3570 1679; baseline 0.001 -20"><span class='ocrx_word' id='word_1_229' title='bbox 2015 1620 2114 1675; x_wconf 92' lang='lat' dir='ltr'><strong>per</strong></span> <span class='ocrx_word' id='word_1_230' title='bbox 2137 1609 2542 1661; x_wconf 87' lang='lat' dir='ltr'><strong>contentionem</strong></span> <span class='ocrx_word' id='word_1_231' title='bbox 2574 1606 2770 1661; x_wconf 90' lang='lat' dir='ltr'><strong>mentis</strong></span> <span class='ocrx_word' id='word_1_232' title='bbox 2807 1606 2943 1679; x_wconf 71' lang='grc'>(54),</span> <span class='ocrx_word' id='word_1_233' title='bbox 2975 1615 3030 1661; x_wconf 89' lang='lat' dir='ltr'><strong>et</strong></span> <span class='ocrx_word' id='word_1_234' title='bbox 3061 1606 3233 1661; x_wconf 90' lang='lat' dir='ltr'><strong>animi</strong></span> <span class='ocrx_word' id='word_1_235' title='bbox 3268 1607 3570 1676; x_wconf 74' lang='lat' dir='ltr'><strong>pravitatem</strong></span> 
     </span>
    </p>
   </div>
   <div class='ocr_carea' id='block_1_30' title="bbox 2016 1696 3568 1767">
    <p class='ocr_par' dir='ltr' id='par_1_30' title="bbox 2016 1696 3568 1767">
     <span class='ocr_line' id='line_1_30' title="bbox 2016 1696 3568 1767; baseline 0 -17"><span class='ocrx_word' id='word_1_236' title='bbox 2016 1696 2237 1753; x_wconf 86' lang='lat' dir='ltr'><strong>veritati</strong></span> <span class='ocrx_word' id='word_1_237' title='bbox 2263 1713 2370 1753; x_wconf 92' lang='lat' dir='ltr'><strong>non</strong></span> <span class='ocrx_word' id='word_1_238' title='bbox 2416 1698 2664 1763; x_wconf 90' lang='lat' dir='ltr'><strong>credunt,</strong></span> <span class='ocrx_word' id='word_1_239' title='bbox 2715 1699 2814 1754; x_wconf 91' lang='lat' dir='ltr'><strong>sed</strong></span> <span class='ocrx_word' id='word_1_240' title='bbox 2866 1699 3209 1767; x_wconf 88' lang='lat' dir='ltr'><strong>iniquitatem</strong></span> <span class='ocrx_word' id='word_1_241' title='bbox 3266 1709 3568 1767; x_wconf 84' lang='lat' dir='ltr'><strong>sequuntur,</strong></span> 
     </span>
    </p>
   </div>
   <div class='ocr_carea' id='block_1_31' title="bbox 2020 1788 3568 1860">
    <p class='ocr_par' dir='ltr' id='par_1_31' title="bbox 2020 1788 3568 1860">
     <span class='ocr_line' id='line_1_31' title="bbox 2020 1788 3568 1860; baseline 0.001 -18"><span class='ocrx_word' id='word_1_242' title='bbox 2020 1788 2267 1842; x_wconf 86' lang='lat' dir='ltr'><strong>redditur</strong></span> <span class='ocrx_word' id='word_1_243' title='bbox 2308 1788 2389 1841; x_wconf 90' lang='lat' dir='ltr'><strong>ira</strong></span> <span class='ocrx_word' id='word_1_244' title='bbox 2438 1798 2492 1842; x_wconf 91' lang='lat' dir='ltr'><strong>et</strong></span> <span class='ocrx_word' id='word_1_245' title='bbox 2526 1788 2860 1859; x_wconf 82' lang='lat' dir='ltr'><strong>indignatio,</strong></span> <span class='ocrx_word' id='word_1_246' title='bbox 2894 1788 3172 1843; x_wconf 89' lang='lat' dir='ltr'><strong>tribulatio</strong></span> <span class='ocrx_word' id='word_1_247' title='bbox 3210 1798 3270 1844; x_wconf 88' lang='lat' dir='ltr'><strong>et</strong></span> <span class='ocrx_word' id='word_1_248' title='bbox 3301 1790 3568 1860; x_wconf 80' lang='lat' dir='ltr'><strong>angustia,</strong></span> 
     </span>
    </p>
   </div>
   <div class='ocr_carea' id='block_1_32' title="bbox 344 1880 1848 1970">
    <p class='ocr_par' dir='ltr' id='par_1_32' title="bbox 344 1889 1848 1970">
     <span class='ocr_line' id='line_1_32' title="bbox 344 1889 1848 1970; baseline 0.003 -18"><span class='ocrx_word' id='word_1_249' title='bbox 344 1889 770 1953; x_wconf 57' lang='lat' dir='ltr'><strong>sed&#39;addiderit</strong></span> <span class='ocrx_word' id='word_1_250' title='bbox 802 1916 816 1953; x_wconf 94' lang='lat'><strong>:</strong></span> <span class='ocrx_word' id='word_1_251' title='bbox 861 1917 879 1950; x_wconf 79' lang='grc' dir='ltr'><strong>ι</strong></span> <span class='ocrx_word' id='word_1_252' title='bbox 911 1897 977 1953; x_wconf 87' lang='lat' dir='ltr'><strong>Et</strong></span> <span class='ocrx_word' id='word_1_253' title='bbox 1010 1899 1203 1954; x_wconf 83' lang='lat' dir='ltr'><strong>fecerit</strong></span> <span class='ocrx_word' id='word_1_254' title='bbox 1241 1899 1577 1970; x_wconf 87' lang='lat' dir='ltr'><strong>iniquitatem</strong></span> <span class='ocrx_word' id='word_1_255' title='bbox 1618 1904 1848 1958; x_wconf 70' lang='lat' dir='ltr'><strong>secunda</strong></span> 
     </span>
    </p>
   </div>
   <div class='ocr_carea' id='block_1_33' title="bbox 2072 1880 3570 1970">
    <p class='ocr_par' dir='ltr' id='par_1_33' title="bbox 2072 1880 3570 1952">
     <span class='ocr_line' id='line_1_33' title="bbox 2072 1880 3570 1952; baseline 0.001 -17"><span class='ocrx_word' id='word_1_256' title='bbox 2072 1895 2127 1935; x_wconf 77' lang='lat' dir='ltr'><strong>)n</strong></span> <span class='ocrx_word' id='word_1_257' title='bbox 2164 1882 2342 1934; x_wconf 86' lang='lat' dir='ltr'><strong>solum</strong></span> <span class='ocrx_word' id='word_1_258' title='bbox 2376 1882 2587 1952; x_wconf 83' lang='lat' dir='ltr'><strong>gentili,</strong></span> <span class='ocrx_word' id='word_1_259' title='bbox 2618 1883 2711 1937; x_wconf 91' lang='lat' dir='ltr'><strong>sed</strong></span> <span class='ocrx_word' id='word_1_260' title='bbox 2745 1892 2799 1935; x_wconf 90' lang='lat' dir='ltr'><strong>et</strong></span> <span class='ocrx_word' id='word_1_261' title='bbox 2828 1880 3035 1941; x_wconf 72' lang='lat' dir='ltr'><strong>Judaeo.</strong></span> <span class='ocrx_word' id='word_1_262' title='bbox 3058 1883 3182 1951; x_wconf 87' lang='lat' dir='ltr'><strong>quia</strong></span> <span class='ocrx_word' id='word_1_263' title='bbox 3225 1898 3337 1935; x_wconf 83' lang='lat' dir='ltr'><strong>non</strong></span> <span class='ocrx_word' id='word_1_264' title='bbox 3365 1892 3444 1936; x_wconf 91' lang='lat' dir='ltr'><strong>est</strong></span> <span class='ocrx_word' id='word_1_265' title='bbox 3473 1898 3570 1951; x_wconf 63' lang='lat' dir='ltr'><strong>pero</strong></span> 
     </span>
    </p>
   </div>
   <div class='ocr_carea' id='block_1_34' title="bbox 343 1990 1913 2066">
    <p class='ocr_par' dir='ltr' id='par_1_34' title="bbox 343 1990 1913 2066">
     <span class='ocr_line' id='line_1_34' title="bbox 343 1990 1913 2066; baseline 0.004 -23"><span class='ocrx_word' id='word_1_266' title='bbox 343 2005 533 2044; x_wconf 89' lang='lat' dir='ltr'><strong>omnes</strong></span> <span class='ocrx_word' id='word_1_267' title='bbox 559 1990 876 2060; x_wconf 89' lang='lat' dir='ltr'><strong>iniquitates</strong></span> <span class='ocrx_word' id='word_1_268' title='bbox 900 2006 1038 2061; x_wconf 86' lang='lat' dir='ltr'><strong>quas</strong></span> <span class='ocrx_word' id='word_1_269' title='bbox 1083 1991 1214 2048; x_wconf 90' lang='lat' dir='ltr'><strong>fecit</strong></span> <span class='ocrx_word' id='word_1_270' title='bbox 1247 1994 1483 2063; x_wconf 90' lang='lat' dir='ltr'><strong>iniquus.</strong></span> <span class='ocrx_word' id='word_1_271' title='bbox 1517 2013 1537 2047; x_wconf 69' lang='grc' dir='ltr'><strong>ι</strong></span> <span class='ocrx_word' id='word_1_272' title='bbox 1594 1993 1652 2049; x_wconf 91' lang='lat' dir='ltr'><strong>ln</strong></span> <span class='ocrx_word' id='word_1_273' title='bbox 1697 2009 1805 2066; x_wconf 89' lang='lat' dir='ltr'><strong>quo</strong></span> <span class='ocrx_word' id='word_1_274' title='bbox 1832 1996 1913 2050; x_wconf 87' lang='lat' dir='ltr'><strong>vi-</strong></span> 
     </span>
    </p>
   </div>
   <div class='ocr_carea' id='block_1_35' title="bbox 343 2081 1916 2153">
    <p class='ocr_par' dir='ltr' id='par_1_35' title="bbox 343 2081 1916 2153">
     <span class='ocr_line' id='line_1_35' title="bbox 343 2081 1916 2153; baseline 0.005 -19"><span class='ocrx_word' id='word_1_275' title='bbox 343 2082 503 2136; x_wconf 85' lang='lat' dir='ltr'><strong>detur</strong></span> <span class='ocrx_word' id='word_1_276' title='bbox 530 2081 764 2137; x_wconf 85' lang='lat' dir='ltr'><strong>latenter</strong></span> <span class='ocrx_word' id='word_1_277' title='bbox 787 2082 1091 2147; x_wconf 88' lang='lat' dir='ltr'><strong>bujusmodi</strong></span> <span class='ocrx_word' id='word_1_278' title='bbox 1120 2084 1416 2141; x_wconf 86' lang='lat' dir='ltr'><strong>inseruisse</strong></span> <span class='ocrx_word' id='word_1_279' title='bbox 1449 2085 1781 2142; x_wconf 90' lang='lat' dir='ltr'><strong>intellectum</strong></span> <span class='ocrx_word' id='word_1_280' title='bbox 1802 2129 1817 2153; x_wconf 88' lang='lat'><strong>,</strong></span> <span class='ocrx_word' id='word_1_281' title='bbox 1856 2097 1916 2142; x_wconf 90' lang='lat' dir='ltr'><strong>ut</strong></span> 
     </span>
    </p>
   </div>
   <div class='ocr_carea' id='block_1_36' title="bbox 342 2172 1915 2250">
    <p class='ocr_par' dir='ltr' id='par_1_36' title="bbox 342 2172 1915 2250">
     <span class='ocr_line' id='line_1_36' title="bbox 342 2172 1915 2250; baseline 0.004 -22"><span class='ocrx_word' id='word_1_282' title='bbox 342 2173 388 2228; x_wconf 91' lang='lat' dir='ltr'><strong>si</strong></span> <span class='ocrx_word' id='word_1_283' title='bbox 412 2172 555 2228; x_wconf 85' lang='lat' dir='ltr'><strong>forte</strong></span> <span class='ocrx_word' id='word_1_284' title='bbox 589 2188 693 2227; x_wconf 91' lang='lat' dir='ltr'><strong>non</strong></span> <span class='ocrx_word' id='word_1_285' title='bbox 724 2173 1021 2228; x_wconf 90' lang='lat' dir='ltr'><strong>secundum</strong></span> <span class='ocrx_word' id='word_1_286' title='bbox 1054 2190 1244 2231; x_wconf 90' lang='lat' dir='ltr'><strong>omnes</strong></span> <span class='ocrx_word' id='word_1_287' title='bbox 1271 2176 1585 2246; x_wconf 86' lang='lat' dir='ltr'><strong>iniquitates</strong></span> <span class='ocrx_word' id='word_1_288' title='bbox 1619 2195 1756 2250; x_wconf 90' lang='lat' dir='ltr'><strong>quas</strong></span> <span class='ocrx_word' id='word_1_289' title='bbox 1782 2180 1915 2235; x_wconf 80' lang='lat' dir='ltr'><strong>fecit</strong></span> 
     </span>
    </p>
   </div>
   <div class='ocr_carea' id='block_1_37' title="bbox 344 2261 1899 2341">
    <p class='ocr_par' dir='ltr' id='par_1_37' title="bbox 344 2261 1899 2341">
     <span class='ocr_line' id='line_1_37' title="bbox 344 2261 1899 2341; baseline 0.006 -23"><span class='ocrx_word' id='word_1_290' title='bbox 344 2264 585 2333; x_wconf 91' lang='lat' dir='ltr'><strong>iniquus,</strong></span> <span class='ocrx_word' id='word_1_291' title='bbox 614 2261 805 2318; x_wconf 82' lang='lat' dir='ltr'><strong>fecerit</strong></span> <span class='ocrx_word' id='word_1_292' title='bbox 829 2263 1028 2334; x_wconf 90' lang='lat' dir='ltr'><strong>justus,</strong></span> <span class='ocrx_word' id='word_1_293' title='bbox 1065 2281 1171 2321; x_wconf 89' lang='lat' dir='ltr'><strong>non</strong></span> <span class='ocrx_word' id='word_1_294' title='bbox 1197 2282 1387 2322; x_wconf 92' lang='lat' dir='ltr'><strong>omnes</strong></span> <span class='ocrx_word' id='word_1_295' title='bbox 1409 2269 1634 2338; x_wconf 74' lang='lat' dir='ltr'><strong>justitia:</strong></span> <span class='ocrx_word' id='word_1_296' title='bbox 1681 2272 1799 2341; x_wconf 87' lang='lat' dir='ltr'><strong>ejus</strong></span> <span class='ocrx_word' id='word_1_297' title='bbox 1830 2273 1899 2328; x_wconf 90' lang='lat' dir='ltr'><strong>de</strong></span> 
     </span>
    </p>
   </div>
   <div class='ocr_carea' id='block_1_38' title="bbox 344 2364 1915 2443">
    <p class='ocr_par' dir='ltr' id='par_1_38' title="bbox 344 2364 1915 2443">
     <span class='ocr_line' id='line_1_38' title="bbox 344 2364 1915 2443; baseline 0.006 -23"><span class='ocrx_word' id='word_1_298' title='bbox 344 2366 605 2421; x_wconf 79' lang='lat' dir='ltr'><strong>memoria</strong></span> <span class='ocrx_word' id='word_1_299' title='bbox 646 2364 961 2421; x_wconf 80' lang='lat' dir='ltr'><strong>auferantur</strong></span> <span class='ocrx_word' id='word_1_300' title='bbox 988 2384 1003 2434; x_wconf 87' lang='lat'><strong>;</strong></span> <span class='ocrx_word' id='word_1_301' title='bbox 1037 2368 1081 2422; x_wconf 92' lang='lat' dir='ltr'><strong>si</strong></span> <span class='ocrx_word' id='word_1_302' title='bbox 1109 2383 1240 2443; x_wconf 77' lang='lat' dir='ltr'><strong>vero</strong></span> <span class='ocrx_word' id='word_1_303' title='bbox 1271 2383 1461 2426; x_wconf 91' lang='lat' dir='ltr'><strong>omnes</strong></span> <span class='ocrx_word' id='word_1_304' title='bbox 1491 2370 1806 2440; x_wconf 89' lang='lat' dir='ltr'><strong>iniquitates</strong></span> <span class='ocrx_word' id='word_1_305' title='bbox 1837 2374 1915 2430; x_wconf 86' lang='lat' dir='ltr'><strong>fe-</strong></span> 
     </span>
    </p>
   </div>
   <div class='ocr_carea' id='block_1_39' title="bbox 343 2457 1914 2531">
    <p class='ocr_par' dir='ltr' id='par_1_39' title="bbox 343 2457 1914 2531">
     <span class='ocr_line' id='line_1_39' title="bbox 343 2457 1914 2531; baseline 0.006 -19"><span class='ocrx_word' id='word_1_306' title='bbox 343 2459 640 2528; x_wconf 90' lang='lat' dir='ltr'><strong>ceritquas</strong></span> <span class='ocrx_word' id='word_1_307' title='bbox 666 2457 886 2526; x_wconf 90' lang='lat' dir='ltr'><strong>iniquus</strong></span> <span class='ocrx_word' id='word_1_308' title='bbox 927 2458 1037 2529; x_wconf 82' lang='lat' dir='ltr'><strong>agit</strong></span> <span class='ocrx_word' id='word_1_309' title='bbox 1092 2458 1250 2531; x_wconf 84' lang='lat'><strong>(50),</strong></span> <span class='ocrx_word' id='word_1_310' title='bbox 1300 2471 1429 2517; x_wconf 90' lang='lat' dir='ltr'><strong>tunc</strong></span> <span class='ocrx_word' id='word_1_311' title='bbox 1466 2457 1679 2518; x_wconf 87' lang='lat' dir='ltr'><strong>demum</strong></span> <span class='ocrx_word' id='word_1_312' title='bbox 1721 2481 1914 2523; x_wconf 93' lang='lat' dir='ltr'><strong>omnes</strong></span> 
     </span>
    </p>
   </div>
   <div class='ocr_carea' id='block_1_40' title="bbox 337 2550 1909 2621">
    <p class='ocr_par' dir='ltr' id='par_1_40' title="bbox 337 2550 1909 2621">
     <span class='ocr_line' id='line_1_40' title="bbox 337 2550 1909 2621; baseline 0.008 -19"><span class='ocrx_word' id='word_1_313' title='bbox 337 2550 567 2619; x_wconf 67' lang='lat' dir='ltr'><strong>justitia:</strong></span> <span class='ocrx_word' id='word_1_314' title='bbox 619 2551 671 2603; x_wconf 93' lang='lat' dir='ltr'><strong>in</strong></span> <span class='ocrx_word' id='word_1_315' title='bbox 724 2550 875 2621; x_wconf 88' lang='lat' dir='ltr'><strong>lapsu</strong></span> <span class='ocrx_word' id='word_1_316' title='bbox 919 2551 1037 2621; x_wconf 90' lang='lat' dir='ltr'><strong>ejus</strong></span> <span class='ocrx_word' id='word_1_317' title='bbox 1071 2552 1137 2607; x_wconf 91' lang='lat' dir='ltr'><strong>de</strong></span> <span class='ocrx_word' id='word_1_318' title='bbox 1191 2555 1451 2609; x_wconf 89' lang='lat' dir='ltr'><strong>memoria</strong></span> <span class='ocrx_word' id='word_1_319' title='bbox 1489 2559 1909 2615; x_wconf 87' lang='lat' dir='ltr'><strong>subtrahuntur.</strong></span> 
     </span>
    </p>
   </div>
   <div class='ocr_carea' id='block_1_41' title="bbox 349 2641 1915 2721">
    <p class='ocr_par' dir='ltr' id='par_1_41' title="bbox 349 2641 1915 2721">
     <span class='ocr_line' id='line_1_41' title="bbox 349 2641 1915 2721; baseline 0.007 -25"><span class='ocrx_word' id='word_1_320' title='bbox 349 2641 474 2697; x_wconf 71' lang='lat' dir='ltr'><strong>Hmc</strong></span> <span class='ocrx_word' id='word_1_321' title='bbox 496 2642 746 2713; x_wconf 89' lang='lat' dir='ltr'><strong>quamvis</strong></span> <span class='ocrx_word' id='word_1_322' title='bbox 797 2643 1151 2699; x_wconf 89' lang='lat' dir='ltr'><strong>occultaverit</strong></span> <span class='ocrx_word' id='word_1_323' title='bbox 1203 2645 1257 2699; x_wconf 93' lang='lat' dir='ltr'><strong>in</strong></span> <span class='ocrx_word' id='word_1_324' title='bbox 1316 2644 1621 2717; x_wconf 90' lang='lat' dir='ltr'><strong>Scripturis</strong></span> <span class='ocrx_word' id='word_1_325' title='bbox 1674 2650 1915 2721; x_wconf 88' lang='lat' dir='ltr'><strong>Spiritus</strong></span> 
     </span>
    </p>
   </div>
   <div class='ocr_carea' id='block_1_42' title="bbox 343 2736 1912 2814">
    <p class='ocr_par' dir='ltr' id='par_1_42' title="bbox 343 2736 1912 2814">
     <span class='ocr_line' id='line_1_42' title="bbox 343 2736 1912 2814; baseline 0.007 -25"><span class='ocrx_word' id='word_1_326' title='bbox 343 2744 564 2790; x_wconf 90' lang='lat' dir='ltr'><strong>sanctus</strong></span> <span class='ocrx_word' id='word_1_327' title='bbox 589 2743 808 2806; x_wconf 87' lang='lat' dir='ltr'><strong>propter</strong></span> <span class='ocrx_word' id='word_1_328' title='bbox 840 2737 941 2793; x_wconf 91' lang='lat' dir='ltr'><strong>hos</strong></span> <span class='ocrx_word' id='word_1_329' title='bbox 969 2736 1059 2806; x_wconf 91' lang='lat' dir='ltr'><strong>qui</strong></span> <span class='ocrx_word' id='word_1_330' title='bbox 1084 2737 1301 2794; x_wconf 88' lang='lat' dir='ltr'><strong>divitias</strong></span> <span class='ocrx_word' id='word_1_331' title='bbox 1324 2740 1582 2797; x_wconf 85' lang='lat' dir='ltr'><strong>bonitatis</strong></span> <span class='ocrx_word' id='word_1_332' title='bbox 1614 2752 1669 2798; x_wconf 91' lang='lat' dir='ltr'><strong>et</strong></span> <span class='ocrx_word' id='word_1_333' title='bbox 1702 2746 1912 2814; x_wconf 87' lang='lat' dir='ltr'><strong>patien-</strong></span> 
     </span>
    </p>
   </div>
   <div class='ocr_carea' id='block_1_43' title="bbox 345 2827 1909 2904">
    <p class='ocr_par' dir='ltr' id='par_1_43' title="bbox 345 2827 1909 2904">
     <span class='ocr_line' id='line_1_43' title="bbox 345 2827 1909 2904; baseline 0.007 -23"><span class='ocrx_word' id='word_1_334' title='bbox 345 2830 433 2882; x_wconf 69' lang='lat' dir='ltr'><strong>tia:</strong></span> <span class='ocrx_word' id='word_1_335' title='bbox 478 2827 595 2898; x_wconf 87' lang='lat' dir='ltr'><strong>ejus</strong></span> <span class='ocrx_word' id='word_1_336' title='bbox 625 2837 999 2893; x_wconf 89' lang='lat' dir='ltr'><strong>contemnunt,</strong></span> <span class='ocrx_word' id='word_1_337' title='bbox 1031 2847 1136 2885; x_wconf 85' lang='lat' dir='ltr'><strong>non</strong></span> <span class='ocrx_word' id='word_1_338' title='bbox 1191 2841 1370 2887; x_wconf 88' lang='lat' dir='ltr'><strong>tamen</strong></span> <span class='ocrx_word' id='word_1_339' title='bbox 1402 2835 1620 2904; x_wconf 86' lang='lat' dir='ltr'><strong>penitus</strong></span> <span class='ocrx_word' id='word_1_340' title='bbox 1650 2836 1909 2892; x_wconf 87' lang='lat' dir='ltr'><strong>abstulit:</strong></span> 
     </span>
    </p>
   </div>
   <div class='ocr_carea' id='block_1_44' title="bbox 340 2918 1913 2998">
    <p class='ocr_par' dir='ltr' id='par_1_44' title="bbox 340 2918 1913 2998">
     <span class='ocr_line' id='line_1_44' title="bbox 340 2918 1913 2998; baseline 0.008 -26"><span class='ocrx_word' id='word_1_341' title='bbox 340 2919 465 2988; x_wconf 88' lang='lat' dir='ltr'><strong>quia</strong></span> <span class='ocrx_word' id='word_1_342' title='bbox 497 2927 554 2973; x_wconf 89' lang='lat' dir='ltr'><strong>et</strong></span> <span class='ocrx_word' id='word_1_343' title='bbox 610 2918 900 2975; x_wconf 85' lang='lat' dir='ltr'><strong>thesaurus</strong></span> <span class='ocrx_word' id='word_1_344' title='bbox 939 2922 993 2974; x_wconf 92' lang='lat' dir='ltr'><strong>in</strong></span> <span class='ocrx_word' id='word_1_345' title='bbox 1043 2938 1174 2992; x_wconf 89' lang='lat' dir='ltr'><strong>agro</strong></span> <span class='ocrx_word' id='word_1_346' title='bbox 1222 2925 1572 2981; x_wconf 89' lang='lat' dir='ltr'><strong>absconditus</strong></span> <span class='ocrx_word' id='word_1_347' title='bbox 1631 2943 1737 2987; x_wconf 89' lang='lat' dir='ltr'><strong>non</strong></span> <span class='ocrx_word' id='word_1_348' title='bbox 1787 2928 1913 2998; x_wconf 87' lang='lat' dir='ltr'><strong>qui-</strong></span> 
     </span>
    </p>
   </div>
   <div class='ocr_carea' id='block_1_45' title="bbox 342 3011 1914 3089">
    <p class='ocr_par' dir='ltr' id='par_1_45' title="bbox 342 3011 1914 3089">
     <span class='ocr_line' id='line_1_45' title="bbox 342 3011 1914 3089; baseline 0.007 -24"><span class='ocrx_word' id='word_1_349' title='bbox 342 3011 466 3065; x_wconf 88' lang='lat' dir='ltr'><strong>dem</strong></span> <span class='ocrx_word' id='word_1_350' title='bbox 499 3012 568 3066; x_wconf 89' lang='lat' dir='ltr'><strong>ab</strong></span> <span class='ocrx_word' id='word_1_351' title='bbox 595 3013 846 3068; x_wconf 90' lang='lat' dir='ltr'><strong>omnibus</strong></span> <span class='ocrx_word' id='word_1_352' title='bbox 886 3014 1182 3081; x_wconf 89' lang='lat' dir='ltr'><strong>invenitur,</strong></span> <span class='ocrx_word' id='word_1_353' title='bbox 1217 3034 1285 3072; x_wconf 89' lang='lat' dir='ltr'><strong>ne</strong></span> <span class='ocrx_word' id='word_1_354' title='bbox 1333 3018 1493 3074; x_wconf 85' lang='lat' dir='ltr'><strong>facile</strong></span> <span class='ocrx_word' id='word_1_355' title='bbox 1541 3020 1828 3089; x_wconf 89' lang='lat' dir='ltr'><strong>diripiatur</strong></span> <span class='ocrx_word' id='word_1_356' title='bbox 1858 3030 1914 3075; x_wconf 85' lang='lat' dir='ltr'><strong>et</strong></span> 
     </span>
    </p>
   </div>
   <div class='ocr_carea' id='block_1_46' title="bbox 339 3103 1914 3183">
    <p class='ocr_par' dir='ltr' id='par_1_46' title="bbox 339 3103 1914 3183">
     <span class='ocr_line' id='line_1_46' title="bbox 339 3103 1914 3183; baseline 0.009 -27"><span class='ocrx_word' id='word_1_357' title='bbox 339 3111 528 3170; x_wconf 83' lang='lat' dir='ltr'><strong>pereat</strong></span> <span class='ocrx_word' id='word_1_358' title='bbox 556 3120 569 3156; x_wconf 93' lang='lat'><strong>:</strong></span> <span class='ocrx_word' id='word_1_359' title='bbox 601 3103 876 3159; x_wconf 91' lang='lat' dir='ltr'><strong>invenitur</strong></span> <span class='ocrx_word' id='word_1_360' title='bbox 910 3116 1090 3162; x_wconf 91' lang='lat' dir='ltr'><strong>tamen</strong></span> <span class='ocrx_word' id='word_1_361' title='bbox 1121 3124 1151 3162; x_wconf 90' lang='lat' dir='ltr'><strong>a</strong></span> <span class='ocrx_word' id='word_1_362' title='bbox 1174 3110 1555 3179; x_wconf 89' lang='lat' dir='ltr'><strong>prudentibus,</strong></span> <span class='ocrx_word' id='word_1_363' title='bbox 1583 3113 1674 3181; x_wconf 90' lang='lat' dir='ltr'><strong>qui</strong></span> <span class='ocrx_word' id='word_1_364' title='bbox 1701 3114 1914 3183; x_wconf 87' lang='lat' dir='ltr'><strong>possint</strong></span> 
     </span>
    </p>
   </div>
   <div class='ocr_carea' id='block_1_47' title="bbox 342 3196 1909 3275">
    <p class='ocr_par' dir='ltr' id='par_1_47' title="bbox 342 3196 1909 3275">
     <span class='ocr_line' id='line_1_47' title="bbox 342 3196 1909 3275; baseline 0.007 -26"><span class='ocrx_word' id='word_1_365' title='bbox 342 3196 441 3262; x_wconf 92' lang='lat' dir='ltr'><strong>ire,</strong></span> <span class='ocrx_word' id='word_1_366' title='bbox 477 3207 531 3251; x_wconf 90' lang='lat' dir='ltr'><strong>et</strong></span> <span class='ocrx_word' id='word_1_367' title='bbox 561 3197 796 3252; x_wconf 90' lang='lat' dir='ltr'><strong>vendere</strong></span> <span class='ocrx_word' id='word_1_368' title='bbox 827 3199 1007 3255; x_wconf 88' lang='lat' dir='ltr'><strong>omnia</strong></span> <span class='ocrx_word' id='word_1_369' title='bbox 1041 3216 1159 3269; x_wconf 73' lang='lat' dir='ltr'><strong>quze</strong></span> <span class='ocrx_word' id='word_1_370' title='bbox 1189 3201 1410 3265; x_wconf 90' lang='lat' dir='ltr'><strong>habent,</strong></span> <span class='ocrx_word' id='word_1_371' title='bbox 1447 3211 1697 3259; x_wconf 89' lang='lat' dir='ltr'><strong>etemere</strong></span> <span class='ocrx_word' id='word_1_372' title='bbox 1721 3220 1909 3275; x_wconf 85' lang='lat' dir='ltr'><strong>agrum</strong></span> 
     </span>
    </p>
   </div>
   <div class='ocr_carea' id='block_1_48' title="bbox 339 3297 1908 3371">
    <p class='ocr_par' dir='ltr' id='par_1_48' title="bbox 339 3297 1908 3371">
     <span class='ocr_line' id='line_1_48' title="bbox 339 3297 1908 3371; baseline 0.006 -19"><span class='ocrx_word' id='word_1_373' title='bbox 339 3297 568 3354; x_wconf 79' lang='lat' dir='ltr'><strong>illum&quot;.</strong></span> <span class='ocrx_word' id='word_1_374' title='bbox 589 3298 654 3353; x_wconf 88' lang='lat' dir='ltr'><strong>Et</strong></span> <span class='ocrx_word' id='word_1_375' title='bbox 673 3300 786 3356; x_wconf 71' lang='lat' dir='ltr'><strong>haec</strong></span> <span class='ocrx_word' id='word_1_376' title='bbox 801 3316 934 3371; x_wconf 87' lang='lat' dir='ltr'><strong>ergo</strong></span> <span class='ocrx_word' id='word_1_377' title='bbox 950 3304 1196 3371; x_wconf 88' lang='lat' dir='ltr'><strong>quamvis</strong></span> <span class='ocrx_word' id='word_1_378' title='bbox 1219 3303 1535 3359; x_wconf 88' lang='lat' dir='ltr'><strong>abscondita</strong></span> <span class='ocrx_word' id='word_1_379' title='bbox 1561 3305 1734 3359; x_wconf 87' lang='lat' dir='ltr'><strong>sintin</strong></span> <span class='ocrx_word' id='word_1_380' title='bbox 1761 3307 1908 3361; x_wconf 87' lang='lat' dir='ltr'><strong>Scri-</strong></span> 
     </span>
    </p>
   </div>
   <div class='ocr_carea' id='block_1_49' title="bbox 339 3391 1909 3465">
    <p class='ocr_par' dir='ltr' id='par_1_49' title="bbox 339 3391 1909 3465">
     <span class='ocr_line' id='line_1_49' title="bbox 339 3391 1909 3465; baseline 0.006 -24"><span class='ocrx_word' id='word_1_381' title='bbox 339 3391 532 3457; x_wconf 85' lang='lat' dir='ltr'><strong>pturis,</strong></span> <span class='ocrx_word' id='word_1_382' title='bbox 576 3391 717 3447; x_wconf 83' lang='lat' dir='ltr'><strong>sicut</strong></span> <span class='ocrx_word' id='word_1_383' title='bbox 748 3393 1011 3461; x_wconf 87' lang='lat' dir='ltr'><strong>scriptum</strong></span> <span class='ocrx_word' id='word_1_384' title='bbox 1041 3404 1125 3448; x_wconf 88' lang='lat' dir='ltr'><strong>est</strong></span> <span class='ocrx_word' id='word_1_385' title='bbox 1144 3396 1189 3426; x_wconf 79' lang='grc' dir='ltr'><strong>’ί</strong></span> <span class='ocrx_word' id='word_1_386' title='bbox 1222 3413 1235 3449; x_wconf 91' lang='lat'><strong>:</strong></span> <span class='ocrx_word' id='word_1_387' title='bbox 1284 3415 1301 3447; x_wconf 88' lang='grc' dir='ltr'><strong>ι</strong></span> <span class='ocrx_word' id='word_1_388' title='bbox 1345 3394 1518 3461; x_wconf 83' lang='lat' dir='ltr'><strong>Quam</strong></span> <span class='ocrx_word' id='word_1_389' title='bbox 1552 3412 1744 3465; x_wconf 80' lang='lat' dir='ltr'><strong>magna</strong></span> <span class='ocrx_word' id='word_1_390' title='bbox 1773 3398 1909 3452; x_wconf 90' lang='lat' dir='ltr'><strong>mul-</strong></span> 
     </span>
    </p>
   </div>
   <div class='ocr_carea' id='block_1_50' title="bbox 341 3483 1907 3560">
    <p class='ocr_par' dir='ltr' id='par_1_50' title="bbox 341 3483 1907 3560">
     <span class='ocr_line' id='line_1_50' title="bbox 341 3483 1907 3560; baseline 0.006 -24"><span class='ocrx_word' id='word_1_391' title='bbox 341 3483 514 3538; x_wconf 85' lang='lat' dir='ltr'><strong>titudo</strong></span> <span class='ocrx_word' id='word_1_392' title='bbox 544 3485 842 3540; x_wconf 87' lang='lat' dir='ltr'><strong>dulcedinis</strong></span> <span class='ocrx_word' id='word_1_393' title='bbox 876 3496 981 3540; x_wconf 83' lang='lat' dir='ltr'><strong>tuae</strong></span> <span class='ocrx_word' id='word_1_394' title='bbox 1009 3526 1025 3551; x_wconf 93' lang='lat'><strong>,</strong></span> <span class='ocrx_word' id='word_1_395' title='bbox 1082 3488 1338 3555; x_wconf 89' lang='lat' dir='ltr'><strong>Domine,</strong></span> <span class='ocrx_word' id='word_1_396' title='bbox 1377 3503 1539 3560; x_wconf 87' lang='lat' dir='ltr'><strong>quam</strong></span> <span class='ocrx_word' id='word_1_397' title='bbox 1577 3490 1907 3545; x_wconf 86' lang='lat' dir='ltr'><strong>abscondisti</strong></span> 
     </span>
    </p>
   </div>
   <div class='ocr_carea' id='block_1_51' title="bbox 340 3575 1907 3652">
    <p class='ocr_par' dir='ltr' id='par_1_51' title="bbox 340 3575 1907 3652">
     <span class='ocr_line' id='line_1_51' title="bbox 340 3575 1907 3652; baseline 0.006 -25"><span class='ocrx_word' id='word_1_398' title='bbox 340 3575 654 3631; x_wconf 88' lang='lat' dir='ltr'><strong>timentibus</strong></span> <span class='ocrx_word' id='word_1_399' title='bbox 682 3586 734 3632; x_wconf 91' lang='lat' dir='ltr'><strong>te</strong></span> <span class='ocrx_word' id='word_1_400' title='bbox 763 3579 777 3631; x_wconf 87' lang='lat'>!</span> <span class='ocrx_word' id='word_1_401' title='bbox 816 3597 834 3629; x_wconf 67' lang='grc' dir='ltr'><strong>ι</strong></span> <span class='ocrx_word' id='word_1_402' title='bbox 863 3587 1041 3633; x_wconf 90' lang='lat' dir='ltr'><strong>tamen</strong></span> <span class='ocrx_word' id='word_1_403' title='bbox 1070 3579 1418 3635; x_wconf 89' lang='lat' dir='ltr'><strong>inveniuntur</strong></span> <span class='ocrx_word' id='word_1_404' title='bbox 1443 3581 1510 3636; x_wconf 89' lang='lat' dir='ltr'><strong>ab</strong></span> <span class='ocrx_word' id='word_1_405' title='bbox 1542 3582 1644 3646; x_wconf 89' lang='lat' dir='ltr'><strong>his,</strong></span> <span class='ocrx_word' id='word_1_406' title='bbox 1680 3582 1769 3652; x_wconf 91' lang='lat' dir='ltr'><strong>qui</strong></span> <span class='ocrx_word' id='word_1_407' title='bbox 1801 3600 1907 3637; x_wconf 87' lang='lat' dir='ltr'><strong>non</strong></span> 
     </span>
    </p>
   </div>
   <div class='ocr_carea' id='block_1_52' title="bbox 339 3674 1909 3749">
    <p class='ocr_par' dir='ltr' id='par_1_52' title="bbox 339 3674 1909 3749">
     <span class='ocr_line' id='line_1_52' title="bbox 339 3674 1909 3749; baseline 0.004 -20"><span class='ocrx_word' id='word_1_408' title='bbox 339 3674 510 3729; x_wconf 89' lang='lat' dir='ltr'><strong>solum</strong></span> <span class='ocrx_word' id='word_1_409' title='bbox 530 3676 763 3743; x_wconf 87' lang='lat' dir='ltr'><strong>justum,</strong></span> <span class='ocrx_word' id='word_1_410' title='bbox 813 3678 907 3734; x_wconf 91' lang='lat' dir='ltr'><strong>sed</strong></span> <span class='ocrx_word' id='word_1_411' title='bbox 943 3679 1106 3733; x_wconf 86' lang='lat' dir='ltr'><strong>etiam</strong></span> <span class='ocrx_word' id='word_1_412' title='bbox 1147 3680 1340 3733; x_wconf 89' lang='lat' dir='ltr'><strong>bonum</strong></span> <span class='ocrx_word' id='word_1_413' title='bbox 1387 3695 1507 3736; x_wconf 90' lang='lat' dir='ltr'><strong>esse</strong></span> <span class='ocrx_word' id='word_1_414' title='bbox 1559 3683 1724 3735; x_wconf 89' lang='lat' dir='ltr'><strong>Deum</strong></span> <span class='ocrx_word' id='word_1_415' title='bbox 1779 3681 1909 3749; x_wconf 81' lang='lat' dir='ltr'><strong>legis</strong></span> 
     </span>
    </p>
   </div>
   <div class='ocr_carea' id='block_1_53' title="bbox 337 3770 1908 3846">
    <p class='ocr_par' dir='ltr' id='par_1_53' title="bbox 337 3770 1908 3846">
     <span class='ocr_line' id='line_1_53' title="bbox 337 3770 1908 3846; baseline 0.004 -25"><span class='ocrx_word' id='word_1_416' title='bbox 337 3777 392 3821; x_wconf 92' lang='lat' dir='ltr'><strong>et</strong></span> <span class='ocrx_word' id='word_1_417' title='bbox 429 3770 834 3838; x_wconf 88' lang='lat' dir='ltr'><strong>prophetarum,</strong></span> <span class='ocrx_word' id='word_1_418' title='bbox 862 3786 929 3827; x_wconf 84' lang='lat' dir='ltr'><strong>ex</strong></span> <span class='ocrx_word' id='word_1_419' title='bbox 962 3772 1048 3828; x_wconf 86' lang='lat' dir='ltr'><strong>his</strong></span> <span class='ocrx_word' id='word_1_420' title='bbox 1078 3773 1192 3846; x_wconf 88' lang='grc'>(51)</span> <span class='ocrx_word' id='word_1_421' title='bbox 1239 3789 1359 3843; x_wconf 67' lang='lat' dir='ltr'><strong>qua:</strong></span> <span class='ocrx_word' id='word_1_422' title='bbox 1397 3775 1450 3828; x_wconf 91' lang='lat' dir='ltr'><strong>in</strong></span> <span class='ocrx_word' id='word_1_423' title='bbox 1502 3774 1908 3843; x_wconf 89' lang='lat' dir='ltr'><strong>Scripturarum</strong></span> 
     </span>
    </p>
   </div>
   <div class='ocr_carea' id='block_1_54' title="bbox 337 3865 1913 3939">
    <p class='ocr_par' dir='ltr' id='par_1_54' title="bbox 337 3865 1913 3939">
     <span class='ocr_line' id='line_1_54' title="bbox 337 3865 1913 3939; baseline -0.003 -17"><span class='ocrx_word' id='word_1_424' title='bbox 337 3869 596 3939; x_wconf 86' lang='lat' dir='ltr'><strong>mysterio</strong></span> <span class='ocrx_word' id='word_1_425' title='bbox 626 3875 751 3923; x_wconf 91' lang='lat' dir='ltr'><strong>sunt</strong></span> <span class='ocrx_word' id='word_1_426' title='bbox 782 3866 1051 3922; x_wconf 90' lang='lat' dir='ltr'><strong>occultata</strong></span> <span class='ocrx_word' id='word_1_427' title='bbox 1075 3906 1089 3930; x_wconf 92' lang='lat'><strong>,</strong></span> <span class='ocrx_word' id='word_1_428' title='bbox 1121 3866 1439 3919; x_wconf 85' lang='lat' dir='ltr'><strong>defendunt.</strong></span> <span class='ocrx_word' id='word_1_429' title='bbox 1472 3865 1545 3919; x_wconf 85' lang='lat' dir='ltr'><strong>Ex</strong></span> <span class='ocrx_word' id='word_1_430' title='bbox 1584 3866 1782 3935; x_wconf 90' lang='lat' dir='ltr'><strong>quibus</strong></span> <span class='ocrx_word' id='word_1_431' title='bbox 1818 3881 1913 3919; x_wconf 86' lang='lat' dir='ltr'><strong>ue-</strong></span> 
     </span>
    </p>
   </div>
   <div class='ocr_carea' id='block_1_55' title="bbox 339 3956 1912 4030">
    <p class='ocr_par' dir='ltr' id='par_1_55' title="bbox 339 3956 1912 4030">
     <span class='ocr_line' id='line_1_55' title="bbox 339 3956 1912 4030; baseline -0.001 -14"><span class='ocrx_word' id='word_1_432' title='bbox 339 3961 567 4016; x_wconf 87' lang='lat' dir='ltr'><strong>cessitas</strong></span> <span class='ocrx_word' id='word_1_433' title='bbox 584 3960 765 4028; x_wconf 79' lang='lat' dir='ltr'><strong>exegit</strong></span> <span class='ocrx_word' id='word_1_434' title='bbox 787 3974 954 4028; x_wconf 88' lang='lat' dir='ltr'><strong>pauca</strong></span> <span class='ocrx_word' id='word_1_435' title='bbox 967 3958 1274 4030; x_wconf 86' lang='lat' dir='ltr'><strong>patefacere</strong></span> <span class='ocrx_word' id='word_1_436' title='bbox 1291 3960 1464 4030; x_wconf 86' lang='lat' dir='ltr'><strong>gratia</strong></span> <span class='ocrx_word' id='word_1_437' title='bbox 1485 3956 1596 4030; x_wconf 73' lang='grc'>(52)</span> <span class='ocrx_word' id='word_1_438' title='bbox 1612 3960 1912 4028; x_wconf 84' lang='lat' dir='ltr'><strong>exponendi</strong></span> 
     </span>
    </p>
   </div>
   <div class='ocr_carea' id='block_1_56' title="bbox 338 4040 1905 4122">
    <p class='ocr_par' dir='ltr' id='par_1_56' title="bbox 338 4040 1905 4122">
     <span class='ocr_line' id='line_1_56' title="bbox 338 4040 1905 4122; baseline 0.001 -17"><span class='ocrx_word' id='word_1_439' title='bbox 338 4052 691 4121; x_wconf 89' lang='lat' dir='ltr'><strong>apostolicum</strong></span> <span class='ocrx_word' id='word_1_440' title='bbox 720 4040 1049 4116; x_wconf 86' lang='lat' dir='ltr'><strong>sermonem,</strong></span> <span class='ocrx_word' id='word_1_441' title='bbox 1074 4066 1180 4121; x_wconf 90' lang='lat' dir='ltr'><strong>quo</strong></span> <span class='ocrx_word' id='word_1_442' title='bbox 1209 4051 1286 4105; x_wconf 87' lang='lat' dir='ltr'><strong>ait</strong></span> <span class='ocrx_word' id='word_1_443' title='bbox 1316 4069 1330 4105; x_wconf 93' lang='lat'><strong>:</strong></span> <span class='ocrx_word' id='word_1_444' title='bbox 1369 4069 1388 4102; x_wconf 87' lang='grc' dir='ltr'><strong>ι</strong></span> <span class='ocrx_word' id='word_1_445' title='bbox 1415 4049 1550 4106; x_wconf 88' lang='lat' dir='ltr'><strong>Justi</strong></span> <span class='ocrx_word' id='word_1_446' title='bbox 1572 4052 1759 4122; x_wconf 89' lang='lat' dir='ltr'><strong>judicii</strong></span> <span class='ocrx_word' id='word_1_447' title='bbox 1788 4052 1905 4119; x_wconf 88' lang='lat' dir='ltr'><strong>Dei,</strong></span> 
     </span>
    </p>
   </div>
   <div class='ocr_carea' id='block_1_57' title="bbox 339 4144 1732 4215">
    <p class='ocr_par' dir='ltr' id='par_1_57' title="bbox 339 4144 1732 4215">
     <span class='ocr_line' id='line_1_57' title="bbox 339 4144 1732 4215; baseline -0.001 -18"><span class='ocrx_word' id='word_1_448' title='bbox 339 4145 435 4215; x_wconf 92' lang='lat' dir='ltr'><strong>qui</strong></span> <span class='ocrx_word' id='word_1_449' title='bbox 473 4145 668 4199; x_wconf 86' lang='lat' dir='ltr'><strong>reddet</strong></span> <span class='ocrx_word' id='word_1_450' title='bbox 698 4144 988 4213; x_wconf 89' lang='lat' dir='ltr'><strong>unicuique</strong></span> <span class='ocrx_word' id='word_1_451' title='bbox 1027 4146 1321 4198; x_wconf 90' lang='lat' dir='ltr'><strong>secundum</strong></span> <span class='ocrx_word' id='word_1_452' title='bbox 1348 4159 1510 4213; x_wconf 86' lang='lat' dir='ltr'><strong>opera</strong></span> <span class='ocrx_word' id='word_1_453' title='bbox 1547 4160 1664 4200; x_wconf 90' lang='lat' dir='ltr'><strong>sua.</strong></span> <span class='ocrx_word' id='word_1_454' title='bbox 1713 4165 1732 4196; x_wconf 76' lang='grc' dir='ltr'><strong>ι</strong></span> 
     </span>
    </p>
   </div>
   <div class='ocr_carea' id='block_1_58' title="bbox 408 4257 1906 4329">
    <p class='ocr_par' dir='ltr' id='par_1_58' title="bbox 408 4257 1906 4329">
     <span class='ocr_line' id='line_1_58' title="bbox 408 4257 1906 4329; baseline -0.001 -14"><span class='ocrx_word' id='word_1_455' title='bbox 408 4260 462 4315; x_wconf 90' lang='grc'>5.</span> <span class='ocrx_word' id='word_1_456' title='bbox 494 4278 513 4310; x_wconf 78' lang='grc' dir='ltr'><strong>ι</strong></span> <span class='ocrx_word' id='word_1_457' title='bbox 551 4259 644 4313; x_wconf 85' lang='lat' dir='ltr'><strong>His</strong></span> <span class='ocrx_word' id='word_1_458' title='bbox 671 4258 886 4328; x_wconf 90' lang='lat' dir='ltr'><strong>quidem</strong></span> <span class='ocrx_word' id='word_1_459' title='bbox 934 4258 1024 4326; x_wconf 91' lang='lat' dir='ltr'><strong>qui</strong></span> <span class='ocrx_word' id='word_1_460' title='bbox 1058 4257 1373 4329; x_wconf 71' lang='lat' dir='ltr'><strong>.secundum</strong></span> <span class='ocrx_word' id='word_1_461' title='bbox 1419 4257 1733 4328; x_wconf 88' lang='lat' dir='ltr'><strong>patientiam</strong></span> <span class='ocrx_word' id='word_1_462' title='bbox 1780 4259 1906 4313; x_wconf 93' lang='lat' dir='ltr'><strong>boni</strong></span> 
     </span>
    </p>
   </div>
   <div class='ocr_carea' id='block_1_59' title="bbox 336 4350 1906 4422">
    <p class='ocr_par' dir='ltr' id='par_1_59' title="bbox 336 4350 1906 4422">
     <span class='ocr_line' id='line_1_59' title="bbox 336 4350 1906 4422; baseline -0.003 -15"><span class='ocrx_word' id='word_1_463' title='bbox 336 4350 538 4421; x_wconf 88' lang='lat' dir='ltr'><strong>operis,</strong></span> <span class='ocrx_word' id='word_1_464' title='bbox 572 4351 798 4422; x_wconf 86' lang='lat' dir='ltr'><strong>gloriam</strong></span> <span class='ocrx_word' id='word_1_465' title='bbox 826 4391 841 4417; x_wconf 89' lang='lat'><strong>,</strong></span> <span class='ocrx_word' id='word_1_466' title='bbox 901 4358 957 4404; x_wconf 90' lang='lat' dir='ltr'><strong>et</strong></span> <span class='ocrx_word' id='word_1_467' title='bbox 1003 4350 1263 4404; x_wconf 89' lang='lat' dir='ltr'><strong>honorem</strong></span> <span class='ocrx_word' id='word_1_468' title='bbox 1291 4389 1304 4415; x_wconf 93' lang='lat'><strong>,</strong></span> <span class='ocrx_word' id='word_1_469' title='bbox 1341 4360 1396 4403; x_wconf 92' lang='lat' dir='ltr'><strong>et</strong></span> <span class='ocrx_word' id='word_1_470' title='bbox 1446 4351 1906 4419; x_wconf 89' lang='lat' dir='ltr'><strong>incorruptionem</strong></span> 
     </span>
    </p>
   </div>
   <div class='ocr_carea' id='block_1_60' title="bbox 338 4452 1905 4527">
    <p class='ocr_par' dir='ltr' id='par_1_60' title="bbox 338 4452 1905 4527">
     <span class='ocr_line' id='line_1_60' title="bbox 338 4452 1905 4527; baseline -0.002 -18"><span class='ocrx_word' id='word_1_471' title='bbox 338 4466 607 4527; x_wconf 73' lang='lat' dir='ltr'><strong>quaerunt,</strong></span> <span class='ocrx_word' id='word_1_472' title='bbox 640 4455 805 4508; x_wconf 89' lang='lat' dir='ltr'><strong>vitam</strong></span> <span class='ocrx_word' id='word_1_473' title='bbox 835 4461 1091 4508; x_wconf 67' lang='lat' dir='ltr'><strong>aeternam</strong></span> <span class='ocrx_word' id='word_1_474' title='bbox 1125 4469 1139 4506; x_wconf 93' lang='lat'><strong>:</strong></span> <span class='ocrx_word' id='word_1_475' title='bbox 1173 4452 1259 4509; x_wconf 89' lang='lat' dir='ltr'><strong>his</strong></span> <span class='ocrx_word' id='word_1_476' title='bbox 1300 4464 1478 4507; x_wconf 92' lang='lat' dir='ltr'><strong>autem</strong></span> <span class='ocrx_word' id='word_1_477' title='bbox 1535 4454 1625 4523; x_wconf 91' lang='lat' dir='ltr'><strong>qui</strong></span> <span class='ocrx_word' id='word_1_478' title='bbox 1656 4468 1723 4508; x_wconf 88' lang='lat' dir='ltr'><strong>ex</strong></span> <span class='ocrx_word' id='word_1_479' title='bbox 1777 4468 1905 4507; x_wconf 87' lang='lat' dir='ltr'><strong>con-</strong></span> 
     </span>
    </p>
   </div>
   <div class='ocr_carea' id='block_1_61' title="bbox 2017 1973 3570 2045">
    <p class='ocr_par' dir='ltr' id='par_1_61' title="bbox 2017 1973 3570 2045">
     <span class='ocr_line' id='line_1_61' title="bbox 2017 1973 3570 2045; baseline 0.001 -18"><span class='ocrx_word' id='word_1_480' title='bbox 2017 1987 2274 2027; x_wconf 86' lang='lat' dir='ltr'><strong>sonarum</strong></span> <span class='ocrx_word' id='word_1_481' title='bbox 2307 1975 2553 2043; x_wconf 87' lang='lat' dir='ltr'><strong>acceptio</strong></span> <span class='ocrx_word' id='word_1_482' title='bbox 2601 1975 2742 2044; x_wconf 90' lang='lat' dir='ltr'><strong>apud</strong></span> <span class='ocrx_word' id='word_1_483' title='bbox 2781 1974 2971 2029; x_wconf 91' lang='lat' dir='ltr'><strong>Deum.</strong></span> <span class='ocrx_word' id='word_1_484' title='bbox 3019 1973 3145 2028; x_wconf 65' lang='lat' dir='ltr'><strong>Haec</strong></span> <span class='ocrx_word' id='word_1_485' title='bbox 3170 1976 3399 2044; x_wconf 87' lang='lat' dir='ltr'><strong>quidem</strong></span> <span class='ocrx_word' id='word_1_486' title='bbox 3426 1991 3570 2045; x_wconf 79' lang='lat' dir='ltr'><strong>quan-</strong></span> 
     </span>
    </p>
   </div>
   <div class='ocr_carea' id='block_1_62' title="bbox 2018 2065 3571 2134">
    <p class='ocr_par' dir='ltr' id='par_1_62' title="bbox 2018 2065 3571 2134">
     <span class='ocr_line' id='line_1_62' title="bbox 2018 2065 3571 2134; baseline 0.001 -17"><span class='ocrx_word' id='word_1_487' title='bbox 2018 2072 2128 2118; x_wconf 91' lang='lat' dir='ltr'><strong>tum</strong></span> <span class='ocrx_word' id='word_1_488' title='bbox 2191 2068 2258 2119; x_wconf 87' lang='lat' dir='ltr'><strong>ad</strong></span> <span class='ocrx_word' id='word_1_489' title='bbox 2312 2080 2623 2119; x_wconf 88' lang='lat' dir='ltr'><strong>sermonum</strong></span> <span class='ocrx_word' id='word_1_490' title='bbox 2689 2066 2938 2120; x_wconf 91' lang='lat' dir='ltr'><strong>ordinem</strong></span> <span class='ocrx_word' id='word_1_491' title='bbox 3000 2076 3230 2134; x_wconf 86' lang='lat' dir='ltr'><strong>spectat.</strong></span> <span class='ocrx_word' id='word_1_492' title='bbox 3297 2065 3404 2121; x_wconf 88' lang='lat' dir='ltr'><strong>Sed</strong></span> <span class='ocrx_word' id='word_1_493' title='bbox 3453 2081 3571 2119; x_wconf 90' lang='lat' dir='ltr'><strong>nunc</strong></span> 
     </span>
    </p>
   </div>
   <div class='ocr_carea' id='block_1_63' title="bbox 2016 2157 3567 2227">
    <p class='ocr_par' dir='ltr' id='par_1_63' title="bbox 2016 2157 3567 2227">
     <span class='ocr_line' id='line_1_63' title="bbox 2016 2157 3567 2227; baseline 0.003 -18"><span class='ocrx_word' id='word_1_494' title='bbox 2016 2171 2135 2225; x_wconf 76' lang='lat' dir='ltr'><strong>quae</strong></span> <span class='ocrx_word' id='word_1_495' title='bbox 2178 2158 2245 2210; x_wconf 88' lang='lat' dir='ltr'><strong>ad</strong></span> <span class='ocrx_word' id='word_1_496' title='bbox 2295 2157 2608 2212; x_wconf 90' lang='lat' dir='ltr'><strong>interiorem</strong></span> <span class='ocrx_word' id='word_1_497' title='bbox 2670 2173 2886 2212; x_wconf 89' lang='lat' dir='ltr'><strong>sensum</strong></span> <span class='ocrx_word' id='word_1_498' title='bbox 2926 2159 3200 2227; x_wconf 89' lang='lat' dir='ltr'><strong>pertinent</strong></span> <span class='ocrx_word' id='word_1_499' title='bbox 3226 2159 3567 2227; x_wconf 88' lang='lat' dir='ltr'><strong>requiramus.</strong></span> 
     </span>
    </p>
   </div>
   <div class='ocr_carea' id='block_1_64' title="bbox 2020 2244 3567 2317">
    <p class='ocr_par' dir='ltr' id='par_1_64' title="bbox 2020 2244 3567 2317">
     <span class='ocr_line' id='line_1_64' title="bbox 2020 2244 3567 2317; baseline 0.001 -20"><span class='ocrx_word' id='word_1_500' title='bbox 2020 2263 2039 2296; x_wconf 82' lang='grc' dir='ltr'><strong>ι</strong></span> <span class='ocrx_word' id='word_1_501' title='bbox 2075 2244 2190 2308; x_wconf 82' lang='lat' dir='ltr'><strong>llis,</strong></span> <span class='ocrx_word' id='word_1_502' title='bbox 2241 2245 2435 2314; x_wconf 88' lang='lat' dir='ltr'><strong>inquit,</strong></span> <span class='ocrx_word' id='word_1_503' title='bbox 2494 2246 2583 2310; x_wconf 91' lang='lat' dir='ltr'><strong>qui</strong></span> <span class='ocrx_word' id='word_1_504' title='bbox 2623 2262 2718 2315; x_wconf 90' lang='lat' dir='ltr'><strong>per</strong></span> <span class='ocrx_word' id='word_1_505' title='bbox 2763 2247 3080 2315; x_wconf 82' lang='lat' dir='ltr'><strong>patientiam</strong></span> <span class='ocrx_word' id='word_1_506' title='bbox 3125 2248 3255 2302; x_wconf 88' lang='lat' dir='ltr'><strong>boni</strong></span> <span class='ocrx_word' id='word_1_507' title='bbox 3314 2250 3505 2317; x_wconf 89' lang='lat' dir='ltr'><strong>operis.</strong></span> <span class='ocrx_word' id='word_1_508' title='bbox 3551 2267 3567 2299; x_wconf 74' lang='grc' dir='ltr'><strong>ι</strong></span> 
     </span>
    </p>
   </div>
   <div class='ocr_carea' id='block_1_65' title="bbox 2018 2334 3573 2408">
    <p class='ocr_par' dir='ltr' id='par_1_65' title="bbox 2018 2334 3573 2408">
     <span class='ocr_line' id='line_1_65' title="bbox 2018 2334 3573 2408; baseline 0.003 -19"><span class='ocrx_word' id='word_1_509' title='bbox 2018 2334 2173 2403; x_wconf 84' lang='lat' dir='ltr'><strong>Quod</strong></span> <span class='ocrx_word' id='word_1_510' title='bbox 2224 2336 2396 2391; x_wconf 87' lang='lat' dir='ltr'><strong>dicit:</strong></span> <span class='ocrx_word' id='word_1_511' title='bbox 2466 2355 2485 2387; x_wconf 80' lang='grc' dir='ltr'><strong>ι</strong></span> <span class='ocrx_word' id='word_1_512' title='bbox 2524 2335 2847 2391; x_wconf 84' lang='lat' dir='ltr'><strong>Patientiatn</strong></span> <span class='ocrx_word' id='word_1_513' title='bbox 2870 2337 3000 2392; x_wconf 83' lang='lat' dir='ltr'><strong>boni</strong></span> <span class='ocrx_word' id='word_1_514' title='bbox 3067 2341 3274 2408; x_wconf 89' lang='lat' dir='ltr'><strong>operis,</strong></span> <span class='ocrx_word' id='word_1_515' title='bbox 3328 2357 3349 2392; x_wconf 73' lang='grc' dir='ltr'><strong>ι</strong></span> <span class='ocrx_word' id='word_1_516' title='bbox 3414 2351 3573 2396; x_wconf 84' lang='lat' dir='ltr'><strong>osten-</strong></span> 
     </span>
    </p>
   </div>
   <div class='ocr_carea' id='block_1_66' title="bbox 2016 2428 3563 2501">
    <p class='ocr_par' dir='ltr' id='par_1_66' title="bbox 2016 2428 3563 2501">
     <span class='ocr_line' id='line_1_66' title="bbox 2016 2428 3563 2501; baseline 0.001 -19"><span class='ocrx_word' id='word_1_517' title='bbox 2016 2429 2095 2482; x_wconf 87' lang='lat' dir='ltr'><strong>dit</strong></span> <span class='ocrx_word' id='word_1_518' title='bbox 2125 2428 2364 2483; x_wconf 87' lang='lat' dir='ltr'><strong>laborem</strong></span> <span class='ocrx_word' id='word_1_519' title='bbox 2403 2429 2691 2497; x_wconf 89' lang='lat' dir='ltr'><strong>quemdam</strong></span> <span class='ocrx_word' id='word_1_520' title='bbox 2728 2437 2782 2483; x_wconf 88' lang='lat' dir='ltr'><strong>et</strong></span> <span class='ocrx_word' id='word_1_521' title='bbox 2809 2443 3011 2497; x_wconf 84' lang='lat' dir='ltr'><strong>agones</strong></span> <span class='ocrx_word' id='word_1_522' title='bbox 3058 2430 3352 2487; x_wconf 87' lang='lat' dir='ltr'><strong>imminere</strong></span> <span class='ocrx_word' id='word_1_523' title='bbox 3383 2433 3466 2487; x_wconf 84' lang='lat' dir='ltr'><strong>his</strong></span> <span class='ocrx_word' id='word_1_524' title='bbox 3488 2432 3563 2501; x_wconf 87' lang='lat' dir='ltr'><strong>qui</strong></span> 
     </span>
    </p>
   </div>
   <div class='ocr_carea' id='block_1_67' title="bbox 2015 2519 3567 2590">
    <p class='ocr_par' dir='ltr' id='par_1_67' title="bbox 2015 2519 3567 2590">
     <span class='ocr_line' id='line_1_67' title="bbox 2015 2519 3567 2590; baseline 0.002 -15"><span class='ocrx_word' id='word_1_525' title='bbox 2015 2521 2215 2575; x_wconf 86' lang='lat' dir='ltr'><strong>bonum</strong></span> <span class='ocrx_word' id='word_1_526' title='bbox 2251 2536 2386 2590; x_wconf 90' lang='lat' dir='ltr'><strong>opus</strong></span> <span class='ocrx_word' id='word_1_527' title='bbox 2413 2519 2594 2575; x_wconf 86' lang='lat' dir='ltr'><strong>facere</strong></span> <span class='ocrx_word' id='word_1_528' title='bbox 2617 2520 2824 2575; x_wconf 87' lang='lat' dir='ltr'><strong>volunt.</strong></span> <span class='ocrx_word' id='word_1_529' title='bbox 2862 2541 2881 2573; x_wconf 79' lang='grc' dir='ltr'><strong>ι</strong></span> <span class='ocrx_word' id='word_1_530' title='bbox 2925 2521 3220 2578; x_wconf 87' lang='lat' dir='ltr'><strong>Luctamen</strong></span> <span class='ocrx_word' id='word_1_531' title='bbox 3252 2535 3342 2580; x_wconf 90' lang='lat' dir='ltr'><strong>est</strong></span> <span class='ocrx_word' id='word_1_532' title='bbox 3372 2544 3391 2578; x_wconf 76' lang='grc' dir='ltr'><strong>ι</strong></span> <span class='ocrx_word' id='word_1_533' title='bbox 3422 2526 3567 2588; x_wconf 82' lang='lat' dir='ltr'><strong>enim,</strong></span> 
     </span>
    </p>
   </div>
   <div class='ocr_carea' id='block_1_68' title="bbox 2015 2613 3575 2682">
    <p class='ocr_par' dir='ltr' id='par_1_68' title="bbox 2015 2613 3575 2682">
     <span class='ocr_line' id='line_1_68' title="bbox 2015 2613 3575 2682; baseline 0.002 -15"><span class='ocrx_word' id='word_1_534' title='bbox 2015 2615 2156 2668; x_wconf 90' lang='lat' dir='ltr'><strong>sicut</strong></span> <span class='ocrx_word' id='word_1_535' title='bbox 2179 2623 2234 2667; x_wconf 90' lang='lat' dir='ltr'><strong>et</strong></span> <span class='ocrx_word' id='word_1_536' title='bbox 2273 2613 2414 2668; x_wconf 85' lang='lat' dir='ltr'><strong>idem</strong></span> <span class='ocrx_word' id='word_1_537' title='bbox 2455 2613 2748 2682; x_wconf 84' lang='lat' dir='ltr'><strong>Apostolus</strong></span> <span class='ocrx_word' id='word_1_538' title='bbox 2779 2613 2910 2668; x_wconf 90' lang='lat' dir='ltr'><strong>dicit</strong></span> <span class='ocrx_word' id='word_1_539' title='bbox 2958 2616 3004 2647; x_wconf 78' lang='grc'>³⁵</span> <span class='ocrx_word' id='word_1_540' title='bbox 3031 2657 3046 2679; x_wconf 92' lang='grc'><strong><em>,</em></strong></span> <span class='ocrx_word' id='word_1_541' title='bbox 3089 2633 3108 2667; x_wconf 77' lang='grc' dir='ltr'><strong>ι</strong></span> <span class='ocrx_word' id='word_1_542' title='bbox 3165 2632 3281 2672; x_wconf 89' lang='lat' dir='ltr'><strong>non</strong></span> <span class='ocrx_word' id='word_1_543' title='bbox 3341 2618 3575 2671; x_wconf 82' lang='lat' dir='ltr'><strong>adversus</strong></span> 
     </span>
    </p>
   </div>
   <div class='ocr_carea' id='block_1_69' title="bbox 2017 2708 3575 2779">
    <p class='ocr_par' dir='ltr' id='par_1_69' title="bbox 2017 2708 3575 2779">
     <span class='ocr_line' id='line_1_69' title="bbox 2017 2708 3575 2779; baseline 0.001 -20"><span class='ocrx_word' id='word_1_544' title='bbox 2017 2720 2238 2759; x_wconf 89' lang='lat' dir='ltr'><strong>carnem</strong></span> <span class='ocrx_word' id='word_1_545' title='bbox 2270 2714 2325 2760; x_wconf 91' lang='lat' dir='ltr'><strong>et</strong></span> <span class='ocrx_word' id='word_1_546' title='bbox 2372 2708 2710 2775; x_wconf 84' lang='lat' dir='ltr'><strong>sanguinem,</strong></span> <span class='ocrx_word' id='word_1_547' title='bbox 2753 2709 2847 2764; x_wconf 87' lang='lat' dir='ltr'><strong>sed</strong></span> <span class='ocrx_word' id='word_1_548' title='bbox 2871 2710 3130 2765; x_wconf 88' lang='lat' dir='ltr'><strong>adversus</strong></span> <span class='ocrx_word' id='word_1_549' title='bbox 3157 2711 3512 2779; x_wconf 88' lang='lat' dir='ltr'><strong>principatus,</strong></span> <span class='ocrx_word' id='word_1_550' title='bbox 3532 2718 3575 2761; x_wconf 76' lang='lat' dir='ltr'><strong>et</strong></span> 
     </span>
    </p>
   </div>
   <div class='ocr_carea' id='block_1_70' title="bbox 2014 2800 3570 2871">
    <p class='ocr_par' dir='ltr' id='par_1_70' title="bbox 2014 2800 3570 2871">
     <span class='ocr_line' id='line_1_70' title="bbox 2014 2800 3570 2871; baseline 0.001 -20"><span class='ocrx_word' id='word_1_551' title='bbox 2014 2805 2335 2865; x_wconf 87' lang='lat' dir='ltr'><strong>potestates,</strong></span> <span class='ocrx_word' id='word_1_552' title='bbox 2358 2807 2413 2852; x_wconf 86' lang='lat' dir='ltr'><strong>et</strong></span> <span class='ocrx_word' id='word_1_553' title='bbox 2464 2800 2644 2854; x_wconf 91' lang='lat' dir='ltr'><strong>mundi</strong></span> <span class='ocrx_word' id='word_1_554' title='bbox 2675 2801 2840 2871; x_wconf 89' lang='lat' dir='ltr'><strong>hujus</strong></span> <span class='ocrx_word' id='word_1_555' title='bbox 2894 2812 3176 2868; x_wconf 88' lang='lat' dir='ltr'><strong>rectores;</strong></span> <span class='ocrx_word' id='word_1_556' title='bbox 3214 2821 3234 2853; x_wconf 74' lang='grc' dir='ltr'><strong>ι</strong></span> <span class='ocrx_word' id='word_1_557' title='bbox 3269 2818 3393 2870; x_wconf 77' lang='lat' dir='ltr'><strong>qua:</strong></span> <span class='ocrx_word' id='word_1_558' title='bbox 3416 2803 3570 2855; x_wconf 83' lang='lat' dir='ltr'><strong>omnia</strong></span> 
     </span>
    </p>
   </div>
   <div class='ocr_carea' id='block_1_71' title="bbox 2014 2886 3574 2964">
    <p class='ocr_par' dir='ltr' id='par_1_71' title="bbox 2014 2886 3574 2964">
     <span class='ocr_line' id='line_1_71' title="bbox 2014 2886 3574 2964; baseline 0.002 -22"><span class='ocrx_word' id='word_1_559' title='bbox 2014 2886 2157 2942; x_wconf 88' lang='lat' dir='ltr'><strong>bono</strong></span> <span class='ocrx_word' id='word_1_560' title='bbox 2194 2892 2344 2957; x_wconf 90' lang='lat' dir='ltr'><strong>operi</strong></span> <span class='ocrx_word' id='word_1_561' title='bbox 2377 2891 2768 2946; x_wconf 88' lang='lat' dir='ltr'><strong>adversantur:</strong></span> <span class='ocrx_word' id='word_1_562' title='bbox 2798 2903 2853 2949; x_wconf 90' lang='lat' dir='ltr'><strong>et</strong></span> <span class='ocrx_word' id='word_1_563' title='bbox 2886 2894 3006 2948; x_wconf 91' lang='lat' dir='ltr'><strong>ideo</strong></span> <span class='ocrx_word' id='word_1_564' title='bbox 3035 2894 3306 2964; x_wconf 85' lang='lat' dir='ltr'><strong>patientia</strong></span> <span class='ocrx_word' id='word_1_565' title='bbox 3347 2906 3574 2947; x_wconf 78' lang='lat' dir='ltr'><strong>necessa-</strong></span> 
     </span>
    </p>
   </div>
   <div class='ocr_carea' id='block_1_72' title="bbox 2019 2980 3571 3055">
    <p class='ocr_par' dir='ltr' id='par_1_72' title="bbox 2019 2980 3571 3055">
     <span class='ocr_line' id='line_1_72' title="bbox 2019 2980 3571 3055; baseline 0.003 -22"><span class='ocrx_word' id='word_1_566' title='bbox 2019 2980 2093 3033; x_wconf 89' lang='lat' dir='ltr'><strong>ria</strong></span> <span class='ocrx_word' id='word_1_567' title='bbox 2124 2990 2227 3045; x_wconf 87' lang='lat' dir='ltr'><strong>est,</strong></span> <span class='ocrx_word' id='word_1_568' title='bbox 2252 2983 2379 3051; x_wconf 83' lang='lat' dir='ltr'><strong>quia</strong></span> <span class='ocrx_word' id='word_1_569' title='bbox 2412 2983 2673 3052; x_wconf 91' lang='lat' dir='ltr'><strong>scriptum</strong></span> <span class='ocrx_word' id='word_1_570' title='bbox 2702 2995 2785 3039; x_wconf 86' lang='lat' dir='ltr'><strong>est</strong></span> <span class='ocrx_word' id='word_1_571' title='bbox 2822 2986 2868 3016; x_wconf 75' lang='grc'><strong>’⁸</strong></span> <span class='ocrx_word' id='word_1_572' title='bbox 2904 3004 2917 3039; x_wconf 95' lang='lat'><strong>:</strong></span> <span class='ocrx_word' id='word_1_573' title='bbox 2961 3005 2978 3037; x_wconf 85' lang='grc' dir='ltr'><strong>ι</strong></span> <span class='ocrx_word' id='word_1_574' title='bbox 3009 2985 3066 3039; x_wconf 83' lang='grc' dir='ltr'><strong>1η</strong></span> <span class='ocrx_word' id='word_1_575' title='bbox 3097 2995 3282 3040; x_wconf 88' lang='lat' dir='ltr'><strong>vestra</strong></span> <span class='ocrx_word' id='word_1_576' title='bbox 3338 2986 3571 3055; x_wconf 81' lang='lat' dir='ltr'><strong>patientia</strong></span> 
     </span>
    </p>
   </div>
   <div class='ocr_carea' id='block_1_73' title="bbox 2016 3074 3570 3148">
    <p class='ocr_par' dir='ltr' id='par_1_73' title="bbox 2016 3074 3570 3148">
     <span class='ocr_line' id='line_1_73' title="bbox 2016 3074 3570 3148; baseline 0.004 -23"><span class='ocrx_word' id='word_1_577' title='bbox 2016 3074 2311 3141; x_wconf 85' lang='lat' dir='ltr'><strong>acquiretis</strong></span> <span class='ocrx_word' id='word_1_578' title='bbox 2335 3074 2547 3131; x_wconf 90' lang='lat' dir='ltr'><strong>animas</strong></span> <span class='ocrx_word' id='word_1_579' title='bbox 2574 3086 2807 3131; x_wconf 90' lang='lat' dir='ltr'><strong>vestras.</strong></span> <span class='ocrx_word' id='word_1_580' title='bbox 2841 3096 2859 3129; x_wconf 69' lang='grc' dir='ltr'><strong>ι</strong></span> <span class='ocrx_word' id='word_1_581' title='bbox 2898 3076 3191 3133; x_wconf 74' lang='lat' dir='ltr'><strong>Videamus</strong></span> <span class='ocrx_word' id='word_1_582' title='bbox 3231 3088 3417 3133; x_wconf 88' lang='lat' dir='ltr'><strong>autem</strong></span> <span class='ocrx_word' id='word_1_583' title='bbox 3448 3080 3570 3148; x_wconf 86' lang='lat' dir='ltr'><strong>quod</strong></span> 
     </span>
    </p>
   </div>
   <div class='ocr_carea' id='block_1_74' title="bbox 2015 3156 3570 3238">
    <p class='ocr_par' dir='ltr' id='par_1_74' title="bbox 2015 3156 3570 3238">
     <span class='ocr_line' id='line_1_74' title="bbox 2015 3156 3570 3238; baseline 0.003 -20"><span class='ocrx_word' id='word_1_584' title='bbox 2015 3164 2148 3219; x_wconf 85' lang='lat' dir='ltr'><strong>dicit</strong></span> <span class='ocrx_word' id='word_1_585' title='bbox 2168 3179 2302 3234; x_wconf 90' lang='lat' dir='ltr'><strong>opus</strong></span> <span class='ocrx_word' id='word_1_586' title='bbox 2325 3166 2551 3221; x_wconf 87' lang='lat' dir='ltr'><strong>bonum.</strong></span> <span class='ocrx_word' id='word_1_587' title='bbox 2586 3167 2845 3223; x_wconf 90' lang='lat' dir='ltr'><strong>Dominus</strong></span> <span class='ocrx_word' id='word_1_588' title='bbox 2875 3170 2926 3223; x_wconf 91' lang='lat' dir='ltr'><strong>in</strong></span> <span class='ocrx_word' id='word_1_589' title='bbox 2960 3156 3254 3238; x_wconf 81' lang='lat' dir='ltr'><strong>Evangelio</strong></span> <span class='ocrx_word' id='word_1_590' title='bbox 3279 3172 3346 3227; x_wconf 91' lang='lat' dir='ltr'><strong>de</strong></span> <span class='ocrx_word' id='word_1_591' title='bbox 3378 3187 3439 3225; x_wconf 87' lang='lat' dir='ltr'><strong>ea</strong></span> <span class='ocrx_word' id='word_1_592' title='bbox 3471 3186 3570 3225; x_wconf 91' lang='lat' dir='ltr'><strong>mu-</strong></span> 
     </span>
    </p>
   </div>
   <div class='ocr_carea' id='block_1_75' title="bbox 1936 3256 3572 3332">
    <p class='ocr_par' dir='ltr' id='par_1_75' title="bbox 1936 3256 3572 3332">
     <span class='ocr_line' id='line_1_75' title="bbox 1936 3256 3572 3332; baseline 0.001 -18"><span class='ocrx_word' id='word_1_593' title='bbox 1936 3256 1981 3314; x_wconf 86' lang='lat' dir='ltr'><strong>C</strong></span> <span class='ocrx_word' id='word_1_594' title='bbox 2015 3257 2169 3325; x_wconf 88' lang='lat' dir='ltr'><strong>liere,</strong></span> <span class='ocrx_word' id='word_1_595' title='bbox 2204 3274 2327 3326; x_wconf 72' lang='lat' dir='ltr'><strong>qua:</strong></span> <span class='ocrx_word' id='word_1_596' title='bbox 2350 3260 2685 3314; x_wconf 87' lang='lat' dir='ltr'><strong>alabastrum</strong></span> <span class='ocrx_word' id='word_1_597' title='bbox 2716 3263 2975 3331; x_wconf 90' lang='lat' dir='ltr'><strong>unguenti</strong></span> <span class='ocrx_word' id='word_1_598' title='bbox 3006 3263 3231 3332; x_wconf 87' lang='lat' dir='ltr'><strong>pretiosi</strong></span> <span class='ocrx_word' id='word_1_599' title='bbox 3283 3263 3472 3317; x_wconf 76' lang='lat' dir='ltr'><strong>effudit</strong></span> <span class='ocrx_word' id='word_1_600' title='bbox 3495 3279 3572 3316; x_wconf 85' lang='lat' dir='ltr'><strong>su-</strong></span> 
     </span>
    </p>
   </div>
   <div class='ocr_carea' id='block_1_76' title="bbox 2017 3350 3574 3421">
    <p class='ocr_par' dir='ltr' id='par_1_76' title="bbox 2017 3350 3574 3421">
     <span class='ocr_line' id='line_1_76' title="bbox 2017 3350 3574 3421; baseline 0.003 -19"><span class='ocrx_word' id='word_1_601' title='bbox 2017 3364 2113 3419; x_wconf 87' lang='lat' dir='ltr'><strong>per</strong></span> <span class='ocrx_word' id='word_1_602' title='bbox 2138 3359 2302 3419; x_wconf 91' lang='lat' dir='ltr'><strong>caput</strong></span> <span class='ocrx_word' id='word_1_603' title='bbox 2322 3350 2463 3419; x_wconf 85' lang='lat' dir='ltr'><strong>ejus,</strong></span> <span class='ocrx_word' id='word_1_604' title='bbox 2500 3352 2814 3417; x_wconf 88' lang='lat' dir='ltr'><strong>pronuntiat</strong></span> <span class='ocrx_word' id='word_1_605' title='bbox 2840 3352 2966 3421; x_wconf 91' lang='lat' dir='ltr'><strong>quia</strong></span> <span class='ocrx_word' id='word_1_606' title='bbox 2994 3370 3013 3403; x_wconf 80' lang='grc' dir='ltr'><strong>ι</strong></span> <span class='ocrx_word' id='word_1_607' title='bbox 3055 3351 3203 3420; x_wconf 89' lang='lat' dir='ltr'><strong>Opus</strong></span> <span class='ocrx_word' id='word_1_608' title='bbox 3239 3355 3442 3409; x_wconf 89' lang='lat' dir='ltr'><strong>bonum</strong></span> <span class='ocrx_word' id='word_1_609' title='bbox 3466 3368 3574 3419; x_wconf 80' lang='lat' dir='ltr'><strong>ope-</strong></span> 
     </span>
    </p>
   </div>
   <div class='ocr_carea' id='block_1_77' title="bbox 2018 3442 3572 3514">
    <p class='ocr_par' dir='ltr' id='par_1_77' title="bbox 2018 3442 3572 3514">
     <span class='ocr_line' id='line_1_77' title="bbox 2018 3442 3572 3514; baseline 0.003 -21"><span class='ocrx_word' id='word_1_610' title='bbox 2018 3450 2131 3494; x_wconf 86' lang='lat' dir='ltr'><strong>rata</strong></span> <span class='ocrx_word' id='word_1_611' title='bbox 2164 3449 2249 3497; x_wconf 87' lang='lat' dir='ltr'><strong>est</strong></span> <span class='ocrx_word' id='word_1_612' title='bbox 2278 3442 2331 3495; x_wconf 92' lang='lat' dir='ltr'><strong>iu</strong></span> <span class='ocrx_word' id='word_1_613' title='bbox 2362 3458 2447 3495; x_wconf 88' lang='lat' dir='ltr'><strong>me</strong></span> <span class='ocrx_word' id='word_1_614' title='bbox 2470 3443 2538 3508; x_wconf 77' lang='grc'><strong>’⁷,</strong></span> <span class='ocrx_word' id='word_1_615' title='bbox 2573 3462 2591 3495; x_wconf 74' lang='grc' dir='ltr'><strong>ι</strong></span> <span class='ocrx_word' id='word_1_616' title='bbox 2625 3444 2917 3512; x_wconf 80' lang='lat' dir='ltr'><strong>designans</strong></span> <span class='ocrx_word' id='word_1_617' title='bbox 2966 3446 3106 3512; x_wconf 91' lang='lat' dir='ltr'><strong>quod</strong></span> <span class='ocrx_word' id='word_1_618' title='bbox 3152 3448 3245 3514; x_wconf 91' lang='lat' dir='ltr'><strong>qui</strong></span> <span class='ocrx_word' id='word_1_619' title='bbox 3276 3449 3448 3499; x_wconf 81' lang='lat' dir='ltr'><strong>verbo</strong></span> <span class='ocrx_word' id='word_1_620' title='bbox 3495 3444 3572 3498; x_wconf 85' lang='lat' dir='ltr'><strong>Dei</strong></span> 
     </span>
    </p>
   </div>
   <div class='ocr_carea' id='block_1_78' title="bbox 2018 3534 3570 3606">
    <p class='ocr_par' dir='ltr' id='par_1_78' title="bbox 2018 3534 3570 3606">
     <span class='ocr_line' id='line_1_78' title="bbox 2018 3534 3570 3606; baseline 0.003 -22"><span class='ocrx_word' id='word_1_621' title='bbox 2018 3542 2354 3601; x_wconf 87' lang='lat' dir='ltr'><strong>unguentum</strong></span> <span class='ocrx_word' id='word_1_622' title='bbox 2391 3534 2776 3604; x_wconf 83' lang='lat' dir='ltr'><strong>superfuderit,</strong></span> <span class='ocrx_word' id='word_1_623' title='bbox 2835 3536 2887 3589; x_wconf 90' lang='lat' dir='ltr'><strong>id</strong></span> <span class='ocrx_word' id='word_1_624' title='bbox 2923 3544 3005 3590; x_wconf 90' lang='lat' dir='ltr'><strong>est</strong></span> <span class='ocrx_word' id='word_1_625' title='bbox 3037 3575 3053 3599; x_wconf 93' lang='lat'><strong>,</strong></span> <span class='ocrx_word' id='word_1_626' title='bbox 3099 3538 3193 3604; x_wconf 91' lang='lat' dir='ltr'><strong>qui</strong></span> <span class='ocrx_word' id='word_1_627' title='bbox 3253 3552 3424 3606; x_wconf 86' lang='lat' dir='ltr'><strong>opera</strong></span> <span class='ocrx_word' id='word_1_628' title='bbox 3466 3552 3570 3591; x_wconf 87' lang='lat' dir='ltr'><strong>cum</strong></span> 
     </span>
    </p>
   </div>
   <div class='ocr_carea' id='block_1_79' title="bbox 2018 3625 3570 3696">
    <p class='ocr_par' dir='ltr' id='par_1_79' title="bbox 2018 3625 3570 3696">
     <span class='ocr_line' id='line_1_79' title="bbox 2018 3625 3570 3696; baseline 0.001 -19"><span class='ocrx_word' id='word_1_629' title='bbox 2018 3627 2183 3679; x_wconf 86' lang='lat' dir='ltr'><strong>verbo</strong></span> <span class='ocrx_word' id='word_1_630' title='bbox 2209 3626 2520 3689; x_wconf 84' lang='lat' dir='ltr'><strong>sociaverit,</strong></span> <span class='ocrx_word' id='word_1_631' title='bbox 2550 3625 2638 3680; x_wconf 88' lang='lat' dir='ltr'><strong>ille</strong></span> <span class='ocrx_word' id='word_1_632' title='bbox 2659 3641 2798 3695; x_wconf 89' lang='lat' dir='ltr'><strong>opus</strong></span> <span class='ocrx_word' id='word_1_633' title='bbox 2837 3626 3036 3681; x_wconf 90' lang='lat' dir='ltr'><strong>bonum</strong></span> <span class='ocrx_word' id='word_1_634' title='bbox 3065 3635 3348 3696; x_wconf 91' lang='lat' dir='ltr'><strong>operetur.</strong></span> <span class='ocrx_word' id='word_1_635' title='bbox 3384 3627 3570 3683; x_wconf 81' lang='lat' dir='ltr'><strong>Odora-</strong></span> 
     </span>
    </p>
   </div>
   <div class='ocr_carea' id='block_1_80' title="bbox 2018 3716 3573 3789">
    <p class='ocr_par' dir='ltr' id='par_1_80' title="bbox 2018 3716 3573 3789">
     <span class='ocr_line' id='line_1_80' title="bbox 2018 3716 3573 3789; baseline 0.001 -19"><span class='ocrx_word' id='word_1_636' title='bbox 2018 3725 2103 3771; x_wconf 82' lang='lat' dir='ltr'><strong>tus</strong></span> <span class='ocrx_word' id='word_1_637' title='bbox 2137 3732 2371 3786; x_wconf 90' lang='lat' dir='ltr'><strong>namque</strong></span> <span class='ocrx_word' id='word_1_638' title='bbox 2395 3716 2625 3772; x_wconf 73' lang='lat' dir='ltr'><strong>edicitur</strong></span> <span class='ocrx_word' id='word_1_639' title='bbox 2673 3719 2820 3772; x_wconf 90' lang='lat' dir='ltr'><strong>omni</strong></span> <span class='ocrx_word' id='word_1_640' title='bbox 2885 3730 3280 3789; x_wconf 88' lang='lat' dir='ltr'><strong>unguentorum</strong></span> <span class='ocrx_word' id='word_1_641' title='bbox 3327 3722 3573 3776; x_wconf 83' lang='lat' dir='ltr'><strong>suavitate</strong></span> 
     </span>
    </p>
   </div>
   <div class='ocr_carea' id='block_1_81' title="bbox 2012 3807 3572 3881">
    <p class='ocr_par' dir='ltr' id='par_1_81' title="bbox 2012 3807 3572 3881">
     <span class='ocr_line' id='line_1_81' title="bbox 2012 3807 3572 3881; baseline 0.003 -20"><span class='ocrx_word' id='word_1_642' title='bbox 2012 3807 2251 3876; x_wconf 87' lang='lat' dir='ltr'><strong>repletus</strong></span> <span class='ocrx_word' id='word_1_643' title='bbox 2288 3823 2492 3874; x_wconf 88' lang='lat' dir='ltr'><strong>sermo,</strong></span> <span class='ocrx_word' id='word_1_644' title='bbox 2539 3824 2664 3864; x_wconf 92' lang='lat' dir='ltr'><strong>cum</strong></span> <span class='ocrx_word' id='word_1_645' title='bbox 2703 3809 2869 3865; x_wconf 88' lang='lat' dir='ltr'><strong>fuerit</strong></span> <span class='ocrx_word' id='word_1_646' title='bbox 2904 3826 3070 3880; x_wconf 90' lang='lat' dir='ltr'><strong>opere</strong></span> <span class='ocrx_word' id='word_1_647' title='bbox 3116 3823 3172 3867; x_wconf 90' lang='lat' dir='ltr'><strong>et</strong></span> <span class='ocrx_word' id='word_1_648' title='bbox 3223 3814 3447 3867; x_wconf 91' lang='lat' dir='ltr'><strong>actibus</strong></span> <span class='ocrx_word' id='word_1_649' title='bbox 3474 3811 3572 3881; x_wconf 84' lang='grc'>(55)</span> 
     </span>
    </p>
   </div>
   <div class='ocr_carea' id='block_1_82' title="bbox 2012 3897 3575 3968">
    <p class='ocr_par' dir='ltr' id='par_1_82' title="bbox 2012 3897 3575 3968">
     <span class='ocr_line' id='line_1_82' title="bbox 2012 3897 3575 3968; baseline 0 -16"><span class='ocrx_word' id='word_1_650' title='bbox 2012 3910 2324 3953; x_wconf 87' lang='lat' dir='ltr'><strong>exornatus.</strong></span> <span class='ocrx_word' id='word_1_651' title='bbox 2363 3897 2516 3953; x_wconf 88' lang='lat' dir='ltr'><strong>Nunc</strong></span> <span class='ocrx_word' id='word_1_652' title='bbox 2571 3899 2700 3967; x_wconf 92' lang='lat' dir='ltr'><strong>quid</strong></span> <span class='ocrx_word' id='word_1_653' title='bbox 2730 3908 2814 3954; x_wconf 90' lang='lat' dir='ltr'><strong>est</strong></span> <span class='ocrx_word' id='word_1_654' title='bbox 2861 3899 3087 3968; x_wconf 85' lang='lat' dir='ltr'><strong>gloriam</strong></span> <span class='ocrx_word' id='word_1_655' title='bbox 3139 3910 3193 3954; x_wconf 87' lang='lat' dir='ltr'><strong>et</strong></span> <span class='ocrx_word' id='word_1_656' title='bbox 3226 3901 3575 3968; x_wconf 86' lang='lat' dir='ltr'><strong>incorruptio-</strong></span> 
     </span>
    </p>
   </div>
   <div class='ocr_carea' id='block_1_83' title="bbox 2014 3991 3574 4063">
    <p class='ocr_par' dir='ltr' id='par_1_83' title="bbox 2014 3991 3574 4063">
     <span class='ocr_line' id='line_1_83' title="bbox 2014 3991 3574 4063; baseline 0.001 -21"><span class='ocrx_word' id='word_1_657' title='bbox 2014 4004 2134 4044; x_wconf 90' lang='lat' dir='ltr'><strong>nem</strong></span> <span class='ocrx_word' id='word_1_658' title='bbox 2165 4005 2427 4058; x_wconf 80' lang='lat' dir='ltr'><strong>quaerere.</strong></span> <span class='ocrx_word' id='word_1_659' title='bbox 2463 3992 2804 4059; x_wconf 88' lang='lat' dir='ltr'><strong>requiramus</strong></span> <span class='ocrx_word' id='word_1_660' title='bbox 2833 3991 2970 4063; x_wconf 85' lang='lat'><strong>(56).</strong></span> <span class='ocrx_word' id='word_1_661' title='bbox 3001 3991 3183 4047; x_wconf 82' lang='lat' dir='ltr'><strong>Multis</strong></span> <span class='ocrx_word' id='word_1_662' title='bbox 3203 3993 3258 4045; x_wconf 91' lang='lat' dir='ltr'><strong>in</strong></span> <span class='ocrx_word' id='word_1_663' title='bbox 3287 3992 3428 4047; x_wconf 87' lang='lat' dir='ltr'><strong>locis</strong></span> <span class='ocrx_word' id='word_1_664' title='bbox 3452 3992 3574 4046; x_wconf 87' lang='lat' dir='ltr'><strong>Scri-</strong></span> 
     </span>
    </p>
   </div>
   <div class='ocr_carea' id='block_1_84' title="bbox 2012 4068 3574 4152">
    <p class='ocr_par' dir='ltr' id='par_1_84' title="bbox 2012 4068 3574 4152">
     <span class='ocr_line' id='line_1_84' title="bbox 2012 4068 3574 4152; baseline 0.001 -19"><span class='ocrx_word' id='word_1_665' title='bbox 2012 4092 2183 4149; x_wconf 68' lang='lat' dir='ltr'><strong>ptura:</strong></span> <span class='ocrx_word' id='word_1_666' title='bbox 2206 4091 2411 4137; x_wconf 69' lang='lat' dir='ltr'><strong>sancta:</strong></span> <span class='ocrx_word' id='word_1_667' title='bbox 2440 4082 2508 4136; x_wconf 85' lang='lat' dir='ltr'><strong>de</strong></span> <span class='ocrx_word' id='word_1_668' title='bbox 2539 4083 2709 4152; x_wconf 83' lang='lat' dir='ltr'><strong>gloria</strong></span> <span class='ocrx_word' id='word_1_669' title='bbox 2760 4068 3024 4138; x_wconf 87' lang='lat' dir='ltr'><strong>scribunt.</strong></span> <span class='ocrx_word' id='word_1_670' title='bbox 3057 4082 3187 4138; x_wconf 85' lang='lat' dir='ltr'><strong>Nam</strong></span> <span class='ocrx_word' id='word_1_671' title='bbox 3216 4084 3269 4137; x_wconf 93' lang='lat' dir='ltr'><strong>iu</strong></span> <span class='ocrx_word' id='word_1_672' title='bbox 3311 4083 3491 4138; x_wconf 81' lang='lat' dir='ltr'><strong>Exodo</strong></span> <span class='ocrx_word' id='word_1_673' title='bbox 3517 4083 3574 4135; x_wconf 88' lang='lat' dir='ltr'><strong>de</strong></span> 
     </span>
    </p>
   </div>
   <div class='ocr_carea' id='block_1_85' title="bbox 2014 4173 3568 4246">
    <p class='ocr_par' dir='ltr' id='par_1_85' title="bbox 2014 4173 3568 4246">
     <span class='ocr_line' id='line_1_85' title="bbox 2014 4173 3568 4246; baseline -0.001 -18"><span class='ocrx_word' id='word_1_674' title='bbox 2014 4173 2194 4246; x_wconf 82' lang='lat' dir='ltr'><strong>Moyse</strong></span> <span class='ocrx_word' id='word_1_675' title='bbox 2215 4176 2416 4230; x_wconf 92' lang='lat' dir='ltr'><strong>dicitur</strong></span> <span class='ocrx_word' id='word_1_676' title='bbox 2452 4176 2521 4240; x_wconf 75' lang='grc'><strong>³⁸,</strong></span> <span class='ocrx_word' id='word_1_677' title='bbox 2549 4178 2690 4244; x_wconf 91' lang='lat' dir='ltr'><strong>quod</strong></span> <span class='ocrx_word' id='word_1_678' title='bbox 2745 4193 2865 4232; x_wconf 91' lang='lat' dir='ltr'><strong>cum</strong></span> <span class='ocrx_word' id='word_1_679' title='bbox 2903 4178 3261 4231; x_wconf 89' lang='lat' dir='ltr'><strong>descenderet</strong></span> <span class='ocrx_word' id='word_1_680' title='bbox 3289 4177 3361 4231; x_wconf 90' lang='lat' dir='ltr'><strong>de</strong></span> <span class='ocrx_word' id='word_1_681' title='bbox 3387 4183 3568 4236; x_wconf 88' lang='lat' dir='ltr'><strong>monte,</strong></span> 
     </span>
    </p>
   </div>
   <div class='ocr_carea' id='block_1_86' title="bbox 2015 4265 3571 4338">
    <p class='ocr_par' dir='ltr' id='par_1_86' title="bbox 2015 4265 3571 4338">
     <span class='ocr_line' id='line_1_86' title="bbox 2015 4265 3571 4338; baseline -0.002 -20"><span class='ocrx_word' id='word_1_682' title='bbox 2015 4267 2349 4335; x_wconf 77' lang='lat' dir='ltr'><strong>glorificatus</strong></span> <span class='ocrx_word' id='word_1_683' title='bbox 2376 4267 2446 4322; x_wconf 90' lang='lat' dir='ltr'><strong>sit</strong></span> <span class='ocrx_word' id='word_1_684' title='bbox 2473 4267 2653 4322; x_wconf 89' lang='lat' dir='ltr'><strong>vultus</strong></span> <span class='ocrx_word' id='word_1_685' title='bbox 2683 4268 2821 4335; x_wconf 85' lang='lat' dir='ltr'><strong>ejus.</strong></span> <span class='ocrx_word' id='word_1_686' title='bbox 2858 4269 2972 4321; x_wconf 82' lang='lat' dir='ltr'><strong>Hoc</strong></span> <span class='ocrx_word' id='word_1_687' title='bbox 2999 4278 3253 4323; x_wconf 81' lang='lat' dir='ltr'><strong>retexens</strong></span> <span class='ocrx_word' id='word_1_688' title='bbox 3299 4265 3571 4338; x_wconf 79' lang='lat' dir='ltr'><strong>Apestolus</strong></span> 
     </span>
    </p>
   </div>
   <div class='ocr_carea' id='block_1_87' title="bbox 2016 4358 3569 4428">
    <p class='ocr_par' dir='ltr' id='par_1_87' title="bbox 2016 4358 3569 4428">
     <span class='ocr_line' id='line_1_87' title="bbox 2016 4358 3569 4428; baseline -0.003 -15"><span class='ocrx_word' id='word_1_689' title='bbox 2016 4360 2082 4413; x_wconf 88' lang='lat' dir='ltr'><strong>ad</strong></span> <span class='ocrx_word' id='word_1_690' title='bbox 2108 4358 2418 4414; x_wconf 88' lang='lat' dir='ltr'><strong>Corinthios</strong></span> <span class='ocrx_word' id='word_1_691' title='bbox 2450 4360 2585 4415; x_wconf 85' lang='lat' dir='ltr'><strong>dicit</strong></span> <span class='ocrx_word' id='word_1_692' title='bbox 2614 4380 2628 4415; x_wconf 93' lang='lat'><strong>:</strong></span> <span class='ocrx_word' id='word_1_693' title='bbox 2678 4380 2697 4413; x_wconf 81' lang='grc' dir='ltr'><strong>ι</strong></span> <span class='ocrx_word' id='word_1_694' title='bbox 2731 4362 2884 4428; x_wconf 85' lang='lat' dir='ltr'><strong>Quod</strong></span> <span class='ocrx_word' id='word_1_695' title='bbox 2915 4364 2960 4416; x_wconf 89' lang='lat' dir='ltr'><strong>si</strong></span> <span class='ocrx_word' id='word_1_696' title='bbox 2998 4360 3364 4416; x_wconf 86' lang='lat' dir='ltr'><strong>ministerium</strong></span> <span class='ocrx_word' id='word_1_697' title='bbox 3397 4358 3569 4413; x_wconf 76' lang='lat' dir='ltr'><strong>moztis</strong></span> 
     </span>
    </p>
   </div>
   <div class='ocr_carea' id='block_1_88' title="bbox 2016 4452 3572 4523">
    <p class='ocr_par' dir='ltr' id='par_1_88' title="bbox 2016 4452 3572 4523">
     <span class='ocr_line' id='line_1_88' title="bbox 2016 4452 3572 4523; baseline -0.001 -17"><span class='ocrx_word' id='word_1_698' title='bbox 2016 4452 2068 4506; x_wconf 90' lang='lat' dir='ltr'><strong>in</strong></span> <span class='ocrx_word' id='word_1_699' title='bbox 2100 4452 2297 4506; x_wconf 89' lang='lat' dir='ltr'><strong>litteris</strong></span> <span class='ocrx_word' id='word_1_700' title='bbox 2325 4452 2614 4508; x_wconf 86' lang='lat' dir='ltr'><strong>formatum</strong></span> <span class='ocrx_word' id='word_1_701' title='bbox 2642 4454 2693 4507; x_wconf 94' lang='lat' dir='ltr'><strong>in</strong></span> <span class='ocrx_word' id='word_1_702' title='bbox 2719 4453 3009 4523; x_wconf 80' lang='lat' dir='ltr'><strong>lapidibus,</strong></span> <span class='ocrx_word' id='word_1_703' title='bbox 3044 4453 3246 4507; x_wconf 85' lang='lat' dir='ltr'><strong>factum</strong></span> <span class='ocrx_word' id='word_1_704' title='bbox 3271 4463 3362 4508; x_wconf 89' lang='lat' dir='ltr'><strong>est</strong></span> <span class='ocrx_word' id='word_1_705' title='bbox 3395 4454 3447 4506; x_wconf 93' lang='lat' dir='ltr'><strong>in</strong></span> <span class='ocrx_word' id='word_1_706' title='bbox 3471 4452 3572 4522; x_wconf 79' lang='lat' dir='ltr'><strong>glo-</strong></span> 
     </span>
    </p>
   </div>
   <div class='ocr_carea' id='block_1_89' title="bbox 412 4560 3569 4644">
    <p class='ocr_par' dir='ltr' id='par_1_89' title="bbox 412 4560 3569 4644">
     <span class='ocr_line' id='line_1_89' title="bbox 412 4560 3569 4644; baseline -0.003 -14"><span class='ocrx_word' id='word_1_707' title='bbox 412 4560 455 4611; x_wconf 63' lang='grc' dir='ltr'><strong>ῖδ</strong></span> <span class='ocrx_word' id='word_1_708' title='bbox 486 4576 678 4631; x_wconf 87' lang='lat' dir='ltr'><strong>Ezecb.</strong></span> <span class='ocrx_word' id='word_1_709' title='bbox 701 4573 960 4638; x_wconf 62' lang='lat'><strong>“111,24.</strong></span> <span class='ocrx_word' id='word_1_710' title='bbox 1034 4572 1281 4628; x_wconf 76' lang='lat' dir='ltr'><strong>&quot;Matth.</strong></span> <span class='ocrx_word' id='word_1_711' title='bbox 1312 4588 1430 4635; x_wconf 81' lang='lat' dir='ltr'><strong>xm,</strong></span> <span class='ocrx_word' id='word_1_712' title='bbox 1468 4573 1556 4644; x_wconf 53' lang='lat' dir='ltr'><strong>4i.</strong></span> <span class='ocrx_word' id='word_1_713' title='bbox 1595 4575 1637 4604; x_wconf 72' lang='grc' dir='ltr'><strong>ἰ</strong></span> <span class='ocrx_word' id='word_1_714' title='bbox 1664 4571 1808 4625; x_wconf 81' lang='lat' dir='ltr'><strong>Psal.</strong></span> <span class='ocrx_word' id='word_1_715' title='bbox 1834 4572 2059 4633; x_wconf 72' lang='lat' dir='ltr'><strong>xxx,20.</strong></span> <span class='ocrx_word' id='word_1_716' title='bbox 2108 4575 2153 4644; x_wconf 54' lang='grc' dir='ltr'><strong>’ξ</strong></span> <span class='ocrx_word' id='word_1_717' title='bbox 2180 4573 2339 4644; x_wconf 75' lang='lat' dir='ltr'><strong>Rom.</strong></span> <span class='ocrx_word' id='word_1_718' title='bbox 2368 4574 2484 4638; x_wconf 78' lang='lat'><strong>&quot;,7</strong></span> <span class='ocrx_word' id='word_1_719' title='bbox 2536 4589 2647 4644; x_wconf 81' lang='lat' dir='ltr'><strong>seq.</strong></span> <span class='ocrx_word' id='word_1_720' title='bbox 2697 4573 2777 4644; x_wconf 18' lang='lat'><strong>7”</strong></span> <span class='ocrx_word' id='word_1_721' title='bbox 2812 4572 2970 4627; x_wconf 89' lang='lat' dir='ltr'><strong>Rom.</strong></span> <span class='ocrx_word' id='word_1_722' title='bbox 3001 4587 3083 4637; x_wconf 86' lang='lat' dir='ltr'><strong>ut,</strong></span> <span class='ocrx_word' id='word_1_723' title='bbox 3119 4571 3178 4625; x_wconf 76' lang='lat'><strong>2.</strong></span> <span class='ocrx_word' id='word_1_724' title='bbox 3252 4570 3301 4602; x_wconf 73' lang='lat'><em>“</em></span> <span class='ocrx_word' id='word_1_725' title='bbox 3334 4571 3461 4624; x_wconf 87' lang='lat' dir='ltr'><strong>ibid.</strong></span> <span class='ocrx_word' id='word_1_726' title='bbox 3490 4567 3569 4623; x_wconf 76' lang='grc'><strong>29.</strong></span> 
     </span>
    </p>
   </div>
   <div class='ocr_carea' id='block_1_90' title="bbox 338 4643 1848 4719">
    <p class='ocr_par' dir='ltr' id='par_1_90' title="bbox 338 4643 1845 4719">
     <span class='ocr_line' id='line_1_90' title="bbox 338 4643 1845 4719; baseline -0.007 -15"><span class='ocrx_word' id='word_1_727' title='bbox 338 4649 385 4683; x_wconf 86' lang='grc'><strong>³⁸</strong></span> <span class='ocrx_word' id='word_1_728' title='bbox 408 4647 609 4719; x_wconf 87' lang='lat' dir='ltr'><strong>Ephes.</strong></span> <span class='ocrx_word' id='word_1_729' title='bbox 639 4661 712 4710; x_wconf 67' lang='grc' dir='ltr'><strong>γι,</strong></span> <span class='ocrx_word' id='word_1_730' title='bbox 742 4645 827 4699; x_wconf 76' lang='grc'><strong>12.</strong></span> <span class='ocrx_word' id='word_1_731' title='bbox 904 4646 949 4676; x_wconf 79' lang='grc'><strong>⁸⁸</strong></span> <span class='ocrx_word' id='word_1_732' title='bbox 971 4644 1101 4698; x_wconf 91' lang='lat' dir='ltr'><strong>Luc.</strong></span> <span class='ocrx_word' id='word_1_733' title='bbox 1136 4644 1356 4707; x_wconf 75' lang='lat' dir='ltr'><strong>xxr,19.</strong></span> <span class='ocrx_word' id='word_1_734' title='bbox 1435 4644 1477 4674; x_wconf 79' lang='lat'><strong>”&#39;</strong></span> <span class='ocrx_word' id='word_1_735' title='bbox 1513 4643 1705 4697; x_wconf 85' lang='lat' dir='ltr'><strong>Matth.</strong></span> <span class='ocrx_word' id='word_1_736' title='bbox 1742 4659 1845 4696; x_wconf 83' lang='lat' dir='ltr'><strong>xxv</strong></span> 
     </span>
    </p>
   </div>
   <div class='ocr_carea' id='block_1_91' title="bbox 2072 4643 2777 4719">
    <p class='ocr_par' dir='ltr' id='par_1_91' title="bbox 2103 4643 2777 4708">
     <span class='ocr_line' id='line_1_91' title="bbox 2103 4643 2777 4708; baseline 0.006 -13"><span class='ocrx_word' id='word_1_737' title='bbox 2103 4643 2151 4675; x_wconf 73' lang='grc'><strong>’⁸</strong></span> <span class='ocrx_word' id='word_1_738' title='bbox 2178 4643 2350 4697; x_wconf 82' lang='lat' dir='ltr'><strong>Exod.</strong></span> <span class='ocrx_word' id='word_1_739' title='bbox 2396 4643 2618 4708; x_wconf 80' lang='lat' dir='ltr'><strong>xxxtv,</strong></span> <span class='ocrx_word' id='word_1_740' title='bbox 2687 4643 2777 4699; x_wconf 69' lang='lat'><strong>29.</strong></span> 
     </span>
    </p>
   </div>
   <div class='ocr_carea' id='block_1_92' title="bbox 411 4780 1985 4853">
    <p class='ocr_par' dir='ltr' id='par_1_92' title="bbox 411 4780 1985 4853">
     <span class='ocr_line' id='line_1_92' title="bbox 411 4780 1985 4853; baseline -0.003 -15"><span class='ocrx_word' id='word_1_741' title='bbox 411 4783 525 4853; x_wconf 71' lang='grc'>(48)</span> <span class='ocrx_word' id='word_1_742' title='bbox 556 4780 656 4836; x_wconf 88' lang='lat' dir='ltr'><strong>Ms.</strong></span> <span class='ocrx_word' id='word_1_743' title='bbox 688 4781 890 4853; x_wconf 79' lang='lat' dir='ltr'><strong>Regius</strong></span> <span class='ocrx_word' id='word_1_744' title='bbox 921 4795 1067 4853; x_wconf 86' lang='lat' dir='ltr'><strong>num.</strong></span> <span class='ocrx_word' id='word_1_745' title='bbox 1102 4780 1239 4834; x_wconf 72' lang='grc'><strong>1610</strong></span> <span class='ocrx_word' id='word_1_746' title='bbox 1261 4821 1288 4853; x_wconf 85' lang='lat'><strong>,_</strong></span> <span class='ocrx_word' id='word_1_747' title='bbox 1310 4799 1329 4830; x_wconf 82' lang='lat'><strong>(</strong></span> <span class='ocrx_word' id='word_1_748' title='bbox 1370 4795 1474 4834; x_wconf 92' lang='lat' dir='ltr'><strong>non</strong></span> <span class='ocrx_word' id='word_1_749' title='bbox 1513 4795 1907 4835; x_wconf 88' lang='lat' dir='ltr'><strong>commemora-</strong></span> <span class='ocrx_word' id='word_1_750' title='bbox 1940 4786 1985 4840; x_wconf 89' lang='lat' dir='ltr'><strong>D</strong></span> 
     </span>
    </p>
   </div>
   <div class='ocr_carea' id='block_1_93' title="bbox 338 4850 1907 4921">
    <p class='ocr_par' dir='ltr' id='par_1_93' title="bbox 338 4850 1907 4921">
     <span class='ocr_line' id='line_1_93' title="bbox 338 4850 1907 4921; baseline -0.003 -13"><span class='ocrx_word' id='word_1_751' title='bbox 338 4850 543 4909; x_wconf 86' lang='lat' dir='ltr'><strong>buntur</strong></span> <span class='ocrx_word' id='word_1_752' title='bbox 574 4871 588 4919; x_wconf 92' lang='lat'>;</span> <span class='ocrx_word' id='word_1_753' title='bbox 621 4853 713 4906; x_wconf 89' lang='lat' dir='ltr'><strong>sed</strong></span> <span class='ocrx_word' id='word_1_754' title='bbox 735 4852 787 4904; x_wconf 91' lang='lat' dir='ltr'><strong>in</strong></span> <span class='ocrx_word' id='word_1_755' title='bbox 828 4851 974 4921; x_wconf 92' lang='lat' dir='ltr'><strong>lapsu</strong></span> <span class='ocrx_word' id='word_1_756' title='bbox 993 4851 1111 4919; x_wconf 88' lang='lat' dir='ltr'><strong>ejus</strong></span> <span class='ocrx_word' id='word_1_757' title='bbox 1136 4866 1244 4917; x_wconf 88' lang='lat' dir='ltr'><strong>quo</strong></span> <span class='ocrx_word' id='word_1_758' title='bbox 1277 4850 1460 4921; x_wconf 86' lang='lat' dir='ltr'><strong>lapsus</strong></span> <span class='ocrx_word' id='word_1_759' title='bbox 1488 4862 1591 4915; x_wconf 83' lang='lat' dir='ltr'><strong>est,</strong></span> <span class='ocrx_word' id='word_1_760' title='bbox 1620 4862 1675 4904; x_wconf 92' lang='lat' dir='ltr'><strong>et</strong></span> <span class='ocrx_word' id='word_1_761' title='bbox 1707 4853 1757 4903; x_wconf 89' lang='lat' dir='ltr'><strong>in</strong></span> <span class='ocrx_word' id='word_1_762' title='bbox 1784 4869 1907 4916; x_wconf 82' lang='lat' dir='ltr'><strong>pec.-</strong></span> 
     </span>
    </p>
   </div>
   <div class='ocr_carea' id='block_1_94' title="bbox 340 4920 1909 4989">
    <p class='ocr_par' dir='ltr' id='par_1_94' title="bbox 340 4920 1909 4989">
     <span class='ocr_line' id='line_1_94' title="bbox 340 4920 1909 4989; baseline -0.003 -10"><span class='ocrx_word' id='word_1_763' title='bbox 340 4924 516 4989; x_wconf 84' lang='lat' dir='ltr'><strong>c&#39;atis,</strong></span> <span class='ocrx_word' id='word_1_764' title='bbox 560 4941 579 4975; x_wconf 75' lang='grc' dir='ltr'><strong>ι</strong></span> <span class='ocrx_word' id='word_1_765' title='bbox 633 4932 740 4974; x_wconf 88' lang='lat' dir='ltr'><strong>etc.</strong></span> <span class='ocrx_word' id='word_1_766' title='bbox 778 4922 852 4974; x_wconf 91' lang='lat' dir='ltr'><strong>Ita</strong></span> <span class='ocrx_word' id='word_1_767' title='bbox 886 4920 1064 4975; x_wconf 86' lang='lat' dir='ltr'><strong>etiam</strong></span> <span class='ocrx_word' id='word_1_768' title='bbox 1112 4922 1285 4983; x_wconf 89' lang='lat' dir='ltr'><strong>editi,</strong></span> <span class='ocrx_word' id='word_1_769' title='bbox 1319 4920 1419 4973; x_wconf 89' lang='lat' dir='ltr'><strong>nisi</strong></span> <span class='ocrx_word' id='word_1_770' title='bbox 1462 4921 1604 4989; x_wconf 90' lang='lat' dir='ltr'><strong>quod</strong></span> <span class='ocrx_word' id='word_1_771' title='bbox 1653 4925 1909 4975; x_wconf 79' lang='lat' dir='ltr'><strong>omittunt.</strong></span> 
     </span>
    </p>
   </div>
   <div class='ocr_carea' id='block_1_95' title="bbox 346 4989 1904 5049">
    <p class='ocr_par' dir='ltr' id='par_1_95' title="bbox 346 4989 1904 5049">
     <span class='ocr_line' id='line_1_95' title="bbox 346 4989 1904 5049; baseline -0.001 -3"><span class='ocrx_word' id='word_1_772' title='bbox 346 5013 366 5046; x_wconf 76' lang='grc' dir='ltr'><strong>ι</strong></span> <span class='ocrx_word' id='word_1_773' title='bbox 408 4994 522 5049; x_wconf 89' lang='lat' dir='ltr'><strong>sed.</strong></span> <span class='ocrx_word' id='word_1_774' title='bbox 568 5012 587 5045; x_wconf 70' lang='grc' dir='ltr'><strong>ι</strong></span> <span class='ocrx_word' id='word_1_775' title='bbox 614 4992 808 5047; x_wconf 67' lang='lat' dir='ltr'><strong>Cancri</strong></span> <span class='ocrx_word' id='word_1_776' title='bbox 837 5005 965 5044; x_wconf 89' lang='lat' dir='ltr'><strong>vero</strong></span> <span class='ocrx_word' id='word_1_777' title='bbox 996 5004 1127 5044; x_wconf 87' lang='lat' dir='ltr'><strong>mss.</strong></span> <span class='ocrx_word' id='word_1_778' title='bbox 1153 5001 1207 5043; x_wconf 86' lang='lat' dir='ltr'><strong>et</strong></span> <span class='ocrx_word' id='word_1_779' title='bbox 1238 4989 1495 5045; x_wconf 88' lang='lat' dir='ltr'><strong>Rabanus</strong></span> <span class='ocrx_word' id='word_1_780' title='bbox 1530 4993 1732 5045; x_wconf 90' lang='lat' dir='ltr'><strong>rectius</strong></span> <span class='ocrx_word' id='word_1_781' title='bbox 1764 5005 1820 5044; x_wconf 93' lang='lat' dir='ltr'><strong>ut</strong></span> <span class='ocrx_word' id='word_1_782' title='bbox 1852 4993 1904 5044; x_wconf 92' lang='lat' dir='ltr'><strong>in</strong></span> 
     </span>
    </p>
   </div>
   <div class='ocr_carea' id='block_1_96' title="bbox 343 5059 1904 5130">
    <p class='ocr_par' dir='ltr' id='par_1_96' title="bbox 343 5059 1904 5130">
     <span class='ocr_line' id='line_1_96' title="bbox 343 5059 1904 5130; baseline -0.001 -13"><span class='ocrx_word' id='word_1_783' title='bbox 343 5074 512 5130; x_wconf 81' lang='lat' dir='ltr'><strong>textu,</strong></span> <span class='ocrx_word' id='word_1_784' title='bbox 548 5062 687 5130; x_wconf 87' lang='lat' dir='ltr'><strong>quod</strong></span> <span class='ocrx_word' id='word_1_785' title='bbox 716 5061 991 5130; x_wconf 87' lang='lat' dir='ltr'><strong>sequentia</strong></span> <span class='ocrx_word' id='word_1_786' title='bbox 1024 5070 1341 5130; x_wconf 79' lang='lat' dir='ltr'><strong>monstrant.</strong></span> <span class='ocrx_word' id='word_1_787' title='bbox 1378 5059 1581 5115; x_wconf 90' lang='lat' dir='ltr'><strong>Deinde</strong></span> <span class='ocrx_word' id='word_1_788' title='bbox 1618 5077 1749 5115; x_wconf 85' lang='lat' dir='ltr'><strong>mss.</strong></span> <span class='ocrx_word' id='word_1_789' title='bbox 1789 5062 1904 5130; x_wconf 61' lang='lat' dir='ltr'><strong>ple.</strong></span> 
     </span>
    </p>
   </div>
   <div class='ocr_carea' id='block_1_97' title="bbox 341 5079 1900 5204">
    <p class='ocr_par' dir='ltr' id='par_1_97' title="bbox 341 5079 1900 5204">
     <span class='ocr_line' id='line_1_97' title="bbox 343 5079 1900 5130; baseline -0.001 -13"><span class='ocrx_word' id='word_1_790' title='bbox 343 5079 512 5130; x_wconf 81' lang='lat' dir='ltr'><strong>texui,</strong></span> <span class='ocrx_word' id='word_1_791' title='bbox 587 5079 687 5116; x_wconf 89' lang='lat' dir='ltr'><strong>uou</strong></span> <span class='ocrx_word' id='word_1_792' title='bbox 716 5079 991 5130; x_wconf 84' lang='lat' dir='ltr'><strong>sequentia</strong></span> <span class='ocrx_word' id='word_1_793' title='bbox 1024 5079 1341 5114; x_wconf 72' lang='lat' dir='ltr'><strong>ttttinSll&#39;allt.</strong></span> <span class='ocrx_word' id='word_1_794' title='bbox 1378 5079 1581 5115; x_wconf 82' lang='lat' dir='ltr'><strong>ueinue</strong></span> <span class='ocrx_word' id='word_1_795' title='bbox 1618 5079 1749 5115; x_wconf 86' lang='lat' dir='ltr'><strong>mss.</strong></span> <span class='ocrx_word' id='word_1_796' title='bbox 1789 5079 1900 5130; x_wconf 87' lang='lat' dir='ltr'><strong>pte-</strong></span> 
     </span>
     <span class='ocr_line' id='line_1_98' title="bbox 341 5079 1900 5204; baseline -0.003 -16"><span class='ocrx_word' id='word_1_797' title='bbox 341 5136 499 5204; x_wconf 80' lang='lat' dir='ltr'><strong>rique</strong></span> <span class='ocrx_word' id='word_1_798' title='bbox 518 5079 828 5204; x_wconf 38' lang='lat' dir='ltr'><strong>fhabapus</strong></span> <span class='ocrx_word' id='word_1_799' title='bbox 859 5139 926 5204; x_wconf 63' lang='lat' dir='ltr'><strong>et</strong></span> <span class='ocrx_word' id='word_1_800' title='bbox 951 5128 1102 5204; x_wconf 64' lang='lat' dir='ltr'><strong>editi,</strong></span> <span class='ocrx_word' id='word_1_801' title='bbox 1143 5148 1161 5179; x_wconf 85' lang='grc' dir='ltr'><strong>ι</strong></span> <span class='ocrx_word' id='word_1_802' title='bbox 1191 5130 1553 5204; x_wconf 72' lang='lat' dir='ltr'><strong>_Dicent_eni_n_t</strong></span> <span class='ocrx_word' id='word_1_803' title='bbox 1586 5147 1599 5185; x_wconf 91' lang='lat'><strong>:</strong></span> <span class='ocrx_word' id='word_1_804' title='bbox 1625 5130 1681 5185; x_wconf 93' lang='lat' dir='ltr'><strong>Si</strong></span> <span class='ocrx_word' id='word_1_805' title='bbox 1710 5131 1900 5204; x_wconf 65' lang='lat' dir='ltr'><strong>nihil,»</strong></span> 
     </span>
    </p>
   </div>
   <div class='ocr_carea' id='block_1_98' title="bbox 240 5199 1901 5270">
    <p class='ocr_par' dir='ltr' id='par_1_98' title="bbox 240 5199 1901 5270">
     <span class='ocr_line' id='line_1_99' title="bbox 240 5199 1901 5270; baseline -0.002 -11"><span class='ocrx_word' id='word_1_806' title='bbox 240 5216 251 5229; x_wconf 88' lang='lat'><strong>&#39;</strong></span> <span class='ocrx_word' id='word_1_807' title='bbox 340 5199 445 5259; x_wconf 75' lang='lat' dir='ltr'><strong>etc.</strong></span> <span class='ocrx_word' id='word_1_808' title='bbox 479 5202 585 5259; x_wconf 92' lang='lat' dir='ltr'><strong>Sed</strong></span> <span class='ocrx_word' id='word_1_809' title='bbox 616 5199 1050 5270; x_wconf 73' lang='lat' dir='ltr'><strong>rectiorvidetur</strong></span> <span class='ocrx_word' id='word_1_810' title='bbox 1082 5200 1240 5255; x_wconf 90' lang='lat' dir='ltr'><strong>lectio</strong></span> <span class='ocrx_word' id='word_1_811' title='bbox 1264 5216 1363 5255; x_wconf 91' lang='lat' dir='ltr'><strong>ms.</strong></span> <span class='ocrx_word' id='word_1_812' title='bbox 1386 5199 1539 5270; x_wconf 81' lang='lat' dir='ltr'><strong>Regii</strong></span> <span class='ocrx_word' id='word_1_813' title='bbox 1568 5217 1716 5256; x_wconf 91' lang='lat' dir='ltr'><strong>num.</strong></span> <span class='ocrx_word' id='word_1_814' title='bbox 1747 5202 1901 5268; x_wconf 78' lang='grc'>1659,</span> 
     </span>
    </p>
   </div>
   <div class='ocr_carea' id='block_1_99' title="bbox 347 5267 1035 5334">
    <p class='ocr_par' dir='ltr' id='par_1_99' title="bbox 347 5267 1035 5334">
     <span class='ocr_line' id='line_1_100' title="bbox 347 5267 1035 5334; baseline -0.012 -7"><span class='ocrx_word' id='word_1_815' title='bbox 347 5295 363 5327; x_wconf 84' lang='grc' dir='ltr'><strong>ι</strong></span> <span class='ocrx_word' id='word_1_816' title='bbox 407 5275 614 5328; x_wconf 81' lang='lat' dir='ltr'><strong>Etenim</strong></span> <span class='ocrx_word' id='word_1_817' title='bbox 641 5268 687 5325; x_wconf 93' lang='lat' dir='ltr'><strong>si</strong></span> <span class='ocrx_word' id='word_1_818' title='bbox 709 5267 864 5334; x_wconf 90' lang='lat' dir='ltr'><strong>nihil,</strong></span> <span class='ocrx_word' id='word_1_819' title='bbox 892 5285 911 5317; x_wconf 77' lang='grc' dir='ltr'><strong>ι</strong></span> <span class='ocrx_word' id='word_1_820' title='bbox 932 5274 1035 5321; x_wconf 88' lang='lat' dir='ltr'><strong>etc.</strong></span> 
     </span>
    </p>
   </div>
   <div class='ocr_carea' id='block_1_100' title="bbox 414 5338 1906 5418">
    <p class='ocr_par' dir='ltr' id='par_1_100' title="bbox 414 5338 1906 5418">
     <span class='ocr_line' id='line_1_101' title="bbox 414 5338 1906 5418; baseline -0.002 -21"><span class='ocrx_word' id='word_1_821' title='bbox 414 5344 524 5418; x_wconf 64' lang='lat'><strong>(49)</strong></span> <span class='ocrx_word' id='word_1_822' title='bbox 551 5343 669 5418; x_wconf 76' lang='lat' dir='ltr'><strong>¢_Et</strong></span> <span class='ocrx_word' id='word_1_823' title='bbox 700 5358 805 5418; x_wconf 79' lang='lat' dir='ltr'><strong>non</strong></span> <span class='ocrx_word' id='word_1_824' title='bbox 829 5338 1104 5418; x_wconf 76' lang='lat' dir='ltr'><strong>suﬂ&#39;ecerit</strong></span> <span class='ocrx_word' id='word_1_825' title='bbox 1141 5341 1475 5418; x_wconf 52' lang='lat' dir='ltr'><strong>eltm_dice_re</strong></span> <span class='ocrx_word' id='word_1_826' title='bbox 1504 5360 1518 5395; x_wconf 92' lang='lat'><strong>:</strong></span> <span class='ocrx_word' id='word_1_827' title='bbox 1573 5339 1707 5418; x_wconf 84' lang='lat' dir='ltr'><strong>Cum</strong></span> <span class='ocrx_word' id='word_1_828' title='bbox 1738 5356 1906 5418; x_wconf 81' lang='lat' dir='ltr'><strong>aver-</strong></span> 
     </span>
    </p>
   </div>
   <div class='ocr_carea' id='block_1_101' title="bbox 341 5409 1904 5479">
    <p class='ocr_par' dir='ltr' id='par_1_101' title="bbox 341 5409 1904 5479">
     <span class='ocr_line' id='line_1_102' title="bbox 341 5409 1904 5479; baseline 0 -12"><span class='ocrx_word' id='word_1_829' title='bbox 341 5409 434 5469; x_wconf 80' lang='lat' dir='ltr'><strong>sus</strong></span> <span class='ocrx_word' id='word_1_830' title='bbox 463 5409 627 5470; x_wconf 82' lang='lat' dir='ltr'><strong>fuerit</strong></span> <span class='ocrx_word' id='word_1_831' title='bbox 650 5429 679 5466; x_wconf 90' lang='lat' dir='ltr'><strong>a</strong></span> <span class='ocrx_word' id='word_1_832' title='bbox 709 5411 920 5479; x_wconf 89' lang='lat' dir='ltr'><strong>justitia</strong></span> <span class='ocrx_word' id='word_1_833' title='bbox 957 5423 1074 5464; x_wconf 89' lang='lat' dir='ltr'><strong>sua.</strong></span> <span class='ocrx_word' id='word_1_834' title='bbox 1106 5427 1123 5459; x_wconf 77' lang='grc' dir='ltr'><strong>ι</strong></span> <span class='ocrx_word' id='word_1_835' title='bbox 1157 5409 1366 5464; x_wconf 87' lang='lat' dir='ltr'><strong>Omissa</strong></span> <span class='ocrx_word' id='word_1_836' title='bbox 1401 5413 1515 5464; x_wconf 59' lang='lat' dir='ltr'><strong>hate</strong></span> <span class='ocrx_word' id='word_1_837' title='bbox 1539 5421 1664 5466; x_wconf 86' lang='lat' dir='ltr'><strong>sunt</strong></span> <span class='ocrx_word' id='word_1_838' title='bbox 1693 5413 1744 5463; x_wconf 92' lang='lat' dir='ltr'><strong>in</strong></span> <span class='ocrx_word' id='word_1_839' title='bbox 1793 5412 1904 5477; x_wconf 84' lang='lat' dir='ltr'><strong>ple-</strong></span> 
     </span>
    </p>
   </div>
   <div class='ocr_carea' id='block_1_102' title="bbox 342 5479 1905 5553">
    <p class='ocr_par' dir='ltr' id='par_1_102' title="bbox 342 5479 1905 5553">
     <span class='ocr_line' id='line_1_103' title="bbox 342 5479 1905 5553; baseline -0.001 -16"><span class='ocrx_word' id='word_1_840' title='bbox 342 5485 526 5553; x_wconf 76' lang='lat' dir='ltr'><strong>risque</strong></span> <span class='ocrx_word' id='word_1_841' title='bbox 556 5484 736 5539; x_wconf 88' lang='lat' dir='ltr'><strong>editis.</strong></span> <span class='ocrx_word' id='word_1_842' title='bbox 776 5479 968 5553; x_wconf 66' lang='lat' dir='ltr'><strong>caeteri</strong></span> <span class='ocrx_word' id='word_1_843' title='bbox 1002 5480 1319 5553; x_wconf 78' lang='lat' dir='ltr'><strong>editi,_mss.</strong></span> <span class='ocrx_word' id='word_1_844' title='bbox 1357 5480 1620 5553; x_wconf 74' lang='lat' dir='ltr'><strong>plerique_</strong></span> <span class='ocrx_word' id='word_1_845' title='bbox 1640 5491 1697 5553; x_wconf 86' lang='lat' dir='ltr'><strong>et</strong></span> <span class='ocrx_word' id='word_1_846' title='bbox 1727 5479 1905 5553; x_wconf 88' lang='lat' dir='ltr'><strong>Raba-</strong></span> 
     </span>
    </p>
   </div>
   <div class='ocr_carea' id='block_1_103' title="bbox 340 5544 1901 5622">
    <p class='ocr_par' dir='ltr' id='par_1_103' title="bbox 340 5544 1901 5622">
     <span class='ocr_line' id='line_1_104' title="bbox 340 5544 1901 5622; baseline -0.001 -15"><span class='ocrx_word' id='word_1_847' title='bbox 340 5544 463 5620; x_wconf 59' lang='lat' dir='ltr'><strong>nus&#39;,</strong></span> <span class='ocrx_word' id='word_1_848' title='bbox 498 5575 518 5605; x_wconf 74' lang='grc' dir='ltr'><strong>ι</strong></span> <span class='ocrx_word' id='word_1_849' title='bbox 550 5566 602 5608; x_wconf 91' lang='lat' dir='ltr'><strong>ct</strong></span> <span class='ocrx_word' id='word_1_850' title='bbox 632 5571 735 5607; x_wconf 80' lang='lat' dir='ltr'><strong>non</strong></span> <span class='ocrx_word' id='word_1_851' title='bbox 762 5544 1431 5622; x_wconf 7' lang='lat' dir='ltr'><strong>suﬂiceretgtg(Eras‘mu—s,i</strong></span> <span class='ocrx_word' id='word_1_852' title='bbox 1452 5544 1744 5622; x_wconf 66' lang='lat' dir='ltr'><strong>(suffecit)</strong></span> <span class='ocrx_word' id='word_1_853' title='bbox 1776 5567 1901 5607; x_wconf 86' lang='lat' dir='ltr'><strong>cum</strong></span> 
     </span>
    </p>
   </div>
   <div class='ocr_carea' id='block_1_104' title="bbox 340 5619 1896 5686">
    <p class='ocr_par' dir='ltr' id='par_1_104' title="bbox 340 5619 1896 5686">
     <span class='ocr_line' id='line_1_105' title="bbox 340 5619 1896 5686; baseline -0.001 -11"><span class='ocrx_word' id='word_1_854' title='bbox 340 5624 743 5681; x_wconf 90' lang='lat' dir='ltr'><strong>diceret....sed</strong></span> <span class='ocrx_word' id='word_1_855' title='bbox 762 5621 967 5676; x_wconf 88' lang='lat' dir='ltr'><strong>addidit</strong></span> <span class='ocrx_word' id='word_1_856' title='bbox 1033 5619 1127 5686; x_wconf 88' lang='lat' dir='ltr'><strong>(al.</strong></span> <span class='ocrx_word' id='word_1_857' title='bbox 1161 5620 1350 5683; x_wconf 85' lang='lat' dir='ltr'><strong>addit),</strong></span> <span class='ocrx_word' id='word_1_858' title='bbox 1395 5621 1459 5673; x_wconf 82' lang='lat' dir='ltr'><strong>Et</strong></span> <span class='ocrx_word' id='word_1_859' title='bbox 1478 5619 1896 5676; x_wconf 79' lang='lat' dir='ltr'><strong>feceritoiunem</strong></span> 
     </span>
    </p>
   </div>
   <div class='ocr_carea' id='block_1_105' title="bbox 340 5691 1902 5760">
    <p class='ocr_par' dir='ltr' id='par_1_105' title="bbox 340 5691 1902 5760">
     <span class='ocr_line' id='line_1_106' title="bbox 340 5691 1902 5760; baseline 0 -15"><span class='ocrx_word' id='word_1_860' title='bbox 340 5692 664 5760; x_wconf 87' lang='lat' dir='ltr'><strong>impietatem</strong></span> <span class='ocrx_word' id='word_1_861' title='bbox 691 5731 706 5753; x_wconf 92' lang='lat'><strong>,</strong></span> <span class='ocrx_word' id='word_1_862' title='bbox 737 5713 755 5744; x_wconf 74' lang='grc' dir='ltr'><strong>ι</strong></span> <span class='ocrx_word' id='word_1_863' title='bbox 792 5692 863 5746; x_wconf 92' lang='lat' dir='ltr'><strong>al.</strong></span> <span class='ocrx_word' id='word_1_864' title='bbox 893 5710 912 5742; x_wconf 80' lang='grc' dir='ltr'><strong>ι</strong></span> <span class='ocrx_word' id='word_1_865' title='bbox 945 5705 1158 5744; x_wconf 86' lang='lat' dir='ltr'><strong>onmem</strong></span> <span class='ocrx_word' id='word_1_866' title='bbox 1195 5691 1551 5758; x_wconf 87' lang='lat' dir='ltr'><strong>iniquitatem,</strong></span> <span class='ocrx_word' id='word_1_867' title='bbox 1587 5711 1605 5743; x_wconf 79' lang='grc' dir='ltr'><strong>ι</strong></span> <span class='ocrx_word' id='word_1_868' title='bbox 1646 5704 1751 5744; x_wconf 90' lang='lat' dir='ltr'><strong>etc.</strong></span> <span class='ocrx_word' id='word_1_869' title='bbox 1773 5692 1902 5745; x_wconf 86' lang='lat' dir='ltr'><strong>.Sed</strong></span> 
     </span>
    </p>
   </div>
   <div class='ocr_carea' id='block_1_106' title="bbox 287 5760 1900 5830">
    <p class='ocr_par' dir='ltr' id='par_1_106' title="bbox 287 5760 1900 5830">
     <span class='ocr_line' id='line_1_107' title="bbox 287 5760 1900 5830; baseline -0.001 -13"><span class='ocrx_word' id='word_1_870' title='bbox 287 5815 290 5817; x_wconf 16' lang='grc' dir='ltr'><strong>Α</strong></span> <span class='ocrx_word' id='word_1_871' title='bbox 342 5762 546 5813; x_wconf 88' lang='lat' dir='ltr'><strong>rectius</strong></span> <span class='ocrx_word' id='word_1_872' title='bbox 579 5765 778 5818; x_wconf 85' lang='lat' dir='ltr'><strong>habere</strong></span> <span class='ocrx_word' id='word_1_873' title='bbox 811 5764 1024 5817; x_wconf 85' lang='lat' dir='ltr'><strong>videtur</strong></span> <span class='ocrx_word' id='word_1_874' title='bbox 1051 5777 1151 5817; x_wconf 89' lang='lat' dir='ltr'><strong>ms.</strong></span> <span class='ocrx_word' id='word_1_875' title='bbox 1183 5760 1381 5830; x_wconf 76' lang='lat' dir='ltr'><strong>Regius</strong></span> <span class='ocrx_word' id='word_1_876' title='bbox 1414 5778 1563 5817; x_wconf 88' lang='lat' dir='ltr'><strong>num.</strong></span> <span class='ocrx_word' id='word_1_877' title='bbox 1604 5762 1740 5817; x_wconf 72' lang='lat' dir='ltr'><strong>i659</strong></span> <span class='ocrx_word' id='word_1_878' title='bbox 1761 5775 1817 5818; x_wconf 86' lang='lat' dir='ltr'><strong>ut</strong></span> <span class='ocrx_word' id='word_1_879' title='bbox 1847 5765 1900 5818; x_wconf 91' lang='lat' dir='ltr'><strong>in</strong></span> 
     </span>
    </p>
   </div>
   <div class='ocr_carea' id='block_1_107' title="bbox 342 5839 719 5885">
    <p class='ocr_par' dir='ltr' id='par_1_107' title="bbox 342 5839 719 5885">
     <span class='ocr_line' id='line_1_108' title="bbox 342 5839 719 5885; baseline 0.003 -2"><span class='ocrx_word' id='word_1_880' title='bbox 342 5842 525 5884; x_wconf 74' lang='lat' dir='ltr'><strong>IIUBU‘O</strong></span> <span class='ocrx_word' id='word_1_881' title='bbox 553 5839 719 5885; x_wconf 76' lang='lat' dir='ltr'><strong>textu.</strong></span> 
     </span>
    </p>
   </div>
   <div class='ocr_carea' id='block_1_108' title="bbox 2087 4778 3565 4850">
    <p class='ocr_par' dir='ltr' id='par_1_108' title="bbox 2087 4778 3565 4850">
     <span class='ocr_line' id='line_1_109' title="bbox 2087 4778 3565 4850; baseline -0.003 -17"><span class='ocrx_word' id='word_1_882' title='bbox 2087 4779 2200 4850; x_wconf 84' lang='lat'><strong>(50)</strong></span> <span class='ocrx_word' id='word_1_883' title='bbox 2232 4800 2251 4829; x_wconf 73' lang='grc' dir='ltr'><strong>ι</strong></span> <span class='ocrx_word' id='word_1_884' title='bbox 2291 4781 2435 4848; x_wconf 83' lang='lat' dir='ltr'><strong>Agit.</strong></span> <span class='ocrx_word' id='word_1_885' title='bbox 2464 4800 2481 4832; x_wconf 73' lang='grc' dir='ltr'><strong>ι</strong></span> <span class='ocrx_word' id='word_1_886' title='bbox 2521 4780 2671 4834; x_wconf 89' lang='lat' dir='ltr'><strong>Hauc</strong></span> <span class='ocrx_word' id='word_1_887' title='bbox 2710 4780 3188 4850; x_wconf 84' lang='lat' dir='ltr'><strong>vocem_0tuittuut</strong></span> <span class='ocrx_word' id='word_1_888' title='bbox 3242 4794 3346 4850; x_wconf 81' lang='lat' dir='ltr'><strong>ms.</strong></span> <span class='ocrx_word' id='word_1_889' title='bbox 3386 4778 3565 4846; x_wconf 81' lang='lat' dir='ltr'><strong>Regius</strong></span> 
     </span>
    </p>
   </div>
   <div class='ocr_carea' id='block_1_109' title="bbox 2015 4848 3563 4917">
    <p class='ocr_par' dir='ltr' id='par_1_109' title="bbox 2015 4848 3563 4917">
     <span class='ocr_line' id='line_1_110' title="bbox 2015 4848 3563 4917; baseline -0.003 -13"><span class='ocrx_word' id='word_1_890' title='bbox 2015 4848 2343 4905; x_wconf 64' lang='lat' dir='ltr'><strong>num.1659</strong></span> <span class='ocrx_word' id='word_1_891' title='bbox 2371 4860 2425 4906; x_wconf 90' lang='lat' dir='ltr'><strong>et</strong></span> <span class='ocrx_word' id='word_1_892' title='bbox 2456 4851 2730 4904; x_wconf 81' lang='lat' dir='ltr'><strong>Rabanus.</strong></span> <span class='ocrx_word' id='word_1_893' title='bbox 2757 4850 2855 4903; x_wconf 84' lang='lat' dir='ltr'><strong>Ms.</strong></span> <span class='ocrx_word' id='word_1_894' title='bbox 2895 4848 3095 4917; x_wconf 80' lang='lat' dir='ltr'><strong>Regius</strong></span> <span class='ocrx_word' id='word_1_895' title='bbox 3134 4864 3286 4905; x_wconf 88' lang='lat' dir='ltr'><strong>num.</strong></span> <span class='ocrx_word' id='word_1_896' title='bbox 3309 4849 3437 4903; x_wconf 68' lang='grc'><strong>1641</strong></span> <span class='ocrx_word' id='word_1_897' title='bbox 3477 4853 3563 4900; x_wconf 79' lang='lat' dir='ltr'><strong>ba—</strong></span> 
     </span>
    </p>
   </div>
   <div class='ocr_carea' id='block_1_110' title="bbox 2012 4920 3297 4987">
    <p class='ocr_par' dir='ltr' id='par_1_110' title="bbox 2012 4920 3297 4987">
     <span class='ocr_line' id='line_1_111' title="bbox 2012 4920 3297 4987; baseline -0.005 -12"><span class='ocrx_word' id='word_1_898' title='bbox 2012 4921 2119 4980; x_wconf 81' lang='lat' dir='ltr'><strong>bel,</strong></span> <span class='ocrx_word' id='word_1_899' title='bbox 2157 4938 2176 4970; x_wconf 79' lang='grc' dir='ltr'><strong>ι</strong></span> <span class='ocrx_word' id='word_1_900' title='bbox 2208 4921 2360 4975; x_wconf 83' lang='lat' dir='ltr'><strong>facit.</strong></span> <span class='ocrx_word' id='word_1_901' title='bbox 2394 4940 2412 4972; x_wconf 76' lang='grc' dir='ltr'><strong>ι</strong></span> <span class='ocrx_word' id='word_1_902' title='bbox 2446 4921 2641 4974; x_wconf 67' lang='lat' dir='ltr'><strong>Cameri</strong></span> <span class='ocrx_word' id='word_1_903' title='bbox 2679 4935 2804 4972; x_wconf 89' lang='lat' dir='ltr'><strong>cum</strong></span> <span class='ocrx_word' id='word_1_904' title='bbox 2833 4920 3012 4982; x_wconf 87' lang='lat' dir='ltr'><strong>editis,</strong></span> <span class='ocrx_word' id='word_1_905' title='bbox 3049 4936 3067 4968; x_wconf 79' lang='grc' dir='ltr'><strong>ι</strong></span> <span class='ocrx_word' id='word_1_906' title='bbox 3103 4922 3236 4987; x_wconf 83' lang='lat' dir='ltr'><strong>agit.</strong></span> <span class='ocrx_word' id='word_1_907' title='bbox 3279 4939 3297 4969; x_wconf 75' lang='grc' dir='ltr'><strong>ι</strong></span> 
     </span>
    </p>
   </div>
   <div class='ocr_carea' id='block_1_111' title="bbox 2080 4988 3564 5062">
    <p class='ocr_par' dir='ltr' id='par_1_111' title="bbox 2080 4988 3564 5062">
     <span class='ocr_line' id='line_1_112' title="bbox 2080 4988 3564 5062; baseline -0.005 -17"><span class='ocrx_word' id='word_1_908' title='bbox 2080 4991 2195 5062; x_wconf 88' lang='grc'>(51)</span> <span class='ocrx_word' id='word_1_909' title='bbox 2233 4988 2323 5045; x_wconf 91' lang='lat' dir='ltr'><strong>Sic</strong></span> <span class='ocrx_word' id='word_1_910' title='bbox 2345 5006 2536 5045; x_wconf 88' lang='lat' dir='ltr'><strong>omnes</strong></span> <span class='ocrx_word' id='word_1_911' title='bbox 2568 4988 3055 5062; x_wconf 76' lang='lat' dir='ltr'><strong>mss._l:‘.diti_vero,</strong></span> <span class='ocrx_word' id='word_1_912' title='bbox 3088 5003 3374 5057; x_wconf 84' lang='lat' dir='ltr'><strong>perperam</strong></span> <span class='ocrx_word' id='word_1_913' title='bbox 3407 5006 3423 5043; x_wconf 97' lang='lat'><strong>:</strong></span> <span class='ocrx_word' id='word_1_914' title='bbox 3455 5005 3474 5037; x_wconf 85' lang='grc' dir='ltr'><strong>ι</strong></span> <span class='ocrx_word' id='word_1_915' title='bbox 3516 4994 3564 5039; x_wconf 90' lang='lat' dir='ltr'><strong>et</strong></span> 
     </span>
    </p>
   </div>
   <div class='ocr_carea' id='block_1_112' title="bbox 2007 5059 3538 5135">
    <p class='ocr_par' dir='ltr' id='par_1_112' title="bbox 2007 5059 3538 5135">
     <span class='ocr_line' id='line_1_113' title="bbox 2007 5059 3538 5135; baseline 0 -22"><span class='ocrx_word' id='word_1_916' title='bbox 2007 5059 2758 5135; x_wconf 37' lang='lat' dir='ltr'><strong>prophetarum“testimoniis</strong></span> <span class='ocrx_word' id='word_1_917' title='bbox 2788 5073 2854 5111; x_wconf 81' lang='lat' dir='ltr'><strong>ex</strong></span> <span class='ocrx_word' id='word_1_918' title='bbox 2883 5059 2989 5135; x_wconf 80' lang='lat' dir='ltr'><strong>bis,</strong></span> <span class='ocrx_word' id='word_1_919' title='bbox 3018 5078 3051 5127; x_wconf 63' lang='lat' dir='ltr'><strong>~s</strong></span> <span class='ocrx_word' id='word_1_920' title='bbox 3087 5072 3194 5113; x_wconf 90' lang='lat' dir='ltr'><strong>etc.</strong></span> <span class='ocrx_word' id='word_1_921' title='bbox 3530 5125 3538 5135; x_wconf 44' lang='lat'><strong><em>.</em></strong></span> 
     </span>
    </p>
   </div>
   <div class='ocr_carea' id='block_1_113' title="bbox 2080 5130 3559 5201">
    <p class='ocr_par' dir='ltr' id='par_1_113' title="bbox 2080 5130 3559 5201">
     <span class='ocr_line' id='line_1_114' title="bbox 2080 5130 3559 5201; baseline -0.007 -15"><span class='ocrx_word' id='word_1_922' title='bbox 2080 5130 2193 5201; x_wconf 75' lang='grc'>(52)</span> <span class='ocrx_word' id='word_1_923' title='bbox 2232 5131 2309 5185; x_wconf 89' lang='lat' dir='ltr'><strong>Ita</strong></span> <span class='ocrx_word' id='word_1_924' title='bbox 2333 5130 2485 5195; x_wconf 87' lang='lat' dir='ltr'><strong>editi,</strong></span> <span class='ocrx_word' id='word_1_925' title='bbox 2509 5140 2564 5183; x_wconf 90' lang='lat' dir='ltr'><strong>et</strong></span> <span class='ocrx_word' id='word_1_926' title='bbox 2589 5131 2787 5184; x_wconf 89' lang='lat' dir='ltr'><strong>rectius</strong></span> <span class='ocrx_word' id='word_1_927' title='bbox 2802 5130 3020 5201; x_wconf 85' lang='lat' dir='ltr'><strong>quidem</strong></span> <span class='ocrx_word' id='word_1_928' title='bbox 3043 5146 3202 5197; x_wconf 78' lang='lat' dir='ltr'><strong>quatit</strong></span> <span class='ocrx_word' id='word_1_929' title='bbox 3229 5143 3361 5183; x_wconf 90' lang='lat' dir='ltr'><strong>mss.</strong></span> <span class='ocrx_word' id='word_1_930' title='bbox 3386 5130 3559 5201; x_wconf 82' lang='lat' dir='ltr'><strong>nostri,</strong></span> 
     </span>
    </p>
   </div>
   <div class='ocr_carea' id='block_1_114' title="bbox 2007 5200 3553 5271">
    <p class='ocr_par' dir='ltr' id='par_1_114' title="bbox 2007 5200 3553 5271">
     <span class='ocr_line' id='line_1_115' title="bbox 2007 5200 3553 5271; baseline -0.003 -18"><span class='ocrx_word' id='word_1_931' title='bbox 2007 5202 2098 5271; x_wconf 90' lang='lat' dir='ltr'><strong>qui</strong></span> <span class='ocrx_word' id='word_1_932' title='bbox 2128 5200 2317 5255; x_wconf 88' lang='lat' dir='ltr'><strong>omnes</strong></span> <span class='ocrx_word' id='word_1_933' title='bbox 2345 5201 2563 5261; x_wconf 88' lang='lat' dir='ltr'><strong>habent,</strong></span> <span class='ocrx_word' id='word_1_934' title='bbox 2600 5218 2619 5250; x_wconf 79' lang='grc' dir='ltr'><strong>ι</strong></span> <span class='ocrx_word' id='word_1_935' title='bbox 2652 5214 2818 5269; x_wconf 89' lang='lat' dir='ltr'><strong>pauca</strong></span> <span class='ocrx_word' id='word_1_936' title='bbox 2850 5200 3157 5266; x_wconf 80' lang='lat' dir='ltr'><strong>patefacere</strong></span> <span class='ocrx_word' id='word_1_937' title='bbox 3187 5200 3505 5269; x_wconf 80' lang='lat' dir='ltr'><strong>exponenti,</strong></span> <span class='ocrx_word' id='word_1_938' title='bbox 3538 5214 3553 5243; x_wconf 80' lang='grc' dir='ltr'><strong>ι</strong></span> 
     </span>
    </p>
   </div>
   <div class='ocr_carea' id='block_1_115' title="bbox 2012 5272 2883 5335">
    <p class='ocr_par' dir='ltr' id='par_1_115' title="bbox 2012 5272 2883 5335">
     <span class='ocr_line' id='line_1_116' title="bbox 2012 5272 2883 5335; baseline -0.005 -10"><span class='ocrx_word' id='word_1_939' title='bbox 2012 5287 2171 5331; x_wconf 87' lang='lat' dir='ltr'><strong>unus,</strong></span> <span class='ocrx_word' id='word_1_940' title='bbox 2208 5288 2228 5321; x_wconf 80' lang='grc' dir='ltr'><strong>ι</strong></span> <span class='ocrx_word' id='word_1_941' title='bbox 2266 5272 2682 5335; x_wconf 86' lang='lat' dir='ltr'><strong>exponentibus,</strong></span> <span class='ocrx_word' id='word_1_942' title='bbox 2725 5289 2744 5321; x_wconf 73' lang='grc' dir='ltr'><strong>ι</strong></span> <span class='ocrx_word' id='word_1_943' title='bbox 2778 5277 2883 5322; x_wconf 87' lang='lat' dir='ltr'><strong>etc.</strong></span> 
     </span>
    </p>
   </div>
   <div class='ocr_carea' id='block_1_116' title="bbox 2083 5337 3552 5411">
    <p class='ocr_par' dir='ltr' id='par_1_116' title="bbox 2083 5337 3552 5411">
     <span class='ocr_line' id='line_1_117' title="bbox 2083 5337 3552 5411; baseline -0.003 -16"><span class='ocrx_word' id='word_1_944' title='bbox 2083 5341 2198 5411; x_wconf 80' lang='grc'>(55)</span> <span class='ocrx_word' id='word_1_945' title='bbox 2228 5340 2371 5394; x_wconf 88' lang='lat' dir='ltr'><strong>Editi</strong></span> <span class='ocrx_word' id='word_1_946' title='bbox 2396 5379 2411 5402; x_wconf 92' lang='lat'><strong>,</strong></span> <span class='ocrx_word' id='word_1_947' title='bbox 2451 5358 2470 5391; x_wconf 82' lang='grc' dir='ltr'><strong>ι</strong></span> <span class='ocrx_word' id='word_1_948' title='bbox 2508 5350 2563 5394; x_wconf 88' lang='lat' dir='ltr'><strong>et</strong></span> <span class='ocrx_word' id='word_1_949' title='bbox 2610 5342 2698 5409; x_wconf 88' lang='lat' dir='ltr'><strong>qui</strong></span> <span class='ocrx_word' id='word_1_950' title='bbox 2735 5354 2841 5393; x_wconf 91' lang='lat' dir='ltr'><strong>non</strong></span> <span class='ocrx_word' id='word_1_951' title='bbox 2885 5340 3242 5408; x_wconf 79' lang='lat' dir='ltr'><strong>acquiescant</strong></span> <span class='ocrx_word' id='word_1_952' title='bbox 3278 5337 3506 5396; x_wconf 81' lang='lat' dir='ltr'><strong>veritati.</strong></span> <span class='ocrx_word' id='word_1_953' title='bbox 3535 5353 3552 5383; x_wconf 79' lang='grc' dir='ltr'><strong>ι</strong></span> 
     </span>
    </p>
   </div>
   <div class='ocr_carea' id='block_1_117' title="bbox 2010 5410 3069 5466">
    <p class='ocr_par' dir='ltr' id='par_1_117' title="bbox 2010 5410 3069 5466">
     <span class='ocr_line' id='line_1_118' title="bbox 2010 5410 3069 5466; baseline -0.002 0"><span class='ocrx_word' id='word_1_954' title='bbox 2010 5410 2114 5466; x_wconf 89' lang='lat' dir='ltr'><strong>Sed</strong></span> <span class='ocrx_word' id='word_1_955' title='bbox 2133 5425 2322 5465; x_wconf 89' lang='lat' dir='ltr'><strong>omnes</strong></span> <span class='ocrx_word' id='word_1_956' title='bbox 2352 5425 2480 5463; x_wconf 91' lang='lat' dir='ltr'><strong>mss.</strong></span> <span class='ocrx_word' id='word_1_957' title='bbox 2515 5420 2574 5464; x_wconf 88' lang='lat' dir='ltr'><strong>ut</strong></span> <span class='ocrx_word' id='word_1_958' title='bbox 2610 5413 2660 5465; x_wconf 89' lang='lat' dir='ltr'><strong>in</strong></span> <span class='ocrx_word' id='word_1_959' title='bbox 2686 5419 2871 5463; x_wconf 90' lang='lat' dir='ltr'><strong>nostro</strong></span> <span class='ocrx_word' id='word_1_960' title='bbox 2898 5421 3069 5465; x_wconf 80' lang='lat' dir='ltr'><strong>textu.</strong></span> 
     </span>
    </p>
   </div>
   <div class='ocr_carea' id='block_1_118' title="bbox 2081 5479 3553 5553">
    <p class='ocr_par' dir='ltr' id='par_1_118' title="bbox 2081 5479 3553 5553">
     <span class='ocr_line' id='line_1_119' title="bbox 2081 5479 3553 5553; baseline -0.005 -18"><span class='ocrx_word' id='word_1_961' title='bbox 2081 5482 2195 5553; x_wconf 72' lang='grc'>(54)</span> <span class='ocrx_word' id='word_1_962' title='bbox 2228 5480 2552 5553; x_wconf 66' lang='lat' dir='ltr'><strong>Ms._ltegius</strong></span> <span class='ocrx_word' id='word_1_963' title='bbox 2580 5498 2729 5535; x_wconf 91' lang='lat' dir='ltr'><strong>num.</strong></span> <span class='ocrx_word' id='word_1_964' title='bbox 2761 5479 2922 5546; x_wconf 77' lang='grc'><strong>1641,</strong></span> <span class='ocrx_word' id='word_1_965' title='bbox 2946 5500 2963 5532; x_wconf 83' lang='grc' dir='ltr'><strong>ι</strong></span> <span class='ocrx_word' id='word_1_966' title='bbox 3000 5496 3094 5553; x_wconf 86' lang='lat' dir='ltr'><strong>per</strong></span> <span class='ocrx_word' id='word_1_967' title='bbox 3115 5480 3553 5549; x_wconf 82' lang='lat' dir='ltr'><strong>contemptionem</strong></span> 
     </span>
    </p>
   </div>
   <div class='ocr_carea' id='block_1_119' title="bbox 2005 5551 3433 5606">
    <p class='ocr_par' dir='ltr' id='par_1_119' title="bbox 2005 5551 3433 5606">
     <span class='ocr_line' id='line_1_120' title="bbox 2005 5551 3433 5606; baseline -0.003 0"><span class='ocrx_word' id='word_1_968' title='bbox 2005 5551 2221 5606; x_wconf 82' lang='lat' dir='ltr'><strong>mentis.</strong></span> <span class='ocrx_word' id='word_1_969' title='bbox 2260 5570 2279 5603; x_wconf 71' lang='grc' dir='ltr'><strong>ι</strong></span> <span class='ocrx_word' id='word_1_970' title='bbox 2315 5551 2507 5605; x_wconf 70' lang='lat' dir='ltr'><strong>Czeteri</strong></span> <span class='ocrx_word' id='word_1_971' title='bbox 2540 5567 2669 5605; x_wconf 89' lang='lat' dir='ltr'><strong>vero</strong></span> <span class='ocrx_word' id='word_1_972' title='bbox 2700 5567 2826 5605; x_wconf 88' lang='lat' dir='ltr'><strong>mss.</strong></span> <span class='ocrx_word' id='word_1_973' title='bbox 2856 5561 2912 5604; x_wconf 89' lang='lat' dir='ltr'><strong>et</strong></span> <span class='ocrx_word' id='word_1_974' title='bbox 2939 5551 3067 5604; x_wconf 87' lang='lat' dir='ltr'><strong>editi</strong></span> <span class='ocrx_word' id='word_1_975' title='bbox 3096 5561 3156 5603; x_wconf 93' lang='lat' dir='ltr'><strong>ut</strong></span> <span class='ocrx_word' id='word_1_976' title='bbox 3189 5553 3242 5604; x_wconf 90' lang='lat' dir='ltr'><strong>in</strong></span> <span class='ocrx_word' id='word_1_977' title='bbox 3270 5562 3433 5604; x_wconf 85' lang='lat' dir='ltr'><strong>textu.</strong></span> 
     </span>
    </p>
   </div>
   <div class='ocr_carea' id='block_1_120' title="bbox 2081 5621 3558 5693">
    <p class='ocr_par' dir='ltr' id='par_1_120' title="bbox 2081 5621 3558 5693">
     <span class='ocr_line' id='line_1_121' title="bbox 2081 5621 3558 5693; baseline -0.005 -18"><span class='ocrx_word' id='word_1_978' title='bbox 2081 5622 2194 5693; x_wconf 85' lang='grc'>(55)</span> <span class='ocrx_word' id='word_1_979' title='bbox 2225 5621 2319 5676; x_wconf 93' lang='lat' dir='ltr'><strong>Sic</strong></span> <span class='ocrx_word' id='word_1_980' title='bbox 2346 5636 2478 5676; x_wconf 91' lang='lat' dir='ltr'><strong>mss.</strong></span> <span class='ocrx_word' id='word_1_981' title='bbox 2508 5634 2562 5676; x_wconf 90' lang='lat' dir='ltr'><strong>et</strong></span> <span class='ocrx_word' id='word_1_982' title='bbox 2590 5621 2865 5678; x_wconf 88' lang='lat' dir='ltr'><strong>Rabanus.</strong></span> <span class='ocrx_word' id='word_1_983' title='bbox 2898 5621 3041 5675; x_wconf 68' lang='lat' dir='ltr'><strong>Editi</strong></span> <span class='ocrx_word' id='word_1_984' title='bbox 3082 5635 3232 5688; x_wconf 86' lang='lat' dir='ltr'><strong>vero,</strong></span> <span class='ocrx_word' id='word_1_985' title='bbox 3271 5639 3291 5673; x_wconf 85' lang='grc' dir='ltr'><strong>ι</strong></span> <span class='ocrx_word' id='word_1_986' title='bbox 3333 5632 3388 5675; x_wconf 85' lang='grc' dir='ltr'><strong>ιιι</strong></span> <span class='ocrx_word' id='word_1_987' title='bbox 3418 5630 3558 5687; x_wconf 86' lang='lat' dir='ltr'><strong>opor-</strong></span> 
     </span>
    </p>
   </div>
   <div class='ocr_carea' id='block_1_121' title="bbox 2008 5693 2536 5753">
    <p class='ocr_par' dir='ltr' id='par_1_121' title="bbox 2008 5693 2536 5753">
     <span class='ocr_line' id='line_1_122' title="bbox 2008 5693 2536 5753; baseline -0.002 -7"><span class='ocrx_word' id='word_1_988' title='bbox 2008 5701 2086 5747; x_wconf 89' lang='lat' dir='ltr'><strong>tet</strong></span> <span class='ocrx_word' id='word_1_989' title='bbox 2108 5693 2339 5753; x_wconf 87' lang='lat' dir='ltr'><strong>actibus,</strong></span> <span class='ocrx_word' id='word_1_990' title='bbox 2373 5712 2393 5745; x_wconf 79' lang='grc' dir='ltr'><strong>ι</strong></span> <span class='ocrx_word' id='word_1_991' title='bbox 2428 5703 2536 5746; x_wconf 88' lang='lat' dir='ltr'><strong>etc.</strong></span> 
     </span>
    </p>
   </div>
   <div class='ocr_carea' id='block_1_122' title="bbox 2083 5760 3551 5834">
    <p class='ocr_par' dir='ltr' id='par_1_122' title="bbox 2083 5760 3551 5834">
     <span class='ocr_line' id='line_1_123' title="bbox 2083 5760 3551 5834; baseline -0.003 -19"><span class='ocrx_word' id='word_1_992' title='bbox 2083 5762 2194 5834; x_wconf 82' lang='grc'>(56)</span> <span class='ocrx_word' id='word_1_993' title='bbox 2230 5763 2307 5817; x_wconf 85' lang='lat' dir='ltr'><strong>Ita</strong></span> <span class='ocrx_word' id='word_1_994' title='bbox 2333 5762 2585 5816; x_wconf 84' lang='lat' dir='ltr'><strong>Rabauus</strong></span> <span class='ocrx_word' id='word_1_995' title='bbox 2607 5770 2668 5834; x_wconf 88' lang='lat' dir='ltr'><strong>et</strong></span> <span class='ocrx_word' id='word_1_996' title='bbox 2714 5777 2816 5816; x_wconf 90' lang='lat' dir='ltr'><strong>ms.</strong></span> <span class='ocrx_word' id='word_1_997' title='bbox 2854 5761 3248 5816; x_wconf 55' lang='lat' dir='ltr'><strong>Vallis-Clara.</strong></span> <span class='ocrx_word' id='word_1_998' title='bbox 3302 5760 3387 5815; x_wconf 92' lang='lat' dir='ltr'><strong>Sic</strong></span> <span class='ocrx_word' id='word_1_999' title='bbox 3409 5760 3551 5811; x_wconf 76' lang='lat' dir='ltr'><strong>etiam</strong></span> 
     </span>
    </p>
   </div>
   <div class='ocr_carea' id='block_1_123' title="bbox 2012 5833 3547 5905">
    <p class='ocr_par' dir='ltr' id='par_1_123' title="bbox 2012 5833 3547 5905">
     <span class='ocr_line' id='line_1_124' title="bbox 2012 5833 3547 5905; baseline -0.008 -17"><span class='ocrx_word' id='word_1_1000' title='bbox 2012 5850 2113 5890; x_wconf 89' lang='lat' dir='ltr'><strong>ms.</strong></span> <span class='ocrx_word' id='word_1_1001' title='bbox 2130 5834 2331 5905; x_wconf 79' lang='lat' dir='ltr'><strong>Regius</strong></span> <span class='ocrx_word' id='word_1_1002' title='bbox 2354 5849 2503 5889; x_wconf 88' lang='lat' dir='ltr'><strong>num.</strong></span> <span class='ocrx_word' id='word_1_1003' title='bbox 2520 5833 2678 5900; x_wconf 73' lang='grc'><strong>1641,</strong></span> <span class='ocrx_word' id='word_1_1004' title='bbox 2699 5835 2801 5889; x_wconf 83' lang='lat' dir='ltr'><strong>nisi</strong></span> <span class='ocrx_word' id='word_1_1005' title='bbox 2821 5834 2965 5903; x_wconf 89' lang='lat' dir='ltr'><strong>quod</strong></span> <span class='ocrx_word' id='word_1_1006' title='bbox 2989 5835 3203 5889; x_wconf 82' lang='lat' dir='ltr'><strong>omittat</strong></span> <span class='ocrx_word' id='word_1_1007' title='bbox 3231 5852 3251 5884; x_wconf 75' lang='grc' dir='ltr'><strong>ι</strong></span> <span class='ocrx_word' id='word_1_1008' title='bbox 3276 5843 3547 5900; x_wconf 63' lang='lat' dir='ltr'><strong>qum-crs.»</strong></span> 
     </span>
    </p>
   </div>
  </div>
