3684 6148
109 272 237 329 881

109 395 209 449 ria
254 414 275 463 ;

106 487 281 540 ciem
309 485 503 557 Moysi,
540 496 763 558 propter
791 488 1021 560 gloriam
1054 492 1237 549 vultus
1267 494 1410 564 ejus,
1443 510 1564 565 quae
1584 496 1717 552 abo—

106 576 322 645 ietur;
354 589 559 648 quanto
617 581 790 651 magis
845 582 1209 639 ministerium
1240 585 1478 656 Spiritus
1522 589 1628 644 erit
1661 589 1717 644 in

107 667 354 733 gloria!
423 669 480 724 Si
514 670 663 725 enim
721 672 776 726 in
830 673 1140 731 ministerio
1190 678 1555 735 damnationis
1598 680 1718 749 glo-

107 758 203 811 ria
241 758 365 831 (57)
390 770 507 825 est,
543 771 748 830 quanto
796 767 969 837 magis
1011 768 1311 824 abundabit
1351 771 1717 828 ministerium

101 848 362 918 iustitia:
387 852 443 907 in
467 853 679 923 gloria?
709 874 729 908 ι
757 855 825 911 Ει
857 869 978 928 post
997 875 1167 929 pauca
1197 862 1350 918 addit
1373 881 1386 918 :
1407 883 1441 916 -ι
1477 863 1587 921 Nos
1618 882 1717 922 au-

111 948 239 994 tem
302 957 492 998 omnes
525 946 761 1001 revelata
801 946 943 1005 facie
989 949 1220 1021 gloriam
1251 953 1466 1009 Domini
1517 972 1717 1028 specu-

110 1030 335 1098 lantes,
364 1033 420 1088 in
452 1036 696 1091 eamdem
734 1038 1025 1111 imaginem
1056 1042 1170 1116 (58)
1202 1045 1659 1104 transformamur
1685 1066 1717 1106 a

107 1124 312 1193 gloria
347 1126 400 1180 in
437 1128 662 1198 gloriam
719 1142 977 1203 tanquam
1026 1152 1057 1190 a
1109 1137 1318 1193 Domini
1346 1140 1552 1210 Spiritu
1584 1142 1650 1197 ".
1688 1162 1710 1196 ι

110 1215 223 1270 Est
245 1231 388 1287 ergo
416 1221 663 1288 quaedam
700 1224 869 1294 gloria
901 1228 1196 1282 secundum
1224 1231 1565 1300 Apostolum,
1595 1248 1717 1304 quae

108 1322 240 1362 non
266 1309 630 1379 gloriﬁcatur,
658 1323 715 1367 ut
741 1314 827 1369 illa
849 1331 972 1385 qua!
1001 1318 1053 1375 in
1080 1318 1228 1373 vultu
1252 1318 1425 1393 Moysi
1452 1322 1575 1391 fuit,
1593 1339 1715 1395 qua:

109 1398 490 1459 dicituresse
519 1406 820 1473 destructa,
868 1423 988 1478 quae
1046 1408 1210 1483 Legis
1254 1412 1435 1470 littera
1486 1416 1713 1489 intelligi

109 1502 336 1561 potest,
378 1494 586 1551 habens
613 1499 834 1567 quidam
878 1504 1109 1573 gloriam
1168 1517 1582 1577 praeceptorum,
1615 1513 1712 1567 sed

109 1598 247 1655 qua:
280 1587 585 1656 gloriﬁcari
617 1607 723 1647 non
774 1597 966 1663 possit.
1002 1597 1098 1653 Est
1131 1608 1186 1654 et
1231 1599 1338 1655 alia
1372 1600 1563 1671 gloria,
1590 1618 1714 1674 qua:

109 1684 419 1742 permanet
463 1686 518 1732 et
574 1679 909 1750 gloriﬁcatur
976 1687 1028 1741 in
1094 1688 1332 1745 Christo.
1379 1690 1512 1746 Cum
1563 1695 1709 1748 enim

1105 276 1464 335 COMMENT.
1500 279 1572 335 ΙΝ
1599 280 1818 338 EPIST.
1855 282 1947 338 AD
1983 283 2151 341 ROM.
2192 285 2322 342 LIB.
2363 286 2431 342 ll.

3475 254 3485 281 ἰ

3291 296 3430 352 8⁸8⁶ι”

335 395 412 450 ita
446 402 505 450 ut
527 411 634 451 non
669 406 893 466 possent
916 397 1198 455 intendere
1225 400 1322 457 ﬁlii
1354 401 1522 458 Israel
1550 404 1604 458 in
1639 403 1719 459 fa-
1746 409 1795 467 Α
1821 407 1947 477 quia
1981 425 2001 459 ι
2024 407 2218 473 homo,
2259 424 2381 463 cum
2409 409 2463 463 in
2494 410 2701 466 honore
2741 420 2911 478 esset,
2942 427 3049 467 non
3088 413 3393 492 intellexit;

1820 507 2172 568 comparatus
2222 509 2305 554 est
2348 500 2611 570 jumentis
2652 501 3060 571 insipientibus,
3091 513 3147 560 et
3199 507 3397 563 similis

1818 592 1996 649 factus
2039 601 2126 647 est
2178 591 2283 647 illis
2306 592 2417 645 ".i
2484 591 2688 660 Quaerit
2733 609 2860 664 ergo
2920 595 3070 652 illum
3129 598 3395 654 honorem

1818 703 1986 759 quem
2017 686 2251 743 habebat
2280 684 2392 758 (60)
2423 696 2715 758 antequam
2743 701 3156 759 compararetur
3178 692 3396 761 jumen-

1820 780 1892 834 tis
1925 777 2336 848 insipientibus,
2360 778 2416 832 id
2445 785 2531 833 est.
2572 777 2722 833 illum
2760 795 2924 849 quem
2949 781 3184 837 habebat
3213 782 3266 837 in
3299 798 3393 853 pa-

1818 870 2022 941 radiso,
2053 879 2343 939 antequam
2364 879 2635 939 peccaret,
2666 873 2925 927 honorem
2956 888 3066 943 quo
3086 872 3176 930 Dei
3202 891 3390 932 vocem

1818 962 2131 1018 merebatur
2158 961 2368 1027 audire,
2412 963 2675 1018 honorem
2708 977 2819 1031 quo
2841 964 3079 1033 paradisi
3122 965 3392 1022 fructibus

1816 1064 1871 1112 et
1905 1055 2050 1125 ligno
2074 1054 2202 1109 vitae
2225 1052 2532 1109 fruebatur.
2561 1054 2670 1110 Sed
2695 1066 2751 1110 et
2772 1056 2901 1109 illud
2922 1058 3066 1125 quod
3096 1057 3227 1112 dicit
3249 1059 3392 1127 Apo-

1816 1146 1989 1203 stolus
2021 1163 2035 1200 :
2069 1162 2090 1197 ι
2117 1145 2350 1201 Reddite
2400 1147 2650 1202 omnibus
2694 1147 2914 1214 debita;
2965 1150 3051 1203 cui
3102 1150 3388 1214 honorem,

1818 1240 2078 1294 honorem
2103 1237 2170 1304 ³⁷,
2206 1256 2224 1289 ι
2258 1238 2325 1292 ad
2376 1239 2479 1293 hoc
2511 1239 2643 1293 mihi
2685 1240 2959 1309 respicere
2998 1240 3230 1297 videtur.
3280 1241 3391 1313 Ego

1815 1329 1960 1384 enim
1991 1328 2072 1383 sic
2096 1327 2342 1400 intelligo
2365 1327 2628 1384 honorem
2655 1330 2898 1385 debitum
2924 1331 3077 1387 reddi
3111 1333 3219 1389 Deo
3247 1332 3388 1403 (61),

1815 1422 1860 1478 si
1894 1420 2039 1491 quod
2072 1422 2304 1475 debetur
2330 1418 2566 1486 iustitiae
2598 1421 2882 1488 reddatur,
2914 1432 2971 1478 et
3006 1423 3142 1479 nihil
3178 1439 3244 1480 ex
3272 1424 3391 1494 ejus

1813 1523 1969 1582 parte
2000 1510 2278 1580 iniustitiae
2303 1512 2675 1568 concedatur:
2724 1513 2977 1569 similiter
3008 1524 3065 1571 et
3091 1516 3305 1571 veritati
3339 1518 3386 1572 si

1815 1616 1934 1671 quac
1965 1616 2061 1656 sua
2093 1610 2219 1656 sunt
2248 1598 2324 1653 ita
2353 1601 2676 1670 reddantur,
2711 1612 2771 1656 ut
2807 1604 2942 1658 nihil
2966 1619 3035 1660 ex
3063 1606 3181 1675 ejus
3218 1607 3395 1676 parti-

1812 1692 1916 1746 bus
1941 1694 2228 1750 mcndacio
2255 1695 2597 1765 relinquatur
2624 1712 2638 1748 :
2666 1696 2946 1765 sapientia:
2967 1713 3203 1768 quoque,
3229 1708 3285 1753 et
3305 1700 3393 1752 in-

108 1769 470 1825 ascendisset
492 1775 548 1826 in
572 1785 814 1830 montem
849 1793 972 1833 cum
999 1778 1160 1835 Petro
1187 1821 1203 1847 ,
1256 1791 1311 1837 et
1364 1781 1570 1839 Jacobo
1597 1827 1613 1851 ,
1656 1793 1712 1840 et
1739 1774 1784 1831 Β
1815 1788 2104 1850 nocentiae,
2141 1788 2484 1856 bonitatique
2506 1789 2551 1843 si
2572 1789 2643 1840 ita
2670 1789 2961 1845 reddamus
2977 1806 3098 1861 quae
3121 1806 3216 1845 sua
3237 1800 3386 1856 sunt,

111 1859 342 1919 Joanne
367 1903 382 1928 ,
436 1866 863 1926 transformatus
890 1887 1015 1927 esse
1045 1874 1101 1928 in
1143 1875 1374 1945 gloriam
1427 1878 1707 1933 scribitur.

112 1968 137 2003 ι
173 1950 250 2007 Ει
280 1962 417 2011 tunc
451 1971 853 2027 apparuerunt,
883 1981 903 2014 ι
929 1963 1129 2033 inquit,
1172 1984 1192 2017 ι
1232 1966 1445 2038 Moyses
1479 1980 1534 2022 et
1566 1969 1712 2025 Elias

111 2045 507 2117 colloquentes
543 2066 668 2106 cum
693 2069 758 2109 eo
787 2055 853 2112 ³⁸.
886 2075 906 2108 ι
944 2056 1047 2111 Per
1073 2059 1217 2128 quod
1243 2062 1710 2131 ostenditur,quia

113 2140 259 2210 legis
310 2151 373 2196 et
423 2144 811 2214 prophetarum
866 2149 1045 2220 gloria
1094 2160 1224 2207 tunc
1278 2155 1549 2222 apparuit,
1585 2170 1711 2210 cum

112 2230 385 2289 Christus
416 2233 616 2291 fuisset
644 2240 1068 2299 transformatus
1106 2245 1162 2298 in
1208 2244 1382 2315 gloria
1406 2285 1424 2313 ,
1481 2257 1541 2301 ut
1566 2247 1711 2302 illius

112 2326 299 2395 gloria
331 2326 635 2384 illuminata
664 2333 949 2401 pr0phetia
974 2345 1028 2390 et
1056 2336 1166 2402 lex,
1225 2349 1408 2393 amoto
1440 2338 1710 2396 velamine

116 2419 352 2488 litterae,
387 2423 722 2495 intelligatur
778 2427 832 2482 in
863 2430 1081 2500 spiritu.
1132 2434 1333 2488 Verum
1367 2436 1496 2505 quia
1554 2446 1610 2492 et
1655 2439 1707 2494 in

111 2514 316 2572 Exodo
371 2518 579 2574 dicitur
631 2521 675 2553 ³³
725 2521 895 2592 gloria
955 2525 1050 2581 Dei
1090 2528 1330 2596 replesse
1381 2530 1707 2588 tabernacu-

113 2606 231 2662 lum
288 2611 630 2682 testimonii;
677 2627 735 2670 et
786 2617 983 2672 iterum
1015 2621 1067 2673 in
1125 2621 1468 2678 dedicatione
1521 2629 1705 2698 templi

111 2696 281 2769 48],
312 2701 674 2760 nihilominus
694 2707 1039 2783 descendisse
1056 2709 1225 2779 gloria
1252 2713 1370 2779 Dei,
1388 2723 1442 2768 et
1467 2696 1709 2784 replesse

115 2788 345 2843 domum
381 2790 555 2858 fumo,
587 2794 835 2864 caligine,
859 2805 915 2851 et
944 2797 1112 2863 nube,
1137 2800 1192 2852 in
1223 2815 1332 2869 quo
1382 2803 1565 2873 utique
1588 2806 1705 2875 ipsa

115 2880 317 2935 adesse
348 2879 452 2937 Dei
496 2888 787 2954 prmsentia
835 2889 1151 2960 designatur
1173 2892 1261 2945 8'z
1301 2893 1391 2948 illa
1419 2895 1472 2965 in
1500 2897 1584 2951 his
1607 2913 1707 2967 pu-

118 2972 284 3027 tanda
315 2981 409 3030 est
431 2975 539 3031 dici
559 2976 905 3049 (58‘)gloria,
928 2983 995 3036 de
1015 2996 1122 3051 qua
1145 2985 1436 3052 Apostolus
1459 2989 1705 3046 scribens

113 3063 184 3118 ad
217 3063 488 3122 Hebraeos
514 3068 649 3123 dicit
672 3070 741 3124 de
768 3069 929 3138 Filio,
971 3075 1097 3143 quia
1145 3075 1217 3130 sit
1245 3094 1264 3127 ι
1298 3078 1557 3145 splendor
1584 3081 1703 3152 glo—

1813 1886 1877 1931 ut
1904 1877 2043 1932 nihil
2067 1894 2135 1934 ex
2150 1894 2342 1935 eorum
2369 1880 2552 1945 bonis,
2579 1879 2661 1934 vel
2687 1881 2953 1947 stultitiae,
2976 1883 3060 1937 vel
3077 1884 3387 1956 calliditati,

1811 1968 1897 2024 vel
1937 1969 2160 2024 malitiae
2187 1972 2584 2041 permittamus.
2620 1971 2757 2027 Cum
2797 1974 2968 2041 enim,
3002 1976 3150 2030 verbi
3182 1978 3383 2047 gratia,

1813 2061 1867 2115 in
1898 2060 2198 2130 judicando
2235 2062 2319 2117 vel
2348 2078 2641 2133 personam
2674 2068 2914 2133 potentis
2965 2069 3265 2138 acceperis,
3303 2070 3388 2125 vel

1812 2169 1910 2224 pro
1937 2154 2097 2209 amici
2125 2155 2303 2225 gratia
2351 2170 2471 2226 quae
2513 2169 2642 2212 sunt
2686 2173 2818 2213 vera
2850 2161 3243 2230 suppresseris,
3275 2178 3385 2217 non

1813 2248 2104 2303 reddidisti
2135 2248 2399 2304 honorem
2445 2247 2685 2304 debitum
2717 2249 2969 2318 justitiae,
3000 2267 3100 2308 nec
3139 2253 3385 2322 veritati,

1810 2342 1903 2396 sed
1950 2341 2302 2396 dehonorasti
2349 2341 2646 2410 justitiam,
2675 2352 2731 2396 et
2778 2342 2957 2398 fecisti
2996 2346 3384 2401 contumeliam

1811 2431 2024 2486 veritati
2052 2450 2067 2487 :
2101 2440 2156 2485 et
2183 2447 2306 2485 cum
2337 2431 2589 2488 Christus
2632 2432 2705 2487 sit
2725 2433 2960 2501 justitia,
2987 2446 3042 2489 et
3068 2438 3385 2492 sanctifica-

1812 2529 1917 2591 tio,
1974 2535 2028 2580 et
2083 2527 2284 2581 veritas
2311 2524 2379 2592 ³⁸,
2413 2527 2525 2581 eris
2574 2526 2769 2581 similis
2814 2527 2921 2582 illis
2968 2530 3060 2598 qui
3105 2529 3382 2586 Christum

1808 2617 2058 2686 colaphis
2093 2618 2431 2682 ceciderunt,
2460 2626 2514 2671 et
2543 2617 2636 2686 qui
2667 2617 2720 2672 in
2754 2606 2951 2674 faciem
2983 2621 3099 2691 ejus
3121 2636 3387 2692 conspue-

1811 2717 1959 2773 runt,
1985 2717 2041 2763 et
2066 2708 2158 2777 qui
2187 2709 2241 2763 in
2261 2708 2471 2762 calamo
2505 2717 2670 2779 caput
2691 2710 2808 2781 ejus
2837 2703 3231 2780 percutientes,
3257 2728 3386 2769 ver-

1810 2799 1900 2852 tici
1929 2798 2044 2868 ejus
2069 2800 2445 2870 imposuerunt
2469 2805 2713 2876 spineam
2745 2820 3004 2861 coronam
3033 2805 3101 2860 3’.
3122 2805 3255 2873 Quis
3278 2821 3381 2862 au-

1809 2905 1916 2948 tem
1949 2897 2126 2951 honor
2170 2897 2284 2969 (63)
2317 2908 2404 2953 est
2432 2901 2524 2969 qui
2570 2901 2653 2956 his
2684 2903 2938 2958 omnibus
2982 2903 3275 2959 virtutibus
3310 2906 3380 2959 ab

1806 2984 2027 3039 homine
2059 2988 2309 3053 debetur,
2357 2989 2410 3042 in
2444 2989 2752 3062 Evangeliis
2798 2993 3109 3061 edocemur,
3162 2993 3381 3049 dicente

1808 3078 2036 3133 Domino
2065 3079 2149 3133 ⁸ος
2193 3099 2212 3131 ι
2242 3079 2314 3135 Ut
2342 3096 2535 3138 omnes
2580 3083 2944 3140 honoriﬁcent
2984 3084 3211 3151 Filium,
3238 3087 3381 3141 sicut

116 3156 234 3225 rite,
266 3167 327 3212 et
348 3159 534 3230 imago
556 3175 813 3230 expressa
838 3132 1159 3220 substantiae
1185 3169 1303 3237 ejus
1327 3132 1399 3223 ᾖ.
1425 3169 1558 3225 »Ρθι
1579 3132 1703 3242 qua:
1729 3132 1773 3191 δ
1810 3169 2174 3226 honorificam
2213 3171 2453 3227 Patrem.
2489 3192 2508 3226 ι
2542 3173 2879 3231 Honoriﬁcat
2906 3191 3038 3246 ergo
3077 3176 3296 3232 Patrem
3324 3189 3382 3235 et

114 3250 218 3304 hoc
254 3249 576 3307 declaratur
600 3253 736 3324 (59),
784 3255 959 3326 ipsum
1007 3256 1209 3313 fontem
1253 3261 1441 3332 gloria:
1485 3262 1701 3319 Patrem

116 3342 249 3408 dici,
273 3357 342 3399 ex
362 3359 479 3414 quo
507 3345 768 3416 splendor
792 3349 979 3419 gloria;
1008 3350 1178 3409 Filius
1204 3367 1521 3425 generatur,
1544 3358 1702 3428 cujus

116 3438 546 3508 participatione
576 3457 770 3500 omnes
816 3454 1082 3500 creaturae
1125 3447 1355 3517 gloriam
1381 3452 1586 3508 habere
1616 3455 1701 3508 di-

117 3542 367 3591 cuntur:
404 3535 548 3591 sicut
591 3536 661 3593 de
716 3538 802 3593 his
846 3541 937 3609 qui
991 3557 1058 3597 ex
1111 3545 1516 3601 resurrectione
1551 3560 1698 3615 sunt,

117 3626 384 3683 scribitur
408 3646 424 3683 :
465 3647 487 3701 ι
561 3630 679 3684 Alia
708 3628 881 3702 gloria
905 3634 1058 3701 solis,
1081 3635 1186 3688 alia
1210 3635 1381 3705 gloria
1406 3638 1570 3704 luna},
1590 3642 1698 3696 alia

118 3717 289 3784 gloria
317 3722 625 3778 stellarum.
657 3723 829 3779 Stella
859 3741 888 3779 a
917 3728 1069 3784 stella
1118 3729 1296 3785 differt
1326 3733 1380 3787 in
1403 3731 1573 3804 gloria
1594 3734 1692 3788 “.i

118 3808 267 3867 Hanc
312 3829 449 3883 ergo
491 3815 744 3885 gloriam,
770 3832 889 3887 qua:
910 3834 975 3875 ex
1023 3824 1429 3881 resurrectione
1470 3834 1574 3893 est,
1603 3831 1694 3897 qui

120 3904 430 3971 requirunt,
481 3916 537 3962 et
591 3908 882 3976 honorem,
932 3920 985 3966 et
1034 3913 1518 3983 incorruptionem,
1561 3918 1695 3974 illud

118 3993 233 4050 sine
263 3998 436 4054 dubio
462 3999 745 4056 invenient
770 4004 915 4071 quod
941 4006 1202 4075 scriptum
1232 4017 1356 4062 est:
1393 4026 1414 4061 ι
1447 4009 1696 4066 Semina-

119 4093 205 4139 tur
231 4102 435 4159 corpus
464 4091 519 4146 in
556 4093 878 4162 ignominia,
904 4109 1089 4169 surget
1124 4099 1176 4152 in
1208 4100 1377 4170 gloria
1408 4118 1423 4168 ;
1454 4105 1694 4159 semina-

119 4186 204 4234 tur
232 4181 284 4235 in
307 4184 686 4252 corruptione,
718 4198 902 4257 surget
942 4188 995 4242 in
1043 4190 1455 4261 incorruptione
1479 4194 1547 4250 ³⁸.
1581 4214 1600 4247 ι
1628 4196 1695 4251 Et

120 4270 236 4325 ideo
275 4272 575 4344 inquisitor
605 4276 767 4347 hujus
792 4278 1003 4347 glori:e,
1032 4290 1089 4337 et
1137 4283 1387 4352 honoris,
1417 4296 1473 4340 et
1512 4287 1693 4343 incor-

120 4364 386 4431 ruptionis
421 4382 522 4438 per
553 4372 875 4439 patientiam
909 4372 1036 4427 boni
1069 4377 1254 4444 operis
1289 4376 1457 4432 vitam
1503 4394 1694 4435 conse-

1805 3261 2026 3328 Filium,
2052 3263 2144 3332 qui
2172 3262 2434 3319 honorem
2461 3265 2685 3334 dignum
2718 3276 2773 3322 et
2798 3267 3039 3322 studium
3077 3268 3257 3324 defert
3285 3285 3383 3326 sa-

1806 3353 2045 3421 pientiae,
2074 3367 2127 3411 et
2147 3357 2396 3427 justitiae,
2415 3368 2468 3413 et
2496 3359 2732 3425 veritati,
2756 3362 3122 3432 omnibusque
3150 3362 3235 3418 his
3256 3378 3380 3434 qua:

1803 3460 1925 3499 esse
1973 3446 2234 3500 dicuntur
2262 3447 2532 3503 Christus.
2575 3449 2689 3505 Hoc
2732 3467 2865 3520 ergo
2915 3454 3076 3507 modo
3128 3463 3381 3521 quierunt

1802 3534 2059 3605 gloriam,
2082 3547 2139 3591 et
2166 3538 2453 3607 honorem,
2486 3550 2544 3594 et
2581 3543 3071 3613 incorruptionem,
3094 3546 3184 3613 qui
3218 3544 3378 3598 festi-

1802 3635 1934 3680 nant
1985 3628 2052 3682 ad
2086 3637 2343 3685 aeternam
2384 3631 2573 3687 vitam.
2616 3633 2723 3689 Sed
2753 3643 2809 3689 et
2859 3634 3197 3705 incorruptio
3242 3635 3376 3707 quid

1800 3717 2028 3785 indicet,
2069 3721 2178 3776 cito
2208 3724 2464 3790 sciemus,
2496 3726 2542 3781 si
2569 3728 2711 3796 quod
2738 3727 3153 3783 ei-contrarium
3186 3739 3271 3785 est
3293 3729 3373 3785 di-

1799 3817 2126 3874 scutiamus.
2187 3816 2529 3889 lncorruptio
2582 3821 2917 3877 contrariam
2980 3822 3376 3878 habetcorru-

1798 3908 2061 3976 ptionem.
2083 3910 2373 3980 Corruptio
2403 3912 2612 3967 duobus
2646 3915 2822 3969 modis
2853 3914 3104 3969 accidere
3126 3914 3329 3969 dicitur
3358 3937 3372 3971 :

1799 4000 2197 4068 corporaliter,
2240 4013 2297 4056 et
2346 4003 2687 4072 spiritaliter.
2734 4005 3106 4077 Corporaliter
3150 4008 3372 4077 accidit,

1798 4105 1924 4144 cum
1968 4094 2214 4148 evenerit
2247 4094 2378 4149 illud
2428 4098 2570 4165 quod
2615 4099 2883 4168 scriptum
2932 4110 3058 4155 est:
3106 4119 3126 4152 ι
3156 4101 3213 4156 Si
3248 4104 3374 4171 quis

1799 4184 2055 4252 templum
2086 4185 2179 4239 Dei
2214 4189 2546 4256 corruperit,
2568 4201 2885 4261 corrumpet
2916 4192 3064 4247 illum
3089 4194 3233 4251 Deus
3252 4193 3321 4249 δι.
3344 4214 3365 4248 ι

1798 4274 2128 4344 Spiritaliter
2157 4291 2306 4343 vero,
2331 4293 2458 4333 cum
2508 4280 2640 4356 illud
2680 4284 2942 4338 acciderit
2982 4289 3127 4354 quod
3173 4288 3372 4343 nihilo-

1798 4368 1976 4422 minus
2011 4368 2300 4437 Apostolus
2337 4371 2471 4425 dicit
2511 4370 2597 4425 “:
2630 4388 2651 4423 ι
2690 4373 2892 4430 Vereor
2925 4387 3109 4432 autem
3137 4394 3205 4432 ne
3230 4380 3375 4434 sicut

121 4457 298 4523 quin".
345 4472 637 4517 aeternam.
671 4464 872 4520 verum
904 4468 1034 4536 quia
1065 4470 1133 4523 de
1171 4469 1365 4540 gloria,
1401 4484 1461 4527 ιη
1512 4476 1693 4544 pomi-
1722 4496 1768 4553 Β
1796 4474 2020 4526 serpens
2042 4461 2206 4516 Evam
2235 4463 2449 4518 seduxit
2476 4475 2674 4521 astutia
2706 4471 2921 4534 sua,sic
2952 4483 3373 4541 corrumpantur

121 4560 255 4614 mus,
292 4552 671 4621 discussimus,
695 4558 972 4614 videamus
1001 4562 1133 4629 quid
1156 4572 1214 4616 et
1255 4564 1433 4620 honor
1466 4568 1689 4635 indicet,

122 4638 240 4703 quia
274 4645 364 4713 qui
424 4647 494 4701 all
524 4659 787 4704 aeternam
823 4653 988 4705 vitam
1039 4654 1319 4721 festinant,
1364 4673 1472 4712 non
1513 4661 1689 4714 solum

122 4730 370 4802 gloriam,
424 4740 519 4794 sed
566 4749 622 4796 et
667 4741 930 4798 honorem
980 4759 1251 4818 qumrunt.
1288 4748 1564 4819 Scriptum
1606 4765 1692 4809 est

1797 4568 1989 4608 sensus
2025 4556 2193 4610 vestri
2232 4572 2261 4608 a
2301 4557 2653 4627 simplicitate
2685 4560 2833 4623 ﬁdei,
2863 4575 2983 4630 quae
3003 4573 3088 4618 est
3121 4564 3174 4617 in
3206 4563 3371 4618 Chri-

1797 4658 1883 4703 sto
1910 4646 2059 4703 Jesu.
2094 4667 2114 4699 ι
2153 4648 2213 4704 Si
2243 4650 2365 4718 quis
2404 4666 2534 4718 ergo
2562 4652 2740 4714 abhis
2763 4671 2883 4724 qua:
2915 4670 3079 4725 supra
3131 4657 3371 4714 diximus

1798 4744 2065 4799 manserit
2094 4740 2325 4815 corpore
2347 4756 2404 4801 ct
2432 4748 2622 4817 spiritu
2660 4748 3027 4818 incorruptus,
3051 4749 3157 4805 iste
3182 4751 3369 4806 incor-

191 4918 300 5009 "ll
328 4925 577 5009 b0_l:..tt.l,_
607 4925 723 5009 Ἰτρ,
756 4926 847 5009 18_._
880 4929 926 5009 ξ
957 4929 1149 5009 Matth.
1170 4936 1354 5009 ηιμ-1
1369 4936 1451 5009 -5ἶ
1472 5008 1475 5009 ν
1497 4938 1540 4969 ³⁸
1575 4937 1681 4994 Exn

1856 4982 1867 5000 ,
1898 4940 1986 4995 '52.
2064 4939 2107 4969 ³¹
2135 4939 2173 4993 ιι
2200 4940 2376 4994 Paral.
2406 4956 2499 5004 vn,
2530 4940 2582 4993 1.
2660 4941 2705 4972 ³³
2729 4939 2894 4996 Hebr.
2923 4960 2959 5009 I,
2992 4943 3046 4996 5.
3124 4943 3169 4975 ³⁸
3194 4943 3211 4997 l
3241 4946 3366 5003 Cor.

126 4990 322 5082 mit.
368 4993 779 5082 fugiente.“
803 4998 849 5031 εδ
880 4990 1361 5082 Psat._5i.vm,_t's.
1436 5008 1479 5039 ³⁷
1511 4990 1681 5065 ιὶῶἧξ

1856 4990 2040 5065 ἰζ”θε
2083 4990 2373 5075 retin-2‘],
2400 4990 2499 5064 5ὸῖ
2536 4990 2611 5041 ’ἐν
2639 4990 2959 5080 suam:
2995 4990 3084 5082 1'7,
3131 4990 3225 5082 18',
3244 4990 3366 5074 “ta:

126 5055 168 5087 "°
191 5057 343 5116 .loan.
368 5079 422 5127 v,
449 5064 540 5119 25.
618 5066 663 5097 “
692 5069 712 5123 Ι
740 5068 864 5157 Cor.
897 5087 979 5138 ιιι,
1012 5055 1119 5127 17ί
1164 5055 1296 5131 ἶίἸΪ
1315 5055 1444 5133 Cor.

128 5210 719 5315 ξξξιξξξ-ξςτρέηξβεθι
754 5230 887 5313 editi
911 5270 928 5298 ,
966 5248 986 5283 ι
1014 5232 1167 5290 Nunc
1213 5236 1428 5304 quidem
1459 5237 1688 5308 gloriam
1793 5241 2015 5315 quaeet)
2043 5241 2366 5315 declaratur.
2394 5262 2419 5315 »γ
2441 5244 2761 5315 Βιώιιιιιιεα
2792 5244 2896 5301 Per
2916 5261 3035 5315 qua:
3069 5249 3361 5307 declarat.»

129 5291 181 5333 et
199 5284 662 5370 [inforruptionem
688 5284 1055 5370 requiramus.
1069 5284 1107 5355 ἶ

164 5353 442 5438 ,ν(57)-Μεῖ
458 5365 662 5436 Regius
701 5353 850 5424 uului.
879 5353 1047 5438 16M:
1072 5353 1099 5426 CV
1134 5375 1194 5432 Si
1250 5376 1398 5433 enim
1442 5379 1692 5435 ministe-

132 5432 661 5511 llugr‘damnationis
686 5441 740 5494 in
775 5441 948 5511 gloria
977 5432 1079 5501 est.
1111 5463 1130 5498 ι

454 5492 654 5579 Regius
669 5492 818 5566 non:
840 5492 1253 5588 lﬁgﬁjeadem
1273 5518 1529 5588 imagine,
1555 5530 1690 5575 ietc.

200 5563 335 5651 (ββζῖ),
357 5574 447 5651 δερ
478 5563 824 5637 omnem;
843 5563 1688 5651 siluiveroj'i'bEiZ'f'ﬁabaBKs

132 5638 176 5682 et
200 5637 375 5722 ξελξίξρ
398 5645 606 5722 veneta
631 5651 915 5722 Theophili
942 5637 1484 5722 δηιόιιῑέιήἰξῑϋῑὲίῖὶ

198 5702 304 5778 (59)
317 5708 393 5768 lta
409 5702 1437 5801 editi.Hss.—veronostvri,:Per
1453 5702 1553 5805 (ἀι.
1586 5728 1689 5786 Per

1868 5309 2031 5389 (6_0)'r
2053 5311 2222 5379 Quem
2272 5313 2521 5389 habebat.
2557 5332 2577 5365 ι
2615 5314 2738 5371 [hec
2775 5309 2971 5373 desunt
3013 5318 3068 5372 in
3098 5321 3282 5389 editis,
3314 5335 3369 5379 et

1797 5384 2159 5437 restituuntur
2185 5400 2251 5438 ex
2276 5385 2531 5440 omnibus
2558 5399 2692 5440 mss.

1869 5452 1981 5522 (61)
2016 5469 2036 5503 ι
2071 5455 2197 5534 Deo.
2226 5452 2560 5534 {AO-mittitur
2600 5456 2652 5510 in
2696 5456 2882 5534 editis,
2914 5466 2973 5510 et
3003 5457 3055 5512 in
3090 5460 3367 5534 plerisque

1800 5539 1953 5595 mss.,
1990 5524 2085 5577 sed
2120 5525 2425 5579 restituitur
2448 5542 2518 5580 ex
2546 5542 2679 5581 mss.
2714 5527 2883 5595 Hegio
2912 5543 3060 5581 num.
3090 5524 3256 5587 i659.

1867 5594 1987 5720 (69.3|
2014 5595 2104 5648 Sic
2134 5611 2263 5650 mss.
2294 5599 2483 5650 nostri.
2514 5596 2658 5667 Editi
2697 5594 2845 5661 vero,
2878 5597 2975 5661 al.,
3020 5616 3038 5649 ι
3067 5600 3239 5667 Quem
3278 5622 3370 5661 au-

1870 5683 1902 5718 ιι
1993 5679 2244 5720 onorem:
2279 5687 2296 5717 ι
2340 5665 2436 5720 δικ.
2475 5687 2493 5719 ι
2517 5668 2649 5720 Ouis
2698 5679 2878 5720 autem
2906 5670 3190 5720 honorem-
3220 5694 3237 5720 ι
3272 5679 3319 5720 al
3351 5716 3364 5720 -

1798 5676 1902 5744 tam
1935 5665 2245 5744 _bonorem;_
2279 5687 2296 5717 ι
2340 5665 2436 5732 δικ,
2475 5687 2493 5719 ι
2517 5666 2649 5733 Quis
2675 5679 2879 5743 .autem
2905 5665 3192 5743 honorem,
3220 5694 3237 5728 ι
3270 5679 3367 5744 aL,

1802 5756 1820 5790 ι
1847 5736 1982 5804 Quia
2013 5746 2197 5792 autem
2231 5739 2515 5795 honorem.
2536 5756 2558 5791 ι
