3684 6148
329 285 434 341 883

1775 278 2095 336 ORIGENIS
3467 283 3548 340 85

332 403 643 474 ruptionetn
685 415 930 472 quaerere
974 399 1198 466 dicitur,
1231 414 1338 470 quo
1379 397 1592 455 scilicet
1636 411 1734 468 per
1773 398 1919 453 hanc
1945 405 1992 462 Α
2021 396 2267 452 cusativo
2307 397 2644 468 protulisset,
2681 397 2726 451 si
2759 397 2812 451 id
2843 397 2908 451 ad
2953 397 3227 452 reddentis
3262 396 3354 452 Dei
3398 415 3550 469 persa-

331 495 699 550 ubservantiae
749 495 1244 562 incorruptionem,
1276 493 1422 547 illam
1468 505 1589 559 qua:
1631 506 1698 546 ex
1736 506 1917 546 resur-

332 590 574 645 rectione
598 600 681 644 est
705 589 1165 656 incorruptionem
1191 587 1448 656 consequi
1471 585 1589 656 (65)
1621 593 1912 639 mereatur.

334 683 476 749 Quid
537 692 718 737 autem
788 681 946 736 detur
993 681 1109 735 bare
1159 681 1564 751 requirentibus
1613 679 1914 736 videamus.

339 795 357 828 ι
387 775 532 840 Vita,
555 793 575 827 ι
629 774 837 842 inquit,
893 791 912 824 ι
936 782 1139 827 aeterna
1169 787 1184 826 :
1216 791 1236 824 ι
1299 772 1389 826 illa
1426 772 1491 827 de
1525 787 1632 842 qua
1664 771 1918 826 Salvator

335 867 514 930 docet,
545 879 671 918 cum
704 863 837 918 dicit
870 881 883 916 :
924 881 944 915 ι
972 861 1100 916 Haec
1130 872 1212 916 est
1243 873 1426 916 autem
1464 861 1571 916 vita
1595 870 1824 926 aeterna,
1858 871 1919 915 ut

335 963 670 1026 cognoscant
697 962 750 1008 te
779 954 954 1008 solum
987 967 1175 1007 verum
1221 952 1414 1019 Deum,
1446 961 1503 1007 et
1524 967 1684 1023 quem
1718 953 1916 1007 misisti

333 1044 517 1100 Jesum
559 1043 831 1101 Christum
860 1043 927 1097 ".
957 1061 977 1095 ι
1022 1043 1126 1097 Per
1183 1044 1330 1112 quod
1391 1043 1634 1098 ostendit
1667 1043 1721 1096 in
1764 1043 1916 1114 agni-

335 1138 484 1192 tione
508 1136 625 1203 Dei,
649 1149 702 1191 et
729 1135 934 1191 Christi
963 1133 1113 1201 Jesu,
1135 1134 1260 1189 vitae
1289 1145 1506 1190 aeternae
1537 1148 1759 1190 manere
1785 1134 1918 1189 sub-

337 1227 617 1282 stantiam.
658 1226 877 1296 Agnitio
907 1240 1038 1280 vero
1067 1225 1160 1279 Dei
1191 1227 1462 1293 quomodo
1495 1224 1684 1279 haberi
1720 1224 1914 1294 possit,

336 1321 598 1374 docemur
649 1319 705 1373 in
746 1317 998 1382 Psalmis,
1024 1333 1148 1371 cum
1181 1316 1386 1371 dicitur
1418 1316 1464 1347 ⁸⁵
1497 1333 1510 1370 :
1552 1335 1570 1367 ι
1609 1315 1829 1383 Vacate,
1863 1324 1918 1372 et

337 1412 619 1481 agnoscite
641 1411 896 1480 quoniam
930 1425 1030 1480 ego
1062 1426 1179 1464 sum
1211 1410 1372 1464 Dens.
1397 1427 1416 1461 r

409 1505 464 1563 6.
491 1523 510 1557 ι
535 1505 630 1562 llis
655 1516 834 1561 autem
861 1506 951 1574 qui
979 1518 1047 1559 ex
1065 1502 1436 1568 contentione,
1473 1511 1527 1556 et
1556 1502 1647 1571 qui
1672 1501 1920 1557 dillidunt

337 1593 554 1661 quidem
589 1596 832 1660 veritati,
857 1595 1234 1664 obtemperant
1268 1602 1453 1647 autem
1499 1592 1801 1660 iniquitati,
1837 1593 1916 1647 ira

339 1697 395 1740 et
432 1686 755 1756 indignatio,
783 1686 1062 1741 tribulatio
1109 1696 1165 1740 et
1214 1685 1466 1754 angustia
1489 1684 1552 1738 ⁸⁵.
1588 1704 1607 1737 ι
1643 1685 1745 1751 Qui
1781 1686 1914 1739 sim-

339 1780 556 1848 pliciter
589 1781 704 1835 haec
733 1780 956 1849 accipit,
981 1779 1229 1834 suliicere
1251 1779 1426 1833 credit
1455 1780 1520 1834 ad
1554 1780 1911 1843 intellectum,
1949 1803 1991 1856 Β

339 1873 638 1928 secundum
685 1871 802 1943 (64)
849 1887 913 1927 ea
944 1886 1064 1942 quae
1093 1887 1256 1942 supra
1305 1873 1450 1927 dicta
1480 1881 1642 1934 sunt,
1691 1871 1919 1925 reddere

344 1967 512 2020 Deum
547 1965 838 2034 unicuique
871 1964 1168 2018 secundum
1196 1977 1360 2032 opera
1386 1979 1483 2018 sua
1519 1980 1534 2016 :
1568 1963 1620 2016 id
1646 1970 1748 2024 est,
1781 1963 1921 2016 sicut

339 2059 472 2122 illis,
507 2057 598 2126 qui
631 2071 729 2126 per
766 2053 1087 2125 patientiam
1137 2054 1262 2107 boni
1298 2054 1476 2123 operis
1522 2063 1772 2123 quaerunt
1802 2053 1919 2121 glo-

339 2152 478 2204 riam
505 2149 642 2220 (65),
660 2158 716 2204 et
743 2147 1226 2216 incorruptionem,
1242 2147 1410 2200 vitam
1432 2147 1607 2200 reddit
1634 2155 1917 2213 aeternam;

342 2245 416 2296 ita
447 2251 503 2298 et
555 2241 674 2296 istis
701 2240 794 2310 qui
826 2254 891 2294 ex
921 2240 1271 2294 contentione
1299 2237 1553 2293 difﬁdunt
1581 2238 1795 2306 quidem
1825 2253 1919 2291 ve-

342 2335 515 2398 ritati,
541 2335 924 2402 obtemperant
971 2340 1153 2386 autem
1200 2329 1502 2401 iniquitati,
1535 2330 1670 2385 iram
1703 2340 1758 2385 et
1780 2330 1919 2385 indi-

341 2424 676 2493 gnationem,
711 2422 1118 2477 tribulationem
1146 2431 1201 2478 et
1232 2423 1540 2491 angustiam
1568 2421 1780 2476 reddat.
1815 2423 1918 2477 Sed

341 2518 436 2586 qui
465 2516 520 2571 in
549 2514 863 2587 apostolicis
889 2515 1108 2582 litteris,
1133 2529 1229 2585 per
1262 2518 1398 2584 quas
1429 2512 1540 2586 (66)
1563 2514 1815 2570 Christus
1838 2513 1918 2568 lo-

340 2613 547 2680 quitur,
593 2610 705 2665 iota
739 2624 929 2675 unum,
975 2619 1068 2664 aut
1117 2624 1282 2664 unum
1334 2608 1544 2678 apicem
1591 2622 1697 2662 non
1746 2607 1920 2662 credit

341 2698 576 2754 otiosum
604 2699 672 2766 ια,
699 2698 1038 2756 asseverabit
1071 2713 1180 2753 non
1233 2713 1332 2768 per
1370 2713 1610 2753 errorem
1659 2697 1921 2766 Apostolo

341 2791 640 2861 contigisse
663 2800 721 2845 ut
751 2791 844 2846 tali
864 2791 1136 2846 locutione
1167 2800 1432 2851 uteretur,
1452 2791 1640 2845 dicens
1663 2790 1707 2822 "
1735 2811 1747 2844 :
1778 2810 1796 2842 ι
1819 2791 1920 2858 Qui

345 2885 535 2940 reddet
581 2885 671 2940 his
708 2884 952 2954 quidem,
984 2884 1076 2953 qui
1101 2896 1196 2951 per
1221 2882 1542 2951 patientiam
1585 2883 1713 2938 boni
1739 2883 1921 2952 operis

342 2974 570 3046 gloriam
613 2985 666 3030 et
680 2976 941 3030 honorem
958 2985 1230 3044 quaerunt,
1247 2977 1414 3031 vitam
1429 2973 1593 3048 582
1608 2986 1882 3030 aeternam.
1899 2993 1919 3025 ι

343 3067 443 3124 llis
465 3082 594 3124 vero
623 3069 715 3140 qui
738 3085 806 3125 ex
824 3071 1167 3125 contentione
1199 3071 1579 3139 obtemperant
1623 3066 1919 3138 iniquitati,

2023 507 2150 546 nam
2193 491 2402 547 referre
2451 492 2738 548 voluisset.
2770 491 2922 559 Quod
2952 501 3008 546 et
3052 493 3105 546 in
3143 492 3266 546 aliis
3299 490 3550 560 Scriptura:

2021 582 2158 636 locis
2184 582 2440 637 similiter
2469 583 2790 653 intelligitur
2817 583 3125 652 designari,
3161 585 3306 638 sicut
3336 584 3384 636 in
3412 587 3550 653 primo

2023 673 2162 728 libro
2191 673 2534 743 Regnorum,
2560 674 2651 728 ubi
2672 673 2807 728 dicit
2837 674 3129 728 Dominus:
3161 692 3178 724 ι
3209 673 3554 731 Gloriftcantes

2020 779 2106 817 me
2159 762 2499 833 gloriﬁcabo,
2557 772 2873 832 spernentes
2919 776 3005 816 me
3051 761 3552 831 spernentur“.rln

2019 868 2127 922 quo
2163 854 2449 908 evidenter
2481 853 2791 908 ostenditur
2841 854 3024 908 dicere
3073 852 3335 908 Dominus
3364 867 3449 907 eos
3482 855 3554 921 qui

2019 947 2363 1016 gluriﬁcandi
2399 956 2549 1013 sunt,
2575 962 2672 1016 per
2704 963 2765 1002 se
2797 946 3212 1015 gloriﬁcandosi;
3249 946 3314 1001 de
3348 947 3426 1000 his
3454 961 3558 1000 vero

2019 1040 2112 1108 qui
2142 1038 2428 1108 spernendi
2471 1047 2618 1104 sunt,
2650 1053 2756 1092 non
2811 1037 3067 1093 retulisse
3111 1037 3178 1091 ad
3210 1051 3295 1102 se,
3315 1037 3404 1091 sed
3428 1037 3558 1092 abso-

2019 1131 2129 1187 lute
2159 1133 2382 1199 dixisse,
2409 1131 2537 1202 quia
2569 1141 2915 1201 Spernentur.
2953 1130 3009 1185 Si
3050 1131 3194 1185 enim
3228 1140 3287 1184 ut
3329 1132 3456 1185 bona
3483 1146 3558 1200 per

2021 1225 2370 1292 semetipsum
2400 1221 2733 1292 praestat,ita
2765 1231 2820 1276 et
2847 1221 2986 1276 mala
3012 1238 3110 1292 per
3131 1221 3468 1291 semetipsum
3493 1239 3563 1278 rc-

2022 1314 2284 1368 tribneret
2313 1312 2478 1380 Deus,
2501 1328 2843 1382 consequens
2865 1321 3006 1377 erat,
3031 1320 3088 1367 ut
3113 1327 3220 1380 quo
3248 1312 3402 1365 modo
3425 1313 3558 1376 dixit,

2025 1425 2046 1460 ι
2083 1406 2471 1463 Glorilicantes
2512 1422 2598 1462 me
2647 1406 3029 1476 glorilicabo,»
3093 1405 3168 1458 ita
3219 1404 3464 1458 diceret:
3511 1404 3562 1458 Et

2021 1508 2341 1566 spernentes
2401 1513 2485 1551 me
2524 1513 2798 1569 spernant.
2833 1497 2941 1553 Sed
2984 1505 3041 1552 et
3082 1497 3136 1550 in
3193 1496 3302 1550 alio
3337 1496 3564 1565 loco'per

2021 1591 2341 1658 prophetam
2375 1591 2551 1644 simile
2582 1590 2713 1659 quid
2743 1589 2957 1645 videtur
2989 1589 3202 1643 ostendi
3237 1590 3291 1643 in
3337 1603 3416 1653 eo,
3445 1589 3562 1658 quod

2024 1683 2078 1737 bi
2110 1684 2198 1752 qui
2225 1693 2356 1736 eunt
2385 1685 2437 1737 in
2469 1684 2646 1751 ignem
2676 1682 2816 1752 (68),
2852 1698 2960 1738 ιιοιι
2993 1697 3022 1734 a
3056 1682 3187 1748 Deo,
3215 1682 3311 1736 sed
3341 1698 3368 1734 a
3398 1691 3564 1736 semct-

2022 1777 2153 1846 ipsis
2202 1792 2323 1831 eum
2364 1777 2645 1831 inveniant
2691 1791 3002 1841 accensum,
3034 1778 3173 1831 sicut
3216 1777 3350 1832 dicit
3388 1775 3560 1832 lsaias:

2029 1887 2048 1919 ι
2084 1869 2157 1923 Ite
2191 1869 2244 1922 in
2278 1869 2484 1923 lumine
2516 1870 2656 1939 ignis
2695 1870 2883 1934 vestri,
2933 1880 2989 1922 et
3037 1868 3261 1922 ﬂamma
3294 1867 3402 1938 (69)
3430 1883 3562 1937 quam

2021 1961 2346 2015 accendistis
2375 1960 2441 2015 ω.
2482 1979 2504 2012 ι
2558 1961 2624 2015 Ει
2677 1971 2737 2016 ιιι
2786 1963 2964 2015 adhuc
3020 1961 3238 2026 planior
3280 1962 3462 2014 horum
3490 1964 3566 2013 liat

2022 2052 2298 2117 dissertio,
2321 2053 2593 2107 addentur
2619 2053 2785 2107 etiam
2812 2054 2925 2108 haec
2956 2067 2971 2104 :
3007 2052 3060 2106 Si
3090 2053 3215 2122 quis
3241 2063 3425 2107 contra
3453 2068 3562 2122 prae-

2021 2153 2237 2212 ceptum
2288 2145 2486 2199 medici
2521 2145 2754 2215 sumptis
2797 2145 3065 2201 malorum
3103 2145 3355 2201 ciborum
3395 2147 3560 2208 succis,

2022 2245 2077 2291 et
2101 2237 2346 2305 corporis
2368 2238 2584 2292 turbata
2624 2240 2903 2307 temperie,
2933 2240 3017 2292 vel
3049 2239 3232 2294 febres
3266 2239 3352 2293 vel
3395 2238 3564 2307 quosli-

2020 2329 2110 2382 bet
2173 2327 2544 2395 hujuscemodi
2597 2330 2892 2385 incurrerit
2944 2331 3182 2395 morbos,
3238 2340 3444 2385 certum
3498 2340 3565 2384 est

2020 2423 2164 2492 quod
2224 2437 2332 2478 non
2377 2437 2474 2492 per
2525 2424 2812 2487 medicum,
2853 2423 2946 2478 sed
2980 2439 3078 2493 per
3119 2424 3561 2493 intemperantiam

2022 2529 2174 2569 suam
2207 2524 2411 2583 pestem
2466 2516 2745 2584 languoris
2796 2517 3104 2584 acceperit;
3139 2515 3182 2570 si
3223 2529 3354 2570 vero
3403 2512 3564 2568 medici

2021 2617 2291 2677 praecepta
2334 2609 2649 2663 custodiens
2697 2609 2750 2662 in
2802 2610 3067 2678 sospitate
3098 2608 3382 2676 perduret,
3410 2605 3566 2674 utique

2020 2714 2120 2769 per
2147 2700 2417 2756 medicum
2454 2702 2664 2756 dicetur
2687 2702 2888 2757 habere
2920 2702 3150 2770 gratiam
3187 2699 3458 2755 sanitatis.
3474 2697 3566 2754 Hoc

2023 2807 2152 2862 ergo
2178 2794 2338 2848 modo
2371 2803 2770 2863 consequenter
2797 2793 3070 2848 videbitur
3100 2793 3249 2848 Deus
3274 2793 3386 2862 ipse
3409 2806 3494 2861 per
3519 2805 3565 2844 se

2022 2887 2250 2941 reddere
2283 2887 2575 2957 unicuique
2617 2888 2916 2942 secundum
2940 2901 3103 2955 opera
3145 2900 3272 2954 sua,
3305 2885 3565 2954 quaebona

2023 2988 2150 3034 sunt
2183 2998 2196 3033 :
2242 2980 2381 3034 mala
2410 2992 2589 3035 autem
2623 2981 2809 3035 venire
2844 2981 3214 3048 intelligentur
3245 2993 3353 3034 non
3399 2993 3426 3030 a
3459 2977 3562 3035 Deo.

2023 3073 2119 3127 sed
2143 3088 2209 3126 ex
2235 3074 2486 3142 pessimis
2516 3074 2951 3143 intemperantia:
2975 3074 3171 3138 succis,
3204 3082 3262 3126 et
3293 3071 3449 3126 cruda
3466 3084 3566 3140 pra-

341 3175 451 3216 rton
487 3160 644 3226 dixit,
677 3163 816 3215 iram
839 3171 886 3216 et
911 3160 1352 3233 indignationem,
1383 3171 1445 3216 ut
1481 3172 1534 3216 et
1565 3162 1669 3217 hoc
1713 3161 1920 3216 refera-
1947 3176 1991 3235 α
2023 3163 2188 3218 vitate
2227 3172 2527 3235 gestorum.
2550 3164 2751 3219 Verum
2799 3165 2981 3218 ethoc
3013 3167 3186 3233 ipsum
3225 3167 3370 3234 quod
3407 3165 3524 3218 dixit
3552 3182 3564 3214 :

343 3266 434 3311 tur
456 3256 524 3311 ad
553 3273 574 3307 ι
601 3256 809 3320 reddet,
840 3274 862 3307 ι
907 3257 1047 3325 quod
1080 3255 1330 3326 superius
1374 3256 1616 3322 dixerat;
1655 3256 1749 3312 sed
1797 3257 1872 3310 ait
1901 3274 1916 3312 :

346 3368 368 3398 ο
393 3348 478 3404 Ira
509 3357 565 3404 et
600 3348 926 3418 indignatio,
976 3349 1254 3404 tribulatio
1305 3357 1361 3403 et
1407 3349 1678 3420 angustia.
1714 3369 1733 3402 ι
1771 3348 1922 3406 Unde

345 3440 440 3508 qui
467 3440 731 3510 spiritalis
759 3450 864 3506 est,
913 3449 969 3496 et
1001 3440 1254 3510 intelligit
1281 3441 1411 3510 quid
1455 3440 1691 3511 Spiritus
1731 3440 1922 3510 loqua-

345 3545 436 3589 tur
465 3533 580 3606 (67)
612 3533 666 3590 in
699 3533 886 3600 Paulo,
915 3534 1048 3590 dicit
1079 3548 1185 3588 non
1214 3534 1330 3588 haec
1352 3533 1669 3604 Apostolum
1697 3546 1795 3604 per
1822 3535 1921 3587 im-

343 3627 618 3698 peritiam,
659 3627 755 3683 sed
790 3641 885 3696 per
911 3626 1152 3682 divinam
1203 3626 1451 3696 peritiam
1485 3625 1876 3694 conscripsisse
1904 3640 1918 3678 :

343 3719 558 3777 scilicet
591 3729 648 3774 ut
676 3735 774 3789 per
813 3719 926 3774 haec
959 3721 1272 3774 ostende-ret
1304 3734 1367 3772 ea
1417 3716 1634 3785 quidem
1681 3732 1799 3792 quae
1837 3732 1924 3772 se-

345 3812 588 3868 cundum
640 3811 954 3881 patientiam
1007 3809 1135 3865 boni
1176 3809 1358 3878 operis
1397 3808 1766 3885 qumrentibus
1810 3806 1924 3874 glo-

347 3905 486 3958 riam
516 3913 573 3959 et
616 3902 1084 3970 incorruptionem
1137 3901 1415 3956 reddenda
1453 3909 1598 3963 sunt,
1628 3914 1725 3968 per
1755 3900 1922 3954 Deum

347 3997 524 4063 reddi,
551 3997 604 4052 id
632 4007 714 4052 est
757 3997 927 4050 vitam
976 4003 1237 4050 aeternam
1267 4012 1280 4047 :
1315 4010 1376 4050 ea
1410 4009 1540 4048 vero
1570 4009 1690 4061 quae
1731 4007 1923 4048 conseo

343 4099 588 4160 quuntur
616 4103 711 4144 eos
733 4089 822 4158 qui
857 4102 954 4156 per
979 4087 1384 4142 contentionem
1432 4085 1676 4141 dillidunt
1703 4086 1921 4155 quidem

347 4183 593 4248 veritati,
643 4181 1020 4250 obtemperant
1076 4194 1207 4254 vero
1258 4179 1554 4249 iniquitati,
1593 4194 1701 4234 non
1749 4195 1779 4232 a
1815 4179 1923 4232 Deo

349 4276 491 4340 dari,
515 4274 673 4346 cujus
693 4275 835 4331 dona
886 4275 1069 4344 utique
1097 4274 1502 4345 permanentia,
1532 4282 1587 4328 et
1617 4274 1734 4342 ipso
1763 4272 1922 4341 digna

349 4377 522 4421 sunt:
555 4367 650 4422 sed
705 4381 775 4421 ex
825 4367 1212 4437 consequentia
1255 4376 1529 4438 gestorum
1577 4380 1797 4419 suorum
1837 4364 1924 4418 his

348 4465 445 4531 qui
478 4473 771 4534 operantur
806 4463 1033 4530 malum,
1081 4465 1165 4518 ira
1196 4473 1252 4518 et
1291 4463 1614 4533 indignatio,
1647 4461 1922 4516 tribulatio

2037 3274 2056 3308 ι
2088 3255 2189 3322 Qui
2243 3272 2310 3311 ex
2365 3257 2714 3312 contentione
2768 3255 3023 3312 difﬁdunt
3075 3257 3298 3326 quidem
3359 3257 3564 3317 veritati,

2023 3349 2400 3418 obtemperant
2454 3358 2635 3404 autem
2689 3348 3030 3417 iniquitati,»
3083 3346 3442 3402 indiscussum
3477 3361 3563 3399 non

2023 3439 2364 3495 omittamus.
2397 3440 2455 3495 ιιι
2487 3441 2572 3496 his
2611 3441 2756 3495 enim
2797 3439 3025 3509 singulis
3057 3439 3352 3509 languores
3379 3437 3564 3507 quidam

2025 3534 2220 3588 animae
2247 3534 2313 3587 ab
2361 3533 2617 3604 Apostolo
2663 3533 3038 3605 designantur,
3073 3548 3308 3603 quorum
3339 3529 3564 3585 medelam

2029 3625 2215 3680 nullus
2267 3627 2525 3696 inveniet,
2569 3627 2671 3682 nisi
2723 3628 2874 3696 prius
2914 3627 3233 3682 morborum
3288 3621 3564 3694 cognoverit

2029 3733 2250 3774 causas.
2279 3718 2348 3774 Et
2383 3720 2507 3774 ideo
2551 3720 2605 3774 in
2657 3720 2856 3774 divinis
2898 3718 3201 3788 Scripturis
3255 3717 3563 3788 aegritudines

2028 3811 2229 3866 animae
2265 3823 2624 3867 numerantur
2655 3823 2709 3867 et
2739 3813 2974 3866 remedia
3003 3812 3409 3872 describuntur,
3447 3817 3495 3860 ut
3523 3805 3563 3858 hi

2026 3906 2122 3974 qui
2163 3919 2223 3958 se
2265 3905 2580 3974 apostolicis
2630 3906 2971 3961 subdiderint
3016 3903 3326 3972 disciplinis
3369 3901 3492 3971 (70),
3512 3914 3564 3954 ex

2028 3996 2112 4050 his
2146 4011 2264 4066 qua:
2303 3996 2506 4065 scripta
2539 4005 2665 4052 sunt
2702 3997 2899 4066 agnitis
2939 3995 3294 4065 languoribus
3342 3991 3467 4055 suis,
3492 4004 3565 4041 cu-

2027 4089 2128 4144 rati
2159 4088 2372 4158 possint
2394 4089 2647 4143 dicereu
2679 4086 2886 4154 Lauda,
2919 4087 3102 4140 anima
3125 4100 3270 4152 mea,
3295 4082 3563 4139 Dominum,

2025 4182 2117 4252 qui
2141 4191 2300 4236 sanat
2322 4196 2511 4236 omnes
2534 4180 2826 4251 languorcs
2871 4191 2990 4235 tuos
3011 4179 3079 4232 "°.
3113 4197 3131 4229 ι
3171 4177 3323 4232 Unus
3365 4189 3482 4242 ergo
3514 4185 3563 4224 ex

2028 4273 2247 4328 caeteris
2281 4273 2475 4328 animae
2533 4273 2779 4342 languor,
2803 4271 3104 4340 etquidem
3137 4269 3425 4339 pessimus,
3459 4279 3563 4318 con-

2028 4365 2198 4420 tentio
2239 4380 2364 4421 esse
2398 4365 2738 4435 intelligenda
2770 4374 2872 4432 est,
2903 4377 2998 4432 per
3035 4378 3199 4434 quam
3255 4376 3414 4415 onme
3457 4369 3564 4426 opus

2030 4473 2253 4529 pravum
2289 4459 2520 4529 geritur.
2550 4459 2656 4513 Per
2689 4459 2834 4512 hanc
2874 4458 3110 4513 haereses
3154 4464 3465 4516 nascuntur,
3489 4463 3563 4518 per

349 4555 671 4622 etangustia
698 4555 824 4618 erit,
852 4554 1154 4610 secundum
1177 4569 1240 4608 ea
1272 4568 1392 4623 quae
1418 4553 1924 4608 thesaurizavernnt
1957 4552 2001 4607 D
2031 4550 2168 4603 banc
2193 4550 2514 4616 schismata,
2555 4558 2610 4604 et
2636 4549 2819 4604 omnia
2854 4547 3110 4604 scandala
3139 4547 3194 4601 in
3225 4545 3472 4601 Ecclesiis
3493 4556 3563 4611 ge-

347 4643 604 4715 eibiipsi.
631 4644 766 4700 Nam
818 4646 1006 4716 utique
1058 4645 1204 4700 sicut
1247 4645 1320 4699 ibi
1363 4663 1382 4695 ι
1423 4643 1589 4697 vitam
1617 4652 1873 4698 aeternam
1899 4661 1917 4694 r

344 4751 480 4792 casu
503 4739 817 4796 accusativo
846 4738 1170 4808 protulerat,
1203 4737 1278 4791 ita
1325 4745 1380 4793 et
1407 4737 1496 4791 hic
1532 4735 1667 4789 iram
1700 4746 1754 4790 et
1785 4735 1924 4790 indi-

346 4829 685 4898 gnationem,
714 4829 1237 4900 tribulationemque
1253 4840 1308 4884 ct
1335 4827 1638 4899 angustiam
1675 4841 1806 4882 casu
1831 4842 1923 4882 ac-

413 4957 459 4998 “
483 4955 642 5012 .loan.
669 4970 800 5020 xvu,
828 4955 883 5012 5.
991 4955 1039 4999 “t
1060 4955 1203 5009 Psal.
1235 4969 1359 5020 va,
1393 4955 1481 5008 ll.

346 5028 436 5083 '50.
503 5028 548 5059 ‘9
586 5027 693 5084 lsa.
729 5042 785 5092 L,
813 5027 900 5080 ll.

419 5163 533 5236 (65)
586 5163 660 5218 Ita
712 5178 843 5218 mss.
880 5162 1330 5236 plerique,editi
1379 5159 1745 5236 ct_llaba_nus.
1793 5159 1924 5216 Mss.

351 5232 482 5290 vero
511 5232 757 5304 quidam.
798 5251 818 5284 ι
845 5248 943 5303 per
969 5235 1108 5287 hanc
1137 5232 1568 5296 observantiam,
1598 5232 1774 5298 illam,
1806 5247 1928 5301 quae

349 5327 419 5361 ex
454 5306 860 5360 resurrectione
892 5315 996 5370 est,
1025 5304 1308 5370 consequi,
1334 5321 1352 5354 r
1393 5309 1500 5355 etc.

420 5376 533 5446 (64)
589 5395 608 5427 ι
642 5375 974 5431 Secundum.
1003 5394 1022 5426 ι
1059 5373 1220 5429 Deest
1265 5375 1319 5428 in
1374 5388 1505 5426 mss.
1555 5371 1724 5442 Regio
1770 5388 1921 5428 num.

353 5447 510 5500 1659.

423 5517 534 5583 (66)
569 5514 734 5581 Editi,
767 5535 786 5567 ι
810 5515 1066 5578 credunt,
1095 5514 1176 5570 vel
1197 5524 1445 5584 quaerunt
1467 5515 1714 5584 gloriam.
1741 5533 1761 5566 r
1789 5514 1918 5571 Mss.

353 5600 541 5639 omnes
572 5587 855 5652 omittunt,
890 5605 908 5637 ι
929 5586 1288 5644 credunt,vel.
1323 5605 1342 5638 ι

423 5654 540 5719 (66)
592 5655 665 5707 Ita
696 5655 1095 5711 Genebrardus.
1142 5657 1249 5710 Sed
1293 5656 1473 5710 caeteri
1519 5657 1644 5710 editi
1686 5667 1914 5722 et‘mss.

359 5725 526 5795 nosttj
555 5739 763 5795 attines,
803 5745 820 5776 ι
848 5742 944 5794 per
968 5743 1121 5795 quos.
1157 5747 1175 5777 υ

427 5790 539 5864 (679
556 5791 654 5848 Ms.
678 5790 882 5875 Regius,
905 5790 1053 5854 num.
1082 5797 1247 5874 1659.,
1280 5816 1298 5850 ι
1323 5799 1468 5875 quod
1492 5795 1722 5874 Spiritus
1746 5796 1926 5873 loqu'h

2031 4651 2317 4707 nerantur,
2357 4643 2484 4695 dum
2533 4643 2712 4711 Iniqui
2756 4641 2902 4710 apud
2949 4640 3277 4708 semetipsos
3308 4636 3562 4706 prudentes

2033 4745 2182 4798 sunt,
2211 4744 2266 4788 et
2293 4734 2346 4787 in
2387 4743 2682 4804 conspectu
2713 4750 2811 4790 suo
2843 4733 3120 4804 sapientes
3142 4733 3210 4797 ⁵³,
3247 4725 3491 4801 quidquid
3512 4720 3562 4775 li-

2032 4827 2213 4883 buerit
2246 4843 2343 4897 pro
2376 4828 2492 4897 lege
2522 4826 2824 4884 defendunt
2852 4845 2866 4883 :
2906 4837 2960 4885 et
2986 4827 3112 4883 inde
3154 4828 3215 4880 lit
3249 4837 3307 4879 ut
3331 4819 3561 4877 dillidatur

1558 4954 1604 4985 ⁵⁵
1635 4953 1793 5010 Rom.
1820 4969 1881 5016 ιι,
1918 4964 1920 4999 1

2045 4993 2058 5007 .
2135 4955 2180 4986 ἰε
2205 4954 2396 5012 Matth.
2430 4947 2489 5020 v,
2514 4955 2600 5011 i8.
2677 4953 2721 4985 ⁸⁷
2755 4953 2912 5013 Rom.
2943 4969 3012 5017 ll,_
3034 4952 3088 5020 6,
3122 4952 3176 5008 7.
3250 4951 3296 4982 ⁸⁸
3321 4951 3338 5005 Ι
3365 4947 3481 5015 Reg.
3510 4959 3557 5007 ll.

978 5025 1024 5057 ⁵⁰
1055 5025 1199 5081 Psal.
1229 5040 1327 5092 cu,
1354 5025 1410 5092 2,
1439 5025 1494 5078 3.
1569 5025 1611 5056 ⁵⁸
1646 5025 1750 5078 lsa.
1783 5039 1836 5089 v,
1862 5025 1952 5078 2i.

2033 5169 2145 5231 tur,
2170 5178 2189 5212 ι
2227 5169 2333 5214 etc.
2365 5157 2739 5231 Alter_Regius
2777 5176 2926 5215 num.
2983 5157 3142 5231 ltili),
3179 5176 3198 5210 ‹
3234 5156 3323 5227 qui
3360 5153 3556 5231 Spiritus

2029 5230 2339 5311 loquatum
2373 5239 2477 5286 etc.
2509 5225 2825 5287 Sed'caeteri
2857 5245 3010 5296 mss.,
3034 5225 3285 5284 [tabanus
3309 5237 3358 5282 et
3382 5225 3493 5278 cditi
3512 5233 3555 5271 ut

2027 5316 2082 5355 ll]
2121 5311 2290 5356 textu.

2101 5371 2218 5444 (68)
2251 5371 2351 5428 Ms.
2385 5374 2589 5444 Regius
2612 5389 2763 5429 num.
2793 5371 2951 5440 1659,
2983 5390 3012 5444 ξ
3038 5371 3182 5439 quod
3217 5368 3379 5438 iniqui
3399 5371 3551 5444 eunte-5

2027 5442 2083 5523 in
2113 5439 2312 5512 ignem.
2338 5463 2358 5523 ι
2399 5439 2593 5501 Caeteri
2634 5460 2766 5500 vero
2795 5439 2951 5508 mss.,
2982 5441 3238 5497 Rabanus
3277 5452 3330 5495 et
3365 5439 3476 5491 editi
3507 5443 3550 5482 ut

2027 5515 2081 5568 in
2109 5523 2298 5586 nostro
2326 5515 2502 5571 textu.
2704 5585 2707 5586 ν
2810 5582 2844 5586 _
2895 5584 2906 5586 _
3339 5579 3352 5586 _
3453 5576 3461 5586 .

2083 5584 2210 5665 _(69)
2249 5585 2328 5665 lita
2354 5603 2488 5642 mss.
2528 5596 2584 5642 et
2627 5582 3066 5665 editi.nRabantts
3113 5597 3262 5665 vero,
3297 5579 3424 5643 tlte,
3453 5572 3547 5636 illn-

2022 5656 2231 5709 minate
2258 5657 2414 5723 ignes
2438 5667 2672 5723 vestros,
2701 5667 2755 5711 et
2780 5656 3074 5718 ﬂammam,
3106 5675 3123 5706 ι
3157 5664 3256 5708 etc.

2096 5727 2210 5799 (70)
2243 5724 2656 5796 'Gcncbrardtts,
2691 5748 2710 5783 ι
2734 5725 3043 5807 discipulis,
3067 5748 3090 5777 ι
3125 5726 3283 5789 male,
