3684 6148
333 290 440 345 887

1774 288 2098 349 ORIGENIS
3502 291 3597 347 883

334 420 469 475 quos
508 404 627 477 ipse
655 406 788 462 dicit
817 407 869 461 in
896 407 1106 463 occulto
1133 405 1346 465 Iudaeos
1380 408 1449 476 '°,
1481 419 1652 466 restat
1677 420 1737 467 ut
1764 412 1917 468 (ἔνθε-
1943 423 1993 480 Α
2022 414 2075 469 in
2129 413 2249 469 loco
2301 421 2576 485 ponuntur
2610 414 2691 484 hi,
2723 434 2743 468 ι
2772 416 2865 486 qui
2915 430 2984 471 ex
3024 413 3401 476 contentione,
3441 412 3597 487 486

334 515 428 554 cos
466 500 699 572 gentiles
746 501 866 556 illos
892 502 1078 567 dicat,
1106 502 1198 572 qui
1248 503 1487 558 nondum
1545 504 1911 563 crediderunt.

336 588 444 647 Sed
480 592 751 661 quomodo
783 592 1074 662 Apostolus
1103 603 1308 649 tantam
1338 610 1486 664 spem
1512 594 1765 667 gentibus
1786 612 1920 653 non-

334 684 465 737 dum
516 686 866 741 credentibus
915 688 1097 757 ponit,
1143 704 1266 743 cum
1311 688 1685 745 ecclesiastica
1730 691 1918 762 regula

334 776 592 833 videatur
622 780 907 848 obsistere,
942 796 1063 852 quae
1095 783 1290 837 statuit
1318 793 1379 837 ut
1415 802 1436 836 ι
1477 785 1581 839 nisi
1611 785 1734 855 quis
1761 800 1921 840 rena-

338 878 425 925 tus
462 872 626 927 fuerit
659 888 726 926 ex
773 887 913 941 aqua
963 883 1016 928 et
1044 873 1247 943 Spiritu
1282 868 1473 931 sancto
1495 915 1512 941 ,
1545 892 1652 930 non
1692 895 1713 929 ι
1749 878 1919 946 possit

344 977 365 1011 ι
395 964 622 1019 introire
642 965 695 1019 in
718 980 942 1035 regnum
967 967 1228 1022 caelorum
1256 967 1302 1000 ’ί
1330 985 1346 1033 ;
1384 987 1403 1019 ι
1433 978 1487 1023 et
1512 970 1707 1024 iterum
1724 967 1918 1024 Petrus

343 1055 397 1109 in
431 1056 657 1111 Actibus
688 1056 1054 1126 apostolorum
1084 1059 1151 1113 de
1189 1058 1413 1114 Christo
1460 1061 1783 1129 pronuntiat
1831 1060 1916 1115 di—

344 1160 478 1202 cens
512 1164 528 1201 :
569 1166 589 1198 ι
625 1147 811 1217 Neque
839 1149 983 1203 enim
1031 1159 1114 1205 est
1162 1149 1306 1205 aliud
1337 1150 1506 1206 ullum
1563 1167 1759 1206 nomen
1812 1153 1915 1207 sub

344 1242 519 1305 ccelo,
564 1243 617 1297 in
651 1259 758 1313 quo
803 1254 1050 1314 oporteat
1080 1261 1181 1302 nos
1220 1247 1405 1304 salvos
1447 1249 1564 1304 lieri
1596 1249 1687 1303 ἐν
1724 1268 1743 1301 ι
1774 1249 1920 1317 Quo-

344 1334 506 1389 modo
531 1348 661 1405 ergo
691 1336 781 1390 hic
813 1346 1003 1406 gentes
1027 1337 1213 1407 gloriae
1231 1379 1247 1404 ,
1275 1348 1331 1394 et
1358 1339 1581 1395 honoris
1602 1380 1618 1404 ,
1666 1349 1722 1394 et
1762 1341 1916 1408 pacis

345 1427 585 1481 secundo
622 1437 744 1497 post
779 1424 997 1483 Iudaeos
1044 1429 1163 1485 loco
1188 1431 1484 1502 participes
1514 1432 1652 1487 facit
1677 1434 1768 1488 7'?
1807 1432 1915 1489 Sed

344 1518 627 1575 videamus
668 1535 737 1577 ne
773 1519 912 1576 forte
944 1522 1029 1574 illa
1061 1539 1181 1593 qua:
1210 1524 1350 1581 solet
1375 1526 1593 1581 bonitas
1613 1535 1667 1581 et
1690 1526 1917 1584 dulcedo

345 1612 440 1668 Dei
480 1615 739 1671 abscondi
786 1617 842 1670 in
893 1617 1201 1689 Scripturis
1238 1621 1443 1675 sanctis
1468 1663 1484 1688 ,
1512 1620 1719 1690 aliquid
1752 1621 1914 1677 etiam

343 1705 435 1761 hic
460 1707 715 1762 moliatur
734 1709 1031 1765 occultum.
1066 1711 1200 1767 Tres
1234 1714 1364 1768 mihi
1396 1714 1497 1769 hoc
1527 1713 1581 1768 in
1618 1714 1739 1769 loco
1765 1715 1916 1770 ordi-

2021 518 2077 562 et
2101 509 2194 578 qui
2218 507 2462 564 diﬂidunt
2489 510 2712 580 quidem
2736 509 2980 574 veritati,
3009 509 3400 576 obtemperant
3426 514 3595 560 autem

2021 597 2337 669 iniquitati;
2376 618 2396 652 ι
2434 601 2633 671 quibus
2667 620 2687 653 ι
2726 602 2807 657 ira
2842 614 2898 657 et
2944 600 3288 671 indignatio,
3329 598 3598 653 tribulatio

2020 698 2078 743 et
2102 690 2351 759 angustia
2384 689 2431 722 "
2467 710 2485 742 ι
2513 691 2802 758 imminet;
2847 692 2900 746 id
2937 702 3046 759 est,
3082 692 3232 746 omni
3257 691 3460 744 anima:
3477 706 3597 755 ope-

2019 782 2160 835 ranti
2196 779 2308 853 (81)
2339 782 2573 848 malum,
2610 782 2796 839 ludam
2830 784 3099 855 primum,
3135 793 3194 838 et
3239 781 3456 838 Grex-0.
3512 780 3598 836 llis

2018 883 2200 927 autem
2229 874 2433 929 eisdem
2473 875 2638 931 etiam
2683 876 2950 931 bonorum
3009 876 3304 931 retributio
3356 872 3523 929 tertio
3548 873 3597 926 in

2019 966 2140 1021 loco
2176 967 2293 1035 pari
2321 982 2443 1023 cum
2474 968 2823 1025 distinctione
2850 970 3208 1039 promittitur,
3258 981 3390 1022 cum
3436 965 3597 1020 dicit:

2023 1075 2044 1108 ι
2082 1055 2269 1113 Gloria
2315 1068 2533 1124 autem,
2570 1070 2624 1115 et
2669 1061 2842 1115 honor
2866 1100 2882 1124 ,
2927 1070 2982 1115 et
3027 1075 3133 1129 pax
3165 1058 3316 1113 omni
3349 1058 3598 1128 aperanti

2018 1145 2245 1215 bonum,
2275 1147 2462 1204 Iudaeo
2489 1149 2722 1218 primum
2755 1149 3019 1205 etGraaco
3043 1149 3114 1205 ⁸⁸.
3148 1168 3168 1202 ι
3208 1149 3396 1216 Quod,
3426 1160 3486 1202 ut
3505 1163 3600 1216 ego

2018 1255 2219 1311 capere
2252 1257 2495 1311 possum,
2527 1245 2594 1299 de
2619 1242 2847 1309 Judzeis,
2875 1255 2930 1298 et
2958 1245 3215 1314 gentibus
3240 1244 3401 1307 dicit,
3436 1243 3598 1297 utris-

2018 1345 2125 1400 que
2151 1334 2391 1386 nondum
2419 1334 2790 1389 credentibus.
2834 1332 3021 1387 Potest
3054 1335 3199 1388 enim
3233 1333 3352 1386 fieri
3379 1373 3398 1401 ,
3436 1344 3494 1385 ut
3522 1332 3600 1385 vel

2018 1437 2086 1476 ex
2111 1421 2197 1476 his
2232 1422 2323 1492 qui
2357 1422 2410 1477 in
2444 1420 2590 1494 Lege
2615 1433 2744 1479 sunt
2765 1465 2781 1490 ,
2829 1425 2875 1479 si
2909 1427 3033 1493 quis
3077 1424 3437 1492 persuasione
3486 1424 3601 1491 ψιε-

2018 1514 2139 1566 dem
2189 1514 2466 1570 communi
2525 1514 2640 1586 (82)
2683 1514 2901 1570 Christo
2946 1529 3054 1570 non
3109 1514 3601 1584 credit,operetur

2019 1616 2198 1662 tamen
2230 1610 2373 1678 quod
2404 1610 2605 1664 bonum
2628 1620 2735 1677 est,
2760 1608 3027 1680 justitiam
3057 1620 3260 1675 teneat,
3291 1610 3598 1665 misericor-

2015 1701 2159 1756 diam
2182 1702 2393 1773 diligat,
2417 1703 2723 1758 castitatem
2748 1713 2803 1758 et
2821 1704 3212 1758 continentiam
3241 1716 3452 1769 servet,
3482 1721 3594 1759 mo-

345 1811 442 1851 nes
500 1798 695 1853 t'ecisse
735 1802 950 1856 videtur
999 1802 1310 1872 Apostolus.
1349 1804 1534 1860 Primo
1579 1805 1721 1861 enim
1786 1806 1918 1861 dicit
1946 1793 1992 1852 Β
2019 1794 2249 1849 άθδιίθίη
2290 1795 2678 1866 Ιειιίιειιεωίιυθ
2710 1795 2981 1851 οιιεῐοάίθι
3006 1837 3022 1862 ν
3050 1804 3215 1866 αιψιθ
3254 1811 3424 1850 omne
3466 1812 3597 1862 ODUS

344 1888 414 1942 de
467 1889 573 1956 his,
636 1909 655 1943 ι
694 1893 787 1961 qui
839 1895 1134 1949 secundum
1175 1896 1495 1965 patientiam
1546 1896 1674 1952 boni
1734 1898 1916 1967 operis

343 1979 595 2048 gloriam,
623 1993 679 2037 et
704 1985 991 2051 honorem,
1014 1996 1069 2042 et
1092 1988 1552 2058 incorruptionem
1581 1999 1855 2060 quaerunt,
1888 2010 1909 2044 ι

343 2073 486 2139 quod
521 2074 653 2144 ipsis
685 2078 864 2132 reddit
900 2078 1043 2135 Deus
1084 2099 1105 2128 σ
1150 2082 1316 2135 vitam
1357 2091 1616 2137 maternam
1642 2082 1711 2139 ".
1750 2103 1771 2137 ι
1814 2083 1917 2138 Pa-

344 2164 589 2220 tientiam
625 2178 825 2233 ,autem
877 2171 1001 2226 boni
1029 2173 1213 2241 operis
1269 2174 1320 2227 in
1379 2173 1487 2229 illis
1532 2189 1655 2231 esse
1702 2188 1913 2232 certum

344 2257 830 2328 est.quiagones,
879 2273 938 2316 et
965 2265 1265 2318 certamina
1318 2264 1596 2333 perferunt
1651 2269 1911 2333 pietatis:

345 2349 492 2414 quod
538 2364 703 2419 supra
750 2355 1105 2422 exposuimus
1150 2357 1432 2411 evidenter
1476 2360 1542 2413 de
1585 2359 1915 2417 Christianis

346 2438 452 2493 dici
489 2438 621 2519 (78),
673 2446 813 2513 apud
857 2462 993 2515 quos
1044 2455 1316 2517 martyres
1360 2449 1515 2504 ﬁunt.
1561 2450 1830 2507 Probatur
1862 2453 1912 2507 id

345 2530 510 2584 etiam
552 2546 650 2600 per
698 2535 801 2590 hoc
845 2538 987 2605 quod
1019 2536 1277 2593 Dominus
1331 2541 1463 2595 dicit
1513 2542 1581 2596 ad
1611 2544 1912 2611 apostolos,

347 2621 471 2688 quia
500 2640 520 2674 ι
562 2624 970 2683 tribulationem
1014 2630 1287 2687 habebitis
1333 2632 1386 2687 in
1433 2634 1535 2689 hoc
1579 2637 1813 2703 mundo,
1859 2647 1915 2693 et

345 2715 580 2769 mundus
609 2719 976 2788 gratulabitur
998 2763 1013 2787 ,
1046 2737 1140 2777 vos
1165 2732 1345 2778 autem
1372 2724 1623 2795 lugebitis
1650 2728 1697 2759 "
1733 2745 1747 2783 :
1790 2747 1810 2782 ι
1857 2738 1915 2785 et

345 2803 552 2861 addidit
576 2819 699 2876 post
726 2824 898 2878 pauca
935 2831 947 2865 :
980 2831 1001 2865 ι
1045 2813 1098 2867 ln
1131 2815 1391 2883 patientia
1439 2829 1618 2872 vestra
1661 2820 1913 2889 acquire-

344 2894 414 2949 tis
452 2896 665 2953 animas
710 2911 921 2956 vestras
948 2903 1021 2955 ⁷⁸.
1071 2922 1091 2954 ι
1151 2904 1591 2961 Christianorum
1646 2923 1777 2979 ergo
1829 2922 1916 2966 est

341 3001 650 3054 pressuram
681 2993 792 3060 pati
818 2992 873 3047 in
904 2994 1007 3049 hoc
1041 2997 1270 3060 saeculo,
1317 3007 1374 3052 et
1424 2999 1645 3068 lugere,
1678 3017 1910 3071 quorum

341 3088 425 3134 est
456 3081 564 3135 vita
605 3092 831 3139 aeterna.
859 3085 924 3141 Et
950 3088 1030 3142 vis
1078 3091 1221 3145 scire
1264 3093 1409 3161 quod
1459 3094 1656 3150 nullius
1686 3106 1769 3151 est
1804 3098 1911 3151 vita

2019 1885 2132 1958 (85)
2159 1886 2358 1943 bonum
2391 1898 2670 1957 operetur,
2703 1887 2791 1943 hic
2818 1890 3030 1944 etiamsi
3062 1891 3227 1942 vitam
3275 1904 3386 1944 non
3434 1888 3595 1942 habet

2017 1990 2277 2035 aeternam
2298 2024 2314 2045 ,
2349 1982 2473 2050 quia
2518 1982 2748 2037 credens
2778 1980 2880 2036 soli
2903 1996 3033 2035 vero
3066 1981 3197 2046 Deo,
3219 1995 3331 2034 non
3364 1980 3593 2035 credidit

2017 2085 2071 2128 et
2094 2073 2235 2128 Filio
2260 2073 2378 2143 ejus
2409 2071 2539 2127 Jesu
2582 2073 2806 2128 Christo
2844 2087 3005 2142 quem
3042 2072 3225 2137 misit,
3266 2080 3457 2125 tamen
3483 2074 3596 2141 glo-

2017 2165 2099 2220 ria
2121 2180 2347 2235 operum
2368 2165 2511 2236 ejus,
2540 2174 2591 2219 et
2619 2180 2747 2234 pax,
2774 2177 2828 2219 et
2853 2165 3027 2219 honor
3046 2165 3244 2233 poterit
3267 2179 3376 2218 non
3401 2164 3596 2234 perire.

2018 2255 2122 2312 Sed
2147 2266 2202 2311 et
2233 2254 2456 2312 Graecus
2483 2296 2499 2321 ,
2526 2256 2581 2312 id
2610 2264 2694 2311 est
2718 2255 2939 2327 gentilis
2960 2296 2976 2321 ,
3022 2258 3066 2312 si
3095 2271 3219 2310 cum
3252 2254 3374 2325 (84)
3430 2254 3593 2324 legem

2016 2367 2124 2406 non
2156 2351 2373 2415 habeat,
2404 2354 2519 2420 ipse
2575 2349 2679 2405 sibi
2724 2359 2809 2405 est
2846 2349 2954 2417 lex,
2994 2351 3291 2405 ostendens
3311 2365 3454 2419 opus
3474 2349 3599 2418 legis

2019 2443 2072 2496 in
2113 2442 2277 2498 corde
2309 2443 2492 2508 suo",
2534 2443 2838 2497 etnaturali
2880 2443 3092 2497 ratione
3133 2444 3424 2508 immotus,
3462 2444 3598 2496 sicut

2015 2534 2263 2589 videmus
2306 2533 2593 2589 nonnullos
2638 2534 2693 2588 in
2742 2534 3017 2603 gentibus,
3068 2532 3458 2602 veljustitiam
3513 2543 3588 2588 te-

2016 2637 2160 2691 neat,
2195 2625 2280 2682 vel
2302 2626 2607 2681 castitatem
2631 2636 2833 2694 servet,
2868 2626 2952 2681 vel
2978 2626 3350 2696 prudentiam,
3389 2636 3593 2695 tempe-

2016 2719 2287 2783 rantiam,
2338 2717 2774 2787 modestiamque
2824 2717 3139 2772 custodiat:
3174 2716 3281 2771 iste
3304 2715 3438 2771 licet
3470 2714 3598 2769 alie-

2015 2827 2118 2866 nus
2150 2826 2181 2866 a
2212 2812 2321 2865 vita
2348 2809 2601 2874 videatur
2618 2819 2847 2875 aeterna,
2873 2809 3002 2877 quia
3034 2823 3141 2863 non
3160 2808 3337 2863 credit
3360 2808 3594 2871 Christo,

2015 2914 2072 2959 et
2103 2903 2313 2958 intrare
2341 2918 2448 2958 non
2490 2901 2664 2971 possit
2696 2902 2749 2955 in
2782 2916 3009 2971 regnum
3038 2902 3325 2965 cmlorum,
3361 2900 3491 2970 quia
3520 2916 3596 2953 re-

2017 3006 2175 3051 natus
2217 3010 2322 3049 non
2361 3004 2444 3049 est
2486 3008 2555 3049 ex
2598 3009 2738 3063 aqua
2762 3005 2818 3048 et
2866 2992 3075 3062 Spiritu
3124 2992 3195 3058 ⁸³,
3248 2992 3474 3047 videtur
3524 3002 3597 3044 ta-

2016 3105 2140 3144 men
2171 3087 2283 3160 (85)
2318 3087 2463 3157 quod
2497 3102 2594 3157 per
2625 3088 2740 3141 haec
2769 3101 2890 3157 qua:
2917 3085 3173 3140 dicuntur
3204 3085 3274 3140 ab
3311 3086 3594 3155 Apostolo,

340 3183 571 3239 acterna,
621 3176 726 3231 nisi
774 3178 893 3246 ejus
942 3180 1033 3249 qui
1087 3182 1279 3236 credat
1327 3185 1379 3237 in
1414 3183 1737 3243 Christum?
1772 3189 1912 3243 Audi
1939 3162 1981 3218 δ
2018 3183 2284 3237 bonorqu
2310 3194 2535 3249 operum
2562 3179 2790 3250 gloriam
2815 3218 2833 3244 θ
2878 3189 2933 3233 ει
2972 3179 3233 3233 honorem
3262 3218 3278 3242 ο
3317 3187 3380 3231 ει
3412 3192 3595 3248 Pacem

343 3263 644 3321 Salvatoris
676 3267 844 3338 ipsius
871 3285 1057 3326 vocem
1092 3273 1369 3329 evidenter
1400 3276 1456 3330 in
1490 3275 1797 3349 Evangeliis
1824 3280 1913 3335 de-

342 3360 648 3430 signautem
685 3384 698 3417 :
733 3382 753 3416 ι
794 3363 918 3419 Haec
964 3376 1046 3422 est
1084 3377 1266 3422 autem
1299 3370 1409 3425 vita
1439 3380 1677 3437 :eterna,
1721 3382 1781 3427 ut
1818 3389 1910 3429 co-

342 3461 611 3519 gnoscant
663 3463 714 3509 te
763 3456 935 3511 solum
964 3472 1151 3512 verum
1194 3458 1394 3526 Deum,
1427 3470 1483 3516 et
1514 3477 1673 3531 quem
1710 3464 1908 3519 misisti

337 3541 527 3599 Iesum
557 3545 834 3603 Christum
862 3550 926 3602 ⁷⁷.
960 3569 978 3601 ι
1036 3548 1226 3606 Omnis
1261 3566 1395 3619 ergo
1429 3553 1522 3623 qui
1559 3569 1665 3608 non
1694 3558 1914 3625 agnovit

338 3634 559 3693 Patrem
592 3640 769 3694 solum
802 3655 986 3696 verum
1016 3641 1207 3708 Deum,
1247 3653 1303 3699 et
1330 3644 1524 3699 Filium
1560 3648 1697 3714 ejus,
1727 3646 1911 3703 Jesum

340 3728 639 3795 Christum,
672 3732 881 3788 alienus
906 3743 988 3788 est
1009 3733 1077 3789 ab
1105 3735 1409 3790 aeternitate
1432 3737 1581 3791 vitae.
1613 3736 1737 3792 Haec
1764 3741 1912 3793 enim

340 3818 455 3888 ipsa
473 3822 679 3892 agnitio
698 3833 755 3877 et
775 3822 907 3879 ﬁdes
920 3825 1027 3878 vita
1053 3838 1176 3881 esse
1199 3826 1513 3895 designatur
1541 3837 1766 3882 aeterna.
1817 3828 1913 3884 Est

338 3912 503 3983 igitur
523 3915 728 3984 primus
767 3916 879 3988 (79)
906 3918 993 3973 hic
1034 3918 1474 3974 Christianorum
1511 3919 1681 3984 locus,
1713 3923 1913 3991 quibus

337 4016 439 4071 per
463 4006 779 4071 patientiam
818 4008 947 4063 boni
989 4010 1173 4078 operis
1211 4009 1476 4079 gloriam,
1526 4020 1581 4067 et
1625 4014 1909 4080 honorem,

340 4104 398 4150 et
429 4097 894 4168 incorruptionem
926 4105 1295 4171 quaerentibus
1326 4107 1434 4160 vita
1480 4116 1684 4161 :eterna
1720 4109 1913 4164 redde-

339 4199 430 4244 tur
461 4190 530 4257 ",
559 4192 646 4247 illa
673 4194 792 4249 sine
823 4195 984 4251 dubio
1010 4198 1103 4266 qui
1131 4200 1263 4255 dicit
1291 4216 1306 4252 :
1349 4220 1368 4252 ι
1400 4200 1513 4272 Ego
1531 4217 1651 4256 sum
1680 4204 1791 4269 via,
1822 4219 1913 4260 ve-

341 4283 501 4349 ritas,
529 4292 585 4340 et
609 4286 716 4339 vita
744 4287 812 4340 7°.
853 4306 873 4339 ι
903 4288 958 4341 In
985 4287 1205 4345 Christo
1228 4301 1430 4357 autem,
1455 4294 1548 4361 qui
1579 4294 1686 4348 vita
1711 4303 1912 4349 aeterna

339 4383 444 4442 est,
476 4377 740 4432 bonorum
767 4379 1006 4433 omnium
1044 4391 1129 4435 est
1173 4382 1454 4451 plenitudo
1480 4384 1615 4454 (80).
1660 4385 1910 4442 Secundo

2017 3273 2251 3342 perdere
2280 3273 2497 3343 penitus
2528 3286 2636 3326 non
2665 3271 2856 3340 possit.
2911 3269 2968 3323 Si
3004 3268 3149 3323 enim
3184 3268 3494 3322 secundum
3538 3280 3594 3319 ea

2016 3382 2136 3437 quae
2167 3366 2222 3420 in
2269 3363 2646 3435 superioribus
2675 3361 3061 3425 disseruimus,
3110 3361 3325 3415 videtur
3357 3359 3594 3429 Aposto-
3680 3366 3681 3401 ι

2015 3461 2100 3515 lus
2126 3460 2490 3514 condemnare
2512 3455 2776 3526 gentiles,
2824 3469 2892 3509 ex
2923 3468 2989 3509 eo
3035 3453 3179 3524 quod
3224 3452 3469 3507 naturali
3518 3452 3593 3506 in-

2016 3551 2314 3623 telligentia
2337 3565 2463 3604 cum
2492 3546 3082 3620 cognovissentDeum,
3120 3560 3226 3600 non
3246 3546 3395 3599 sicut
3426 3543 3592 3599 Deum

2014 3640 2578 3716 magnilicaverunt“,
2593 3640 2863 3710 quomodo
2882 3655 2987 3693 non
3007 3648 3258 3708 putamus
3269 3638 3418 3708 quod
3432 3637 3591 3691 etiam

2015 3734 2330 3790 collaudare
2360 3748 2453 3788 cos
2478 3731 2684 3802 possit,
2714 3739 2769 3784 et
2816 3731 3049 3795 debeat,
3080 3729 3124 3784 si
3155 3730 3247 3799 qui
3305 3728 3362 3783 in
3395 3728 3480 3783 his
3502 3743 3592 3782 co-

2013 3835 2338 3897 gnoscentes
2364 3826 2557 3890 Deum,
2603 3823 2745 3880 sicut
2776 3822 2942 3876 Deum
2995 3821 3386 3892 inagnilicent?
3425 3820 3589 3875 Dubio

2015 3920 2117 3973 tari
2169 3920 2335 3989 igitur
2391 3934 2498 3972 non
2541 3928 2672 3987 puto
2724 3917 2867 3986 quod
2915 3916 2961 3970 is
3002 3915 3095 3985 qui
3128 3931 3227 3986 pro
3259 3914 3406 3969 malo
3431 3929 3589 3985 opere

2014 4011 2366 4067 condemnari
2395 4011 2708 4076 meruisset,
2746 4010 2885 4065 idem
2915 4010 2959 4064 si
2989 4019 3247 4079 operatus
3273 4018 3425 4064 esset
3458 4024 3587 4079 opus

2015 4105 2214 4160 bonum
2246 4102 2382 4175 (86),
2414 4104 2850 4157 remuneratione
2876 4101 3000 4156 boni
3038 4102 3221 4172 operis
3266 4102 3467 4171 dignus
3505 4103 3590 4155 ha-

2014 4197 2255 4252 beretur.
2288 4197 2448 4252 Vides
2476 4198 2621 4251 enim
2654 4195 3263 4265 dicentemApostolum
3291 4194 3435 4265 (87),
3465 4196 3582 4265 quia

2020 4305 2041 4340 ι
2080 4304 2271 4344 omnes
2313 4304 2411 4344 nos
2453 4298 2599 4343 stare
2637 4297 2855 4357 oportet
2886 4300 3015 4341 ante
3074 4287 3314 4341 tribunal
3365 4288 3583 4349 Christi,

2016 4393 2076 4439 ut
2119 4394 2364 4455 reportet
2418 4387 2791 4456 unusquisque
2829 4383 3050 4453 propria
3100 4380 3348 4450 corporis
3373 4421 3392 4447 ,
3430 4390 3588 4450 prout

410 4541 457 4573 "
492 4540 650 4598 Rom.
689 4559 750 4605 Il,
784 4542 875 4600 29.
950 4545 994 4575 '”
1034 4541 1189 4599 Joan.
1235 4562 1314 4609 Ill,
1349 4548 1400 4602 5.
1477 4550 1521 4580 ⁷²
1558 4550 1891 4611 Acl.tv,12.

2087 4563 2201 4602 .om.
2235 4562 2290 4609 ll,
2317 4545 2406 4601 10.
2479 4546 2528 4578 ⁷⁸
2559 4548 2691 4601 ibid.
2724 4546 2777 4600 7.
2851 4544 3059 4600 “Joan.
3081 4544 3310 4609 "1,20.
3388 4542 3434 4574 "
3452 4541 3580 4598 Luc.

339 4627 454 4682 nt,
484 4612 596 4684 19.;
647 4612 862 4669 "Joan.
898 4630 1029 4671 rvit.
1054 4615 1107 4684 5.
1186 4618 1230 4650 ⁷⁸
1254 4618 1411 4672 Rom.
1446 4634 1505 4684 η,
1539 4621 1591 4677 7.

339 4684 427 4737 15.
502 4682 549 4715 ⁸³
570 4682 726 4741 Joan.
754 4701 834 4751 ιιι,
874 4686 927 4740 5.
996 4684 1043 4716 ⁸⁸
1066 4683 1222 4741 Rom.
1248 4702 1287 4756 ι,
1311 4689 1401 4743 2t.

1688 4620 1731 4652 ⁷³
1748 4618 1904 4676 Joan.

2094 4620 2149 4673 6.
2225 4618 2272 4650 ⁸⁸
2309 4617 2468 4671 Rom.
2511 4633 2571 4684 II,
2609 4618 2663 4683 8,
2696 4618 2752 4673 9.
2827 4618 2871 4648 ⁸¹
2894 4617 3031 4672 ibid.
3068 4617 3160 4669 10.
3234 4615 3283 4645 ⁸⁸
3327 4613 3462 4669 ibid.
3502 4613 3580 4675 11,

409 4775 525 4849 (78)
551 4776 712 4843 Editi,
738 4797 755 4829 ι
786 4779 927 4847 quod
956 4792 1118 4847 supra
1150 4779 1389 4835 diximus
1411 4789 1465 4835 et
1492 4781 1907 4849 exposuimus...
1941 4783 1986 4838 D
2016 4775 2208 4849 Caneri
2242 4789 2373 4829 vero
2403 4774 2533 4849 editi
2554 4784 2611 4828 et
2634 4788 2740 4828 ms.
2765 4788 2903 4827 unus
2923 4788 2938 4837 ;
2957 4771 3054 4839 al.,
3083 4792 3102 4824 ι
3132 4774 3532 4841 commonitus;
3558 4794 3577 4826 ι

340 4848 481 4920 apu_d
514 4862 650 4916 quos
681 4861 951 4920 martyres
987 4850 1235 4920 iuerint:
1280 4868 1299 4901 ι
1373 4852 1465 4905 sed
1527 4848 1717 4906 omnes
1770 4866 1902 4907 mss.

339 4917 396 4991 et
428 4917 774 4991 Rabanusut
810 4917 874 4991 in
897 4928 1067 4991 textu.
1105 4919 1312 4991 Deinde
1344 4936 1475 4991 mss.
1508 4923 1774 4991 plerique,
1804 4922 1906 4975 lla-

338 4988 516 5062 banus
540 4997 595 5043 et
618 4989 819 5062 editi,_«
849 4988 1121 5062 Probatur
1147 5009 1168 5040 ι
1195 4990 1295 5062 (al.
1320 5011 1337 5042 ι
1364 4988 1693 5062 Prohantur)
1725 5001 1905 5062 autem

339 5061 713 5133 etiam,_getc.
766 5058 880 5133 Sed
923 5060 1129 5133 rectior
1156 5061 1369 5133 videtur
1411 5063 1576 5116 lectio
1608 5058 1713 5118 ms.
1749 5061 1903 5133 Regii

340 5145 494 5183 num.
521 5127 679 5196 1659,
718 5148 738 5180 ι
769 5130 1027 5197 probatur
1052 5130 1103 5184 id
1134 5132 1317 5193 etiam,
1350 5153 1369 5183 ι
1405 5143 1515 5189 etc.

409 5198 522 5271 (79)
556 5201 634 5255 lta
682 5199 835 5266 editi,
878 5210 935 5255 et
978 5200 1061 5271 sic
1087 5200 1387 5271 legendum
1424 5204 1657 5257 videtur.
1702 5202 1905 5258 Omnes

338 5268 522 5395 :ameu
554 5286 687 5328 mss.
711 5271 885 5326 nostri
913 5279 969 5325 et
999 5268 1281 5339 Rabanus,
1306 5285 1419 5329 test
1447 5274 1609 5344 igitur
1637 5274 1907 5345 plurimus

357 5356 447 5395 uc.
470 5359 489 5393 ι
516 5351 624 5395 etc.

357 5356 447 5406 uc,
470 5359 489 5393 ι
516 5351 624 5398 etc.

408 5411 522 5485 (80)
569 5413 740 5478 Alias,
793 5432 813 5465 ι
859 5414 1129 5468 bonorum
1175 5416 1350 5471 omnis
1395 5427 1477 5471 est
1524 5413 1830 5485 plenitudo,
1879 5434 1900 5468 ο

337 5484 469 5536 editi
503 5486 761 5539 omittunt
782 5503 801 5536 ι
826 5495 932 5540 est.
966 5503 987 5537 ι

409 5554 524 5626 (81)
548 5553 646 5611 Ms.
678 5554 879 5626 Regius
914 5572 1065 5610 num.
1100 5556 1263 5625 1659,
1302 5575 1321 5608 ι
1354 5557 1502 5610 omni
1537 5557 1744 5611 homini
1776 5572 1906 5626 ope-

339 5624 508 5689 ranti,
557 5643 575 5674 ι
620 5635 730 5681 etc.
760 5624 872 5680 Sed
921 5627 1105 5681 caueri
1137 5624 1265 5683 mss.
1312 5638 1367 5682 et
1395 5628 1525 5682 editi
1564 5637 1622 5681 ut
1653 5627 1706 5681 in
1736 5624 1907 5682 textu.

341 5688 617 5765 “abantis,
644 5710 948 5765 perperam,
977 5715 997 5747 ε
1028 5699 1175 5751 οηιηί
1210 5699 1263 5752 in
1297 5713 1383 5751 tne
1424 5699 1699 5765 operanti,‘
1730 5718 1749 5749 ι
1798 5709 1906 5753 etc.

413 5760 524 5829 (δὲ)
561 5760 659 5820 δῖοί
685 5760 818 5823 mas.
857 5769 1126 5839 plerique,
1157 5767 1415 5825 [tabanus
1460 5760 1514 5823 et
1558 5760 1906 5825 Salodianus.

2014 4848 2109 4908 al.,
2139 4864 2159 4897 ι
2188 4846 2578 4901 communitus.
2603 4862 2624 4896 ›

2085 4914 2197 4989 (8ξ)
2239 4933 2260 4989 g
2294 4913 2466 4986 Opus.
2499 4914 2604 4989 a_|n
2636 4912 2804 4989 editis
2836 4913 3125 4989 omittitur.

2085 4982 2201 5058 (84)
2238 4982 2469 5058 Ita—ms.
2518 4984 2731 5058 Regius
2774 4985 3131 5058 ltllltl.A1659.
3182 4982 3581 5058 AlterRegius

2015 5053 2332 5111 nu‘mﬁi64l
2370 5058 2556 5121 habet,
2587 5053 2621 5105 «‘
2639 5056 2733 5108 sed
2757 5057 2812 5107 et
2835 5056 2878 5109 si
2907 5053 3129 5110 Graecus
3278 5057 3370 5121 qui
3391 5072 3533 5118 cum,
3555 5076 3574 5107 ι

2014 5139 2120 5182 etc.
2161 5127 2352 5183 Crateri
2389 5141 2549 5192 mss.,
2576 5125 2836 5180 Rabanus
2878 5136 2933 5181 et
2963 5126 3115 5190 editi,
3164 5142 3187 5177 ι
3227 5127 3321 5180 sed
3349 5134 3405 5179 et
3437 5126 3579 5181 Cra--

2014 5213 2112 5251 cus
2253 5200 2345 5264 qui
2380 5212 2524 5262 cum,
2557 5218 2576 5248 ο
2610 5208 2717 5255 etc.

2085 5268 2197 5341 (85)
2230 5268 2705 5341 rTamen.»_Deest
2734 5270 2785 5321 in
2806 5267 2968 5341 editis
2985 5277 3037 5321 et
3069 5267 3119 5321 in
3132 5267 3414 5341 plerisque
3433 5284 3539 5321 mss
3562 5307 3577 5328 ,

2013 5338 2222 5462 necnon
2253 5352 2308 5395 et
2342 5341 2481 5408 apud
2516 5338 2800 5393 Rabanum
2827 5356 2843 5403 ;
2869 5339 2966 5393 sed
3012 5340 3322 5393 restituitur
3347 5354 3416 5392 ex
3448 5341 3576 5392 duo-

2052 5425 2114 5462 118
2148 5426 2278 5462 IIISS.

2052 5425 2114 5465 118
2148 5426 2278 5466 IIISS.

2088 5481 2202 5552 (86)
2232 5479 2398 5546 Editi,
2430 5498 2450 5532 ι
2485 5482 2628 5535 idem
2657 5479 2703 5535 si
2731 5490 2993 5549 operatur
3018 5481 3245 5552 bonum:
3277 5498 3297 5530 ι
3324 5477 3401 5533 lta
3423 5479 3575 5531 etiam

2017 5550 2298 5615 Rabanus,
2332 5553 2425 5620 qui
2457 5553 2660 5606 omittit
2706 5572 2723 5603 ι
2774 5552 2938 5606 idem.
2987 5571 3005 5602 ι
3069 5550 3168 5605 ωε.
3209 5550 3412 5620 Regius
3434 5565 3554 5602 num

2020 5622 2178 5689 1659,
2224 5642 2243 5675 ι
2274 5623 2416 5677 idem
2450 5626 2495 5679 si
2533 5634 2859 5692 operaretur
2899 5623 3126 5676 bonum.
3183 5641 3202 5674 ι
3258 5621 3363 5676 Sed
3401 5632 3575 5677 cmten

2018 5710 2148 5749 mss.
2185 5705 2245 5748 ut
2272 5695 2325 5748 in
2356 5703 2545 5749 nostro
2567 5703 2738 5748 textu.

2090 5766 2203 5838 (87)
2236 5767 2314 5823 Ita
2355 5780 2490 5823 mss.
2543 5764 2791 5838 plerique
2835 5772 2890 5821 et
2926 5764 3204 5820 Rabanus.
3259 5763 3572 5820 Salodianns
