3684 6148
149 218 265 275 889

1116 180 1475 276 COMMENT.
1515 217 1581 274 IN
1626 215 1845 273 EPIST.
1888 216 1978 271 AD
2017 213 2187 272 seu.
2229 214 2356 269 LIB.
2396 213 2463 268 ιι.

3312 211 3418 267 8θῆ

149 338 361 409 gessit,
410 337 524 393 sive
569 337 794 404 bonum,
842 337 957 394 sive
1002 340 1200 395 malum
1243 343 1310 395 ⁸⁸.
1339 363 1356 393 ι
1411 341 1539 396 lude
1595 339 1742 395 deni-
1772 344 1816 401 Α
1845 355 1939 408 per
1969 341 2085 395 haec
2117 340 2422 396 evidentior
2457 338 2553 391 iiat
2582 334 2895 405 explanatio
2937 332 3210 403 quomodo
3246 331 3415 387 Judaei

151 442 268 498 que
295 436 379 481 est
408 427 552 496 quod
579 436 634 483 et
661 428 716 482 in
752 429 855 483 hoc
888 430 1006 484 loco
1047 430 1322 503 subjungit
1354 450 1368 487 :
1406 450 1424 482 ι
1453 432 1569 488 Non
1591 436 1736 487 enim

150 532 523 589 personarum
567 521 813 590 acceptio
850 530 933 576 est
964 524 1103 591 apud
1152 525 1315 578 Demn
1350 526 1416 579 ⁸⁵.
1448 545 1466 577 ι
1494 528 1645 593 Quod
1685 528 1729 582 si

154 610 343 665 adhuc
366 611 459 666 tibi
496 611 716 666 dubium
747 613 981 681 videtur,
1006 616 1131 670 audi
1168 629 1222 671 et
1250 617 1439 673 Petrus
1465 619 1592 687 quid
1625 620 1738 690 (88)

156 700 212 752 iu
248 699 480 754 Actibus
499 702 858 770 apostolorum
888 706 1219 773 pronuntiet,
1243 724 1364 763 cum
1391 710 1457 764 ad
1484 712 1738 781 gentilem

152 786 470 841 Cornelium
505 786 699 844 fuisset
720 791 1038 860 ingressus:
1081 815 1099 845 ι
1128 796 1503 866 Compertum,
1541 801 1736 870 inquit,

156 872 341 932 habeo
374 880 519 947 quod
556 879 697 936 Deus
727 898 1082 951 personarum
1110 901 1364 959 acceptor
1389 907 1492 945 non
1518 903 1619 959 est,
1645 897 1738 950 sed

156 969 213 1022 in
254 970 406 1023 omni
448 970 583 1033 loco.
622 982 677 1027 et
710 974 765 1026 in
804 976 952 1029 omni
982 989 1165 1050 gente,
1197 982 1289 1049 qui
1324 983 1458 1037 facit
1483 986 1736 1043 volunta-

159 1065 269 1110 tem
301 1057 443 1123 ejus,
472 1069 726 1129 acceptus
757 1073 842 1119 est
871 1066 921 1120 ei
943 1067 1010 1121 ⁸⁷.
1052 1089 1071 1121 ι
1114 1071 1219 1124 Sed
1251 1071 1412 1141 objici
1460 1076 1616 1132 nobis
1644 1094 1739 1148 po-

160 1157 269 1201 test
301 1148 432 1203 illud
459 1153 602 1220 quod
633 1153 896 1212 Dominus
930 1160 983 1212 in
1022 1160 1317 1230 Evangelio
1348 1168 1515 1223 dicit:
1560 1190 1578 1221 ι
1604 1171 1735 1226 Om-

157 1240 243 1293 nis
270 1241 365 1308 qui
394 1243 566 1297 credit
615 1245 668 1298 in
718 1262 824 1313 me,
875 1266 982 1306 non
1013 1253 1366 1321 judicabitur.
1412 1260 1513 1328 Qui
1552 1276 1734 1318 autem

159 1349 269 1388 non
304 1337 500 1399 credit,
541 1338 653 1406 jam
698 1341 974 1408 judicatus
1012 1357 1117 1413 est,
1160 1352 1284 1419 quia
1321 1368 1424 1407 non
1476 1357 1652 1410 credit
1681 1359 1733 1411 in

157 1425 388 1481 nomine
419 1428 681 1498 uuigeniti
718 1431 839 1486 Filii
877 1434 968 1489 Dei
992 1435 1059 1489 ⁸⁸.
1091 1456 1111 1489 ι
1145 1437 1251 1493 Sed
1276 1440 1556 1500 videamus
1598 1462 1736 1516 quo-

158 1516 324 1571 modo
353 1532 460 1572 non
482 1518 793 1588 iudicamur
818 1525 911 1593 qui
931 1528 1207 1583 credimus
1222 1528 1464 1599 Christo,
1498 1545 1557 1588 ut
1591 1537 1735 1590 scia-

156 1622 277 1664 mus
309 1613 584 1679 quomodo
633 1626 690 1669 et
766 1616 853 1671 ille
893 1618 1005 1686 jam
1053 1619 1331 1689 judicatus
1376 1625 1447 1678 sit
1477 1627 1571 1694 qui
1626 1643 1730 1681 non

1845 433 2043 502 primo,
2095 430 2291 484 deinde
2324 428 2501 483 Graeci
2554 434 2831 496 ponuntur
2874 424 2943 479 ab
2991 423 3272 492 Apostoio.
3309 422 3416 476 Sed

1846 535 2027 580 tamen
2051 525 2102 578 in
2121 524 2350 578 arbitrio
2368 520 2602 589 legentis
2624 519 2697 573 sit
2714 517 2948 587 probare
2961 532 3082 585 qua:
3103 515 3247 569 dicta
3267 523 3414 568 sunt.

1841 618 1953 672 Nos
1970 627 2148 672 autem
2171 617 2324 686 plura
2341 612 2667 670 adduximus
2694 612 2745 666 in
2770 618 3085 673 tractatum,
3113 626 3179 662 ne
3197 610 3328 677 quid
3352 611 3418 662 de

1840 710 2080 781 Apostoli
2109 724 2271 764 sensu
2297 708 2659 763 indiscussum
2679 705 2992 772 relinquere
3015 702 3343 755 videremur.

1911 803 2074 876 485
2105 802 2159 856 8.
2206 819 2225 851 ι
2260 800 2578 866 Quicunque
2632 798 2777 852 enim
2831 797 2949 850 sine
2984 796 3101 864 lege
3152 808 3415 862 peccave-

1841 906 1986 959 runt,
2016 897 2133 948 sine
2157 893 2273 962 lege
2300 903 2355 945 et
2385 890 2658 960 peribunt,
2678 899 2733 942 et
2756 895 3026 956 quotquot
3056 888 3107 937 iu
3144 885 3263 953 lege
3293 897 3420 951 pec—

1839 996 2124 1052 caverunt,
2157 1002 2255 1056 per
2288 985 2456 1055 legem
2478 981 2894 1051 judicabuntur.
2921 977 3036 1032 Non
3070 977 3214 1031 enim
3263 978 3419 1029 audi-

1840 1091 1985 1137 tores
2020 1081 2151 1149 legis
2177 1079 2309 1148 justi
2342 1086 2467 1131 suut
2504 1076 2644 1143 apud
2672 1072 2865 1133 Deum.
2895 1073 2989 1126 sed
3025 1070 3256 1124 factores
3284 1070 3417 1137 legis

1833 1174 2280 1246 justiﬁcabuutur
2304 1171 2371 1223 ⁹².
2409 1190 2427 1221 ι
2480 1169 2613 1222 Cum
2658 1167 2805 1219 dicat
2856 1163 3149 1233 Apostolus
3187 1176 3280 1215 eos
3324 1161 3413 1229 qui

1837 1269 1956 1322 sine
1982 1268 2097 1336 lege
2124 1271 2503 1334 peccaverunt,
2542 1262 2663 1315 sine
2700 1258 2815 1325 lege
2859 1257 3155 1326 perituros,
3184 1252 3415 1321 requiri—

1838 1362 1978 1415 ritur
2015 1371 2196 1413 utrum
2229 1358 2295 1412 de
2338 1357 2453 1409 sola
2492 1354 2661 1424 Moysi
2699 1353 2817 1422 lege
2865 1349 3273 1416 iutelligemlum
3325 1345 3413 1403 sit.

1837 1460 1981 1505 anet
2010 1451 2075 1504 de
2107 1449 2221 1520 lege
2269 1447 2494 1512 Christi,
2528 1444 2613 1499 vel
2643 1444 2806 1497 etiam
2851 1444 2918 1495 de
2951 1451 3271 1508 quacunque
3312 1437 3415 1487 hu-

1836 1560 1994 1600 mana
2021 1544 2137 1613 lege
2165 1543 2264 1596 sub
2285 1557 2391 1610 qua
2415 1548 2869 1606 utrumquemque
2897 1532 3204 1587 mortalimn
3234 1529 3416 1582 vivere

1836 1637 2120 1707 contingit,
2155 1633 2298 1703 quod
2328 1632 2625 1687 secundum
2661 1630 2831 1698 ipsam
2859 1625 3095 1695 judicari
3122 1623 3293 1689 possit
3321 1621 3414 1689 qtti

156 1703 357 1757 credit.
406 1702 808 1774 Numquidnam
862 1718 1121 1778 putamus
1181 1714 1271 1783 qui
1334 1718 1627 1771 crediderit
1680 1720 1731 1773 in
1766 1697 1809 1751 Β
1839 1730 1891 1782 in
1919 1743 1979 1782 ea
2011 1697 2239 1795 pec-cat:
2281 1739 2348 1776 an
2391 1722 2482 1791 qui
2508 1730 2665 1773 extra
2684 1697 2865 1772 solam
2907 1712 3078 1785 Moysi
3109 1713 3279 1780 legem
3308 1720 3414 1773 est,

157 1795 404 1864 Christo,
439 1808 496 1852 et
539 1809 665 1868 post
697 1801 803 1854 hoc
852 1802 1227 1868 homicidium,
1280 1806 1365 1858 vel
1407 1807 1730 1863 adulterimn

156 1890 520 1954 commiserit.
568 1900 660 1945 aut
700 1891 896 1945 falsum
946 1895 1326 1949 testimonium
1373 1898 1591 1962 dixerit,
1642 1910 1734 1955 aut

153 1980 363 2059 aliquid
391 1982 699 2056 hujusmodi
734 1984 989 2052 gesserit,
1021 1999 1143 2053 quas
1172 1999 1557 2056 nonnunquam
1588 1991 1735 2045 vide-

154 2096 274 2135 mus
307 2081 600 2136 admittere
629 2081 793 2135 etiam
833 2076 1046 2148 ﬁdeles,
1076 2079 1203 2150 quia
1237 2094 1337 2148 pro
1365 2081 1448 2134 his
1478 2081 1588 2151 jam
1625 2098 1730 2137 non

151 2170 489 2240 judicabitur
537 2170 630 2239 qui
682 2170 917 2225 credidit
962 2171 1015 2225 in
1074 2169 1296 2226 Christo
1335 2170 1358 2223 ?
1400 2169 1621 2226 Certum
1650 2184 1734 2229 est

153 2258 270 2311 haec
294 2258 483 2312 omnia
510 2258 702 2311 venire
734 2258 802 2313 ad
828 2258 1096 2328 judicium
1125 2267 1144 2328 ‘;
1170 2270 1224 2315 et
1259 2262 1382 2318 ideo
1410 2263 1492 2318 sic
1526 2263 1732 2318 intelli-

157 2354 369 2433 gendus
400 2363 487 2409 est
521 2352 731 2407 Domini
769 2366 950 2409 sermo
982 2368 1146 2424 quem
1178 2356 1328 2420 dicit,
1367 2376 1386 2409 ‹
1428 2357 1533 2426 Qui
1558 2360 1735 2413 credit

156 2445 211 2500 in
246 2461 354 2512 me,
386 2462 494 2501 non
520 2446 876 2517 judicabitur,
903 2468 923 2502 ι
961 2449 1089 2519 quia
1120 2453 1414 2505 secundum
1447 2455 1549 2508 hoc
1588 2454 1732 2521 quod

159 2539 391 2593 credidit
415 2556 520 2593 non
549 2539 890 2610 judicabitur
921 2543 1075 2611 quasi
1109 2543 1425 2599 incredulus
1456 2555 1511 2599 et
1543 2547 1734 2603 inﬁde--

157 2628 354 2686 lis:de
384 2632 598 2687 actibus
647 2649 778 2688 vero
827 2635 941 2689 suis
991 2635 1110 2689 sine
1161 2635 1326 2689 dubio
1365 2637 1727 2703 jndicabitur.

159 2721 236 2778 lta
279 2740 411 2795 ergo
441 2736 492 2780 et
529 2725 622 2780 ille
659 2726 772 2796 jam
800 2727 1079 2797 judicatus
1134 2738 1218 2783 est
1262 2729 1353 2800 qui
1393 2746 1499 2784 non
1535 2733 1728 2799 credit,

160 2818 456 2873 secundum
514 2820 622 2875 hoc
667 2820 812 2889 quod
866 2836 976 2875 non
1020 2823 1286 2889 credidit;
1330 2834 1382 2878 et
1431 2825 1572 2878 sicut
1612 2840 1735 2878 cre-

167 2909 335 2977 denti,
374 2912 422 2965 si
462 2911 806 2966 extrinsecus
858 2913 1070 2982 peccati
1121 2914 1325 2985 aliquid
1373 2917 1729 2985 commiserit,

1834 1817 2051 1874 etiamsi
2092 1818 2191 1870 sub
2245 1814 2425 1883 aliqua
2484 1812 2600 1881 lege
2646 1812 2816 1874 vivat,
2849 1807 2996 1862 velut
3046 1816 3202 1859 extra
3240 1805 3412 1873 legem

1834 1910 2067 1981 positus,
2101 1923 2223 1961 cum
2260 1905 2588 1976 peccaverit,
2614 1911 2821 1972 pereat.
2861 1899 2992 1954 Nam
3024 1907 3081 1952 et
3120 1898 3237 1966 ipse
3278 1910 3414 1962 apo—

1834 2004 2003 2059 stolus
2032 2001 2252 2061 Paulus,
2291 2015 2414 2053 cum
2446 1997 2577 2051 dicit
2604 2010 2663 2050 se
2700 1995 2786 2049 his
2822 1993 2912 2062 qui
2944 1991 3064 2045 sine
3105 1990 3222 2058 lege
3262 1996 3413 2050 sunt,

1833 2095 1985 2164 quasi
2011 2094 2129 2147 sine
2154 2093 2270 2158 lege
2293 2105 2432 2155 esse,
2454 2100 2508 2141 ct
2538 2088 2688 2141 addit
2711 2104 2725 2137 :
2753 2105 2772 2138 ι
2792 2084 2925 2139 Cum
2951 2083 3138 2151 utique
3159 2081 3278 2134 sine
3299 2079 3415 2147 lege

1835 2203 1941 2241 non
1984 2200 2184 2250 essem,
2221 2182 2314 2238 sed
2365 2184 2418 2236 in
2441 2182 2557 2250 lege
2591 2194 2769 2235 essem
2800 2176 3003 2232 Christi
3029 2174 3099 2240 ⁸³,
3131 2193 3150 2226 ›
3181 2172 3417 2226 ostendit

1835 2294 1895 2333 se
1924 2278 2138 2346 quidem
2173 2278 2225 2329 in
2264 2274 2381 2344 lege
2429 2272 2598 2343 Moysi
2636 2286 2740 2325 non
2778 2284 2921 2332 esse,
2952 2281 3075 2323 esse
3108 2277 3285 2319 tamen
3315 2263 3414 2346 sub

1834 2342 1971 2444 lege.
2005 2371 2113 2426 Sed
2137 2379 2191 2424 et
2222 2342 2492 2433 humanm,
2520 2342 2601 2420 fut
2628 2364 2890 2425 diximus,
2931 2363 3096 2430 leges,
3137 2360 3180 2413 si
3212 2358 3279 2412 ad
3315 2342 3417 2411 hoc

1836 2467 2014 2535 ipsum
2042 2461 2283 2531 reputari
2316 2458 2566 2524 debeant,
2590 2457 2771 2510 videto
2802 2454 2936 2524 (90).
2975 2450 3246 2505 Naturalis
3285 2461 3420 2503 vero

1835 2558 1944 2619 lex,
1966 2570 2086 2626 qua:
2103 2553 2465 2609 communiter
2490 2550 2739 2605 omnibus
2762 2545 3070 2610 lgominibus
3097 2540 3261 2604 inest,’
3281 2555 3415 2595 con-

1834 2646 2184 2701 sideraudum
2221 2653 2305 2699 est
2348 2642 2393 2697 si
2426 2656 2616 2695 omnes
2655 2654 2793 2708 pene
2845 2636 3009 2690 faciat
3042 2636 3094 2688 in
3144 2633 3259 2703 lege
3282 2648 3413 2702 pec-

1834 2751 1985 2800 care,
2019 2736 2161 2791 sicut
2198 2734 2250 2787 in
2294 2730 2758 2799 consequentibus
2801 2726 2938 2781 dicit
2979 2744 2993 2781 :
3035 2744 3054 2775 ‹
3102 2724 3234 2779 Cum
3266 2723 3411 2776 enim

1834 2838 2045 2900 gentes,
2082 2840 2201 2895 quae
2241 2825 2414 2895 legem
2456 2837 2562 2876 non
2594 2822 2818 2887 habent,
2844 2818 3165 2873 naturaliter
3190 2832 3309 2884 quae.
3338 2815 3417 2869 le-

1834 2923 1916 2993 gis
1936 2928 2065 2976 sunt
2084 2918 2375 2981 faciunt,hi
2411 2917 2581 2988 legem
2614 2930 2721 2968 non
2751 2914 3013 2967 habentes
3038 2910 3136 2975 ipsi
3162 2908 3263 2962 sibi
3289 2915 3416 2961 sunt

160 3002 307 3099 salva
335 3004 466 3099 iide,
493 3005 756 3075 judicium
795 3017 983 3060 manet
1025 3023 1040 3062 :
1088 3007 1160 3061 ila
1214 3017 1270 3063 et
1310 3025 1413 3063 non
1460 3011 1724 3076 credenti,
1757 3041 1800 3099 ο
1838 3013 1949 3078 lex,
1978 3011 2068 3080 qui
2098 3012 2396 3067 ostendunt
2423 3024 2558 3078 Opus
2589 3008 2725 3077 legis
2753 3008 3016 3075 scriptum
3058 3005 3111 3057 in
3155 3001 3414 3057 cordibus

166 3094 209 3149 si
259 3096 385 3165 quid
422 3096 551 3152 boni
594 3099 778 3168 operis
823 3100 1076 3168 gesserit,
1125 3113 1350 3171 excepta
1393 3102 1729 3171 inﬁdelitate,

164 3189 536 3244 remuneratio
575 3205 681 3245 non
730 3191 953 3259 peribit.
1000 3193 1113 3248 Nisi
1168 3193 1307 3248 forte
1354 3196 1476 3265 quis
1529 3197 1732 3267 aliquid

168 3294 327 3347 grave
355 3290 411 3336 et
453 3281 793 3339 intolerabile
840 3284 973 3339 velit
1015 3286 1277 3356 objicere,
1327 3297 1388 3341 ut
1427 3289 1575 3342 dicat
1607 3306 1729 3345 eum

166 3372 253 3439 qui
284 3382 501 3442 peccat,
531 3376 951 3443 computandum
974 3393 1079 3432 non
1108 3395 1227 3434 esse
1252 3380 1392 3435 inter
1410 3384 1730 3452 credentes;

167 3465 289 3532 quia
315 3466 358 3520 si
382 3467 575 3521 credat
596 3469 741 3537 quis,
779 3484 885 3524 non
916 3482 1107 3539 peccat
1135 3488 1150 3527 :
1176 3474 1219 3528 si
1249 3490 1380 3529 vero
1426 3487 1632 3545 peccat,
1665 3494 1730 3532 ex

166 3557 268 3614 hoc
295 3558 415 3629 ipso
448 3570 712 3631 arguatur
736 3566 882 3632 quod
917 3581 1021 3621 non
1057 3567 1264 3623 credat.
1295 3568 1402 3624 Sed
1432 3571 1544 3625 haec
1566 3587 1731 3640 quam

167 3650 295 3706 dura
340 3654 412 3708 sit
463 3655 733 3709 sententia
774 3659 910 3713 nulli
949 3661 1263 3729 ambigumn
1316 3674 1466 3732 puto.
1523 3665 1734 3732 Quoms

167 3745 308 3800 enim
353 3748 588 3816 quisque
630 3751 939 3806 invenietur
988 3752 1043 3807 in
1084 3755 1267 3819 terris,
1301 3756 1393 3824 qui
1444 3756 1516 3811 ita
1568 3759 1730 3813 vitam

169 3849 317 3891 suam
349 3838 511 3895 libret
541 3840 674 3914 (89),
704 3852 763 3897 ut
785 3843 838 3909 in
871 3845 1020 3901 nullo
1041 3848 1254 3914 penitus
1277 3848 1553 3920 delinquat
1577 3851 1601 3904 ?
1626 3853 1732 3907 Sed

167 3937 220 3982 et
261 3928 500 3988 Joannes
548 3934 840 4002 Apostolus
893 3938 947 3992 in
1000 3938 1241 4008 Epistola
1302 3957 1400 3996 sua
1455 3944 1735 3999 evidenter

168 4021 322 4077 etiam
348 4024 661 4093 opinionem
696 4026 1007 4096 hujusmodi
1038 4041 1210 4097 notat,
1255 4047 1376 4087 cum
1413 4033 1585 4090 dicit:
1623 4055 1641 4087 ι
1673 4036 1732 4092 Si

170 4115 285 4181 quis
316 4116 451 4171 dicit
481 4117 607 4185 quia
646 4129 931 4187 peccatum
980 4136 1087 4175 non
1136 4124 1320 4189 habet,
1370 4125 1457 4179 hic
1501 4127 1732 4181 mendax

169 4211 337 4267 est,et
359 4206 563 4263 veritas
598 4208 653 4263 in
684 4225 750 4266 eo
772 4226 879 4266 non
911 4221 992 4267 est
1019 4213 1241 4267 “°.--Si
1272 4223 1454 4268 autem
1476 4215 1736 4272 conﬁtea-

172 4311 287 4352 nmr
334 4312 557 4370 peccata
622 4315 828 4371 nostra,
893 4306 1154 4361 habemus
1216 4309 1538 4362 advocatum
1590 4309 1732 4378 apud

1836 3107 1950 3161 suis
1972 3105 2074 3159 9‘.»
2108 3102 2221 3157 Nisi
2252 3118 2348 3157 eos
2375 3101 2513 3156 forte
2546 3102 2789 3156 dicamus
2819 3110 2973 3154 extra
2999 3100 3168 3169 legem
3188 3095 3413 3165 positos,

1835 3199 1924 3267 qui
1953 3212 2129 3266 neque
2154 3195 2375 3265 scriptis
2396 3195 2621 3264 legibus,
2653 3208 2829 3261 neque
2855 3191 3203 3248 conscientia.
3235 3196 3290 3241 et
3318 3200 3416 3239 co-

1834 3289 2188 3359 gitatiouibus
2215 3286 2456 3358 propriis
2483 3283 3007 3354 reprehendentibus
3026 3296 3083 3335 se
3106 3289 3160 3333 et
3182 3292 3415 3347 arguen-

1836 3385 1983 3438 tibus
2009 3388 2222 3452 parent.
2248 3378 2530 3446 Quomodo
2560 3385 2741 3432 autem
2774 3373 3065 3447 dicit(9l):
3096 3392 3114 3423 ι
3140 3373 3416 3440 Quotquot

1836 3476 1889 3530 in
1943 3475 2060 3544 lege
2111 3480 2517 3544 peccaverunt,
2555 3485 2652 3538 per
2705 3469 2875 3539 legem
2912 3464 3351 3538 jmlicabuntur?
3388 3482 3408 3514 ι

1836 3567 2037 3637 Utique
2072 3567 2164 3637 qui
2197 3566 2250 3619 in
2279 3565 2398 3634 lege
2439 3563 2637 3619 Christi
2668 3572 2772 3627 est,
2822 3576 2921 3630 per
2950 3560 3125 3628 legem
3159 3556 3360 3611 Christi
3394 3573 3412 3622 ;

1835 3670 1887 3714 et
1914 3660 2005 3729 qui
2034 3659 2088 3713 in
2120 3660 2238 3729 lege
2274 3656 2468 3727 Moysi,
2501 3671 2597 3725 per
2626 3654 2796 3725 legem
2843 3652 3012 3724 Moysi
3041 3650 3413 3720 judicabitur;

1836 3769 2010 3822 neque
2041 3752 2132 3822 qui
2170 3753 2272 3805 sub
2307 3751 2424 3820 lege
2467 3749 2668 3803 Christi
2710 3757 2816 3812 est,
2841 3749 3090 3817 quamvis
3115 3745 3277 3799 etiam
3310 3742 3413 3811 legi

1835 3846 2007 3917 Moysi
2030 3844 2276 3900 subditus
2317 3844 2585 3907 videatur,
2612 3840 2845 3910 judicari
2886 3851 3062 3893 tamen
3115 3837 3412 3891 secundum

1835 3956 1952 3995 eam
1983 3938 2256 4009 putandus
2291 3946 2375 3991 est
2417 3951 2516 3990 cur
2551 3950 2655 3988 non
2688 3933 2760 3989 sit
2800 3931 3177 3990 circumcisus.
3203 3929 3282 3982 vel
3319 3944 3416 3980 cur

1837 4033 2131 4087 Sabbatum
2164 4045 2269 4084 non
2306 4037 2510 4083 servet.
2541 4028 2693 4093 Quod
2716 4036 2770 4080 et
2799 4026 2842 4080 si
2868 4026 3022 4093 juxta
3046 4023 3216 4093 legem
3246 4021 3413 4090 Moysi

1838 4121 2110 4191 putandus
2138 4127 2222 4174 est
2245 4118 2501 4189 judicari,
2546 4116 2844 4172 secundum
2878 4116 2982 4169 hoc
3014 4114 3157 4183 quod
3192 4112 3273 4165 lex
3301 4111 3414 4180 Spi-

1838 4213 2050 4268 ritualis
2082 4220 2187 4277 est,
2217 4211 2576 4282 iudicabitur.
2630 4208 2745 4263 Hoc
2776 4217 2860 4263 est
2885 4207 3029 4262 enim
3064 4222 3169 4260 non
3200 4204 3420 4258 audito—

1838 4319 1954 4359 rem
1988 4304 2143 4374 legis,
2185 4304 2279 4358 sed
2325 4302 2582 4367 lectorem
2610 4299 2917 4369 iustiﬁcari.
2952 4298 3104 4364 Quod
3132 4312 3261 4352 vero
3287 4310 3417 4367 gra-

171 4385 400 4459 Patrem,
427 4393 612 4451 Jesum
632 4395 860 4465 justum,
894 4399 986 4468 qui
1014 4408 1205 4454 exorat
1231 4415 1327 4468 pro
1361 4401 1599 4470 peccatis
1634 4402 1732 4456 n‘o-
1764 4385 1809 4441 Ῑ)
1838 4397 1988 4452 viore
2014 4395 2281 4450 sententia
2311 4395 2521 4463 percuti
2551 4392 2765 4447 videtur
2800 4391 2847 4446 is
2873 4391 2963 4459 qui
2995 4391 3115 4445 sine
3150 4389 3266 4460 lege
3291 4405 3415 4458 pec-

174 4481 295 4535 stris
314 4482 383 4537 ὀ.
414 4504 435 4537 ι
458 4486 582 4542 llaec
620 4503 751 4557 ergo
791 4504 820 4542 a
857 4490 1013 4545 nobis
1045 4491 1096 4544 in
1126 4490 1227 4544 hor.
1261 4489 1398 4556 loco,
1433 4501 1597 4561 prout
1629 4507 1728 4561 po-
1768 4528 1781 4544 .

177 4574 387 4645 tuimus,
424 4580 668 4635 discussa
697 4592 846 4643 sunt.
872 4583 1350 4638 considerantibus
1383 4584 1548 4638 etiam
1598 4584 1730 4638 illud

175 4669 307 4733 quod
345 4670 477 4727 dicit
508 4673 838 4742 Apostolus:
875 4692 894 4725 ι
938 4677 1021 4729 An
1067 4673 1375 4730 Judmorum
1412 4677 1553 4731 Deus
1605 4685 1728 4731 tan-

177 4761 322 4814 tum?
370 4762 563 4821 Nonne
590 4775 646 4821 et
675 4768 915 4837 gentium
938 4769 962 4821 ’ἶ
982 4768 1097 4822 lmo
1128 4777 1183 4823 et
1216 4768 1455 4837 gentium
1484 4770 1527 4801 ⁸⁸
1557 4786 1573 4835 ;
1607 4786 1625 4820 ι
1673 4777 1731 4822 ιιι

242 4912 287 4989 '3
314 4916 350 4970 ΙΙ
374 4918 501 4975 Cor.
539 4937 593 4983 v.
626 4922 708 4979 10.
784 4925 830 4955 ⁸⁸
863 4923 1022 4979 Rom.
1062 4940 1125 4989 ιι,
1155 4924 1241 4979 il.

1839 4490 2065 4557 caverit,
2083 4489 2337 4558 quoniam
2360 4488 2535 4557 peritu
2547 4503 2636 4541 rus
2664 4486 3066 4556 pronuntiatur,
3080 4498 3201 4538 cum
3235 4484 3419 4550 utique

1835 4591 1892 4636 et
1918 4581 2271 4637 miseratione
2292 4581 2473 4650 aliqua
2507 4580 2701 4649 dignus
2721 4579 2993 4641 videatur,
3019 4578 3111 4647 qui
3151 4574 3420 4643 adjutorio

1838 4690 1945 4728 non
1979 4689 2110 4730 usus
2132 4684 2217 4728 est
2266 4672 2423 4742 legis,
2453 4671 2734 4725 videamus
2767 4684 2834 4723 ne
2860 4669 2987 4738 quid
3031 4669 3247 4729 iterum,
3281 4674 3338 4719 ut
3366 4664 3417 4717 in

1836 4768 2051 4822 caeteris
2080 4765 2386 4829 docuimus,
2418 4764 2619 4819 divina:
2641 4763 2897 4819 bonitatis
2924 4760 3011 4815 hic
3038 4760 3227 4826 lateat,
3259 4771 3418 4827 quam

1321 4924 1366 4957 ⁸⁷
1406 4925 1531 4979 Act.
1563 4939 1615 4990 ι,
1659 4924 1751 4991 54,
1800 4925 1891 4981 55.
1934 4925 2015 4980 ,⁸⁸
2035 4924 2194 4979 Joan.
2230 4940 2310 4987 ιιι,
2337 4923 2423 4979 18.
2499 4920 2822 4988 “Noan.t,
2857 4922 2911 4977 8.
2983 4918 3247 4975 "lloan.
3276 4919 3419 4984 11,1.

174 4980 215 5011 “
251 4983 398 5042 Rom.
439 5007 523 5059 ιιι,
545 4980 661 5067 29.¹
712 4994 759 5027 ³⁸
789 4993 946 5049 Rom.
975 5011 1037 5060 ll,
1067 4980 1156 5061 1&2,
1189 4996 1278 5052 15.
1346 4995 1394 5031 ⁸³
1429 4980 1703 5062 [Comm

1901 4996 1949 5028 ”
1974 4996 2132 5053 Rom.
2157 5011 2218 5061 ιι,
2251 4980 2341 5061 η,
2370 4993 2461 5049 15.

180 5160 338 5236 μίτρη
374 5154 877 5236 invidens‘dicente
904 5157 1218 5236 Apostolo_:
1268 5178 1287 5210 ι
1335 5158 1521 5236 cmteri
1566 5158 1726 5236 editi,

186 5213 348 5296 tHVide
377 5224 590 5296 dicente
613 5225 893 5296 Apostolo,
939 5213 965 5279 ι’
999 5245 1128 5283 mss.
1161 5230 1288 5294 duo,
1335 5213 1356 5281 ι
1390 5229 1551 5283 Vides
1582 5213 1727 5282 enim

182 5284 682 5363 dic-enteApostolo'.
722 5317 741 5349 ι

384 5357 472 5446 Sic
499 5381 631 5446 mss.
662 5367 1222 5446 plerique,_liabanus
1243 5380 1300 5425 et
1325 5369 1497 5425 editio
1518 5368 1729 5446 Veneta

183 5423 465 5507 ﬁalod'iani.
497 5423 690 5491 επιειῖὶ
715 5423 847 5491 vero
872 5423 1005 5493 editi
1033 5447 1088 5494 et
1114 5454 1218 5495 ms.
1252 5423 1473 5507 unusﬁ
1517 5438 1645 5493 audi
1675 5449 1731 5493 et

183 5491 390 5574 Ρθιςξιψ
411 5506 593 5574 quid,»
626 5518 731 5562 etc.
764 5525 780 5560 :
820 5491 983 5561 male.

247 5568 455 5657 istaut;
483 5568 586 5657 tuos.
619 5594 757 5631 unus
786 5579 1164 5657 Regiltsnunt.
1204 5581 1361 5657 ΝΜ)-
1385 5592 1441 5657 et
1488 5579 1731 5657 plerique

184 5636 545 5702 editiJCmteri
581 5661 709 5701 vero
733 5636 894 5714 11155.:
911 5641 1164 5707 liabauus
1194 5662 1250 5707 et
1279 5653 1446 5709 editio
1490 5636 1730 5715 'Veue'ta,

1837 5175 1856 5209 α
1889 5157 2118 5211 liberet:
2149 5177 2168 5210 ι
2197 5155 2354 5211 male.

1908 5227 2020 5298 (90)
2055 5227 2185 5298 Mss.
2216 5227 2329 5281 fere
2377 5240 2565 5298 omnes
2599 5235 2655 5298 et
2678 5223 2833 5298 editi,
2862 5241 2883 5273 ο
2906 5235 3009 5275 non
3043 5219 3217 5298 video.
3257 5237 3275 5268 ι
3313 5217 3413 5298 So-

1831 5290 2044 5422 lus'ms.
2081 5297 2281 5368 Regius
2320 5313 2449 5350 num
2499 5295 2660 5361 1659,
2692 5314 2711 5346 ‹
2750 5296 2959 5357 videto,
2994 5310 3013 5343 ι
3046 5290 3187 5359 quod
3220 5290 3420 5344 rectius

1834 5384 1882 5421 vi
1925 5379 2065 5421 elur.

1834 5379 2065 5421 videtur.

1906 5437 2020 5509 (9|)
2063 5440 2137 5492 lta
2168 5453 2269 5509 ms.
2301 5437 2504 5508 Regius
2543 5450 2697 5509 num.
2736 5430 3056 5509 i639:_Ali_i.
3095 5438 3276 5509 autem
3310 5427 3421 5482 duo

1839 5498 1971 5564 mss.
2002 5498 2205 5578 'Regii,
2240 5527 2259 5559 ι
2303 5498 2414 5574 Qui
2435 5504 2847 5578 alitemtlicit:_i
2880 5501 2979 5555 Ms.
3014 5498 3414 5578 Vallis—Clarae

1847 5598 1865 5629 ι
1910 5579 2063 5636 Quod
2101 5570 2282 5631 autem
2313 5570 2466 5631 dicit.
2501 5596 2519 5628 ι
2556 5575 2732 5629 Editio
2772 5572 3005 5633 Veneta,
3042 5590 3061 5621 ι
3099 5570 3201 5636 Qui
3236 5580 3416 5624 autem

1844 5640 2084 5715 ilicei-is;
2122 5667 2142 5701 ι
2179 5648 2358 5704 cet-teri
2391 5662 2520 5701 vero
2566 5644 2731 5709 editi,
2770 5664 2787 5695 ι
2837 5643 2937 5709 Qui
2978 5653 3159 5697 autem
3206 5640 3363 5697 dicis.
3391 5656 3415 5691 ο
