3684 6148
299 230 399 285 891

1712 223 2033 282 ORIGENIS

3427 221 3514 275 89?.

298 363 511 418 semper
545 348 829 404 abscondit
865 347 1181 402 timentibus
1216 362 1274 403 se
1310 349 1374 400 ³⁸.
1405 348 1681 404 Fortassis
1724 350 1868 402 enim
1897 352 1945 407 Α
1973 354 2143 399 tcrata
2172 343 2227 397 in
2251 357 2316 398 eo
2348 340 2595 397 videatur
2620 349 2676 396 et
2700 341 2921 406 abolita,
2942 341 3007 396 de
3037 341 3137 397 isto
3160 349 3346 412 potest
3370 341 3515 396 videri

299 440 372 493 ob
402 440 503 493 huc
534 439 637 492 sibi
671 438 784 510 (92)
831 440 1241 508 propensiorem
1276 454 1463 494 curant
1517 455 1616 511 pro
1656 441 1742 494 his
1778 441 1872 510 qui

298 538 531 597 pereunt
559 529 742 583 inesse
774 530 890 598 ipse
914 529 1178 586 Dominus
1206 531 1259 585 in
1285 529 1578 601 Evangelio
1609 532 1870 597 ostendit,

295 636 421 674 cum
469 620 601 675 dicit
647 622 772 691 quia
813 641 832 673 r
884 622 1032 676 venit
1057 622 1224 677 Filius
1261 624 1497 678 hominis
1540 638 1782 693 quaerere
1820 633 1875 678 et

296 712 508 767 aztlvare
538 714 679 783 quod
711 714 947 782 perierat
974 714 1040 766 ".
1074 732 1095 767 ι
1118 714 1186 768 Ει
1214 716 1409 769 iterum
1442 716 1573 770 dicit
1596 716 1674 769 ’τε
1700 734 1719 767 r
1757 715 1872 769 Non

297 820 419 856 sum
475 807 675 859 missus
735 805 835 860 nisi
884 806 951 860 ad
1008 821 1138 861 oves
1183 822 1303 876 qua:
1349 808 1633 876 perierunt
1679 808 1874 862 domus

297 894 484 951 Israel.
522 915 542 947 ι
579 897 643 952 Et
686 897 851 951 David
878 897 1010 952 dicit
1031 898 1077 930 ’⁸
1113 914 1128 953 :
1167 916 1186 949 ι
1220 898 1407 952 Erravi
1443 900 1581 953 sicut
1611 900 1731 953 ovis
1752 913 1874 967 per-

297 985 434 1047 dita,
468 984 684 1054 require
736 1001 951 1041 servum
1001 995 1172 1044 tuum.
1206 1007 1226 1040 ι
1260 988 1365 1043 Sed
1397 995 1452 1042 et
1494 989 1546 1041 in
1580 987 1872 1058 Evangdio

296 1077 556 1131 drachma
582 1079 694 1147 (95)
723 1094 842 1145 quae
883 1079 1139 1148 perierat,
1178 1081 1440 1143 mundata
1471 1081 1630 1137 domo
1658 1082 1869 1136 inveni-

300 1176 393 1220 tul‘
421 1182 452 1221 a
478 1170 703 1225 muliere
724 1170 801 1235 ⁹⁹;
832 1181 887 1224 et
912 1172 1121 1240 {gaudet
1152 1181 1306 1237 paler
1332 1186 1496 1240 super
1527 1172 1636 1227 filio
1658 1172 1872 1241 iuniore

297 1260 615 1327 pmnitentc,
646 1262 739 1330 qui
772 1280 791 1313 ‹
832 1275 1075 1317 mortuus
1108 1264 1306 1329 fuerat,
1338 1273 1392 1318 et
1422 1265 1654 1331 revixit;
1687 1266 1869 1331 perie-

294 1362 403 1417 rat,
426 1363 483 1408 et
503 1354 753 1409 inventus
781 1365 862 1409 est
881 1356 923 1419 ί,
947 1373 965 1406 ι
992 1355 1167 1425 magis
1185 1370 1347 1424 quam
1375 1370 1537 1425 super
1561 1372 1627 1411 eo
1645 1357 1737 1425 qui
1765 1371 1869 1411 non

294 1444 536 1512 perierat
572 1461 670 1500 nec
700 1446 947 1501 inventus
980 1458 1064 1501 est
1084 1446 1219 1516 (94).
1253 1446 1352 1514 Qui
1379 1447 1565 1515 jnnior
1595 1446 1761 1511 ﬁlius,
1814 1458 1873 1502 ut

294 1547 396 1603 ego
450 1535 706 1601 arbitror,
748 1536 914 1590 etiam
965 1536 1133 1605 ipsatn
1169 1536 1468 1591 naturalem
1516 1535 1627 1605 jam
1663 1537 1874 1607 fugerat

294 1622 465 1693 legem
502 1625 615 1696 (95)
652 1643 665 1679 :
700 1627 802 1682 boc
834 1629 976 1681 enim
1016 1628 1231 1683 videtur
1268 1629 1495 1683 indicari
1521 1630 1575 1683 in
1621 1643 1686 1683 eo
1727 1629 1871 1699 quod

1926 436 1931 442 ’
1976 438 2177 492 dictum
2206 438 2346 505 quod
2385 437 2501 490 sine
2528 434 2645 503 lege
2676 445 2889 503 pereat;
2926 434 3253 502 judicandus
3290 447 3412 487 vero
3439 448 3517 503 per

1975 526 2142 596 legem
2170 527 2381 581 dicatur
2414 526 2460 580 is
2488 526 2578 595 qui
2608 526 2707 580 sub
2737 526 2854 593 lege
2897 526 3046 589 vivit,
3076 524 3197 593 quia
3224 532 3282 580 et
3314 526 3519 593 Aposto-

1974 616 2057 672 lus
2088 617 2130 648 ¹⁰
2158 626 2493 672 contestatur
2538 630 2752 671 omnem
2781 617 3262 672 circumcidentem
3290 629 3370 681 se,
3397 617 3518 685 quod

1975 710 2185 765 debitor
2209 710 2279 764 sit
2303 711 2568 765 universa:
2598 710 2733 781 legis
2765 709 3042 765 facienda}.

2042 802 2097 856 9.
2146 822 2165 855 ι
2209 802 2341 858 Cum
2373 802 2519 857 enim
2570 812 2758 872 gentes
2783 816 2906 872 quae
2957 802 3129 871 legem
3164 815 3275 855 non
3320 800 3518 865 habent,

1974 890 2296 945 naturaliter
2323 905 2444 960 qua:
2482 890 2619 961 legis
2668 900 2798 948 sunt
2841 891 3068 958 faciunt,
3104 892 3159 945 hi
3208 888 3327 962 (98)
3371 890 3520 960 legem

1972 998 2079 1037 non
2138 984 2421 1050 habentes,
2473 983 2573 1054 ipsi
2620 983 2724 1040 sibi
2760 994 2886 1039 sunt
2932 984 3066 1039 lex:
3106 985 3202 1055 qui
3250 985 3523 1059 ostendunt

1973 1087 2110 1141 opus
2141 1071 2277 1142 legis
2306 1074 2589 1144 scriptum’
2619 1074 2674 1129 in
2715 1072 2969 1131 cordibus
3002 1076 3140 1139 suis,
3173 1075 3520 1131 testimonium

1974 1164 2232 1219 reddente
2257 1164 2336 1218 eis
2368 1165 2720 1231 conscientia,
2752 1175 2808 1221 et
2848 1165 2988 1222 inter
3026 1164 3193 1238 586
3218 1180 3281 1222 se
3313 1166 3523 1220 invicem

1974 1255 2401 1321 cogitationibus
2435 1254 2837 1322 accusantibus,
2874 1267 2971 1310 aut
3003 1258 3168 1311 etiam
3197 1255 3523 1311 defendenti-

1972 1346 2074 1401 bus
2097 1345 2233 1417 (99),
2266 1347 2320 1401 in
2373 1347 2460 1401 die
2486 1362 2609 1401 cum
2649 1345 2915 1415 iudicabit
2939 1346 3082 1403 Deus
3118 1347 3337 1403 occulta
3369 1348 3524 1402 homi-

1975 1439 2432 1503 num,secundtttn
2455 1438 2805 1508 Evangelium
2832 1454 3030 1507 meum,
3055 1455 3154 1513 per
3177 1439 3365 1496 Iesum
3386 1439 3525 1495 Chr'-

1974 1539 2118 1584 stum
2148 1531 2213 1587 “.
2247 1549 2267 1584 ι
2300 1530 2519 1587 Certum
2557 1542 2642 1589 est
2672 1533 2815 1603 quod
2846 1543 3031 1603 gentes
3073 1547 3193 1603 quae
3224 1532 3399 1601 legem
3429 1547 3525 1586 non

1974 1623 2209 1689 habent,
2245 1624 2565 1680 naturaliter
2594 1637 2714 1696 qum
2740 1625 2874 1695 legis
2920 1635 3045 1681 sunt
3076 1626 3263 1680 facere
3308 1639 3412 1679 non
3441 1637 3525 1692 pro

293 1718 629 1786 consumpsit
661 1728 869 1787 partem
921 1729 1158 1789 paternae
1208 1719 1523 1775 substantia:
1571 1736 1693 1790 qua:
1743 1738 1868 1777 eum
1901 1706 1943 1761 Β
1971 1714 2224 1769 Sabbatis
2255 1715 2337 1770 vel
2371 1715 2682 1773 Neomcniis
2714 1718 2982 1783 dicantur,
3006 1716 3091 1771 vel
3113 1715 3404 1777 SacriﬁCiiS
3421 1730 3527 1785 quae

297 1810 668 1878 contingebat,
698 1812 932 1865 vivendo
960 1812 1258 1868 luxuriose.
1296 1812 1401 1867 Sed
1426 1821 1482 1867 et
1507 1812 1559 1866 in
1588 1813 1870 1869 Ezechiele

292 1899 553 1967 propheta
592 1901 613 1932 ³
647 1903 956 1965 pastoribus
1017 1902 1362 1970 itnputatur,
1413 1903 1557 1971 quod
1593 1903 1867 1959 inﬁrmum

294 2004 397 2042 non
432 1989 897 2061 colligaverint,et
925 1994 1070 2061 quod
1099 1994 1336 2063 perierat
1383 2010 1487 2048 non
1514 1995 1865 2064 qutesicrint;

290 2086 348 2131 et
381 2089 502 2148 post
529 2094 695 2148 pauca
721 2081 835 2149 ipse
860 2082 1115 2138 Dominus
1139 2083 1271 2137 dicit
1298 2103 1351 2137 ει
1385 2084 1450 2139 Εῑ
1477 2086 1619 2154 quod
1648 2085 1859 2153 periit,i

292 2169 493 2237 inquit,
527 2188 545 2221 ι
582 2187 683 2240 ego
716 2173 986 2241 requiram
1017 2172 1060 2227 ³.
1102 2192 1120 2224 ι
1155 2172 1535 2230 Verumtamen
1578 2174 1867 2230 observan-

290 2261 419 2313 dum
442 2268 527 2314 est
562 2265 705 2331 quod
736 2260 791 2316 in
846 2263 931 2318 bis
982 2264 1234 2320 omnibus
1275 2280 1558 2334 nusquam.
1593 2266 1734 2322 Deus
1763 2267 1864 2321 ali-

291 2367 451 2422 quem
478 2354 676 2409 dicitur
705 2356 1029 2424 perdidisse,
1056 2356 1151 2412 sed
1177 2358 1544 2429 unusquisque
1574 2374 1640 2415 ex
1665 2375 1725 2416 se
1752 2362 1863 2430 pati

291 2442 396 2496 hoc
418 2445 561 2511 quod
597 2445 760 2511 perit,
805 2453 865 2498 ut
896 2446 949 2499 in
996 2446 1100 2501 hoc
1140 2447 1258 2517 ipso
1287 2448 1408 2501 ait:
1446 2465 1468 2499 ι
1501 2448 1630 2502 Sine
1662 2449 1781 2521 lege
1809 2460 1865 2504 et

288 2533 536 2600 peribunt
561 2550 576 2595 ;
599 2552 619 2586 ο
648 2545 732 2589 et:
773 2535 966 2592 «Venit
993 2536 1161 2593 Filius
1189 2538 1424 2595 hominis
1448 2554 1688 2608 quaerere
1719 2542 1861 2611 quod

287 2625 526 2693 perierat
555 2625 599 2692 δ,
649 2646 669 2680 ι
705 2642 812 2684 non
869 2633 1015 2699 quod
1061 2632 1373 2700 perdiderat
1406 2649 1421 2686 :
1459 2642 1521 2686 et
1558 2652 1577 2684 ι
1614 2634 1679 2688 ad
1730 2648 1862 2689 oves

289 2717 529 2785 perditas
579 2718 771 2775 domus
812 2719 1072 2788 lsrael‘,»
1111 2738 1219 2778 non
1254 2738 1386 2792 quas
1430 2724 1761 2792 perdiderat.
1796 2726 1863 2780 Et

283 2822 409 2861 cum
436 2808 551 2878 ipse
574 2809 834 2866 Dominus
862 2813 998 2869 dicit
1032 2828 1046 2860 ι
1083 2832 1101 2866 ι
1139 2812 1360 2875 Omnes.
1398 2816 1648 2886 Linquit,
1677 2834 1697 2868 ι
1724 2832 1862 2887 quos

286 2901 486 2956 dedisti
528 2903 684 2967 mihi,
717 2906 961 2970 servavi,
1011 2914 1065 2961 et
1111 2906 1290 2963 nullus
1320 2923 1388 2961 ex
1430 2910 1510 2963 eis
1534 2910 1698 2979 periit
1725 2910 1746 2941 ⁸
1778 2927 1793 2973 ;
1833 2928 1853 2961 ι

284 3006 392 3046 non
419 2992 553 3047 dixit
578 3011 592 3047 :
614 2992 828 3048 Nullum
858 3009 923 3050 ex
956 2995 1021 3050 iis
1054 2997 1284 3067 perdidi.
1323 2996 1468 3053 Sane
1508 2999 1678 3054 sicubi
1716 3000 1857 3054 Deus

283 3082 512 3152 perdere
537 3084 757 3151 dicitur,
788 3102 887 3154 pro
929 3090 1219 3156 reprobare
1249 3089 1360 3161 (96)
1398 3092 1569 3163 magis
1614 3093 1856 3148 invenies

283 3172 515 3237 dictum,
548 3174 691 3228 sicut
715 3190 837 3228 cum
866 3176 998 3231 dicit
1031 3198 1042 3232 :
1076 3196 1094 3229 ι
1129 3176 1356 3233 Perdant
1405 3182 1726 3249 sapientiam
1774 3198 1862 3237 sa-

283 3262 574 3333 pientium.
603 3275 658 3319 et
698 3265 1030 3321 intellectum
1064 3269 1411 3338 prudentium
1447 3273 1803 3341 rcprobabo'.
1836 3292 1854 3325 ι

281 3354 437 3422 Quod
484 3366 666 3412 autem
710 3359 861 3423 dicit,
902 3360 1029 3428 quia
1060 3380 1081 3412 ε
1121 3371 1387 3431 quotquot
1420 3363 1473 3416 in
1516 3363 1633 3433 lege
1667 3378 1862 3434 pecca-

282 3457 496 3513 verunt,
523 3465 620 3517 per
663 3449 834 3519 legem
872 3450 1281 3519 iudicabuntur,
1323 3473 1342 3506 ι
1380 3455 1591 3510 intuere
1617 3471 1683 3511 ne
1723 3455 1863 3513 forte

283 3544 578 3597 secundum
603 3542 871 3600 vindictas
894 3548 1008 3612 bas,
1035 3562 1155 3616 qua:
1185 3547 1395 3617 inche
1423 3551 1639 3619 scripta:
1665 3559 1795 3603 sunt
1815 3550 1859 3615 ³,

280 3634 480 3701 quibus
508 3636 806 3701 agebantur
830 3635 1058 3704 judicia,
1085 3640 1173 3693 ubi
1205 3638 1453 3707 lapidari,
1489 3638 1571 3693 vel
1605 3639 1657 3693 in
1683 3642 1859 3709 ignem

286 3726 547 3792 tradi,vel
578 3728 855 3783 civitatem
889 3727 1081 3799 refugii
1111 3728 1385 3794 adire,ch
1417 3729 1523 3783 alia
1548 3729 1860 3798 bujusmodi

286 3817 396 3885 pati
414 3816 736 3885 iubeantur:
757 3818 829 3872 ita
860 3816 934 3872 sit
955 3828 1008 3873 et
1017 3819 1283 3889 judicium
1302 3819 1542 3874 futurum
1561 3837 1573 3872 :
1602 3825 1858 3894 quoniam

282 3906 497 3975 quidem
514 3918 717 3980 typo,et
731 3908 933 3965 umbrae
948 3910 1250 3965 calestium
1263 3911 1537 3966 deservire
1550 3911 1573 3943 ⁸
1605 3911 1862 3969 dicuntur

281 3998 337 4053 hi
352 4000 441 4068 qui
455 4001 554 4054 sub
570 4000 687 4071 lege
700 4011 848 4069 sunt;
863 4016 928 4057 ne
941 4001 1080 4059 forte
1095 4004 1255 4058 simili
1272 4005 1503 4075 quadam
1518 4006 1726 4060 ratione
1740 4021 1868 4078 aga-

283 4098 374 4142 tur
386 4091 547 4143 etiam
566 4090 803 4149 futurum
828 4092 1091 4162 judicium
1109 4094 1159 4147 in
1177 4108 1270 4149 eos
1284 4095 1375 4164 qui
1389 4097 1723 4165 praevaricati
1744 4097 1859 4153 fne-

283 4178 389 4232 rint
412 4179 607 4249 legem.
650 4180 785 4236 Cum
826 4196 955 4252 ergo
982 4183 1223 4239 diversas
1243 4185 1295 4239 in
1322 4184 1614 4254 Scripturis
1630 4187 1861 4243 dicicla-

282 4272 453 4325 ruerit
485 4272 649 4341 leges,
685 4274 730 4328 si
759 4276 880 4343 quis
918 4276 969 4329 itt
1006 4286 1211 4331 tantum
1239 4293 1428 4333 omnes
1458 4278 1554 4333 has
1581 4278 1859 4350 refugerit,

1974 1808 2026 1862 itt
2061 1807 2178 1878 lege
2207 1809 2409 1878 scripta
2443 1818 2587 1863 sunt.
2625 1808 2740 1863 Non
2764 1811 2909 1864 enim
2942 1814 3058 1865 haec
3085 1808 3172 1863 lcx
3207 1808 3262 1863 in
3288 1808 3527 1863 cordibus

1970 1900 2209 1967 gentium
2250 1903 2456 1970 scripta
2483 1912 2567 1958 est
2599 1903 2675 1975 (l)
2702 1917 2717 1956 :
2753 1903 2846 1958 sed
2878 1903 2981 1958 hoc
3012 1912 3097 1957 est
3140 1902 3287 1972 quod
3339 1900 3525 1955 sentire

1970 1989 2289 2044 naturaliter
2316 2002 2540 2060 possunt
2574 2009 2587 2045 :
2624 1995 2771 2049 verbi
2813 1994 3009 2062 gratia,
3061 2007 3128 2047 ne
3156 1991 3524 2055 homicidium,

1968 2098 2038 2136 tte
2065 2082 2387 2137 adulterium
2417 2084 2637 2151 faciant,
2673 2100 2740 2141 ne
2770 2084 3041 2151 furentur,
3076 2100 3141 2138 ne
3163 2083 3362 2137 falsum
3390 2083 3526 2136 testi-

1968 2174 2210 2228 monium
2237 2175 2419 2230 dicant
2448 2192 2463 2241 ;
2493 2186 2554 2231 ut
2586 2177 2851 2232 honorent
2872 2186 3078 2245 patrem
3110 2185 3166 2231 et
3214 2181 3523 2238 matrem,et

1969 2264 2159 2317 horum
2188 2264 2405 2320 similia.
2429 2263 2699 2321 Fortassis
2726 2277 2781 2321 et
2806 2267 2947 2337 quod
2982 2268 3124 2321 Deus
3153 2282 3294 2321 unus
3323 2276 3523 2320 creator

1967 2356 2038 2409 sit
2075 2356 2338 2423 omnium,
2375 2357 2635 2427 scriptum
2671 2366 2755 2414 est
2794 2360 2844 2413 in
2865 2359 3116 2413 cordibus
3142 2359 3407 2426 gentium.
3430 2356 3527 2410 Ma-

1965 2444 2049 2513 gis
2083 2456 2262 2501 tamen
2294 2446 2428 2502 mihi
2451 2448 2699 2505 videntur
2726 2450 2858 2513 hare,
2890 2464 3010 2519 quae
3045 2449 3097 2503 in
3130 2450 3299 2504 corde
3339 2449 3525 2515 scripta

1964 2538 2238 2605 dicuntur,
2284 2554 2407 2594 cum
2463 2540 2790 2611 evangelicis
2834 2541 3043 2612 legibus
3090 2541 3405 2605 convenire,
3446 2537 3524 2593 ubi

1963 2639 2156 2685 cuncta
2197 2631 2264 2687 ad
2310 2632 2612 2687 naturalem
2668 2633 2981 2687 referuntur
3025 2633 3362 2701 mquitatem.
3400 2629 3525 2696 Quid

1962 2725 2106 2778 enim
2150 2726 2222 2779 ita
2254 2725 2589 2781 naturalibus
2618 2726 2865 2782 sensibus
2900 2726 3235 2795 proximum,
3263 2739 3425 2793 quam
3471 2732 3523 2776 ut

1960 2830 2081 2885 quae
2105 2815 2292 2870 nolunt
2308 2817 2409 2871 sibi
2436 2817 2553 2871 ﬁeri
2572 2817 2836 2882 homines,
2863 2818 2978 2871 ltzee
3003 2831 3071 2872 nc
3091 2814 3299 2870 faciant
3323 2815 3440 2870 aliis
3457 2814 3526 2867 ηρ

1959 2905 2087 2977 Legi
2111 2922 2242 2962 vero
2268 2907 2437 2979 Moysi
2471 2909 2804 2964 concordare
2821 2908 2909 2963 lex
2946 2906 3209 2962 naturalis
3231 2908 3523 2962 secundum

1960 2999 2228 3067 spiritum,
2255 3015 2363 3055 non
2409 3000 2705 3056 secundum
2750 3000 2985 3056 litteram
3017 3009 3212 3070 potest.
3238 2998 3383 3053 Nam
3417 3011 3523 3068 quae

1958 3091 2064 3143 erit
2096 3090 2149 3144 in
2190 3090 2291 3145 hoc
2328 3090 2683 3161 intelligentia
2725 3087 3020 3153 naturalis,
3049 3088 3199 3144 verbi
3245 3088 3446 3159 gratia,
3473 3096 3525 3140 ut

1958 3191 2147 3236 octava
2181 3181 2270 3236 die
2295 3183 2419 3251 quis
2449 3181 2805 3237 circumcidat
2836 3180 3120 3249 infantem,
3143 3191 3391 3235 autcum
3424 3180 3522 3234 lino

1960 3273 2121 3327 simul
2152 3288 2219 3329 ne
2244 3274 2367 3328 lana
2402 3284 2636 3343 texatur,
2667 3274 2753 3331 vel
2774 3290 2841 3332 ne
2870 3275 2991 3345 quis
3021 3276 3076 3330 in
3124 3274 3211 3329 die
3255 3272 3521 3329 Novorntn

1959 3365 2337 3421 fermentatum
2382 3365 2586 3434 aliquid
2631 3368 2757 3422 edat
2782 3365 2827 3399 “
2855 3366 2878 3420 ἲ
2906 3366 3036 3433 Qua:
3084 3381 3207 3421 cum
3240 3365 3525 3435 aliquoties

1958 3456 2339 3525 objecissemus
2370 3455 2595 3522 Judazis,
2637 3438 2694 3511 et
2720 3457 3057 3527 exigeremus
3087 3457 3164 3527 (2)
3212 3466 3273 3511 ut
3325 3458 3368 3511 si
3403 3456 3520 3523 quid

1960 3547 2014 3601 in
2053 3547 2138 3601 his
2158 3546 2407 3602 utilitatis
2434 3557 2599 3613 esset,
2627 3549 3000 3610 ostenderent,
3041 3548 3250 3601 scimus
3281 3562 3377 3602 eos
3429 3549 3520 3599 hoc

1959 3639 2135 3692 solum
2192 3639 2518 3708 respondere
2547 3638 2762 3706 solitos,
2810 3639 2935 3708 quia
2965 3640 3037 3692 ita
3063 3640 3236 3693 visum
3262 3640 3342 3693 sit
3378 3637 3522 3707 legis-

1959 3731 2140 3785 latori.
2168 3728 2278 3785 Nos
2300 3744 2428 3785 vero
2451 3730 2541 3799 qui
2572 3730 2685 3785 hmc
2707 3731 2889 3785 omnia
2935 3730 3303 3799 spiritualiter
3336 3730 3522 3785 intelli-

1959 3824 2129 3891 genda
2166 3822 2452 3889 sentimus,
2494 3822 2699 3877 idcirco
2741 3832 2797 3876 et
2843 3837 2947 3877 non
2994 3824 3296 3889 auditores,
3324 3824 3420 3879 sed
3448 3823 3520 3874 ra-

1960 3926 2139 3970 ctores
2189 3912 2325 3984 legis
2374 3913 2750 3983 justiflcandos
2788 3914 2834 3945 “
2872 3914 3185 3979 credimus,
3234 3930 3347 3969 non
3400 3914 3520 3983 legis

1960 4006 2259 4061 secundum
2309 4006 2567 4070 litteram,
2601 4021 2722 4076 qua:
2752 4007 2933 4077 utique
2974 4022 3074 4076 pro
3106 4008 3188 4062 sui
3227 4006 3521 4077 impossibi-

1962 4096 2111 4152 litate
2157 4111 2262 4151 non
2292 4105 2472 4167 potest
2519 4098 2719 4152 habere
2768 4096 3052 4160 faetorem.
3106 4099 3201 4152 sed
3231 4100 3518 4153 secundum

1962 4187 2232 4254 spiritum,
2261 4201 2357 4256 per
2386 4203 2543 4256 quem
2568 4187 2905 4243 solummodo
2933 4187 3139 4258 impleri
3176 4188 3261 4243 lex
3308 4190 3516 4258 poterit.

1962 4276 2075 4333 Hoc
2092 4287 2175 4333 est
2198 4293 2329 4349 ergo
2349 4294 2482 4349 opus
2505 4279 2661 4348 legis,
2685 4278 2825 4348 quod
2848 4279 3013 4333 etiam
3059 4287 3248 4349 gentes
3297 4281 3519 4349 Aposto-

282 4368 341 4411 ut
371 4361 533 4416 etiam
568 4365 832 4420 naturalis
858 4368 973 4436 ipsa
1006 4367 1112 4432 lex,
1140 4384 1258 4437 qure
1272 4369 1401 4422 nulli
1429 4368 1542 4424 fere
1563 4371 1857 4443 deest(97),
1892 4391 1935 4447 ι)
1965 4371 2046 4426 lus
2072 4371 2201 4426 dicit
2232 4370 2456 4440 implere
2480 4370 2799 4425 naturaliter
2822 4382 2998 4438 posse.
3024 4368 3159 4423 Cum
3184 4368 3330 4422 enim
3363 4378 3517 4438 agunt

280 4452 364 4507 vel
386 4468 483 4523 per
508 4456 784 4522 duritiam,
810 4458 894 4514 vel
915 4473 1011 4528 per
1039 4461 1452 4517 crassitudinem
1496 4464 1677 4518 cordis
1718 4466 1857 4519 obli-

345 4592 392 4668 ξ’
419 4593 559 4668 Psnl.
587 4610 715 4659 xxx,
735 4596 824 4652 90.
898 4598 944 4628 °'
974 4597 1102 4652 Luc.
1132 4614 1244 4661 XIX,
1268 4598 1353 4653 10.
1429 4600 1473 4630 ³⁷
1498 4600 1686 4657 Matth.
1718 4604 1846 4666 ΠΛ

2013 4606 2043 4637 ’⁸
2073 4602 2426 4668 Psal.cxvnt,
2461 4601 2583 4656 l76.
2661 4600 2706 4630 ⁹⁹
2736 4599 2866 4653 an.
2896 4600 2994 4660 xv'.
3042 4597 3096 4653 8.

277 4663 300 4701 ³
324 4659 517 4716 Ezeeb.
546 4681 730 4727 xxxrv,
764 4668 816 4720 4.
893 4668 1066 4722 'ibitl.
1098 4668 1183 4722 16.
1231 4659 1282 4700 Ὗ
1309 4668 1558 4732 anmx,
1597 4674 1682 4726 10.
1757 4659 2004 4733 δ’ΜδιιΙι.
2035 4690 2118 4732 xv.
2147 4674 2237 4728 2i.
2308 4659 2749 4731 “Jnan.xvtt.l‘2.

1964 4478 2082 4536 qua:
2111 4463 2247 4533 legis
2281 4472 2427 4527 sunt,
2462 4480 2479 4513 ι
2523 4462 2723 4532 scripta
2758 4480 2777 4512 ι
2815 4460 3025 4515 videtur
3064 4459 3150 4515 lex
3182 4460 3237 4514 in
3267 4460 3513 4515 cordibus

3206 4598 3222 4628 '
3260 4597 3390 4652 ibid.
3426 4598 3509 4652 21.

2825 4668 2901 4732 ἰι
2927 4669 3051 4722 Cor.
3078 4682 3115 4729 ι,
3139 4666 3223 4722 19.
3298 4669 3321 4699 ⁸
3350 4668 3508 4721 Exod.

281 4748 393 4810 xxI,
414 4749 563 4810 _xxu_.
639 4739 659 4767 ’
688 4736 983 4810 llebr.vttt,
1006 4739 1060 4810 5.
1092 4809 1101 4810 ί
1138 4739 1179 4769 ¹⁰
1214 4738 1485 4810 (Ξυιίιιεν,
1513 4741 1565 4795 5.
1643 4744 1684 4775 ¹¹
1715 4743 1846 4799 Rom

2013 4744 2153 4798 l-l6.
2231 4745 2275 4777 ¹²
2303 4742 2436 4800 Tob.
2470 4758 2542 4808 tv,
2576 4740 2660 4794 16.
2735 4740 2775 4771 ⁸³
2805 4739 3097 4809 Levit.xtt,
3118 4740 3176 4808 5;
3198 4738 3352 4794 Deut.
3382 4754 3507 4803 xxn,

283 4802 379 4867 ll;
411 4804 580 4858 Exod.
610 4807 814 4871 xn,l5,
848 4808 939 4862 19.
1020 4809 1063 4839 ³⁸
1087 4809 1245 4863 Rom.
1274 4825 1336 4869 tt.
1371 4809 1457 4864 15.

346 4917 462 5060 (92)
506 4937 524 4971 ι
560 4918 694 4974 Sibi.
736 4938 754 4972 ι
784 4919 839 4975 1η
870 4922 1031 4978 editis
1069 4923 1356 4978 omittitur.

373 4991 463 5057 95)
508 4990 600 5044 Sic
630 5006 731 5044 ms.
767 4990 966 5060 Regius
999 5008 1145 5048 num.
1176 4995 1356 5048 1639c

373 4991 463 5057 95)
508 4990 600 5044 Sic
630 5006 731 5044 ms.
767 4990 966 5061 Regius
999 5008 1145 5048 num.
1176 4995 1313 5048 1659
1338 5005 1392 5048 et
1428 4993 1705 5049 Rabanus.
1731 4994 1845 5049 Ca:-

276 5061 377 5118 teri
414 5074 713 5131 vero_ntss.
761 5070 816 5114 et
861 5063 1012 5127 editi,
1048 5081 1067 5115 ι
1102 5079 1225 5117 mna
1262 5084 1281 5115 ι
1325 5080 1423 5131 pro
1450 5084 1468 5117 ι
1507 5066 1782 5118 drachma.
1820 5084 1839 5117 ι

357 5129 469 5200 (94)
503 5148 521 5180 ι
552 5129 909 5205 Magisquam
935 5147 1097 5201 super
1116 5149 1180 5188 eo
1201 5134 1293 5205 qui
1327 5129 1433 5189 non
1452 5135 1707 5205 perierat,
1744 5150 1845 5190 nec

276 5203 531 5264 inventus
552 5210 654 5255 est.
672 5220 691 5252 ι
715 5200 840 5255 Haec
870 5202 922 5254 in
954 5200 1282 5273 atiteaeditis
1311 5200 1765 5266 desiderantumet
1786 5206 1841 5273 (in

276 5274 552 5341 plerisque
597 5286 970 5343 tnss.neenon
1016 5271 1156 5342 apud
1209 5274 1526 5343 Rabanunt,
1560 5278 1653 5331 sed
1681 5277 1840 5330 resti-

279 5352 504 5394 utuntur
534 5356 600 5395 ex
636 5342 848 5397 duobus
888 5357 1017 5397 mss.

353 5414 461 5485 (95)
502 5415 590 5470 Sic
626 5417 795 5494 codex
833 5416 1196 5494 Vallis-{llatae
1231 5427 1287 5473 et
1335 5419 1442 5475 duo
1481 5420 1652 5494 Regii.
1695 5424 1848 5482 Salo-

279 5482 473 5560 dia'nu's
510 5501 609 5560 pro
654 5507 671 5538 ‹
717 5487 926 5560 fugerat
953 5506 988 5560 _i
1032 5487 1160 5559 legit
1204 5508 1221 5539 ι
1268 5482 1619 5560 suggeram“:
1663 5499 1847 5551 cmteri

281 5553 429 5625 editi,
465 5574 483 5603 ι
513 5553 830 5625 ῑτθερηιῑῖι
857 5556 1038 5612 Codex
1075 5553 1203 5613 vero
1241 5553 1586 5616 Ebfdicensis
1625 5573 1680 5619 et
1706 5583 1847 5622 unus

280 5618 500 5700 Regius,
548 5644 565 5674 ι
604 5618 774 5700 ctiam
809 5626 979 5695 ipsam
1009 5629 1306 5700 naturalem
1331 5629 1440 5699 jam
1475 5618 1847 5700 adeptusfue;

282 5681 587 5765 ratVlegem.
627 5713 645 5744 ι
680 5681 951 5764 Rabaitus,
988 5718 1004 5751 ι
1042 5681 1705 5769 etiamipse—secundum
1729 5681 1844 5761 iia-

1959 4916 2184 4972 turalem
2222 4916 2330 4984 iam
2369 4914 2542 4969 fuerat
2576 4910 2766 4981 legem.
2806 4928 2824 4961 ι

2024 4992 2251 5063 (96)ιιει
2289 4991 2572 5063 Rabanus,
2624 4991 2768 5059 quod
2828 4998 3030 5046 rectttts
3084 4990 3301 5063 videtur
3354 5006 3502 5061 quam

1958 5078 1976 5112 ‹
2010 5060 2123 5130 pro
2147 5062 2306 5127 bono,
2342 5080 2360 5112 ι
2393 5071 2451 5114 ιιι
2483 5060 2661 5115 ferunt
2689 5075 2878 5115 omnes
2910 5074 3040 5115 mss.
3081 5061 3253 5116 nosui
3283 5071 3338 5117 et
3360 5060 3500 5118 editi.

2020 5132 2132 5198 (97)
2170 5131 2341 5195 Alias,
2370 5148 2390 5182 ‹
2427 5131 2623 5193 defert,
2659 5149 2679 5181 ι
2715 5132 2878 5184 male.

1947 5272 1961 5283 ο
2019 5202 2132 5273 (98)
2172 5202 2378 5267 Editi,«
2416 5201 2718 5269 ejusmodi;
2751 5218 2771 5253 ι
2797 5211 2852 5255 ct
2892 5208 3095 5270 postea,
3132 5218 3152 5251 α
3180 5201 3499 5258 conscientia

1945 5287 2207 5327 lusorum.
2250 5290 2270 5323 1
2724 5316 2727 5317 ,

1968 5288 2334 5425 Ῠῖξὲίωιέρἶῑ,
2352 5359 2371 5392 ι
2393 5316 2779 5410 cogitationum
2802 5340 3198 5407 ³⁰⁰υ⁸³¹¹¹ί¹¹¹¹¹⁹
3235 5342 3496 5398 “meum

1945 5412 2363 5467 defendentium.
2400 5430 2421 5463 ι

2016 5482 2090 5552 (l)
2132 5482 2225 5536 Sic
2255 5491 2400 5553 recte
2432 5497 2563 5539 mss.
2584 5484 2688 5538 duo
2715 5481 3095 5553 Regii.Caeteri
3127 5498 3254 5540 vero
3275 5491 3330 5540 et
3350 5480 3493 5545 editi,

1950 5571 1971 5605 r
2014 5554 2213 5607 dicitur
2240 5552 2457 5621 scripta.
2479 5573 2497 5604 ι

2016 5622 2093 5693 (2)
2123 5624 2196 5677 Ita
2231 5639 2357 5698 mss.
2389 5622 2528 5698 Editi
2562 5637 2709 5687 vero,
2742 5623 2812 5680 al.
2845 5639 3253 5698 turgercmusn
3285 5622 3352 5683 al.
3384 5622 3489 5679 tin-

1947 5708 2213 5767 gercmus,
2234 5697 2329 5751 ιιι).
2348 5712 2367 5749 ε
2398 5697 2789 5764 ingercrcmus.
2825 5713 2845 5750 ι
