3684 6148
71 238 204 298 893

1058 236 1416 297 COMMENT.
1457 235 1527 291 1N
1565 233 1785 291 EPIST.
1825 234 1917 290 AD
1956 232 2123 291 ROM.
2159 232 2288 288 LIB.
2326 231 2389 286 ιι.

3255 231 3360 288 81M

70 370 293 410 eorum
344 370 375 411 a
410 357 545 424 Deo,
586 372 608 410 ι
664 371 771 412 non
821 365 1148 423 atramento,
1186 359 1281 414 sed
1342 358 1547 428 Spiritu
1591 357 1683 411 Dei
1716 358 1762 415 A
1860 357 1947 411 10.
1989 354 2144 409 Nunc
2173 354 2451 408 videamus
2473 350 2614 420 quod
2644 351 2927 420 sequitur:
2968 367 2987 401 ί
3034 347 3102 404 Ει
3132 348 3271 404 inter
3300 364 3359 404 se

72 448 206 502 vivi
247 448 311 503 ".
350 444 553 517 i’Quod
603 461 782 506 autem
833 451 986 517 dicit,
1023 469 1042 502 ι
1094 452 1145 505 in
1179 451 1468 517 cordibus,
1508 470 1529 504 ι
1574 468 1682 507 non

71 547 176 593 est
214 543 516 610 putandum
566 542 691 612 quia
729 543 780 597 in
814 543 1057 598 membro
1085 544 1351 612 corporis,
1397 544 1540 613 quod
1588 559 1684 599 cor

75 632 448 703 appellatur,
490 635 576 689 lex
625 636 827 705 scripta
874 635 1108 692 dicatur.
1156 635 1309 692 Unde
1357 638 1502 693 enim
1551 653 1681 693 caro

75 735 191 779 aut
233 737 415 782 tantos
468 728 769 798 prudentia:
815 743 1008 785 sensus
1054 731 1226 799 possit
1272 732 1545 794 emittere,
1586 741 1682 785 aut

78 827 258 873 tanta
311 820 589 875 memorias
662 822 1002 890 receptacula
1062 823 1346 878 continere
1399 824 1476 894 (5)
1518 823 1681 880 iSed

76 911 385 966 sciendum
415 923 500 966 est
542 912 859 967 rationalem
894 914 1089 969 animm
1133 915 1392 970 virtutem
1444 930 1539 971 cor
1588 931 1678 972 so-

77 1002 212 1058 lere
240 1005 537 1060 nominari.
570 1009 753 1077 Atque
787 1005 862 1079 (4)
890 1008 1199 1065 testimonio
1222 1024 1368 1065 sana:
1399 1011 1681 1065 conscien-

78 1094 183 1148 tia:
237 1094 315 1148 uti
365 1094 656 1165 Apostolus
707 1097 844 1153 dicit
880 1113 995 1164 eos,
1023 1099 1115 1168 qui
1148 1099 1479 1169 descriptam
1506 1099 1680 1154 couti-

75 1194 231 1239 nent
260 1185 317 1240 in
340 1188 599 1243 cordibus
638 1188 837 1258 legem.
878 1188 1037 1244 Unde
1074 1191 1440 1246 necessarium
1469 1191 1681 1247 videtur

79 1276 395 1345 discutere,
428 1280 558 1350 quid
584 1281 726 1337 istud
752 1283 825 1337 sit
853 1281 997 1352 quod
1024 1283 1409 1339 conscientiam
1448 1285 1679 1354 Aposto-

78 1369 176 1425 lus
202 1381 368 1426 vocat
393 1390 408 1427 :
438 1383 689 1429 utrumne
711 1374 816 1428 alia
853 1375 924 1431 sit
950 1376 1129 1447 aliqua
1161 1375 1484 1442 substantia,
1514 1391 1678 1445 quam

80 1477 213 1530 cor,
257 1465 345 1519 vel
372 1467 575 1521 anima.
616 1467 743 1523 Haec
794 1469 939 1523 enim
985 1471 1318 1524 conscientia
1358 1469 1436 1540 (5)
1468 1480 1523 1524 et
1550 1469 1675 1524 alibi

79 1556 325 1626 dicitur,
342 1560 469 1629 quia
496 1561 877 1630 reprehendat,
903 1576 1008 1616 non
1032 1562 1478 1630 reprehendatur,
1509 1570 1564 1616 et
1587 1562 1677 1632 ju-

79 1647 242 1705 dicet
284 1650 583 1718 hominem,
609 1666 714 1706 non
760 1652 875 1721 ipsa
904 1652 1200 1722 judicetur,
1240 1653 1380 1708 sicut
1412 1653 1488 1706 ait
1515 1651 1677 1707 Juan~

1788 449 2017 504 invicem
2058 443 2478 515 cogitationibus
2502 443 2906 509 accusantibus,
2940 452 3033 497 aut
3065 442 3231 497 etiam
3262 444 3359 498 dc-

1784 538 2126 595 fendentibus
2152 538 2204 591 in
2227 537 2334 601 die,
2362 537 2762 606 cumjudicahit
2785 536 2926 589 Deus
2951 536 3155 589 esculta
3185 535 3360 587 homi-

1783 647 1910 686 num
1940 631 2233 685 secundum
2263 628 2610 697 Evangelium
2642 642 2840 692 meum,
2859 641 2955 695 per
2981 625 3167 681 Jesum
3200 625 3360 680 Chri-

1782 727 1922 773 stum
1946 718 2012 774 “.
2049 737 2069 771 ι
2110 718 2333 772 Rectum
2377 717 2640 787 judicium
2686 716 2779 771 Dei
2820 731 2939 771 esse
2969 717 3091 785 quis
3121 716 3354 779 dubitet,
3432 716 3437 723 ’

1783 810 1873 865 ubi
1922 819 2269 864 accusatores
2294 849 2310 874 ,
2344 819 2401 864 et
2442 808 2757 863 defensores
2804 808 3131 862 adhibentur
3166 816 3222 861 et
3278 816 3357 861 te-

1781 901 1939 956 stes?
1964 901 2028 955 Et
2052 902 2270 971 quidem
2297 901 2364 955 de
2390 901 2496 955 hoc
2518 900 2667 969 justo
2692 898 2785 955 Dei
2811 898 3017 968 judicio
3055 913 3153 952 nos
3183 897 3357 951 hemi-

1781 1007 1879 1047 nes
1907 992 2188 1061 capiamus
2212 991 2540 1062 exemplum,
2577 1006 2676 1045 nec
2708 999 2957 1060 putemus
2979 1004 3216 1057 unquam
3241 989 3358 1041 sine

1782 1096 2090 1151 accusante,
2115 1094 2169 1139 et
2212 1084 2553 1147 defendente,
2592 1095 2647 1138 et
2676 1084 2904 1138 testibus
2931 1083 3135 1153 justum
3165 1081 3356 1135 haberi

1779 1189 1937 1245 posse
1970 1175 2246 1244 judicium.
2277 1174 2480 1230 Deinde
2519 1174 2808 1230 videndum
2862 1182 2947 1230 est
2985 1174 3260 1243 quomodo
3298 1172 3353 1227 in

1779 1267 1866 1321 illa
1890 1268 2126 1329 die,cum
2143 1268 2407 1335 judicabit
2430 1266 2571 1322 Deus
2596 1265 2805 1322 occulta
2833 1266 3130 1329 hominum,
3149 1264 3358 1334 cogita-

1777 1361 1953 1415 tiones
1980 1357 2144 1430 487
2178 1359 2259 1415 vel
2310 1359 2642 1414 accusabunt
2693 1359 2958 1425 animam,
3014 1356 3099 1412 vel
3162 1356 3352 1410 defen-

1777 1453 1926 1513 dent,
1962 1468 2067 1505 non
2103 1453 2291 1520 utique
2322 1451 2428 1506 illa:
2460 1451 2819 1521 cogitationes
2847 1465 2969 1520 qua:
2999 1462 3129 1505 tunc
3162 1460 3351 1516 erunt,

1775 1545 1872 1599 sed
1897 1545 2013 1601 ista:
2047 1560 2171 1614 qua:
2209 1558 2352 1599 nunc
2385 1553 2512 1601 sunt
2559 1545 2613 1599 in
2659 1546 2835 1600 nobis.
2888 1544 3020 1599 Cum
3066 1545 3210 1599 enim
3237 1544 3356 1597 sive

1778 1635 1938 1700 bona,
1987 1637 2104 1690 sive
2152 1634 2290 1688 mala
2321 1634 2654 1703 cogitamus,
2698 1634 2846 1689 velut
2877 1634 2931 1687 in
2967 1633 3111 1688 ceris
3139 1632 3239 1705 (9),
3274 1634 3350 1686 ita

79 1756 189 1797 “es
218 1759 237 1798 ε
285 1761 304 1794 ι
359 1742 417 1798 εί
454 1720 814 1809 consciam,
846 1763 865 1796 ,
903 1720 1117 1814 inquit,
1168 1762 1187 1796 ε
1227 1752 1413 1799 nostra
1455 1744 1533 1814 (ε)
1570 1760 1676 1799 non
1707 1720 1752 1777 Β
1778 1726 1831 1780 in
1857 1727 2020 1781 corde
2046 1735 2231 1781 nostro
2256 1735 2363 1780 tam
2390 1727 2651 1781 bonarum
2682 1741 2844 1796 quam
2908 1727 3169 1781 malarum
3198 1725 3346 1795 cogi-

80 1834 465 1901 reprehendat
492 1851 613 1902 nos,
672 1835 924 1891 fiduciam
959 1838 1219 1892 habemus
1260 1838 1326 1890 ad
1363 1837 1530 1890 Deum
1554 1836 1615 1890 ³⁸.
1652 1857 1671 1889 ι

79 1924 152 1979 Et
186 1926 398 1981 iterum
437 1928 555 1996 ipse
585 1927 785 1983 Paulus
816 1928 940 1982 alibi
988 1929 1122 1984 dicit
1148 1930 1212 1995 ",
1249 1930 1375 1997 quia
1411 1945 1432 1980 ‹
1470 1930 1676 1999 gloria-

84 2018 163 2071 tio
194 2029 391 2075 nostra
443 2021 559 2076 lucc
605 2028 710 2088 est,
757 2020 1126 2075 testimonium
1162 2022 1514 2076 conscientias
1575 2038 1675 2076 no-

81 2114 241 2162 strae.
288 2128 309 2162 ι
363 2109 499 2176 Quia
553 2125 686 2178 ergo
728 2120 933 2165 tantam
980 2109 1097 2178 ejus
1146 2111 1304 2167 video
1344 2112 1673 2177 libertatem,

82 2214 210 2267 quae
242 2200 298 2254 in
327 2200 485 2257 bonis
527 2203 743 2272 quidem
775 2203 944 2273 gestis
972 2204 1202 2271 gaudeat
1230 2219 1462 2275 semper,
1502 2215 1557 2259 et
1580 2220 1678 2260 ex-

82 2290 278 2357 sultet,
315 2293 372 2346 in
410 2293 567 2349 malis
597 2308 728 2349 vero
754 2308 861 2349 non
902 2306 1181 2366 arguatur,
1231 2297 1324 2351 sed
1362 2297 1531 2366 ipsam
1566 2298 1679 2352 ani-

88 2398 241 2436 mam
288 2383 378 2438 cui
409 2385 667 2452 cohaeret,
704 2386 1085 2456 reprehendat,
1114 2399 1169 2442 et
1198 2399 1410 2459 arguat,
1440 2388 1676 2445 arbitror

84 2477 237 2543 quod
272 2476 392 2545 ipse
439 2477 511 2533 sit
568 2479 817 2547 spiritus,
850 2480 945 2548 qui
995 2481 1063 2536 ab
1111 2481 1369 2551 Apostolo
1392 2497 1511 2539 esse
1551 2498 1673 2538 cum

87 2569 275 2622 anima
305 2569 530 2637 dicitur,
557 2572 857 2626 secundum
883 2574 1027 2642 quod
1057 2574 1108 2628 in
1140 2575 1513 2645 superioribus
1545 2577 1676 2631 edo-

88 2662 330 2730 cuimus,
365 2662 515 2717 velut
571 2665 894 2735 paedagogus
946 2667 995 2722 ei
1044 2669 1266 2737 quidam
1304 2671 1564 2732 sociatus,
1621 2679 1676 2724 et

94 2765 299 2820 rector,
337 2766 396 2811 ut
423 2771 542 2812 eam
578 2760 645 2812 de
676 2758 998 2815 melioribus
1029 2771 1264 2828 moneat,
1288 2762 1372 2815 vel
1403 2763 1470 2817 de
1504 2763 1675 2833 culpis

91 2848 346 2918 castiget,
373 2856 429 2903 et
456 2857 685 2918 arguat;
712 2849 779 2904 de
810 2865 919 2919 quo
940 2846 997 2906 et
1038 2852 1169 2907 dicit
1195 2853 1510 2923 Apostolus,
1547 2860 1674 2928 quia

94 2960 112 2988 ‹
154 2955 320 2995 nemo
346 2940 449 2996 scit
478 2939 756 2995 hominum
790 2956 911 3011 qua:
955 2952 1083 2997 sunt
1134 2945 1390 3014 hominis,
1421 2949 1524 3003 nisi
1564 2950 1676 3018 spi-

93 3031 231 3088 ritus
265 3033 530 3098 hominis,
558 3034 650 3103 qui
683 3035 736 3088 in
777 3035 893 3103 ipso
915 3045 999 3091 est
1022 3037 1062 3067 ³⁸
1090 3053 1105 3102 ;
1142 3056 1162 3090 ι
1210 3046 1263 3093 et
1294 3039 1408 3109 ipse
1434 3041 1507 3095 sit
1539 3056 1671 3098 con-
1699 3068 1742 3125 α

92 3125 342 3180 scientia:
364 3125 613 3196 spiritus,
635 3128 702 3182 de
723 3142 830 3197 quo
874 3128 1005 3182 dicit
1035 3145 1047 3179 :
1096 3146 1115 3180 ι
1154 3129 1274 3199 lpse
1319 3129 1552 3201 Spiritus
1589 3144 1670 3190 te-

90 3219 409 3274 stimonium
437 3219 611 3275 reddit
630 3221 841 3290 spiritui
866 3232 1052 3276 nostro
1077 3223 1178 3277 η.»
1211 3222 1432 3279 Etl‘orte
1450 3225 1537 3279 hic
1556 3225 1671 3295 ipse

92 3311 324 3381 spiritus
347 3320 454 3378 est,
485 3312 576 3382 qui
614 3313 852 3367 cohaeret
899 3314 1185 3369 animabus
1220 3314 1523 3385 justorum,
1550 3330 1671 3386 quae.

93 3404 195 3459 sibi
227 3404 288 3459 in
328 3403 582 3459 omnibus
621 3404 940 3459 obedientes
985 3405 1226 3473 iuerint;
1264 3416 1320 3462 et
1370 3407 1499 3470 ideo.
1536 3408 1671 3463 scri-

91 3504 240 3566 ptum
269 3505 357 3552 est
382 3513 396 3549 :
440 3514 460 3548 (
512 3494 777 3561 Laudate,
808 3495 1034 3565 spiritus
1065 3505 1120 3550 et
1144 3499 1337 3553 anima:
1363 3496 1660 3566 justorum,

91 3588 382 3644 Dominum
404 3588 470 3648 ’⁸.
508 3607 527 3641 ι
557 3587 615 3643 Si
644 3603 774 3644 vero
811 3588 1128 3645 inohediens
1157 3592 1205 3645 ei
1235 3591 1414 3645 anima
1445 3601 1499 3645 et
1532 3607 1667 3647 con-

94 3688 282 3733 tumax
319 3677 503 3745 fuerit,
528 3678 806 3733 dividetur
827 3679 896 3733 ab
926 3693 990 3733 eo
1020 3688 1142 3748 post
1169 3694 1478 3746 excessum,
1504 3691 1563 3739 et.
1582 3697 1668 3738 se-

90 3768 392 3837 parabitur.
428 3767 495 3821 Et
518 3778 739 3838 propter
758 3768 858 3824 hoc
879 3777 1010 3838 puto
1042 3770 1244 3826 dictum
1268 3786 1386 3826 esse
1412 3773 1466 3826 in
1493 3772 1669 3827 Evan-

94 3856 230 3925 gelio
256 3857 328 3912 de
360 3857 501 3912 malo
523 3857 703 3915 villico
755 3857 857 3928 (7),
883 3859 1009 3927 quia
1038 3876 1056 3911 ‹
1083 3858 1290 3914 dividet
1319 3876 1442 3915 eum
1482 3862 1667 3917 Domi-

93 3963 212 4015 nns,
227 3957 286 4005 et
310 3958 519 4018 partem
544 3946 659 4016 ejus
685 3962 809 4004 cum
850 3947 1155 4003 inﬁdelibus
1195 3959 1359 4019 ponet
1387 3952 1454 4003 ²¹.
1493 3968 1512 4002 ›
1547 3950 1667 4020 Ipse

93 4040 340 4097 fortassis
360 4048 442 4096 est
463 4041 708 4111 spiritus,
730 4040 797 4095 de
829 4055 937 4110 quo
965 4041 1223 4110 scriptum
1247 4050 1346 4103 est,
1375 4042 1500 4111 quia
1529 4060 1548 4093 ‹
1585 4042 1668 4097 in—
1701 4058 1717 4075 ο

94 4131 460 4203 corruptibilis
505 4141 590 4189 est
616 4134 836 4203 spiritus
879 4134 934 4188 in
972 4133 1280 4189 hominibus
1321 4135 1388 4188 ²².
1421 4152 1441 4187 ι
1480 4134 1550 4190 Et
1577 4151 1664 4191 se-

96 4226 324 4281 cundum
360 4241 425 4282 ea
441 4224 561 4296 qua:
586 4226 836 4296 superius
862 4225 1121 4292 diximus,
1159 4228 1285 4297 quia
1320 4228 1576 4283 dividitur
1602 4244 1667 4285 ac

97 4330 376 4386 separatur
402 4318 481 4391 (8)
511 4318 581 4373 ab
609 4319 788 4373 anima
827 4319 1155 4389 peccatrice,
1189 4330 1246 4374 ut
1270 4319 1359 4374 illa
1388 4335 1513 4374 cum
1544 4320 1667 4376 inll—

1783 1821 2047 1876 tationum
2082 1830 2225 1875 noue
2250 1822 2497 1889 quaedam
2544 1831 2596 1875 el
2644 1819 2923 1890 signacula
2956 1820 3351 1888 relinquuntur,

1777 1927 1897 1982 qua:
1921 1913 1974 1966 in
2005 1911 2219 1967 occulto
2247 1928 2391 1967 nunc
2420 1912 2659 1981 pectoris
2688 1913 2880 1981 posita,
2927 1913 2979 1965 in
3008 1911 3098 1965 illa
3124 1912 3213 1965 die
3258 1926 3349 1964 re-

1776 2003 1949 2058 velari
1981 2004 2236 2058 dicuntur
2267 2017 2297 2056 a
2352 2003 2502 2057 nullo
2542 2003 2669 2066 alio,
2719 2003 2821 2057 nisi
2852 2004 2918 2057 ab
2969 2017 3034 2057 eo
3068 2003 3160 2071 qui
3202 2003 3350 2057 solus

1776 2102 1954 2162 potest
1980 2093 2188 2149 occulta
2217 2092 2495 2147 hominum
2546 2095 2687 2148 scire
2716 2111 2730 2148 :
2764 2110 2994 2163 quorum
3046 2096 3347 2165 signorum,

1777 2184 1864 2238 vel
1887 2200 2114 2254 quarum
2145 2193 2392 2239 notarum
2425 2199 2622 2239 causas
2652 2199 2756 2239 non
2787 2184 2958 2238 latere
2988 2185 3161 2238 Deum
3181 2187 3344 2239 etiam

1778 2284 1965 2329 nostra
1993 2274 2329 2330 conscientia
2364 2273 2784 2329 contestabitur.
2840 2275 2991 2341 Quod
3054 2283 3233 2328 tamen
3260 2274 3349 2343 ju-

1776 2368 1996 2434 dicium,
2031 2367 2327 2422 secundum
2360 2366 2714 2434 Evangelium
2742 2365 2893 2419 Pauli
2928 2365 3054 2437 (hoc
3081 2375 3184 2431 est,
3203 2368 3349 2436 quod

1777 2457 1978 2514 Paulus
2012 2458 2321 2529 annuntiat)
2352 2474 2448 2529 per
2470 2457 2652 2513 Jesum
2678 2459 2953 2513 Christum
2994 2459 3106 2517 lict.
3135 2479 3155 2512 ¢
3187 2460 3349 2514 Pater

1775 2550 1921 2604 enim
1966 2552 2237 2605 neminem
2277 2552 2507 2621 judicat,
2550 2551 2643 2605 sed
2683 2566 2843 2606 omne
2885 2551 3150 2621 judicium
3196 2551 3351 2606 dedit

1777 2638 1913 2697 Filio
1941 2638 2006 2694 ⁸⁸.
2046 2658 2066 2692 ι
2098 2639 2338 2701 Marcion
2387 2648 2591 2703 tamen,
2643 2649 2697 2694 et
2726 2654 2915 2695 omnes
2971 2640 3062 2710 qui
3117 2640 3349 2696 diversis

1775 2730 2047 2800 ﬁgmentis
2094 2731 2279 2786 varias
2332 2730 2686 2785 introducunt
2728 2731 3030 2785 animarum
3099 2741 3344 2797 naturas,

1774 2822 1878 2875 hoc
1898 2836 1966 2874 ex
1991 2820 2109 2874 loco
2135 2820 2477 2890 apertissime
2524 2820 2897 2885 confutantur,
2940 2836 3061 2875 cum
3102 2836 3133 2875 a
3171 2822 3343 2875 Paulo

1775 2911 1972 2967 dicitur
2013 2910 2058 2942 “
2090 2911 2233 2966 Deus
2278 2912 2488 2966 occulta
2528 2911 2809 2966 hominum
2858 2911 3231 2982 judicareper
3254 2909 3344 2966 Je-

1775 3016 1893 3057 sum
1919 3000 2191 3056 Christum
2238 3017 2252 3054 :
2293 3012 2347 3057 et
2374 3003 2682 3058 ostenditur
2734 3016 3176 3071 unumquemque
3233 3017 3343 3057 non

1776 3106 1986 3149 natura:
2009 3093 2313 3164 privilegio,
2363 3095 2460 3150 sed
2492 3094 2729 3165 propriis
2781 3093 3201 3164 cogitationibus
3251 3106 3342 3150 ac-

1775 3194 2041 3253 cusatum,
2076 3185 2160 3240 vel
2195 3196 2535 3253 excusatum,
2562 3185 2909 3243 conscientia:
2937 3199 3049 3242 suae
3094 3186 3346 3241 testimo-

1774 3277 1865 3332 nio
1880 3277 2257 3349 judicandum.
2459 3294 2490 3335 ο

1846 3411 1935 3469 11.
1973 3428 1993 3463 ι
2030 3410 2089 3467 Si
2132 3422 2314 3467 autem
2361 3420 2416 3466 tu
2448 3410 2664 3468 Judarus
2692 3413 3117 3483 cognominaris,
3171 3421 3227 3467 et
3253 3427 3343 3467 re-

1774 3498 2008 3569 quiescis
2048 3503 2102 3555 in
2141 3501 2282 3570 lege,
2316 3510 2371 3556 et
2418 3499 2669 3571 gloriaris
2716 3502 2768 3555 in
2800 3501 2934 3565 Deo,
2977 3510 3033 3554 et
3059 3502 3344 3569 cognoscis

1773 3590 2104 3648 voluntatem
2134 3593 2272 3661 ejus,
2310 3600 2366 3647 et
2404 3595 2606 3662 probas
2646 3592 2886 3659 utiliora,
2915 3593 3212 3646 instructus
3241 3606 3342 3659 per

1774 3682 1969 3754 legem,
1992 3694 2047 3739 et
2068 3685 2363 3741 conlidiste
2402 3685 2595 3739 ducem
2662 3698 2778 3739 esse
2836 3698 3120 3747 caecorum,
3158 3683 3340 3737 lumen

1773 3792 1962 3832 eorum
2000 3779 2093 3847 qui
2127 3778 2180 3831 in
2238 3778 2476 3833 tenebris
2503 3786 2650 3844 sunt,
2709 3777 3035 3832 eruditorem
3078 3776 3340 3844 insipien-

1775 3872 1931 3938 tium,
1976 3871 2295 3941 magistrum
2362 3869 2681 3934 infantium,
2745 3869 3037 3923 habentem
3109 3868 3339 3922 formam

1774 3962 2014 4018 scientiae
2043 3972 2100 4017 et
2125 3961 2374 4017 veritatis
2400 3962 2454 4015 in
2484 3961 2622 4031 lege.
2667 3960 2768 4026 Qui
2798 3974 2926 4014 vero
2963 3962 3124 4014 doces
3152 3958 3341 4024 alium,

1774 4053 2004 4122 teipsum
2036 4066 2142 4106 non
2184 4050 2391 4105 doces:
2422 4051 2515 4119 qui
2560 4050 2825 4119 praedicas
2877 4064 2985 4103 non
3022 4047 3337 4113 furandum,

1771 4144 1975 4199 furaris
2004 4162 2017 4197 :
2051 4143 2143 4213 qui
2199 4143 2334 4197 dicis
2367 4157 2472 4196 non
2525 4141 2930 4206 niwchandum,
3000 4139 3337 4195 mtecharis:

1770 4237 1865 4307 qui
1912 4236 2248 4291 abominaris
2302 4234 2465 4303 idola,
2495 4236 2842 4306 sacrilegium
2880 4234 3214 4289 committis:
3245 4232 3339 4302 qui

1773 4330 1825 4383 in
1856 4328 1970 4397 lege
1998 4327 2276 4397 gloriaris,
2303 4342 2403 4397 per
2436 4327 2945 4397 praevaricationem
3001 4325 3135 4396 legis
3168 4325 3334 4382 Deum

96 4406 302 4464 delibus
337 4407 576 4478 accipiat
602 4416 837 4476 partem,
873 4414 1051 4477 potest
1085 4407 1336 4463 similiter
1375 4409 1459 4465 his
1489 4411 1663 4478 aptari
1694 4428 1740 4483 υ
1768 4420 2092 4483 demum-as.
2125 4418 2329 4474 Nomen
2365 4420 2513 4474 enim
2546 4419 2641 4473 Dei
2670 4435 2764 4488 per
2790 4433 2885 4472 vos
2919 4418 3330 4486 blasphematur

96 4509 149 4551 et
166 4498 294 4554 illud
324 4499 468 4568 quod
497 4499 699 4554 dictum
729 4508 812 4554 est
837 4515 853 4553 :
892 4517 911 4550 ί
946 4498 1116 4552 Erunt
1144 4500 1248 4553 duo
1272 4499 1325 4553 in
1351 4514 1500 4569 agro,
1529 4516 1668 4557 unus

100 4600 421 4657 assumetur,
466 4599 522 4646 et
554 4606 695 4646 unus
744 4590 1081 4660 relinquetur
1112 4606 1126 4642 :
1155 4598 1210 4645 et
1258 4591 1378 4644 duae
1426 4591 1496 4645 ad
1552 4606 1668 4646 mo-

100 4684 223 4750 lam,
259 4698 367 4741 una
396 4693 729 4750 assumetur,
773 4691 829 4736 et
860 4698 967 4737 una
1009 4681 1352 4752 relinquetur
1372 4681 1438 4736 ’³.
1478 4701 1498 4734 ι
1542 4681 1668 4740 Haec

102 4772 165 4827 de
187 4788 251 4830 eo
277 4775 424 4846 quod
451 4778 718 4846 scriptum
744 4786 829 4833 est
864 4793 879 4830 :
919 4793 939 4827 ι
972 4775 1364 4831 Testimonium
1405 4777 1667 4833 reddente

101 4869 444 4925 conscientia.
491 4888 513 4922 ι

168 5007 259 5064 "1
292 5006 423 5066 Cor.
465 5023 549 5075 Ill,
584 5007 639 5062 5.
714 5006 807 5061 “l
846 5006 1000 5067 Joan.
1040 5022 1127 5071 tu,
1168 5008 1259 5063 21.

104 5158 161 5212 ιι,
184 5147 268 5204 16.
340 5150 385 5183 ⁸⁷
410 5149 541 5207 ibid.
577 5148 643 5204 17
671 5163 790 5220 seq.

169 5261 243 5334 (5)
280 5263 373 5321 Sic
401 5265 529 5321 editi
578 5265 824 5335 plerique
864 5275 920 5321 et
964 5280 1095 5321 mss.
1135 5264 1261 5321 duo.
1283 5265 1476 5322 Caneri
1525 5283 1657 5325 vero

106 5343 226 5386 mss.
257 5345 312 5390 et
337 5336 505 5391 editio
535 5335 759 5402 Veneta,
791 5352 810 5386 ι
847 5343 941 5389 aut
978 5343 1126 5390 tanta
1171 5338 1443 5392 memoriae
1498 5353 1655 5393 rece-

109 5403 305 5479 ptacula
352 5406 691 5479 convenire?
714 5424 733 5457 ι
771 5405 1045 5479 Rabanus,
1086 5424 1105 5457 ι
1140 5416 1234 5460 aut
1268 5416 1417 5463 tanto
1450 5423 1657 5464 memo-

111 5476 196 5542 riae
225 5477 559 5542 receptaculo
590 5476 923 5530 convenire?
953 5493 975 5529 ι

174 5539 246 5621 (4)
289 5539 561 5621 «Atquer
582 5546 906 5621 Restituitur
930 5561 1113 5621 εις-ηιξ.
1136 5545 1304 5615 Regio
1339 5547 1652 5621 num.1659,

113 5616 196 5679 qai
241 5624 422 5681 postea
478 5616 637 5670 habet
686 5617 826 5671 sicut
873 5626 928 5670 et
979 5618 1254 5682 liabauus,
1286 5637 1303 5669 ι
1345 5619 1657 5674 testimonia

114 5692 245 5745 κλωπ
271 5687 638 5763 conscientiw,
665 5705 685 5743 ι
720 5697 825 5744 etc.
853 5688 1045 5745 Cxteri
1078 5702 1209 5745 mss.
1242 5698 1298 5744 ct
1330 5689 1524 5761 editi,t
1564 5687 1655 5752 Te.

1345 5009 1387 5081 ῘῘ
1425 5006 1612 5081 "Co"-
1644 5025 1682 5075 Ι,
1725 5011 1813 5076 12.
1890 5015 1932 5047 ⁸⁸
1968 5013 2142 5070 lCor.
2173 5032 2232 5081 ll,
2270 5017 2359 5071 11.

105 5074 186 5134 86.
236 5082 280 5112 ³⁸
309 5078 442 5134 Luc.
463 5074 665 5144 111,46.
731 5079 777 5111 ³³
803 5078 926 5135 Job.
956 5092 1134 5144 xxxu,
1160 5078 1239 5145 8._
1272 5076 1319 5109 ³³
1340 5077 1532 5134 Matth.
1565 5074 1818 5146 xnv,40,
1839 5084 1928 5139 41.

1764 4512 1908 4568 inter
1935 4521 2145 4580 gentes,
2208 4511 2349 4566 sicut
2382 4513 2648 4580 scriptum
2691 4521 2776 4566 est
2811 4511 2878 4564 ’⁷.
2915 4530 2935 4563 ι
2968 4510 3334 4576 Quemadmo-

1768 4604 1893 4658 dum
1926 4604 1979 4658 in
2039 4603 2338 4673 Scripturis
2389 4604 2722 4674 propheticis
2746 4605 3194 4670 observavimus,
3227 4619 3337 4659 non

1766 4698 1940 4753 solum
1990 4699 2220 4755 dicentis
2265 4714 2553 4769 personam
2601 4699 2834 4753 latenter
2880 4707 2934 4753 et
2967 4698 3147 4753 subito
3182 4712 3337 4752 com-

1765 4791 1983 4856 mutari,
2028 4806 2217 4847 verum
2258 4801 2314 4846 et
2359 4806 2546 4846 eorum
2598 4791 2662 4846 ad
2709 4805 2845 4861 quos
2893 4804 3094 4856 sermo,
3151 4792 3238 4846 vel
3273 4792 3343 4847 de

1764 4880 1965 4949 quibus
1999 4895 2181 4938 sermo
2211 4882 2310 4950 ﬁt;
2337 4882 2489 4938 verbi
2526 4883 2728 4953 gratia,
2748 4891 2820 4936 ~ut
2849 4868 2999 4939 nunc
3055 4896 3124 4937 ex
3153 4881 3338 4937 Patris

2435 5016 2480 5050 "
2502 5017 2660 5072 Rom.
2693 5033 2812 5085 vm,
2838 5016 2924 5072 16.
3004 5016 3051 5048 ²⁰
3079 5014 3210 5085 Dan.
3246 5029 3332 5081 tu,

2005 5086 2050 5117 ἰ
2078 5087 2512 5154 ιὶοιυ.ιι,15,16.
2579 5087 2625 5120 ²⁸
2657 5083 2813 5144 Joan.
2846 5104 2899 5155 v,
2929 5087 3021 5144 22.
3097 5086 3143 5118 ’°
3173 5083 3333 5138 Rom.

1759 5268 2016 5326 stimonio
2042 5282 2176 5323 sane
2213 5268 2581 5335 conscientiae,
2611 5286 2631 5320 ι
2651 5277 2781 5333 etc.,
2811 5267 3014 5323 omisso
3043 5284 3062 5319 ι
3095 5274 3276 5335 atque.
3303 5281 3333 5325 lt

1853 5339 1907 5398 5)
1949 5333 2545 5392 rCouscientia.»Deest
2570 5338 2623 5391 in
2649 5346 2806 5392 antea
2828 5338 3007 5398 editis.

1853 5340 1886 5392 5
1949 5339 2545 5392 rCouscientia.»Deest
2570 5339 2623 5391 in
2649 5346 2806 5392 antea
2828 5363 2832 5385 ι

1853 5339 1908 5482 ti;
1950 5408 2232 5482 «Nostra.»
2265 5407 2320 5482 ln
2352 5410 2516 5464 editis
2544 5410 2832 5482 omittitur.

1830 5479 1908 5549 (7)
1950 5482 2110 5542 Editi,
2142 5498 2160 5530 ε
2187 5479 2400 5549 judice‘:
2447 5496 2467 5530 ›
2501 5479 2661 5532 male.

1832 5547 1907 5619 (8)
1948 5550 2122 5614 Editi,
2159 5568 2177 5601 ι
2210 5547 2477 5604 dividetur
2506 5564 2570 5602 ac
2596 5548 2957 5616 separabttur.
2987 5565 3017 5609 ι

1837 5624 1913 5693 (9)
1948 5623 2117 5689 Alias,
2153 5641 2170 5673 ι
2209 5619 2421 5675 cancris
2452 5636 2471 5679 :_
2498 5637 2514 5669 ι
2540 5619 2701 5675 male.
