3684 6148
335 227 442 282 895
465 248 469 255 ’

1813 231 2134 291 ORIGENIS

3501 244 3595 299 896

334 359 589 414 persona,
623 360 767 399 nunc
797 360 865 399 ex
908 346 1055 414 Filii,
1093 347 1182 403 vel
1239 348 1478 421 Spiritus
1523 352 1721 415 sancti,
1769 370 1914 409 nunc
1944 364 1987 417 Α
2018 361 2277 427 scriptum
2314 368 2397 413 est
2428 378 2441 413 :
2478 379 2496 411 ε
2530 357 2691 425 Juda,
2742 370 2792 415 te
2845 359 3142 416 laudabunt
3194 360 3411 418 fratres
3469 363 3542 417 tui
3577 381 3589 414 :

333 436 498 489 etiam
529 451 595 490 ex
626 452 857 506 persona
902 441 1205 510 pr0phetze,
1258 453 1355 497 aut
1385 444 1615 498 aliorum
1642 461 1907 517 quorum-

334 529 466 583 libet
500 530 681 598 aliqua
713 531 1003 599 dicantur;
1062 545 1120 588 et
1161 551 1307 590 nunc
1339 536 1561 605 quidem
1615 553 1798 593 sermo
1843 540 1910 593 ad

333 619 686 677 lsraeliticam
718 636 956 694 gentem,
992 642 1138 681 nunc
1164 630 1231 682 ad
1264 640 1483 684 exteras
1512 632 1786 696 nationes,
1819 641 1911 685 aut

333 717 400 767 ad
426 730 597 785 reges,
630 725 685 769 et
711 718 777 771 ad
805 718 953 773 mille
977 721 1112 775 alios
1147 722 1449 789 dirigatur:
1488 726 1558 777 ita
1593 725 1724 779 mihi
1756 726 1909 780 vidc-

333 817 421 859 tur
448 810 610 861 etiam
662 810 777 864 [uec
818 812 885 865 ad
936 811 1214 868 Romanos
1242 814 1353 885 (10)
1392 816 1592 885 scripta
1625 832 1743 871 esse
1783 817 1912 885 Epi-

329 898 494 960 stula,
526 911 584 953 ut
618 901 890 955 interdum
939 913 993 957 et
1030 905 1261 960 dicentis
1284 921 1513 975 persona
1557 918 1818 972 mutetur,
1855 919 1909 961 et

330 989 621 1059 aliquando
647 995 863 1063 quidem
901 994 1099 1049 Paulus
1128 998 1427 1067 spiritualis
1460 999 1739 1068 loquatur,
1769 998 1912 1054 sicut

331 1082 385 1136 in
445 1085 631 1139 multis
677 1085 932 1154 Epistolae
964 1087 1129 1153 locis;
1192 1089 1486 1157 aliquando
1535 1103 1663 1143 vero
1710 1089 1911 1146 Paulus

329 1177 589 1240 carnalis,
626 1179 792 1245 sicut,
829 1180 977 1235 verbi
1008 1182 1205 1249 gratia,
1242 1196 1365 1235 cum
1394 1182 1529 1237 dicit
1559 1198 1572 1234 :
1608 1201 1628 1234 ε
1665 1182 1774 1251 Ego
1804 1199 1904 1236 au-

328 1278 435 1323 tem
462 1271 698 1325 carnalis
741 1287 860 1326 sum
900 1274 1245 1328 venundatus
1296 1274 1398 1329 sub
1438 1285 1663 1344 peccato
1692 1276 1760 1343 ³⁸,
1793 1294 1811 1326 ›
1850 1282 1911 1330 ut

324 1364 646 1417 ostendetur
678 1362 814 1436 (ll),
846 1380 968 1418 cum
1011 1367 1077 1419 ad
1109 1366 1282 1433 ipsum
1317 1366 1493 1421 locum
1514 1407 1528 1430 ,
1560 1366 1796 1421 Domino
1827 1368 1911 1421 di-

327 1455 557 1524 rigente,
622 1458 948 1512 venerimus.
1008 1456 1287 1511 Interdum
1339 1473 1470 1512 vero
1522 1460 1584 1511 [it
1633 1468 1688 1513 et
1715 1473 1907 1513 eorum

327 1562 594 1614 personae,
641 1549 707 1601 ad
748 1564 884 1617 quos
924 1564 1108 1603 sermo
1154 1560 1262 1615 est,
1320 1552 1695 1616 commutatio,
1744 1554 1815 1605 ita
1851 1561 1909 1605 ut

326 1654 470 1692 nunc
501 1641 568 1692 ad
603 1655 817 1693 onmem
868 1640 1236 1698 Romanorum
1287 1642 1502 1695 dicatur
1556 1643 1852 1697 Ecclesium
1887 1660 1901 1696 :

329 1751 347 1781 ‹
381 1730 601 1786 Gratias
632 1748 732 1802 ago
787 1731 897 1787 Deo
954 1748 1077 1787 meo
1119 1749 1216 1803 per
1260 1732 1443 1788 Jesum
1481 1734 1754 1790 Christum
1807 1751 1903 1805 pro
1935 1714 1976 1767 Β

321 1830 575 1884 ouinibus
622 1831 800 1895 vobis,
855 1831 982 1900 quia
1039 1832 1170 1884 lides
1230 1840 1409 1886 vestra
1463 1834 1816 1887 annuntiatur
1848 1833 1901 1886 in

324 1923 578 1977 universo
612 1922 815 1977 mundo
841 1924 886 1954 ²⁹
921 1942 935 1979 :
982 1943 1001 1975 ι
1042 1924 1094 1978 in
1124 1923 1247 1977 aliis
1281 1940 1413 1978 vero
1442 1941 1547 1979 non
1578 1927 1645 1979 ad
1683 1940 1899 1979 omnem

320 2015 642 2079 Ecclesiam,
679 2017 774 2070 sed
809 2017 875 2070 ad
927 2032 1145 2071 omnem
1199 2017 1290 2085 qui
1342 2017 1555 2085 judicat
1602 2018 1802 2084 alium,
1846 2028 1902 2072 et

322 2110 436 2178 ipse
467 2109 595 2163 facit
621 2124 684 2164 ea
713 2124 833 2178 quae
871 2110 923 2163 in
954 2110 1079 2164 aliis
1105 2113 1456 2176 condemnat,
1492 2122 1547 2165 et
1571 2124 1657 2167 est
1685 2113 1902 2169 inexcu-

321 2203 528 2258 sabilis.
566 2202 721 2257 Nunc
751 2211 929 2256 autem
962 2217 1135 2271 neque
1164 2205 1230 2256 ad
1265 2203 1584 2271 Ecclesiam,
1628 2220 1802 2274 neque
1832 2207 1897 2260 ad

317 2307 443 2346 eum
474 2294 563 2361 qui
605 2292 813 2360 judicat
842 2292 903 2346 ﬁt
945 2307 1127 2347 sermo
1177 2296 1299 2360 hic,
1330 2295 1382 2348 in
1419 2311 1526 2364 quo
1559 2297 1693 2351 dicit
1727 2316 1740 2352 :
1777 2316 1796 2350 ε
1840 2298 1899 2354 Si

321 2397 502 2439 autem
538 2395 589 2438 tu
643 2383 861 2440 Judaeus
903 2387 1328 2455 cognominaris,
1381 2398 1429 2442 et
1498 2391 1794 2457 requiescis
1844 2392 1899 2445 in

320 2477 458 2546 lege,
498 2485 553 2529 et
586 2476 837 2546 gloriaris
886 2476 939 2530 in
978 2477 1108 2540 Deo,
1162 2488 1215 2531 et
1246 2480 1529 2548 cognoscis
1564 2480 1898 2536 voluntatem

318 2568 460 2635 ejus,
498 2585 518 2618 ι
550 2578 602 2621 et
624 2579 842 2634 caetera,
872 2584 1043 2638 usque
1081 2570 1147 2623 ad
1193 2586 1316 2624 eum
1347 2571 1523 2625 locum
1555 2591 1569 2627 :
1605 2591 1625 2624 ‹
1660 2573 1730 2628 Et
1753 2574 1899 2641 judi-

320 2664 631 2733 cahitquod
659 2679 725 2717 ex
761 2673 953 2716 natura
1004 2672 1089 2717 est
1131 2664 1475 2732 prmputium,
1516 2665 1686 2734 legem
1742 2665 1902 2734 perli-

317 2759 485 2819 ciens,
544 2766 618 2821 te,
673 2758 766 2826 qui
817 2772 914 2825 per
977 2757 1250 2823 litteram,
1309 2767 1366 2811 et
1422 2758 1899 2812 circumcisionem

317 2851 705 2919 prmvaricator
733 2865 790 2903 es
816 2849 969 2919 legis.
1005 2868 1022 2900 ι
1065 2850 1220 2904 Sicut
1252 2851 1303 2903 in
1344 2849 1640 2920 Scripturis
1664 2852 1903 2919 prophe-

318 2942 439 2994 ticis
472 2940 757 3010 vigilanter
780 2948 1000 3010 oportet
1045 2942 1331 2995 intendere
1358 2956 1483 2996 eum
1529 2940 1621 3010 qui
1671 2943 1786 2995 vult
1814 2942 1900 2994 in-

2018 468 2210 506 manus
2246 462 2349 505 tua:
2376 467 2540 520 super
2563 455 2787 507 dorsum
2818 454 3164 508 inimicorum
3210 463 3460 509 tuorum.
3491 459 3589 507 (Za-

2012 548 2158 603 tulus
2184 547 2359 603 leonis
2383 547 2521 603 Iuda
2558 549 2626 614 ³’,
2663 569 2683 600 ο
2712 558 2768 604 et
2812 558 3031 616 caetera,
3070 564 3193 619 quae
3232 550 3291 604 in
3340 549 3586 603 Salvato-

2011 656 2125 694 rem
2157 641 2439 696 Dominum
2465 644 2783 712 prophetata
2811 654 2955 699 sunt.
3014 646 3185 716 Igitur
3216 645 3261 699 si
3301 644 3504 699 claruit
3526 645 3588 699 de

2013 732 2335 788 dillerentiis
2387 750 2764 805 personarum,
2819 748 2875 793 et
2917 739 3039 808 quis
3074 753 3201 794 vere
3230 740 3307 794 sit
3349 736 3586 798 Iudaeus,

2011 810 2346 893 quis-autem
2378 826 2493 881 solo
2538 829 2759 883 nomine
2804 830 3248 899 cognominetur,
3308 830 3588 883 videamus

2011 932 2132 984 quae
2157 918 2225 971 ad
2256 919 2399 972 hunc
2424 919 2517 988 qui
2545 934 2606 975 se
2636 918 2805 988 jactat
2828 936 2947 974 esse
2972 919 3241 991 Judaeum,
3267 928 3326 975 et
3354 936 3465 975 non
3486 930 3585 985 est,

2010 1024 2192 1064 sermo
2238 1011 2571 1079 apostolicus
2620 1011 2783 1070 dicat.
2812 1012 2914 1078 Tu,
2972 1014 3172 1082 inquit,
3233 1013 3330 1083 qui
3368 1011 3586 1068 Judzeus

2010 1103 2435 1172 cognominaris,
2472 1112 2527 1157 et
2550 1120 2767 1158 omnem
2800 1104 2898 1159 tibi
2933 1107 3175 1176 requiem
3209 1104 3264 1160 in
3319 1104 3463 1173 legis
3510 1104 3590 1157 lit-

2010 1200 2123 1245 tera
2159 1192 2415 1260 collocas,
2443 1204 2499 1249 et
2528 1194 2782 1264 gloriaris
2810 1197 2861 1250 in
2891 1196 3004 1251 Deo
3041 1206 3306 1264 tanquam
3336 1195 3434 1265 qui
3465 1210 3588 1264 por-

2012 1282 2088 1336 tio
2119 1282 2238 1352 ejus
2265 1284 2361 1349 sis,
2389 1294 2442 1339 et
2474 1286 2559 1338 cui
2610 1301 2935 1341 concessum
2962 1288 3034 1342 sit
3073 1288 3216 1342 scire
3245 1287 3584 1341 voluntatem

2011 1369 2126 1438 Dei,
2161 1380 2215 1425 et
2246 1373 2388 1427 velut
2415 1377 2676 1444 probandi
2722 1392 2923 1448 gnarus
2945 1377 3121 1448 jactas
3146 1387 3200 1432 te
3232 1378 3381 1432 scire
3430 1390 3588 1445 posse

2009 1475 2063 1518 et
2101 1467 2419 1523 discernere
2465 1485 2586 1538 quae
2618 1471 2727 1524 sint
2762 1471 3000 1535 utiliora,
3048 1480 3105 1526 et
3148 1468 3485 1535 diﬂ‘ereutia,
3517 1469 3584 1522 ita

2009 1566 2069 1611 ut
2120 1573 2227 1612 non
2282 1561 2456 1615 solum
2486 1578 2605 1631 qua:
2635 1566 2748 1619 sint
2801 1564 2940 1619 bona
2969 1566 3132 1629 scias,
3191 1579 3385 1619 verum
3422 1563 3583 1616 etiam

2007 1667 2127 1717 quae
2155 1652 2264 1706 sint
2302 1654 2526 1708 meliora
2550 1653 2719 1727 488
2752 1666 2808 1710 et
2849 1658 3066 1711 utiliora
3096 1657 3404 1719 discernas,
3453 1669 3583 1709 con-

2009 1744 2130 1798 lidis
2160 1761 2375 1816 quoque
2404 1749 2550 1817 quod
2579 1752 2683 1804 dux
2718 1751 2891 1818 possis
2923 1765 3044 1803 esse
3072 1765 3341 1805 caecorum
3374 1764 3388 1801 :
3418 1747 3580 1802 nimi-

2008 1852 2127 1889 rum
2156 1854 2221 1892 ex
2255 1838 2361 1894 illis
2379 1856 2438 1895 es
2470 1842 2697 1896 ducibus
2726 1844 2789 1895 de
2813 1842 3008 1909 quibus
3034 1843 3255 1896 dicebat
3280 1840 3579 1894 Dominus:

2010 1948 2030 1980 ‹
2060 1929 2199 1984 (1ωεί
2237 1943 2361 1985 sunt
2383 1934 2548 1988 duces
2578 1949 2867 1989 caecorum.
2898 1934 3089 1989 Cmrus
3119 1940 3300 1988 autem
3332 1931 3383 1986 si
3436 1945 3578 1985 caeco

2002 2019 2258 2076 ducatum
2311 2034 2566 2092 praestet,
2623 2027 2784 2080 ambo
2840 2027 2893 2079 in
2946 2025 3156 2079 foveam
3210 2023 3419 2078 cadunt
3445 2021 3513 2078 ³³.
3554 2040 3570 2071 ι

2003 2113 2236 2169 Conlidit
2264 2130 2394 2187 ergo
2426 2117 2616 2173 ducem
2639 2133 2698 2173 se
2726 2133 2846 2173 esse
2867 2134 3157 2183 caecorum,
3184 2114 3367 2170 lumen
3393 2127 3576 2167 eorum

2003 2221 2219 2276 quoque
2248 2208 2343 2278 qui
2374 2209 2425 2262 in
2463 2211 2697 2265 tenebris
2723 2221 2865 2264 sunt.
2903 2209 3009 2266 Sed
3037 2221 3093 2265 et
3123 2211 3189 2265 ad
3220 2208 3353 2261 istos
3378 2203 3577 2258 nihilo-

2005 2302 2184 2356 minus
2216 2301 2483 2356 Dominus
2532 2303 2704 2359 dicit:
2736 2321 2755 2354 ι
2796 2302 2852 2356 Si
2899 2313 3081 2356 autem
3138 2303 3263 2369 lux,
3295 2314 3418 2368 quae
3446 2300 3501 2351 in
3533 2307 3579 2350 te

2002 2403 2107 2456 est,
2135 2395 2370 2450 tenebrm
2398 2403 2542 2462 sunt,
2575 2396 2707 2465 ipsa:
2766 2397 3003 2451 tenebrae
3030 2405 3246 2465 quanta:
3276 2401 3409 2449 sunt
3444 2391 3522 2442 ³⁸1
3556 2409 3575 2441 ι

2003 2484 2297 2539 Conlidunt
2327 2495 2507 2540 tamen
2546 2488 2690 2553 quod
2722 2488 3024 2542 eruditores
3049 2488 3159 2542 sint
3180 2483 3576 2553 insipientium,

2002 2588 2057 2629 et
2083 2576 2323 2644 magistri
2361 2576 2674 2644 infantium,
2707 2587 2966 2645 tanquam
2997 2578 3086 2646 qui
3122 2593 3190 2631 ex
3230 2575 3368 2645 legis
3401 2573 3575 2627 littera

2005 2668 2233 2722 fortnam
2287 2670 2534 2723 scientiae
2571 2681 2628 2724 et
2676 2673 2927 2726 veritatis
2970 2670 3301 2740 acceperint.
3354 2668 3422 2722 Et
3453 2667 3576 2734 quia

2002 2758 2121 2814 huic
2154 2760 2481 2830 proﬁtentur
2534 2761 2778 2831 quidem,
2830 2778 2935 2816 non
2990 2770 3167 2814 tamen
3199 2774 3328 2814 vere
3373 2768 3575 2822 tenent,

2002 2852 2138 2908 dicit
2183 2854 2251 2908 ad
2301 2870 2396 2909 eos
2427 2854 2710 2924 Apostolus
2743 2872 2755 2905 :
2796 2873 2815 2905 σ
2850 2854 2954 2921 Qui
3012 2869 3143 2924 ergo
3181 2854 3346 2906 doces
3390 2852 3574 2913 alium,

2005 2948 2235 3017 teipsum
2261 2965 2366 3003 non
2390 2949 2583 3004 doces:
2612 2958 2661 3002 et
2687 2949 2777 3018 qui
2805 2948 3067 3018 prmdicas
3095 2962 3199 3000 non
3224 2944 3571 3008 furandum,»

318 3034 674 3103 lelligenliam
728 3049 917 3088 eorum
967 3048 1087 3103 quae
1143 3034 1349 3102 scripta
1404 3044 1532 3087 sunt
1568 3048 1783 3100 capere,
1812 3033 1898 3086 vel
1927 3052 1971 3112 ο
2006 3050 2058 3095 tu
2089 3041 2378 3094 adventum
2409 3051 2465 3095 et
2515 3041 2859 3110 prmsentiam
2896 3039 3124 3103 Christi,
3173 3053 3296 3107 quae
3321 3038 3577 3092 universo

316 3128 637 3192 dicentium,
690 3126 772 3181 vel
816 3127 882 3179 ad
916 3141 1075 3196 quos,
1112 3128 1200 3181 vel
1236 3128 1305 3181 de
1346 3128 1543 3195 quibus
1592 3143 1776 3182 sermo
1812 3130 1894 3192 lit,

316 3221 562 3291 personis
618 3218 730 3290 (12)
764 3236 776 3271 :
813 3219 881 3273 ita
939 3235 1083 3274 nunc
1142 3220 1193 3273 in
1228 3219 1467 3289 Epistola
1522 3223 1588 3273 ad
1622 3220 1898 3274 Romanos

316 3314 583 3383 agendum
613 3313 742 3366 mihi
777 3312 1009 3367 videtur.
1043 3313 1149 3367 Sed
1174 3313 1458 3367 videamus
1484 3312 1594 3380 jam
1625 3328 1745 3383 quae
1771 3323 1898 3367 sunt

316 3421 436 3476 quae
464 3407 597 3460 dicit
625 3407 917 3475 Apostolus
943 3408 1010 3459 ad
1044 3422 1165 3460 eum
1200 3406 1293 3477 qui
1338 3408 1759 3476 cognominatur
1797 3406 1895 3460 Ju-

316 3501 483 3558 daeus.
535 3500 719 3555 Primo
766 3516 1000 3570 namque
1039 3501 1139 3555 hoc
1169 3501 1573 3555 observandum
1608 3511 1711 3566 est,
1751 3501 1893 3570 quod

316 3605 422 3644 non
464 3590 597 3644 dixit
644 3590 711 3644 dc
758 3605 822 3645 eo
853 3609 867 3644 :
904 3610 922 3642 ι
961 3590 1015 3645 Si
1058 3598 1238 3646 autem
1273 3600 1325 3643 tu
1373 3610 1391 3642 ι
1418 3590 1636 3647 ,ιιιιιωιιδ
1660 3608 1748 3658 es;
1775 3593 1892 3655 sed,

320 3701 339 3732 ι
375 3680 593 3738 Judmus
631 3684 1039 3750 cognominaris
1068 3700 1086 3737 :
1122 3704 1142 3736 ι
1176 3684 1301 3752 quia
1336 3699 1441 3738 non
1476 3685 1617 3737 idem
1660 3689 1744 3738 elst
1769 3699 1893 3739 esse

314 3775 578 3843 Judteum,
640 3787 694 3831 et
755 3776 1129 3848 coguominari
1180 3775 1450 3831 Judaeum.
1515 3775 1630 3846 Ipse
1689 3778 1891 3831 etenim

315 3869 516 3926 Paulus
554 3871 711 3925 docet
744 3871 795 3924 iu
820 3870 1303 3939 consequentibus,
1336 3870 1480 3938 quod
1515 3885 1641 3925 vere
1674 3868 1892 3926 Judacus

315 3966 386 4016 sit
416 3964 505 4016 ille
537 3965 625 4032 qui
660 3983 677 4014 ι
713 3963 766 4017 in
794 3963 1008 4018 occulto
1045 3984 1064 4016 ι
1101 3964 1460 4018 circumcisus
1488 3972 1572 4016 est
1595 3963 1889 4017 circumci-

314 4058 467 4112 siooe
493 4059 698 4121 cordis,
731 4058 821 4127 qui
857 4077 875 4108 ι
917 4058 1138 4126 spiritu,
1173 4075 1276 4111 non
1320 4058 1498 4112 littera
1539 4077 1557 4108 ι
1593 4057 1765 4129 legem
1796 4074 1895 4112 cu-

314 4152 500 4211 stodit.
535 4170 554 4203 ι
590 4149 749 4218 cujus
777 4151 891 4204 laus
925 4166 1031 4204 non
1068 4166 1137 4204 ex
1173 4151 1505 4216 hominibus,
1549 4153 1643 4206 sed
1675 4167 1741 4207 ex
1779 4152 1893 4206 Deo

313 4251 417 4298 est.
461 4261 480 4294 ι
516 4242 616 4310 Qui
646 4251 825 4295 autem
865 4260 885 4293 ‹
915 4242 969 4295 in
1000 4241 1307 4309 manifesto,
1342 4243 1394 4296 in
1431 4257 1629 4297 carne»
1659 4244 1894 4297 circum-

315 4337 461 4389 cisus
499 4345 605 4397 est,
640 4335 811 4403 legem
858 4336 926 4389 ad
980 4336 1083 4389 hoc
1116 4335 1412 4389 observans
1443 4345 1501 4388 ut
1542 4336 1795 4391 videatur
1825 4336 1891 4389 ab

315 4427 659 4493 hominibus,
705 4428 807 4482 iste
851 4444 956 4481 non
999 4435 1082 4482 est
1134 4442 1300 4492 vere,
1341 4429 1435 4481 sed
1478 4431 1893 4507 cognominatur
1925 4405 1969 4461 θ

314 4518 553 4573 Judaeus.
608 4519 683 4573 De
727 4520 812 4577 his
864 4521 1009 4574 enim
1042 4530 1098 4574 et
1133 4522 1247 4589 ipse
1294 4522 1588 4590 Apostolus
1639 4524 1770 4577 dicit
1798 4524 1888 4578 ³⁰;

320 4628 341 4662 ι
380 4611 571 4665 Videte
614 4611 1085 4667 circumcisionem
1134 4628 1150 4667 :
1205 4628 1305 4667 nos
1359 4614 1501 4666 enim
1551 4629 1738 4667 sumus
1784 4614 1893 4668 cir-

316 4704 601 4770 cumcisio,
630 4704 718 4772 qui
751 4704 947 4772 spiritu
974 4704 1087 4759 Deo
1120 4704 1410 4758 servimus.
1442 4723 1461 4756 ι
1497 4704 1602 4758 Sed
1632 4714 1685 4758 et
1718 4703 1886 4759 Joan-

317 4810 416 4849 nes
450 4795 503 4848 in
543 4796 863 4866 Apocalypsi
903 4798 970 4852 de
995 4797 1320 4866 quibusdam
1363 4798 1435 4851 ita
1463 4797 1599 4851 dicit
1628 4795 1672 4827 ³³
1702 4817 1713 4851 :
1747 4815 1764 4846 ι
1790 4794 1895 4862 Qui

318 4890 507 4943 dicunt
539 4903 599 4943 se
633 4904 753 4943 esse
790 4888 1030 4952 Iudaeos.
1072 4899 1128 4943 et
1156 4904 1264 4943 non
1309 4898 1434 4943 sunt
1468 4902 1483 4941 :
1523 4908 1543 4941 ι
1571 4903 1707 4957 quos
1728 4888 1893 4942 etiam

322 4997 342 5030 ι
380 4979 447 5033 de
496 4994 766 5050 synagoga
803 4978 1038 5045 Satanre,
1073 5000 1092 5032 ι
1129 4995 1252 5036 esse
1300 4981 1642 5050 pronuntiat.
1701 4979 1897 5034 Scien-

319 5071 446 5125 dum
481 5081 661 5125 tamen
690 5081 791 5137 est,
815 5072 960 5139 quod
993 5073 1095 5126 iste
1120 5074 1212 5142 qui
1243 5092 1261 5123 ι
1296 5073 1348 5126 in
1376 5072 1594 5128 occulto
1635 5094 1655 5127 ι
1684 5082 1739 5127 et
1771 5088 1897 5128 vere

318 5162 539 5219 Judams
577 5176 680 5229 est,
713 5165 782 5218 ab
812 5165 904 5218 illo
931 5164 1066 5218 Juda
1105 5164 1428 5219 vocabulum
1464 5166 1666 5232 trahat,
1696 5166 1764 5221 de
1787 5184 1897 5237 quo

390 5256 437 5287 ³⁸
462 5256 617 5311 Rom.
649 5268 746 5316 vlt,
785 5253 871 5307 l4.
947 5253 992 5283 ³³
1020 5252 1175 5307 Rom.
1208 5270 1245 5316 l,
1279 5256 1332 5309 8.

324 5324 411 5382 H.
492 5325 539 5356 “
570 5322 762 5378 Matth.
814 5339 885 5389 Vl,
926 5324 1018 5378 25.

320 5395 364 5426 ⁸³
406 5393 562 5449 Joan.
602 5410 656 5460 ν,
690 5395 782 5451 46.

400 5493 514 5561 (10)
539 5493 629 5548 Sic
663 5507 855 5548 omnes
898 5507 1033 5548 mss.
1086 5490 1231 5547 Editi
1272 5505 1423 5557 vero,
1457 5511 1475 5544 ι
1501 5496 1613 5547 hoc
1641 5495 1802 5547 modo
1833 5493 1901 5548 ad

325 5562 615 5618 Romanos.
653 5583 672 5616 ι

396 5632 508 5699 (ll)
546 5634 621 5686 Ita
650 5649 784 5687 mss.
821 5634 961 5688 Editi
992 5649 1142 5694 vero,
1174 5652 1194 5683 ι
1232 5633 1601 5687 ostendemus.
1639 5651 1658 5684 ι

400 5701 511 5771 (12)
537 5703 634 5760 Ms.
667 5703 864 5774 Regius
898 5721 1047 5761 num.
1086 5704 1244 5769 1659,
1278 5723 1297 5755 ‹
1328 5718 1611 5772 personas.
1645 5722 1663 5755 ι
1697 5701 1892 5760 Caneri

1096 5325 1144 5356 ³⁵
1173 5323 1319 5381 Psal.
1365 5341 1513 5392 thv,
1565 5323 1652 5383 η.

1410 5255 1453 5285 ³ο
1483 5254 1681 5325 Philip.
1726 5272 1808 5323 ut,
1834 5256 1890 5321 2,
1924 5257 1979 5314 '5.

1731 5327 1777 5359 ³⁶
1799 5326 2001 5383 Jerem.
2044 5326 2301 5396 xm,’l7.
2377 5329 2421 5359 "’
2450 5329 2612 5393 Osee,
2655 5345 2712 5394 Il,
2755 5328 2844 5394 19,
2884 5330 2976 5383 20.

2001 3132 2202 3187 mundo
2244 3131 2465 3200 elfulsit,
2504 3153 2522 3186 ι
2564 3134 2765 3190 l'uraris
2793 3152 2809 3191 :
2840 3136 2932 3204 qui
2967 3135 3101 3189 dicis
3139 3150 3246 3188 non
3300 3136 3580 3188 meteban-

1997 3223 2147 3286 dum,
2186 3242 2206 3275 ι
2245 3226 2299 3279 in
2330 3240 2658 3296 synagogam
2695 3228 2875 3298 populi
2916 3228 3011 3282 Dei
3064 3226 3398 3281 adulterium
3430 3240 3579 3280 com-

2000 3315 2192 3380 mittis,
2219 3332 2529 3373 sermonem
2560 3319 2822 3374 doctrinaa
2860 3335 3091 3388 pravum
3124 3332 3177 3377 et
3209 3321 3576 3376 adulterinum

1997 3409 2046 3463 ei
2078 3410 2444 3478 superducens
2479 3430 2491 3464 :
2521 3421 2576 3465 et
2618 3410 2857 3466 collocas
2895 3428 3016 3466 eam
3045 3429 3167 3468 cum
3204 3414 3339 3483 legis
3400 3417 3576 3469 littera

1997 3521 2116 3575 quas
2161 3499 2295 3557 foris
2343 3513 2449 3569 est,
2496 3517 2618 3557 cum
2676 3504 2943 3572 scriptum
2995 3505 3061 3560 de
3114 3521 3178 3559 ea
3232 3507 3409 3575 legas,
3452 3510 3576 3579 quia

2000 3614 2019 3648 ι
2057 3597 2233 3651 omnis
2272 3594 2438 3665 gloria
2485 3593 2609 3648 lilia:
2660 3596 2803 3665 regis
2851 3596 3183 3652 intrinsecus
3211 3600 3256 3630 ³⁸
3289 3615 3303 3651 :
3368 3619 3389 3650 ι
3426 3611 3487 3654 et
3514 3602 3578 3655 ad

1997 3703 2159 3757 quam
2208 3686 2341 3757 legis
2388 3700 2486 3756 per
2544 3687 2870 3756 prophetam
2927 3688 3284 3744 nihilominus
3317 3691 3574 3744 dictum:

2001 3801 2021 3833 ε
2056 3780 2169 3835 Nisi
2200 3782 2413 3834 occulte
2436 3779 2740 3843 audieritis,
2777 3779 3015 3849 plorabit
3042 3780 3221 3833 anima
3245 3791 3430 3835 vestra
3454 3781 3523 3836 “.
3555 3802 3574 3833 ι

1996 3873 2098 3941 Qui
2145 3888 2277 3943 ergo
2333 3887 2498 3940 negas
2535 3872 2946 3935 mmehandum,
2983 3882 3092 3926 tam
3146 3888 3315 3943 grave
3368 3876 3579 3931 adulte-

1997 3968 2138 4019 rium
2166 3964 2478 4028 committis,
2513 3974 2572 4018 ut
2602 3965 2967 4018 adulterinum
3009 3980 3226 4018 sensum
3258 3966 3575 4022 introducas

1995 4062 2061 4111 ad
2091 4074 2212 4112 eam
2243 4059 2310 4111 de
2342 4072 2447 4125 qua
2479 4056 2685 4111 dictum
2716 4057 2855 4126 legis
2885 4074 2915 4111 a
2954 4061 3065 4114 Deo
3100 4077 3114 4111 :
3149 4077 3168 4110 ι
3206 4058 3319 4129 Ego
3360 4070 3415 4114 te
3447 4062 3576 4115 mihi

1995 4148 2338 4218 desponsabo
2364 4148 2416 4201 in
2444 4147 2546 4201 [ide
2570 4156 2626 4201 et
2658 4148 3033 4203 misericordia
3070 4149 3135 4204 ³⁷.
3175 4168 3195 4200 ι
3228 4150 3331 4215 Qui
3380 4149 3577 4205 abomi-

1996 4242 2143 4296 naris
2176 4241 2336 4305 idola,
2367 4240 2713 4308 sacrilegium
2740 4241 3059 4307 committis,
3094 4257 3283 4296 verum
3316 4244 3573 4313 templum

1999 4332 2116 4399 Dei,
2169 4334 2309 4400 quod
2355 4341 2438 4387 est
2464 4333 2717 4388 Christus
2758 4333 2937 4398 Jesus,
2969 4334 3199 4389 violatis.
3243 4335 3427 4390 Solvis
3465 4337 3571 4407 (15)

1997 4426 2141 4480 enim
2172 4425 2429 4494 templum
2462 4426 2557 4480 Dei
2584 4426 2728 4495 quod
2764 4426 2814 4479 in
2845 4427 3021 4481 tribus
3055 4425 3251 4481 diebus
3285 4430 3575 4483 resuscita-

2002 4531 2113 4573 tum
2138 4528 2220 4575 est
2237 4520 2282 4553 ³⁸
2306 4520 2373 4573 iis
2394 4519 2484 4588 qui
2510 4520 2759 4574 credunt.
2797 4519 2905 4573 Sed
2935 4530 2990 4574 et
3015 4520 3105 4588 qui
3128 4536 3191 4574 ex
3223 4521 3340 4589 lege
3367 4533 3423 4575 et
3452 4538 3573 4590 pro-

1999 4612 2177 4680 phetis
2201 4626 2507 4666 sermonem
2541 4611 2817 4666 Christum
2864 4611 3304 4678 pronuntiantem
3362 4613 3571 4667 furatur

1997 4713 2053 4759 et
2096 4704 2353 4769 occultat,
2406 4719 2473 4759 ne
2529 4706 2762 4773 populus
2791 4706 2980 4759 audiat
3004 4713 3060 4759 et
3101 4706 3310 4767 credat,
3353 4708 3571 4760 sacrile-

1998 4797 2144 4869 gium
2178 4798 2491 4864 committit,
2519 4807 2575 4852 et
2609 4813 2737 4851 vere
2777 4798 2871 4852 Dei
2909 4798 3166 4867 templum
3205 4799 3390 4853 violat.
3429 4801 3565 4854 Idem

1998 4905 2213 4960 quoque
2241 4890 2331 4945 hic
2356 4891 2448 4960 qui
2481 4891 2900 4960 cognominatur
2931 4892 3148 4947 Judazus
3168 4933 3183 4958 ,
3214 4902 3273 4946 et
3302 4892 3567 4961 gloriatur

1999 4984 2053 5038 in
2086 4983 2267 5039 littera
2295 4983 2455 5053 Legis
2485 4984 2684 5056 Moysi,
2720 4985 3111 5054 przevaricator
3133 4986 3295 5056 Legis
3329 4986 3567 5055 arguitur

1998 5092 2123 5130 cum
2157 5092 2263 5131 non
2309 5077 2485 5131 credit
2511 5076 2753 5131 Christo.
2799 5078 2857 5131 Si
2908 5077 3052 5131 enim
3084 5078 3333 5132 crederet
3384 5077 3566 5147 Moysi,

1999 5167 2252 5222 crederet
2298 5167 2487 5235 utique
2535 5167 2685 5228 huic,
2735 5168 2802 5221 de
2850 5181 2958 5234 quo
3014 5165 3225 5238 Moyses
3256 5169 3471 5237 scripsit
3505 5169 3563 5219 ι’.

2056 5256 2098 5288 ³¹
2134 5258 2300 5327 Apoc.
2322 5258 2480 5319 lll,9.
2558 5259 2601 5289 ³³
2636 5257 2770 5313 Gen.
2813 5275 2959 5322 vent,
2983 5257 3037 5327 8,
3070 5258 3121 5312 9.
3201 5258 3246 5288 ³³
3271 5258 3459 5313 Matth.
3484 5276 3564 5320 xv,

2056 5344 2162 5386 tm.
2216 5329 2301 5382 17.
2377 5329 2421 5359 ³⁸⁷
2450 5329 2612 5386 Osee.
2655 5345 2712 5386 Il.
2755 5328 2844 5386 19.
2884 5330 2976 5383 20.
3074 5329 3120 5360 ³⁸
3167 5326 3327 5386 Joat.
3383 5346 3442 5386 it.
3486 5330 3564 5386 19.

3237 5347 3327 5387 aL.
3383 5347 3442 5395 tt,
3486 5347 3564 5386 tu.

2009 5507 2139 5547 mss.
2170 5501 2224 5564 et
2249 5493 2401 5558 editi,
2431 5510 2452 5545 α
2486 5496 2751 5564 personis.
2785 5514 2804 5547 ι

2080 5562 2191 5635 (13)
2220 5564 2293 5619 lta
2327 5582 2428 5622 ms.
2465 5562 2663 5636 Regius
2696 5584 2843 5623 num.
2877 5566 3033 5624 1659.
3058 5565 3255 5623 Caneri
3284 5581 3411 5622 vero
3438 5580 3560 5620 mss.

2002 5648 2058 5691 et
2088 5636 2243 5705 editi,
2273 5654 2292 5687 ε
2334 5636 2576 5693 Solvisti.
2609 5656 2629 5690 ι
