3684 6148
373 282 479 340 899

370 403 588 457 laudem
629 402 792 458 habet
822 420 929 460 non
978 419 1043 460 ex
1101 403 1437 468 hominibus,
1472 405 1565 459 sed
1597 421 1660 460 ex
1701 405 1809 460 Deo
1843 425 1858 463 :
1891 416 1945 461 et

370 496 499 550 alibi
529 496 661 552 dicit
687 497 736 529 “
776 515 791 553 :
838 516 855 548 ι
902 495 1092 554 Videte
1126 498 1598 554 circumcisioncm
1631 517 1644 551 :
1677 514 1774 552 nos
1799 501 1941 552 enim

370 606 559 647 sumus
593 592 965 658 circumcisio,
1019 596 1112 663 qui
1165 593 1358 662 spiritu
1411 592 1520 648 Deo
1553 597 1842 663 scrvinms,
1889 609 1945 653 et
1992 633 1997 639 ~

370 700 477 739 non
529 686 582 740 in
636 702 801 742 carne
853 688 1193 746 conﬁdimus.
1241 712 1259 745 ι
1299 691 1449 756 Ιῐτρο,
1502 700 1562 744 ut
1598 691 1812 760 opinor,
1862 701 1945 746 est

370 777 720 833 circumcisio
735 793 900 848 quam
928 779 1185 848 prodesse
1203 782 1335 837 dicit
1361 784 1678 851 Apostolus,
1699 783 1742 837 si
1769 782 1941 852 legem

369 870 685 925 custodias:
719 885 827 925 non
866 872 1036 943 legem
1064 873 1277 940 litterae,
1317 875 1471 941 cujus
1500 875 1686 943 utique
1706 874 1943 931 circum-

368 960 631 1017 cisionem
665 963 720 1018 in
753 979 919 1019 carne
952 980 1055 1019 non
1089 962 1316 1035 recipis,
1346 968 1438 1022 sed
1475 968 1644 1037 legem
1697 968 1941 1033 spiritus,

370 1056 670 1110 secundum
698 1071 861 1125 quam
882 1057 1289 1113 circumcideris
1310 1059 1496 1115 corde.
1531 1077 1549 1109 ι
1576 1057 1775 1112 Littera
1797 1059 1940 1112 enim

371 1151 595 1215 occidit,
629 1151 857 1221 spiritus
888 1163 1066 1207 autem
1094 1155 1356 1219 viviﬁcat,
1398 1175 1417 1208 ι
1459 1155 1585 1224 quia
1617 1164 1669 1207 ct
1710 1155 1797 1229 lex
1849 1154 1941 1208 lici

378 1256 398 1288 ι
421 1239 822 1294 nomrelcrtun
839 1250 1143 1298 atramento
1170 1244 1399 1312 scripta,
1438 1264 1457 1295 ι
1493 1245 1587 1298 sed
1625 1245 1794 1311 digito
1824 1245 1940 1311 Dei,

371 1331 464 1397 qui
496 1339 580 1382 est
612 1333 838 1398 spiritus
869 1331 1009 1399 ejus,
1050 1354 1068 1386 ι
1100 1344 1153 1389 et
1188 1350 1291 1388 non
1345 1336 1396 1388 in
1436 1335 1638 1389 tabulis
1690 1335 1940 1403 lapideis,

374 1423 468 1475 sed
503 1425 556 1475 iu
589 1423 786 1477 tabulis
810 1425 988 1479 cordis
1018 1426 1121 1479 δ’.»
1155 1424 1356 1479 Verum
1380 1435 1557 1495 potest
1589 1427 1744 1482 nobis
1759 1427 1940 1492 objici,

373 1514 504 1580 quia
549 1515 593 1567 si
641 1515 929 1584 Apostolus
978 1517 1454 1573 circumcisionem
1486 1520 1745 1587 prodesse
1789 1519 1941 1586 dicit,

372 1618 493 1672 qua:
521 1605 708 1674 utique
742 1606 849 1660 alia
887 1622 990 1660 non
1030 1606 1354 1677 intelligitur
1389 1622 1511 1661 esse
1557 1623 1719 1676 quam
1752 1608 1945 1663 animm

369 1699 641 1764 purgatio.
689 1705 742 1752 et
783 1697 1014 1766 abjectio
1076 1699 1335 1753 vitiorum
1388 1716 1402 1753 :
1454 1701 1727 1769 quomodo
1778 1700 1944 1755 .addit

374 1789 568 1853 adlmc,
605 1790 677 1843 ita
709 1791 924 1845 demum
980 1791 1243 1859 prodesse
1299 1792 1610 1861 hujusmodi
1658 1793 1948 1848 circumci-

372 1883 578 1935 siouem
610 1882 654 1936 si
681 1882 851 1952 legem
885 1884 1182 1948 custodias,
1212 1899 1334 1938 cum
1366 1885 1480 1940 hrec
1510 1886 1627 1955 ipsa
1658 1887 1946 1941 circumci-

371 1974 454 2028 sio
487 1975 698 2029 nonnisi
726 1990 790 2029 ex
837 1975 968 2042 legis
997 1976 1347 2031 observantia
1382 1976 1496 2031 ﬁeri
1527 1979 1797 2033 videatur.
1837 1978 1944 2035 Sed

371 2063 583 2117 intuere
612 2079 679 2118 ne
704 2064 841 2117 forte
869 2064 1193 2119 abscindere
1230 2065 1379 2127 vitia,
1422 2076 1476 2121 et
1513 2081 1729 2122 cessare
1752 2084 1782 2121 a
1824 2084 1945 2123 ma-

370 2154 460 2216 lis,
496 2155 968 2223 circumcisionem
1022 2156 1293 2226 signiﬁcet
1336 2175 1351 2209 :
1400 2173 1564 2227 agere
1606 2169 1785 2213 autem
1825 2174 1947 2229 qua:

372 2243 510 2297 bona
540 2252 684 2308 sunt,
716 2254 770 2299 et
799 2245 1012 2300 eﬁicere
1037 2262 1157 2316 qua:
1194 2246 1435 2317 perfecta
1487 2257 1632 2312 sunt,
1670 2251 1946 2306 custodire

370 2334 443 2389 sit
471 2334 662 2404 legem.
689 2332 874 2403 Neque
902 2336 1045 2390 enim
1089 2337 1145 2391 in
1175 2352 1239 2393 eo
1266 2337 1529 2407 perfectio
1563 2347 1648 2394 est
1683 2341 1730 2396 si
1764 2354 1947 2395 cesse-

369 2425 723 2488 turamalis,
773 2427 865 2481 sed
916 2429 968 2482 in
1012 2444 1078 2484 eo
1127 2432 1171 2485 si
1225 2439 1460 2496 agantur
1502 2432 1665 2494 bona,
1717 2433 1859 2488 sicut
1888 2435 1944 2488 in

368 2513 584 2570 Psalmo
619 2517 922 2572 evidentius
967 2522 1350 2589 perducemur,
1402 2539 1525 2579 cum
1575 2525 1745 2579 dicit:
1789 2544 1809 2579 ¢
1844 2527 1946 2582 De-

370 2606 516 2660 clina
541 2622 569 2660 a
608 2608 769 2671 malo,
807 2628 826 2661 ι
857 2620 913 2664 et
948 2627 1055 2664 non
1080 2612 1170 2667 hic
1200 2615 1374 2677 stetit,
1415 2616 1507 2670 sed
1538 2616 1783 2672 addidit:
1841 2635 1861 2670 ι
1890 2627 1948 2674 et

371 2697 457 2751 fac
484 2700 683 2753 bonum
709 2699 774 2754 “.
810 2719 829 2752 ι
863 2701 1134 2758 Similiter
1158 2719 1288 2772 ergo
1326 2714 1381 2759 et
1411 2706 1944 2779 Apostolus,‘utpote

372 2789 427 2843 in
455 2791 541 2844 his
571 2791 830 2853 imbutus,
879 2793 953 2846 ita
980 2794 1195 2848 demmn
1227 2796 1382 2859 dicit,
1415 2799 1669 2866 prodesse
1702 2799 1941 2855 circum-

368 2881 631 2937 cisionem
659 2893 714 2938 et
741 2884 1102 2953 abjectionem
1132 2888 1428 2959 malorum,
1463 2891 1509 2945 si
1546 2892 1825 2948 custodias
1866 2892 1942 2949 le-

369 3010 490 3063 gem
519 2994 806 3050 bonorum.
836 2995 1021 3066 Neque
1057 3000 1201 3052 enim
1228 3000 1500 3068 perfectus
1529 3004 1653 3074 quis
1679 3020 1798 3060 esse
1843 3020 1942 3074 po-

371 3094 477 3139 test
506 3085 552 3139 si
583 3086 719 3140 nihil
744 3088 916 3157 egerit
950 3088 1099 3155 mali,
1154 3091 1248 3143 sed
1273 3091 1316 3145 si
1356 3092 1555 3161 aliquid
1579 3096 1751 3164 egerit
1786 3094 1936 3150 boni.

370 3176 530 3234 Unde
559 3187 613 3233 et
646 3180 760 3249 ipsa
790 3181 1142 3237 circumcisio
1171 3199 1293 3252 qua:
1322 3183 1485 3239 ﬁebat
1516 3185 1568 3241 in
1600 3203 1788 3253 carne,
1834 3206 1940 3244 non

368 3271 575 3341 absque
606 3271 768 3341 hujus
798 3274 1191 3345 intelligentire,
1220 3292 1384 3346 quam
1421 3294 1562 3333 nunc
1591 3281 1938 3349 exponimus,

369 3364 767 3433 signiﬁcabitur
798 3366 1055 3437 imagine.
1087 3368 1329 3437 Denique
1356 3381 1549 3426 octava
1577 3373 1664 3427 die
1694 3366 1942 3443 parvulis

369 3456 603 3511 dabatur
630 3458 699 3522 "’,
732 3459 824 3529 qui
858 3460 995 3515 nihil
1031 3461 1219 3531 utique
1249 3463 1430 3518 adhuc
1478 3466 1661 3533 operis
1696 3477 1939 3536 egerant.

367 3549 521 3613 Quod
551 3553 594 3604 si
627 3551 749 3621 quis
785 3552 943 3607 nobis
976 3552 1217 3622 proferat
1249 3555 1379 3608 illud
1404 3560 1548 3626 quod
1574 3558 1624 3611 in
1654 3559 1924 3629 principio

366 3641 494 3695 libri
524 3640 650 3695 ‘Job
703 3643 769 3697 de
821 3643 980 3698 laude
1015 3643 1133 3712 ejus
1173 3646 1409 3715 positum
1442 3656 1544 3712 est,
1579 3650 1668 3702 ubi
1691 3648 1935 3707 dicitur:

370 3752 392 3786 ί
439 3735 503 3789 Ει
553 3746 673 3790 erat
720 3735 819 3792 Job
861 3738 1024 3795 homo
1057 3754 1247 3801 verax,
1286 3740 1405 3794 sine
1443 3741 1685 3809 querela,
1735 3743 1937 3811 justus,

367 3827 461 3882 Dei
496 3830 692 3895 cultor,
731 3831 1009 3886 abstinens
1049 3847 1108 3887 se
1148 3833 1214 3886 ab
1244 3834 1393 3886 onmi
1425 3849 1482 3887 re
1504 3834 1645 3889 mala
1667 3834 1754 3890 δεῖ
1791 3855 1810 3888 ι
1841 3852 1939 3892 cur

365 3922 705 3990 przecedcute
749 3923 876 3977 boui
905 3923 1089 3992 operis
1116 3923 1296 3989 laude,
1339 3926 1391 3979 in
1424 3926 1611 3981 ultimo
1644 3928 1768 3982 mali
1807 3945 1937 3984 con-

369 4013 597 4066 tinentia
636 4025 990 4070 numeretur:
1026 4016 1155 4070 illud
1188 4017 1406 4084 quidem
1442 4020 1682 4073 arbitror
1708 4020 1934 4076 indicari

365 4106 509 4173 quod
541 4120 681 4173 saepe
707 4105 823 4159 ﬁeri
856 4106 1013 4167 solet,
1044 4108 1170 4175 quia
1208 4107 1423 4176 plurimi
1459 4110 1738 4164 hominum
1769 4121 1940 4182 agunt

364 4197 581 4265 quidem
628 4212 749 4266 qua:
786 4197 929 4250 bona
961 4208 1114 4261 sunt,
1150 4201 1382 4255 miscent
1428 4211 1606 4256 tamen
1649 4203 1853 4275 aliquid
1882 4213 1938 4259 et

363 4288 548 4357 operis
583 4288 707 4343 mali
738 4307 752 4343 :
780 4290 937 4359 pauci
968 4305 1096 4344 vero
1140 4293 1249 4346 sint
1293 4292 1433 4347 sicut
1469 4292 1590 4359 Job,
1632 4299 1725 4365 qui
1772 4298 1845 4351 ita
1881 4305 1938 4351 et

362 4394 591 4435 veraces
619 4389 675 4434 et
712 4381 1246 4450 irreprchensibiles,
1297 4385 1370 4438 ita
1418 4384 1549 4451 justi
1595 4388 1704 4441 sint
1737 4398 1791 4442 et
1818 4391 1936 4443 cul-

362 4480 510 4525 tores
542 4470 660 4537 Dei,
695 4481 754 4527 ut
801 4472 913 4526 haec
958 4474 1139 4547 onu‘nia
1190 4486 1415 4544 agentes
1446 4477 1755 4532 abstineant
1779 4494 1837 4535 se
1864 4482 1931 4535 ab

361 4563 511 4617 omni
547 4579 606 4618 rc
646 4564 805 4618 mala.
846 4583 865 4616 ι
910 4563 965 4618 Si
998 4582 1150 4635 ergo,
1184 4567 1379 4636 inquit,
1424 4570 1810 4638 prrevaricator
1854 4572 1932 4626 sis

359 4654 520 4721 legis,
555 4674 574 4706 ι
615 4655 757 4710 sicut
790 4672 955 4725 supra
990 4659 1364 4727 exposuimus,
1398 4675 1503 4713 non
1544 4662 1754 4732 agendo
1809 4679 1931 4732 qua:

362 4747 505 4801 bona
536 4756 683 4812 sunt,
720 4766 738 4798 ι
773 4749 1122 4803 circumcisio
1152 4758 1239 4803 tua
1265 4751 1589 4819 pneputium
1620 4752 1760 4806 facta
1781 4764 1883 4818 est,
1905 4774 1924 4808 ι

360 4838 486 4892 dum
512 4838 700 4891 ethoc
725 4838 842 4905 tibi,
876 4840 1020 4908 quod
1073 4843 1352 4897 abstinere
1388 4858 1416 4896 a
1463 4844 1606 4898 malo
1655 4845 1802 4901 visus
1847 4863 1928 4915 es,

357 4943 525 4998 opera
568 4928 688 4983 ﬁdei
730 4939 786 4983 et
825 4929 1053 4997 iustitia:
1082 4948 1189 4986 non
1224 4935 1404 5004 agenti
1451 4937 1519 4989 ad
1555 4938 1926 4995 inﬁdelitatem

356 5029 660 5092 reputatur.
698 5019 882 5088 Neque
909 5021 1055 5075 enim
1087 5024 1349 5092 possibile
1397 5036 1479 5080 est
1524 5027 1686 5082 alicui
1740 5045 1930 5085 carna-

356 5113 461 5167 lcm
510 5111 980 5166 circumcisionem
1033 5127 1249 5166 rursum
1298 5116 1348 5167 in
1393 5117 1716 5185 prmputium
1768 5120 1925 5182 verti,

355 5221 478 5261 cum
514 5204 701 5273 utique
739 5202 980 5258 abscissa
1002 5205 1254 5273 prazputii
1276 5221 1405 5260 caro
1434 5207 1579 5261 ultra
1608 5210 1787 5265 redire
1818 5227 1924 5266 non

421 5319 471 5352 δι
499 5319 695 5389 Philip.
721 5320 884 5389 "1.2,
911 5318 964 5372 5.

353 5390 406 5445 l.
498 5390 544 5423 “
581 5388 769 5458 Jac.u,
803 5388 891 5446 26.
970 5389 1016 5421 ⁵⁰
1058 5390 1191 5446 Luc.
1239 5408 1337 5454 xu.
1382 5394 1473 5449 46.

354 5475 472 5522 χχι,
496 5462 586 5517 26.

426 5553 539 5628 (2|)
577 5574 597 5607 ι
627 5555 732 5610 Sed
760 5566 815 5628 et
838 5557 890 5610 in
923 5557 1156 5613 Ecclesia
1187 5557 1278 5628 qui
1326 5573 1444 5625 per,
1477 5577 1495 5611 ι
1527 5566 1634 5614 etc.
1674 5557 1751 5611 lta
1784 5573 1918 5617 mss.

354 5635 409 5677 et
442 5625 714 5681 Rabanus.
768 5625 913 5682 Editi
949 5644 1075 5684 vero
1120 5647 1132 5682 :
1187 5625 1215 5679 ι’
1241 5627 1347 5683 Sed
1390 5639 1443 5685 et
1488 5629 1535 5684 si
1574 5629 1629 5683 in
1679 5628 1919 5695 Ecclesia

354 5706 696 5832 νρῖἐέ)οιωὺθ
722 5767 945 5824 carnali.
977 5785 1117 5823 nunc
1151 5785 1276 5823 vero
1322 5769 1388 5824 de
1418 5769 1666 5838 spiritali.
1715 5788 1733 5821 ι
1797 5767 1917 5821 llrrc

1822 281 2144 342 ORIGENIS

1975 410 2020 463 Α
2048 407 2235 474 possit.
2266 405 2496 474 Dignius
2525 420 2655 477 ergo
2684 414 2738 462 et
2762 407 3071 464 evidentius
3110 409 3443 481 intelligitur,
3470 421 3579 484 quod

3501 296 3577 349 900

2050 499 2383 554 continentia
2432 499 2555 552 mali
2603 500 2805 569 operis,
2836 516 2959 569 qua:
3009 516 3106 570 per
3151 502 3580 562 circumcisionem

2051 591 2409 661 signiﬁcatur,
2442 592 2486 646 si
2518 606 2687 662 opera
2727 594 2849 648 ﬁdei
2883 608 2989 648 non
3023 593 3249 659 habeat,
3284 595 3353 650 ad
3388 596 3581 655 immun-

2051 685 2237 738 ditiam
2275 693 2577 753 repetetur.
2631 685 2739 741 Sed
2777 696 2849 741 et'
2880 688 2934 741 in
2981 687 3225 743 Ecclesia
3259 690 3353 756 qui
3382 705 3469 759 per
3495 693 3581 764 (2i)

2055 777 2311 844 baptismi
2339 779 2570 845 gratiam
2601 779 3032 847 circumciditur,
3062 781 3109 835 si
3140 791 3265 849 post
3293 782 3403 836 haec
3424 799 3584 851 praeva-

2050 870 2255 924 ricator
2303 870 2376 925 sit
2428 870 2563 939 legis
2609 871 2837 937 Christi,
2870 873 3219 930 circumcisio
3274 874 3510 945 baptismi
3535 882 3583 935 ad

2052 960 2388 1016 inﬁdelitatis
2416 961 2467 1015 ei
2494 964 2815 1031 praeputium
2844 964 3227 1031 reputabitur:
3254 966 3385 1033 quia
3406 976 3456 1021 et
3493 986 3509 1018 ι
3540 969 3584 1022 ﬁ-

2051 1053 2144 1108 des
2176 1055 2293 1109 sine
2323 1054 2578 1124 operibus
2616 1065 2828 1111 mortua
2873 1075 2891 1108 ι
2930 1056 3130 1111 dicitur
3151 1057 3220 1122 ι’,
3258 1067 3321 1111 et
3358 1060 3475 1113 mali
3508 1062 3583 1114 vil-

2051 1143 2141 1200 lici
2171 1162 2299 1215 pars
2325 1162 2450 1202 cum
2481 1147 2789 1202 inﬁdelibus
2823 1148 3043 1216 ponitur
3062 1147 3132 1202 ⁸ο.

2123 1240 2211 1293 15.
2250 1258 2269 1291 ι
2304 1239 2361 1294 Si
2399 1248 2582 1293 autem
2629 1241 2953 1307 pratputium
2980 1238 3226 1306 justitias
3273 1240 3409 1308 legis
3435 1254 3584 1297 custo-

2046 1333 2184 1397 diat,
2217 1346 2396 1387 nonne
2418 1331 2684 1400 judicabit
2716 1332 2767 1386 id
2792 1332 2936 1401 quod
2963 1347 3032 1387 ex
3069 1343 3269 1387 natura
3296 1343 3383 1388 est
3405 1350 3581 1405 praepu-

2058 1427 2217 1491 tium,
2244 1425 2418 1494 legem
2448 1425 2760 1492 perﬁciens,
2797 1434 2870 1488 te,
2904 1425 2995 1494 qui
3034 1440 3131 1494 per
3156 1426 3397 1480 litteram
3422 1436 3473 1481 et
3501 1431 3585 1483 cir-

2051 1514 2439 1570 cmncisionem
2468 1515 2859 1583 praevaricator
2884 1528 2946 1569 es
2974 1513 3112 1584 legis
3153 1514 3201 1546 ⁸¹
3239 1514 3265 1568 2
3296 1533 3318 1567 ι
3367 1516 3587 1586 Superius

2052 1605 2292 1660 diximus
2326 1604 2473 1675 quod
2506 1606 2644 1660 duos
2666 1603 2884 1661 Iudaeos
2917 1615 2974 1662 et
3003 1609 3138 1662 duas
3180 1608 3587 1665 circumcisione:

2051 1696 2314 1750 discutiat
2338 1695 2655 1766 Apostolus,
2684 1704 2739 1752 et
2767 1712 2909 1753 nunc
2956 1697 3022 1752 de
3063 1698 3297 1766 carnali,
3324 1714 3466 1754 nunc
3488 1715 3587 1756 vero

1977 1778 2019 1832 Β
2051 1790 2116 1843 de
2141 1789 2375 1858 spiritali
2405 1788 2519 1861 (9.2.)
2549 1800 2958 1845 commemoret.
2988 1790 3219 1847 Videtur
3248 1806 3383 1863 ergo
3406 1794 3455 1847 in
3486 1809 3586 1862 pra-

2049 1881 2188 1934 senti
2217 1881 2334 1935 loco
2358 1882 2683 1951 praeputium
2732 1881 2921 1938 dicere
2961 1890 3174 1952 gentes,
3211 1898 3336 1952 qua:
3380 1883 3432 1938 in
3476 1898 3584 1953 prae-

2050 1972 2198 2042 ptitio
2222 1971 2388 2044 59o
2419 1973 2605 2028 carnis
2638 1974 2706 2028 ad
2735 1972 2893 2028 ﬁdem
2921 1973 3125 2029 Christi
3157 1984 3426 2030 venerunt
3445 1993 3460 2029 :
3480 1991 3585 2044 quas

2050 2061 2221 2133 legem
2250 2063 2548 2133 spiritalem
2583 2075 2865 2120 servantes
2908 2067 3194 2135 componit
3234 2076 3294 2121 et
3344 2076 3584 2134 comparat

2048 2152 2273 2218 Iudaeis,
2305 2156 2397 2224 qui
2428 2170 2523 2223 per
2552 2156 2791 2227 litteram
2823 2167 2877 2212 et
2916 2158 3393 2215 circumcisionem
3437 2160 3583 2213 carnis

2050 2249 2500 2316 praevaricatores
2538 2261 2664 2304 sunt
2696 2249 2853 2322 legis,
2903 2266 3042 2320 quos
3082 2261 3142 2307 et
3184 2250 3501 2322 iudicandos
3535 2252 3583 2305 ab

2048 2339 2134 2395 his
2164 2340 2297 2395 dicit
2324 2341 2376 2395 in
2419 2342 2616 2410 quibus
2667 2356 2773 2395 non
2801 2344 2986 2398 carnis
3011 2343 3387 2409 circumcisio,
3416 2345 3499 2399 sed
3532 2343 3584 2397 le-

2047 2430 2130 2501 gis
2166 2430 2485 2486 observatio
2518 2444 2625 2490 est.
2674 2432 2970 2490 Possumus
3021 2445 3202 2490 autem
3241 2451 3313 2491 ex
3347 2438 3446 2491 hac
3471 2451 3585 2495 com-

2046 2524 2335 2594 paratione
2369 2525 2536 2579 etiam
2567 2534 2784 2580 nostros
2843 2528 2896 2582 in
2938 2526 3181 2583 Ecclesia
3229 2543 3583 2594 commonere;

2045 2615 2195 2671 verbi
2225 2631 2413 2681 causa,
2450 2617 2494 2671 si
2522 2618 2766 2674 dicamus
2794 2620 2846 2673 in
2875 2620 3142 2689 prteputio
3170 2620 3358 2676 adhuc
3383 2635 3495 2675 esse
3513 2635 3583 2672 ca-

2048 2708 2423 2773 techumenos,
2458 2718 2551 2763 aut
2587 2711 2758 2765 etiam
2805 2710 3036 2780 gentiles
3075 2727 3092 2777 ;
3148 2721 3205 2767 et
3271 2710 3583 2767 circumcisus

2045 2815 2167 2855 esse
2214 2800 2398 2856 ﬁdeles
2444 2816 2542 2870 per
2596 2802 2831 2872 gratiam
2870 2802 3148 2872 baptismi.
3200 2802 3256 2858 Si
3303 2818 3431 2873 ergo
3464 2813 3581 2858 cate-

2044 2890 2347 2946 chumenos
2378 2892 2473 2961 qui
2506 2893 2742 2947 nondum
2768 2906 2865 2963 per
2888 2893 3124 2963 gratiam
3151 2892 3362 2948 lavacri
3395 2893 3581 2947 circum

2045 2985 2191 3039 cisus
2213 2996 2319 3052 est,
2355 2985 2526 3056 legem
2547 2985 2747 3041 Christi
2777 2994 2986 3050 servet,
3005 2984 3246 3054 justitias
3275 2993 3336 3040 ct
3364 2984 3582 3040 mandata

2045 3080 2360 3146 custodiat,
2432 3097 2614 3135 nonne
2667 3096 2734 3136 ex
2798 3082 2902 3137 hac
2955 3085 3372 3151 comparatione
3416 3081 3582 3151 iudicat

1969 3149 2013 3207 ο
2047 3186 2196 3236 eum,
2232 3175 2326 3242 qui
2357 3171 2531 3227 ﬁdelis
2557 3172 2758 3227 dicitur
2783 3182 2838 3228 et
2860 3149 3131 3244 przccepta
3176 3189 3289 3229 non
3326 3149 3510 3237 servat,
3534 3186 3581 3225 ac

2044 3264 2216 3333 legem
2242 3264 2471 3331 Christi,
2502 3275 2557 3321 et
2599 3267 2855 3320 mandata
2880 3267 3181 3321 contemnit
3215 3267 3238 3321 ?
3296 3267 3517 3336 Denique
3540 3273 3580 3318 et

2046 3356 2160 3426 ipse
2207 3358 2475 3415 Dominus
2526 3360 2856 3416 dicebat":
2919 3379 2937 3412 ι
2982 3359 3188 3430 Regina
3223 3360 3411 3416 Austri
3434 3366 3579 3428 surget

2042 3447 2096 3501 in
2119 3446 2324 3516 judicio
2370 3465 2495 3504 cum
2539 3452 2674 3506 viris
2721 3453 3096 3522 generationis
3151 3442 3355 3521 hujus:
3381 3462 3434 3509 et
3476 3468 3578 3507 con-

2042 3539 2318 3595 demnabit
2350 3555 2466 3607 eos,
2499 3544 2625 3612 quia
2661 3545 2808 3599 venit
2833 3558 2862 3596 a
2887 3544 3084 3600 ﬁnibus
3115 3554 3274 3599 terra:
3307 3545 3486 3599 audire
3506 3558 3574 3597 sa-

2041 3633 2303 3702 pientiam
2341 3634 2670 3692 Salomonis.
2727 3654 2746 3688 ι
2800 3634 2929 3691 Haec
2958 3636 3175 3705 quidem
3219 3637 3291 3691 ad
3345 3637 3576 3692 instruen-

2055 3725 2177 3779 dam
2208 3725 2507 3781 Ecclesiam
2538 3727 2695 3782 nobis
2739 3728 2884 3783 dicta
2914 3728 3043 3783 sint.
3077 3727 3275 3784 Verum
3330 3728 3573 3784 considera

2040 3815 2086 3869 si
2132 3818 2304 3885 possit
2332 3819 2385 3871 iu
2416 3819 2518 3873 hoc
2549 3819 2669 3875 loco
2698 3828 2752 3874 et
2781 3819 2874 3875 ille
2918 3820 3227 3876 intellectus
3281 3821 3508 3882 admitti,
3532 3826 3575 3870 ut

2038 3906 2254 3961 dicatur
2287 3909 2449 3962 etiam
2482 3918 2605 3977 post
2631 3911 2922 3966 adventum
2963 3909 3168 3966 Christi
3220 3910 3453 3966 carnalis
3491 3909 3573 3963 cir-

2040 4000 2327 4067 cmncisio,
2362 4016 2480 4070 quae
2528 4016 2596 4055 ex
2647 4000 2762 4071 lege
2816 4003 3137 4059 observatur
3163 4003 3303 4075 (23),
3357 4002 3573 4075 prodesse

2047 4091 2257 4162 aliquid
2287 4094 2716 4150 custodientibus
2757 4094 2950 4166 legem,
2981 4098 3280 4152 secundum
3324 4099 3423 4153 hoc
3462 4092 3573 4165 quod

2042 4185 2094 4239 in
2137 4186 2290 4241 initio
2321 4186 2441 4241 ﬁdei
2472 4197 2673 4243 nostra:
2703 4189 2880 4244 adhuc
2913 4202 2943 4241 a
2973 4190 3325 4245 credentibus
3351 4191 3570 4245 observa-

2039 4278 2197 4332 batur
2242 4294 2257 4333 :
2311 4288 2368 4333 ut
2422 4280 2475 4333 in
2522 4279 2750 4335 Actibus
2785 4281 3153 4351 apostolorum
3182 4282 3407 4337 docetur
3431 4282 3472 4314 ⁸³
3508 4280 3569 4334 vel

2042 4372 2231 4428 Petrus
2263 4374 2315 4427 in
2347 4374 2681 4429 discretione
2711 4374 2982 4441 ciborum,
3044 4375 3131 4429 vel
3184 4374 3384 4431 Paulus
3429 4375 3474 4429 in
3500 4387 3569 4426 sa-

1965 4495 2012 4553 D
2040 4465 2262 4522 criﬁciis
2291 4467 2692 4536 purilicationis
2713 4468 2761 4500 ⁵⁵
2788 4467 2985 4523 fecisse
3018 4483 3033 4520 :
3074 4467 3121 4522 si
3154 4466 3296 4522 forte
3323 4469 3474 4522 etiam
3504 4466 3569 4519 hic

2042 4557 2348 4626 hujusmodi
2398 4558 2874 4615 circumcisionem
2940 4560 3292 4629 proposuisse
3358 4560 3569 4613 videatur

2034 4650 2346 4720 Apostolus,
2376 4666 2540 4720 quam
2573 4652 2832 4721 prodesse
2855 4652 2988 4707 dicit
3018 4653 3095 4707 ita
3120 4652 3167 4706 si
3193 4654 3357 4707 etiam
3379 4653 3456 4706 lex
3481 4665 3568 4704 ser-

2039 4752 2234 4797 vetur:
2268 4743 2313 4796 si
2352 4742 2550 4808 minus,
2606 4743 3079 4799 circumcisionem
3110 4743 3251 4799 hanc
3303 4745 3355 4799 in
3394 4756 3565 4814 prtepu-

2040 4834 2172 4888 tium
2214 4835 2554 4902 vertendam,
2610 4836 2716 4891 hoc
2768 4844 2873 4900 est,
2911 4835 3047 4889 nihil
3089 4834 3565 4905 profuturam:imo

2036 4930 2200 4984 etiam
2231 4929 2408 5001 majus
2435 4929 2550 5000 (24)
2583 4930 2784 4984 habere
2806 4929 3072 4998 judicium
3103 4946 3227 4984 eum
3256 4929 3345 4999 qui
3375 4942 3461 4997 per
3478 4925 3562 4979 cir-

2036 5022 2425 5078 cumcisionem
2483 5022 2664 5077 carnis
2717 5023 2962 5077 videatur
3011 5021 3144 5092 legis
3198 5017 3561 5076 observantiam

2034 5113 2303 5184 proﬁteri,
2332 5120 2387 5166 et
2414 5112 2826 5181 praevaricando
2855 5112 3026 5182 legem
3049 5111 3291 5181 judicari
3321 5114 3384 5166 ab
3403 5125 3461 5167 eo
3486 5104 3557 5176 qui

2037 5223 2142 5261 non
2178 5205 2479 5274 susceperit
2508 5206 2730 5274 quidem
2754 5206 3230 5263 circumcisiouem
3267 5204 3456 5267 carnis,
3488 5200 3556 5270 ill-

1042 5321 1089 5352 "
1113 5319 1155 5373 ll
1189 5322 1314 5377 Cor.
1362 5339 1437 5383 ut.
1475 5322 1532 5389 6,
1570 5323 1625 5380 5.
1700 5328 1745 5358 ’⁸⁸
1774 5326 1918 5382 Psal.

2048 5325 2240 5389 :vt,27.
2315 5325 2359 5357 ⁸⁷
2396 5323 2530 5378 Gen.
2559 5338 2688 5385 xvu,
2714 5322 2784 5376 12
2809 5340 2825 5389 ;
2854 5322 3031 5377 Levii.
3065 5339 3168 5384 xu,
3195 5322 3251 5377 5.
3324 5320 3368 5355 ⁸⁸
3388 5318 3491 5389 Job.
3523 5330 3553 5379 ιι

1551 5396 1595 5427 δι
1629 5395 1789 5451 Rom.
1819 5414 1879 5465 ιι,
1914 5398 2006 5463 26,
2041 5399 2133 5451 27.

2210 5396 2254 5428 ⁸³
2285 5394 2481 5450 Matth.
2507 5410 2608 5460 xu,
2632 5394 2724 5452 Η.
2802 5387 2849 5427 ⁵³
2874 5393 2997 5450 Act.
3027 5410 3087 5458 x,
3116 5394 3179 5449 11
3208 5406 3326 5463 seq.
3394 5389 3439 5425 ⁸⁵
3458 5387 3551 5442 Act.

2029 5561 2410 5617 desiderantur
2442 5557 2495 5612 in
2529 5566 2689 5611 antea
2723 5556 2907 5611 editis.

2100 5631 2212 5701 (25)
2251 5631 2347 5701 Sic,
2370 5644 2497 5701 mss.
2536 5627 2676 5701 Editi
2701 5642 2853 5701 vero,
2883 5643 2902 5676 ι
2933 5624 3343 5701 observabatur.
3373 5640 3392 5674 ι

2100 5696 2213 5773 (24)
2246 5720 2262 5754 ι
2302 5699 2493 5768 Maius.
2528 5720 2546 5751 ι
2581 5698 2743 5764 Editi,
2781 5716 2797 5749 t
2829 5699 2881 5750 in
2912 5696 3052 5767 aliis,
3087 5716 3104 5747 ι
3138 5696 3292 5751 male.
