3684 6148
125 278 247 335 9οί

1099 282 1454 339 COMMENT.
1500 283 1564 338 IN
1603 281 1820 339 EPIST.
1859 282 1950 336 AD
1988 282 2155 338 ROM.
2202 285 2328 340 LIB.
2372 285 2435 341 11.

3288 293 3393 349 9υ2

122 401 328 454 stitias
360 407 536 454 tamen
575 400 876 455 servaverit
907 399 1057 471 legis.
1113 404 1169 458 Si
1212 420 1344 472 ergo
1374 415 1428 457 ct
1453 404 1541 458 hic
1592 418 1717 458 sen-
1751 405 1797 462 Α
1826 401 1964 456 nalis
2011 399 2250 466 Judaaus,
2297 403 2511 471 perﬁcit
2545 412 2725 457 autem
2778 404 3058 474 spiritalis.
3106 416 3161 460 ct
3205 410 3298 476 qui
3335 413 3390 462 in

126 509 243 549 sus
295 493 459 563 recipi
505 493 720 558 debeat,
771 494 950 550 videto
979 497 1141 550 etiam
1176 505 1228 550 tu
1261 498 1352 564 qui
1401 497 1553 567 legis,
1581 512 1716 566 quo-

124 584 299 639 niam
330 584 548 654 quidem
576 585 690 653 ipse
719 584 1011 654 Apostolus
1037 589 1321 656 proﬁtetur
1351 589 1394 619 ⁵⁸
1432 603 1490 642 se
1517 586 1716 643 Judaeis

125 674 269 730 fieri
301 672 568 739 Judmum,
594 683 650 729 et
682 674 768 728 his
806 677 897 744 qui
930 677 1046 732 sine
1092 677 1208 748 lege
1237 688 1387 743 sunt,
1426 679 1578 748 quasi
1623 681 1713 748 qui

124 769 270 822 sine
302 768 418 838 lege
447 767 518 822 sit
545 765 686 838 (2-3),
720 779 774 822 et
808 770 1059 824 omnibus
1105 772 1285 825 omnia
1315 771 1397 836 ﬁt,
1433 783 1493 826 ut
1525 788 1715 827 omnes

125 859 478 924 lucrifaciat,
516 875 582 915 ne
618 859 759 915 forte
789 869 1071 930 propterea
1108 862 1195 918 hic
1241 863 1488 918 videatur
1534 864 1711 918 indul-

121 967 276 1020 gere
301 952 502 1008 Judaais
559 967 623 1007 ea
674 966 795 1021 quas
845 953 912 1008 ad
938 952 1154 1008 Galatas
1198 955 1465 1019 scribens,
1505 955 1590 1010 his
1620 956 1712 1025 qui

125 1061 199 1098 ex
233 1045 491 1115 gentibus
523 1045 874 1099 crediderant
905 1059 1010 1098 non
1037 1046 1301 1115 indulget.
1351 1047 1488 1101 Dicit
1517 1047 1659 1101 enim
1695 1064 1708 1099 :

131 1157 152 1187 ‹
210 1137 358 1203 Quia
413 1138 458 1192 si
504 1137 969 1192 circumcidamiui
1003 1177 1018 1202 ,
1066 1137 1319 1192 Christus
1369 1139 1525 1192 vobis
1580 1137 1712 1191 nihil

129 1231 395 1300 proderit
417 1230 517 1284 ⁸⁸.»
551 1230 694 1286 Nihil
716 1245 846 1300 ergo
862 1231 1117 1300 proderat
1143 1231 1484 1287 circumcisio
1508 1232 1594 1286 his
1619 1231 1710 1300 qui

124 1341 196 1378 ex
235 1337 307 1378 ea
340 1324 830 1394 putabant-aliquid
859 1325 1267 1394 justiﬁcationis
1297 1325 1502 1396 assumi
1533 1340 1709 1394 rpro‘

123 1418 300 1472 derat
339 1427 520 1472 autem
558 1417 664 1484 his,
702 1418 795 1488 qui
857 1419 1124 1488 putabant
1167 1417 1267 1472 sibi
1314 1417 1382 1471 ad
1433 1416 1707 1472 Christum

124 1526 246 1564 non
279 1525 404 1566 esse
434 1509 782 1579 veniendum,
825 1514 870 1566 si
901 1511 980 1566 eis
1012 1511 1410 1566 circumcidere
1444 1511 1583 1566 ﬁlios
1614 1524 1708 1562 νεα

123 1612 372 1661 taretur.
403 1603 571 1658 Erant
597 1603 741 1662 enim
779 1596 1026 1660 nonnulli
1057 1604 1109 1660 in
1140 1605 1329 1669 initiis,
1361 1604 1452 1672 qui
1480 1604 1710 1659 circum-

121 1696 402 1750 cisionem
434 1697 596 1751 veluti
630 1698 841 1767 insigne
869 1698 1226 1752 vernaculum
1268 1698 1445 1768 gentis
1475 1712 1586 1752 su:e
1623 1699 1705 1752 ni-

120 1789 240 1841 mio
290 1803 479 1844 amore
519 1799 798 1844 servarent
843 1808 857 1843 :
901 1799 958 1844 et
1003 1789 1250 1859 impediri
1297 1789 1622 1845 videbantur
1671 1805 1703 1845 a

118 1880 261 1941 ﬁde,
305 1880 352 1934 si
389 1881 490 1935 hoc
520 1879 629 1952 (26)
661 1881 742 1936 eis
771 1890 1050 1935 vetaretur
1094 1895 1201 1950 quo
1235 1894 1426 1934 carere
1459 1895 1562 1934 non
1606 1895 1704 1950 po-

123 1978 334 2026 terant.
375 1970 515 2040 Ergo
548 1971 761 2026 videtur
810 1970 1102 2040 Apostolus
1149 1972 1214 2025 ad
1250 1971 1554 2038 lmjusmodi
1605 1976 1704 2026 ho-

119 2065 310 2118 mines
341 2064 547 2128 dicere,
588 2079 654 2119 ne
706 2064 786 2119 eis
844 2064 968 2119 ﬁdei
1015 2063 1236 2132 januam
1287 2063 1526 2128 claudat,
1573 2065 1701 2134 quia

127 2174 147 2206 ι
180 2155 538 2210 circumcisio
583 2155 822 2224 prodest,
869 2156 913 2210 si
967 2156 1139 2226 legem
1168 2156 1444 2211 custodias
1475 2173 1489 2209 :
1522 2156 1567 2211 si
1599 2171 1699 2210 au-

121 2256 238 2298 tem
277 2244 674 2314 praevaricator
705 2245 842 2315 legis
873 2245 967 2311 sis,
992 2245 1336 2300 circumcisio
1367 2253 1457 2298 tua
1487 2260 1701 2314 przepu-

121 2339 262 2391 tium
299 2335 443 2390 facta
471 2345 574 2391 est.
614 2355 632 2389 ι
684 2337 727 2391 Ε
772 2338 1046 2392 contrario
1099 2345 1278 2392 autem
1324 2338 1368 2392 si
1414 2337 1700 2392 credentes

119 2445 188 2484 ex
242 2429 504 2498 gentibus
544 2429 608 2482 ad
660 2429 1129 2484 circumcisionem
1178 2437 1525 2500 cogerentur,
1574 2428 1697 2482 ﬁdei

122 2519 343 2574 Christi
371 2526 425 2574 et
458 2518 830 2589 praedicationi
859 2519 1010 2574 verbi
1035 2520 1151 2574 ﬁeri
1173 2519 1450 2574 videretur
1477 2518 1693 2585 injuria.

121 2610 230 2664 Sed
271 2619 331 2665 et
359 2610 492 2665 illud
513 2610 911 2665 observandum
945 2619 1048 2676 est,
1103 2609 1245 2680 quod
1288 2624 1410 2664 cum
1452 2609 1695 2665 dixerit:

128 2721 146 2754 ι
174 2701 543 2758 Circumcisio
563 2701 780 2772 quidem
812 2703 1056 2771 prodest,
1081 2703 1125 2756 si
1145 2701 1312 2772 legem
1332 2700 1644 2755 custodias:
1671 2718 1689 2752 ι

120 2805 228 2844 non
264 2791 496 2857 addidit,
529 2791 587 2846 Si
627 2799 806 2845 autem
850 2805 956 2845 non
984 2792 1278 2854 custodias,
1318 2790 1460 2845 sicut
1504 2803 1697 2844 conse-

124 2897 300 2950 quens
333 2882 654 2950 videbatur,
681 2883 776 2936 sed
797 2881 874 2935 ait
905 2899 918 2935 :
950 2899 968 2932 ι
1006 2881 1063 2936 Si
1095 2891 1275 2935 autem
1308 2880 1696 2950 prvvaricator

125 2973 200 3027 sis
232 2973 396 3044 legis.
431 2993 450 3025 ι
485 2973 543 3028 1η
570 2988 678 3042 quo
699 2972 936 3026 ostendit
970 2972 1113 3026 aliud
1151 2985 1268 3026 esse
1290 2986 1393 3026 non
1417 2971 1692 3027 custodire

1819 491 2038 546 occulto
2067 492 2288 547 Judzeus
2319 501 2422 545 est.
2464 490 2521 545 In
2551 507 2659 560 quo
2690 493 2780 547 ille
2807 495 3021 560 quidem
3055 501 3384 565 prmvarica-

1821 593 1906 637 tor
1938 583 2098 653 legis,
2130 586 2220 640 hic
2243 595 2420 639 autem
2462 582 2624 652 judex
2677 585 3108 655 przevaricatoris
3138 586 3387 645 eﬁicitur.

1819 673 2212 730 Przevaricator
2240 687 2422 732 autem
2455 676 2688 732 elIicitur
2733 677 2849 747 (28)
2881 678 3114 731 carnalis
3145 678 3386 743 Judaeus.

1815 770 1944 836 quia
1971 767 2057 821 lex
2082 770 2195 838 ipsa
2217 771 2596 825 inﬁrmabatur
2619 784 2716 840 per
2740 771 3106 826 carnem.Nisi
3133 774 3276 828 enim
3307 780 3389 827 iu-

1817 859 2032 912 ﬁrmata
2065 859 2255 915 fuisset
2276 861 2571 916 secundum
2602 876 2846 924 carnem,
2882 877 2986 916 non
3019 853 3387 932 utiquedice-

1816 961 2002 1004 retur:
2030 969 2047 1002 ί
2082 950 2215 1004 Nam
2245 953 2386 1020 quod
2416 951 2748 1020 impossibile
2779 963 2900 1006 erat
2929 955 3053 1019 legi,
3087 956 3138 1009 in
3166 971 3276 1024 quo
3307 957 3388 1010 in-

1815 1041 2134 1096 ﬁrmabatur
2149 1045 2556 1112 percarncm".
2579 1064 2598 1096 ›
2622 1043 2728 1099 Per
2747 1046 2996 1114 spiritum
3026 1056 3206 1102 autem
3239 1051 3388 1103 inﬁr.

1815 1136 1948 1188 mari
1976 1134 2146 1205 legem
2170 1151 2444 1204 numquam
2474 1137 2713 1192 invenies
2727 1139 3078 1206 scriptum,et
3097 1139 3217 1193 ideo
3240 1161 3256 1192 ι
3289 1143 3382 1210 qui

1815 1226 1867 1278 in
1901 1241 2066 1279 carne
2092 1237 2239 1290 sunt,
2266 1227 2372 1280 Deo
2391 1227 2612 1296 placere
2642 1242 2746 1281 non
2780 1236 3006 1296 possunt
3031 1227 3107 1295 '9;
3134 1248 3153 1280 ›
3175 1231 3265 1299 qui
3285 1246 3376 1284 au-

1815 1325 1921 1370 tem
1947 1333 2043 1387 per
2066 1318 2315 1387 spiritum
2349 1327 2505 1373 actus
2539 1319 2719 1374 carnis
2752 1321 3222 1386 mortiﬁcavcrint,
3268 1337 3374 1376 non

1813 1409 1987 1463 solum
2013 1409 2216 1473 vivent,
2246 1411 2572 1478 scdjudiccs
2594 1420 2753 1464 erunt
2793 1427 2899 1464 non
2948 1421 3158 1466 tantum
3202 1414 3384 1466 horni-

1812 1502 2068 1563 num,sed
2089 1502 2466 1570 etaugelorttm
2489 1504 2642 1571 :quia
2662 1503 2803 1556 illius
2821 1503 2941 1558 laus
2967 1506 3033 1559 ab
3061 1505 3377 1560 hominibus

1809 1603 1910 1657 est,
1933 1593 2134 1664 hujusa
2155 1595 2265 1649 Deo
2286 1596 2351 1649 ⁸ο.
2379 1594 2894 1665 ΙΙαξοίιιιὶίιοηιάἱειιὶ
2912 1597 3022 1652 sint
3051 1613 3081 1651 a
3115 1599 3271 1652 nobis
3303 1601 3374 1654 ad

1809 1685 1969 1757 49],
2039 1687 2470 1756 explanationem
2521 1690 2787 1743 sermonis
2841 1691 3156 1758 apostolici,
3207 1707 3369 1760 quem

1740 1757 2078 1832 Bdisserere
2128 1780 2527 1846 proposuimus.
2594 1779 2709 1834 Non
2777 1791 2955 1835 tamen
3010 1782 3370 1849 importunum

1805 1869 2075 1922 videbitur
2126 1870 2290 1923 etiam
2342 1871 2774 1926 circumcisiouis
2837 1863 3010 1940 ipsius
3065 1873 3375 1943 generalem

1803 1960 2076 2016 discutere
2129 1961 2432 2025 rationem,
2479 1963 2921 2031 quandoquidem
2981 1963 3049 2019 de
3103 1980 3165 2018 ea
3226 1964 3378 2019 locus

1802 2053 1920 2122 ipse
1964 2053 2322 2107 commonuit.
2371 2052 2700 2121 Repetamus
2732 2053 2918 2124 igitur,
2960 2065 3012 2109 et
3061 2055 3110 2108 iu
3143 2056 3376 2109 medium

1801 2145 2164 2215 proferamus,
2200 2145 2244 2199 si
2277 2159 2384 2213 qua
2417 2142 2616 2213 iu'lege
2657 2146 2721 2198 de
2752 2161 2836 2210 ea,
2873 2146 2957 2199 vel
3003 2147 3052 2198 in
3082 2145 3378 2214 Scriptnris

1800 2237 2013 2290 caeteris
2040 2235 2409 2290 continentur.
2471 2235 2778 2289 Invenimus
2809 2236 2860 2288 in
2889 2235 3085 2290 Genesi
3115 2237 3376 2305 scriptum

1799 2328 2030 2397 primum
2068 2327 2134 2380 de
2170 2327 2589 2381 circumcisione
2609 2327 3091 2394 tnandatum,cutn
3114 2344 3376 2397 responsa

1799 2420 2058 2474 darentur
2103 2419 2168 2472 ad
2223 2419 2496 2473 Abraham
2569 2419 2672 2474 hoc
2753 2422 2912 2475 modo
2943 2421 2984 2451 ⁶¹
3019 2437 3034 2473 :
3073 2440 3090 2472 ι
3122 2421 3189 2476 Et
3240 2423 3377 2476 dixit

1798 2511 1941 2567 Deus
1972 2511 2038 2566 ad
2086 2511 2361 2565 Abraham
2396 2511 2518 2566 :Tu
2545 2522 2727 2566 autem
2771 2523 3152 2568 testamentum
3194 2530 3374 2570 meum

1797 2607 2058 2672 servabis,
2103 2617 2158 2662 et
2185 2621 2349 2660 omne
2390 2621 2576 2663 semen
2623 2615 2772 2661 tuum
2823 2617 2947 2675 post
2975 2617 3027 2662 te
3058 2609 3110 2663 in
3138 2624 3371 2679 genera-

1797 2701 1972 2755 tiones
1995 2713 2140 2754 suas.
2166 2699 2230 2752 Et
2255 2699 2357 2753 hoc
2388 2699 2944 2768 testamentum,quod
2968 2699 3208 2768 disposui
3231 2702 3373 2754 inter

1796 2806 1884 2846 me
1910 2799 1966 2846 et
1993 2806 2109 2856 vos,
2133 2801 2189 2846 et
2216 2791 2360 2846 inter
2386 2806 2472 2846 me
2493 2803 2548 2844 et
2571 2791 2714 2844 inter
2735 2791 2974 2844 medium
3001 2793 3227 2846 seminis
3257 2793 3371 2861 (9.9)

1795 2884 1871 2938 tui
1907 2892 2026 2953 post
2064 2893 2118 2937 te
2151 2884 2204 2937 in
2236 2883 2614 2953 generationes
2668 2879 2859 2937 eorum
2895 2901 2909 2936 :
2951 2882 3372 2938 circumcidetur

1794 2991 1954 3032 omne
1979 2977 2337 3031 masculinum
2365 2984 2628 3041 vestrum,
2649 2985 2703 3029 et
2727 2975 3126 3030 circumcidetis
3149 2991 3368 3030 carnem

123 3064 322 3133 legem,
374 3064 522 3119 aliud
568 3063 917 3134 przevaricari
967 3062 1160 3133 legem.
1203 3060 1336 3116 Nam
1381 3071 1437 3117 et
1490 3061 1689 3118 Paulus
1718 3104 1760 3164 ο
1795 3068 2038 3137 prreputii
2067 3068 2256 3135 vestri,
2284 3075 2338 3121 et
2367 3065 2473 3120 erit
2526 3067 2578 3119 in
2628 3067 2837 3136 signqu
2888 3066 3192 3120 testamenti
3228 3065 3370 3119 inter

123 3156 236 3225 ipse
290 3172 406 3212 non
450 3171 662 3226 semper
690 3155 857 3224 legem
895 3155 1148 3221 custodit,
1193 3170 1465 3224 nunquam
1509 3163 1691 3208 tamen

121 3250 513 3315 prmvaricator
539 3257 621 3302 est
647 3247 798 3316 legis.
825 3246 1117 3316 Propterea
1151 3246 1202 3299 iu
1234 3245 1692 3313 consequentibus

126 3341 295 3396 dicit:
339 3360 360 3392 ‹
397 3339 453 3394 Si
485 3349 665 3394 autem
692 3339 1013 3409 prmputium
1044 3337 1310 3406 justitiam
1345 3337 1479 3408 legis
1511 3347 1692 3393 custo-

124 3433 257 3497 diat,
280 3447 468 3488 nonne
489 3432 752 3503 judicabit
777 3433 919 3501 quod
942 3447 1006 3487 ex
1029 3441 1219 3486 natura
1242 3439 1321 3486 est
1344 3432 1689 3501 prmputium,

125 3524 295 3596 legem
328 3524 642 3595 perﬁciens,
680 3535 752 3589 te,
783 3523 876 3592 qui
906 3538 1002 3592 per
1033 3523 1269 3576 litteram
1304 3531 1359 3576 et
1404 3521 1691 3576 circumci-

123 3619 324 3674 sionem
360 3619 749 3689 prtevaricator
791 3631 850 3671 es
894 3615 1073 3686 legis?
1106 3633 1124 3666 ι
1160 3613 1409 3670 Custodit
1450 3629 1579 3684 ergo
1615 3615 1691 3668 lc-

124 3727 242 3780 gcm
293 3715 340 3767 is
389 3712 477 3780 qui
510 3726 628 3766 eam
684 3710 978 3765 secundum
1010 3708 1247 3761 litteram
1275 3706 1532 3761 observat
1570 3723 1584 3769 ;
1633 3715 1688 3759 et

127 3804 171 3857 is
194 3805 587 3873 praevaricatur
617 3817 760 3868 eam,
794 3801 886 3869 qui
923 3798 1222 3870 spiritalem
1247 3798 1365 3866 eius
1397 3811 1501 3851 non
1541 3804 1689 3851 tenet

129 3910 366 3949 sensum.
405 3894 620 3950 Justitia
663 3909 791 3950 vero
837 3894 994 3964 legis,
1047 3891 1269 3947 moralis
1316 3889 1429 3957 ejus
1473 3897 1558 3944 est
1605 3888 1686 3942 lo-

125 4003 216 4043 cus
246 3989 385 4060 (27).
431 3988 544 4044 Lex
585 3989 728 4043 enim
763 3987 1022 4058 generale
1063 3984 1386 4040 vocabulum
1437 3995 1564 4038 est:
1604 3984 1691 4050 ju-

125 4079 264 4134 stitia
293 4096 426 4135 vero
454 4093 580 4149 pars
619 4078 752 4149 legis
783 4085 885 4133 est.
919 4076 1177 4132 Continet
1209 4073 1354 4127 enim
1396 4071 1483 4124 lex
1523 4071 1685 4135 iusti-

128 4170 248 4237 tias,
293 4183 348 4227 et
393 4173 619 4244 judicia,
674 4182 728 4225 et
787 4169 1060 4231 mandata,
1129 4173 1186 4220 et
1233 4162 1682 4231 justiﬁcationes,

127 4261 362 4334 aliasque
411 4262 836 4334 quamplurimas
884 4257 1119 4328 species.
1177 4256 1234 4311 Si
1286 4269 1416 4322 ergo
1469 4268 1683 4322 prmpu-

131 4355 255 4410 tium
289 4372 410 4425 non
460 4357 535 4410 ait
584 4355 756 4426 ipsam
787 4353 982 4422 legem,
1030 4350 1126 4405 sed
1174 4348 1219 4404 si
1258 4347 1498 4416 justitias
1547 4346 1684 4414 legis

1796 3174 1880 3213 me
1907 3170 1964 3213 et
1991 3174 2124 3213 vos:
2164 3169 2220 3214 et
2278 3174 2415 3229 puer
2447 3168 2640 3214 octava
2700 3157 2788 3211 die
2845 3156 3266 3210 circumcidetur
3312 3157 3367 3210 in

1791 3251 1965 3312 vobis,
1994 3251 2172 3306 omnis
2213 3250 2486 3306 masculus
2531 3250 2584 3303 in
2635 3247 3080 3318 generationibus
3115 3247 3312 3302 vestris
3347 3266 3363 3302 :

1792 3344 2134 3410 vernaculus,
2193 3352 2248 3398 et
2303 3343 2532 3412 pecunia
2577 3351 2789 3410 emptus
2837 3341 2905 3394 ab
2956 3339 3206 3396 omnibus
3241 3341 3367 3394 ﬁliis

1793 3434 2242 3505 alienigenarum,
2273 3433 2363 3503 qui
2398 3449 2504 3487 non
2535 3443 2620 3487 est
2645 3448 2709 3486 ex
2736 3431 2945 3486 semine
2978 3440 3094 3498 tuo,
3128 3433 3365 3486 circurn-

1791 3525 1998 3579 cisione
2046 3524 2474 3578 circumcidetur
2518 3521 2845 3576 vernaculus
2889 3522 3082 3575 domus
3139 3531 3263 3584 tua),
3311 3534 3366 3575 et

1791 3617 2019 3684 pecunia
2041 3623 2384 3684 comparatus
2407 3630 2436 3668 a
2469 3625 2549 3669 te:
2577 3624 2630 3668 et
2647 3615 2750 3668 erit
2781 3621 3162 3668 testamentum
3186 3627 3362 3666 meum

1790 3725 1954 3777 super
2002 3724 2223 3764 carnem
2265 3718 2501 3762 vestram
2535 3715 2921 3762 testamentum
2967 3714 3231 3759 mteruutn
3263 3721 3276 3756 ε
3311 3713 3366 3756 ΕΙ

1790 3801 2204 3856 incircumcisus
2236 3800 2511 3854 masculus
2543 3799 2636 3867 qui
2666 3815 2771 3852 non
2807 3797 2970 3853 fuerit
3009 3795 3364 3852 circumcisus

1789 3892 1845 3946 in
1885 3907 2046 3947 carne
2077 3893 2323 3962 prxeputii
2373 3894 2456 3946 sui
2505 3893 2590 3946 die
2637 3899 2854 3953 octava,
2908 3887 3364 3944 exterminabitur

1788 3978 1967 4032 anima
1996 3979 2086 4032 illa
2132 3980 2198 4034 de
2233 3995 2434 4050 genere
2484 3993 2583 4034 suo
2615 3978 2753 4050 (50),
2786 3978 2914 4047 quia
2971 3985 3360 4031 testamentum

1788 4085 1967 4124 meum
2008 4071 2314 4140 dissipavit.
2353 4091 2372 4124 ι
2440 4070 2558 4126 Non
2613 4086 2713 4126 nos
2762 4079 2940 4124 tamen
2983 4069 3152 4124 latere
3181 4070 3360 4134 debet,

1789 4165 1931 4232 quod
1971 4165 2022 4216 in
2078 4163 2201 4217 aliis
2245 4163 2645 4231 exemplaribus
2685 4179 2789 4217 non
2838 4163 3066 4217 habetur
3099 4161 3358 4230 positum,

1793 4274 1811 4306 ι
1839 4265 2032 4309 octava
2059 4255 2167 4320 die,
2196 4274 2214 4306 ι
2259 4255 2310 4308 in
2343 4255 2446 4310 hoc
2489 4257 2754 4309 duntaxat
2789 4254 2926 4308 loco.
2955 4253 3086 4307 Item
3120 4254 3172 4306 in
3200 4251 3362 4306 Levi-‘-

1795 4349 1902 4400 tico
1929 4346 2189 4415 scriptum
2217 4354 2302 4399 est
2323 4345 2367 4377 θ’
2401 4359 2415 4396 :
2453 4363 2471 4394 ι
2508 4343 2574 4397 Εῑ
2611 4344 2824 4399 locutus
2853 4353 2936 4398 est
2976 4343 3236 4398 Dominus
3292 4343 3362 4396 ad

129 4449 412 4516 custodiat,
443 4450 497 4504 in
531 4456 738 4502 tantum
773 4441 1060 4514 praefertur
1092 4439 1496 4496 circumcisioni
1541 4451 1681 4507 prm-
1715 4442 1760 4498 D
1791 4440 2008 4510 Moysen
2042 4437 2226 4492 dicens
2256 4454 2271 4491 :
2308 4435 2556 4504 Loquere
2587 4435 2715 4489 ﬁliis
2744 4434 2910 4490 Israel
2935 4473 2951 4500 ,
2997 4442 3051 4490 et
3103 4434 3254 4490 dices
3291 4435 3362 4489 ad

128 4541 382 4596 varicauti
409 4541 604 4611 legem,
634 4547 693 4591 ut
719 4537 883 4592 etiam
911 4533 1122 4604 judicet
1152 4545 1295 4587 eam.
1325 4531 1390 4584 Et
1415 4529 1554 4585 bene
1582 4529 1680 4581 ad-

132 4631 282 4701 didit,
316 4652 335 4685 t
367 4635 538 4702 legem
565 4629 877 4700 perﬁciens.
908 4645 926 4678 ι
960 4624 1053 4678 llle
1085 4623 1228 4676 enim
1255 4621 1348 4692 qui
1388 4621 1680 4676 secundum

132 4722 353 4780 litteram
396 4725 552 4787 vivit,
597 4721 877 4776 custodire
907 4717 1107 4772 dicitur
1141 4713 1314 4784 legem
1357 4728 1373 4776 ;
1421 4713 1524 4766 iste
1557 4727 1684 4764 vero

132 4815 212 4881 qui
247 4817 537 4871 secundum
577 4813 846 4883 spiritum,
880 4807 1140 4878 perﬁcere
1167 4821 1180 4859 :
1205 4802 1469 4872 perfectio
1499 4811 1683 4856 autem

133 4906 255 4976 legis
281 4909 334 4963 in
363 4909 582 4964 Christo
619 4914 723 4968 est,
754 4903 845 4972 qui
882 4901 1064 4957 dixit:
1099 4917 1118 4950 ι
1156 4896 1271 4950 Νοη
1305 4895 1428 4949 veni
1469 4892 1682 4947 solvere

135 4997 310 5067 legem,
341 5001 433 5056 sed
456 4998 749 5068 adimplere
775 4996 843 5048 ⁸⁷.
879 5013 897 5045 ι
923 4991 1236 5058 Adimplere
1268 4996 1448 5041 autem
1479 4985 1679 5055 legem,

136 5087 228 5144 hoc
263 5102 343 5147 est
368 5093 626 5162 perﬁcere
670 5089 863 5160 legem.
909 5083 1153 5141 Custodit
1183 5093 1311 5150 ergo
1349 5077 1522 5144 legem
1557 5091 1679 5131 car.

1787 4545 1917 4586 eos:
1947 4527 2138 4583 Mulier
2168 4542 2503 4597 quzecunque
2548 4529 2848 4596 susceperit
2870 4541 3078 4592 semen,
3112 4535 3169 4580 et
3198 4540 3364 4595 pepe-

1788 4623 1922 4676 rerit
1970 4621 2288 4685 masculum,
2348 4620 2624 4673 immunda
2687 4619 2795 4672 erit
2853 4625 3060 4686 septem
3117 4617 3359 4681 diebus,

1790 4715 2085 4769 secundum
2125 4713 2244 4766 dies
2296 4711 2636 4781 purgationis
2684 4709 2961 4764 immunda
2996 4709 3122 4774 erit,
3169 4717 3224 4762 et
3274 4707 3362 4762 die

1790 4815 1985 4859 octava
2019 4804 2372 4859 circumcidet
2415 4817 2637 4858 carnem
2695 4801 2945 4870 przeputii
2992 4802 3130 4868 ejus,
3170 4811 3221 4854 et
3261 4801 3360 4854 tri-

1789 4900 1937 4966 ginta
1975 4896 2146 4949 tribus
2167 4893 2356 4949 diebus
2379 4893 2590 4948 sedebit
2624 4891 2678 4945 in
2707 4890 2969 4959 sanguine
2993 4906 3092 4945 suo
3130 4889 3361 4945 immun-

1790 4989 1880 5042 da.
1922 5006 1942 5039 ›
1991 4985 2117 5040 Hrec
2142 4987 2359 5055 quidem
2393 4986 2458 5039 de
2486 4984 2602 5053 lege
2631 4983 2802 5054 Moysi
2831 4983 3134 5038 testimonia
3175 4980 3358 5050 posui-

1789 5093 1929 5132 mus.
1978 5076 2229 5131 Salvator
2254 5091 2384 5130 vero
2413 5074 2465 5128 in
2499 5073 2797 5156 Evangelio
2826 5073 2939 5140 ait,
2988 5068 3360 5126 circumcisio-

202 5237 418 5298 καῖον.
445 5257 520 5303 ιχ,
547 5236 734 5292 20-22.
810 5231 1054 5287 “Galat.
1095 5245 1150 5291 ν,
1179 5228 1231 5282 2.
1257 5209 1354 5303 ςυτ
1399 5223 1586 5279 Matth.
1625 5240 1676 5292 ν,

1868 5224 1918 5257 ³⁸
1942 5225 2096 5279 Rom.
2128 5238 2246 5283 vrtt,
2281 5221 2334 5274 5.
2411 5221 2456 5253 '9
2483 5219 2612 5274 ibid.
2646 5218 2679 5274 8
2743 5219 2832 5274 l5.
2909 5218 2954 5248 ⁶⁰
2980 5215 3138 5269 Rom.
3183 5225 3243 5275 ll,
3267 5209 3357 5264 9.9.

140 5303 175 5333 "
197 5306 322 5362 Gen.
348 5300 562 5375 xvtr,'9
598 5323 751 5377 seqq.
828 5305 872 5336 ⁶¹
915 5303 1042 5356 Lev.
1099 5316 1196 5364 xu,
1251 5300 1275 5353 1
1333 5312 1487 5366 seqq.

205 5445 308 5515 (25)
335 5449 495 5512 Editi,
534 5467 552 5501 ι
579 5446 731 5516 quasi
762 5445 880 5516 sine
910 5443 1026 5516 lege
1056 5440 1146 5496 sit.
1185 5457 1204 5492 ι

207 5513 307 5585 (26)
338 5538 355 5570 ι
389 5519 519 5574 Hoc.
549 5537 568 5570 ι
599 5513 765 5572 Deest
791 5515 843 5568 in
867 5513 1046 5585 editis.

207 5574 308 5656 (Ἦ)
336 5588 407 5643 lta
443 5605 572 5643 mss.
605 5586 798 5641 nostri.
831 5585 929 5639 Ast
962 5581 1112 5646 editi,
1149 5600 1169 5634 ι
1198 5579 1433 5636 Iustitia:
1464 5591 1587 5643 vero
1608 5574 1684 5631 le-

147 5653 253 5731 Eis:
265 5653 472 5731 moralis
504 5668 586 5714 est
614 5658 781 5731 locus.
815 5673 836 5707 ι
862 5725 893 5731 __
929 5723 938 5731 .
1092 5723 1102 5731 _
1159 5720 1170 5731 .

209 5724 310 5796 (9-8)
341 5748 357 5780 ι
390 5729 638 5784 Edicitur.
673 5747 689 5779 ι
723 5725 777 5780 In
813 5723 972 5780 editis
997 5723 1282 5778 omittitur.

1861 5427 1971 5500 (29)
2009 5445 2028 5477 ‹
2058 5425 2125 5480 Et
2168 5425 2313 5500 inter
2340 5422 2577 5477 medium
2611 5420 2859 5480 seminis,
2897 5435 2916 5468 ι
2951 5423 3056 5500 etc.
3092 5412 3182 5494 Sic
3202 5412 3356 5500 pedit.

1789 5493 1916 5554 Mss.
1951 5493 2118 5552 vero:
2158 5507 2243 5548 «et
2270 5497 2412 5548 inter
2441 5507 2625 5548 semen
2668 5502 2815 5545 tuum
2851 5496 2970 5556 post
3009 5493 3062 5539 te
3110 5493 3163 5537 tu
3193 5499 3359 5553 gene-

1791 5571 2008 5624 ratione
2040 5577 2378 5620 sanctornm.
2418 5582 2437 5616 ι

1863 5639 1976 5706 (50)
2033 5636 2207 5706 Editi,
2243 5653 2261 5685 ι
2302 5635 2480 5688 anima
2513 5631 2600 5688 illa
2644 5631 2710 5687 de
2750 5641 2949 5701 genere
2989 5639 3151 5681 suo.»
3201 5623 3357 5690 Mss,

1804 5732 1818 5763 ι
1849 5705 1937 5766 ille
1960 5705 2030 5763 de
2057 5705 2248 5778 populo
2273 5718 2386 5759 suo.
2418 5721 2439 5755 ι
