3684 6148
400 293 506 349 903

1846 294 1932 349 OB

2062 291 2168 345 NIS
3507 301 3576 357 901

399 430 523 468 nent
576 414 823 482 accipere
853 415 1127 469 hominem
1170 414 1224 468 in
1259 412 1523 481 Sabbato,
1586 426 1640 469 et
1687 432 1791 470 non
1842 416 1975 470 solvi
2009 420 2055 476 Α
2084 424 2163 467 est
2231 411 2475 476 advenis,
2528 410 2802 482 loquatur,
2857 412 3168 467 necessario
3230 414 3405 483 utique
3438 419 3574 474 obscr.

402 515 572 576 legent
603 507 768 577 Moysi
794 525 809 573 ;
833 519 891 560 et
918 508 1049 561 dicit
1079 524 1198 561 eam
1225 524 1290 563 ex
1317 511 1561 579 patribus
1593 526 1734 571 esse,
1766 520 1818 563 et
1852 519 1977 563 antc

397 601 618 670 Moysen
682 601 863 653 datam
932 601 997 653 “.
1059 601 1223 668 Cujus
1282 605 1574 657 sententia:
1626 603 1977 669 auctoritate,

398 694 557 748 simul
596 702 649 747 et
681 693 864 762 legalis
895 697 1157 763 przecepti
1202 699 1471 765 gravitate
1503 700 1732 766 permoti
1763 741 1777 761 ,
1810 699 1974 751 etiam

397 794 520 855 post
552 786 843 839 adventum
879 784 1005 841 Jesu
1043 789 1191 840 suasi
1226 799 1351 843 sunt
1374 791 1592 860 quidam
1637 793 1974 856 circumcidi,

397 894 521 931 cum
555 888 741 931 essent
788 895 853 933 ex
906 880 1177 949 gentibus.
1230 883 1334 935 Alii
1389 899 1535 946 vero,
1596 884 1976 942 horrescentes

394 969 606 1035 pondus
640 971 917 1036 praecepti,
953 970 1269 1040 refugerunt
1296 975 1513 1041 penitus
1543 976 1709 1030 etiam
1749 979 1815 1031 ab
1841 978 1974 1046 ipsis

398 1059 610 1128 legibus
636 1061 687 1113 itt
715 1062 913 1130 quibus
938 1063 1052 1117 haec
1081 1064 1282 1132 scripta
1315 1067 1655 1130 videbuntur,
1682 1069 1754 1123 ita
1790 1079 1847 1123 ut
1877 1088 1973 1138 pu-

396 1158 577 1203 tarent
604 1150 719 1203 hazc
762 1165 866 1203 non
904 1165 1025 1204 esse
1078 1152 1203 1205 boni
1256 1153 1346 1207 Dei
1402 1156 1674 1217 mandata,
1712 1171 1811 1211 nec
1853 1156 1971 1223 ejus

393 1256 512 1306 quae
531 1241 795 1296 Dominus
826 1253 879 1295 et
904 1242 1159 1296 Salvator
1183 1254 1366 1298 noster
1386 1247 1688 1313 praedicare
1713 1250 1967 1303 venisset.

392 1331 460 1384 Et
510 1332 630 1385 ideo
681 1334 808 1386 mihi
857 1335 1072 1388 videtur
1131 1335 1443 1402 diligentior
1489 1338 1541 1390 in
1592 1339 1791 1393 talibus
1834 1338 1971 1394 locis

392 1422 702 1476 adhibenda
748 1425 1037 1490 discussio,
1099 1427 1141 1479 si
1186 1428 1259 1480 sit
1305 1427 1503 1498 aliquid
1553 1429 1607 1483 in
1662 1429 1967 1499 hujusmodi

392 1512 648 1565 mandato
680 1513 928 1569 utilitatis
969 1516 1135 1569 etiam
1177 1520 1475 1572 secundum
1508 1518 1750 1573 litteram
1783 1537 1798 1575 :
1840 1530 1894 1575 et
1922 1520 1967 1574 si

392 1603 502 1655 sint
534 1605 731 1670 quibus
763 1606 895 1660 utile
917 1607 1008 1670 sit,
1038 1609 1122 1662 vel
1152 1624 1311 1674 quem
1342 1610 1407 1661 ad
1438 1610 1597 1664 ﬁnem
1630 1612 1815 1665 tendat
1852 1613 1969 1681 ejus

390 1696 600 1750 utilitas
626 1738 641 1758 ,
672 1709 765 1749 aut
789 1699 833 1752 si
863 1699 1067 1767 aliquid
1114 1702 1299 1754 utilius
1342 1701 1644 1770 ﬁguraliter
1673 1703 1961 1758 indicetur.

390 1785 560 1851 Igitur
591 1799 904 1854 repetentes
937 1806 1000 1845 ea
1037 1807 1158 1860 quae
1191 1808 1255 1844 cx
1302 1792 1418 1862 lege
1450 1795 1776 1862 protulimus
1812 1797 1966 1850 testi—

389 1878 593 1941 monia,
625 1880 980 1936 discutiamus
1004 1886 1287 1944 attentius.
1341 1895 1594 1941 utrumne
1622 1888 1721 1941 soli
1748 1885 1966 1942 Iudaeo-

388 1985 507 2022 rum
549 1974 693 2039 genti
746 1974 994 2026 videatur
1050 1975 1353 2043 hujusmodi
1410 1977 1693 2032 imminere
1744 1981 1966 2033 manda-

387 2071 524 2122 tum,
562 2073 722 2123 anet
771 2080 964 2117 omnes
1013 2067 1105 2134 qui
1162 2083 1229 2120 ex
1285 2069 1539 2135 gentibus
1582 2070 1958 2134 crediderunt,

387 2166 541 2219 a’qna
576 2163 725 2207 sorte
764 2158 1120 2227 constringat.
1160 2159 1477 2213 lntueamur
1506 2176 1637 2230 ergo
1669 2162 1798 2215 illttd
1819 2164 1965 2233 quod

389 2246 455 2298 ad
515 2247 790 2302 Alrahatn
845 2248 1093 2303 defertur
1150 2255 1451 2319 oraculum,
1505 2269 1611 2322 quo
1649 2256 1836 2324 jussus
1880 2268 1965 2312 est

385 2340 819 2396 circumcisionis
859 2352 1175 2399 testamenta
1231 2362 1469 2400 scrvare.
1503 2366 1553 2399 σε
1586 2348 1664 2401 Tu
1688 2390 1703 2414 ,
1742 2352 1915 2421 inquit
1945 2392 1961 2416 ,

389 2440 769 2483 testamentum
802 2448 980 2486 meum
1005 2436 1246 2488 servabis
1266 2476 1281 2500 ,
1314 2447 1368 2489 ct
1397 2452 1559 2492 omne
1588 2454 1773 2495 semen
1813 2452 1961 2497 tuum

384 2534 505 2590 post
533 2532 583 2576 te
606 2539 701 2592 per
722 2528 1102 2593 generationes
1130 2544 1280 2582 suas.
1332 2529 1395 2582 Et
1429 2532 1529 2584 hoc
1557 2542 1640 2587 est
1670 2541 1962 2588 testamen-

387 2623 498 2665 tum
547 2615 687 2683 quod
724 2618 959 2685 disposui
997 2621 1139 2674 inter
1182 2638 1302 2685 me,
1365 2631 1419 2676 et
1471 2633 1544 2687 te,
1578 2634 1634 2677 et
1686 2625 1852 2693 ipsos,
1905 2635 1963 2680 ttt

385 2706 814 2761 circumcidatur
841 2726 1001 2763 omne
1028 2713 1384 2766 masculinum
1411 2729 1620 2778 eorum,
1649 2724 1704 2768 et
1730 2716 1961 2769 circum-

383 2797 569 2850 cidant
600 2814 817 2854 carnem
846 2804 1097 2869 przeputii
1125 2805 1230 2869 sui,
1266 2814 1324 2858 ut
1352 2807 1423 2859 sit
1450 2808 1502 2859 in
1541 2809 1757 2875 signum
1793 2816 1962 2861 testa-

385 2891 553 2943 menti
588 2892 729 2945 inter
757 2908 864 2956 me,
893 2903 947 2947 et
978 2896 1151 2963 ipsos;
1184 2907 1238 2950 et
1262 2899 1438 2952 omnis
1473 2900 1745 2954 masculus
1768 2910 1960 2958 octava

382 2981 470 3035 die
503 2983 934 3038 circumcidatur
971 2986 1039 3041 “.
1072 3007 1089 3038 ι
1140 2988 1289 3055 Quos
1336 3004 1466 3044 sane
1505 2990 1620 3062 (51)
1679 2992 1841 3047 etiam
1889 3008 1958 3050 ex

2082 504 2261 556 vanda
2308 503 2589 558 distinctio
2636 512 2762 557 est:
2794 503 2921 571 quia
2964 504 3105 557 sicut
3150 504 3204 557 in
3250 504 3332 558 his
3385 492 3576 566 loclsuoi

2079 596 2278 650 dicitur
2308 612 2322 648 :
2366 595 2645 665 «Loquere
2676 596 2741 650 ad
2775 597 2961 650 Aaron
2997 596 3113 660 °’;t
3147 604 3205 650 et
3234 595 3358 649 alibi
3384 596 3577 654 ":«Lo-

2075 702 2243 756 quere
2275 688 2342 741 :td
2379 685 2521 740 ﬁlios
2558 688 2774 749 Aaron;
2805 706 2825 739 ι
2879 698 2934 740 et
2959 686 3089 741 alibi
3122 687 3166 718 ⁷³
3198 702 3212 737 :
3249 706 3269 739 «
3294 686 3506 760 Loquere
3533 694 3577 747 ail

2077 779 2318 844 Levitas,
2342 787 2397 833 et
2421 779 2571 833 dices
2593 779 2659 832 ad
2691 793 2840 840 eos»
2875 789 3087 833 certum
3118 788 3202 834 est
3230 795 3336 833 non
3363 782 3579 850 subjaeere

2078 873 2318 941 reliquos
2369 870 2507 925 ﬁlios
2554 871 2722 925 Israel
2783 870 2870 925 his
2931 870 3171 942 legibus,
3221 886 3342 941 quae
3381 871 3453 926 vel
3497 874 3578 926 ﬁliis

2073 965 2383 1030 Aaron,vel
2418 964 2641 1028 Levitis,
2673 963 2759 1018 vel
2785 964 2885 1033 ipsi
2909 963 3092 1018 Aaron
3120 964 3577 1033 prontulgataesunt:

2072 1058 2148 1111 ita
2178 1058 2341 1111 etiam
2372 1072 2492 1124 quze
2518 1056 2644 1111 ﬁliis
2676 1055 2841 1109 Israel
2877 1054 3160 1123 jubentur,
3198 1070 3305 1109 nec
3332 1055 3580 1126 alienigena.

2074 1146 2335 1197 memoria
2364 1144 2470 1197 ulla
2503 1143 2595 1207 ﬁt,
2632 1158 2736 1196 non
2780 1152 2864 1197 est
2899 1144 3197 1209 putandum
3250 1158 3509 1198 commune
3546 1147 3579 1200 in

2072 1233 2157 1288 his
2203 1248 2322 1287 esse
2369 1234 2683 1287 ntandatutn
2709 1273 2724 1297 ,
2775 1233 2860 1288 vel
2902 1249 3249 1289 communem
3293 1234 3401 1287 ﬁeri
3435 1234 3580 1304 legem,

2070 1328 2161 1380 ubi
2196 1326 2576 1396 appellationis
2618 1326 2852 1381 habetur
2896 1328 3165 1396 exceptio.
3226 1326 3401 1381 Pauca
3450 1336 3579 1380 tamen

2070 1420 2135 1473 ad
2166 1421 2360 1475 horum
2410 1421 2787 1490 probationem
2838 1421 3148 1475 testimonia
3181 1420 3507 1474 adhibeamus
3536 1434 3581 1473 et

2069 1513 2338 1582 pluribus,
2375 1527 2472 1581 per
2501 1527 2622 1581 qua:
2666 1514 3030 1568 necessariam
3076 1528 3199 1569 esse
3256 1512 3338 1567 vel
3380 1513 3582 1580 adiectio-

2071 1620 2231 1667 nem,
2262 1604 2345 1657 vel
2379 1606 2759 1674 exceptionem
2814 1603 3123 1669 huiusmodi
3168 1605 3435 1659 nominum
3473 1620 3582 1660 com-

2071 1698 2382 1766 probemus.
2411 1697 2466 1749 ln
2493 1697 2681 1766 primis
2700 1697 2925 1752 Levitici
2952 1697 3198 1767 partibus
3216 1696 3376 1769 492
3397 1698 3457 1750 ad
3477 1698 3582 1752 solos

2071 1790 2214 1844 ﬁlios
2267 1788 2434 1845 Israel
2497 1788 2671 1844 fertur
2722 1790 3029 1860 ltujnsmodi
3084 1789 3218 1844 lex:
3265 1808 3284 1840 «
3315 1788 3578 1857 Loquere,i

2070 1886 2243 1956 inquit
2277 1886 2564 1949 Dominus,
2597 1883 2764 1940 «ﬁliis
2817 1886 3005 1952 Israel,
3059 1895 3116 1941 et
3164 1887 3319 1941 dices
3372 1887 3432 1940 ad
3479 1902 3578 1941 eos:

2068 1978 2239 2032 Ilomo
2269 1995 2332 2032 ex
2367 1979 2521 2034 vobis
2539 1980 2584 2035 si
2608 1978 2799 2032 offerat
2820 1977 2958 2032 dona
2980 1978 3089 2033 Deo
3115 1994 3179 2031 ex
3201 1978 3471 2048 pecoribus
3497 1978 3576 2043 ",i

2067 2080 2119 2124 et
2146 2081 2378 2139 caetera;
2406 2080 2461 2125 et
2492 2072 2687 2126 iterum
2721 2090 2735 2125 :
2777 2090 2795 2121 «
2823 2071 2887 2125 Et
2918 2071 3129 2125 locutus
3156 2080 3246 2125 est
3278 2072 3511 2126 Dominus
3536 2074 3580 2124 ad

2066 2162 2291 2234 Moysen
2348 2165 2537 2220 dicens
2567 2184 2579 2218 :
2614 2164 2864 2233 Loquere
2923 2163 3049 2217 ﬁliis
3094 2162 3263 2218 Israel
3299 2181 3313 2216 :
3347 2162 3513 2216 Anima
3549 2164 3579 2215 si

2068 2258 2379 2325 peccaverit
2410 2272 2513 2311 non
2558 2256 2839 2311 voluntate
2871 2255 2937 2317 ⁷³,
2967 2273 2987 2307 ι
3028 2264 3082 2309 et
3129 2264 3351 2308 caetera.
3399 2252 3504 2307 Hac
3545 2262 3581 2306 et

2066 2346 2373 2414 Imjusmodi
2404 2348 2526 2417 quis
2552 2348 2764 2402 dubitet
2796 2347 2941 2416 quod
2980 2348 3049 2400 ad
3095 2346 3245 2401 solos
3298 2345 3432 2400 ﬁlios
3459 2343 3577 2398 Israel

2064 2440 2429 2494 mandentur?
2460 2440 2578 2494 Alia
2611 2454 2743 2494 vero
2788 2455 2893 2493 non
2931 2440 3099 2508 ipsis,
3142 2440 3240 2493 sed
3287 2441 3455 2492 Aaron
3480 2477 3494 2502 ,
3522 2437 3578 2490 vel

2065 2529 2192 2585 ﬁliis
2220 2532 2358 2598 ejus,
2391 2540 2449 2586 ut
2481 2532 2613 2584 dicit
2651 2531 2704 2584 in
2731 2530 3195 2598 consequentibus
3228 2547 3243 2583 :
3282 2547 3301 2580 «
3329 2528 3390 2582 Et
3420 2529 3579 2582 loculus

2064 2634 2147 2678 est
2179 2623 2436 2676 Dominus
2462 2623 2529 2675 ad
2563 2620 2782 2692 Moysen
2817 2621 3006 2675 dicens
3038 2638 3053 2674 :
3089 2619 3333 2689 Prtecipe
3366 2619 3519 2675 Aaron
3544 2630 3579 2673 et

2063 2713 2191 2767 ﬁliis
2214 2714 2331 2782 ejus
2359 2714 2545 2767 dicens
2572 2727 2587 2766 :
2619 2712 2745 2766 llaec
2773 2722 2856 2766 est
2880 2712 2963 2765 lex
2999 2711 3436 2767 holocaustornm
3460 2713 3497 2741 “
3518 2753 3530 2775 ,
3564 2730 3574 2759 I

2062 2815 2167 2859 etc.
2196 2821 2211 2869 ;
2248 2812 2304 2857 et
2336 2818 2547 2855 rursum
2584 2818 2597 2853 :
2638 2801 2911 2856 «Locutus
2932 2813 3015 2855 est
3047 2803 3312 2857 Dominus
3340 2801 3577 2872 adMnysen

2063 2899 2289 2952 dicens:
2329 2895 2577 2965 Loquere
2612 2896 2793 2949 Aaron
2830 2905 2885 2950 et
2917 2895 3043 2949 ﬁliis
3076 2895 3196 2965 ejus
3237 2897 3415 2951 dicens
3447 2913 3460 2949 :
3491 2894 3577 2947 llatc

2060 3000 2147 3046 est
2206 2991 2290 3044 lex
2345 2990 2553 3058 peccati
2591 2986 2689 3047 :In
2742 2988 2861 3042 loco
2909 3004 3015 3056 quo
3055 2987 3419 3057 jugulaverint
3453 2987 3569 3042 holo-

381 3071 727 3141 alienigenis,
757 3077 942 3143 idest,
974 3080 1063 3146 qui
1103 3081 1325 3135 minime
1369 3097 1433 3137 ex
1479 3084 1751 3137 Abraham
1779 3086 1953 3155 stirpe
1986 3108 2029 3165 ο
2062 3095 2333 3143 caustum,
2370 3082 2440 3136 ibi
2463 3080 2792 3151 jugulahunt
2835 3095 2933 3149 pro
2971 3090 3203 3149 peccato
3247 3082 3302 3134 in
3330 3090 3572 3148 conspecut

381 3166 658 3235 dicuntur,
686 3168 1005 3224 circumcidi
1032 3172 1163 3225 velit
1207 3171 1346 3243 (δε).
1393 3177 1679 3230 manifeste
1715 3193 1959 3246 pronun-

380 3259 512 3312 «riat.
563 3261 654 3313 Ait
700 3278 980 3329 namque:
1018 3264 1386 3320 «Vernacnlns
1421 3279 1578 3333 tuus,
1630 3280 1685 3324 et
1727 3276 1956 3338 pecunia

379 3361 595 3418 emptus
626 3352 696 3406 ab
724 3354 977 3409 omnibus
1000 3356 1125 3410 ﬁliis
1152 3359 1601 3427 alienigenarum,
1634 3364 1722 3429 qtti
1745 3378 1851 3417 non
1876 3373 1959 3418 est

377 3456 444 3495 ex
477 3443 686 3497 semine
719 3454 843 3506 tuo,
881 3446 1301 3502 circumcisione
1348 3449 1775 3507 circumcidatur
1820 3454 1886 3509 “.
1932 3473 1952 3505 ι

376 3533 652 3603 Nusquam
682 3534 809 3589 fecit
840 3538 1116 3607 proselyti,
1142 3539 1192 3591 id
1220 3550 1305 3593 est
1326 3541 1569 3604 advenm,
1596 3545 1952 3609 mentionem;

376 3626 469 3680 sed
506 3628 858 3682 vernaculum
890 3644 1127 3694 servum,
1150 3631 1395 3698 profecto
1419 3634 1595 3701 gentis
1624 3634 1792 3700 illius,
1808 3637 1954 3690 domi

375 3729 582 3780 natuut,
605 3721 687 3772 vel
714 3721 876 3774 etiam
903 3725 1078 3791 pretio
1111 3734 1412 3777 mercatum
1436 3727 1748 3781 circumcidi
1777 3727 1950 3795 jubet;

378 3829 485 3868 non
510 3814 764 3879 liberum,
800 3832 907 3870 non
947 3819 1217 3888 hospitem
1257 3821 1614 3887 constringit,
1650 3837 1753 3874 non
1786 3823 1952 3877 adve-

374 3919 523 3958 nam.
566 3905 984 3962 Perscrutemnr
1040 3926 1186 3964 nunc
1241 3912 1407 3964 etiam
1463 3909 1696 3965 Levitici
1750 3911 1948 3982 legem,

371 4001 829 4067 quomodoetiam
856 4001 1021 4071 Moysi
1050 4003 1330 4072 praecipiat
1361 4004 1499 4058 Deus
1528 4005 1606 4057 πε
1639 4003 1944 4073 «Loquere.

374 4090 586 4159 inquit,
643 4092 770 4144 liliis
833 4091 1018 4156 Israel,
1077 4104 1132 4147 et
1167 4095 1314 4149 «lices
1369 4098 1435 4150 ad
1486 4111 1579 4151 eos
1615 4114 1630 4149 :
1666 4096 1859 4151 Mulier
1903 4099 1946 4152 si

369 4182 675 4251 susceperit
704 4198 890 4236 semen
912 4223 928 4248 ,
959 4193 1011 4239 ct
1033 4188 1306 4253 pepererit
1334 4191 1687 4243 masculum.»
1730 4189 1798 4244 Et
1827 4201 1950 4259 post

372 4272 647 4340 aliquanta
677 4292 691 4327 :
727 4272 987 4339 «Octava,
1021 4276 1217 4344 inquit,
1242 4278 1330 4332 die
1352 4280 1701 4336 circumcidet
1723 4298 1945 4337 carnem

366 4365 617 4431 praeputii
649 4364 768 4430 ejus
799 4367 864 4417 ⁸⁷.
902 4385 921 4417 ι
977 4367 1189 4422 Intuere
1213 4379 1265 4424 et
1291 4371 1377 4424 hic
1400 4374 1849 4440 quemadmodum
1879 4376 1948 4430 de

2065 3176 2272 3230 Domini
2305 3175 2351 3205 ⁷⁵
2379 3190 2392 3238 ;
2418 3193 2437 3226 ι
2467 3182 2522 3227 et
2547 3174 2744 3227 iterum
2795 3174 2861 3226 ad
2891 3174 3072 3226 Aaron
3101 3190 3115 3227 :
3152 3173 3404 3237 «Vinum,
3430 3172 3575 3240 inquit,

2061 3277 2116 3321 et
2146 3266 2378 3319 siceram
2407 3278 2513 3317 non
2553 3262 2749 3316 bibetis
2799 3272 2855 3315 tu
2895 3270 2949 3315 et
2993 3260 3086 3315 ﬁlii
3138 3264 3218 3315 tui
3260 3272 3457 3325 tecum,
3487 3276 3574 3313 Clllll

2060 3356 2384 3412 introieritis
2425 3353 2479 3407 in
2545 3352 2953 3407 tabernaculum
3009 3354 3307 3408 testimonii
3350 3355 3448 3406 ".t
3490 3353 3573 3405 Alia

2059 3460 2242 3503 autem
2276 3461 2455 3514 neque
2480 3447 2686 3509 Aaron,
2727 3460 2902 3514 neque
2927 3445 3051 3499 ﬁliis
3084 3445 3257 3500 Israel
3284 3446 3572 3503 mandantur,

2059 3546 2155 3601 sed
2180 3541 2491 3598 senioribus
2516 3538 2684 3593 Israel
2715 3541 2816 3593 hoc
2844 3539 3003 3592 modo
3039 3556 3053 3592 :
3087 3537 3394 3609 «Loquere,
3422 3538 3571 3608 inquit.

2056 3639 2124 3692 ad
2145 3636 2386 3691 seniores
2402 3633 2572 3689 Israel
2603 3632 2790 3687 dicens
2817 3650 2830 3685 :
2856 3632 3101 3701 Accipite
3126 3634 3341 3689 hircum
3358 3648 3417 3687 ex
3439 3630 3572 3700 capris

2055 3745 2152 3800 pro
2172 3737 2393 3798 peccato
2416 3727 2483 3790 ⁷⁷,
2515 3745 2536 3779 ι
2570 3735 2678 3779 etc.
2725 3722 2974 3793 Nunquid
3018 3725 3302 3781 dubitatur
3341 3724 3468 3795 quod
3487 3727 3568 3777 hac

2054 3822 2140 3877 lex
2169 3820 2298 3875 solis
2329 3817 2637 3874 senioribus
2674 3816 2903 3872 ﬁliorum
2935 3818 3101 3873 Israel
3131 3815 3467 3888 praecipitur?
3493 3812 3568 3867 Sed

2052 3925 2109 3971 et
2156 3918 2223 3971 de
2278 3914 2492 3970 mundis
2536 3923 2595 3968 et
2648 3912 2943 3968 immundis
2988 3913 3321 3969 animalibus
3369 3908 3570 3983 xpecialis

2054 4008 2409 4063 nihilominus
2439 4006 2527 4060 lex
2550 4006 2679 4060 ﬁliis
2709 4004 2872 4059 Israel
2894 4003 3010 4058 dari
3033 4004 3266 4057 videtur.
3292 4003 3365 4058 Ita
3383 4011 3569 4068 namque

2051 4105 2314 4171 scriptum
2344 4110 2429 4155 est
2450 4100 2533 4155 7':
2566 4097 2662 4152 «Et
2686 4098 2899 4152 locutus
2930 4106 3011 4150 est
3038 4096 3376 4150 Dominusad
3397 4094 3565 4163 Moysen

2049 4210 2105 4249 et
2143 4197 2327 4250 Aaron
2372 4195 2602 4249 dicens:
2636 4188 2944 4259 Loquimini
2979 4188 3108 4244 ﬁliis
3142 4188 3341 4252 Israel,
3368 4186 3563 4239 dicentes

2050 4289 2116 4341 ad
2149 4303 2244 4341 eos
2276 4304 2288 4339 :
2318 4284 2443 4341 Haec
2467 4295 2596 4341 sunt
2622 4284 2879 4339 animalia
2912 4297 3034 4351 quae
3069 4279 3504 4343 manducabitis,t
3527 4283 3567 4326 et

2050 4380 2276 4447 reliqua.
2309 4378 2402 4432 Sic
2431 4393 2561 4445 ergo
2583 4377 2750 4429 etiam
2777 4378 2843 4430 de
2875 4373 3317 4436 circumcisione,
3338 4370 3416 4425 vel
3435 4369 3479 4423 in
3503 4366 3565 4420 his

371 4457 487 4526 lege
522 4458 955 4515 circumcisionis
991 4472 1199 4514 tantum
1248 4465 1314 4515 ad
1354 4463 1494 4517 ﬁlios
1525 4462 1942 4538 lsraeLMoyscs
1974 4470 2019 4526 D
2056 4484 2173 4536 quae
2203 4468 2268 4520 ad
2304 4467 2580 4521 Abraham
2622 4479 2884 4533 responsa
2919 4474 3048 4519 sunt
3090 4463 3225 4536 (55),
3287 4463 3369 4517 vel
3408 4463 3456 4516 in
3503 4459 3563 4511 IIIS

369 4550 513 4620 loqui
553 4552 796 4619 jultetur,
834 4562 889 4607 et
927 4553 1360 4622 alienigenarum
1404 4555 1548 4608 nulla
1598 4556 1654 4610 ﬁt
1714 4559 1938 4612 mentio.

368 4642 425 4696 Si
457 4644 600 4695 enim
629 4646 903 4700 credimus
928 4661 1024 4715 per
1051 4646 1290 4699 divinum
1321 4646 1581 4715 Spiritum
1599 4648 1799 4717 scripta
1820 4664 1942 4705 esse

365 4751 487 4803 qua:
511 4736 817 4791 inferuntur
852 4739 902 4791 itt
932 4739 1084 4807 lege;
1111 4739 1296 4808 utique
1317 4756 1421 4793 non
1455 4740 1656 4794 frustra
1691 4752 1784 4796 aut
1812 4743 1935 4797 addi

365 4828 568 4897 aliquid
609 4832 905 4898 putandum
949 4842 1054 4891 est,
1108 4841 1201 4884 aut
1229 4830 1378 4885 sileri
1420 4842 1516 4886 :et
1568 4833 1689 4887 ideo
1728 4849 1849 4887 cum
1884 4835 1937 4888 in

363 4922 687 4990 quihusdam
747 4922 1016 4977 mandatis
1072 4924 1273 4978 dicitur
1311 4938 1325 4976 :
1361 4944 1380 4975 «
1409 4924 1658 4992 Loquere
1689 4925 1754 4978 ad
1802 4925 1938 4980 ﬁlios

365 5011 545 5077 Israel,
570 5020 625 5066 et
646 5011 793 5065 «lices
829 5014 894 5066 ad
929 5029 1023 5067 eos
1047 5015 1113 5079 ⁸⁸,
1144 5034 1162 5066 ι
1203 5016 1253 5067 in
1278 5016 1602 5085 quibusdam
1627 5032 1753 5071 vero
1780 5019 1935 5071 addi-

362 5117 470 5169 tur,
499 5116 557 5160 ut
590 5122 695 5160 non
729 5106 901 5160 solum
938 5108 1060 5160 ﬁliis
1086 5109 1269 5170 Israel,
1310 5110 1401 5163 sed
1430 5122 1489 5164 et
1528 5111 1840 5180 proselytis,
1881 5112 1933 5165 id

428 5200 646 5254 “Joan.
674 5217 771 5262 vn,
798 5201 886 5261 Ξῖ,
923 5201 1015 5254 25.
1092 5203 1135 5233 ⁵⁸
1161 5203 1297 5259 Gen.
1325 5220 1455 5266 xvn,
1486 5204 1644 5270 9,12.
1721 5207 1768 5238 “
1804 5206 1934 5260 ibid.

359 5357 430 5401 Vt.
460 5342 512 5397 8.
544 5345 597 5397 9.

366 5412 554 5465 I042.

674 5344 719 5374 ⁷⁵
749 5343 877 5397 ibid.
906 5341 999 5407 24,
1052 5343 1144 5396 25.
1219 5344 1264 5375 "
1288 5345 1416 5399 Lev.
1461 5361 1515 5409 x,
1549 5345 1604 5400 9.

432 5508 542 5572 (5t)
577 5526 595 5559 «
623 5507 771 5575 Quos
798 5524 982 5564 sane.»
1017 5508 1145 5563 Mss.
1193 5509 1393 5576 Regius
1434 5526 1490 5563 n.
1527 5510 1691 5572 I659,
1737 5528 1755 5561 «
1789 5509 1934 5579 quod

362 5592 558 5650 sanop
592 5581 771 5631 caeteri
800 5595 926 5633 vero
955 5596 1088 5634 mss.
1117 5590 1171 5635 et
1193 5581 1345 5644 editi,
1376 5595 1541 5650 «quos
1558 5595 1715 5646 sane,
1736 5600 1755 5632 ι
1792 5581 1936 5650 quod

367 5647 568 5699 ret-tius
601 5650 836 5705 videtur.

435 5716 545 5788 (53)
580 5734 596 5766 «
623 5718 1118 5779 Circumcidivelit.
1142 5740 1162 5775 ι
1208 5722 1285 5777 Ita
1324 5721 1453 5777 cditi
1482 5730 1536 5777 ct
1563 5735 1692 5777 mss.
1726 5721 1930 5792 plures.

428 5202 472 5233 ⁸³
491 5201 646 5254 Joan.
674 5217 771 5262 vn,
798 5201 886 5261 Η,
923 5201 1015 5254 25.
1092 5203 1135 5233 ⁵⁸
1161 5203 1297 5259 Gen.
1325 5220 1455 5266 xvrt,
1486 5204 1644 5270 9,1‘2.
1721 5207 1768 5238 “
1804 5206 1932 5260 ibid.

362 5272 403 5304 ⁸³
442 5273 611 5328 Exod.
650 5288 765 5335 vm,
795 5273 882 5324 46.
957 5274 1001 5303 ⁷ο
1041 5270 1196 5325 Νιιιη.
1252 5290 1324 5337 VI,
1369 5275 1460 5328 9.3.
1536 5276 1578 5305 ⁷³
1636 5275 1795 5329 Num.
1845 5292 1932 5330 xvt

362 5357 430 5401 Vl,
460 5342 512 5397 8.
544 5345 597 5397 9.
674 5344 719 5374 ⁷⁵
749 5343 877 5397 ibid.
906 5341 999 5401 24.
1052 5343 1144 5396 25.
1219 5344 1264 5375 "
1288 5345 1416 5399 Lev.
1461 5361 1515 5401 ι.
1549 5345 1604 5400 9.
1700 5348 1743 5378 ⁷⁷
1771 5345 1898 5401 Lev.
1929 5364 1932 5400 1

2064 5207 2084 5238 ⁸
2116 5205 2242 5259 Lev.
2292 5218 2389 5266 xu,
2414 5201 2470 5255 2.
2578 5201 2627 5231 ⁵⁷
2658 5201 2786 5254 ibid.
2832 5201 2886 5254 '5.
2963 5201 3007 5230 ⁵⁸
3031 5201 3191 5253 Num.
3223 5212 3249 5252 v

2062 5278 2095 5330 ἲ.
2171 5275 2216 5305 ⁷³
2238 5274 2413 5328 Levit.
2457 5273 2579 5338 t,2.
2654 5271 2700 5301 ⁷³
2749 5270 2920 5325 Levit.
2978 5284 3052 5330 tv,
3093 5269 3145 5330 I,
3194 5268 3249 5322 2.

2062 5348 2101 5401 5.
2243 5346 2288 5376 ⁷⁸
2316 5343 2488 5397 Levit.
2532 5358 2609 5401 xt,
2660 5345 2713 5401 I,
2749 5345 2803 5394 2.
2922 5340 2967 5372 ⁷⁸
3020 5339 3194 5394 Levit.
3237 5355 3249 5392 1

1816 5362 1898 5402 ev.
1929 5363 2008 5412 ιι,
2044 5362 2101 5401 'o.

2050 4578 2169 4634 qua:
2197 4562 2251 4614 in
2304 4558 2547 4615 Levitico
2583 4560 2953 4623 continentur,
3007 4572 3113 4612 non
3153 4557 3293 4611 alius
3328 4555 3561 4623 quisquam

2050 4653 2493 4710 circumcisionis
2545 4653 2661 4722 lege
2715 4652 3129 4722 constringitur,
3182 4650 3286 4704 nisi
3320 4649 3388 4704 sit
3418 4645 3487 4700 vel
3515 4658 3563 4696 ex

2045 4747 2324 4802 Abraham
2349 4744 2614 4814 originem
2649 4743 2895 4806 trahens,
2922 4743 3004 4797 vel
3041 4743 3360 4797 vernaculus
3392 4752 3559 4797 eorum,

2047 4846 2141 4889 aut
2169 4835 2343 4904 pretio
2369 4843 2605 4903 emptus.
2650 4831 2744 4889 Vis
2788 4842 2970 4886 autem
3009 4831 3232 4894 videre,
3272 4830 3391 4901 quia
3428 4823 3559 4881 sicubi

2046 4927 2159 4979 vult
2183 4926 2347 4980 etiam
2390 4925 2721 4994 alienigenas
2752 4939 2857 4977 una
2885 4923 3183 4992 eademque
3206 4922 3320 4991 lege
3337 4915 3559 4975 connectit

2044 5016 2419 5085 signiﬁcanter
2459 5013 2759 5069 ostendat?
2792 5013 2935 5068 Audi
2968 5013 3097 5082 quid
3126 5016 3377 5082 scriptum
3401 5010 3461 5063 sit
3487 5007 3555 5056 ’ἐ

2048 5109 2145 5163 «Et
2174 5108 2386 5162 locutus
2406 5114 2510 5170 est,
2543 5105 2743 5174 inquit,
2779 5102 3041 5163 Dominus
3068 5104 3135 5158 ad
3153 5102 3368 5173 Moysen
3393 5098 3555 5152 dicens:

2578 5200 2627 5231 "'
2658 5199 2786 5254 ibid.
2832 5199 2886 5254 '5.
2963 5198 3007 5230 ⁵⁸
3031 5196 3191 5253 Num.
3223 5212 3298 5261 Vt,
3332 5195 3364 5249 2
3387 5204 3434 5246 et
3458 5191 3551 5269 ali'b.

2654 5271 2700 5301 ⁷³
2749 5270 2920 5316 Levit.
2978 5284 3052 5316 tv-
3093 5269 3144 5316 I.
3194 5268 3248 5316 ἓ.
3344 5266 3387 5296 ⁷⁸
3418 5262 3551 5316 Leni.

2243 5346 2288 5376 ⁷⁸
2316 5330 2496 5397 ιθνίιξ
2532 5358 2609 5405 xt,
2660 5345 2713 5406 I,
2749 5345 2803 5394 2.
2922 5340 2967 5372 ⁷⁸
3020 5339 3194 5394 Levit.
3237 5353 3367 5402 xvu,
3423 5336 3467 5398 1.
3512 5330 3550 5390 ἒν

2043 5509 2269 5575 Quidam
2305 5516 2505 5569 tamen,
2536 5520 2841 5575 perperam,
2878 5525 2897 5555 «
2922 5506 3235 5575 circumcidi
3263 5505 3442 5559 velle.t

2114 5580 2226 5649 (55)
2264 5577 2389 5632 «Vel
2419 5579 2471 5631 in
2506 5573 2591 5631 his
2622 5573 2741 5646 quae
2759 5578 2823 5649 a_d
2844 5573 3373 5646 Abrahamre.p0usa
3388 5577 3540 5629 sunt.»

2045 5646 2169 5706 nec
2207 5646 2401 5705 desunt
2429 5650 2480 5702 in
2509 5650 2744 5703 editione
2764 5646 3120 5702 Genebrardt.
