3684 6148
319 367 423 425 9.07
589 401 595 408 -
1767 357 2088 416 ORIGENIS
2639 372 2650 384 ‘
3460 359 3541 413 90$

315 485 419 554 :plo
454 488 664 538 tantum
693 477 879 537 offerri
925 476 1198 536 sacriﬁcia
1237 477 1628 535 decernuntur.
1658 475 1905 548 Bccupe-
1933 481 1980 537 Α
2014 494 2032 527 ι
2063 475 2155 546 qui
2189 473 2400 546 seipsos
2419 481 2800 530 castraverunt
2829 482 3050 546 propter
3080 489 3309 544 regnum
3337 475 3500 539 Dei",-
3525 499 3538 529 ι

324 583 452 629 rent
482 589 615 644 ergo
645 572 800 644 prius
828 581 1027 626 statum
1062 570 1266 640 templi,
1305 581 1360 626 et
1391 579 1518 623 tunc
1552 567 1620 623 de
1671 568 1904 623 circum-
2006 575 2062 621 et
2114 581 2344 635 quorum
2391 567 2443 620 in
2494 566 2657 621 terris
2697 566 3096 622 ambulantium
3147 584 3166 618 ι
3199 571 3256 622 in
3303 568 3448 622 cmlis
3481 580 3543 622 est

310 665 533 721 cisione
575 662 909 718 contendant
938 680 952 716 :
986 660 1030 716 si
1062 676 1191 716 vero
1229 661 1301 715 ibi
1350 659 1651 714 secundum
1683 667 1903 713 senten-
2005 657 2350 712 conversatio
2374 656 2443 722 97,
2467 674 2486 708 ι
2515 656 2716 725 quique
2763 656 3108 726 prospiciunt
3146 672 3256 710 non
3309 670 3372 710 ea
3421 669 3545 724 «qua:

309 753 842 824 \tiamSalvatoris'"
871 767 975 806 non
1003 751 1265 806 remansit
1291 749 1425 820 lapis
1452 763 1620 820 super
1643 747 1904 818 lapidem,
2005 747 2279 814 videntur,
2303 749 2396 802 sed
2453 761 2573 815 quae
2621 761 2727 800 non
2764 746 3036 810 videntur,
3059 764 3092 798 -ι
3130 754 3185 800 et
3225 745 3402 800 sciunt
3449 749 3544 814 quia

323 848 418 917 qui
470 861 577 902 non
611 848 682 901 sit
735 845 1060 911 destructus,
1097 843 1365 914 superflua
1400 839 1512 914 (59)
1548 851 1633 897 est
1679 841 1746 897 de
1796 841 1904 895 cir-
2013 857 2032 890 ι
2063 853 2182 908 quae
2223 839 2506 905 videntur,
2541 838 2857 908 temporalia
2892 848 3048 904 sunt;
3085 853 3207 908 qua:
3258 847 3433 891 autem
3463 854 3545 893 non

327 938 679 993 cumcisionc-
695 938 960 994 causatio.
991 936 1048 990 lu
1082 947 1290 990 tantum
1340 944 1519 989 autem
1551 932 1903 998 circumcisio
2007 929 2286 996 videntur,
2318 941 2524 986 aeterna
2553 941 2677 986 sunt
2700 930 2767 984 ⁸⁸.
2794 950 2813 983 ι
2854 928 3078 998 Verum,
3109 941 3168 984 ut
3195 932 3442 1000 superius
3462 948 3547 986 me-

328 1031 682 1086 vcrnaculum
734 1030 924 1100 ipsius,
951 1040 1006 1085 et
1047 1030 1248 1084 nullius
1276 1028 1506 1084 alterius
1539 1027 1738 1098 gemis,
1772 1027 1906 1082 insi-
2009 1023 2365 1088 tuoravimus,
2386 1023 2588 1076 dictum
2627 1033 2712 1078 est
2743 1031 2796 1076 et
2819 1023 2886 1077 ab
2916 1021 3038 1077 aliis
3069 1021 3214 1089 quod
3242 1021 3548 1076 circumcisio

329 1138 434 1194 gne
468 1132 574 1186 est,
609 1134 667 1178 ut
693 1138 962 1193 nusquam
991 1121 1129 1177 alius
1157 1122 1278 1192 quis
1301 1121 1354 1176 in
1381 1121 1624 1177 historiis
1653 1133 1902 1176 veterum
2005 1113 2266 1182 spiritalis
2294 1114 2364 1168 sit
2399 1127 2614 1170 omnem
2659 1113 2995 1167 innunudain
3027 1109 3138 1183 (42)
3171 1111 3549 1182 cogitationem,

329 1232 432 1286 pro
481 1216 587 1271 hac
649 1215 925 1271 referatur
979 1225 1286 1284 correptus,
1345 1214 1448 1270 nisi
1507 1214 1649 1269 ﬁlius
1703 1211 1901 1285 Moysi,
2009 1218 2172 1278 atque
2203 1208 2446 1277 impuros
2483 1222 2678 1263 sensus
2733 1205 3053 1261 abscindere
3091 1221 3121 1260 a
3153 1205 3324 1260 corde
3363 1204 3552 1271 ctab,i-

334 1308 490 1378 cuius
522 1316 697 1363 mater
731 1306 973 1377 Sephora
1003 1306 1113 1361 vim
1145 1307 1320 1376 angeli
1363 1305 1751 1362 comminantis
1784 1305 1902 1360 exi-
2007 1315 2150 1356 cere.
2212 1299 2320 1355 Sed
2371 1300 2682 1353 Occurritur
2716 1297 3090 1366 hujuscemodi
3149 1296 3472 1350 editionibus
3500 1311 3552 1349 ex

337 1402 472 1457 tium
505 1400 602 1455 lilii
631 1400 1046 1456 circumcisione
1081 1399 1500 1470 compescuit”.
1537 1399 1612 1453 Ex
1663 1398 1747 1453 his
1772 1413 1904 1466 ergo
2008 1391 2092 1446 his
2115 1405 2238 1460 qua
2268 1393 2404 1461 apud
2430 1389 2596 1462 494.
2625 1389 2957 1444 Ezechielem
2999 1387 3202 1456 scripta
3255 1387 3551 1450 referuntur,

330 1493 584 1548 omnibus
634 1491 940 1548 ostenditur
979 1490 1146 1545 Israel
1194 1491 1300 1558 ille,
1334 1490 1422 1560 qui
1455 1491 1755 1546 secundum
1785 1503 1906 1544 car-
2010 1487 2098 1540 ubi
2133 1485 2264 1540 dicit
2304 1485 2602 1539 Dominus:
2634 1501 2652 1533 r
2683 1480 2872 1538 Omnis
2903 1482 3044 1535 ﬁlius
3075 1481 3384 1550 alienigena
3417 1480 3554 1534 incir-

332 1603 455 1644 nem
483 1596 566 1643 est
593 1585 730 1657 (40),
763 1584 910 1641 solus
939 1583 1341 1639 circumcisioni
1375 1583 1560 1639 carnis
1588 1583 1856 1638 obnoxius
1888 1600 1900 1635 :
2008 1581 2285 1633 cumcisus
2327 1579 2516 1640 corde,
2578 1586 2634 1631 et
2673 1576 3087 1631 incircumcisus
3134 1588 3328 1639 carne,
3361 1588 3459 1628 non
3489 1573 3553 1627 in-

334 1679 470 1734 liber
503 1687 681 1732 autem
720 1686 777 1730 et
825 1676 1038 1730 alienus
1091 1674 1160 1728 ab
1205 1689 1266 1730 ea
1317 1673 1549 1743 populus
1600 1673 1905 1744 proselytns
2011 1671 2198 1724 troibit
2229 1670 2282 1722 in
2317 1679 2501 1724 sancta
2543 1682 2660 1723 mea
2695 1668 2748 1722 in
2791 1667 3045 1722 omnibus
3088 1666 3216 1722 filiis
3255 1666 3556 1735 alienigena-

333 1773 424 1842 qui
450 1769 667 1826 advenit
699 1771 765 1824 ad
797 1785 938 1834 eam,
973 1767 1062 1836 qui
1099 1767 1364 1831 ascendit,
1391 1777 1440 1820 et
1466 1767 1642 1822 factus
1661 1777 1746 1822 est
1785 1782 1906 1821 sur-
1941 1827 1980 1842 η
2013 1777 2131 1815 rum
2168 1762 2257 1830 qui
2291 1771 2417 1813 sunt
2446 1761 2498 1814 in
2531 1761 2705 1814 medio
2736 1760 2927 1814 domus
2959 1759 3209 1813 Israel".
3237 1776 3257 1810 ι
3294 1757 3556 1812 Evidenter

331 1881 489 1927 sum;
544 1862 634 1920 ille
695 1871 877 1916 autem
924 1859 1228 1924 descendit,
1294 1869 1347 1911 et
1384 1861 1563 1912 factus
1607 1868 1689 1912 est
1741 1860 1905 1912 deor-
1940 1827 1982 1881 Β
2011 1854 2210 1908 etenim
2262 1852 2399 1906 duas
2449 1853 2894 1908 circumcisiones
2930 1853 3034 1906 hoc
3079 1851 3132 1904 in
3187 1850 3309 1905 loco
3357 1851 3557 1905 ostendit

329 1956 513 2012 sum"
543 1974 556 2012 :
583 1963 640 2010 et
664 1968 761 2025 per
787 1951 1219 2008 misericordiam
1249 1949 1450 2006 Christi
1486 1949 1663 2004 factus
1685 1959 1770 2004 est
1804 1950 1907 2004 iste
2015 1962 2198 2002 sermo
2238 1946 2583 2016 propheticus
2622 1939 2809 2001 dicens
2839 1961 2852 1997 :
2889 1964 2908 1998 ι
2937 1945 3363 2000 lncircumcisus
3401 1944 3554 2004 corde.

335 2049 564 2120 populus
597 2048 652 2103 in
685 2046 884 2116 capite,
923 2054 978 2100 et
1002 2043 1090 2098 ille
1117 2044 1168 2097 in
1199 2042 1392 2098 cauda.
1427 2041 1576 2095 Facti
1609 2056 1733 2096 sunt
1759 2043 1904 2096 enim
2011 2049 2064 2095 et
2089 2039 2502 2093 incircumcisus
2539 2054 2727 2094 carne.
2751 2058 2770 2091 ι
2811 2037 2963 2095 Unde
3010 2040 3264 2110 cogimur
3293 2037 3554 2092 secundum

339 2140 664 2198 «novissimi
705 2139 886 2210 primi,
942 2148 995 2191 et
1041 2136 1207 2206 primi
1261 2134 1612 2191 novissimi"
1650 2151 1706 2189 ε»
1734 2145 1788 2190 et
1837 2135 1908 2189 ub
2010 2130 2331 2201 allegoricas
2374 2131 2524 2200 leges
2572 2131 2856 2200 utriusque
2901 2130 3339 2186 circumcisionis
3386 2128 3558 2182 formas

335 2233 658 2303 hocjudicat
690 2231 740 2285 id
776 2229 918 2302 quod
940 2240 1017 2283 ex‘
1038 2237 1230 2282 natura
1264 2237 1347 2282 est
1383 2226 1703 2296 praeputium
1734 2226 1907 2296 legem
2011 2237 2076 2279 ac
2127 2223 2341 2293 species
2396 2222 2699 2292 assignare,
2747 2223 2999 2290 quamvis
3050 2223 3154 2276 hoc
3209 2221 3388 2292 possit
3431 2219 3557 2272 nobis

335 2324 644 2397 pcrﬁciens,
685 2322 805 2378 illos
835 2321 925 2392 qui
955 2335 1050 2390 per
1085 2320 1322 2374 litteram
1352 2327 1407 2373 et
1436 2317 1906 2372 circumcisionem
2010 2316 2172 2370 etiam
2219 2314 2274 2368 in
2329 2313 2437 2369 illis
2479 2329 2616 2384 quas
2658 2329 2822 2382 supra
2881 2315 3236 2382 expOsuimus
3286 2311 3557 2367 rationibus

337 2416 786 2488 praevaricatores
825 2420 950 2468 sunt
996 2410 1153 2479 legis.
1184 2407 1303 2464 Non
1333 2407 1480 2464 enim
1504 2407 1755 2479 puriﬁcat
1785 2409 1907 2462 ani-
2010 2405 2194 2476 objici.
2236 2400 2343 2460 Sed
2381 2405 2596 2458 interim
2655 2419 2798 2458 nunc
2849 2419 3249 2473 persequamur
3305 2419 3424 2473 quae
3468 2402 3556 2472 (45]

339 2525 482 2565 mam
517 2509 634 2563 hinc
666 2520 788 2578 qua:
820 2505 874 2560 in
907 2501 1196 2558 manifesto
1225 2501 1362 2556 ﬁtin
1406 2514 1570 2556 carne
1616 2501 1909 2556 circumci-
2011 2499 2182 2570 possit
2228 2497 2456 2550 duarum
2506 2496 2982 2551 circumcisionum
3042 2497 3344 2551 secundum
3393 2496 3560 2565 allego-

337 2603 454 2667 sio;
487 2599 582 2654 sed
613 2598 704 2654 illa
734 2612 854 2667 qua:
883 2596 938 2650 in
963 2594 1183 2650 occulto
1212 2603 1294 2649 est
1323 2593 1678 2648 circumcisio
1703 2593 1905 2659 cordis,
2012 2593 2147 2646 riam
2183 2592 2348 2660 ﬁgura
2392 2589 2595 2646 servari
2625 2607 2637 2642 :
2673 2599 2728 2644 et
2778 2591 3055 2644 videamus
3101 2605 3169 2646 ne
3209 2590 3352 2645 forte
3396 2589 3559 2645 referri

339 2697 454 2766 ipsa
510 2692 763 2764 puriﬁcat
813 2700 1072 2752 mentem,
1113 2702 1167 2743 et
1226 2687 1478 2742 vitiorum
1530 2686 1771 2742 maculas
1821 2687 1912 2742 ab-
2011 2693 2176 2754 queat
2215 2687 2281 2739 ad
2324 2686 2427 2739 duo
2475 2683 2750 2755 generalia
2801 2695 3042 2753 peccata,
3076 2684 3127 2738 in
3163 2683 3370 2753 quibus
3419 2684 3558 2737 incir-

339 2785 628 2842 scindit“.
660 2783 933 2838 Hactenus
973 2779 1126 2835 nobis
1162 2778 1230 2833 de
1252 2778 1672 2834 circumcisione
1701 2778 1910 2834 carnali
2012 2778 2286 2834 cumcisus
2337 2792 2462 2834 esse
2511 2792 2619 2833 non
2670 2778 2912 2846 expedit,
2949 2777 3003 2832 id
3050 2787 3157 2841 est,
3190 2777 3244 2831 in
3282 2777 3408 2840 ﬁde,
3439 2785 3488 2840 et
3515 2776 3555 2827 in

342 2897 442 2953 pec
485 2878 697 2932 viribus
741 2875 957 2929 .dictum
1013 2871 1106 2926 sit.
1139 2870 1251 2940 Age
1286 2869 1400 2938 jam
1436 2870 1733 2924 secundum
1785 2884 1910 2923 eum
2013 2872 2310 2940 operibus:
2344 2879 2403 2925 ut
2428 2871 2499 2925 sit
2531 2869 2944 2925 incircumcisus
2967 2869 3130 2923 corde
3159 2868 3258 2938 qui
3292 2882 3398 2922 non
3426 2865 3561 2920 habet

339 2975 429 3040 qui
479 2971 637 3036 dixit,
676 2987 692 3019 ι
725 2968 850 3036 quia
900 2965 983 3020 lex
1033 2963 1301 3034 spiritalis
1335 2963 1524 3018 est":
1569 2982 1586 3016 ι
1616 2972 1670 3016 et
1720 2963 1812 3034 qui
1845 2963 1911 3017 de
2013 2963 2172 3018 ﬁdem
2205 2962 2342 3035 (44),
2393 2972 2449 3018 et
2497 2962 2912 3018 incircumcisus
2957 2975 3124 3016 carne
3147 2961 3244 3030 qui
3280 2975 3441 3029 Opera
3475 2974 3558 3012 non

341 3065 427 3120 his
455 3078 572 3132 quae
605 3063 917 3118 referuntur
945 3058 999 3112 in
1030 3058 1169 3130 lege,
1203 3058 1337 3112 dicit
1365 3057 1508 3126 quod
1556 3072 1652 3126 per
1703 3057 1908 3126 allego-
2012 3057 2200 3112 habet.
2254 3057 2500 3112 Alterum
2555 3070 2789 3124 namque
2834 3054 2954 3110 sine
3003 3054 3178 3110 altero
3242 3057 3556 3124 reprobatur,

341 3159 476 3212 riam
530 3155 673 3211 dicta
721 3153 833 3207 sint
854 3150 899 3184 ”
929 3170 942 3206 :
968 3151 1096 3220 quid
1147 3150 1310 3203 etiam
1367 3147 1671 3219 allegoricis
1705 3145 1913 3218 legibus
1939 3170 1982 3229 ρ
2016 3152 2143 3219 quia
2175 3159 2231 3206 et
2261 3149 2392 3206 ﬁdes
2438 3149 2558 3205 sine
2584 3149 2841 3218 operibus
2886 3157 3102 3202 mortua
3136 3147 3343 3202 dicitur
3365 3149 3402 3213 ⁸,
3442 3155 3490 3200 et
3509 3159 3558 3198 ex

339 3251 408 3305 de
437 3263 498 3303 ea
531 3244 873 3301 sentiendum
905 3242 974 3297 sit
1004 3242 1305 3298 videamus.
1349 3239 1475 3295 Scio
1523 3239 1815 3294 multorum
1845 3241 1912 3293 de
2013 3243 2269 3314 operibus
2289 3243 2407 3298 sine
2425 3241 2530 3296 ﬁde
2550 3256 2708 3297 nemo
2729 3242 2868 3312 apud
2899 3241 3064 3296 Deum
3079 3240 3470 3310 justiﬁcatur'.
3493 3238 3563 3292 Sic

340 3340 445 3394 hoc
481 3336 608 3392 ferri
644 3335 787 3390 dicta
817 3333 903 3388 vel
943 3335 1178 3402 scripta;
1205 3333 1300 3387 sed
1345 3341 1400 3387 et
1444 3348 1542 3387 nos
1576 3348 1697 3403 quae
1729 3333 1915 3388 Domi-
2011 3350 2167 3407 ergo,
2200 3344 2259 3391 ut
2291 3351 2391 3406 ego
2420 3335 2681 3399 arbitror,
2731 3336 2934 3390 dictum
2980 3335 3361 3405 propheticum
3399 3348 3561 3390 conre-

341 3445 443 3487 uus
469 3429 700 3494 dederit,
727 3429 793 3482 ad
823 3443 886 3482 ea
916 3441 1036 3496 qua:
1063 3427 1131 3480 ab
1156 3426 1277 3478 aliis
1300 3426 1583 3480 commode
1614 3426 1910 3496 composita
2014 3429 2229 3484 nienter
2261 3429 2535 3500 aptabitur
2563 3429 2802 3484 ﬁdelium
2855 3427 3074 3499 populo,
3112 3428 3320 3497 quibus
3349 3426 3556 3482 dicitur:

339 3525 599 3580 videntur
639 3519 920 3576 addemus.
967 3517 1394 3583 Circumcidere,
1434 3527 1523 3572 est
1557 3533 1635 3573 .ex
1687 3518 1913 3588 genitali
2019 3537 2040 3572 ε
2069 3519 2260 3578 Omnis
2303 3522 2608 3593 alienigena
2638 3523 2732 3592 qui
2783 3529 2867 3576 est
2909 3521 2964 3575 in
3009 3520 3164 3575 vobis
3201 3521 3260 3574 in
3295 3521 3464 3576 medio
3485 3520 3560 3572 do-

342 3615 610 3682 membro,
664 3627 761 3684 per
811 3611 954 3682 quod
1009 3611 1288 3666 successio
1330 3611 1550 3664 humani
1597 3612 1812 3681 generis
1860 3619 1914 3667 ct
2015 3627 2139 3669 mus
2169 3614 2335 3669 lsrael
2385 3615 2812 3671 incircumcisus
2845 3614 3031 3679 corde,
3077 3625 3132 3670 et
3172 3614 3562 3670 incircumcisus

342 3707 579 3765 carnalis
633 3719 874 3775 propago
922 3703 1292 3768 ministratur,
1345 3713 1626 3771 amputare
1675 3703 1913 3772 aliquam
2017 3718 2224 3770 carne,
2263 3721 2372 3761 non
2429 3707 2684 3763 introibit
2723 3708 2778 3763 in
2828 3719 3017 3763 sancta
3057 3721 3188 3769 mea
3211 3707 3255 3766 ³.
3293 3727 3312 3760 ι
3362 3707 3465 3761 lloc
3499 3712 3562 3758 est

343 3811 573 3872 partem.
613 3796 719 3853 Per
772 3797 878 3852 hoc
931 3810 1062 3865 ergo
1114 3795 1346 3850 indicari
1404 3794 1702 3863 ﬁguraliter
1767 3810 1911 3863 reor,
2017 3797 2277 3853 nimirum
2305 3799 2450 3868 quod
2477 3809 2530 3854 et
2555 3799 2813 3857 Dominus
2847 3802 2900 3856 in
2936 3801 3229 3871 Evangelio
3260 3802 3458 3858 dicitzt
3480 3799 3560 3866 Qui

342 3891 728 3966 amputandam
765 3904 889 3945 esse
921 3888 989 3943 ab
1027 3889 1231 3953 anima,
1266 3888 1309 3943 si
1344 3903 1448 3957 qua
1487 3889 1564 3943 illi
1599 3905 1663 3943 ex
1691 3903 1916 3946 consor-
2017 3893 2192 3948 credit
2230 3893 2283 3948 in
2318 3909 2426 3961 me,
2457 3895 2711 3948 mandata
2741 3910 2859 3949 mea
2885 3895 3191 3962 custodit‘;
3217 3915 3236 3949 ι
3266 3905 3324 3951 et
3357 3897 3556 3950 iterum:

349 3986 422 4039 tio
455 3982 638 4039 carnis
671 3978 900 4035 adhaesit
935 3980 1240 4048 impuritas,
1273 3978 1320 4033 si
1357 3979 1482 4048 quis
1524 3994 1642 4034 eam
1673 3979 1916 4036 libidinis
2021 4003 2042 4036 ‹
2069 3984 2168 4050 Qui
2203 3986 2357 4040 audit
2405 3987 2571 4041 verba
2609 4001 2728 4041 mea
2761 3987 2896 4055 haec,
2927 3998 2981 4042 et
3009 3988 3139 4044 facit
3183 4004 3246 4044 ea
3275 3991 3330 4056 ⁸;
3364 4008 3381 4040 ι
3415 3997 3464 4043 et
3489 3987 3562 4040 ite

345 4073 667 4129 malesuada:
701 4084 896 4126 sensus
927 4068 1150 4123 obtexit.
1199 4069 1406 4124 Idcirco
1449 4071 1616 4140 igitur
1657 4087 1763 4126 non
1795 4072 1916 4128 aliis
2019 4093 2137 4131 rum
2172 4096 2186 4133 :
2223 4095 2242 4129 ε
2273 4077 2412 4144 Quid
2442 4087 2625 4134 autem
2663 4078 2843 4134 dicitis
2870 4080 3001 4135 mihi
3024 4099 3036 4134 :
3061 4081 3314 4148 Domine,
3346 4080 3557 4140 Domine,

345 4169 449 4224 ista
486 4161 728 4220 desectio
779 4160 912 4232 (41),
942 4161 1034 4214 sed
1067 4159 1395 4230 genitalibus
1439 4161 1699 4217 membris
1732 4163 1915 4234 inﬁgi-
2016 4178 2199 4223 etnon
2234 4169 2412 4224 facilis
2439 4185 2558 4239 qua:
2589 4171 2829 4226 dico‘h
2863 4171 3026 4229 Vides
3044 4189 3172 4245 ergo
3206 4173 3406 4246 ubique
3431 4173 3558 4227 ﬁdem

347 4271 455 4324 tur,
493 4259 551 4312 ut
597 4255 798 4310 clareat
843 4252 986 4323 quod
1024 4251 1334 4320 huiusmodi
1390 4254 1520 4308 vitia
1560 4254 1755 4310 animae
1808 4272 1913 4312 non
2017 4275 2141 4314 cum
2197 4261 2451 4330 operibus
2491 4262 2668 4334 jungi,
2707 4272 2765 4318 et
2811 4279 2974 4333 opera
3035 4266 3230 4322 sociari
3291 4281 3409 4320 cum
3457 4263 3555 4316 ﬁde.

343 4369 411 4408 ex
432 4351 662 4422 propria
699 4345 1029 4409 substantia,
1055 4345 1150 4398 sed
1179 4360 1247 4398 ex
1288 4347 1523 4414 genuino
1552 4358 1698 4402 motu
1736 4358 1791 4403 et
1841 4351 1919 4404 in-
2019 4352 2211 4407 Cordis
2247 4354 2430 4422 itaque
2453 4364 2537 4410 est
2567 4355 2911 4412 circumcisio
2941 4358 3079 4428 (45),
3113 4358 3248 4412 nihil
3282 4357 3553 4416 sordidum,

349 4445 564 4501 centivo
611 4441 792 4497 carnis
831 4438 1142 4492 adveniunt.
1195 4438 1348 4503 Quod
1399 4449 1580 4493 autem
1610 4449 1801 4495 octava
1827 4441 1915 4496 die
2023 4444 2157 4499 nihil
2195 4445 2473 4514 indignum
2504 4448 2710 4502 sentire
2746 4448 2812 4503 de
2843 4449 2968 4505 ﬁde.
3003 4449 3201 4506 Carnis
3238 4448 3556 4506 circumcisio

335 4533 692 4593 CiFCUHICiSiO
723 4533 881 4590 diu“?
900 4532 970 4598 ⁸⁸,
995 4531 1126 4585 ίιῙυίί
1170 4530 1443 4600 ἀεείεηεπί
1478 4530 1737 4598 θΐὺῖιΐοτ,
1770 4535 1915 4602 quod
1947 4525 1993 4580 Ῑ)
2021 4547 2127 4606 est,
2154 4538 2288 4593 nihil
2321 4540 2677 4607 immundum,
2707 4543 2838 4596 nihil
2872 4545 3308 4599 contaminatum
3341 4545 3391 4599 in
3422 4555 3556 4612 opere

347 4624 598 4696 ρηιλδειιιί
640 4623 855 4692 (ιιιίάριη
904 4621 1102 4678 ὅπουίο
1137 4621 1438 4689 εεΡῑίηηηθ
1487 4622 1739 4691 dePUlala
1786 4633 1909 4678 θειε
2021 4632 2298 4702 gestisque
2336 4635 2698 4690 committere.
2743 4636 2846 4703 Qui
2897 4639 3043 4693 enirn
3089 4638 3143 4692 in
3187 4638 3365 4693 altero
3395 4637 3554 4692 horum

345 4729 570 4773 octavus
609 4724 786 4770 autem
817 4714 933 4768 dies
963 4712 1130 4768 futuri
1171 4711 1352 4766 saeculi
1384 4713 1702 4784 mysterium
1746 4723 1796 4770 te

2098 4724 2438 4780 :ircumcisus
2481 4724 2649 4781 fuerit
2673 4738 2729 4782 et
2759 4729 3090 4792 immundus,
3130 4730 3221 4784 Dei
3252 4731 3466 4786 vocibus
3489 4729 3553 4779 in.

347 4810 567 4864 lllormn
599 4821 727 4876 ergo
757 4815 841 4860 est
874 4803 1221 4858 circumcisio
1259 4803 1544 4874 spiritalis,
1593 4808 1686 4875 qui
1735 4807 1917 4865 futuro
2023 4816 2174 4885 gredi
2219 4817 2541 4885 ρτοιιίυθιυι-
2591 4819 2646 4872 in
2687 4830 2900 4876 sancta.
2944 4822 3250 4892 Ingreditur
3299 4833 3466 4878 "me"
3513 4829 3555 4872 ει

344 4899 543 4957 διικτιιιο
589 4899 843 4963 mimum.
878 4897 929 4951 Ῐη
961 4911 1066 4965 quo
1093 4912 1308 4966 «ηθαυθ
1340 4897 1567 4964 “libent,
1595 4914 1771 4969 neque
1818 4919 1914 4955 ηιι·
2026 4907 2328 4979 alienigena
2389 4912 2442 4964 in
2494 4923 2706 4979 sancta,
2751 4928 2859 4982 quo
2895 4929 3002 4968 non
3044 4915 3242 4970 licebat
3267 4915 3464 4985 ingredi
3490 4927 3555 4963 se-

347 4993 570 5056 bentnr,
603 4992 698 5046 sed
733 4999 896 5044 erunt
939 4989 1080 5043 sicut.
1125 4988 1299 5059 angeli
1351 4988 1544 5056 Dei”;
1584 5009 1602 5042 ι
1638 5003 1691 5045 et
1722 5008 1912 5049 eorum
2028 5001 2264 5056 cundum
2297 5001 2479 5072 .legem
2540 5003 2738 5060 litterae
2792 5006 2900 5060 nisi
2950 5007 3082 5062 solis
3140 5006 3498 5062 sacerdotibus
3518 5001 3551 5052 '.

417 5128 461 5162 ⁸⁷
491 5127 680 5182 Matth.
712 5141 864 5200 xxiv,
887 5126 987 5200 723‘
1030 5126 1076 5200 ξε
1104 5127 1278 5200 Exod.
1307 5143 1383 5200 tv,
1409 5127 1501 5190 24,
1523 5129 1613 5184 ‘25.
1689 5131 1734 5164 ⁸⁸
1767 5131 1872 5186 Deu

2095 5154 2142 5200 ι,
2173 5137 2263 5199 45,
2290 5139 2379 5194 Η.
2453 5141 2500 5175 ⁹⁰
2533 5141 2724 5196 Matth.
2753 5157 2843 5200 xx.
2876 5141 2964 5196 l6.
3036 5142 3080 5174 ⁹²
3111 5141 3268 5196 Rom.
3307 5157 3366 5200 tt.
3392 5137 3550 5193 27-29.

347 5200 394 5276 ξ’
427 5200 581 5276 βρεμι
725 5182 863 5276 is;
883 5195 1125 5276 "sala;
1257 5182 1468 5276 24-3-”
1489 5182 1628 5276 si»;
1664 5182 1798 5276 nui

2097 5220 2134 5260 ι.
2173 5224 2266 5269 xit.
2295 5211 2348 5264 5.
2425 5213 2470 5243 ⁸³
2498 5214 2687 5268 Matth.
2717 5182 2850 5276 χιιι,
2879 5212 2969 5266 30.
3047 5213 3093 5245 ⁸⁵
3128 5182 3324 5266 Matth.-
3352 5183 3454 5273 ξιτ,
3485 5210 3550 5261 li.

347 5270 618 5341 Fil’hiltp.
653 5265 858 5341 ttt,_20.
901 5267 1044 5341 ἐἶ’-ΙΙ
1087 5267 1212 5341 Cor.
1248 5285 1318 5330 tv,
1352 5269 1438 5324 18.
1513 5272 1556 5302 9’
1584 5265 1792 5326 Ezeclt.

2112 5278 2129 5308 ⁸
2163 5265 2282 5335 Jac.
2319 5297 2374 5341 ll,
2411 5265 2509 5336 l7.
2554 5265 2804 5338 i‘vGialat.
2831 5265 2901 5341 it;
2928 5265 3013 5338 l6.
3088 5283 3108 5314 ³
3139 5265 3334 5338 Ezecb.
3360 5265 3486 5341 xciv,
3511 5283 3550 5331 9.

899 5320 1437 5402 δδιεηιιις
2420 5320 2500 5406 '7'.“

569 5453 1350 5540 'Genebrardns,.rsnperﬁuc,
1383 5475 1402 5506 ι
1443 5457 1599 5511 male.
1659 5528 1671 5540 _

2087 5475 2158 5516 ss.
2214 5462 2350 5518 Editi
2408 5481 2559 5532 vero,
2615 5486 2632 5518 ι
2665 5466 2770 5521 Sed
2825 5467 3040 5521 interim
3095 5467 3370 5522 videamus
3429 5476 3542 5517 nunc

425 5523 536 5593 (40)
569 5525 646 5598 Ita
679 5541 807 5580 mss.
845 5526 1034 5580 nostri.
1063 5523 1204 5580 Editi
1241 5542 1391 5592 vero,
1429 5546 1446 5578 ι
1470 5528 1766 5583 secundum
1791 5543 1916 5584 car-
2021 5545 2164 5598 qum,
2195 5551 2214 5584 ι
2247 5547 2356 5588 etc.

354 5597 694 5678 “85'!~_§°,'}'5o
724 5615 744 5678 ξ
780 5608 889 5678 θεας
1060 5668 1074 5678 _
1117 5667 1136 5678 η
1204 5666 1237 5678 γ,
1469 5667 1483 5678 _
2031 5597 2210 5678 :_(M)
2241 5603 2420 5678 Editi,
2457 5626 2473 5657 ι
2497 5618 2552 5662 ut
2583 5605 2656 5663 sit
2683 5608 3041 5663 circumcisus
3072 5611 3243 5664 corde
3287 5609 3371 5675 qui
3419 5605 3548 5658 habet

424 5667 536 5739 (41)
573 5665 971 5739 Qenebrardus,
1002 5685 1022 5718 ι
1044 5666 1294 5730 defectio,
1321 5686 1347 5739 »ί
1378 5667 1538 5727 male.
1736 5728 1742 5734 _
2023 5665 2204 5739 ﬁdem,
2229 5693 2247 5724 ι
2284 5665 2444 5733 male.

426 5734 536 5812 (ᾇὲ)
569 5733 972 5812 getlelirardus,
1010 5738 1464 5794 titnmunditiam.
1489 5756 1509 5790 ι
1738 5733 1742 5734 ί
1829 5810 1839 5812 ᾼ
2093 5733 2208 5812 (45)
2248 5743 2440 5800 Conlis
2491 5749 2663 5812 itaque
2698 5758 2774 5802 est
2818 5748 3170 5804 circumcisio.
3206 5747 3279 5801 lta
3319 5763 3438 5800 mss.
3471 5759 3549 5799 no-

427 5804 538 5867 (45)
572 5802 672 5858 Sed
698 5805 904 5860 interim
934 5824 1072 5862 nunc
1107 5823 1482 5875 persequamur
1513 5825 1650 5873 autc.
1680 5821 1787 5866 etc.
1821 5810 1912 5868 Sic
2022 5802 2141 5872 stri.
2174 5802 2312 5870 Editi
2344 5832 2504 5887 vero,
2546 5802 2777 5873 t'Cordis
2800 5821 2899 5872 ista
2931 5802 3288 5875 circumcisio.
3310 5836 3326 5868 ι
