3684 6148
69 385 178 443 909

1029 383 1387 444 COMMENT.
1428 385 1495 441 lN
1533 379 1755 444 EPIST.
1797 383 1889 440 AD
1930 382 2096 442 ROM.
2139 383 2266 439 LIB.
2307 383 2374 440 ll.

3227 355 3345 447 910‘

93 504 264 573 Datur
282 514 414 556 vero
437 512 584 554 nunc
611 506 665 554 et
687 495 1006 569 alienigenis
1031 509 1092 554 ut
1116 499 1494 572 ingrediantur
1517 500 1656 573 (46),
1688 503 1735 561 Α
1763 499 2202 564 circumcisione,
2236 517 2360 556 cum
2391 500 2458 556 ab
2488 498 2568 556 eis
2601 501 2803 558 veteris
2835 501 3074 558 hominis
3101 501 3354 560 consqu

73 604 138 650 ut
175 572 289 649 sint
335 592 462 648 fidei
518 601 576 647 et
610 600 828 646 actuum
875 590 1294 648 circumcisione
1330 572 1567 663 purgati.
1597 593 1656 650 Si

70 691 206 760 quis
241 699 423 745 autem
454 705 551 746 nos
588 691 655 745 ad
693 687 1003 760 superiores
1041 688 1368 758 qumstiones
1398 702 1659 744 revocare

69 785 398 846 contendat,
437 791 491 837 et
519 783 716 836 iterum
775 781 931 836 nobis
973 779 1203 851 replicet
1229 779 1332 837 hoc
1362 780 1504 851 quod
1531 781 1660 837 scri-

65 883 233 943 ptum
266 883 348 929 est
376 874 442 927 de
466 873 798 943 alienigena,
827 873 970 945 quod
1003 873 1071 929 ab
1103 888 1170 930 eo
1199 857 1414 929 volente
1446 873 1657 942 ingredi

70 967 134 1020 in
190 976 399 1029 sancta,
453 982 559 1020 non
609 965 785 1020 solum
833 965 1018 1022 cordis
1069 965 1443 1032 circumcisio,
1476 965 1573 1021 sed
1605 975 1660 1022 et

68 1059 269 1112 carnis
296 1057 535 1127 exigitur
567 1073 578 1110 :
603 1057 732 1112 huic
762 1056 835 1125 ita
862 1057 1087 1113 moleste
1117 1057 1431 1129 persistenti
1466 1056 1660 1112 obver-

71 1151 252 1204 timus
281 1159 335 1203 et
367 1165 473 1204 nos
529 1149 664 1206 illud
717 1152 862 1220 quod
895 1147 1163 1205 Jeremias
1198 1151 1458 1220 propheta
1488 1149 1655 1204 dicit:

74 1264 97 1296 ι
128 1244 271 1298 Ecce
297 1245 692 1300 incircumcisae
713 1253 842 1300 sunt
863 1259 1024 1299 aures
1051 1262 1068 1295 ι
1104 1252 1298 1299 vestrte
1320 1245 1362 1299 ⁸.
1397 1241 1660 1299 Ostendat

69 1338 242 1392 nobis
271 1338 372 1392 iste
415 1337 654 1393 carnalis
697 1337 1134 1393 circumcisionis
1168 1345 1394 1394 exactor
1444 1339 1683 1392 aurium'

67 1429 556 1484 circumcisionem
593 1428 905 1486 sensibilem
952 1437 1008 1484 et
1061 1428 1430 1499 corporalem,
1463 1429 1507 1484 si
1560 1444 1660 1498 po-

70 1529 236 1575 test:
289 1521 384 1576 sed
438 1531 646 1576 certum
691 1530 776 1575 est
818 1521 959 1590 quod
1005 1520 1152 1575 nullo
1194 1527 1353 1590 pacto
1394 1521 1446 1575 id
1480 1519 1661 1577 facere

70 1624 270 1684 queat.
320 1613 646 1670 Revertetnr
685 1627 816 1682 ergo
861 1612 947 1667 ad'
979 1613 1272 1684 allegorias
1334 1613 1662 1669 necessitate

67 1703 429 1773 compulsus,
462 1713 517 1760 et
551 1705 695 1760 dicet
723 1703 1039 1758 circumcidi
1069 1717 1247 1765 aures.
1280 1719 1426 1768 cum,
1467 1717 1661 1759 secun-

69 1799 211 1853 dum
244 1799 554 1856 Salomonis
581 1799 840 1864 mouita’,
873 1813 978 1853 non
1029 1800 1296 1869 recipiunt
1325 1801 1656 1856 auditionem

68 1905 301 1952 vanam,
325 1901 379 1946 et
411 1906 532 1945 cum
565 1892 882 1962 oppilautur
905 1906 972 1946 ne
1003 1891 1224 1946 audiant
1243 1892 1513 1962 judicium
1538 1909 1662 1950 sane

69 1983 286 2052 guinis,
315 1992 370 2038 et
408 1998 530 2038 cum
575 1984 858 2053 sepiuntur
877 1985 1048 2054 spinis
1079 1999 1148 2041 ne
1182 1986 1454 2055 recipiant
1482 1987 1664 2042 obtre-

69 2074 404 2140 ctationem,
456 2076 552 2130 sed
606 2084 666 2128 ut
722 2075 819 2130 soli
875 2076 1042 2131 verbo
1077 2075 1169 2130 Dei
1214 2084 1464 2148 pateant,
1493 2085 1549 2132 et
1577 2076 1663 2134 his

71 2181 207 2234 qua:
254 2165 320 2219 ad
377 2166 794 2222 aedificationem
847 2167 1120 2223 dicuntur.
1159 2165 1242 2223 Sit
1282 2183 1413 2238 ergo
1444 2168 1573 2227 talis
1608 2179 1665 2224 et

72 2259 174 2314 illa
219 2259 430 2326 cordis,
463 2260 640 2331 qualis
666 2271 720 2316 et
747 2262 861 2317 hrec
893 2263 1107 2317 aurium
1133 2262 1503 2327 circumcisio,
1542 2276 1664 2332 quae

70 2354 452 2429 communiter
479 2353 697 2409 videtur
725 2355 1002 2433 exposita.
1052 2354 1168 2412 Hoc
1206 2365 1387 2412 autem
1418 2355 1580 2412 modo
1608 2365 1664 2411 et

76 2447 503 2503 incircumcisus
536 2445 699 2503 labiis
730 2447 959 2514 dicitur,
993 2449 1082 2518 qui
1120 2465 1226 2504 non
1259 2449 1667 2506 circumciderit

72 2539 507 2608 blasphemiam,
554 2539 966 2608 scurrilitatem,
1011 2541 1409 2611 turpiloquium
1452 2541 1518 2596 de
1569 2555 1692 2620 ore

73 2649 204 2697 suo,
237 2631 329 2702 qui
361 2647 468 2688 non
489 2632 738 2702 posuerit
765 2633 1069 2688 custodiam
1104 2634 1187 2689 ori
1216 2648 1336 2700 suo,
1365 2642 1420 2689 et
1454 2633 1659 2704 ostium

73 2725 512 2781 circumstantiae
552 2724 712 2780 labiis
735 2727 848 2781 suis
871 2726 940 2792 ¹⁰,
975 2725 1066 2796 qui
1103 2740 1207 2781 non
1241 2728 1405 2782 etiam
1429 2741 1458 2780 a
1498 2727 1666 2782 verbo

75 2819 267 2873 otioso
313 2817 720 2872 circumciderit
753 2832 816 2874 os
868 2831 1048 2874 suum.
1097 2818 1338 2890 Denique
1381 2817 1471 2873 ubi
1533 2817 1667 2872 dicit

79 2913 308 2985 Moyses
359 2914 427 2968 ad
480 2914 810 2969 Dominum:
840 2913 1145 2982 «Provide,
1184 2914 1452 2980 Domine,
1496 2913 1663 2967 alium

79 3023 250 3076 quem
279 3006 482 3069 mittas.
499 3020 601 3076 ego
625 3015 803 3062 autem
825 3006 1221 3078 tarduslingua,
1241 3015 1294 3063 et
1321 3006 1665 3079 gracilivoce

78 3115 203 3153 sum
229 3099 311 3153 "z
353 3116 373 3150 ι
409 3099 506 3167 ipsi
546 3099 597 3152 in
645 3097 887 3155 Hebraeis
921 3100 1323 3170 exemplaribus
1371 3099 1576 3154 habere
1605 3115 1666 3156 se

1766 595 2027 662 tudinem,
2044 605 2100 649 et
2117 595 2401 665 passiones
2419 610 2481 649 ac
2505 593 2635 650 vitia
2652 595 2830 650 carnis
2852 596 3114 651 abscidit:
3136 608 3187 652 et
3208 578 3351 654 tunc'

1762 685 2065 756 completur
2103 686 2244 756 quod
2274 687 2326 740 in
2358 684 2483 742 Iesu
2515 686 2662 742 Nave
2685 687 2947 758 scriptum
2974 697 3057 743 est
3082 706 3096 742 :
3122 707 3141 740 ι
3165 687 3334 744 Hodie

1761 794 1791 832 a
1845 778 2000 834 vobis
2055 778 2254 834 abstuli
2295 779 2580 849 opprobria
2613 779 2831 852 Egypti
2869 780 2934 834 ¹⁶.
2967 800 2985 834 ι
3029 780 3334 852 Opprobria

1763 885 2000 942 namque
2017 869 2233 942 Egypti
2253 886 2435 926 secum
2460 871 2788 938 circumfert,
2805 874 2847 928 si
2875 875 2996 944 quis
3019 874 3072 928 in
3093 875 3334 931 Ecclesia

1760 963 1992 1032 positus,
2027 973 2082 1017 et
2113 965 2212 1018 sub
2251 962 2380 1020 Jesu
2401 965 2536 1020 duce
2559 965 2822 1033 militans,
2841 963 3128 1036 Aﬂgyptios
3155 982 3335 1024 mores

1762 1065 1818 1112 et
1865 1068 2044 1112 motus
2103 1058 2271 1114 animi
2319 1059 2580 1116 barbaros
2617 1069 2820 1116 servet.
2882 1060 3121 1117 Marcion
3173 1077 3332 1131 sane,

1761 1149 1850 1205 cui
1882 1166 1978 1220 per
1999 1150 2312 1222 allegoriam
2336 1153 2467 1206 nihil
2487 1151 2664 1222 placet
2687 1152 2939 1223 intelligi,
2959 1155 3229 1222 quomodo
3246 1170 3340 1211 ex-

1735 1231 1744 1241 ’
1762 1253 1925 1312 ponat
1948 1242 2111 1317 5,95
2144 1245 2286 1314 quod
2323 1245 2450 1301 dicit
2471 1244 2761 1315 Apostolus
2781 1246 2846 1312 ⁸⁸,
2862 1246 3339 1304 circumcisionem

1763 1333 2045 1404 prodesse,
2095 1335 2317 1390 omnino
2349 1351 2453 1390 non
2482 1337 2739 1392 inveniet.
2780 1335 2886 1392 Sed
2916 1351 2984 1393 ne
3015 1337 3082 1396 de
3112 1337 3340 1409 singulis

1761 1426 1976 1494 quidem
2025 1442 2147 1496 qua:
2201 1425 2512 1483 inferuntur
2554 1427 2824 1485 ullatenus
2865 1431 3093 1486 reddere
3140 1433 3342 1502 poterit

1763 1519 2047 1574 rationem.
2088 1520 2380 1577 Adversari
2403 1535 2554 1588 sane,
2585 1531 2783 1578 etcum
2814 1523 3067 1598 irrisione
3103 1524 3340 1596 quadam

1765 1614 2012 1668 innotare
2054 1610 2223 1666 Deum
2267 1613 2400 1683 legis
2448 1614 2542 1684 qui
2589 1614 3059 1670 circumcisionem
3105 1615 3337 1691 dederit,

1763 1705 1902 1760 solet
1932 1719 2040 1760 non
2090 1705 2268 1761 solum
2299 1705 2415 1776 ipse
2441 1745 2457 1770 ,
2505 1706 2601 1761 sed
2642 1717 2698 1762 et
2740 1722 2928 1763 omnes
2969 1706 3210 1763 haeretici
3241 1707 3341 1778 qui

1765 1806 1918 1850 vetus
1941 1795 2345 1853 Testamentum
2377 1798 2682 1868 reputliaut,
2717 1815 2820 1854 una
2869 1815 2993 1855 cum
3025 1802 3339 1869 gentilibus.

1764 1889 1854 1957 qui
1909 1903 2100 1944 omnes
2131 1889 2416 1944 adversum
2447 1890 2613 1945 Deum
2641 1890 2774 1962 legis
2804 1892 2928 1947 talia
2958 1895 3204 1960 quaedam
3241 1909 3340 1950 ve-

1769 1979 1846 2034 lut
1877 1978 2142 2036 fmderata
2170 1979 2284 2052 (47)
2319 1981 2714 2036 obtrectatione
2743 1982 3144 2054 congeminant.
3169 1983 3337 2040 Stoici

1765 2071 1917 2125 aiunt
1954 2089 1968 2126 :
2005 2070 2211 2126 lndicet
2241 2070 2447 2141 aliquid
2473 2073 2758 2144 mysticum
2789 2073 3131 2132 circumcisio
3151 2115 3166 2141 ,
3189 2087 3245 2134 et
3271 2077 3340 2132 li-

1763 2179 1956 2234 guram
1993 2171 2174 2219 teneat
2225 2163 2610 2236 allegoricam;
2673 2165 2820 2223 itane
2850 2166 3094 2237 oportuit
3131 2178 3190 2223 ut
3215 2184 3339 2224 cum

1763 2271 1925 2327 pmna
1951 2266 2005 2311 et
2035 2255 2277 2326 periculo
2320 2257 2692 2328 parvulorum,
2742 2273 2868 2314 cum
2903 2259 3234 2318 cruciatibus
3261 2269 3343 2316 te-

1767 2363 1911 2402 nera:
1941 2356 1996 2402 et
2024 2348 2200 2403 adhuc
2250 2347 2558 2406 innocentis
2587 2349 2854 2415 infantiae,
2889 2349 3184 2422 ﬁgurarum
3211 2366 3341 2423 spe-

1767 2442 1877 2496 cies
1903 2440 2038 2513 (48),
2070 2451 2126 2496 et
2157 2441 2292 2512 legis
2333 2441 2620 2513 mnigmata
2665 2443 3068 2498 conderentur?
3105 2443 3196 2500 Sic
3227 2434 3362 2500 non

1769 2534 2002 2590 habebat
2067 2533 2348 2603 legislator
2394 2533 2485 2589 ubi
2533 2533 2739 2590 formas
2781 2534 3045 2605 mysticas
3090 2545 3340 2606 poneret,

1767 2628 1870 2682 nisi
1902 2627 1955 2681 in
1988 2626 2410 2681 dedecoratione
2437 2624 2552 2696 (49)
2578 2623 3006 2680 verecundorum
3051 2625 3343 2698 locorum;

1766 2730 1821 2774 et
1849 2720 1942 2775 Dei
1983 2719 2372 2789 omnipotentis
2419 2717 2506 2774 lex
2528 2758 2544 2783 ,
2589 2719 2889 2788 aeternique
2919 2719 3228 2776 testamenti
3260 2721 3342 2775 si-

1767 2809 2055 2880 gnaculum
2107 2824 2212 2862 non
2256 2807 2429 2879 potuit
2457 2807 2560 2863 nisi
2591 2807 2646 2862 in
2676 2807 2929 2864 obscenis
2966 2809 3337 2864 membrorum

1765 2901 2012 2970 partibus
2065 2899 2362 2956 collocari?
2413 2899 2562 2954 Itane
2601 2899 2775 2954 bonus
2823 2907 2908 2955 est
2948 2899 3090 2956 Deus
3118 2903 3217 2956 iste
3245 2900 3341 2970 (ι’Ᾱὶ

1767 3003 1954 3048 uatum
1989 2993 2262 3048 hominem
2296 2992 2478 3049 statim
2513 2993 2564 3046 in
2597 2991 2785 3062 primis
2811 3007 2964 3048 nova:
2993 2990 3340 3065 lucis'auspi-

1765 3084 1868 3140 eiis
1890 3085 2210 3154 praeceperit
2243 3082 2566 3139 vulnerari?
2620 3083 2680 3138 Et
2709 3083 2792 3147 si,
2826 3091 2884 3138 ut
2912 3083 3063 3140 vobis
3105 3084 3341 3152 videtur,

79 3194 278 3248 dicunt
305 3212 316 3246 :
345 3211 361 3244 t
386 3193 500 3262 Ego
522 3205 702 3247 autem
739 3193 1151 3250 incircumcisus
1207 3208 1338 3270 sum.
1362 3191 1522 3249 labiis
1564 3193 1661 3252 ι’.»

1873 3186 1996 3234 Best
2025 3187 2080 3233 et
2103 3178 2298 3231 animae
2333 3186 2548 3232 creator
2569 3187 2624 3233 et
2651 3175 2918 3246 corporis,
2954 3187 3048 3231 aut
3069 3175 3344 3248 superﬂuo

79 3285 243 3352 Quod
286 3285 332 3340 si
378 3285 482 3341 hoc
521 3287 702 3353 modo,
745 3302 852 3357 quo
896 3288 1147 3356 superius
1199 3286 1455 3353 diximus,
1488 3295 1666 3356 potest

79 3379 209 3448 quis
241 3377 657 3435 incircumcisus
687 3379 856 3434 videri
881 3378 1129 3443 auribus,
1155 3387 1210 3433 et
1240 3377 1660 3434 incircumcisus

81 3473 271 3539 labiis,
305 3489 406 3529 cur
435 3489 542 3528 non
586 3483 640 3529 et
676 3471 840 3528 simili
872 3471 1044 3527 forma
1076 3471 1494 3527 incircumcisus
1527 3487 1668 3543 prae—

83 3564 238 3633 putio
265 3565 449 3620 carnis
481 3580 591 3620 sua:
643 3566 859 3621 dicatur
893 3564 938 3619 is
965 3565 1054 3633 qui
1083 3580 1207 3634 erga
1239 3565 1540 3620 naturalem
1575 3580 1668 3621 co-

85 3655 195 3709 itus
237 3665 446 3710 motum
471 3655 882 3716 immoderatius
899 3663 954 3709 et
979 3656 1434 3724 intemperantius
1455 3653 1624 3710 ellluit
1649 3671 1662 3707 :

83 3747 450 3801 circumcisus
480 3761 608 3802 vero
633 3746 919 3810 habeatur,
951 3747 996 3801 si
1026 3747 1150 3815 quis
1191 3747 1242 3800 iu
1291 3746 1664 3816 hujuscemodi

87 3841 308 3910 negotio
353 3839 609 3909 legitimis
652 3847 710 3893 et
758 3847 1021 3908 quantum
1080 3837 1388 3908 posteritati
1447 3835 1666 3904 sullicit,

88 3943 280 3987 utatur
311 3931 542 3986 ciliciis?
574 3929 772 3986 Verum
818 3930 1074 3999 quoniam
1115 3933 1184 3985 de
1231 3929 1668 3986 circumeisionis

87 4026 308 4080 ratione
342 4034 670 4087 tractamus,
709 4023 874 4077 etiam
911 4022 1040 4076 illud
1095 4022 1182 4076 his
1223 4021 1520 4092 adjungere
1558 4037 1665 4076 non

91 4119 387 4174 absurdum
423 4118 658 4182 videtur,
691 4117 835 4185 quod
885 4113 1044 4170 Jesus
1077 4113 1219 4170 Illius
1253 4113 1400 4169 Nave
1433 4129 1498 4168 ex
1529 4129 1669 4184 prae-

90 4193 246 4281 cepto
302 4208 516 4265 Domini
551 4208 691 4263 ﬁlios
735 4207 899 4263 lsrael
957 4207 1202 4263 secundo
1251 4207 1668 4263 circumcidisse

92 4304 285 4357 cultris
310 4301 496 4356 saxeis
521 4309 855 4354 memoratur
875 4298 920 4331 ¹³
945 4316 960 4354 :
992 4298 1134 4367 quod
1167 4298 1373 4367 utique,
1402 4306 1666 4368 quantum

92 4395 153 4446 ad
208 4394 448 4448 litteram
497 4400 728 4461 spectat,
780 4388 1119 4460 impossibile
1175 4388 1377 4444 factum
1432 4389 1666 4443 videtur.

95 4484 272 4540 Semel
319 4483 460 4538 enim
509 4481 851 4537 circumcisis
901 4481 954 4536 in
1001 4494 1169 4536 carne
1218 4479 1492 4550 prmputii,
1540 4479 1666 4549 quid

1769 3286 1828 3326 se
1877 3269 2175 3340 plasmasse
2223 3280 2430 3340 partem
2493 3269 2639 3325 illam
2689 3271 2935 3343 corporis
2980 3279 3134 3326 notat
3177 3286 3342 3341 quam

1769 3362 2110 3433 postmodum
2160 3361 2384 3417 mandat
2430 3362 2676 3418 abscindi
2703 3407 2719 3431 ,
2771 3371 2830 3418 ut
2876 3378 2975 3435 per
3017 3347 3378 3419 miserorum'

1769 3454 2033 3526 supplicia
2098 3455 2376 3524 proprium
2436 3455 2692 3511 emendet
2737 3455 2852 3526 (50)
2902 3470 3182 3523 errorem;
3250 3466 3344 3509 aut

1769 3547 1913 3615 quod
1945 3547 2258 3602 necessario
2303 3554 2359 3603 et
2387 3547 2598 3602 utiliter
2630 3547 2776 3614 fecit,
2809 3563 2917 3603 non
2945 3557 3092 3603 recte
3120 3547 3346 3605 mandat

1772 3638 1998 3695 auferri.
2036 3637 2171 3694 Tum
2196 3650 2458 3711 praetcrea
2482 3640 2526 3696 si
2555 3655 2702 3696 cura:
2727 3649 2813 3694 est
2847 3639 2958 3694 Deo
2985 3638 3244 3710 plurimos
3271 3640 3340 3692 ad

1768 3732 1974 3788 cultum
2011 3747 2128 3788 suae
2155 3731 2432 3802 religionis
2466 3732 2684 3800 adduci,
2711 3733 3006 3787 maximum
3029 3746 3094 3786 ex
3118 3732 3344 3786 cireum-

1768 3826 1981 3882 cisione
2028 3824 2364 3882 obstaculum
2408 3825 2673 3880 nascitur.
2729 3822 2862 3878 Cum
2909 3838 2976 3879 eo
3013 3823 3158 3877 enim
3199 3825 3343 3892 quod

1769 3919 2096 3991 supplicium
2125 3918 2498 3990 unusquisque
2525 3915 2779 3982 declinat,
2806 3925 2919 3971 tum
2940 3915 3103 3972 etiam
3137 3915 3346 3970 irrisio-

1771 4026 1892 4068 nem
1923 4013 2272 4084 turpitudinis
2314 4010 2516 4082 refugit
2547 4027 2562 4065 :
2596 4011 2740 4066 unde
2773 4008 2945 4081 magis
2989 4008 3344 4079 impedimen-

1772 4116 1884 4160 tum
1924 4105 2029 4161 hoc
2067 4103 2377 4175 religionis,
2417 4117 2582 4174 quam
2630 4103 2844 4173 insigne
2883 4101 3186 4158 ducendum
3233 4113 3340 4157 est.

1771 4196 1898 4252 Haec
1926 4206 1983 4250 et
2003 4195 2171 4250 multa
2202 4194 2288 4251 his
2317 4193 2517 4250 similia
2547 4192 2636 4248 vel
2666 4193 2896 4265 gentiles
2938 4193 3230 4248 adversum
3257 4193 3342 4248 le-

1770 4288 2101 4360 gislatorem,
2152 4286 2239 4355 vel
2275 4285 2520 4342 haeretici
2552 4294 2902 4356 perstrepunt
2943 4303 2958 4340 :
3000 4285 3198 4354 quibus
3251 4301 3345 4340 re-

1769 4383 2038 4453 spondere
2075 4379 2443 4436 necessarium
2491 4387 2658 4446 puto,
2699 4376 2795 4433 sed
2842 4377 3022 4448 primo
3069 4376 3343 4448 gentibus.
3383 4363 3390 4384 ³

1772 4468 1942 4524 Nemo
1969 4468 2187 4538 sapiens
2217 4480 2285 4521 ea
2323 4467 2377 4520 in
2406 4465 2538 4520 aliis
2562 4474 2734 4532 notat,
2773 4480 2893 4535 quae
2917 4466 3056 4535 apud
3081 4480 3141 4520 se
3169 4465 3312 4520 hone
3337 4497 3348 4507 -
3391 4468 3394 4472 ’

95 4576 338 4633 invenire
367 4589 549 4648 posset
575 4577 812 4632 secunda
844 4571 1190 4629 circumcisio
1216 4571 1358 4640 quod
1386 4570 1668 4625 auferret?
1701 4551 1745 4606 Ῑ)
1775 4573 1857 4617 sta
1891 4561 2040 4616 ducit
2082 4569 2139 4616 et
2173 4574 2366 4630 magna
2398 4575 2413 4613 :
2447 4557 2649 4613 etenim
2678 4556 3024 4613 circumcisio
3051 4557 3194 4648 apud
3223 4572 3344 4622 vos,

95 4668 246 4727 Jesus
299 4686 429 4726 vero
489 4681 695 4735 noster,
748 4668 842 4738 qui
903 4681 1034 4720 vere
1079 4674 1198 4734 post
1245 4663 1465 4734 Moysen
1526 4662 1666 4718 filios

98 4759 256 4815 Israel
309 4763 360 4815 in
408 4772 605 4816 terram
642 4769 890 4814 sanctam
932 4757 1188 4812 ﬂuentem
1228 4756 1312 4810 lac
1349 4765 1403 4810 et
1455 4754 1584 4820 mel,
1611 4755 1664 4808 in

101 4862 299 4908 terram
327 4853 760 4924 repromissionis
793 4851 1020 4914 inducit,
1040 4850 1263 4904 evidens
1282 4856 1366 4902 est
1395 4847 1668 4916 quomodo

102 4959 200 4999 non
232 4947 424 5010 semel,
453 4945 545 4999 sed
576 4945 815 5000 secundo
839 4942 1176 4998 cicumcidat
1199 4939 1540 4996 credentium
1571 4952 1667 5007 po-

101 5036 299 5102 pulum.
340 5036 518 5091 Prima
553 5048 792 5105 namque
839 5043 923 5090 est
969 5033 1090 5105 ejus
1149 5028 1518 5091 circumcisio,
1562 5039 1667 5096 qua

104 5125 166 5178 ab
195 5130 271 5184 eis
311 5129 393 5184 vel
425 5129 694 5184 idolorum
721 5126 954 5193 cultum,
984 5123 1069 5180 vel
1099 5129 1407 5179 commenta
1430 5118 1670 5189 philoso-

108 5219 269 5289 phica:
316 5220 691 5292 persuasionis
730 5217 998 5281 exsecuit.
1049 5213 1304 5272 Secunda
1333 5225 1465 5267 vero
1497 5207 1668 5264 utitur

172 5359 192 5389 ⁸
215 5358 410 5415 Jerem.
439 5366 516 5420 vt,
548 5357 638 5413 10.
714 5357 736 5389 ⁹
771 5355 936 5410 Eccli.
968 5366 1158 5418 xxvnt,
1184 5349 1276 5406 28.
1355 5348 1400 5380 “
1427 5345 1573 5404 Psal.
1607 5359 1732 5411 ext,
1765 5346 1820 5402 5.

113 5441 160 5491 ν.
185 5429 235 5484 2.
309 5431 510 5486 “ibid.
537 5429 592 5486 9.
669 5427 716 5460 "
739 5427 896 5482 Rom.
931 5441 995 5489 tt,
1021 5423 1112 5478 25.

175 5541 282 5618 (46)
314 5547 403 5602 Sic
432 5545 598 5611 editi;
627 5546 721 5600 sed
750 5559 882 5605 mss.
908 5557 1118 5606 omnes,
1153 5557 1173 5592 ι
1199 5537 1407 5610 ingredi
1437 5546 1669 5599 tantum,

116 5621 480 5752 ω’(ιῖἧωῦειαε
507 5685 780 5753 [ωάεταια.
822 5682 961 5736 Etliti
995 5701 1008 5736 :
1047 5700 1065 5732 ι
1101 5682 1183 5735 vel
1220 5679 1382 5753 Γωιιθ.
1420 5697 1441 5730 ι

183 5745 287 5824 (58}
328 5745 628 5810 Innocentis
658 5754 892 5820 infantia:
920 5754 1220 5824 figurarum
1246 5751 1460 5824 species.
1520 5745 1663 5800 Etliti

121 5819 382 5893 perperam
419 5842 434 5884 :
477 5846 495 5878 ι
530 5827 832 5880 innocentis
859 5819 1060 5892 partis,
1111 5823 1163 5877 in
1201 5822 1336 5875 facie
1365 5819 1662 5888 ligurarum

1709 4670 1713 4675 '
1772 4669 1806 4710 ο
1834 4653 2085 4724 gentiles,
2111 4652 2184 4706 ita
2211 4649 2394 4720 magni
2437 4649 2688 4716 habetur,
2716 4657 2777 4703 ut
2799 4663 2907 4704 non
2943 4647 3145 4718 passim
3179 4648 3348 4719 vulgo

1774 4746 2021 4818 ignobili,
2041 4745 2132 4802 sed
2159 4744 2294 4800 solis
2317 4740 2712 4806 sacerdotibus,
2737 4748 2792 4796 et
2813 4739 2902 4795 his
2924 4741 3014 4810 qui
3037 4740 3178 4796 inter
3199 4741 3349 4811 ipsos

1769 4834 2118 4892 electioribus
2161 4833 2357 4888 studiis
2406 4830 2698 4902 mancipati
2761 4829 3004 4894 fuerint,
3069 4831 3344 4886 credatur.

1772 4928 1908 4982 Nam
1935 4927 2073 4996 apud
2106 4924 2393 4997 IEgyptios
2436 4923 2606 4994 quiin
2636 4920 3116 4992 superstitionibus
3147 4922 3344 4976 vestris

1770 5029 1826 5076 et
1855 5017 2206 5074 vetustissimi
2260 5016 2534 5070 habentur
2569 5024 2625 5069 et
2652 5013 3028 5079 eruditissimi,
3077 5028 3106 5066 a
3145 5014 3344 5081 quibus

1773 5127 1939 5183 prope
1966 5125 2155 5166 omnes
2174 5107 2368 5178 reliqui
2401 5107 2564 5161 ritum
2599 5119 2878 5163 sacrorum
2916 5115 2970 5161 et
2991 5103 3346 5160 cteren'onias

1772 5203 2000 5259 mutuati
2033 5211 2190 5268 sunt;
2224 5201 2365 5271 apttd
2395 5199 2530 5268 hos,
2564 5199 2782 5270 inquam
2806 5239 2822 5265 ,
2875 5197 3055 5252 nullus
3094 5205 3188 5250 aut
3217 5207 3340 5264 geo-

1901 5347 1941 5378 “
1972 5344 2144 5402 Exod.
2170 5359 2245 5410 tv,
2280 5343 2367 5406 10,
2403 5341 2490 5396 l5.
2529 5359 2534 5364 ι
2571 5343 2613 5372 ¹²
2642 5339 2810 5395 Exod.
2848 5353 2926 5403 γι,
2955 5335 3045 5392 50.
3117 5333 3346 5390 "Iosue

1777 5545 2074 5670 Βῃῖξὸςεῖιῖι
2105 5614 2234 5651 mss.
2267 5595 2408 5651 Editi
2440 5610 2587 5658 vero,
2624 5614 2641 5645 ε
2683 5592 3081 5670 decurtatioue.
3120 5608 3141 5642 ι

1846 5665 1957 5743 (50)
1997 5671 2121 5746 Mss.
2151 5669 2318 5724 uestri
2347 5706 2364 5732 ,
2423 5685 2440 5718 t
2477 5675 2529 5720 et
2558 5683 2651 5735 per
2681 5665 2999 5716 miserorum
3025 5701 3041 5717 .
3069 5701 3082 5715 .
3113 5700 3126 5714 .
3153 5673 3344 5718 emen-

1775 5745 1885 5810 dat,
1925 5761 1941 5794 ι
1972 5752 2079 5797 etc.
