3684 6148
364 361 476 430 9H

1855 357 2178 416 ORIGENIS
3466 367 3540 422 ειμι

369 482 579 541 metria:
613 476 900 544 studebat,
947 484 1040 531 aut
1073 475 1451 543 astronomiae,
1485 489 1607 547 quas
1649 476 1791 546 apud
1822 475 1941 534 illos
1967 480 2011 540 Α
2046 475 2245 531 factum
2302 474 2569 546 culpatis,
2630 475 2722 546 qui
2767 484 2823 532 et
2868 485 3060 531 octava
3117 475 3204 531 die
3258 477 3541 536 circumcisus

367 576 654 647 principum
687 572 993 635 ducuntur;
1037 567 1217 625 nullus
1245 577 1394 624 certe
1426 566 1733 638 astrologiae
1762 577 1819 622 et
1845 581 1942 638 ge-

368 681 598 732 neseos,
627 679 734 736 qua
776 662 911 718 nihil
943 661 1181 717 divinius
1208 667 1432 732 putant,
1463 669 1669 714 secreta
1702 659 1942 715 rimaba-

367 769 481 825 tur,
524 757 628 813 nisi
681 753 1100 812 circumcisione
1140 761 1413 824 suscepta.
1477 749 1748 806 Sacerdos
1799 749 1941 820 apud

366 863 483 914 eos,
529 861 786 916 aruspex,
827 853 921 898 aut
960 841 1328 914 quorumlibet
1358 856 1640 898 sacrorum
1667 840 1936 907 miniSter,

367 937 475 1006 vel,
511 948 568 991 ut
601 936 673 990 illi
719 934 1024 1006 appellant,
1051 934 1314 1004 prepbeta
1347 931 1561 996 omnis,
1588 929 1942 986 circumcisus

366 1037 470 1082 est.
509 1025 747 1080 Litteras
796 1037 1012 1094 quoque
1061 1021 1429 1078 sacerdotales
1479 1030 1723 1076 veterum
1768 1019 1941 1092 Egy-

368 1117 638 1187 ptiorum,
671 1129 808 1186 quas
853 1111 1286 1182 hieroglyphicas
1317 1110 1591 1182 appellant
1611 1149 1628 1177 ,
1661 1126 1821 1167 nemo
1854 1112 1942 1166 di-

368 1208 556 1263 scebat
587 1207 693 1262 nisi
720 1207 1094 1261 circumcisus.
1117 1204 1306 1261 Omnis
1339 1203 1943 1273 hierophantes,omnis

365 1308 541 1365 vates,
580 1299 760 1355 onmis
787 1297 932 1366 cmli,
977 1307 1034 1352 ut
1065 1307 1279 1368 putant,
1315 1295 1626 1368 infernique
1655 1306 1856 1367 mystes
1887 1302 1944 1350 et

366 1391 620 1448 conscius
661 1391 803 1462 apud
842 1405 937 1446 eos
985 1405 1106 1446 esse
1156 1405 1263 1446 non
1307 1389 1580 1456 creditur,
1631 1388 1736 1443 nisi
1776 1386 1943 1444 fuerit

367 1484 744 1540 circumcisus.
789 1481 901 1540 Hoc
946 1482 1115 1555 igitur
1148 1481 1289 1552 apud
1342 1497 1443 1537 nos
1483 1491 1639 1552 turpe
1662 1491 1716 1536 et
1745 1481 1940 1536 obsce-

367 1593 499 1632 num
531 1575 808 1648 judicatis,
859 1575 1002 1645 qttod
1035 1576 1175 1643 apud
1212 1589 1308 1629 vos
1339 1575 1411 1628 ita
1447 1574 1730 1629 honestum
1773 1572 1942 1628 habe-

369 1680 459 1724 tur
495 1678 552 1723 ct
593 1681 848 1738 magnum
872 1706 888 1731 ,
923 1677 982 1720 ut
1027 1664 1327 1720 cwlestiutn
1367 1665 1810 1734 infernorumque
1851 1678 1941 1720 se-

367 1770 517 1814 creta
568 1758 787 1814 nonnisi
834 1771 933 1829 per
976 1756 1344 1828 hujuscemodi
1399 1757 1633 1828 insignia
1668 1755 1940 1813 enuntiari

2044 575 2132 622 est
2155 566 2234 632 ³⁸,
2261 575 2316 623 et
2345 566 2568 622 vulnera
2605 567 2872 636 passionis
2918 567 3167 635 excepit,
3197 577 3250 621 et
3281 581 3389 620 cum
3415 573 3542 625 cruris

2044 669 2205 728 paena
2232 657 2550 727 sanguinem
2591 671 2747 712 suum
2779 657 2935 710 fudit.
2980 656 3134 724 Quod
3162 655 3322 728 5.96
3342 672 3446 714 vero
3465 662 3543 714 cir.

2043 745 2394 801 cumcisionis
2439 746 2668 801 horrore
2708 746 2950 806 difficilis
2992 747 3144 802 vobis
3191 750 3254 802 ad
3299 747 3542 819 religionem

2044 839 2259 894 videtur
2309 853 2566 895 accessus
2593 838 2740 913 (55),
2785 839 3063 895 difficilzor
3097 841 3262 896 multo
3288 841 3466 896 videtur
3487 844 3545 898 in-

2043 945 2267 1002 gressus
2310 931 2378 986 ad
2408 930 2793 1003 Evangelium,
2842 933 2931 988 ubi
2979 949 3086 988 non
3118 942 3322 1001 partem
3349 935 3545 1005 exiguam

2043 1021 2315 1091 corporis,
2341 1021 2436 1077 sed
2466 1021 2635 1092 ipsam
2672 1023 2796 1092 quis
2822 1023 3057 1078 animam
3088 1039 3284 1094 ponere
3297 1024 3546 1096 jubetur“.

2043 1115 2150 1172 Sed
2196 1116 2442 1186 exempla
2471 1125 2809 1188 martyrum,
2857 1116 3158 1171 secundum
3184 1131 3311 1183 vos,
3359 1119 3549 1186 prohibe-

2041 1207 2178 1266 bunt
2205 1209 2456 1265 homines
2489 1211 2753 1266 accedere
2776 1208 2842 1263 ad
2869 1208 3052 1263 fidem.
3093 1209 3176 1262 An
3204 1223 3268 1262 eo
3293 1210 3443 1280 magis
3467 1211 3549 1280 (Si)

2041 1302 2291 1358 creditur
2332 1301 2489 1356 firma
2521 1301 2744 1372 religio,
2783 1302 2926 1372 quod
2971 1300 3104 1355 nihil
3135 1301 3432 1368 remissum,
3455 1302 3553 1357 nihil

2043 1393 2336 1449 delicatum
2382 1394 2671 1465 pollicetur
2706 1405 2800 1450 aut
2843 1393 3046 1450 molle?
3099 1393 3253 1461 Quod
3294 1404 3345 1449 et
3377 1394 3416 1448 si
3455 1395 3552 1450 nihil

2043 1484 2189 1540 aliud
2245 1487 2572 1542 sacramenti
2632 1485 2932 1557 ﬁguraliter
2979 1486 3324 1542 circumcisio
3367 1494 3552 1553 teneret,

2041 1577 2172 1648 quid
2217 1586 2363 1633 esset
2387 1576 2634 1646 absurdi,
2661 1623 2664 1628 .
2687 1577 2734 1634 si
2779 1577 2844 1632 ad
2878 1578 3258 1634 discretionem
3291 1587 3554 1632 camerarum

2043 1671 2283 1742 gentium
2317 1671 2585 1740 populus,
2633 1670 2729 1742 qui
2774 1669 2876 1726 sub
2922 1669 3040 1740 lege
3082 1669 3176 1724 Dei
3212 1669 3556 1732 instituebatur,

2044 1763 2323 1835 proprium
2359 1763 2576 1834 aliquod
2602 1771 2841 1832 gestaret
2875 1762 3121 1833 insigne?
3149 1769 3205 1818 et
3236 1763 3280 1818 si
3305 1765 3557 1817 necessaria

366 1849 521 1905 νοὺῖε
551 1863 715 1918 Ροεεθ
744 1847 1028 1904 "Matii?
1089 1847 1243 1914 Qui)ll
1277 1847 1320 1902 Si
1353 1848 1496 1917 390d
1525 1861 1620 1901 V05
1643 1860 1744 1916 pro
1775 1855 1854 1901 tot
1887 1855 1942 1901 et
1973 1841 2015 1902 Β
2044 1853 2158 1908 visa
2195 1861 2281 1910 est
2325 1853 2496 1924 partis
2543 1851 2775 1922 alicujus
2808 1853 3134 1923 amputatio,
3179 1853 3308 1922 quid
3343 1864 3436 1906 tam
3460 1867 3557 1907 con-

367 1941 537 1996 tautis
581 1949 919 1996 secretorum
965 1948 1269 1994 vestrorum
1313 1939 1496 1993 causis
1538 1952 1661 2008 quae
1693 1936 1942 1994 ministra

367 2033 784 2089 circumcisione
826 2039 1193 2103 peraguntur,
1243 2032 1608 2085 necessarium
1641 2029 1744 2085 erit
1773 2029 1940 2085 ratio-

368 2140 492 2181 nem
520 2123 712 2195 quaeri,
747 2133 802 2179 et
835 2123 996 2179 talem
1028 2138 1148 2194 qua:
1179 2123 1454 2178 contemni
1484 2138 1592 2178 non
1623 2121 1837 2188 debeat,
1876 2135 1943 2177 ne

364 2233 491 2274 cum
539 2233 602 2272 ea
643 2225 853 2273 cuncta:
876 2215 1082 2286 pariter
1121 2215 1274 2271 vobis
1302 2215 1639 2270 cwremoniae
1669 2214 1942 2271 subruan-

367 2321 461 2367 tur
487 2309 624 2380 (51),
659 2324 758 2364 cur
788 2323 894 2364 non
918 2310 970 2364 id
997 2309 1160 2364 etiam
1187 2307 1327 2377 apud
1357 2323 1455 2363 nos
1484 2307 1598 2362 fieri
1630 2321 1791 2376 posse
1817 2321 1942 2376 spe-

367 2401 547 2458 retis?
588 2403 787 2458 Verum
833 2401 877 2457 si
928 2400 1202 2470 replicetis
1243 2401 1496 2456 historias
1525 2409 1763 2466 vestras,
1794 2400 1945 2454 inve-

369 2495 534 2552 nietis
561 2510 668 2550 non
695 2495 870 2550 solum
896 2491 1282 2565 [Egyptiorum
1329 2493 1642 2548 sacerdotes
1671 2502 1726 2548 et
1756 2492 1941 2547 hiero-

365 2591 603 2660 phantas
631 2603 758 2645 usos
795 2602 916 2644 esse
942 2587 1392 2650 circumcisione,
1440 2588 1534 2642 sed
1566 2594 1622 2642 et
1648 2584 1857 2642 Arabas
1887 2594 1943 2642 et

363 2680 693 2752 Ethiopas,
739 2691 795 2737 et
843 2680 1166 2746 Phoenices,
1203 2680 1448 2750 aliosque
1488 2695 1720 2752 quorum
1765 2679 1942 2734 studia

365 2789 496 2856 erga
548 2775 917 2846 hujuscemodi
965 2774 1378 2844 superstitiones
1439 2774 1674 2830 nobilius
1724 2774 1944 2845 viguere

367 2865 506 2938 (52).
544 2865 672 2922 llaec
701 2865 1030 2922 suliicienter
1057 2864 1198 2919 dicta
1233 2866 1344 2919 sint
1377 2865 1662 2920 adversum
1692 2865 1943 2936 gentiles,

365 2959 565 3032 quibus
594 2959 661 3014 de
704 2959 840 3027 legis
884 2969 1086 3013 nostra:
1115 2958 1391 3030 mysteriis
1428 2957 1758 3028 loquendum
1788 2973 1944 3028 aper-

367 3055 478 3111 tius
503 3063 771 3109 nouerat.
813 3050 1096 3122 Nuncjam
1127 3051 1284 3107 nobis
1311 3052 1378 3107 ad
1402 3066 1496 3108 eos
1524 3067 1708 3108 sermo
1735 3051 1943 3122 diriga-

367 3159 479 3225 tur,
527 3147 621 3219 qui
658 3149 873 3204 Christo
917 3147 1134 3216 quidem
1179 3147 1450 3212 credunt,
1485 3146 1579 3201 sed
1609 3143 1803 3216 Legem
1833 3161 1938 3200 non

365 3237 637 3310 rccipiunt
665 3247 720 3293 et
740 3235 1058 3307 Prophetas.
1100 3236 1369 3292 Fatemini
1407 3236 1528 3293 sine
1554 3237 1721 3292 dubio
1750 3252 1938 3292 verum

356 3345 484 3387 esse
513 3329 658 3401 quod
707 3330 970 3400 scriptum
1017 3337 1102 3385 est
1148 3329 1200 3384 in
1247 3329 1488 3400 Epistola
1523 3329 1671 3386 Petri
1701 3350 1715 3386 :
1749 3348 1768 3382 ι
1801 3329 1938 3396 Quia

363 3409 631 3492 redempti
667 3440 688 3476 ι
731 3437 920 3479 sumus
948 3442 968 3476 ι
1002 3438 1108 3478 non
1143 3422 1488 3493 corruptibili
1523 3423 1698 3492 pretio
1726 3423 1936 3492 argenti

357 3523 416 3571 et
447 3515 606 3581 auri,
650 3513 744 3569 sed
801 3513 1038 3583 pretioso
1087 3516 1347 3586 sanguine
1381 3533 1402 3568 ι
1455 3513 1728 3584 Unigcniti
1759 3515 1825 3567 ³⁸.
1879 3514 1937 3570 Si

358 3623 492 3680 ergo
518 3626 541 3662 ι
578 3608 754 3678 pretio
780 3608 946 3676 empti
981 3625 1000 3660 ι
1031 3621 1216 3661 sumus
1236 3647 1253 3673 ,
1294 3616 1352 3662 ut
1386 3608 1548 3663 etiam
1575 3608 1774 3663 Paulus
1800 3610 1936 3663 asti-

361 3702 584 3774 pulatur
609 3700 687 3768 ⁸⁷,
725 3701 794 3756 ab
825 3700 1008 3771 aliquo
1033 3701 1152 3755 sine
1183 3700 1346 3757 dubio
1371 3701 1539 3772 empti
1583 3716 1772 3757 sumus
1793 3743 1808 3768 ,
1843 3717 1938 3756 ett-

352 3793 448 3866 jus
473 3809 695 3852 eramus
730 3795 900 3860 servi,
932 3793 1025 3863 qui
1049 3803 1104 3848 et
1132 3794 1363 3863 pretium
1394 3796 1639 3865 poposcit
1668 3795 1810 3862 quod
1837 3809 1935 3848 vo-

359 3886 486 3954 luit,
521 3897 581 3944 ut
614 3888 681 3944 de
722 3895 991 3958 potestate
1038 3885 1336 3942 dimitteret
1378 3902 1516 3956 quos
1550 3887 1784 3942 tenebat.
1827 3885 1935 3942 Te-

359 3980 526 4036 nebat
555 3990 741 4036 autent
773 3995 874 4034 nos
904 3978 1153 4034 diabolus
1173 4022 1186 4043 ,
1223 3980 1308 4034 cui
1364 3979 1610 4035 distracti
1659 3979 1936 4036 fueramus

358 4071 598 4142 peccatis
650 4071 873 4127 nostris.
928 4068 1183 4140 Poposcit
1226 4086 1354 4142 ergo
1406 4073 1638 4141 pretium
1689 4081 1932 4127 nostrum

358 4165 683 4234 sanguinem
717 4162 940 4217 Christi.
981 4163 1179 4217 Verum
1223 4167 1392 4219 donec
1430 4163 1557 4220 Jesu
1584 4167 1809 4236 sanguis
1837 4167 1936 4220 da-

357 4263 534 4322 retur,
566 4253 662 4326 qui
687 4263 796 4309 tam
827 4254 1096 4323 pretiosus
1123 4254 1256 4321 fuit,
1292 4267 1349 4310 ut
1381 4259 1528 4312 solus
1568 4273 1666 4326 pro
1690 4258 1932 4314 omnium

355 4347 734 4418 redemptione
762 4345 1055 4414 sufficeret,
1086 4351 1449 4404 necessarium
1482 4349 1582 4405 fuit
1610 4366 1705 4406 eos
1736 4352 1824 4420 qui
1851 4351 1933 4405 in-

355 4439 726 4494 stituebantur
756 4439 808 4494 in
833 4439 974 4509 lege,
1007 4455 1444 4508 unumquemque
1458 4457 1556 4510 pro
1578 4458 1658 4507 se,
1696 4441 1840 4498 velut
1864 4443 1931 4498 ad

2041 1945 2265 2001 veniens
2293 1943 2416 2012 fuit,
2447 1959 2612 2015 quam
2649 1958 2770 2000 eam
2793 1944 3037 2001 invenire
3068 1961 3188 2018 qua:
3218 1946 3473 2000 videbatur
3495 1949 3560 2000 ob-

2041 2050 2242 2104 scena,
2293 2045 2350 2092 et
2391 2037 2486 2092 illa
2535 2037 2751 2091 auferre
2796 2051 3028 2107 quorum
3071 2037 3355 2092 diminutio
3383 2036 3559 2092 nihilad

2041 2126 2285 2182 officium
2328 2128 2573 2199 corporis
2623 2127 2954 2200 impediret?
3029 2127 3185 2196 Quod
3231 2143 3358 2184 vero
3401 2129 3560 2193 dicunt,

2041 2219 2166 2290 quia
2195 2219 2242 2274 si
2275 2221 2581 2274 necessaria
2630 2235 2735 2275 non
2779 2230 2898 2278 erat
2927 2220 3016 2276 illa
3048 2237 3175 2292 pars
3209 2223 3458 2286 membri,
3478 2222 3561 2276 fieri

2045 2327 2076 2365 a
2103 2310 2364 2366 Creatore
2390 2325 2494 2366 non
2520 2312 2702 2367 debuit
2731 2327 2746 2366 :
2779 2315 2822 2368 si
2855 2314 3166 2369 necessario
3197 2312 3340 2369 facta
3367 2323 3462 2379 est,
3482 2327 3560 2367 non

2042 2401 2202 2456 debet
2229 2397 2431 2455 auferri
2484 2419 2498 2456 :
2534 2402 2928 2470 interrogemus
2972 2418 3067 2460 eos
3097 2415 3150 2460 et
3181 2419 3314 2471 nos,
3349 2405 3392 2460 si
3423 2419 3565 2459 neces.

2041 2493 2243 2549 sariam
2270 2493 2458 2549 dicant
2477 2493 2712 2550 filiorum
2742 2498 3200 2566 procreationem.
3243 2496 3568 2554 Necessariae

2040 2587 2162 2643 sine
2211 2589 2378 2645 dubio
2423 2590 2844 2660 respondebunt.
2912 2590 3084 2645 Erunt
3139 2605 3274 2662 ergo
3323 2591 3566 2660 culpabiles

2041 2679 2154 2748 qui,
2181 2679 2533 2734 c0ntinentim
2565 2693 2620 2736 et
2648 2681 2975 2751 virginitatis
3002 2684 3262 2750 obtentu,
3294 2683 3565 2738 necessarii:

2042 2781 2252 2826 natura:
2296 2771 2497 2828 officiis
2543 2788 2650 2829 non
2694 2775 3012 2830 miniStrant
3043 2792 3059 2831 :
3089 2785 3145 2831 et
3189 2786 3349 2832 erunt
3388 2775 3566 2846 cogendi

2041 2865 2109 2921 ad
2154 2865 2370 2937 nuptias
2412 2882 2601 2923 omnes
2659 2868 2750 2938 qui
2801 2870 3104 2924 secundum
3144 2869 3418 2940 Evangelii
3459 2868 3567 2938 leges

2045 2977 2065 3012 ι
2099 2958 2422 3030 semetipsos
2464 2970 2847 3016 castraverunt
2893 2971 3116 3031 propter
3145 2977 3376 3036 regnum
3394 2960 3556 3025 Πομ.»

2041 3052 2305 3110 habentes
2341 3055 2572 3124 exempli
2603 3054 2764 3125 hujus
2792 3065 3069 3111 auctorem
3099 3070 3230 3111 cum
3259 3055 3444 3109 multos
3467 3050 3566 3107 alios

2041 3153 2379 3211 sanctorum,
2431 3155 2543 3200 tum
2591 3145 2754 3201 etiam
2787 3145 2962 3216 ipsum
2993 3146 3284 3202 Dominum
3317 3144 3496 3202 Iesum.
3527 3141 3568 3197 ln

2044 3253 2253 3292 summa
2276 3253 2409 3294 vero
2441 3239 2731 3294 dicendum
2763 3250 2849 3294 est
2878 3240 3021 3309 quod
3055 3239 3202 3295 sicut
3231 3239 3396 3294 multa
3426 3250 3570 3291 neces-

2044 3329 2191 3384 saria
2223 3341 2381 3385 erant
2413 3332 2742 3402 baptismata
2781 3341 2906 3387 ante
2933 3331 3268 3400 baptismum
3291 3329 3506 3392 Christi,
3531 3332 3570 3381 et

2046 3421 2228 3476 multa:
2258 3423 2666 3492 purificationes
2707 3433 2996 3494 antequam
3026 3423 3339 3494 purificatio
3366 3437 3452 3493 per
3479 3419 3570 3488 Spi-

2047 3514 2210 3568 ritum
2245 3525 2492 3570 sanctum
2529 3514 2717 3582 fieret,
2768 3524 2822 3570 et
2863 3514 3045 3570 multa:
3085 3516 3284 3571 hostias
3327 3521 3566 3581 antequam

2045 3619 2148 3658 una
2183 3606 2356 3660 hostia
2399 3605 2588 3676 Agnus
2633 3604 3018 3662 immaculatus
3059 3607 3410 3677 semetipsum
3455 3600 3566 3658 Patri

2042 3695 2267 3753 offerret
2312 3697 2544 3752 hostiam
2575 3696 2826 3753 Christus
2853 3696 2897 3729 ²¹
2932 3716 2946 3752 :
2983 3689 3057 3753 us
3089 3698 3260 3753 etiam
3295 3694 3466 3752 multis
3489 3693 3569 3748 cir-

2043 3791 2470 3846 cumcisionibus
2511 3803 2647 3860 opus
2676 3789 2817 3856 fuit,
2870 3803 3152 3860 usquequo
3186 3803 3296 3844 una
3325 3789 3376 3843 in
3398 3785 3569 3842 Christo

2041 3883 2393 3939 circumcisio
2415 3883 2669 3937 omnibus
2700 3881 3011 3938 traderetur
3038 3898 3052 3936 :
3089 3889 3148 3936 et
3179 3880 3460 3935 multorum
3482 3890 3571 3929 san-

2038 3979 2219 4050 guinis
2263 3974 2455 4031 effusio
2509 3975 2816 4047 praecessit,
2863 3988 3142 4045 usquequo
3173 3988 3277 4044 per
3309 3972 3458 4026 unius
3477 3981 3570 4022 san-

2040 4074 2256 4141 guinem
2283 4071 2522 4125 omnium
2565 4067 2867 4137 redemptio
2897 4067 3074 4121 fieret.
3120 4065 3252 4120 Haec
3279 4062 3478 4136 quidem
3501 4073 3571 4112 no-

2041 4164 2122 4218 bis
2150 4163 2215 4218 ad
2245 4176 2484 4232 praesens
2509 4174 2801 4216 occurrere
2843 4159 2910 4213 de
2937 4156 3375 4214 circumcisionis
3402 4152 3571 4209 ratione

2039 4265 2332 4326 potuerunt
2361 4273 2376 4310 :
2405 4269 2525 4324 quae
2556 4264 2734 4307 tamen
2782 4266 2846 4308 ea
2886 4251 3007 4322 lege
3051 4251 3195 4307 dicta
3242 4251 3353 4306 sint
3379 4265 3405 4302 a
3430 4244 3570 4304 nobis,

2039 4361 2099 4404 ut
2129 4352 2171 4404 si
2196 4349 2317 4418 quis
2348 4349 2540 4402 melius
2563 4355 2618 4400 et
2643 4345 3016 4407 rationabilius
3046 4343 3285 4409 dixerit,
3323 4341 3408 4396 illa
3436 4335 3570 4404 magis

2037 4457 2199 4513 quam
2231 4441 2349 4496 haec
2376 4449 2560 4495 nostra
2593 4450 2898 4494 teneantur.
2947 4438 3150 4494 Verum
3183 4445 3304 4505 post
3330 4441 3570 4490 excessum

355 4530 711 4586 imitationem
743 4533 1030 4602 quamdam
1057 4530 1252 4586 futura:
1274 4533 1694 4604 redemptionis,
1719 4535 1933 4604 sangui-
1961 4552 2008 4610 ι)
2031 4536 2182 4607 justo
2226 4533 2454 4588 forsitan
2502 4525 2832 4603 largiorem',
2885 4531 2952 4585 ad
2984 4528 3273 4600 apostolici
3310 4521 3571 4581 conclusio-

353 4637 479 4677 nem
503 4637 658 4678 suum
684 4623 844 4690 dare;
883 4633 936 4678 et
960 4633 1243 4693 propterea
1275 4639 1394 4690 nos,
1428 4640 1525 4694 pro
1555 4627 1750 4695 quibus
1779 4643 1929 4682 com-

353 4713 558 4784 pictum
586 4721 670 4771 est
708 4715 946 4784 pretium
973 4715 1254 4786 sanguinis
1285 4713 1528 4782 Christi,
1574 4734 1682 4774 non
1711 4734 1931 4776 necesse

353 4808 619 4864 habemus
645 4822 742 4876 pro
767 4809 920 4864 nobis
945 4808 1077 4879 ipsis
1104 4811 1358 4880 pretium,
1397 4811 1450 4866 id
1479 4823 1582 4878 est,
1613 4813 1930 4884 sanguinem

353 4901 792 4957 circumcisionis
829 4901 1054 4974 offerre.
1107 4903 1163 4956 Si
1199 4917 1328 4958 vero
1371 4904 1640 4976 culpabile
1669 4906 1823 4961 vobis
1844 4908 1927 4960 vi—

352 4995 515 5051 detur
553 4995 695 5064 quod
743 4993 888 5050 Deus
920 4993 1056 5065 legis
1083 4995 1271 5050 inferri
1301 4996 1456 5066 jubet
1481 4997 1784 5052 infantibus
1808 4999 1929 5053 vul-

352 5099 519 5154 nera,
569 5093 625 5142 et
665 5086 985 5156 sanguinem
1032 5086 1183 5142 fundi
1215 5105 1230 5143 :
1268 5091 1371 5144 hoc
1396 5089 1560 5145 etiam
1609 5091 1665 5144 in
1706 5091 1926 5147 Christo

427 5251 470 5322 "ﬁ
499 5249 518 5305 Ι
550 5246 697 5305 Petr.
727 5247 1018 5322 μιᾷ-19.
1095 5251 1137 5282 ³⁷
1168 5249 1189 5304 Ι
1219 5250 1349 5306 Cor.
1378 5267 1476 5322 vn,
1508 5253 1600 5310 25.

350 5321 394 5354 "
427 5321 591 5376 Hebr.
618 5337 694 5386 ix,
731 5320 828 5387 id;
861 5319 1054 5378 lPetr.
1085 5321 1239 5387 1,19.
1462 5319 1469 5322 ⁷
1542 5373 1548 5382 .

421 5474 537 5548 (Si)
579 5474 663 5531 Ne
688 5491 808 5548 emt
850 5494 914 5532 ea
941 5487 1144 5548 cuncta:
1183 5479 1385 5548 pariter
1429 5480 1571 5534 vobis
1600 5481 1925 5536 cteremom're

351 5547 700 5602 subruantur.
743 5547 835 5603 Sic
863 5563 995 5603 mss.
1029 5547 1348 5615 Editi'vero,
1391 5566 1412 5601 ι
1445 5566 1513 5606 ne
1541 5566 1664 5606 cum
1699 5566 1764 5606 eo
1793 5567 1926 5608 cun-

354 5625 440 5666 cta
468 5617 676 5681 pariter
698 5617 1053 5674 subruantur.
1088 5636 1107 5668 ι

426 5685 541 5762 φῇ)
581 5687 754 5762 Editi,
815 5707 835 5739 ι
872 5689 1045 5758 gratia
1097 5687 1474 5758 hujuscemodi
1523 5691 1927 5762 superstitionis

354 5753 589 5824 nobilius
626 5755 826 5824 vigent.
864 5753 885 5810 ἰ

430 5821 542 5890 (55)
585 5821 724 5880 Ediii
748 5841 1053 5900 perperam,
1087 5847 1106 5884 ι
1139 5843 1418 5888 ascensus.
1452 5847 1480 5881 ο

2036 4643 2157 4684 nem
2187 4625 2411 4696 capituli
2457 4635 2818 4679 revertamur.
2877 4622 3048 4693 Igitur
3073 4620 3332 4690 quoniam
3359 4616 3571 4683 frequens

2037 4731 2120 4777 est
2160 4717 2418 4788 Apostolo
2452 4717 2554 4773 iste
2584 4726 2881 4780 tractatus,
2916 4729 3025 4784 quo
3062 4728 3157 4784 per
3184 4708 3423 4782 singulos
3438 4718 3570 4775 quos.

2036 4825 2144 4882 que
2180 4810 2294 4881 (55)
2347 4809 2507 4865 binos
2557 4808 2803 4862 homines
2848 4820 2971 4860 esse
3025 4805 3272 4874 designat
3315 4820 3330 4858 :
3379 4808 3567 4871 quorum

2036 4903 2267 4959 alterum
2313 4901 2640 4956 exteriorem
2676 4899 2982 4963 nominare,
3029 4897 3261 4951 alterum
3294 4896 3566 4949 interiorem

2036 4997 2174 5053 solet
2220 5015 2236 5051 :
2272 5008 2572 5063 eorumque
2609 4993 2836 5047 alterum
2863 4991 3182 5046 secundum~
3203 4999 3424 5043 carnem
3455 4991 3566 5038 esse.

2033 5089 2269 5145 alterum
2301 5090 2602 5144 secundum
2653 5085 2905 5158 spiritum
2936 5084 3087 5149 dicit,
3121 5081 3374 5155 (opinor,
3403 5091 3461 5131 ex
3487 5071 3567 5126 illis

1681 5254 1726 5287 “
1743 5253 1881 5311 Luc.
1909 5270 1925 5310 ι

2047 5256 2092 5310 l.
2169 5254 2213 5286 ¹⁹
2243 5252 2433 5309 Matth.
2465 5269 2517 5317 ιι,
2547 5251 2648 5316 59;
2697 5264 2812 5318 xvi,
2844 5245 2938 5302 25.
3012 5245 3058 5278 ³ο
3105 5242 3301 5301 Matth.
3345 5254 3464 5304 nx,
3499 5234 3562 5290 19..

2101 5477 2216 5551 (Si)
2253 5477 2335 5530 An
2362 5493 2422 5551 eo
2453 5477 2638 5548 magis.
2664 5477 2739 5551 lta
2763 5477 2966 5551 habent
2993 5476 3122 5533 editi
3147 5486 3202 5534 et
3223 5490 3360 5551 mss.
3391 5471 3562 5529 nostri:

2028 5547 2122 5619 sed
2160 5547 2336 5603 tamen
2367 5549 2653 5619 legendum
2685 5549 2897 5603 videtur
2923 5565 2938 5602 :
2980 5568 3001 5602 ι
3025 5551 3096 5605 At
3123 5563 3187 5605 eo
3210 5547 3406 5618 magis,
3431 5563 3450 5598 ι
3470 5560 3569 5604 etc.

2030 5618 2139 5683 vel,
2177 5637 2196 5670 ι
2233 5618 2519 5689 Aunon’eo
2547 5619 2738 5689 magis.
2777 5638 2796 5671 ι

2104 5689 2218 5761 (55)
2251 5688 2500 5762 Singulos
2541 5687 2790 5761 quoique.
2830 5687 2969 5746 Editi
2993 5729 3008 5757 ,
3044 5690 3284 5761 «singula
3311 5696 3558 5760 quaequen

2032 5763 2190 5817 male.
