3684 6148
157 213 276 271 913
1120 212 1474 272 COMMENT.
1513 215 1579 271 IN
1622 216 1838 272 EPIST.
1880 217 1970 270 AD
2010 214 2176 272 ROM.
2217 214 2345 269 LIB.
2384 214 2447 269 ll.
3321 220 3431 276 9M

160 330 459 385 institutus
486 328 603 401 (56)
626 344 748 401 quae
774 331 827 386 ln
859 330 1059 387 Genesi
1086 332 1290 401 scripta
1316 344 1463 397 sunt,
1492 334 1581 389 ubi
1612 336 1747 391 alius
1775 342 1819 397 Α
1849 330 2012 404 497
2048 334 2189 388 Deus
2224 347 2389 387 verax
2417 370 2434 396 ,
2479 326 2665 384 omnis
2707 337 2889 386 autem
2927 329 3095 399 homo
3138 334 3371 389 mendax
3405 353 3421 390 :

159 420 232 473 ad
270 419 569 489 imaginem
604 421 698 475 Dei
733 420 942 487 factus,
979 421 1117 478 alius
1147 423 1215 478 de
1248 423 1376 478 limo
1410 434 1568 480 terra:
1621 427 1742 494 pla-
1849 424 1994 479 sicut
2029 424 2298 493 scriptum
2341 429 2426 477 est
2458 438 2473 476 :
2514 420 2583 477 Ut
2610 421 2935 492 justifieeris
2972 423 3038 477 in
3075 425 3424 480 sermonibus

150 523 370 567 sinatus
389 510 622 567 refertur
637 510 706 583 ²²)
732 523 821 578 ,et
848 514 946 570 bos
976 515 1121 583 ipsos
1151 531 1296 571 nunc
1325 517 1489 571 alium
1538 518 1589 572 in
1626 534 1742 573 ma-
1848 517 1976 579 tuis.
2026 525 2080 569 el
2113 517 2299 570 Vincas
2325 532 2449 569 cum
2476 514 2745 583 indicaris
2778 515 2847 570 ’⁸ο
2884 534 2904 567 ³
2951 514 3006 569 ιη
3038 515 3139 570 hac
3178 515 3419 587 Ερίειο¹²¹

153 601 365 656 nifesto
387 642 403 667 ,
454 603 621 659 alium
651 605 709 668 in
737 604 952 661 occulto
978 604 1223 662 Judaeum
1252 620 1411 663 vocat
1438 608 1484 639 “
1517 624 1531 663 :
1566 609 1742 665 scien-
1790 650 1799 653 -
1845 607 2045 665 Paulus
2072 609 2222 663 velut
2253 610 2459 663 arbiter
2489 609 2708 679 quidam
2737 609 2880 663 inter
2901 608 3119 665 Judieos
3146 611 3417 675 residens,

150 692 287 746 dum
320 702 405 749 est
444 695 586 764 quod
620 697 816 751 horum
846 708 1074 767 uterque
1118 698 1170 753 in
1202 701 1529 769 quibusdam
1567 701 1739 757 disso-
1843 707 1901 753 et
1933 696 2173 761 Graecus,
2224 697 2277 751 id
2328 709 2414 753 est
2455 713 2552 752 eos
2582 700 2677 768 qui
2727 712 2792 752 ex
2842 699 3092 768 gentibus
3140 701 3415 766 credam.

147 785 261 850 nis,
321 786 378 840 in
424 788 701 845 nonnullis
732 804 863 846 vero
896 792 1280 849 communibus
1322 793 1494 849 utitur
1522 796 1738 850 institu—
1844 800 2102 859 utrosque
2134 790 2202 843 ad
2245 789 2403 843 ﬁdem
2440 790 2646 845 Christi
2691 791 2763 844 ita
2792 802 2988 846 evocat
3017 801 3074 848 et
3100 792 3320 862 invitat,
3342 805 3415 853 ,ttt

146 876 249 931 tis.
290 875 428 932 Nam
473 888 601 934 sunt
643 883 896 951 quaedam
945 894 1065 952 quae
1108 884 1178 938 ab
1224 886 1486 940 interiore
1516 886 1734 941 homine
1842 897 2014 951 neque
2035 881 2251 939 Judreos
2274 881 2511 938 offendat
2544 884 2758 952 penitus
2785 885 3119 939 destruendo
3155 885 3417 941 J‘udaicos

143 968 371 1023 initium
419 982 677 1039 sumunt,
731 982 785 1029 et
838 990 1014 1043 usque
1061 977 1128 1030 ad
1166 978 1494 1033 exteriorem
1544 994 1735 1047 perve.
1839 976 1975 1030 ritus
2002 1016 2018 1040 ,
2051 989 2226 1045 neque
2254 976 2506 1045 gentibus
2550 976 2760 1045 injiciat
2804 978 3241 1046 desperationem
3275 993 3413 1035 cou-

142 1061 311 1115 niunt
345 1079 361 1117 :
391 1062 495 1117 alia
518 1079 650 1120 vero
673 1066 743 1121 ab
773 1067 1049 1122 exteriore
1086 1068 1303 1124 homine
1330 1072 1578 1125 inchoata

1961 1067 2102 1119 ando
2123 1066 2525 1121 observantiam
2571 1066 2704 1135 legis
2730 1077 2785 1123 et
2811 1067 3041 1134 litteras;
3083 1078 3140 1123 et
3197 1069 3314 1127 sive
3339 1072 3416 1127 de

141 1156 384 1208 veniunt
434 1172 607 1227 usque
655 1159 724 1211 ad
778 1158 1115 1214 interiorem.
1167 1160 1321 1226 Quod
1373 1173 1554 1218 autem
1609 1166 1729 1220 diro
1837 1158 2344 1225 repromissionibus
2399 1170 2705 1226 memoret,
2753 1159 2870 1217 sive
2925 1161 2995 1216 de
3058 1161 3283 1232 poenis,
3337 1165 3407 1219 ad

141 1245 253 1299 tale
281 1256 392 1303 est.
434 1248 490 1303 Si
525 1251 753 1305 castitas
779 1252 848 1306 ab
883 1253 1144 1307 interiore
1183 1254 1401 1310 homine
1427 1268 1596 1311 sumat

1950 1265 2126 1319 unque
2158 1251 2409 1319 populum
2447 1251 2641 1306 dividit
2685 1252 2931 1308 verbum.
2958 1250 3050 1313 Ut,
3079 1252 3230 1307 verbi
3275 1269 3405 1325 gra-

136 1338 363 1392 ordiutu
386 1379 402 1403 ,
438 1342 687 1409 pervenit
716 1343 836 1398 sine
863 1344 1028 1400 dubio
1057 1347 1169 1420 (57)
1198 1364 1370 1419 usque
1399 1352 1463 1404 ad
1490 1352 1727 1405 exteri..-
1831 1340 1927 1404 tia,
1969 1355 2089 1393 cum
2135 1340 2309 1395 dicit:
2353 1359 2371 1393 ι
2430 1338 2524 1395 His
2567 1350 2747 1394 autem
2772 1378 2789 1404 ,
2826 1340 2918 1410 qui
2947 1356 3016 1396 ex
3048 1342 3406 1396 contentione

139 1443 282 1483 rem.
328 1428 518 1500 Neque
547 1434 691 1487 enim
728 1435 843 1490 fieri
881 1446 1091 1505 potest,
1128 1449 1185 1493 ut
1216 1439 1259 1493 si
1292 1452 1417 1496 ante
1446 1445 1568 1512 quis

1947 1444 1978 1498 ι,
2002 1442 2054 1488 et
2088 1433 2178 1502 qui
2229 1433 2477 1487 ditlidunt
2508 1433 2724 1502 quidem
2762 1434 3001 1500 veritati,
3044 1434 3273 1490 credunt
3304 1448 3402 1488 au-

133 1521 451 1577 mmchctur
499 1522 554 1580 in
606 1527 809 1595 corde,
844 1530 1108 1585 tumebari
1159 1535 1329 1601 possit
1368 1535 1420 1588 in
1468 1551 1588 1605 corr

1959 1524 2253 1595 iniquitati,
2286 1526 2387 1589 ira,
2418 1536 2470 1579 et
2497 1526 2802 1598 indignatio
2832 1544 2845 1581 :
2883 1526 3184 1595 tribulatio,
3220 1536 3275 1582 et
3298 1542 3398 1581 an-

134 1612 242 1665 Sed
273 1629 382 1668 non
413 1618 672 1674 continuo
699 1619 745 1674 si
780 1621 904 1690 quis
930 1621 999 1676 ab
1039 1625 1334 1680 exterioris
1366 1624 1589 1682 hominis

1943 1615 2002 1668 .ia
2055 1615 2106 1669 in
2144 1631 2358 1670 onmem
2394 1618 2630 1671 animam
2681 1618 2915 1673 hominis
2960 1618 3237 1687 operantis
3283 1633 3398 1673 ma—

134 1704 302 1773 ripiat
331 1709 621 1775 castitate,
656 1715 908 1781 pervenit
930 1718 1095 1771 etiam
1126 1718 1195 1772 ad
1232 1719 1551 1777 interiorem
1584 1746 1589 1770 ε

1964 1746 1980 1771 ,
2023 1706 2193 1763 Judaei
2227 1709 2487 1778 primunt,
2520 1721 2575 1765 et
2608 1710 2781 1766 δι’ωοί
2813 1711 2881 1766 ³⁸.
2922 1729 2941 1764 ι
2968 1711 3073 1767 lsta
3105 1712 3172 1766 de
3194 1712 3393 1780 poenis.

134 1794 462 1863 tinentiam;
502 1809 560 1854 ut
587 1802 631 1856 si
663 1818 770 1857 ηοη
800 1806 1110 1863 ῐῃωεὴδιυιυ
1148 1808 1200 1862 in
1231 1823 1462 1880 corpore
1483 1852 1498 1877 ,
1533 1828 1632 1869 nec
1662 1816 1715 1868 ίη
1820 1798 1896 1852 De
1924 1800 2441 1868 reprontissimiiluis
2488 1818 2615 1858 vero
2661 1804 2939 1874 snbjungit
2971 1820 2986 1858 :
3020 1822 3039 1858 ι
3082 1804 3267 1860 Gioria
3295 1820 3393 1859 au-

128 1886 295 1941 conle
342 1889 653 1946 ηιωριιειυι-
703 1893 839 1964 (58),
902 1895 1211 1952 secundum
1265 1901 1380 1955 ιιωο
1425 1917 1555 1972 ergo
1608 1905 1717 1959 εῖτ-
1819 1902 1949 1957 tem,
1979 1903 2032 1947 et
2065 1892 2262 1958 honor,
2289 1905 2341 1949 et
2368 1911 2468 1964 pax
2500 1897 2647 1952 omni
2681 1898 2928 1965 operanti
2958 1897 3390 1965 bonum,Juda:o

129 1980 403 2034 cumcisio
436 1983 715 2040 interioris
739 1996 794 2041 et
818 1990 1110 2047 exterioris
1138 1993 1377 2050 hominis
1407 1994 1582 2065 allego

1934 2000 2047 2037 unm
2079 1999 2133 2039 et
2163 1984 2357 2041 Graeco
2392 1986 2460 2042 ³³.
2496 2007 2516 2040 ι
2557 1988 2791 2042 Rursum
2821 1988 2890 2043 de
2925 1990 3176 2060 gentibus
3205 1991 3389 2050 dicere

126 2065 339 2138 legibus
388 2072 764 2146 intelligatur,
812 2095 935 2134 cum
966 2081 1079 2151 jam
1128 2099 1306 2154 neque
1351 2086 1580 2143 interior

1929 2083 2030 2128 :tur
2062 2092 2077 2130 :
2111 2094 2130 2127 ι
2175 2075 2496 2145 Quicunque
2517 2079 2662 2131 enim
2690 2079 2810 2134 sine
2842 2078 2960 2149 lege
2989 2091 3384 2150 peccaverunt,

125 2163 467 2232 concupiscit
498 2167 551 2221 in
583 2171 780 2237 corde,
817 2188 994 2242 neque
1040 2177 1279 2232 exterior
1323 2178 1426 2241 iste
1452 2183 1711 2252 eoncupi-
1810 2164 1927 2220 δίυε
1958 2166 2074 2237 ίθεθ
2124 2168 2376 2239 υθτίδυηῐ
2408 2168 2525 2238 ³²οι³
2556 2169 2622 2224 Et
2653 2171 2847 2226 “erum
2879 2171 2947 2228 de
2988 2173 3335 2231 οῖτθυιιιοίείε
3365 2193 3384 2231 ἓ

127 2254 353 2307 scentiae
390 2257 669 2314 ιιιῖηίειιιει
712 2262 766 2317 in
814 2278 1043 2333 corpore
1087 2284 1102 2321 ε
1151 2277 1210 2322 ιη
1237 2270 1595 2329 circumcisus
1626 2275 1708 2329 ιη,
1814 2274 1833 2309 σ
1874 2255 1937 2309 Et
1977 2267 2247 2328 quotquot
2271 2261 2324 2315 in
2355 2261 2474 2331 lege
2501 2273 2890 2331 peccaverunt,
2917 2280 3013 2335 per
3042 2264 3213 2335 legem
3237 2265 3386 2335 judi-

125 2354 283 2399 catur
331 2347 387 2402 in
423 2365 592 2407 carne
638 2353 760 2421 ille,
812 2372 975 2430 quem
1025 2359 1314 2430 Apostolus
1358 2364 1495 2419 dicit
1524 2367 1571 2397 “

1923 2358 2083 2404 untur
2118 2351 2184 2405 ³³.
2222 2370 2243 2404 ι
2273 2353 2508 2408 Rursum
2535 2368 2660 2408 vero
2684 2365 2873 2425 gentes
2892 2356 3186 2415 sublevans
3208 2357 3378 2415 dicit:

123 2451 227 2491 non
253 2453 376 2496 esse
410 2442 462 2496 in
488 2457 676 2511 carne,
722 2451 816 2503 sed
855 2450 910 2505 in
941 2453 1157 2519 spiritu,
1192 2464 1246 2509 et
1269 2457 1361 2526 qui
1398 2468 1553 2515 actus

1928 2457 2014 2495 um
2044 2444 2187 2497 enim
2230 2454 2439 2513 gentes,
2480 2461 2602 2514 qua:
2634 2446 2809 2517 legem
2834 2465 2939 2503 non
2969 2448 3189 2515 habent,
3222 2461 3382 2507 natu-

121 2530 206 2584 nis
229 2544 325 2599 per
354 2534 609 2603 spiritum
651 2543 948 2599 ,ηοηίηρεη
981 2548 1050 2603 ιδ,
1089 2549 1291 2606 verum
1322 2554 1578 2619 quoniam
1605 2556 1699 2624 qui
1803 2534 1994 2587 raliter
2021 2550 2144 2606 quin
2173 2534 2307 2602 legis
2332 2546 2458 2591 sunt
2485 2537 2711 2605 faciunt,
2744 2539 2797 2592 hi
2828 2538 2997 2608 legent
3027 2556 3133 2596 non
3170 2542 3380 2599 haben-

118 2620 480 2682 circumcisus
510 2640 629 2693 εει,
660 2632 897 2703 aliqua."
942 2654 1165 2695 cal-"em
1212 2643 1483 2711 ρεηηωηι
1525 2620 1698 2713 (κάει,
1803 2637 1921 2689 tes,
1969 2627 2066 2695 ipsi
2111 2628 2215 2683 sibi
2258 2638 2384 2684 sunt
2423 2630 2510 2684 lex
2536 2669 2552 2694 ,
2594 2630 2688 2699 qui
2719 2634 3014 2686 ostendunt
3042 2649 3177 2703 opus
3240 2634 3375 2706 legis

120 2711 350 2782 aliquam
384 2722 628 2777 servavit
656 2724 1024 2798 incolumem,
1063 2732 1114 2786 in
1144 2748 1211 2787 eo
1241 2737 1382 2803 quod
1425 2738 1575 2806 perdi

1916 2729 2065 2788 ptum
2101 2720 2151 2774 in
2183 2722 2442 2776 cordibus
2483 2723 2597 2778 suis
2627 2722 2696 2789 ³⁸,
2733 2742 2753 2775 ι
2784 2736 2893 2781 etc.
2936 2725 3001 2779 Et
3032 2727 3229 2781 iterum
3257 2743 3371 2784 ser-

119 2806 260 2861 dedit
298 2809 452 2882 (59),
503 2813 649 2869 mam
693 2831 917 2876 carnem
961 2822 1260 2892 signiﬁcari
1306 2836 1436 2895 ρηιο
1481 2829 1550 2883 de
1588 2844 1693 2899 qua
1798 2826 2013 2866 nionem
2051 2813 2408 2870 convertitad
2441 2813 2656 2872 Judzeos
2688 2816 2916 2874 dicens:
2959 2836 2978 2871 ι
3014 2821 3068 2874 Si
3094 2830 3276 2876 autem
3312 2831 3369 2878 tu

119 2899 373 2969 scriptum
398 2914 486 2959 est
509 2906 555 2938 '°
584 2925 598 2962 :
634 2926 653 2961 ‹
692 2908 882 2968 Omnis
909 2928 1039 2969 caro
1067 2915 1272 2985 fenum,
1301 2930 1360 2973 et
1376 2921 1555 2975 omnis

1906 2919 2015 2960 iens
2052 2907 2462 2975 coguominaris
2487 2948 2505 2973 ,
2551 2918 2605 2965 et
2637 2911 2933 2980 requiescis
2962 2912 3015 2967 in
3060 2912 3174 2984 lege
3209 2914 3279 2980 ³⁸,
3342 2933 3361 2965 ι

120 2991 193 3043 ria
228 2993 342 3059 eius
377 2999 539 3066 quasi
562 2998 661 3057 nos
689 3001 857 3059 ιρι,ίά
883 3006 1026 3063 caro
1051 3021 1231 3064 amem
1266 3026 1387 3081 qua,
1419 3028 1686 3079 san-amr,
1716 3051 1758 3081 ρ
1798 3005 1853 3051 et
1886 2996 2091 3066 reliqua
2121 3014 2292 3067 usque
2324 3001 2391 3055 ad
2414 3000 2536 3054 enni
2560 3001 2737 3057 locum
2772 3004 2861 3059 ubi
2893 3004 3060 3060 dicit:
3100 3023 3120 3058 ε
3159 3004 3366 3062 Nomen

116 3091 168 3135 et
195 3084 486 3144 incolumis
517 3105 830 3163 permanet,
878 3108 1008 3165 puto
1050 3103 1193 3170 quod
1235 3103 1468 3159 formam
1502 3116 1571 3162 tet

1905 3106 1937 3143 n
1977 3088 2071 3146 Dei
2125 3104 2222 3160 per
2248 3106 2349 3147 vos
2375 3091 2786 3163 blasphematur
2831 3096 2975 3151 inter
3002 3106 3192 3168 gentes
3222 3099 3287 3151 ³⁸.
3339 3117 3359 3151 ι

115 3173 255 3230 illius
305 3181 490 3237 carnis
517 3183 582 3239 de
613 3198 717 3253 qua
763 3189 962 3245 dicitur
991 3192 1069 3258 av,
1116 3194 1241 3262 quia
1287 3213 1306 3247 ε
1343 3198 1523 3253 omnis
1557 3215 1687 3255 eam
1764 3178 1857 3243 .Et
1892 3196 1960 3238 ne
1986 3183 2265 3239 videretur
2304 3185 2503 3239 nimius
2531 3200 2651 3241 esse
2691 3186 2743 3241 in
2782 3188 3245 3259 increpationibus
3267 3190 3363 3246 Ju-

114 3264 313 3358 videbit
336 3270 581 3329 salutare
610 3275 701 3331 Dei
720 3277 894 3350 (60).»
918 3280 1022 3337 Sed
1051 3297 1186 3352 opus
1211 3294 1294 3339 est
1318 3287 1539 3343 auribus
1564 3310 1569 3341 ς

1901 3286 2051 3338 ιτυιη,
2080 3272 2212 3327 dicit
2244 3290 2260 3329 :
2292 3290 2312 3325 ‹
2346 3271 2705 3334 Circumcisio
2734 3277 2952 3348 quidem
2996 3280 3260 3350 prodest,
3313 3283 3356 3335 si

114 3357 296 3414 audire
326 3364 538 3431 possint
564 3382 685 3437 quae
712 3372 783 3424 sit
814 3387 947 3427 caro
976 3388 1096 3443 qua:
1126 3387 1350 3445 pereat,
1385 3389 1440 3433 et
1463 3394 1569 3450 qua

1902 3378 1960 3417 :m
2011 3365 2292 3422 custodias
2315 3366 2383 3420 ".
2435 3384 2456 3420 ι
2505 3367 2613 3424 Sed
2647 3369 2841 3425 iterum
2886 3386 2954 3426 ne
2986 3371 3225 3443 erigeret
3261 3387 3357 3429 eos

114 3460 236 3503 caro
262 3465 379 3521 quae
407 3457 615 3513 ﬁdem;
647 3460 883 3517 salutare
910 3463 1002 3518 Dei
1036 3482 1049 3518 ε
1087 3480 1209 3534 quae
1239 3476 1361 3536 post
1383 3469 1679 3538 depositio.
1782 3455 1875 3524 qui
1908 3456 2133 3511 nimiam
2161 3457 2214 3529 i_n
2246 3459 2666 3517 circumcisione
2695 3463 2924 3534 gloriam
2953 3477 3182 3536 ponunt,
3202 3468 3358 3523 addi.

113 3551 231 3592 netu
266 3546 453 3601 carnis
481 3551 731 3618 ριοωρυιίῑ
762 3552 909 3607 salva
955 3569 1293 3624 νοηηειηθδι,
1339 3574 1463 3614 cum
1496 3560 1582 3614 illa
1621 3568 1681 3615 ιη
1780 3545 1860 3600 dit
1893 3562 1907 3600 :
1949 3565 1968 3600 ι
2009 3545 2067 3601 Si
2101 3556 2284 3603 autem
2328 3550 2717 3614 praevaricator
2763 3551 2842 3607 sis
2877 3551 3033 3624 legis,
3063 3553 3353 3627 circumci-

110 3627 330 3689 ﬂosfeni
357 3637 649 3695 deciderit.
714 3642 869 3710 Quod
898 3649 989 3715 qui
1020 3648 1388 3715 intellexerit,
1434 3651 1562 3707 inve

1898 3646 1975 3693 tua
1999 3640 2321 3707 praeputium
2349 3637 2494 3696 facta
2529 3652 2614 3697 est
2646 3640 2715 3697 ³⁸.
2748 3658 2769 3696 ι
2814 3641 2882 3698 Ut
2929 3653 3114 3699 autem
3156 3644 3353 3714 paulu-

109 3720 402 3792 lugentium
448 3734 839 3804 mysteriorum
882 3738 1086 3795 formas
1138 3741 1191 3795 in
1237 3742 1564 3799 circumcisi:

1924 3738 1980 3785 et
2005 3744 2194 3785 eorum
2225 3732 2319 3801 qui
2346 3746 2416 3787 ex
2446 3733 2695 3803 gentibus
2724 3736 2953 3792 credunt
2976 3738 3191 3796 animos
3216 3739 3349 3797 alit»

108 3818 310 3876 ratione
337 3826 680 3895 praemissas,
714 3841 770 3884 et
810 3831 1050 3887 inveniet
1091 3850 1214 3889 eum
1243 3836 1335 3905 qui
1371 3837 1425 3891 in
1452 3852 1563 3894 0ch

1894 3830 1951 3889 at,
1999 3822 2277 3894 subiungit
2306 3841 2321 3879 :
2353 3843 2374 3879 ι
2430 3824 2489 3882 Si
2539 3833 2721 3883 autem
2752 3831 3075 3900 praeputium
3102 3831 3349 3903 justitias

104 3904 309 3968 iudiciis
337 3923 445 3982 est,
471 3927 526 3973 et
547 3920 638 3988 qui
670 3921 723 3976 in
750 3922 1009 3981 interiore
1066 3926 1288 3983 homine
1315 3928 1559 3984 circumci

1891 3928 1909 3969 Β
1942 3916 2237 3982 custodiat,
2266 3931 2447 3973 nonne
2479 3921 2802 3990 praeputium
2834 3922 2979 3980 illius
3020 3923 3077 3979 in
3111 3926 3346 3980 circum-

104 4010 202 4071 est,
229 4014 439 4065 tantum
470 4022 749 4082 praestare,
780 4025 833 4072 et
864 4019 1277 4075 eminentiorem
1309 4035 1430 4076 esse
1455 4020 1548 4076 illo

1887 4021 2034 4063 mem
2075 4010 2476 4079 reputabitur”
2503 4010 2528 4067 Ἰ
2560 4031 2582 4066 ι
2608 4013 2785 4084 Atque
2812 4023 2874 4070 ut
2903 4015 3138 4073 validius
3162 4018 3342 4089 erige-

106 4098 388 4157 secundutn
429 4118 650 4161 carnem
672 4106 890 4166 Iudaeus
921 4120 1029 4177 est,
1082 4124 1341 4183 quantum
1370 4123 1561 4184 praesta

1893 4100 2103 4157 animos
2140 4103 2408 4174 gentium,
2436 4114 2494 4161 et
2519 4107 2724 4162 scirent
2766 4122 2927 4178 posse
2957 4123 3039 4175 se,
3082 4110 3129 4165 si
3166 4110 3348 4183 legent

108 4191 299 4248 eminet
328 4193 495 4255 Judas
525 4200 616 4257 ille
637 4245 652 4269 ,
699 4218 858 4273 quem
888 4204 1199 4259 collaudant
1226 4206 1424 4261 fratres
1450 4207 1563 4275 sui,

1883 4194 2061 4251 'ectius
2086 4196 2464 4267 observarent,
2484 4201 2652 4257 etiam
2671 4203 2923 4261 meliores
2943 4204 3085 4262 eﬂici
3109 4205 3338 4275 ludatis,

105 4281 190 4349 qui
228 4284 478 4345 dormivit
522 4302 581 4347 ut
608 4292 729 4361 leo,
756 4304 892 4350 etut
919 4296 1130 4352 catulus
1154 4296 1326 4353 leonis
1366 4297 1560 4353 suscita

1885 4294 1902 4341 t
1981 4285 2029 4319 ⁸ο
2059 4303 2074 4342 :
2114 4304 2135 4340 ‹
2166 4288 2235 4345 Ει
2255 4288 2517 4358 iudicabit
2540 4292 2593 4349 id
2611 4295 2753 4365 quod
2777 4311 2844 4352 ex
2866 4305 3059 4354 natura
3092 4309 3176 4356 est
3199 4316 3340 4372 prae-

101 4385 178 4430 est
199 4378 276 4445 ²¹¹,
307 4381 380 4439 illi
408 4383 564 4443 Judae
592 4388 685 4457 qui
731 4403 797 4445 ex
839 4390 1137 4446 femoribus
1163 4387 1332 4445 Jacob
1357 4388 1556 4447 secund

1883 4394 1998 4448 um,
2030 4378 2204 4449 legem
2238 4382 2530 4453 perficiens
2554 4425 2572 4454 ,
2618 4394 2670 4442 te
2691 4426 2709 4455 ,
2742 4389 2836 4460 qui
2870 4404 2967 4459 per
2996 4390 3232 4448 litteram
3281 4404 3338 4451 et

101 4480 306 4529 carnem
338 4487 494 4536 natus
526 4489 632 4536 est.
1761 4473 2237 4531 circumcisionem
2287 4479 2679 4547 praevaricator
2731 4495 2792 4537 es
2841 4482 2999 4555 legis.
3054 4503 3072 4538 ι
3128 4483 3334 4543 Verum

165 4562 259 4618 UL
272 4584 291 4619 ι
311 4569 447 4636 Quid
464 4587 596 4642 ergo
612 4574 846 4643 amplius
867 4587 950 4631 est
969 4573 1620 4647 Judaeo?autqu:eutilita

1879 4566 2016 4621 niam
2044 4566 2254 4624 sciebat
2298 4570 2497 4627 inultas
2527 4572 2579 4627 in
2612 4573 2757 4643 Lege
2783 4584 2840 4629 et
2872 4575 3157 4646 Prophetis
3207 4593 3334 4635 esse

99 4652 546 4722 circumcisionis?
563 4666 788 4723 Multum
806 4684 903 4741 per
919 4686 1133 4725 omnem
1155 4672 1392 4725 modum.
1406 4667 1554 4724 Prim

1876 4656 2214 4713 emissiones
2242 4674 2365 4729 qua:
2406 4662 2474 4717 ad
2514 4660 2730 4720 Judaeos
2778 4665 2897 4720 fieri
2947 4668 3233 4736 videntur,
3264 4684 3331 4727 ne

98 4748 1308 4834 quidem,quiacreditasuntilliseloquiaDei.
1339 4764 1481 4831 Quid
1501 4764 1647 4820 enim
1756 4758 1981 4816 possent
2009 4746 2121 4821 (61)
2175 4753 2466 4821 desperare
2518 4764 2708 4822 sentes
2737 4764 2997 4828 tanquam
3026 4774 3148 4830 quae
3192 4761 3333 4821 nihil

100 4839 138 4888 si
159 4843 360 4908 quidam
391 4851 603 4908 morum
638 4870 746 4910 ηοη
775 4857 1167 4912 crediderum?
1188 4856 1442 4926 Nunquid
1466 4859 1644 4911 more.
1754 4843 2037 4899 societatis
2068 4845 2124 4899 in
2158 4846 2489 4916 conscriptis
2511 4849 3027 4917 repromissionibus
3062 4853 3325 4921 habeant,

94 4924 278 4990 dulitas
296 4952 482 4998 eorum
504 4943 664 5001 fidem
688 4947 782 5002 Dei
796 4948 1299 5004 evacuabit?Absitl
1325 4924 1445 5003 li‘iat
1460 4957 1549 5001 aut

1867 4945 1913 4989 et
1946 4951 2040 4993 eos
2066 4937 2211 5007 quod
2248 4936 2363 5010 (62)
2407 4940 2705 4995 secundum
2738 4943 3027 5013 mysticam
3058 4948 3322 5003 rationein

160 5045 348 5133 ῗθθησ
376 5073 451 5119 ηε
477 5061 545 5133 6;
580 5079 642 5131 ιι,
669 5064 723 5118 7.
798 5066 845 5098 ³³
868 5065 1025 5122 Rom.
1062 5082 1124 5131 ti,
1149 5067 1239 5133 28,
1267 5066 1359 5122 29.
1447 5066 1496 5099 ’δ
1524 5065 1615 5119 Boi

1864 5058 1933 5133 9.ιῄ
1960 5056 2029 5133 *³-⁵
2058 5056 2191 5133 ibid.
2348 5126 2361 5133 _
2386 5057 2727 5133 _‘°_l‘sai.hxi.,
2756 5059 2812 5116 6.
2896 5061 2950 5133 7'77
2980 5060 3112 5121 Luc.
3154 5081 3236 5133 iii,
3266 5067 3319 5127 6.

98 5111 451 5212 iiii-1‘5“;
479 5111 1032 5212 ἐρ’.εὲῖ.’.’ίὶ[ιοηῖξὶἰίιζ
1062 5111 1239 5194 ἱ’³4ἷ”’
1270 5111 1553 5212 “bow

1863 5111 1872 5162 ῖ
1892 5129 2031 5212 inid.
2058 5126 2165 5212 3.0,.
2190 5125 2267 5212 ,τε
2291 5126 2422 5212 ibid.
2450 5111 2815 5188 t’z‘.""'?ii'ii£il
2887 5132 2936 5166 ιδ
2958 5111 3211 5203 ὧῑὶιῖἰὶ
3222 5111 3318 5193 ’1Ξῖ

159 5190 383 5252 ibid.l7.
435 5190 531 5234 ἰε
558 5204 691 5261 ibid.
726 5190 1239 5267 sii’sii'iiu'a‘s.
1337 5190 1588 5262 δείδω]
1647 5190 1692 5236 έν
1720 5200 1851 5260 ibid.
1891 5198 1983 5253 se.
2061 5197 2107 5228 ιο
2129 5196 2261 5254 ibid.
2298 5196 2391 5254 27.

158 5296 261 5392 SE55)
297 5305 469 5392 (lenuit
493 5334 528 5392 ._
549 5317 838 5392 ξηειξιιηίε,
869 5342 889 5377 ,
1813 5314 1930 5392 (ὄρ)
1956 5313 2110 5392 _Editi
2130 5354 2147 5380 ,
2179 5314 2267 5371 hic
2304 5323 2359 5371 et
2397 5316 2557 5389 paulo
2589 5318 2735 5377 infra
2765 5320 2980 5392 legunt,
3008 5340 3030 5378 ο
3060 5321 3316 5381 Salvato-

157 5369 255 5449 (ξῖ)
290 5376 412 5449 sine
435 5369 896 5448 dubio—:vDeesl‘in
930 5394 1108 5449 editis.
1737 5369 1852 5441 rem
1878 5369 1992 5439 Dei.
2020 5403 2040 5438 ι

156 5440 285 5538 ⁸
295 5446 363 5538 μί
390 5455 565 5538 s_i_non
588 5440 1206 5538 ᾑιῷξῆἇξηίὶἦῖέοῖροτε
1223 5508 1238 5534 ,
1273 5485 1364 5523 nec
1391 5469 1449 5523 in
1476 5470 1611 5525 COTdt

1856 5455 1926 5525 il)
1959 5455 2100 5538 Editi
2122 5497 2139 5524 ,
2177 5470 2197 5508 ι
2234 5459 2684 5530 repromissiones
2719 5461 2787 5521 ad
2818 5459 3056 5533 Iudaeos,
3088 5480 3158 5522 ne
3185 5481 3311 5538 pus-

96 5516 373 5596 πίίξξξξςιξξιζτ
404 5522 536 5596 llmc
568 5516 1238 5593 desiderantur‘iulibris
1260 5549 1416 5594 antea
1448 5516 1551 5596 edit

627 5516 1238 5593 asiderantur‘iulibris
1260 5549 1416 5594 antea
1448 5516 1625 5596 editis.
1737 5538 1880 5588 sent,
1923 5544 1943 5578 ι
1977 5536 2082 5580 etc.

98 5643 141 5695 ³³
158 5577 257 5651 (59)
285 5577 1028 5680 iung;ieiunamus?
1055 5577 1230 5675 iis}:
1256 5577 1553 5683 ΞΓἷῇἕὲἥῖ

150 5685 181 5715 -,
227 5672 241 5703 ι
273 5662 529 5725 perditum
561 5670 725 5726 dedit.
764 5692 782 5726 ι

1065 5577 1230 5675 έὶἕὲἶξ
1256 5577 1625 5683 Ξὶῗΐρἕέἓὶἶῗέ
1739 5577 2118 5669 "(libet-Li
2156 5602 2268 5672 qui.
2305 5622 2324 5657 ι
2362 5606 2520 5663 male.

150 5685 181 5715 ι»
227 5673 241 5703 ι
273 5673 529 5725 perditum
561 5673 725 5726 dedit.
764 5692 782 5729 ι
