3684 6148
374 209 386 238 ·’
429 206 534 266 915

1897 232 2218 292 ORIGENIS
3508 257 3570 312 illi

430 329 594 379 etiam
624 326 726 398 Ipsi
751 328 920 386 Judaei
964 332 1094 402 sint,
1129 343 1185 392 ct
1225 336 1461 396 habeant
1507 342 2002 410 circumcisionem.
2033 358 2081 415 A
2108 365 2278 419 ctum,
2309 363 2364 411 et
2396 356 2717 425 prudentem
2747 359 3048 416 auditarem
3080 361 3217 435 (65).
3255 381 3274 415 ι
3304 363 3387 417 llis
3409 381 3506 436 ergo
3525 382 3574 420 ti-

433 416 724 487 Propterea
760 422 894 478 dicit
929 442 943 480 :
977 445 998 477 ι
1033 425 1148 483 Non
1177 431 1323 486 enim
1354 435 1448 505 qui
1485 436 1540 492 in
1590 439 1884 498 manifesto
1913 443 2005 499 Ju-

2108 446 2276 504 libus
2302 448 2724 505 existimandum
2764 449 2934 524 ωε
2962 464 3046 508 est
3075 454 3268 523 primis
3311 454 3576 532 eloquiadiii)

2764 507 2933 524 τ...
2974 507 3014 508 η
3075 507 3097 523 τ
3146 507 3157 508 η
3228 507 3262 509 α
3322 507 3575 532 ττι---ι--ι

406 507 582 564 -d:eus
608 522 717 578 est,
749 528 926 585 neque
953 532 1073 588 qua:
1100 519 1154 575 in
1188 525 1478 583 manifesto
1503 529 1558 584 in
1593 545 1759 589 carne
1791 545 1876 591 est
1895 537 2006 591 cir-
2105 539 2311 594 credita
2359 553 2481 596 esse
2511 541 2718 606 divina,
2764 553 2820 597 et
2861 544 2916 598 in
2971 545 3054 600 his
3079 544 3350 600 latendum
3374 557 3445 602 est
3469 550 3579 607 luisse

431 601 733 668 cumcisio;
783 607 876 661 sed
919 610 1010 678 qui
1037 608 1093 664 in
1145 615 1360 673 occulto
1403 616 1624 678 Iudaeus
1666 633 1772 690 est,
1807 634 1862 681 et
1892 625 2004 682 cir-
2105 629 2340 701 amplius
2372 631 2601 688 multum
2633 648 2730 704 per
2757 649 2974 691 omnem
3006 640 3262 703 modum;
3290 639 3376 693 sed
3399 648 3445 694 et
3471 642 3580 710 siqui

430 694 696 750 cumcisio
733 700 916 755 cordis
945 701 1001 756 in
1032 703 1247 775 spiritu,
1279 722 1385 762 non
1421 709 1640 781 littera;
1689 714 1849 785 cujus
1882 717 2003 774 laus
2103 694 2313 776 alii-his
2341 722 2548 778 similes
2593 723 2834 791 fuerunt,
2881 726 3026 781 sicut
3074 728 3128 782 in
3161 726 3448 798 Regnorum
3479 731 3581 787 libris

430 799 540 840 non
571 803 641 842 ex
664 788 994 859 hominibus,
1027 797 1119 852 sed
1149 811 1218 852 ex
1247 799 1357 855 Deo
1377 811 1460 857 est
1488 802 1555 860 δι.
1592 825 1612 859 ι
1643 805 1840 863 Verum
1862 824 1998 876 quo-

433 875 578 931 niam
614 879 668 933 in
690 880 777 938 his
796 884 1051 942 omnibus
1083 892 1419 959 superiorem
1445 897 1846 966 quodammodo
1868 875 2000 958 cau-

427 983 547 1022 sam
577 974 820 1041 gentium
850 975 1078 1048 fecerat,
1108 997 1324 1039 rursum
1357 986 1508 1044 velut
1543 993 1781 1060 querelis
1805 1009 1996 1050 eorum

424 1060 517 1128 qui
551 1077 618 1116 cx
655 1066 1068 1131 circumcisione
1092 1086 1220 1131 sunt
1248 1093 1562 1148 occurrens,
1601 1091 1854 1158 proponit
1881 1093 1989 1147 sibi

427 1149 527 1220 ipsi
552 1168 673 1222 quze
712 1154 767 1210 in
799 1163 1051 1228 praesenti
1083 1167 1319 1237 capitulo
1352 1149 1726 1244 continentur,
1758 1180 1943 1238 dicens
1976 1201 1990 1239 :

428 1260 449 1293 ι
501 1243 644 1311 Quid
691 1263 822 1318 ergo
863 1253 1092 1322 amplius
1124 1268 1207 1314 est
1247 1259 1472 1320 Iudaeo!
1501 1279 1596 1322 aut
1625 1286 1744 1340 qua:
1786 1275 1994 1333 utilitas

421 1336 908 1400 circumcisionis?
956 1345 1181 1405 Multum
1217 1368 1314 1423 per
1350 1371 1566 1416 omnem
1601 1365 1818 1420 modum
1855 1369 1922 1424 δ’.
1967 1390 1986 1423 ι

370 1443 376 1448 ·
421 1428 481 1482 Si
518 1443 668 1500 ergo,
696 1433 897 1529 inquit,
927 1437 974 1494 is
1010 1458 1030 1492 ι
1063 1443 1154 1510 qui
1199 1444 1253 1499 in
1292 1449 1585 1510 manifesto
1618 1453 1838 1515 Judteus
1883 1472 1990 1529 est,

419 1529 478 1574 et
500 1536 622 1591 qua;
646 1522 700 1578 in
729 1527 1016 1586 manifesto
1040 1531 1092 1588 in
1121 1549 1287 1592 carne
1327 1549 1412 1596 est
1441 1544 1791 1606 circumcisio
1826 1570 1846 1605 ι
1880 1570 1987 1610 non

420 1625 724 1685 reputatur,
759 1637 780 1672 ι
817 1623 912 1678 sed
942 1628 1036 1697 qui
1083 1628 1136 1683 in
1171 1635 1390 1691 occulto
1413 1636 1633 1696 Judzens
1663 1656 1767 1711 est,
1797 1657 1851 1703 et
1875 1650 1988 1705 cir-

2100 811 2364 880 scriptum
2398 811 2691 882 Apostolus
2738 825 3048 872 memorat:
3085 835 3104 869 ι
3145 816 3356 887 Reliqui
3409 820 3582 877 mihise-

2099 913 2245 974 ptem
2283 903 2453 959 millia
2488 905 2730 960 virorum
2757 946 2773 972 ,
2808 907 2902 976 qui
2951 923 3057 964 non
3087 922 3438 966 curvaverant
3466 928 3582 978 genua

2097 1009 2196 1050 Sua
2221 1005 2348 1051 ante
2379 995 2510 1051 Baal
2542 997 2610 1053 ⁸⁸.
2648 1016 2668 1050 ι
2701 998 2806 1054 Sed
2844 1010 2900 1056 et
2925 1001 3025 1071 ipsi
3063 1004 3294 1072 apostoli
3319 1004 3522 1073 Christi,
3550 1019 3584 1061 et

2099 1086 2216 1156 ipse
2245 1102 2341 1143 vas
2382 1087 2666 1144 electionis
2700 1089 2746 1123 ‘°
2772 1088 2975 1146 Paulus
3028 1106 3096 1148 ex
3126 1091 3332 1149 Judazis
3373 1105 3422 1150 et
3445 1111 3495 1150 ex
3518 1098 3584 1151 cir-

2095 1180 2430 1235 cumcisione
2454 1181 2696 1247 veniens,
2713 1182 2939 1252 amplius
2971 1184 3204 1239 habebat
3229 1187 3314 1240 his
3340 1202 3460 1256 quos
3479 1191 3586 1244 doce-

2097 1273 2190 1326 bat
2225 1286 2291 1327 ex
2322 1272 2573 1344 gentibus
2601 1287 2700 1342 per
2721 1288 2934 1328 omnem
2979 1277 3224 1330 modum.
3250 1277 3450 1333 Credita
3486 1297 3586 1334 nam-

2093 1381 2200 1436 que
2231 1375 2359 1421 sunt
2405 1365 2488 1421 eis
2529 1365 2749 1435 eloquia
2782 1366 2898 1422 Dei.
2945 1366 3053 1423 Sed
3084 1380 3140 1423 et
3182 1369 3288 1425 hoc
3315 1371 3470 1441 ipsum
3491 1375 3586 1442 quod

2091 1459 2241 1520 dicit,
2280 1476 2301 1510 ι
2323 1457 2458 1525 Quia
2491 1459 2698 1513 credita
2731 1468 2857 1514 sunt
2886 1459 2991 1515 illis
3018 1462 3238 1530 eloquia
3272 1463 3364 1519 Dei
3382 1465 3586 1529 ",icon-

2091 1551 2440 1607 siderandum
2473 1562 2557 1610 est
2583 1555 2713 1625 quia
2761 1569 2867 1610 non
2891 1557 3092 1612 dixerit
3123 1558 3338 1615 litteras
3367 1575 3472 1614 esse
3505 1578 3585 1615 cre-

2091 1642 2253 1706 ditas,
2281 1644 2400 1710 sed,
2448 1662 2470 1698 ι
2520 1645 2736 1714 eloquia
2767 1645 2886 1702 Dei.
2921 1666 2942 1700 ι
2993 1647 3146 1705 Unde
3179 1652 3270 1705 via
3309 1654 3452 1707 nobis
3479 1655 3587 1706 datur

419 1712 682 1770 cumcisio
709 1719 894 1776 cordis
931 1739 950 1774 ι
987 1737 1112 1794 qua:
1137 1726 1195 1782 ﬁt
1235 1747 1256 1780 ι
1293 1730 1346 1784 in
1370 1733 1564 1798 spiritu
1589 1735 1658 1803 ⁸³,
1693 1759 1711 1792 ι
1757 1741 1871 1810 ipsa
1906 1753 1990 1799 est
2023 1713 2046 1768 Ῑ

2093 1733 2420 1804 intelligendi
2450 1737 2592 1808 quod
2621 1712 2707 1793 his
2737 1738 2832 1807 qui
2877 1738 3061 1809 legunt
3085 1752 3142 1797 et
3175 1757 3286 1798 non
3331 1743 3584 1814 intelligunt,

416 1819 544 1860 vera
578 1808 944 1878 circumcisio,
1001 1816 1149 1873 dices
1175 1821 1306 1875 mihi
1336 1840 1352 1878 :
1380 1823 1520 1891 Quid
1547 1808 1789 1900 amplius
1817 1844 1901 1889 est
1932 1836 1984 1890 in

416 1895 505 1952 his
554 1896 756 1958 Iudaeis
801 1906 894 1973 qui
948 1906 1050 1964 hac
1101 1912 1460 1981 appellatione
1505 1895 1850 1980 censentur?
1903 1928 1987 1984 vel

414 2003 538 2058 quae
577 1993 630 2047 in
662 1999 931 2066 corporali
977 2002 1401 2064 circumcisione
1453 2011 1684 2070 habetur
1732 2019 1988 2076 utilitas?

413 2079 498 2134 Ad
547 2082 664 2138 haec
712 2100 783 2142 ne
819 2089 1075 2145 videatur
1105 2093 1247 2150 inter
1275 2105 1572 2172 utrumque
1595 2106 1850 2175 populum
1885 2112 1988 2166 mi-

415 2183 518 2223 nus
555 2169 735 2238 justus
764 2177 970 2235 arbiter
1012 2183 1318 2253 reSedisse,
1362 2169 1686 2260 pronuntiat
1711 2198 1826 2269 (63)
1853 2202 1982 2271 quid

413 2263 651 2332 amplius
702 2267 904 2324 habeat
936 2270 1174 2343 Iudaeus,
1209 2286 1266 2332 et
1315 2293 1380 2335 ea
1423 2296 1543 2353 qua:
1592 2285 1649 2342 in
1703 2263 1984 2350 carne-est

411 2354 802 2428 circumcisio,
835 2373 891 2418 et
936 2366 1069 2422 dicit
1111 2385 1207 2426 eos
1243 2371 1446 2432 habere
1487 2377 1721 2447 amplius
1753 2384 1980 2442 multum

372 2462 377 2468 ε
410 2462 514 2517 per
534 2463 752 2508 omnem
785 2456 1021 2514 modum.
1055 2459 1200 2528 Quid
1231 2475 1412 2522 autem
1447 2469 1618 2528 multo
1646 2473 1717 2529 sit
1752 2477 1982 2548 amplius

411 2540 711 2613 subjungit.
744 2563 764 2596 ι
793 2545 999 2612 Primo,
1030 2551 1226 2624 inquit,
1254 2558 1381 2627 quia
1433 2562 1643 2619 credita
1695 2540 1982 2626 sunt-illis

376 2633 622 2703 eloquia
668 2635 762 2693 Dei
790 2638 857 2693 “.
901 2658 922 2693 ι
965 2641 1226 2710 Quamvis
1263 2650 1410 2705 enim
1456 2661 1513 2707 et
1547 2657 1799 2725 gentibus
1837 2676 1981 2718 nunc

406 2725 707 2782 credantur
751 2730 1144 2806 eloquia'Dei,
1180 2740 1276 2795 sed
1321 2741 1445 2810 illis,
1489 2746 1588 2814 ait,
1634 2750 1811 2818 primo
1853 2765 1982 2810 sunt

405 2817 636 2873 credita.
673 2819 914 2893 chuiro
947 2834 1131 2884 tamen
1167 2835 1296 2901 quid
1333 2847 1416 2891 est
1445 2840 1589 2908 quod
1635 2817 1836 2898 dicitur
1861 2845 1977 2916 pri-

407 2911 513 2966 mis
538 2913 618 2968 eis
636 2918 844 2974 credita
869 2936 992 2978 esse
1029 2924 1245 2996 eloquia
1288 2929 1382 2986 Dei
1415 2951 1428 2988 :
1456 2941 1712 2993 utrumne
1738 2938 1804 2994 de
1827 2911 1980 2995 litte-

2090 1836 2144 1881 et
2174 1829 2264 1898 qui
2314 1828 2502 1897 legunt
2537 1841 2593 1884 et
2621 1845 2728 1884 non
2765 1836 3022 1900 credunt,
3064 1834 3253 1889 littera
3281 1835 3391 1891 sola
3428 1839 3586 1892 silere-

2087 1918 2224 1982 dita,
2259 1919 2345 1972 illa
2377 1920 2445 1975 de
2467 1936 2573 1990 qua
2607 1923 2738 1977 dicit
2766 1924 3077 1994 Apostolus,
3127 1925 3259 1995 quia
3292 1942 3312 1978 ι
3346 1926 3499 1981 littera
3527 1941 3585 1980 occ

2087 2011 2216 2066 cidit
2239 2011 2282 2042 ⁵¹
2313 2027 2327 2064 :
2372 2029 2392 2064 ι
2429 2010 2642 2080 eloquia
2676 2024 2854 2068 autem
2891 2015 2984 2069 Dei
3019 2016 3128 2072 illis
3163 2016 3501 2080 sintcredita,
3527 2019 3584 2085 qui

2087 2103 2471 2172 intelligentes,
2507 2113 2563 2159 et
2589 2105 2874 2160 credentes
2896 2106 2980 2161 his
3017 2122 3141 2175 quae
3177 2106 3386 2178 Moyses
3411 2107 3586 2176 scripsit,

2085 2194 2320 2249 credunt.
2366 2203 2423 2249 et
2466 2192 2728 2263 Christo,
2779 2197 2924 2252 sicut
2971 2207 3027 2253 et
3076 2199 3346 2255 Dominus
3383 2200 3494 2255 dicit
3524 2200 3583 2252 ":

2089 2303 2110 2337 ι
2161 2284 2315 2352 Quod
2360 2286 2407 2342 si
2457 2287 2828 2343 crcdidissetis
2862 2299 2919 2345 et
2962 2290 3064 2362 ipsi
3105 2291 3321 2362 Moysi,
3352 2291 3586 2346 crederetis

2084 2377 2276 2448 utique
2320 2388 2376 2434 et
2430 2381 2603 2436 mihi:
2633 2383 2698 2438 de
2742 2399 2829 2458 me
2872 2382 3016 2437 enim
3067 2383 3158 2438 ille
3201 2383 3441 2452 scripsit.
3475 2382 3584 2436 »εει

2081 2480 2198 2524 esto
2229 2469 2366 2544 (67),
2394 2471 2594 2528 habeat
2617 2474 3094 2545 ampliusJudaeus
3120 2476 3176 2530 in
3210 2475 3423 2541 litteris,
3445 2476 3584 2530 habeat

2082 2560 2286 2629 aliquid
2314 2573 2370 2617 et
2397 2563 2451 2618 in
2478 2563 2710 2634 eloquiis
2746 2566 2840 2621 Dei
2875 2568 3165 2637 :nunquid
3202 2569 3416 2639 penitus
3459 2568 3581 2623 relicti

2080 2663 2209 2708 sunt
2247 2655 2300 2709 hi
2335 2657 2429 2726 qui
2464 2671 2531 2712 ex
2560 2660 2818 2729 gentibus
2851 2659 3080 2715 veniunt
3120 2663 3189 2716 ad
3221 2661 3517 2716 Christum?
3541 2676 3583 2713 an

2078 2756 2135 2800 et
2169 2747 2301 2815 ipsis
2331 2757 2416 2804 est
2441 2748 2532 2804 ubi
2571 2751 2807 2806 habeant
2834 2752 3038 2821 aliquid
3063 2752 3345 2822 amplius?
3374 2753 3493 2806 Audi
3514 2751 3584 2805 Du-

2080 2839 2286 2894 minum
2319 2842 2589 2899 dicentem
2630 2844 2696 2899 ad
2725 2847 3106 2901 centurionem
3138 2861 3211 2902 ex
3249 2847 3481 2916 gentibus
3503 2860 3583 2900 cre-

2079 2929 2299 2986 dentem
2337 2951 2352 2988 :
2396 2952 2417 2985 ι
2449 2935 2620 2990 Amen
2651 2936 2775 2993 dico
2806 2937 2983 3005 vobis,
3015 2953 3117 2994 nec
3163 2939 3221 2994 in
3252 2939 3408 2996 Israel
3437 2947 3580 2992 tantam

404 2999 485 3056 ris
523 3000 626 3060 hoc
653 3005 801 3062 dicat
829 3019 884 3065 et
921 3011 1097 3081 libris,
1130 3032 1200 3073 an
1234 3020 1302 3075 de
1334 3036 1496 3078 sensu
1528 3034 1584 3081 et
1625 3027 1974 3100 intelligentia
2001 3046 2046 3106 ο
2079 3025 2241 3082 ﬁdem
2291 3028 2472 3086 inveni
2494 3029 2562 3085 ⁸³.
2598 3048 2618 3083 ι
2662 3031 2799 3088 Vide
2838 3047 2971 3103 ergo
2999 3034 3089 3086 ubi
3116 3033 3339 3133 venit-ur
3361 3032 3580 3133 aii-Iidem.

405 3091 559 3133 Invia,
585 3096 842 3133 νίδοι-ηιιο
866 3104 1011 3133 ρης...
1044 3106 1307 3133 ..ι....ε...,-
1343 3111 1548 3133 LL--.
1726 3121 1738 3133 .
1794 3123 1808 3133 .
1857 3123 1875 3133 -
2525 3125 2558 3133 .-
2681 3127 2694 3133 -
2756 3127 2767 3133 -

405 3091 564 3164 legis.
585 3096 843 3157 Videmus
865 3104 1014 3160 enim
1044 3106 1309 3176 plurimos
1333 3111 1645 3173 Judaior'um
1689 3121 1758 3178 ab
1792 3091 1974 3180 inlan-
2004 3091 2046 3106 ν
2080 3135 2345 3198 quantum
2397 3125 2628 3196 amplius
2681 3091 2932 3182 habeant"
2961 3137 3195 3198 gentes;
3247 3127 3316 3182 de
3343 3125 3514 3194 quibus
3545 3123 3580 3176 in

405 3185 481 3240 tia
511 3203 688 3260 usque
716 3192 782 3247 ad
809 3205 1142 3254 senectutem
1185 3216 1402 3273 semper
1427 3206 1725 3276 discentes,
1750 3222 1806 3270 et
1829 3232 1970 3272 nun-

401 3294 567 3350 quam
607 3284 675 3339 ad
718 3287 1020 3361 scientiam:
1053 3295 1300 3353 veritatis
1327 3302 1700 3389 perveniqptes
1724 3324 1741 3363 :
1765 3317 1821 3364 et
1846 3324 1974 3380 quo-

403 3373 568 3430 modo
591 3375 866 3435 videbitur
904 3397 1092 3440 verum
1129 3401 1252 3444 esse
1281 3394 1428 3464 quod
1444 3373 1675 3465 dicitur,
1704 3402 1830 3471 quia
1856 3373 1972 3459 am-

399 3467 546 3538 plius
577 3469 784 3541 aliquid
815 3475 1052 3532 habeant
1081 3481 1220 3539 ineo
1252 3487 1395 3554 quod
1427 3489 1623 3559 primis
1648 3467 1739 3550 eis
1754 3495 1968 3568 eloquia

403 3561 501 3618 Dei
528 3565 737 3621 credita
774 3577 924 3637 sunt,
950 3571 1002 3626 in
1027 3573 1226 3643 quibus
1251 3592 1358 3633 non
1398 3581 1702 3654 intelligunt
1734 3603 1752 3637 ι
1793 3561 1968 3659 neque

402 3670 525 3723 quae
551 3656 876 3728 loquuntur,
900 3662 1077 3734 neque
1101 3666 1168 3722 de
1190 3668 1388 3739 quibus
1427 3671 1700 3731 aliirmant
1727 3677 1819 3734 “‘1
1852 3656 1965 3736 r—Si

397 3761 533 3804 vero
562 3751 781 3820 sapiens
803 3753 896 3809 ille
925 3755 1127 3813 dicitur
1149 3762 1446 3818 secundum
1475 3757 1846 3836 Salomonem,
1875 3773 1966 3842 qui

402 3858 424 3891 ι
467 3841 718 3913 intelligit
754 3862 876 3918 quae
901 3862 970 3903 ex
1013 3851 1232 3921 proprio
1252 3867 1348 3910 ore
1375 3863 1522 3921 sunt,
1566 3867 1621 3914 et
1647 3877 1666 3911 ι
1699 3860 1792 3930 qui
1833 3881 1854 3914 ι
1896 3841 1964 3917 in

368 3935 566 3993 'labiis
614 3949 796 4010 portat
829 3941 1160 4000 intellectum
1195 3947 1240 3979 “
1276 3965 1290 4001 :
1346 3965 1367 4000 ι
1411 3949 1479 4006 de
1516 3948 1700 4022 Moyse
1741 3963 1796 4010 et
1839 3970 1966 4026 pro-

395 4030 598 4100 phetis,
629 4033 950 4105 ceterisque
978 4035 1168 4092 horum
1189 4039 1459 4098 similibus
1484 4043 1600 4100 haec
1622 4045 1964 4117 intelligenda

395 4133 528 4178 sunt
567 4124 698 4190 dici,
729 4127 928 4195 quibus
957 4130 1162 4186 credita
1191 4141 1317 4188 sunt
1350 4133 1569 4206 eloquia
1592 4136 1711 4206 Dei,
1755 4142 1883 4212 quia
1913 4151 1968 4198 et

392 4214 547 4282 ipsos
578 4213 795 4273 Iudaeos
839 4217 1029 4288 fuisse,
1071 4229 1127 4277 et
1169 4223 1423 4283 habuisse
1453 4229 1963 4302 circumcisionem,

394 4322 505 4363 non
537 4317 720 4380 potest
745 4311 979 4367 dubitari
1016 4331 1031 4368 :
1063 4317 1158 4372 sed
1209 4327 1262 4374 et
1307 4320 1355 4376 si
1398 4322 1522 4391 quis
1563 4326 1704 4394 apud
1737 4341 1830 4382 eos
1873 4343 1963 4382 sa-

2075 3218 2182 3274 alio
2225 3216 2342 3272 loco
2393 3215 2657 3271 Dominus
2709 3216 2845 3272 dicit
2879 3216 2929 3250 “
2992 3234 3009 3272 :
3051 3235 3072 3268 ι
3130 3217 3273 3284 Quia
3318 3216 3507 3270 venient
3539 3214 3581 3264 ab

2075 3311 2288 3368 oriente
2308 3318 2364 3364 et
2387 3312 2692 3377 occidente,
2747 3320 2803 3366 et
2836 3324 2869 3365 a
2915 3318 3151 3380 quatuor
3181 3310 3358 3366 ventis
3381 3318 3526 3367 terrae.
3546 3312 3580 3357 et

2074 3401 2393 3457 recumbent
2416 3415 2540 3455 cum
2569 3400 2868 3466 Abraham,
2911 3409 2967 3455 et
2995 3399 3169 3468 Isaac,
3198 3411 3256 3455 et
3283 3401 3438 3456 Jacob
3465 3399 3580 3452 inre.-

2070 3509 2178 3564 gno
2210 3494 2302 3549 Dei
2339 3507 2354 3547 :
2386 3493 2482 3548 lilii
2528 3503 2713 3548 autem
2756 3493 2907 3563 regni
2944 3493 3240 3563 ejicientur
3291 3494 3345 3547 in
3392 3490 3580 3546 tenebras

2071 3587 2389 3642 exteriores.
2424 3604 2444 3638 ι
2481 3585 2581 3642 Ubi
2610 3601 2743 3656 ergo
2772 3586 2840 3641 ad
2886 3585 3030 3656 leges
3070 3587 3296 3641 venitur
3321 3597 3372 3642 et
3403 3584 3578 3643 litteras,

2070 3679 2272 3735 habent
2301 3677 2472 3735 Judaei
2510 3678 2743 3749 amplius
2779 3695 2800 3730 ‹
2841 3679 3075 3732 multum
3125 3693 3223 3747 per
3250 3691 3454 3734 omnem
3497 3687 3578 3726 mo-

2067 3773 2197 3826 dum
2221 3772 2304 3839 ";
2338 3790 2358 3824 ›
2393 3771 2486 3827 ubi
2516 3785 2650 3827 vero
2688 3771 2904 3827 venitur
2928 3771 2995 3825 ad
3021 3771 3202 3835 ﬁdem,
3225 3781 3288 3824 ut
3316 3785 3377 3825 ex
3413 3780 3579 3831 compa-

2069 3865 2283 3920 ratione
2308 3864 2564 3928 dixerim,
2602 3863 3055 3932 habentamplius
3091 3871 3290 3933 gentes
3337 3878 3356 3913 ι
3404 3857 3578 3954 ιιιυΙιιιιιι

2068 3971 2167 4028 per
2211 3971 2426 4012 omnem
2471 3955 2712 4011 modum.
2762 3973 2782 4007 ι
2819 3954 3228 4024 Requirendum
3277 3968 3404 4009 sane
3445 3958 3512 4003 est
3548 3961 3577 3999 SI

2068 4049 2236 4104 etiam
2269 4047 2560 4103 Samaritis
2604 4047 2900 4103 dicendum
2927 4058 3012 4102 est
3039 4047 3235 4116 primis
3275 4045 3466 4101 credita
3491 4053 3577 4095 esse

2067 4141 2286 4211 eloquia
2317 4140 2441 4206 Dei,
2477 4140 2731 4208 quoniam
2765 4140 2982 4209 quidem
3013 4143 3180 4194 etiam
3210 4137 3353 4232 apud
3383 4139 3504 4206 ipsos
3521 4134 3578 4232 lex

2068 4233 2240 4303 Moysi
2271 4232 2476 4288 servari
2509 4233 2737 4286 videtur.
2766 4231 2870 4286 Sed
2921 4231 3028 4286 illis
3067 4246 3166 4301 ego
3201 4245 3274 4286 ne
3304 4231 3462 4327 ipsam
3489 4239 3579 4327 qui-

2069 4328 2191 4384 dem
2219 4327 2458 4381 litteram
2502 4339 2623 4395 qua:
2649 4325 2902 4383 occidere
2935 4325 3160 4391 dicitur,
3191 4325 3446 4379 creditam
3474 4319 3579 4372 dixe-

391 4401 574 4472 piens,
604 4411 664 4458 et
693 4403 1002 4473 intelligens
1028 4407 1264 4479 auditor,
1313 4421 1370 4468 et
1407 4415 1674 4472 mirabilis
1701 4419 1962 4475 consilia-
1994 4396 2042 4455 D
2069 4420 2195 4476 rim.
2253 4417 2396 4473 Dicit
2440 4419 2585 4471 enim
2637 4417 2704 4471 de
2751 4419 2832 4470 eis
2876 4417 3139 4486 propin-ta
3177 4434 3191 4471 :
3228 4433 3249 4467 ε
3294 4414 3378 4468 Vae
3410 4414 3480 4467 his
3511 4423 3575 4476 qm

393 4494 511 4550 rius
541 4493 669 4562 fuit,
701 4513 840 4568 quos
891 4499 1110 4558 auferre
1159 4503 1361 4561 dicitur
1397 4507 1658 4566 Dominus
1680 4525 1712 4565 a
1741 4510 1965 4569 Jerusa-

391 4585 501 4640 lem
540 4587 782 4646 oll'ensus
821 4590 1194 4663 impietatibus
1241 4597 1450 4667 populi.
1499 4599 1593 4656 Sic
1651 4603 1797 4657 enim
1833 4605 1965 4663 dicit

389 4675 604 4733 Isaias:
643 4699 662 4730 ι
699 4680 841 4737 Ecce
891 4683 1202 4741 dominator
1231 4685 1498 4745 Dominus
1531 4688 1769 4747 Sabaoth
1808 4693 1963 4750 aule-

387 4777 474 4824 ret
499 4769 568 4824 ab
582 4767 881 4826 Jerusalem
908 4783 965 4828 ct
987 4789 1017 4828 a
1048 4773 1184 4831 Juda
1205 4777 1437 4833 validum
1468 4789 1523 4835 et
1547 4781 1742 4839 fortem
1767 4785 1902 4856 (64);
1937 4805 1956 4841 ι

387 4873 447 4917 ct
496 4873 617 4931 post
664 4863 990 4933 aliquanta:
1030 4887 1049 4920 ι
1110 4871 1174 4925 Et
1225 4874 1591 4943 prophetam,
1650 4878 1861 4950 inquit,
1901 4892 1957 4939 et

385 4956 803 5024 mstimatorem,
835 4967 891 5014 et
922 4962 1193 5020 seniorem
1223 4965 1290 5034 ⁸⁷,
1325 4977 1378 5022 et
1404 4969 1953 5044 quinquagenarium,

384 5057 439 5102 et
489 5047 797 5104 mirabilem
849 5053 1222 5111 consiliarium
1252 5099 1269 5126 ,
1299 5068 1356 5114 et
1388 5063 1687 5132 sapientem
1719 5068 1958 5125 archite-

453 5141 496 5173 ιι
518 5139 687 5227 Rom.
713 5142 907 5227 33,.28,
932 5143 1024 5202 29.
1049 5217 1064 5227 _
1104 5147 1149 5227 ξ’
1177 5149 1528 5227 Ro_m._t_ii,_i,
1563 5156 1618 5211 2.
1693 5157 1739 5190 “
1767 5157 1926 5214 Rom.
1962 5177 2020 5226 ιι,
2045 5163 2135 5227 28,
2165 5159 2255 5216 29.
2331 5157 2377 5189 ιδ
2411 5155 2566 5208 Rom.
2598 5151 2766 5227 "1,2.

712 5209 907 5298 tussi.
937 5231 1018 5298 ιιι,
1034 5217 1294 5298 3-5.32
1327 5212 1331 5216 ’
1356 5225 1416 5298 ιιι
1434 5209 1725 5297 ἰιέεῖιιῃ
1750 5209 2146 5298 ι“έ’;“ἰιὸίἱιῗί’,
2168 5209 2231 5285 Ῑιῖ

377 5227 491 5277 xvr,
518 5211 609 5266 25.

378 5298 460 5346 ιιι,
492 5281 546 5336 6.

375 5366 545 5417 Lxxtt,
570 5351 626 5408 8.

455 5447 744 5538 (6‘5).Ed_iti
775 5487 794 5516 ,
841 5451 870 5538 ι.
894 5450 1119 5538 hdhzec
1147 5453 1366 5538 videtur
1395 5457 1448 5510 in
1481 5465 1712 5538 utroque
1756 5460 1961 5531 populo

376 5517 558 5638 iniquis
576 5519 757 5588 justus
791 5521 1000 5576 arbiter
1030 5523 1298 5581 resedisse
1328 5517 1713 5596 pronuntians,
1751 5517 1773 5584 ἱ
1815 5517 1950 5598 étc.,

380 5604 463 5638 tua
491 5603 542 5639 e.
997 5606 1006 5610 “

447 5657 562 5730 (δι)
605 5658 860 5718 Validam
911 5672 960 5722 ει
1010 5663 1216 5734 fortem.
1269 5659 1600 5744 ttmciverba
1651 5658 1948 5748 desunt'in

643 5283 690 5315 δ’
715 5278 872 5338 Joau.
908 5298 960 5350 ν,
990 5278 1080 5344 ιδ.
1169 5291 1218 5324 ⁵³
1242 5291 1434 5369 Matth.
1463 5278 1584 5370 vitii),—
1612 5278 1701 5355 ll):

1799 5299 1848 5332 “
1877 5301 2004 5357 ibid.
2039 5303 2125 5358 11.

2067 4519 2334 4580 spernunt
2368 4519 2605 4565 montem
2633 4510 2787 4575 Sion,
2819 4518 2873 4563 et
2901 4509 3183 4565 conlidunt
3213 4511 3268 4563 in
3310 4517 3478 4564 monte
3502 4503 3575 4599 Sa:

2067 4601 2253 4657 mariae
2275 4600 2356 4668 “;
2420 4619 2441 4652 ι
2475 4599 2578 4669 ipsi
2627 4600 2829 4670 quippe
2874 4615 2935 4656 se
2981 4600 3189 4655 alienos
3225 4615 3258 4655 a
3296 4599 3475 4654 litteris
3509 4594 3573 4692 Dei

2063 4693 2295 4757 faciunt,
2328 4692 2680 4764 repudiantes
2729 4691 3045 4762 prophetas.
3093 4692 3201 4746 Sed
3255 4701 3312 4746 et
3360 4691 3574 4783 haereticis

2065 4787 2161 4856 qui
2193 4785 2538 4855 iniquitatem
2589 4784 2886 4853 loquuntur
2935 4785 2987 4839 in
3031 4784 3318 4839 Excelsum
3345 4786 3409 4850 ⁸⁷,
3438 4790 3571 4886 etqut

2065 4880 2344 4950 impietate
2375 4893 2472 4935 sua
2521 4878 2771 4933 dividunt
2817 4878 3080 4931 unitatem
3121 4878 3347 4932 Deitatis
3374 4914 3390 4941 ,
3441 4878 3571 4944 etqui

2065 4975 2238 5043 legem
2274 4971 2344 5027 ab
2381 4970 2694 5039 Evangeliis
2728 4980 3028 5039 separant,
3077 4987 3182 5026 non
3227 4970 3442 5026 dixerim
3481 4980 3571 5021 cre-

2064 5069 2178 5123 dita
2209 5080 2332 5124 esse
2357 5063 2569 5132 eloquia
2599 5061 2718 5127 Dei,
2746 5075 2842 5130 pro
2871 5074 2937 5114 eo
2975 5061 3120 5129 quod
3145 5059 3326 5114 divina
3360 5059 3480 5127 apud
3504 5069 3569 5108 eus

2855 5151 2899 5182 "’
2931 5151 2945 5203 Ι
2976 5149 3117 5204 Tim.
3161 5168 3199 5214 ι,
3241 5152 3294 5204 7.
3377 5150 3418 5181 “
3448 5148 3565 5201 Prov.

2866 5223 2909 5252 ⁵ο
2946 5222 3185 5286 llomJlt,
3212 5223 3267 5275 2.
3355 5221 3396 5251 ⁸¹
3423 5218 3457 5272 ll
3477 5220 3555 5270 (Lor

2339 5228 2384 5259 ‘9
2418 5227 2540 5279 Act.
2573 5237 2648 5284 ix,
2683 5221 2769 5276 15.
2866 5223 2909 5252 ⁵ο
2946 5222 3185 5286 ιῖοιιωη,
3212 5223 3267 5275 ‘2.
3355 5221 3396 5251 σι
3423 5221 3457 5272 ll
3477 5221 3555 5270 (lor

2339 5314 2459 5354 ium.
2511 5309 2593 5360 ιιι,
2635 5293 2689 5346 2.
2789 5291 2836 5324 ⁸⁸
2875 5295 3040 5347 Amos
3116 5309 3191 5361 Vl,
3226 5297 3277 5347 1.
3369 5290 3411 5324 ⁸⁷
3461 5289 3565 5341 l’sul.

2225 5300 2270 5332 ⁸⁸
2301 5298 2459 5354 Rom.
2511 5309 2593 5360 ιιι,
2635 5293 2689 5346 2.

2423 5540 2811 5614 «senatorem.
2841 5549 2860 5582 ι
2916 5609 2926 5614 Δ

2131 5601 2242 5683 (6t_i)
2277 5601 2524 5683 Eloquia.
2543 5601 2724 5683 .Dcest
2751 5601 2803 5683 in
2840 5609 2994 5683 antea
3014 5601 3222 5683 editis.‘

2127 5672 2244 5742 (U7)
2271 5673 2444 5740 Alias,
2485 5691 2503 5724 ι
2543 5673 2643 5730 isto
2672 5673 2852 5729 modo.
2893 5692 2910 5724 ι
2954 5672 3114 5739 Editi,
3152 5691 3170 5724 ι
3211 5671 3368 5728 istud.
3400 5687 3420 5721 ι
