3684 6148
117 241 263 308 'sn

1107 248 1462 306 COMMENT.
1501 247 1567 304 iN
1607 249 1826 304 EPIST.
1863 250 1954 303 AD
1985 249 2154 307 11011.
2189 250 2316 306 LIB.
2356 251 2419 303 ll.

3296 255 3404 306 918

155 372 434 428 volumina
465 371 631 442 relegi
656 372 908 428 videnlur
932 391 946 441 ;
977 375 1070 428 sed
1099 375 1224 444 quia
1257 373 1388 428 nihil
1415 374 1466 428 in
1491 373 1577 428 his
1606 388 1731 429 sen-
1760 376 1804 432 Α
1839 370 2148 424 «Ἀιιίιιιιιιίε
2168 369 2330 425 homo
2349 383 2452 424 non
2478 365 2711 438 percipit
2731 380 2850 437 qua:
2866 366 3251 438 suntSpiritns
3271 367 3394 426 Dei:

156 465 305 519 tiuut
329 464 594 533 spiritale.
644 465 774 518 nihil
808 467 918 520 Deo
960 467 1204 538 dignum,
1247 471 1419 524 solam
1453 468 1595 536 apud
1631 481 1726 522 eos

154 556 336 610 locum
373 571 495 624 quas
543 557 747 634 occidit
802 557 1001 613 habere
1051 539 1434 632 litteram'(68)
1471 559 1723 613 dixerim.

155 645 359 702 Verum
391 648 434 700 si
466 647 606 702 forte
635 647 802 703 Judaei
839 650 1008 704 nolint
1053 652 1298 719 recipere
1336 651 1577 720 Apostoli
1626 666 1724 706 no-

153 736 256 791 st-ri
287 738 632 804 sententiam,
656 753 774 807 qua:
801 739 933 794 dicit
958 741 1082 810 quia
1106 741 1325 796 «littera
1352 763 1371 796 ι
1392 743 1525 812 legis
1543 761 1562 793 ι
1584 742 1728 798 occi-

153 825 238 880 dit
266 826 310 857 ⁵⁸
346 845 359 881 :
401 845 420 877 ι
446 835 502 881 et
529 828 782 898 iujuriam
814 842 1001 900 putent
1032 830 1133 901 legi
1173 831 1314 898 ﬁeri,
1354 833 1400 888 si
1429 835 1725 888 secundum

153 916 401 972 litteram
444 919 626 988 sperni
677 920 930 976 videatur
978 939 995 978 :
1045 933 1384 978 revertamur
1432 925 1500 979 ad
1553 927 1726 995 ipsum

154 1001 411 1075 Moysen,
434 1015 490 1060 et
520 1007 800 1062 videamus
829 1009 944 1078 ipse
974 1025 1138 1080 quam
1167 1014 1346 1082 magni
1389 1012 1582 1070 fecerit
1611 1015 1726 1086 (69)

153 1096 400 1152 litteram
437 1098 610 1169 legis;
641 1101 732 1170 qui
764 1117 887 1156 cum
913 1106 1217 1174 accepisset
1251 1107 1464 1162 tabulas
1487 1106 1728 1176 lapideas

153 1192 449 1261 inscriptas
479 1192 651 1263 digito
684 1194 800 1258 Dei,
825 1205 1030 1249 tantum
1061 1197 1283 1253 honoris
1320 1200 1507 1256 detulit
1532 1201 1728 1256 littera!

153 1284 292 1355 legis
325 1325 341 1350 ,
373 1295 432 1340 ut
460 1287 756 1357 projiceret
799 1288 865 1343 de
916 1291 1165 1347 manibus
1212 1293 1328 1348 suis
1383 1295 1620 1362 tabulas,
1673 1307 1730 1353 et

151 1379 552 1432 comrninneret
583 1379 802 1449 quidem
839 1380 1007 1451 digito
1036 1382 1130 1437 Dei
1159 1386 1390 1455 scriptas
1411 1386 1478 1454 '9,
1509 1400 1608 1442 nec
1641 1396 1727 1441 ta-

152 1483 278 1522 men
310 1485 408 1538 pro
459 1471 562 1526 hoc
614 1471 910 1541 impietatis
961 1473 1118 1546 culpa
1164 1487 1382 1534 notatus
1437 1479 1528 1536 sit.
1567 1480 1729 1536 Vides

150 1574 286 1628 ergo
330 1561 454 1628 quia
511 1578 617 1616 non
646 1565 792 1620 solus
823 1564 1024 1623 Paulus
1047 1568 1257 1638 spernit
1300 1570 1538 1625 litteram
1571 1571 1724 1640 legis,

149 1652 243 1705 sed
283 1652 456 1706 multo
497 1664 626 1709 ante
659 1672 783 1710 eum
828 1657 1041 1730 Moyses
1071 1668 1131 1714 et
1168 1662 1394 1730 sprevit,
1429 1672 1481 1718 et
1507 1662 1723 1734 abiecit,

1794 521 1800 528 ,
1827 462 2055 517 stultitia
2071 471 2152 518 est
2175 463 2318 517 enim
2338 461 2412 515 illi
2430 461 2532 514 θ’.»
2555 459 2660 515 Sed
2691 460 2884 514 horum
2904 459 3260 514 incredulitas
3286 476 3393 513 non
3437 510 3444 516 .

1825 554 1992 626 499
2009 567 2230 609 evacuat
2250 554 2408 610 ﬁdem
2435 553 2527 608 Dei
2546 553 2611 608 ⁸⁸.
2632 551 2818 606 Fidem
2842 551 2934 606 Dei
2953 551 3035 607 vel
3055 566 3175 608 eam
3195 551 3399 606 intelli-

1825 649 2024 718 gimus,
2049 661 2208 717 quam
2228 645 2386 700 ﬁdem
2414 643 2573 698 habet
2601 641 2742 697 Deus
2772 642 2858 696 liis
2875 642 3072 711 quibus
3090 643 3265 697 credit
3287 641 3398 697 elo-

1827 739 1951 808 quia
1987 754 2106 806 sua,
2137 738 2219 794 vel
2260 751 2378 792 eam
2407 735 2564 789 [idem
2595 748 2702 802 qua
2734 734 2962 790 credunt
2994 732 3107 789 Deo
3145 733 3180 788 ii
3207 733 3298 803 qui
3328 732 3397 787 ab

1827 845 1895 886 eo
1937 829 2154 900 eloquia
2200 828 2379 883 divina
2437 829 2762 898 SUScipiunl.
2802 825 3226 882 Commonemur
3263 838 3398 894 ergo

1830 932 1890 979 ut
1922 922 2209 977 inﬁdelitas
2238 920 2350 993 (75)
2393 936 2580 977 eorum
2625 919 2718 991 qui
2751 917 2833 974 vel
2877 934 2984 974 non
3020 917 3289 973 accedunt
3330 917 3396 971 ad

1831 1015 2013 1080 ﬁdem,
2064 1017 2146 1072 vel
2201 1016 2455 1071 decidunt
2501 1029 2566 1070 ex
2605 1029 2691 1078 ea,
2735 1012 2779 1069 si
2827 1012 2966 1068 forte
3007 1011 3272 1067 irrideant
3297 1025 3400 1066 nos

1829 1122 1996 1174 opera
2032 1107 2153 1162 ﬁdei
2191 1117 2444 1176 agentes,
2491 1107 2571 1161 vel
2612 1121 2732 1159 cum
2771 1103 3102 1172 jejunamus,
3151 1102 3246 1158 vel
3275 1117 3399 1157 cum

1832 1199 2241 1255 misericordias
2277 1198 2526 1264 facimus,
2557 1199 2641 1253 vel
2667 1214 2787 1254 cum
2820 1197 3023 1254 studiis
3053 1195 3190 1266 (74),
3219 1205 3274 1250 et
3295 1195 3400 1266 legi

1832 1291 1924 1346 Dei
1958 1307 2179 1362 operam
2220 1293 2432 1358 damus,
2489 1292 2571 1347 vel
2614 1292 2779 1348 etiam
2827 1306 2950 1346 cum
2995 1304 3093 1358 pro
3134 1288 3402 1359 martyrio

1828 1381 2028 1437 Christi
2059 1391 2329 1437 tormenta
2362 1381 2709 1449 suﬂ‘erimus,
2745 1381 3154 1436 meminerimus
3185 1392 3402 1448 semper

1831 1473 1959 1543 quia
1993 1473 2281 1529 inﬁdelitas
2318 1488 2506 1530 eorum
2541 1473 2700 1529 ﬁdem
2741 1472 2836 1528 Dei
2873 1487 2994 1543 qua:
3031 1472 3087 1527 in
3125 1470 3284 1527 nobis
3315 1480 3401 1527 est

1830 1581 1938 1620 non
1960 1575 2209 1620 evacuat.
2247 1565 2380 1620 Post
2418 1566 2534 1620 hazc
2563 1565 2705 1636 quod
2751 1564 3018 1635 sequitur,
3057 1564 3237 1620 minus
3277 1563 3402 1633 qui-

1831 1659 1949 1712 dem
2001 1657 2299 1728 composite
2349 1658 2562 1713 videtur
2612 1657 2964 1727 adiunctum;
3021 1657 3152 1712 dicit
3203 1655 3398 1711 enim:

149 1751 203 1796 et
234 1744 491 1798 contrivit
524 1745 734 1803 litteras
763 1725 932 1819 legis,
975 1749 1080 1806 hoc
1109 1725 1229 1807 sine
1252 1753 1416 1808 dubio
1447 1725 1723 1822 jamvtunc
1756 1725 1799 1780 Β
1833 1770 1851 1802 ι
1888 1749 2008 1805 Fiat
2033 1725 2214 1807 autem
2249 1749 2389 1807 Deus
2421 1765 2608 1815 verax,
2645 1725 2824 1805 omnis
2851 1755 3030 1805 autem
3057 1747 3220 1803 homo
3247 1761 3400 1803 men-

149 1835 463 1904 desiguans,
501 1839 644 1908 quod
675 1840 872 1908 honor,
906 1851 964 1897 et
989 1844 1159 1899 virtus
1191 1844 1329 1914 legis
1361 1861 1467 1901 non
1497 1857 1640 1902 esset
1667 1846 1718 1901 in

148 1925 373 1993 litteris,
401 1931 494 1984 sed
527 1931 578 1984 in
610 1933 824 2002 spiritu.
852 1933 963 1990 Sed
985 1945 1038 1989 et
1072 1937 1327 1991 Dominus
1361 1937 1413 1992 in
1469 1937 1719 2009 Evange-

149 2020 221 2075 lio
247 2037 374 2076 cum
401 2024 536 2078 dicit
559 2026 626 2091 °°,
659 2026 726 2080 ad
754 2025 968 2082 Judzeos
997 2029 1262 2098 loquens:
1305 2049 1326 2082 ι
1361 2031 1658 2087 Auferelur
1690 2047 1722 2087 a

149 2116 304 2170 vobis
359 2132 586 2186 regnum
637 2118 770 2188 Dei,
821 2131 876 2177 et
910 2123 1131 2176 dabitur
1170 2126 1314 2194 genti
1346 2126 1566 2182 facienti
1607 2128 1725 2182 fru-

148 2215 295 2256 ctum
347 2203 465 2272 ejus
511 2224 525 2259 :
583 2225 604 2259 ι
660 2218 789 2279 puto
833 2211 979 2280 quod
1033 2227 1250 2269 sensum
1306 2214 1440 2286 legis
1492 2231 1716 2286 regnum

149 2295 245 2352 Dei
280 2297 395 2369 (70)
426 2301 650 2366 dixerit,
684 2303 774 2372 qui
813 2305 1027 2361 ablatus
1060 2317 1143 2362 est
1182 2322 1212 2361 a
1240 2305 1460 2374 Judaais,
1492 2326 1718 2366 manen—

151 2392 294 2446 tibus
325 2394 467 2464 apud
496 2393 614 2448 illos
641 2395 772 2450 solis
797 2394 992 2454 litteris
1022 2398 1180 2468 legis,
1214 2410 1269 2456 et
1301 2404 1460 2455 datus
1483 2413 1565 2458 est
1586 2419 1723 2474 gen-

151 2485 293 2540 tibus
321 2499 444 2556 quae
470 2487 682 2555 possint
704 2505 799 2559 per
817 2492 979 2546 ﬁdem
1007 2492 1240 2548 fructum
1268 2496 1493 2565 spiritus
1518 2497 1718 2555 facere.

149 2572 281 2641 Quae
313 2590 438 2629 cum
468 2576 540 2630 ita
571 2578 698 2645 sint,
722 2595 819 2634 cur
848 2591 954 2635 tam
989 2584 1166 2654 ignavi
1193 2595 1248 2640 et
1271 2589 1486 2645 desides
1513 2605 1719 2656 sumus,

152 2679 208 2719 ut
242 2682 351 2720 non
381 2670 595 2724 tandem
623 2671 829 2738 abiecta
860 2675 1009 2730 omni
1052 2677 1278 2744 malitia,
1310 2694 1434 2734 cum
1459 2683 1722 2753 simplici-

152 2767 260 2812 tate
302 2769 360 2812 et
394 2761 635 2829 puritate
667 2764 848 2818 cordis
881 2765 947 2819 ad
1000 2769 1352 2839 suscipienda
1383 2770 1478 2828 Dei
1504 2773 1720 2845 eloquia

148 2863 527 2921 properemus,
560 2861 618 2908 et
639 2855 705 2910 ad
733 2859 1054 2927 capiendum
1099 2864 1167 2916 de
1196 2863 1276 2916 eis
1319 2878 1537 2920 sensum
1565 2866 1724 2922 Chri-

151 2943 239 3008 sui,
261 2945 465 3013 quippe
489 2959 614 3000 cum
647 2949 932 3004 audiamus
967 2951 1020 3005 in
1057 2953 1150 3008 his
1181 2967 1302 3009 esse
1329 2969 1551 3026 regnum
1578 2959 1668 3014 Dei
1696 2959 1723 3014 i

1824 1843 1950 1904 dax,
1983 1841 2125 1897 sicut
2158 1842 2418 1910 scriptum
2447 1850 2533 1896 est
2570 1856 2584 1894 :
2621 1837 2688 1894 Ut
2718 1837 3030 1906 justiﬁeeris
3055 1840 3111 1894 in
3139 1837 3402 1894 sermoni-

1825 1933 1926 1988 bus
1963 1934 2101 2002 tuis,
2137 1944 2202 1989 et
2219 1935 2407 1990 vincas
2444 1949 2566 1990 cum
2612 1934 2874 2004 judicaris
2904 1933 2971 1986 δ’.
2997 1950 3022 1985 ι
3045 1930 3248 1986 Tamen
3307 1929 3398 1985 tali

1823 2026 2059 2097 quadam
2086 2025 2525 2080 circumﬁexioue
2551 2023 2926 2094 superioribus
2956 2023 3008 2078 id
3051 2031 3240 2093 aptare
3280 2030 3399 2076 ten-

1827 2118 2082 2174 tabimus.
2112 2117 2284 2182 Licet,
2315 2117 2512 2187 inquit,
2549 2132 2654 2171 non
2691 2117 3025 2172 crediderint
3053 2115 3270 2184 quidam
3297 2112 3398 2169 Ju-

1807 2210 2088 2275 udaeorum,
2123 2210 2190 2266 de
2223 2209 2540 2265 inﬁdelitate
2569 2218 2748 2264 tamen
2769 2223 2958 2265 eorum
2984 2206 3270 2263 dicendum
3291 2214 3397 2272 est,

1809 2309 1970 2378 quod
2030 2307 2170 2363 Deus
2208 2307 2427 2377 quidem
2466 2306 2614 2362 solus
2651 2306 2724 2361 sit
2771 2321 2961 2370 verax,
3005 2303 3185 2360 omnis
3213 2311 3398 2360 autem

1825 2401 1990 2456 homo
2011 2399 2082 2453 sit
2115 2400 2342 2453 mendax
2372 2415 2387 2453 :
2413 2397 2539 2468 quia
2567 2397 2730 2452 etiam
2755 2396 2800 2452 si
2817 2396 2940 2467 quis
2958 2394 3142 2464 justus
3161 2403 3246 2451 est
3260 2392 3395 2466 (Ἱὸ),

1825 2506 2051 2549 necesse
2074 2499 2157 2546 est
2188 2499 2368 2545 tamen
2400 2499 2460 2545 ut
2487 2489 2542 2545 in
2583 2489 2767 2560 aliquo
2808 2503 2839 2543 a
2872 2487 3106 2544 veritate
3154 2487 3396 2551 decidat,

1824 2600 1988 2654 quam
2014 2584 2069 2640 in
2090 2583 2344 2640 omnibus
2381 2597 2603 2640 servare
2633 2583 2882 2637 humana:
2909 2590 3116 2637 natura:
3137 2594 3276 2650 pene
3290 2581 3397 2636 im-

1824 2678 2080 2750 possibile
2121 2689 2229 2734 est.
2269 2678 2406 2745 Quia
2445 2690 2579 2748 ergo
2605 2675 2783 2730 omnis
2815 2675 2978 2730 homo
3016 2673 3249 2729 mendax
3285 2681 3393 2739 est,

1822 2781 2107 2842 propterea
2131 2770 2442 2827 Judaeorum
2469 2770 2688 2841 quidam
2717 2780 2777 2827 ut
2818 2769 3068 2826 homines
3106 2765 3397 2824 mendaces

1824 2879 1930 2918 non
1980 2863 2346 2920 crediderunt.
2381 2860 2518 2916 Nam
2554 2861 2684 2931 quia
2722 2862 2904 2918 omnis
2949 2859 3113 2915 homo
3161 2857 3397 2914 mendax

1823 2966 1927 3022 εει,
1954 2957 2263 3012 necessario
2290 2957 2346 3012 in
2376 2956 2464 3012 die
2493 2957 2606 3020 illa,
2639 2969 2762 3010 cum
2788 2954 2856 3009 ad
2884 2952 3153 3024 judicium
3180 2949 3397 3006 venerit

150 3035 305 3092 Certe
345 3039 722 3111 unusquisque
754 3056 852 3111 pro
880 3044 1087 3100 viribus
1134 3047 1318 3116 capiat
1363 3049 1579 3120 eloquia
1618 3051 1713 3108 Dei
1743 3063 1784 3118 c
1826 3045 2082 3100 Dominus
2109 3061 2234 3102 cum
2267 3045 2597 3110 hominibus,
2621 3042 2770 3102 solus
2795 3043 2914 3115 ipse
2935 3038 3395 3112 justiﬁeabiturin

149 3144 263 3196 quae
294 3141 499 3199 potest,
529 3144 584 3188 et
633 3135 677 3188 si
731 3133 958 3192 idoneus
1001 3146 1086 3192 est
1116 3140 1183 3193 ad
1214 3139 1447 3195 solidum
1489 3142 1668 3199 cibum
1699 3186 1716 3212 ,

153 3221 237 3275 illa
291 3224 562 3293 suscipiat
595 3225 808 3296 eloquia
845 3228 936 3282 Dei
986 3227 1098 3301 (71)
1145 3245 1266 3300 quae
1294 3241 1424 3287 sunt
1450 3234 1716 3302 sapientia

151 3328 306 3382 quam
357 3316 654 3385 Apostolus
699 3318 941 3388 loquitur
971 3321 1117 3375 inter
1169 3323 1442 3392 perfectos
1490 3326 1558 3380 ⁸⁸.
1615 3327 1719 3395 Qui

151 3421 275 3462 vero
301 3409 366 3462 ad
398 3409 540 3464 hanc
572 3409 798 3466 idoneus
826 3411 1061 3466 nondum
1090 3424 1192 3477 est,
1224 3416 1717 3490 suscipiateloquia

150 3498 240 3556 Dei
281 3503 333 3556 iu
365 3502 566 3569 quibus
592 3516 851 3574 agnoscat
889 3506 1025 3561 nihil
1083 3507 1315 3578 amplius
1359 3527 1523 3580 quam
1552 3514 1717 3569 Chri-

152 3601 290 3646 stum
344 3591 533 3648 Jesnm
557 3637 573 3662 ,
609 3603 664 3648 et
709 3598 852 3650 hunc
901 3597 1226 3652 cruxillxum
1253 3600 1318 3654 θ’.
1349 3601 1451 3667 Qui
1483 3616 1582 3656 nee
1615 3603 1718 3658 hoc

151 3689 337 3751 potest,
377 3684 436 3739 in
469 3700 536 3740 eo
570 3687 831 3754 suscipiat
855 3688 1070 3760 eloquia
1100 3689 1216 3756 Dei,
1255 3701 1314 3745 ut
1345 3691 1489 3748 lacte
1515 3703 1716 3760 utatur,

150 3785 202 3829 et
241 3793 343 3832 non
396 3779 522 3834 cibo
573 3779 698 3836 forti
731 3781 796 3836 ⁸³.
832 3783 888 3838 Si
921 3800 1048 3840 vero
1077 3787 1254 3842 adhuc
1303 3788 1610 3844 inﬁrmatur
1659 3794 1713 3846 in

152 3865 271 3931 ﬁde,
298 3868 518 3938 eloquia
551 3869 646 3925 Dei
680 3872 732 3926 in
765 3872 1005 3930 oleribus
1048 3861 1230 3931 sumat
1249 3877 1315 3930 6‘.
1365 3879 1595 3934 Tantum
1631 3893 1718 3937 est

150 3970 206 4014 ut
253 3977 445 4018 omnes
492 3967 859 4021 communiter
905 3969 1218 4023 noverimus
1251 3989 1270 4021 ι
1322 3969 1534 4040 eloquia
1565 3971 1657 4027 Dei
1689 3991 1708 4024 ι

149 4065 262 4105 esse
286 4071 305 4106 ι
338 4054 553 4122 eloquia
583 4068 755 4120 easta,
798 4075 818 4109 ι
848 4066 902 4111 et
931 4075 950 4110 t
982 4070 1262 4129 argentum
1287 4062 1408 4132 igne
1431 4063 1712 4118 examina-

151 4152 279 4208 tum,
307 4149 590 4214 probatum
619 4148 732 4220 (72)
761 4159 936 4214 terrae,
963 4161 1252 4221 purgatum
1277 4156 1583 4224 septuplum
1606 4157 1707 4210 δέ»

151 4236 199 4288 id
227 4246 328 4303 est,
361 4249 423 4292 ut
457 4240 509 4292 in
535 4241 808 4309 castitate,
858 4251 912 4297 et
957 4245 1254 4301 sanctitate
1296 4248 1481 4304 cordis
1505 4258 1562 4303 et
1591 4264 1712 4304 cor-

152 4329 292 4397 poris
335 4331 518 4385 divina
550 4347 832 4386 servemus
876 4333 1116 4404 eloquia.
1164 4337 1385 4394 Credita
1428 4350 1555 4395 sunt
1583 4355 1713 4411 ergo

1825 3138 2005 3194 verbis
2048 3138 2188 3195 suis.
2220 3137 2394 3206 Ipsius
2442 3136 2589 3192 enim
2635 3135 2802 3191 verba
2849 3135 2904 3191 in
2936 3131 3188 3189 omnibus
3231 3145 3396 3198 vera,

1823 3229 1953 3301 quia
1976 3230 2138 3285 verba
2167 3239 2294 3284 sunt
2330 3228 2602 3285 veritatis.
2637 3227 2793 3296 Quod
2817 3235 2998 3283 autem
3029 3223 3291 3282 Dominus
3323 3226 3394 3280 ad

1817 3322 2081 3390 judicium
2135 3321 2319 3377 veniat
2361 3336 2483 3376 cum
2531 3320 2873 3388 hominibus,
2911 3318 3174 3390 propheta
3220 3316 3392 3373 dicit:

1826 3437 1846 3470 ι
1874 3416 2080 3482 Venite,
2103 3413 2691 3486 etdijudicemur,dicit
2708 3411 2968 3468 Dominus
2989 3409 3036 3443 ’°
3051 3426 3065 3476 ;
3080 3428 3100 3464 ι
3121 3417 3209 3464 et:
3237 3427 3257 3462 ι
3279 3407 3398 3479 Ipse

1820 3510 2080 3566 Dominus
2109 3510 2178 3563 ad
2214 3507 2480 3579 judicium
2531 3507 2712 3562 veniet
2763 3519 2886 3560 cum
2940 3502 3248 3562 senioribus
3295 3514 3398 3572 po-

1818 3604 1928 3673 puli
1946 3604 2013 3668 ⁷¹;
2041 3621 2061 3656 ι
2083 3604 2344 3658 etiterum
2374 3618 2431 3655 τι
2453 3599 2722 3655 Memento
2743 3607 2818 3661 tu,
2835 3607 2889 3653 et
2899 3596 3232 3666 iudicemur,
3261 3593 3399 3652 dicit

1821 3697 2082 3754 Dominus
2107 3697 2173 3750 ⁷³.
2208 3714 2228 3748 ι
2268 3695 2393 3749 llzec
2431 3703 2615 3748 autem
2644 3689 2944 3746 introduxit
2968 3687 3259 3760 Apostolus
3289 3687 3392 3744 ob.

1817 3803 2042 3847 servans
2071 3786 2220 3843 illam
2267 3785 2625 3856 objectionem
2669 3798 2832 3856 quam
2864 3783 2966 3839 sibi
3004 3782 3059 3838 in
3107 3783 3216 3836 alio
3267 3781 3386 3837 loco

1816 3881 2090 3953 proponit,
2127 3879 2216 3935 ubi
2259 3877 2374 3950 (76)
2406 3879 2540 3935 dicit
2569 3893 2586 3933 :
2623 3897 2643 3931 ι
2689 3879 2747 3934 Si
2775 3887 2954 3934 autem
2987 3875 3250 3947 iniustitia
3285 3889 3387 3930 ιιο⁴

1815 3982 1930 4030 stra
1958 3971 2232 4042 justitiam
2283 3968 2380 4025 Dei
2421 3968 2766 4024 commendat
2809 3967 2878 4024 ⁷³.
2915 3986 2936 4021 ι
2972 3965 3051 4024 De
3090 3980 3232 4037 qua,
3261 3979 3388 4022 cum

1815 4066 1884 4120 ad
1938 4064 2117 4119 locum
2156 4063 2276 4133 ejus
2327 4071 2548 4115 ventum
2583 4058 2770 4125 fuerit,
2824 4058 3186 4130 requiremus.
3233 4055 3402 4114 Nune

1814 4172 1947 4227 ergo
1973 4157 2252 4212 videamus
2280 4153 2411 4224 quid
2452 4160 2539 4208 est
2575 4152 2720 4222 quod
2761 4150 2896 4208 dicit
2925 4165 2941 4205 :
2977 4168 2999 4204 ι
3047 4149 3171 4206 Fiat
3205 4157 3424 4205 auten»

1815 4249 1959 4305 Deus
2005 4261 2193 4312 verax,
2234 4245 2412 4302 omnis
2455 4253 2636 4300 autem
2676 4243 2838 4298 homo
2892 4243 3128 4299 mendax
3159 4241 3226 4296 ⁷⁸.
3253 4260 3282 4296 ιλ
3311 4240 3393 4296 lta

1815 4342 1959 4396 enim
2004 4341 2056 4394 in
2084 4337 2290 4394 Graecis
2317 4335 2719 4405 exemplaribus
2748 4336 2998 4392 habetur.
3042 4336 3179 4393 Nam
3207 4335 3392 4393 Latini

150 4420 329 4487 primis
359 4423 464 4478 illis
498 4424 562 4478 de
580 4425 776 4494 quibus
799 4442 960 4496 supra
1015 4429 1250 4486 diximus
1315 4431 1528 4503 eloquia
1576 4435 1711 4502 Dei;
1745 4429 1792 4487 D
1819 4432 1886 4486 sit
1926 4445 2028 4500 pro
2074 4429 2167 4497 ﬁat
2219 4426 2632 4499 legunt..Primo
2667 4441 2800 4498 ergo
2830 4427 2935 4483 hoc
2960 4428 3241 4484 sciendum
3280 4437 3390 4494 est,

150 4516 239 4567 sed
267 4518 512 4585 quidam,
545 4529 605 4572 ut
645 4520 776 4574 dicit
805 4520 869 4585 “,
904 4537 1010 4576 non
1045 4524 1395 4580 crediderunt
1433 4529 1548 4583 sive
1576 4529 1705 4595 Deo,

151 4606 259 4662 sive
287 4609 517 4680 eloquiis
555 4611 671 4666 Dei.
706 4613 870 4668 Vides
902 4615 1030 4683 quia
1063 4617 1154 4684 qui
1189 4634 1292 4672 non
1329 4621 1580 4686 credunt,
1603 4623 1706 4692 ipsi

151 4710 272 4753 sum
319 4705 624 4758 secundum
679 4720 924 4772 carnem,
967 4709 1035 4762 de
1071 4707 1266 4778 quibus
1291 4721 1348 4766 et
1374 4712 1501 4768 alibi
1533 4714 1704 4772 dicit:

215 4877 258 4910 ⁸³
291 4881 328 4936 11
364 4879 490 4935 Cor.
531 4897 629 4944 ιιι,
666 4880 721 4937 6.

819 4881 864 4914 ⁵³
893 4881 1059 4937 Exod.
1099 4900 1247 4946 xxxi.
1282 4888 1381 4954 18;
1432 4906 1605 4951 xxxn.
1645 4897 1732 4953 l9.

1817 4525 1942 4596 quia
1974 4526 2118 4596 quod
2155 4523 2312 4591 dixit,
2358 4521 2476 4590 ﬁat,
2523 4535 2632 4577 non
2665 4522 2986 4592 imperativo
3031 4520 3194 4578 modo
3229 4521 3389 4580 dicit.

1815 4617 2054 4674 Stultum
2085 4625 2170 4672 est
2201 4614 2346 4669 enim
2374 4614 2419 4670 si
2457 4622 2674 4684 putetur
2705 4613 3078 4684 imperandum
3116 4627 3240 4670 esse
3277 4613 3392 4670 Deo

1815 4723 1873 4768 ut
1902 4725 2066 4764 verax
2107 4709 2220 4763 ﬁat.
2253 4707 2358 4764 Sed
2391 4717 2450 4761 ut
2475 4706 2709 4763 dicimus
2740 4725 2754 4761 :
2793 4724 2813 4758 ι
2843 4704 2969 4762 Fiat
2995 4705 3242 4763 voluntas
3274 4716 3387 4772 tua,

1833 4896 1878 4928 6°
1907 4891 2099 4947 Matth.
2145 4903 2275 4954 xxi,
2314 4887 2406 4943 45.
2502 4885 2752 4943 σιιοοτ.
2804 4901 2874 4953 ιι,
2919 4887 2976 4943 6.
3079 4888 3126 4920 ⁸³
3150 4889 3283 4944 ibid.
3329 4891 3386 4945 2.

152 4948 429 5030 ξξῌιξιιικν,
458 4951 545 5030 ιιι.
623 4951 850 5030 “ilium.
879 4955 1072 5030 XIV,_°%.
1139 4957 1184 5030 6f
1215 4948 1468 5030 l_’sal.'xt.
1511 4965 1562 5017 7.
1595 4948 1602 4951 ⁷
1640 4948 1697 4998 ⁸-⁸-

1874 4980 1979 5030 λιιι,
2010 4962 2066 5017 3.
2141 4961 2186 4991 ⁸⁷
2217 4948 2385 5030 lCor.
2417 4973 2472 5024 ιι,
2506 4957 2595 5030 14.
2670 4956 2715 4990 ⁸⁸
2750 4948 2909 5014 Rom.
2935 4973 3016 5026 ιιι,
3045 4958 3104 5014 3.
3180 4961 3224 4993 ⁸³
3252 4960 3388 5016 ibid.

151 5013 562 5087 '°Mielt.vt,2.
640 5023 683 5054 τι
718 5024 844 5078 lsai.
877 5013 1072 5089 “1,14.
1149 5013 1670 5102 ηιεειιζξιίιίζξθ.

1874 5013 1979 5090 bis:
2008 5013 2091 5094 ὦ,
2123 5030 2176 5086 5.
2251 5013 2298 5065 τι
2329 5013 2471 5084 ibid:
2491 5029 2546 5083 4.

173 5248 180 5256 1
216 5179 323 5249 (68)
351 5180 518 5244 Editi,
559 5199 578 5234 ι
611 5181 780 5238 solam
828 5185 967 5254 apud
994 5199 1088 5240 eos
1116 5203 1237 5257 qua:
1281 5190 1479 5246 occidit
1513 5194 1698 5250 haberi

152 5245 392 5311 litteram,
433 5270 452 5303 ι
480 5261 589 5310 etc.

156 5319 548 5439 ri‘(69)mEditi,
605 5342 625 5376 ι
674 5333 729 5378 et
775 5323 1060 5381 videamus
1112 5343 1275 5398 quam
1316 5333 1700 5402 magniﬁcare-

223 5430 237 5439 .
279 5408 296 5439 1
381 5409 428 5439 I‘-

223 5403 585 5534 Ejéfiitgnum
623 5465 737 5518 Dei.
763 5466 821 5518 In
846 5463 1008 5522 editis
1036 5469 1332 5525 omittitur.

237 5528 323 5599 71)
346 5528 471 5613 Qui}:
493 5547 658 5613 potest
678 5536 817 5613 ,ειεᾷ
840 5535 1060 5613 idqueus
1075 5542 1244 5613 estad
1261 5541 1488 5597 solidum
1504 5543 1697 5613 cibum,

151 5594 504 5724 ῗέῖιξξείτμίαὶ
535 5594 739 5678 eloquia
771 5604 884 5660 Dei.
913 5604 1036 5663 llaec
1057 5594 1698 5676 desiderantur—inﬂantes;

1804 5471 2172 5538 Ebroicensis,
2209 5489 2229 5524 ι

1805 5545 1937 5613 agit.
1986 5561 2006 5595 ι
2042 5542 2150 5613 Sed
2191 5541 2386 5613 melior
2413 5541 2645 5613 videtur
2665 5541 2823 5594 lectio
2860 5551 3181 5599 caeterorum
3229 5545 3382 5600 codi-

1806 5609 1952 5672 cum.
2001 5630 2020 5664 ι
2062 5611 2187 5680 quia
2214 5612 2382 5664 etiam
2404 5611 2448 5665 si
2481 5611 2602 5680 quis
2626 5609 2805 5680 justus
2826 5618 2928 5667 est.
2967 5629 2988 5664 ›

1881 5189 1998 5260 (79)
2028 5188 2322 5244 Probalum
2353 5186 2624 5260 omittitur
2651 5187 2706 5243 in
2734 5189 2922 5248 editis.
3024 5250 3026 5252 τ

1906 5258 1994 5324 75)
2037 5260 2199 5324 Editi,
2229 5277 2250 5313 ι
2288 5258 2660 5315 incredulitas.
2691 5278 2713 5312 ι
2768 5275 2772 5280 ’

1906 5262 1973 5315 75
2037 5262 2199 5324 Editi,
2229 5277 2250 5313 ι
2288 5262 2660 5315 incredulitas.
2691 5278 2713 5312 ι
2768 5275 2772 5280 ’

1903 5262 1994 5399 ui
2022 5330 2434 5392 Genebrardus,
2470 5348 2490 5381 ι
2523 5329 2808 5395 custodiis,
2852 5350 2872 5385 ι
2906 5331 3068 5386 male.
3116 5395 3118 5400 _
3153 5394 3156 5398 ,

1874 5399 1989 5470 (75)
2022 5400 2185 5466 Editi,
2213 5419 2231 5453 ι
2264 5401 2542 5470 quietiam
2557 5399 2605 5454 si
2627 5400 2754 5469 quid
2775 5403 2980 5470 justum
3009 5410 3110 5456 est.
3147 5418 3165 5452 ι
3199 5399 3380 5456 Codex

2313 5471 2366 5525 ui
2406 5471 2570 5524 etiam
2611 5473 2655 5524 si
2688 5469 2818 5538 quid
2864 5469 3009 5540 quod
3038 5471 3247 5541 justum
3295 5483 3382 5527 est

1877 5683 1990 5756 (76)
2025 5681 2136 5751 Λ1.,
2175 5699 2196 5736 t
2226 5681 2448 5739 ibidem.
2487 5701 2515 5734 ν
