3684 6148
364 215 468 270 εῖν)
1794 215 2120 274 οιιιοΕΝιε
3476 209 3548 260 9Ξιι

363 343 504 387 Sicut
535 333 587 388 in
617 335 774 401 caelo,
805 337 934 392 etin
968 347 1112 392 terra
1147 339 1195 372 ⁷⁵
1223 357 1238 403 ;
1275 359 1294 392 ι
1337 341 1442 403 vel,
1481 351 1538 395 ut
1584 343 1775 396 iterum
1806 343 1910 397 dici

2047 339 2142 394 sed
2179 357 2198 390 ι
2238 349 2432 391 nomen
2454 333 2664 391 Domini
2686 333 2945 388 invocabo
2973 331 3040 383 θ’.
3067 350 3085 384 ι
3104 328 3341 384 Pretiosa
3359 337 3432 382 est
3444 332 3548 382 enim

361 441 482 478 mus
513 443 528 480 :
555 444 576 478 ι
604 426 722 482 Fiat
743 443 850 498 pax
876 431 927 484 in
958 432 1156 487 virtute
1179 438 1268 488 tua
1290 434 1358 498 ⁷⁸,
1393 453 1412 486 ι
1446 449 1549 488 non
1579 434 1929 504 imperantes,
2033 432 2172 500 apud
2203 440 2256 484 te
2285 445 2453 490 mors,
2482 443 2601 498 qua:
2627 441 2726 496 pro
2752 426 2953 493 pietate
2977 422 3087 495 (8|)
3113 434 3166 477 et
3186 421 3407 475 veritate
3420 425 3551 474 Sttsci-

358 517 456 572 sed
489 525 760 586 optantes,
793 521 901 606 imo
938 523 1116 592 potius
1157 529 1590 594 pronuntiantes,
1632 537 1773 593 etc.,
1803 527 1928 596 quia
2033 524 2198 590 pitur.
2228 520 2538 576 Secundum
2577 519 2677 573 hoc
2705 517 2872 587 igitur
2899 517 3066 572 etiam
3103 517 3152 573 in
3181 512 3474 583 apostolicis
3490 515 3550 566 di-

358 621 464 661 non
497 617 674 677 potest
712 625 816 679 pax
864 605 980 667 ﬁeri
1012 613 1115 668 nisi
1163 614 1214 668 in
1244 615 1441 670 virtute
1475 616 1564 670 Dei
1599 634 1614 671 :
1648 617 1717 669 ita
1754 627 1807 670 et
1842 617 1930 670 hic
2030 613 2131 666 etis
2151 612 2519 683 accipiendum
2551 620 2634 666 est
2662 629 2680 662 ι
2705 610 2894 666 Omnis
2954 605 3118 661 homo
3153 606 3405 669 mendax,
3436 607 3552 660 nire

357 699 504 753 velut
544 703 945 770 pronuntiantis
982 719 1160 759 sermo
1190 707 1540 776 accipiendus
1589 718 1669 762 est
1703 727 1716 764 :
1750 725 1768 758 ε
1809 707 1929 762 Fiat
2031 705 2076 758 is
2106 705 2197 775 qui
2223 705 2275 759 in
2300 703 2430 773 legis
2461 705 2640 758 littera
2673 703 2792 758 sine
2817 701 2920 755 [ide
2947 699 3192 758 conlidit.
3220 697 3335 754 sive
3358 698 3400 751 is
3426 699 3550 766 quiin

355 801 538 847 autem
573 793 686 864 (77)
729 795 867 850 Deus
910 811 1094 863 verax,
1138 799 1317 854 oumis
1355 809 1536 854 autem
1566 799 1731 854 homo
1771 816 1924 854 mcn-
2029 796 2358 866 quibuslibet
2381 795 2723 863 dogmatibus
2739 802 2793 848 et
2817 792 3014 847 litteris
3032 791 3317 861 gloriatur.
3335 788 3430 843 Sed
3448 789 3552 856 obji-

356 882 484 935 dax.
521 900 541 937 ι
591 882 696 938 Sed
741 893 797 939 et
843 887 945 942 hoc
975 888 1255 942 sciendum
1280 898 1387 954 est,
1422 891 1565 959 quod
1595 904 1774 953 sermo
1802 892 1924 957 istc,
2030 890 2172 942 citur
2197 887 2356 941 nobis
2390 905 2404 939 :
2444 885 2498 941 Si
2526 885 2705 940 omnis
2735 884 2897 938 homo
2931 884 3158 936 mendax
3185 888 3292 943 est,
3319 878 3424 948 ipse
3447 876 3553 931 Pan-

355 972 412 1028 id
436 984 541 1038 est,
576 995 596 1028 ι
621 975 808 1033 Omnis
839 979 1002 1035 homo
1033 982 1297 1045 mendax,
1346 1000 1365 1033 ι
1401 981 1468 1036 de
1502 983 1710 1050 psalmo
1738 993 1925 1038 cente-
2030 978 2229 1045 lus',“,
2257 977 2386 1047 quia
2413 976 2572 1030 homo
2588 983 2700 1040 est,
2749 975 2852 1028 erit
2902 988 3034 1042 ergo
3092 971 3347 1025 mendax.
3393 968 3481 1023 Sed
3517 979 3555 1023 et

353 1063 494 1118 simo
515 1065 724 1122 decimo
739 1069 983 1138 quinto"
1009 1081 1318 1142 assumptus
1344 1082 1448 1138 est,
1477 1074 1743 1129 ubidicit:
1771 1093 1789 1124 ι
1817 1076 1925 1145 Ego
2031 1068 2198 1124 David
2226 1068 2315 1136 qui
2355 1067 2470 1121 hmc
2495 1067 2653 1132 dixit,
2688 1066 2815 1136 quia
2843 1064 3007 1119 homo
3025 1061 3150 1127 fuit,
3181 1051 3411 1115 siomnis
3432 1061 3553 1114 homo

354 1155 465 1210 dixi
509 1157 561 1210 in
608 1173 831 1214 excessu
874 1177 1034 1217 meo:
1063 1162 1254 1218 Omnis
1287 1164 1446 1218 homo
1486 1166 1738 1220 mendax.
1776 1187 1795 1219 ι
1829 1168 1926 1222 llic
2030 1163 2264 1217 mendax
2290 1170 2397 1226 est,
2419 1161 2599 1215 eritet
2638 1161 2754 1230 ipse
2789 1159 3048 1221 mendax,
3073 1165 3143 1212 .et
3175 1157 3280 1209 hoc
3304 1155 3459 1222 ipsum
3487 1154 3556 1206 fal-

352 1263 482 1302 vero
523 1251 590 1304 ad
627 1253 930 1309 evidentius
974 1255 1384 1311 illuminaudum
1415 1259 1658 1327 Apostoli
1703 1276 1921 1314 sensum

351 1355 459 1394 non
508 1342 755 1399 videatur
794 1345 908 1417 (78)
957 1347 1259 1418 legentibus
1309 1365 1601 1405 onerosum
1649 1353 1693 1406 si
1731 1353 1921 1421 psalmi

352 1429 522 1497 ipsius
575 1435 999 1505 continentiam,
1057 1442 1198 1496 unde
1249 1443 1476 1497 assumit
1527 1445 1920 1509 testimonium,

358 1524 602 1579 breviter
623 1540 972 1595 exponamus.
1002 1528 1228 1586 Videtur
1242 1547 1372 1603 ergo
1398 1533 1528 1588 mihi
1555 1534 1712 1589 talem
1734 1551 1922 1605 quem-

351 1617 474 1668 dam
526 1615 794 1686 Propheta
839 1622 1089 1678 nuntiare
1124 1637 1362 1679 sensum.
1405 1625 1536 1681 Cum
1583 1627 1746 1682 nmlta
1790 1630 1920 1694 sint,

2028 1271 2147 1312 sum
2199 1256 2339 1325 quod
2385 1255 2557 1308 dicit:
2596 1271 2614 1304 ι
2645 1251 2835 1308 Omnis
2893 1251 3054 1304 homo
3098 1249 3361 1312 mendax,
3397 1267 3413 1299 ι
3451 1253 3548 1317 quia

2027 1350 2342 1404 mendaeem
2387 1361 2447 1403 se
2495 1344 2805 1402 necessario
2856 1357 2980 1398 cum
3026 1342 3242 1396 caeteris
3293 1341 3555 1395 hominibus

2029 1441 2144 1511 ipse
2177 1441 2527 1511 pronuntiat;
2566 1447 2622 1492 et
2659 1437 2704 1491 si
2733 1435 2967 1490 mendax
2998 1443 3104 1498 est,
3139 1435 3327 1502 utique
3357 1449 3448 1488 non
3477 1437 3554 1488 erit

2025 1548 2211 1586 verum
2249 1531 2392 1600 quod
2428 1545 2455 1582 a
2485 1528 2744 1583 memiace
2761 1527 2985 1589 dicitur,
3015 1525 3144 1593 quia
3180 1543 3200 1576 ι
3237 1525 3410 1578 onmis
3433 1523 3556 1577 homo

2027 1623 2097 1678 sit
2121 1623 2376 1677 mendax.
2417 1639 2435 1673 ι
2467 1617 2691 1673 Videtur
2716 1632 2846 1687 ergo
2866 1631 3048 1672 sermo
3074 1616 3192 1684 ejus
3227 1615 3497 1669 incurrisse
3517 1617 3554 1668 iu

351 1707 551 1778 inquit,
574 1709 713 1779 apud
744 1713 990 1770 homines
1043 1716 1316 1786 dogmata,
1350 1726 1406 1772 et
1431 1717 1583 1774 multi
1626 1717 1691 1773 de
1726 1688 1924 1773 verita;
1956 1688 1998 1744 Β
2026 1715 2397 1785 syllogismum
2431 1711 2522 1780 qui
2557 1711 2752 1764 dicitur
2781 1725 3015 1777 aporus,
3051 1708 3102 1762 id
3142 1718 3254 1773 est,
3289 1709 3557 1762 insubstan-

353 1800 422 1852 tis
463 1801 810 1871 inquisitione
847 1807 1318 1877 philosophentur,
1337 1825 1569 1880 cumque
1597 1823 1845 1880 oporteat
1868 1814 1922 1867 iu

352 1891 436 1945 his
469 1894 726 1951 omnibus
768 1899 1157 1966 quaestionibus
1186 1903 1492 1971 prazcedcre
1540 1903 1736 1956 Filium
1783 1906 1872 1959 Dei
1906 1923 1918 1958 :

351 1983 440 2037 alii
465 1985 679 2053 quidem
711 1990 800 2057 qui
821 2005 926 2044 non
949 1991 1099 2059 prius
1128 1993 1411 2049 credentes
1437 1995 1788 2062 quaesierunt,
1814 2013 1920 2052 non

349 2077 674 2133 invenerunt
726 2098 740 2134 :
783 2095 882 2150 ego
949 2093 1127 2137 autem
1175 2086 1302 2153 quia
1355 2088 1561 2142 credidi
1631 2099 1920 2160 antequam

345 2184 678 2237 quaererem,
719 2172 924 2228 idcirco
963 2177 1103 2242 quod
1144 2177 1450 2246 quaerebam
1498 2179 1699 2244 iuveni,
1732 2191 1784 2235 et
1813 2196 1918 2235 non

346 2260 520 2312 solum
558 2262 761 2326 iuveni,
795 2264 889 2319 sed
911 2275 964 2320 et
995 2265 1205 2320 locutus
1231 2284 1371 2331 sum,
1399 2279 1452 2322 et
1477 2271 1792 2324 aununtiavi
1823 2287 1921 2340 po-

345 2351 485 2420 pulis
505 2369 667 2422 quam
698 2355 1010 2414 inveneram
1031 2361 1338 2416 veritatem.
1364 2361 1472 2417 Nec
1494 2374 1672 2418 tamen
1700 2364 1916 2419 inventa

345 2444 574 2501 veritate
607 2448 782 2504 elatus
814 2465 935 2506 sum
974 2453 1027 2506 in
1059 2454 1320 2523 sapientia
1345 2495 1361 2520 ,
1394 2471 1568 2524 neque
1607 2454 1824 2510 inﬂatus
1864 2458 1915 2512 in

344 2533 575 2591 scientia
619 2555 770 2604 mea;
811 2544 903 2597 sed
948 2559 1015 2598 eo
1059 2547 1228 2614 magis
1264 2547 1584 2605 humiliatus
1611 2565 1752 2621 sum,
1792 2567 1913 2606 cum

344 2628 540 2694 agnovi
574 2638 629 2684 et
656 2632 893 2689 intellexi
934 2635 1214 2692 Dominum
1247 2655 1366 2696 esse
1397 2642 1490 2710 qui
1521 2642 1678 2700 docet
1697 2661 1913 2701 onmem

342 2719 629 2777 scientiam
672 2725 741 2781 ⁷⁸.
779 2727 978 2784 Deinde
1010 2731 1364 2788 considerans
1402 2748 1524 2804 qua:
1575 2736 1823 2794 homines
1859 2749 1917 2795 et

343 2823 550 2878 quanta
578 2815 662 2871 vel
693 2817 837 2873 inter
863 2821 1230 2896 philosophos,
1265 2825 1346 2882 vel
1369 2826 1514 2883 inter
1533 2839 1760 2886 caeteros
1787 2831 1915 2886 bar-

344 2903 507 2961 baros
551 2907 619 2963 de
646 2909 879 2968 veritate
911 2913 1076 2969 locuti
1125 2925 1274 2986 sunt,
1316 2927 1373 2973 et
1407 2918 1535 2988 quia
1581 2934 1705 2975 cum
1743 2921 1915 2979 multo

2026 1807 2172 1860 tivus
2201 1806 2338 1874 (8'2),
2366 1805 2454 1872 qui
2479 1812 2534 1857 et
2559 1802 2725 1855 falsus
2758 1801 3080 1870 appellatur.
3114 1800 3224 1855 Sed
3251 1800 3296 1854 si
3317 1800 3556 1854 redeamus

2025 1899 2089 1952 ad
2139 1898 2452 1951 interiorem
2501 1895 2805 1961 Scriptura:
2866 1891 3223 1954 intellectum,
3269 1891 3558 1946 inveniemus

2021 1993 2164 2059 quod
2201 2003 2390 2043 omnes
2436 1987 2712 2055 prepheta:
2752 1984 2836 2038 vel
2881 1983 3108 2052 apostoli
3144 1998 3213 2036 ex
3255 1983 3362 2036 illis
3389 1971 3481 2037 sint
3509 1984 3556 2036 ςιιΙ

2021 2099 2158 2152 quos
2193 2095 2374 2135 sermo
2414 2079 2507 2134 Dei
2541 2079 2654 2149 (83)
2687 2078 2767 2142 lit,
2806 2076 2946 2132 sicut
2983 2076 3253 2145 scriptum
3300 2084 3380 2130 cst
3417 2092 3428 2125 :
3464 2093 3480 2124 ι
3511 2075 3557 2126 Et

2023 2177 2222 2229 factum
2269 2185 2352 2232 est
2396 2176 2622 2228 verbum
2663 2169 2877 2226 Domini
2924 2187 2944 2222 ι
2999 2169 3067 2222 ad
3110 2167 3288 2231 illum,
3334 2166 3412 2222 vel
3440 2168 3554 2230 illuni

2028 2269 2377 2339 prophetam.
2404 2267 2514 2321 llos
2542 2279 2676 2335 ergo
2712 2264 2778 2317 ad
2799 2277 2937 2332 quos
2965 2276 3149 2316 sermo
3177 2260 3273 2315 Dei
3307 2261 3384 2327 (it,
3417 2260 3558 2316 Donni-

2021 2377 2122 2418 nus
2163 2363 2214 2416 in
2255 2360 2550 2430 Evangelio
2578 2373 2684 2412 non
2716 2357 2965 2412 homines
2986 2356 3314 2423 pronuntiat
3340 2369 3468 2419 esse,
3489 2353 3557 2406 scil

2018 2457 2172 2512 deus.
2210 2453 2303 2509 Sic
2333 2453 2480 2509 enim
2513 2451 2646 2505 dicit
2678 2467 2692 2503 :
2733 2467 2750 2500 α
2781 2446 2937 2514 Quod
2965 2447 3011 2501 si
3048 2446 3172 2501 illos
3208 2447 3343 2500 dicit
3369 2446 3486 2500 deos
3507 2447 3557 2499 ad

2014 2561 2152 2618 quos
2172 2559 2355 2602 sermo
2382 2541 2474 2597 Dei
2495 2540 2574 2605 iit,
2593 2548 2650 2594 et
2678 2552 2782 2594 non
2801 2545 2980 2608 potest
2996 2536 3136 2591 solvi
3167 2535 3446 2604 Scriptura
3461 2535 3515 2589 “.
3540 2553 3555 2587 ι

2016 2638 2151 2707 Quia
2168 2649 2300 2706 ergo
2321 2643 2376 2689 ct
2389 2631 2641 2704 ad_David
2666 2639 2921 2698 tanquam
2941 2627 3286 2697 prophetam,
3309 2635 3364 2681 et
3379 2627 3440 2679 ad
3461 2625 3560 2680 Pau-

2014 2730 2125 2784 lum
2147 2739 2403 2797 tauquam
2425 2721 2726 2794 apostolum
2740 2733 2928 2793 sermo.
2940 2718 3030 2772 Dei
3057 2717 3235 2772 iactus
3250 2727 3356 2780 est,
3371 2716 3476 2770 sine
3490 2717 3562 2770 dn-

2014 2825 2104 2881 bio
2121 2839 2226 2878 non
2241 2829 2396 2876 erant
2413 2817 2683 2883 homines,
2703 2813 2797 2870 sed
2817 2813 2911 2879 dii,
2933 2814 2998 2865 ad
3017 2826 3156 2880 quos
3172 2826 3355 2866 sermo
3371 2809 3454 2863 Dei
3502 2810 3563 2862 la-

2004 2933 2125 2978 ctus
2139 2910 2410 2981 est.lgitur
2427 2907 2556 2980 quia
2571 2923 2676 2963 non
2697 2915 2856 2961 erant
2885 2903 3158 2970 homines,
3177 2903 3276 2958 sed
3295 2903 3385 2968 dii,
3405 2915 3556 2954 verum

342 2994 532 3102 labere
579 2999 744 3056 multa
785 3002 1052 3070 dicentes,
1094 3007 1230 3062 nihil
1267 3009 1610 3079 invenerunt,
1643 3011 1771 3082 quia
1801 3028 1911 3069 non
1942 3039 1988 3102 ρ
2018 3018 2103 3064 est
2132 3007 2278 3076 quod
2314 3005 2382 3065 de
2409 3002 2722 3058 hominibus
2745 3000 2959 3054 caeteris
2989 2995 3346 3067 pronuntiant
3371 2994 3431 3049 ad
3453 3007 3560 3062 quos

339 3089 694 3147 crediderunt
718 3102 1010 3166 antequam
1033 3109 1336 3168 quzererent
1369 3119 1384 3157 :
1417 3103 1772 3160 considerans
1795 3119 1916 3161 om-

344 3179 432 3232 nia
463 3196 652 3236 eorum
674 3186 761 3241 vel
787 3187 951 3255 dicta,
985 3190 1067 3246 vel
1093 3193 1318 3262 scripta,
1345 3202 1400 3250 et
1424 3196 1476 3250 in
1511 3211 1738 3253 excessu
1760 3213 1914 3254 men-

343 3271 414 3326 tis
456 3272 704 3342 eﬂ'ectus,
745 3278 797 3332 id
834 3289 939 3344 est,
973 3292 1194 3352 stupore
1233 3286 1416 3342 cordis
1449 3290 1733 3354 attonitus,
1771 3290 1916 3358 quod

343 3365 526 3419 omnia
564 3367 650 3422 illa
681 3369 1122 3441 philosophorum
1148 3377 1442 3445 volumina,
1483 3393 1604 3448 qua:
1633 3381 1914 3450 splendida

341 3467 398 3510 et
425 3458 739 3529 prmfulgida
779 3463 1108 3521 videbantur
1133 3469 1382 3523 oratione
1424 3471 1756 3539 composita,
1789 3486 1915 3538 pro~

343 3551 428 3605 cui
455 3568 484 3604 a
522 3553 755 3608 veritate
780 3555 1166 3624 consisterent,
1193 3559 1244 3612 in
1274 3575 1499 3614 excessu
1531 3571 1586 3616 et
1611 3562 1662 3615 in
1693 3572 1915 3630 stupore

343 3643 540 3698 mentis
568 3643 791 3700 eti‘ectus
815 3645 924 3701 dixi
952 3665 965 3701 :
1002 3665 1022 3698 ι
1049 3646 1238 3704 Omnis
1261 3647 1766 3709 homomcndax".i
1801 3650 1915 3721 Ego

339 3749 472 3790 vero
499 3735 585 3790 cui
615 3737 728 3790 haec
757 3738 1073 3794 ostenderat
1097 3739 1257 3806 Deus,
1288 3741 1531 3811 ingratus
1553 3755 1660 3794 non
1687 3741 1785 3804 fui,
1817 3743 1912 3796 sed

339 3823 574 3893 cogitavi
613 3836 669 3881 et
691 3829 914 3897 quaesivi
938 3830 1080 3900 apud
1111 3831 1510 3900 memetipsum,
1530 3833 1660 3901 quid
1690 3847 1786 3903 pro
1810 3833 1913 3888 hoc

339 3919 487 3985 quod
531 3919 662 3974 mihi
717 3920 982 3978 Dominus
1028 3924 1280 3992 praestitit
1326 3924 1605 3979 scientiam
1641 3925 1911 3988 veritatis.

340 4009 568 4066 Domino
593 4012 946 4079 rependerem
979 4015 1220 4074 muneris
1248 4032 1262 4069 :
1293 4015 1528 4071 intellexi
1560 4025 1738 4071 tamen
1767 4019 1913 4088 quod

339 4110 531 4156 natura
567 4102 661 4157 illa
681 4113 908 4167 aeterna,
930 4113 984 4160 et
1011 4108 1249 4161 onmium
1275 4108 1516 4176 domina,
1548 4109 1747 4166 nullius
1775 4110 1913 4164 imii-

336 4200 450 4258 get.
482 4189 659 4246 Unum
695 4209 825 4263 ergo
854 4195 1032 4251 inveni
1056 4198 1228 4252 solum
1261 4201 1408 4268 quod
1438 4215 1523 4256 me
1539 4199 1734 4256 oli'erre
1756 4217 1914 4270 opor-

339 4291 480 4337 teret
508 4285 641 4349 Deo,
667 4286 719 4339 id
747 4297 831 4341 est
861 4297 920 4341 ut
946 4289 1226 4343 crederem
1269 4289 1338 4344 de
1364 4304 1430 4346 eo
1467 4292 1612 4361 quod
1637 4307 1913 4362 nunquam

2016 3114 2197 3157 sermo
2214 3096 2308 3151 Dei
2322 3111 2434 3152 non
2448 3093 2622 3149 factus
2635 3103 2740 3158 est,
2753 3091 2878 3161 quia
2898 3107 2917 3141 ι
2941 3090 3120 3144 omnis
3134 3089 3304 3145 homo
3322 3086 3556 3142 mendax:

2013 3191 2106 3246 sit.
2123 3191 2230 3246 Sed
2251 3198 2306 3246 et
2327 3188 2469 3258 quod
2483 3186 2729 3256 sequitur
2757 3185 3112 3241 nihilominus
3129 3183 3198 3236 de
3214 3181 3419 3253 psalmo
3433 3178 3560 3246 quin-

2014 3283 2332 3354 quagesimo
2349 3290 2686 3349 assumptum
2707 3287 2816 3344 est,
2835 3278 2886 3332 id
2917 3287 3034 3331 est:
3063 3293 3081 3327 ι
3106 3272 3497 3342 Utjustiiiceris
3515 3269 3554 3322 ir.

2015 3374 2361 3432 sermonibus
2385 3372 2512 3438 tuis,
2526 3379 2580 3426 et
2596 3370 2783 3424 vincas
2803 3366 3223 3438 cumjudicaris.
3256 3385 3275 3417 ι
3295 3364 3388 3418 Est
3412 3372 3556 3414 autem

2015 3468 2069 3523 in
2086 3465 2295 3536 psalmo
2313 3465 2527 3532 integer
2539 3475 2731 3516 sensus
2747 3460 2851 3516 hoc
2865 3459 3027 3512 modo
3039 3457 3254 3527 positus
3275 3473 3288 3511 :
3311 3474 3329 3506 ι
3354 3453 3462 3507 Tibi
3481 3451 3556 3505 sol.

2016 3558 2264 3630 peccavi,
2285 3547 2350 3612 et
2379 3555 2580 3609 malum
2607 3567 2794 3609 coram
2822 3562 2875 3606 te
2912 3550 3014 3605 feci
3034 3591 3051 3613 ,
3085 3559 3144 3604 ut
3169 3547 3480 3616 justiliecris
3513 3546 3552 3595 in

2014 3649 2361 3708 sermonibus
2391 3647 2520 3709 tuis.
2550 3656 2604 3702 et
2624 3645 2812 3700 vincas
2843 3658 2965 3699 cum
2984 3641 3276 3714 judicaris.
3314 3659 3334 3692 ι
3363 3639 3424 3694 Et
3453 3653 3556 3707 quo-

2016 3745 2160 3798 niam
2195 3743 2416 3812 graudis
2445 3755 2706 3796 excessus
2733 3746 2819 3792 est
2845 3745 2906 3792 ut
2934 3737 3004 3791 ab
3027 3735 3182 3790 initio
3207 3735 3401 3805 psalmi
3433 3747 3556 3800 repe-

2019 3845 2218 3896 tamus,
2253 3833 2540 3888 brevitatis
2573 3845 2740 3887 causa
2777 3830 2932 3883 hunc
2975 3828 3392 3890 tantummodo,
3424 3835 3554 3894 quem

2018 3925 2070 3980 in
2103 3924 2278 3979 medio
2309 3924 2609 3992 posuimus,
2637 3920 2994 3975 discutiamus
3023 3933 3370 3982 sermonem;
3401 3916 3448 3968 in
3473 3929 3557 3982 quo

2015 4012 2205 4066 statim
2231 4013 2282 4065 in
2313 4013 2488 4078 primo
2515 4011 2628 4064 haec
2661 4008 2893 4064 diﬂieilis
2916 4009 3134 4064 videtur
3169 4007 3491 4078 explanatio.
3513 4001 3554 4054 Si

2016 4105 2161 4159 enim
2199 4104 2484 4159 historiam
2539 4117 2835 4171 sequamur
2882 4116 3004 4171 qua:
3057 4100 3108 4154 in
3171 4098 3554 4169 praetitulatione

2018 4197 2208 4267 psalmi
2238 4195 2438 4265 scripta
2471 4205 2577 4260 est,
2606 4196 2678 4249 ibi
2700 4194 2934 4248 refertur
2961 4203 3245 4261 perempto
3271 4191 3393 4246 Uria
3415 4189 3553 4241 Etlieo

2019 4304 2246 4344 uxorem
2279 4287 2395 4355 ejus
2418 4287 2693 4356 accepisse
2722 4285 2887 4339 David
2926 4285 2997 4338 ⁸⁵.
3039 4282 3324 4352 Quomodo
3353 4295 3470 4351 ergo
3488 4280 3553 4331 di-

336 4375 509 4443 possit
563 4376 632 4431 ab
687 4376 906 4432 homine
956 4378 1158 4448 aliquid
1221 4382 1492 4454 accipere,
1553 4383 1648 4438 sed
1699 4399 1914 4454 semper

2042 4382 2132 4436 rit:
2178 4401 2196 4432 ι
2237 4380 2356 4435 Tibi
2374 4379 2474 4434 soli
2507 4379 2762 4448 peccavi;
2802 4397 2822 4429 ι
2858 4393 2980 4432 cum
3020 4378 3206 4445 utique
3248 4375 3382 4431 etin
3415 4375 3552 4442 ipsum

336 4467 502 4534 dare;
527 4476 583 4523 et
605 4469 726 4523 ideo
741 4469 852 4525 dixi
879 4487 896 4524 :
919 4489 940 4524 ι
974 4470 1209 4526 Calicem
1227 4473 1483 4528 salutaris
1504 4475 1768 4543 accipiam
1783 4480 1860 4540 8‘t;
1888 4495 1907 4528 ι

335 4559 487 4614 velut
519 4561 564 4615 si
591 4563 976 4632 responderem
1010 4564 1125 4636 (79)
1164 4565 1365 4621 dicenti
1392 4585 1404 4620 :
1429 4564 1596 4622 Potes
1623 4586 1642 4619 ι
1683 4568 1910 4624 calicem

333 4651 544 4718 bibere,
591 4668 751 4723 quem
807 4669 910 4727 ego
949 4657 1220 4713 bibiturus
1281 4674 1402 4714 sum
1449 4655 1546 4713 "'i
1584 4679 1604 4712 ι
1655 4668 1712 4714 et
1760 4662 1908 4716 dice-

335 4761 450 4799 rem
477 4746 589 4816 (80)
617 4765 630 4802 :
658 4747 903 4815 Possum,
937 4749 1186 4806 Domine.
1223 4748 1314 4805 Sic
1341 4765 1472 4822 ergo
1505 4751 1591 4804 aio
1618 4769 1633 4806 :
1671 4750 1908 4810 Calicem

337 4840 604 4907 passionis
628 4851 734 4896 tuae
765 4842 1020 4907 libenter,
1052 4855 1107 4898 et
1133 4853 1241 4899 tota
1265 4845 1544 4900 voluntate
1581 4847 1908 4915 suscipiam;

332 4945 390 4989 ct
413 4943 472 4990 ut
509 4935 698 4992 caiicis
732 4939 834 5004 tui,
862 4939 914 4994 id
944 4948 1031 4995 est
1059 4940 1357 5010 passionis,
1385 4941 1616 5012 gratiam
1651 4941 1718 4997 ad
1745 4942 1907 4998 finem

332 5043 508 5085 useue
554 5045 898 5098 conservem,
944 5047 1051 5088 non
1096 5033 1259 5103 500
1297 5034 1435 5090 meis
1473 5035 1686 5091 viribus
1727 5050 1909 5107 agam.

439 5171 486 5202 ⁷⁵
516 5167 703 5223 Matth.
729 5181 806 5228 vl,
833 5165 921 5221 10.
1019 5164 1066 5196 ’⁸
1094 5163 1234 5219 Psal.
1265 5179 1406 5230 cxxt,
1438 5163 1493 5217 7.

1593 5161 1639 5194 "
1663 5175 1805 5216 vers.
1839 5161 1926 5216 il.

2023 4472 2208 4528 Uriam
2243 4471 2582 4536 peccaverit,
2623 4481 2678 4525 et
2721 4471 2772 4523 in
2823 4468 3157 4539 propinquos
3205 4468 3358 4539 ejus,
3393 4465 3476 4520 sed
3513 4473 3552 4515 ct

2020 4569 2074 4622 in
2111 4567 2281 4637 ipsam
2322 4564 2594 4620 Bersabee
2629 4577 2791 4634 atque
2832 4579 3050 4617 omnem
3085 4562 3304 4616 domum
3337 4561 3464 4631 ejus,
3488 4557 3551 4610 cui

2019 4658 2271 4714 intulisse
2297 4657 2565 4712 maculam
2605 4658 2820 4712 videtur
2853 4655 3132 4710 adulterii.
3176 4655 3282 4710 Sed
3311 4652 3550 4709 sciendum

2016 4752 2160 4823 quod
2194 4768 2302 4806 non
2333 4765 2550 4818 semper
2588 4748 3029 4819 pra‘titulationis
3070 4748 3354 4801 historiam
3397 4739 3550 4812 psalmi

2015 4847 2350 4902 continentia
2398 4843 2670 4910 sequitur,
2721 4851 2781 4895 ut
2831 4843 2884 4894 in
2929 4841 3183 4911 plurimis
3224 4838 3437 4908 psalmis
3480 4831 3548 4902 qui

2013 4939 2329 4996 observahit
2373 4936 2634 4991 inveniet.
2681 4935 2746 4988 Et
2771 4945 2828 4989 ut
2854 4935 3089 5004 exempli
3127 4949 3290 4988 causa
3320 4927 3548 4988 dixerim,

2014 5032 2206 5102 psalmi
2237 5029 2430 5086 decimi
2453 5027 2667 5098 septimi
2693 5027 3043 5096 prmtitulatio
3078 5037 3161 5082 est
3201 5045 3215 5081 :
3249 5045 3267 5078 ι
3311 5026 3365 5079 in
3400 5023 3547 5082 liuent,

2022 5162 2068 5194 ⁷⁸
2098 5159 2237 5215 Psal.
2269 5175 2431 5224 xcm,
2471 5158 2554 5213 10.
2651 5156 2695 5188 ⁷⁸
2727 5155 2867 5211 Psal.
2898 5172 2996 5210 cxv
3018 5194 3033 5217 ,
3067 5156 3156 5208 il.
3250 5155 3296 5188 ⁸⁸
3325 5153 3443 5209 ibid.
3476 5150 3538 5202 l5.

343 5245 386 5275 ‘”
419 5241 610 5296 Matth.
637 5254 726 5304 xx,
753 5225 842 5292 Ὧι
919 5233 965 5266 ⁸¹
991 5235 1132 5290 Psal.
1162 5250 1283 5300 cxv,
1317 5225 1402 5288 15.
1476 5233 1522 5272 ⁸³
1551 5231 1709 5288 Rom.
1740 5250 1821 5298 tu,
1851 5234 1903 5288 4.

2056 5231 2211 5286 Joan.
2240 5248 2291 5295 x,
2321 5230 2411 5285 55.
2485 5230 2530 5260 ⁸⁸
2563 5227 2607 5281 il
2640 5227 2772 5299 Reg.
2800 5243 2872 5292 χι,
2896 5226 2986 5288 26,
3018 5225 3108 5280 27.

411 5353 525 5423 (Π)
554 5352 662 5418 AL,
699 5369 719 5405 ι
759 5351 887 5408 Erat
909 5358 1118 5417 autem,
1151 5366 1172 5402 ι
1201 5351 1297 5407 sed
1327 5364 1459 5405 mss.
1490 5349 1664 5405 nostri
1693 5349 1914 5420 ubique,

345 5443 367 5483 ι
403 5425 544 5480 Fiat.
585 5444 606 5476 ιι

404 5494 518 5562 (78)
559 5491 724 5556 Editi,
747 5509 766 5543 ι
802 5489 1001 5545 Verum
1023 5491 1112 5545 'ad
1163 5490 1465 5546 evidentius
1499 5490 1914 5547 illuminaudum

343 5563 584 5632 Apusloli
621 5578 864 5624 sensum,
903 5577 970 5616 ne
994 5562 1260 5617 videatur.
1304 5579 1324 5614 ι

416 5633 529 5702 (79)
560 5634 719 5700 Editi,
759 5652 777 5685 ι
812 5633 1182 5704 responderet,
1213 5652 1232 5686 ι
1278 5631 1437 5691 male.

2099 5344 2211 5414 (80)
2231 5341 2339 5414 Al.,
2357 5359 2376 5391 ι
2397 5341 2632 5414 diceret;
2664 5357 2685 5390 ι
2717 5337 2911 5393 deinde
2939 5354 2958 5389 ι
2979 5336 3054 5390 ait
3073 5356 3094 5390 ι
3115 5354 3212 5408 pro
3234 5356 3253 5391 ι
3277 5340 3379 5403 aio,
3397 5353 3416 5390 ι
3434 5333 3551 5389 male.

2121 5415 2211 5478 81)
2247 5412 2357 5477 ΑΙ.,
2392 5429 2411 5462 ι
2443 5412 2671 5464 deitate.
2708 5428 2729 5461 ›

2121 5423 2211 5478 δι)
2247 5423 2357 5477 AL,
2392 5429 2411 5462 ι
2443 5423 2671 5464 deitate.
2708 5428 2729 5461 ι

2066 5423 2211 5568 iii!)
2241 5482 2688 5537 lnsubstantivus.
2745 5479 2852 5534 Sic.
2900 5495 3032 5535 mss.
3078 5479 3215 5532 Edili
3251 5495 3398 5544 vero,
3437 5475 3531 5527 ιιιιι

2025 5562 2224 5694 “iis,
2249 5621 2386 5697 Dci._
2415 5619 2473 5678 lu
2501 5620 2663 5679 editis
2693 5621 2943 5678 omnibus
2974 5621 3263 5679 omittitur.
