3684 6148
76 286 170 339 9'21

1010 272 1366 330 COMMENT.
1406 271 1470 326 IN
1511 268 1727 326 EPIST.
1765 269 1856 323 AD
1896 268 2061 324 IIOM.
2100 268 2228 323 LIB.
2273 268 2341 323 Ill

3230 266 3335 320 992

81 400 278 469 inquit,
309 408 480 467 puero
507 393 720 450 Domini
751 392 953 461 David,
989 393 1081 462 qui
1121 397 1332 449 locutus
1368 401 1452 448 est
1481 393 1646 448 verba
1679 399 1723 454 Α
1751 392 1864 460 qui.
1909 389 2040 443 Illud
2098 397 2279 443 tamen
2325 387 2468 458 quod
2522 386 2589 440 ad
2642 400 2754 441 rem
2787 385 3056 455 pertinet,
3091 385 3335 440 breviter

78 489 281 545 cantici
317 489 478 556 hujus
501 490 554 542 in
597 488 684 542 die
711 501 818 556 qua
854 486 1106 545 li‘bcravit
1139 501 1262 540 eum
1291 485 1550 540 Dominus
1581 485 1650 541 de

79 599 244 637 mann
298 581 540 637 omnium
589 580 932 634 inimicorum
981 593 1224 645 suorum,
1273 586 1329 632 et
1373 580 1440 632 de
1488 591 1651 631 mantt

83 675 236 739 Saul,
269 682 322 729 et
350 673 510 727 dixit.
541 689 560 723 ι
594 671 940 726 Continentia
971 683 1102 724 vero
1123 669 1310 736 psalmi
1336 668 1651 739 longealiud

80 779 240 832 quam
275 763 626 833 prmtitulatio
666 761 929 816 continet.
963 759 1092 825 Quae
1124 759 1269 815 enim
1297 759 1650 815 fundamenta

81 856 343 909 montium
371 863 643 909 commota
677 854 846 909 sunt?
869 863 964 908 aut
999 854 1273 922 quomodo
1300 852 1412 922 (84)
1445 861 1652 907 treme-

82 948 220 1000 facta
241 955 325 1001 est
359 955 526 1008 terra,
568 960 697 1001 cum
723 954 987 1016 pugnaret
1013 945 1182 998 David
1215 947 1506 999 adversum
1534 944 1648 998 ini-

81 1038 246 1091 micos
298 1036 590 1091 suos?Aut
637 1036 729 1090 ubi
771 1036 1010 1090 refertur
1054 1035 1227 1104 caligo
1274 1037 1374 1090 sub
1424 1035 1648 1105 pedibus

81 1129 287 1183 Domini
334 1128 548 1184 fuisse?
571 1128 654 1183 vel
687 1128 777 1182 ubi
825 1129 1099 1184 indicatur
1135 1129 1450 1184 ascendisse
1488 1144 1651 1198 super

79 1221 380 1283 cherubim,
412 1229 468 1274 et
493 1220 725 1284 volasse,
753 1218 837 1272 vel
863 1234 1028 1287 super
1050 1232 1253 1286 pennas
1275 1227 1654 1282 ventortun,et

79 1324 266 1367 caetera
308 1329 446 1383 pene
489 1314 670 1367 omnia
718 1328 836 1381 qua:
877 1328 906 1366 a
951 1311 1389 1382 prastitulationis
1423 1310 1649 1366 historia

78 1405 387 1459 omnimode
414 1402 897 1475 discrepantilloc
944 1419 1076 1475 ergo
1112 1406 1270 1460 modo
1303 1415 1357 1458 et
1397 1403 1450 1458 in
1493 1403 1651 1471 quin.

79 1497 390 1567 qnagesimo
410 1497 617 1566 psalmo
641 1513 760 1568 quae
785 1497 897 1569 (85)
916 1498 1212 1553 secundum
1234 1497 1515 1550 historiam
1541 1511 1646 1549 non

77 1585 425 1640 conveniunt.
450 1585 753 1640 Videndum
777 1597 859 1641 est
881 1601 946 1642 ne
973 1586 1116 1642 forte
1153 1587 1398 1642 mulieris
1434 1587 1486 1640 in
1509 1601 1650 1655 prte-

80 1674 383 1730 titulatione
411 1691 505 1744 per
531 1672 762 1746 ﬁguram
806 1678 1016 1732 idcirco
1050 1677 1192 1733 facta
1229 1679 1300 1733 sit
1328 1678 1552 1742 mentio,
1590 1686 1649 1732 ttt

1752 497 2163 552 prosequemur.
2207 481 2340 535 Cum
2363 519 2378 546 ,
2429 480 2628 548 inquit,
2663 478 2831 530 multa
2866 475 3142 532 subtilitas
3167 477 3243 543 sit
3277 479 3332 531 in

1751 577 2013 630 varietate
2047 583 2357 635 sectarum,
2383 581 2437 627 et
2467 572 2558 640 qui
2589 585 2785 625 sensus
2825 568 3123 623 secundum
3161 571 3330 624 Deum

1750 669 1840 735 sit,
1873 668 1961 736 qui
2003 681 2134 721 vero
2159 665 2370 720 alienus
2396 679 2426 719 a
2470 664 2578 718 Deo
2603 663 2655 716 in
2691 663 3108 716 tractationibus
3135 671 3188 717 et
3218 663 3332 715 dis-

1749 758 2125 830 putationibus
2173 755 2525 826 sapientium,
2559 754 2760 810 nullius
2785 755 2856 809 sit
2881 755 3046 820 scire,
3075 753 3159 807 vel
3183 753 3332 820 judi-

1751 866 1900 916 care,
1921 851 2023 906 nisi
2055 850 2228 906 solius
2253 849 2370 915 Dei,
2395 850 2486 918 qui
2511 847 2657 904 solus
2683 846 3333 918 potestcomprehendere

1750 944 2020 1013 sapientes
2048 943 2100 997 in
2124 943 2324 998 astutia
2347 957 2444 997 sua
2476 942 2524 974 9°
2552 955 2567 994 :
2600 941 2720 995 ideo
2752 957 2772 990 ‹
2816 940 2912 994 tibi
2951 939 3048 993 soli
3084 938 3328 1008 peccavi,

1750 1045 1806 1090 ct
1835 1035 2035 1089 malum
2083 1050 2268 1088 coram
2318 1044 2369 1089 te
2416 1034 2518 1089 feci
2541 1035 2614 1098 ",
2656 1052 2676 1086 ι
2721 1033 2848 1102 quia
2883 1031 3067 1086 caeteri
3114 1045 3328 1094 omnes,

1749 1136 1937 1196 utpote
1973 1127 2243 1182 animales
2289 1127 2558 1191 homines,
2606 1140 2711 1189 me,
2755 1124 2847 1194 qui
2884 1123 3146 1193 spiritalis
3185 1137 3330 1183 sum,

1749 1221 1962 1275 etiamsi
1996 1219 2197 1285 erravi,
2226 1219 2526 1289 dijudicare
2561 1233 2665 1272 non
2698 1228 2929 1286 possunt
2957 1235 2971 1271 :
2997 1216 3125 1285 quia
3153 1232 3172 1266 ι
3214 1216 3328 1282 spi-

1753 1312 1927 1366 ritalis
1963 1311 2174 1381 judicat
2214 1310 2420 1377 omnia,
2467 1311 2582 1379 ipse
2624 1323 2752 1363 vero
2792 1323 2820 1361 a
2869 1308 3086 1362 nemine
3119 1306 3328 1374 iudiea-

1753 1406 1921 1458 tur".
1957 1424 1974 1456 ι
2004 1405 2110 1459 Sed
2135 1404 2261 1473 quia
2288 1402 2650 1459 additl’aulus
2677 1422 2695 1454 ‹
2727 1402 3010 1472 spiritalis,
3036 1420 3054 1451 ι
3085 1411 3139 1454 et
3162 1401 3328 1454 dicit:

1756 1513 1774 1547 t
1820 1494 1921 1562 Qui
1973 1510 2152 1550 autem
2186 1495 2394 1566 judicat
2438 1509 2544 1560 me,
2592 1494 2852 1548 Dominus
2896 1502 2978 1548 est
3023 1492 3118 1546 ⁹³;
3163 1509 3183 1544 ›
3228 1493 3331 1545 hoc

1750 1591 1930 1645 sciens
1976 1599 2032 1644 ct
2085 1588 2253 1641 David
2298 1588 2442 1658 quod
2483 1586 2644 1663 solus,
2680 1585 2940 1641 Dominus
2972 1593 3060 1641 est
3092 1585 3182 1656 qui
3219 1584 3333 1654 spi-

1752 1682 1961 1736 ritalem
2017 1681 2308 1750 diiudicat,
2377 1681 2460 1735 vel
2521 1680 2844 1749 pr0phetam
2903 1677 3058 1749 (88),
3120 1676 3327 1738 idcirco

77 1767 172 1820 sub
201 1768 302 1820 hac
327 1766 693 1836 appellatione
721 1769 1254 1840 intelligaturaliqua
1279 1769 1404 1824 talis
1429 1769 1645 1834 mulier,
1679 1772 1721 1830 Β
1753 1771 1909 1843 5οι
1953 1773 2123 1828 dicit:
2160 1792 2178 1825 ι
2216 1772 2336 1828 Tibi
2371 1773 2471 1829 soli
2494 1773 2736 1842 peccavi,
2775 1791 2792 1824 ι
2831 1787 2862 1825 a
2889 1787 2997 1841 quo
3039 1769 3158 1826 solo
3197 1783 3328 1838 pos-

77 1855 157 1909 vel
187 1856 366 1925 qualis
392 1857 720 1913 describitur
753 1859 843 1912 illa
881 1859 1040 1915 fortis
1072 1876 1191 1928 qua:
1221 1861 1461 1931 duplices
1491 1862 1648 1915 chla-

78 1947 261 2016 mydes
291 1947 556 2004 fecitviro
577 1965 676 2005 suo
703 1950 772 2017 ⁸⁸,
802 1951 886 2006 vel
903 1961 1052 2006 certe
1080 1952 1207 2006 huic
1229 1953 1507 2008 contraria
1536 1954 1646 2026 (86)

78 2046 134 2090 ut
159 2039 374 2093 fuerunt
414 2040 518 2094 illa:
539 2055 660 2110 qum
680 2042 937 2096 dicuntur
957 2043 1258 2098 declinasse
1285 2059 1383 2104 cor
1409 2042 1651 2100 Salomo-

77 2129 156 2182 nis
183 2128 253 2193 ⁸⁷,
285 2138 347 2182 ιιι
391 2130 685 2186 aedificaret
719 2147 844 2187 aras
881 2135 1165 2204 gentium,
1209 2142 1264 2188 et
1311 2135 1477 2191 idola.
1520 2137 1650 2204 Quae

77 2221 257 2291 utique
286 2221 341 2274 in
385 2221 703 2292 allegoriam
747 2233 1002 2293 sumptae,
1059 2241 1165 2279 non
1199 2235 1423 2282 suntex
1469 2228 1648 2282 divina

77 2313 361 2382 sapientis,
391 2316 488 2370 sed
509 2331 576 2369 ex
608 2315 712 2370 illis
743 2331 864 2385 quae
892 2319 1085 2374 suntei
1122 2321 1431 2385 contrariae,
1469 2320 1520 2374 id
1543 2330 1645 2383 est,

78 2403 260 2480 aliena:
303 2419 332 2458 a
381 2404 487 2461 Deo
523 2419 709 2462 scene.
743 2407 891 2463 Talis
928 2425 1059 2480 ergo
1101 2420 1157 2465 et
1188 2412 1305 2467 haec
1335 2411 1481 2480 Urite
1511 2427 1650 2467 uxor

77 2479 226 2550 Ethei
256 2496 361 2550 viri
387 2497 553 2553 alieni
579 2499 649 2554 ab
680 2499 842 2555 Israel
871 2479 1100 2571 intelligi
1132 2513 1334 2572 potest,
1359 2479 1522 2573 quam
1549 2518 1648 2573 po-

77 2592 207 2645 situs
238 2591 292 2646 in
321 2594 700 2663 superioribus
729 2596 897 2650 David
920 2597 1223 2667 inspexerit
1249 2597 1522 2653 lavantem
1547 2599 1650 2652 im-

79 2682 371 2738 munditias
408 2699 537 2740 suas
583 2685 637 2739 in
668 2686 831 2756 aquis
862 2686 929 2751 ⁸⁸,
962 2695 1016 2741 et
1036 2687 1229 2743 sordes
1270 2703 1400 2744 suas
1441 2689 1648 2746 diluere

76 2773 364 2843 volentem,
417 2779 1076 2848 eamque'dcsideraverit
1105 2789 1163 2835 et
1206 2782 1498 2850 acceperit.
1539 2780 1646 2837 Sed

81 2868 198 2935 quia
225 2883 326 2923 non
357 2869 458 2925 fuit
483 2872 731 2928 voluntas
764 2874 975 2928 Pomini
1009 2873 1216 2929 alienas
1239 2875 1524 2937 averitate
1551 2875 1647 2930 Dei

80 2967 245 3015 seetas
271 2961 544 3018 introduci
581 2963 691 3035 (87)
736 2965 788 3017 in
833 2966 1052 3018 domum
1085 2963 1252 3019 David
1276 3007 1292 3032 ,
1326 2967 1497 3035 prima
1531 2965 1646 3033 ejus

81 3054 344 3119 nativitas,
377 3064 434 3110 et
451 3058 659 3124 primus
679 3056 888 3111 fruetus
911 3056 1296 3128 exstinguitur,
1327 3060 1642 3113 utsecunda

81 3150 326 3218 progenie
370 3164 467 3203 rex
512 3149 580 3202 de
625 3149 929 3218 alienigena
964 3151 1184 3219 sapiens
1229 3163 1544 3204 nasceretur
1573 3152 1646 3205 ⁸⁸.

83 3236 177 3290 Sed
201 3239 416 3310 longum
439 3249 522 3294 est
553 3241 743 3294 horum
784 3243 985 3310 liguras
1005 3281 1020 3305 ,
1051 3252 1106 3296 et
1134 3242 1419 3311 mnigtnata
1452 3258 1640 3312 perse-

1752 1879 1872 1917 sum
1906 1863 2214 1932 dijudicari.
2265 1864 2400 1918 Nam
2456 1861 2689 1918 hu'maua
2727 1866 2842 1919 dies
2884 1864 3185 1936 diiudicare
3217 1879 3326 1916 non

1753 1963 1930 2022 potest
1968 1953 2270 2022 spiritalem
2305 1954 2372 2009 ἰ.
2413 1954 2519 2010 Sed
2553 1965 2606 2010 et
2633 1956 2776 2023 quod
2807 1957 3052 2025 sequitur
3080 1955 3146 2008 ad
3183 1955 3328 2008 hunc

1751 2045 1975 2113 respicit
2028 2059 2302 2102 sensum:
2351 2065 2371 2100 ι
2403 2045 2473 2103 Ut
2526 2048 2848 2118 justificeris
2880 2049 2934 2101 in
2981 2046 3328 2102 sermonibus

1753 2136 1879 2204 tuis,
1899 2146 1953 2190 et
1971 2137 2164 2192 vincas
2189 2153 2311 2193 cum
2334 2137 2601 2206 jndicaris
2629 2139 2698 2192 ⁸⁸.
2728 2157 2750 2192 ι
2787 2136 3078 2193 Iudicatur
3096 2152 3331 2208 namque

1750 2227 1894 2284 Deus
1924 2229 1978 2283 in
2019 2229 2478 2295 disputationibus
2516 2230 2882 2301 sapientium,
2924 2231 3052 2284 dum
3103 2229 3190 2284 alii
3225 2231 3330 2285 hoc

1750 2321 1938 2384 modo,
1977 2320 2070 2374 alii
2104 2320 2232 2387 alio,
2275 2329 2329 2376 et
2365 2322 2580 2378 diverse
2603 2322 2800 2394 singuli
2829 2323 2898 2378 de
2929 2321 3036 2377 Deo
3057 2322 3328 2380 sentiunt.

1749 2412 1868 2482 lpse
1895 2429 2025 2470 vero
2053 2415 2227 2470 vineit
2253 2429 2349 2470 eos
2371 2415 2466 2484 qui
2498 2416 2563 2471 de
2590 2429 2653 2471 se
2675 2415 2949 2483 iudicant,
2983 2429 3108 2471 cum
3137 2428 3331 2468 erran-

1749 2506 1895 2561 tibus
1921 2507 2131 2563 cunctis
2159 2522 2316 2562 snam
2350 2509 2418 2563 de
2439 2523 2498 2562 se
2526 2507 2801 2578 quomodo
2835 2507 2920 2562 vel
2947 2507 3190 2576 qualiter
3209 2521 3334 2561 cre-

1748 2599 1958 2654 dendus
1977 2613 2044 2654 ac
2091 2599 2440 2654 venerandus
2473 2601 2548 2654 sit
2579 2599 2788 2654 revelat
2826 2598 2942 2667 ipse
2973 2598 3326 2654 sententiam.

1751 2692 1856 2748 Sed
1881 2691 2111 2747 sulﬁciat
2127 2694 2409 2763 hucusque
2429 2693 2605 2762 spatia
2627 2691 2852 2748 secundi
2877 2689 3173 2746 voluminis
3203 2703 3329 2745 esse

1749 2785 2036 2854 producta.
2072 2782 2269 2839 Nescio
2327 2800 2437 2854 quo
2495 2786 2699 2839 etenim
2747 2794 2908 2853 pacto
2940 2822 2957 2849 ,
2995 2783 3121 2838 dum
3177 2783 3327 2852 piget

1749 2878 2004 2932 omittere
2038 2877 2082 2931 si
2122 2893 2230 2947 qua
2266 2877 2642 2946 explanationi
2675 2875 2982 2932 necessaria
3022 2889 3329 2946 suggerun-

1761 2979 1868 3034 tur,
1897 2970 2195 3024 evolvimur
2224 2985 2253 3022 a
2278 2969 2588 3024 brevitate:
2620 2984 2805 3039 quam,
2834 2968 2880 3022 si
2911 2982 2998 3024 res
3028 2975 3326 3039 pateretur,

1749 3061 1974 3117 lectoris
2005 3061 2225 3118 fastidio
2277 3063 2670 3128 consulentes,
2720 3076 3054 3133 magnOpcre
3101 3074 3329 3116 servare

1750 3167 2096 3222 cuperemns.

1203 3565 1554 3654 LIBER
1633 3563 2195 3653 TERTIUS.

1638 3759 1717 3780 ~—

138 3924 184 3976 l.
218 3943 235 3974 ε
267 3915 318 3977 Si
349 3933 532 3977 autem
567 3918 821 3990 iniquitas
851 3926 1035 3972 nostra
1065 3909 1158 3969 Dei
1185 3912 1445 3984 justitiam
1475 3926 1626 3966 com-
1675 3920 1716 3979 ο
1748 3913 1912 3968 etiam
1941 3927 2038 3980 pro
2065 3909 2266 3966 Iudaeis
2301 3912 2522 3980 ponitur
2553 3926 2567 3963 :
2600 3921 2655 3964 et
2690 3925 2752 3963 ex
2785 3909 2916 3978 ipsis
2940 3908 3076 3966 alios
3104 3910 3325 3981 quidem

77 4011 312 4078 mendat,
339 4011 470 4081 quid
502 4008 782 4066 dicemus?
805 4006 1058 4076 Nunquid
1103 4004 1318 4074 iniquus
1362 4003 1506 4057 Deus
1536 4002 1627 4072 qui

79 4101 226 4157 infert
254 4104 424 4158 iram?
449 4103 761 4158 Secundum
803 4098 1076 4154 hominem
1105 4097 1242 4152 dico.
1271 4094 1444 4151 Absit.
1479 4095 1630 4150 Alio-

78 4185 197 4253 quin
229 4188 502 4256 quomodo
548 4186 819 4258 indicabit
867 4185 1010 4240 Deus
1060 4187 1205 4240 hunc
1235 4185 1541 4240 mundum?
1580 4183 1638 4239 Si

79 4276 210 4330 enim
239 4279 444 4334 veritas
491 4279 582 4332 Dei
616 4279 668 4332 in
728 4292 850 4333 meo
893 4277 1175 4332 mendacio
1229 4277 1531 4332 abundavit
1585 4277 1639 4330 in

78 4365 286 4434 gloriam
315 4369 453 4438 ejus,
482 4371 612 4440 quid
645 4371 824 4425 adhuc
857 4379 910 4424 et
936 4385 1037 4437 ego
1080 4377 1340 4438 tanquam
1379 4379 1640 4438 peccator

77 4456 298 4523 judicor,
323 4472 377 4516 et
408 4477 520 4516 non
563 4463 725 4531 (sicut
748 4464 1214 4534 blasphemamur,
1268 4472 1322 4517 et
1379 4464 1518 4517 sicut
1552 4459 1638 4517 di-

78 4558 204 4602 cunt
237 4566 336 4606 nos
375 4553 597 4621 quidam
629 4554 834 4627 dicere)
869 4555 1134 4610 faciamus
1167 4555 1306 4609 mala
1333 4565 1389 4610 ut
1416 4556 1639 4610 veniant

79 4635 492 4711 bona?quorum
522 4644 961 4713 damuatiojusta
1004 4655 1086 4701 est
1110 4647 1180 4704 ³⁸.
1225 4665 1245 4699 ι
1281 4645 1503 4701 Multum
1533 4648 1641 4703 for-

79 4730 229 4786 tassis
302 4732 703 4804 inconsequens
760 4738 1035 4792 videbitur
1078 4739 1214 4793 ordo
1271 4738 1484 4794 dicendi
1542 4756 1637 4810 per

78 4833 276 4878 omnem
319 4841 459 4896 pene
512 4837 718 4882 textum
769 4828 930 4898 hujus
965 4828 1220 4898 Epistola:
1271 4833 1340 4885 ab
1389 4832 1639 4900 apostolo

77 4909 234 4968 Paulo
262 4917 504 4986 digestus
534 4957 551 4984 ,
608 4919 734 4973 dum
781 4935 962 4974 sermo
996 4921 1114 4990 ejus
1151 4937 1297 4976 nunc
1347 4921 1635 4976 adversum

79 5014 252 5070 gentes
285 5007 557 5079 dirigitur,
585 5025 729 5064 nunc
769 5025 867 5079 pro
905 5012 1160 5081 gentibus
1197 5021 1554 5080 temperatur,
1581 5022 1638 5068 et

81 5107 278 5152 rursum
314 5101 606 5156 adversum
634 5099 874 5168 Iudaeos,
905 5113 957 5158 et
984 5104 1181 5159 iterum
1212 5105 1277 5160 de
1301 5103 1636 5172 Judaeis,aut

138 5189 178 5220 ⁸⁸
198 5191 531 5270 Ρλτονεξξιι,
552 5198 644 5252 2?...
708 5197 763 5270 κδ’
791 5198 852 5252 Ill
881 5199 1015 5268 ch-
1055 5215 1132 5263 ιίν
1164 5201 1200 5256 5
1224 5216 1342 5270 se‘I-

79 5273 152 5322 III,
178 5262 276 5336 _l9.
347 5265 394 5296 ⁹¹
426 5267 570 5322 Psal.
601 5285 653 5330 ι..
695 5269 752 5326 6.
826 5271 872 5302 "
903 5271 916 5320 Ι
950 5262 1074 5324 Cor.
1113 5262 1174 5336 ll,
1217 5262 1318 5336 l4,
1351 5272 1434 5327 l5.

74 5343 143 5393 Ill,
175 5331 287 5388 5-8.
362 5338 409 5370 "
446 5337 605 5393 Rom.
639 5355 722 5404 ut,
754 5340 810 5394 4.
885 5340 932 5372 ’⁸
971 5339 1016 5394 ιι
1046 5331 1170 5397 Cor.
1201 5331 1375 5409 ιιιίϐ.

139 5426 243 5504 (8ῥ)
272 5430 444 5504 _Alias,
480 5451 499 5487 t
539 5435 779 5504 quando.
812 5454 833 5488 ι

272 5501 438 5574 Editi,
467 5523 486 5556 σ
515 5499 678 5574 quod.
721 5526 740 5559 ι

139 5568 244 5640 (86)
274 5568 445 5639 Alias,
473 5593 494 5627 ι
531 5568 615 5630 Itis
637 5578 933 5640 contraria,
961 5595 981 5629 ι
1014 5578 1178 5636 male.

139 5637 249 5707 (87)
274 5642 382 5707 AL,
411 5637 439 5696 ε’
469 5645 836 5703 introducere.
872 5669 891 5701 ›

141 5708 247 5778 (88)
293 5711 385 5771 γει
406 5715 726 5785 prophetam.
765 5719 926 5776 Deest
957 5720 1008 5776 in
1042 5729 1202 5778 antea
1227 5721 1406 5779 editis.

1445 5201 1561 5256 “II
1617 5203 1746 5270 Reg.
1798 5202 1988 5265 xuii.

1537 5273 1582 5304 ”
1620 5272 1795 5329 lCor.
1823 5290 1896 5341 IV,
1931 5275 1988 5328 4.

1663 5481 1711 5538 D

1746 4004 1904 4058 laude
1933 4004 2064 4058 dicit
2095 4002 2288 4069 dignos
2314 4041 2330 4067 ,
2394 4001 2530 4056 alios
2591 4002 2882 4071 vituperat.
2916 4001 3050 4068 Quze
3108 4017 3324 4057 rursum

1743 4111 2000 4151 sensuum
2028 4094 2264 4148 varietas
2295 4102 2452 4148 extra
2485 4092 2656 4147 lineas
2685 4108 2811 4149 eum
2837 4091 3128 4164 proposita:
3155 4092 3326 4148 actio—

1743 4189 1830 4244 nis
1863 4187 1979 4260 (89)
2009 4188 2293 4258 putabitur
2319 4187 2616 4242 abduxisse
2637 4226 2654 4250 ,
2686 4187 2858 4242 veluti
2887 4201 3009 4241 cum
3044 4186 3324 4241 exclama-

1745 4281 1894 4335 tione
1932 4281 2104 4334 utitur
2137 4278 2228 4332 illa
2260 4292 2368 4348 qua
2414 4279 2536 4332 ait:
2575 4297 2595 4330 ι
2629 4277 2750 4333 Fiat
2801 4287 2986 4332 autem
3036 4275 3153 4350 (90)
3184 4276 3326 4332 Deus

1747 4388 1937 4438 verax,
1967 4371 2146 4426 omnis
2169 4381 2352 4426 autem
2381 4372 2543 4425 homo
2568 4372 2914 4437 mendax”;t
2959 4369 3044 4425 vel
3075 4370 3243 4423 etiam
3261 4384 3327 4424 ea

1747 4477 1910 4533 quam
1935 4471 2337 4532 consequenter
2364 4459 2604 4532 adjungit
2632 4474 2756 4514 cum
2795 4460 2962 4514 dicit:
2994 4475 3014 4510 ι
3045 4457 3102 4513 Si
3141 4469 3328 4513 autem

1749 4556 2007 4624 iniquitas
2039 4563 2223 4609 nostra
2258 4553 2354 4608 Dei
2383 4551 2652 4624 justitiam
2681 4551 3051 4614 commendat,
3091 4568 3112 4602 ι
3153 4558 3211 4604 et
3236 4563 3326 4602 re-

1749 4644 1920 4714 liqua,
1959 4653 2016 4697 ut
2044 4659 2140 4714 per
2171 4645 2273 4699 hoc
2305 4645 2372 4699 de
2399 4657 2627 4698 excessu
2665 4642 2718 4694 in
2752 4653 3039 4694 excessum
3081 4638 3331 4693 videatur

1743 4737 1984 4806 elapsus.
2019 4735 2124 4790 Sed
2159 4736 2252 4806 qui
2292 4735 2572 4789 credimus
2621 4734 2673 4788 ei
2721 4731 2927 4786 dicenti
2949 4771 2966 4796 ,
2998 4732 3121 4802 quia
3157 4748 3177 4782 ι
3213 4730 3331 4784 ido-

1745 4843 1875 4882 neos
1902 4844 2000 4883 nos
2033 4827 2164 4882 fecit
2197 4827 2479 4881 ministros
2514 4823 2652 4881 Novi
2682 4825 3041 4890 Testamenti,
3096 4839 3203 4878 non
3238 4823 3331 4876 lit-

1747 4929 1887 4984 tera,
1920 4921 2018 4975 sed
2047 4920 2244 4991 spiritu
2280 4919 2349 4984 ⁸⁸,
2383 4938 2403 4972 ι
2436 4933 2654 4974 sensum
2686 4919 2804 4989 ejus
2838 4917 3008 4972 multo
3039 4917 3326 4973 celsiorcm

1742 5029 1906 5086 quam
1951 5014 2200 5067 humanae
2224 5013 2359 5067 artis
2393 5012 2536 5067 ratio
2573 5013 2778 5067 habere
2803 5012 3082 5077 creditur,
3115 5011 3328 5065 inveni-

1743 5123 1884 5162 mus.
1917 5105 2021 5162 Per
2043 5121 2262 5162 omnem
2291 5121 2522 5176 namque
2543 5107 2703 5176 hujus
2726 5107 2978 5177 Epistula:
2996 5117 3202 5161 textum
3229 5104 3328 5158 do-

2062 5201 2108 5235 ⁸⁸
2134 5203 2172 5257 Il
2195 5204 2326 5274 Reg.
2347 5218 2444 5270 χιι,
2470 5202 2671 5268 19,24.
2696 5273 2709 5274 7
2749 5205 2795 5236 °°
2823 5203 2922 5258 Job
2949 5220 3002 5267 v,
3036 5204 3122 5260 13:
3151 5202 3167 5255 Ι
3197 5201 3326 5257 Cor.

2087 5274 2134 5306 ”
2157 5277 2175 5330 l
2201 5273 2327 5331 Cor.
2354 5290 2434 5342 tv,
2458 5275 2515 5329 3.
2615 5275 2663 5308 ⁸⁵
2691 5273 2837 5331 Psal.
2876 5291 2932 5341 ι,
2957 5275 3011 5330 6.
3087 5274 3134 5307 ⁸⁸
3161 5274 3321 5329 Itoni.

1812 5437 1926 5511 (89)
1950 5437 2043 5494 Sic
2076 5447 2229 5511 recte
2257 5454 2391 5511 mss.
2422 5439 2616 5511 nostri.
2649 5438 2794 5494 Editi
2817 5453 2947 5491 vero
2971 5445 3025 5491 et
3050 5451 3180 5492 mss.
3207 5434 3326 5505 qui.

1745 5509 1869 5564 dam
1901 5525 2185 5581 perperam
2215 5509 2417 5564 habent
2451 5529 2465 5565 :
2502 5529 2521 5562 t
2559 5510 2662 5576 Qui
2697 5524 2913 5564 rursum
2934 5522 3194 5563 sensuum
3227 5523 3322 5564 va-

1748 5582 1971 5637 rietates
2022 5590 2177 5634 extra
2213 5581 2383 5634 lineas
2419 5583 2708 5651 propositae
2734 5581 2984 5647 actionis,
3016 5597 3034 5631 ι
3071 5587 3180 5636 etc.

1818 5651 1931 5724 (90)
1957 5652 2039 5706 ΑΙ.
2064 5690 2080 5719 ,
2127 5669 2146 5704 ‹
2186 5666 2308 5706 cum
2350 5652 2469 5707 ait:
2503 5652 2585 5706 Sit
2615 5661 2817 5708 autem.
2857 5669 2875 5702 ο
