3684 6148
423 215 529 272 925

1864 220 2184 278 ORIGENIS
3524 230 3591 284 9-1)

423 351 552 390 cere
581 334 694 390 vult
719 350 840 405 qua:
873 335 1038 390 fuerit
1061 337 1143 392 vel
1179 347 1304 391 ante
1341 341 1633 394 adventum
1683 340 1882 394 Christi
1906 358 1996 394 sa-
2031 345 2071 400 Α
2103 355 2219 409 qum.
2253 339 2487 393 diximus
2519 338 2830 396 convenire.
2863 337 3171 393 Secundum
3213 340 3310 394 hoc
3361 357 3467 396 vero
3494 359 3589 412 quin

422 426 506 481 Ius
561 430 858 481 secundum
891 429 1063 494 legem
1098 429 1410 484 viventibus
1445 472 1458 493 ,
1490 431 1569 486 vel
1604 435 1874 500 quomodo
1907 449 2002 501 pcr

427 518 731 573 Salvatoris
757 519 1070 585 adventum,
1093 536 1308 574 rursum
1336 537 1401 575 ex
1433 523 1816 576 incredulitate
1842 523 2000 576 Israel

426 609 576 663 salus
610 613 861 680 gentibus
892 612 1249 678 conferatur;
1289 624 1344 668 et
1391 631 1604 668 rursum
1648 617 1789 684 quod
1829 631 2002 685 neque

423 713 490 753 ex
530 699 744 770 integro
775 713 987 770 gentes,
1021 703 1122 758 nisi
1158 719 1280 773 qua:
1297 707 1651 770 crediderint,
1679 707 1902 760 veniant
1935 708 2000 760 ad

419 791 690 857 salutem;
723 808 900 863 neque
921 811 988 849 ex
1018 796 1233 867 integro
1285 799 1582 868 abjiciatnr
1639 798 1803 854 Israel
1839 841 1853 865 ,
1906 802 2000 855 sed

425 901 444 932 ‹
479 883 722 952 reliquiae
753 904 772 936 ι
803 887 1141 942 credentium
1205 907 1224 940 ι
1265 891 1428 946 salva:
1465 910 1482 942 ι
1517 891 1650 945 ﬁant
1675 893 1742 946 ⁸³.
1777 891 1842 946 Ει
1879 893 2000 947 ideo

420 975 704 1040 confusus,
739 988 800 1031 ut
830 979 966 1043 dixi,
998 982 1212 1037 videtur
1235 985 1369 1038 ordo
1400 984 1635 1050 dicendi,
1673 985 1798 1038 dmn
1823 987 2000 1040 diver-

419 1065 616 1120 sitates
647 1070 981 1124 credentium
1007 1083 1062 1126 et
1091 1087 1198 1127 non
1227 1073 1570 1128 credentium
1605 1076 1777 1144 partis
1799 1078 2000 1132 utrius-

421 1174 527 1228 que
551 1166 922 1232 prosequitur.
974 1165 1030 1222 In
1079 1167 1280 1231 quibus
1320 1172 1633 1224 necessario
1686 1185 1996 1226 sermonem

420 1254 695 1306 convertit
717 1264 772 1310 et
793 1259 860 1314 ad
881 1256 1046 1312 Deum
1071 1266 1130 1314 ut
1152 1259 1204 1313 in
1232 1259 1316 1313 bis
1367 1261 1623 1316 omnibus
1666 1263 1999 1332 assumptio-

421 1359 548 1397 num
596 1347 1073 1416 repulsionumqtte
1120 1349 1464 1417 dilferentiis,
1523 1370 1650 1409 vera
1683 1357 1905 1424 quidem
1941 1367 1997 1411 et

412 1431 561 1498 justa
593 1435 682 1489 Dei
717 1437 910 1491 doceat
934 1438 1302 1508 essejudicia,
1339 1443 1570 1498 multum
1599 1454 1779 1499 autem
1813 1447 1867 1500 in
1898 1447 1999 1502 ho-

419 1517 662 1574 minibus
685 1523 964 1578 abundare
993 1529 1256 1582 mendacii
1291 1517 1399 1596 °;et
1442 1534 1563 1587 ideo
1601 1535 1734 1588 dicit
1762 1555 1774 1587 :
1827 1555 1844 1586 ι
1877 1537 1997 1590 Fiat

419 1619 598 1665 autem
628 1614 765 1667 Deus
799 1630 967 1671 verax
994 1657 1011 1685 ,
1073 1617 1254 1674 otnnis
1287 1632 1468 1678 autem
1515 1625 1674 1680 homo
1705 1629 1929 1681 mendax
1972 1646 1986 1693 ;

2108 431 2158 482 in
2200 430 2407 484 Latinis
2460 429 2887 495 exemplaribus,
2929 440 2986 484 et
3042 431 3314 485 nonnullis
3357 431 3590 491 Graecorum

2093 521 2450 576 invenimus:
2492 538 2512 572 ι
2544 521 2799 591 Nunquid
2859 523 3077 589 iniquus
3134 524 3274 576 Deus
3300 563 3314 584 ,
3356 525 3436 592 qui
3482 527 3590 581 ibim

2102 614 2274 667 iram?
2311 613 2622 668 Secundum
2654 614 2931 667 hominem
2957 613 3063 667 dic.
3125 614 3312 676 Absit;
3354 633 3372 666 ι
3402 617 3462 670 ita
3484 617 3589 670 intel—

2102 704 2376 774 ligendum
2419 706 2654 758 videtur.
2684 703 2798 756 Hoc
2831 705 2975 772 quod
3008 705 3207 757 dicitur
3240 722 3258 754 ι
3295 705 3478 773 iniquus
3497 707 3591 762 Deus

2100 799 2190 867 qui
2222 797 2389 852 infert
2443 798 2600 863 iram,
2655 816 2673 850 ι
2727 813 2825 866 pro
2855 813 2922 852 eo
2952 799 3094 866 quod
3123 816 3142 848 ι
3184 798 3434 868 injustitia
3464 816 3592 857 nostra

2093 887 2360 955 justitiam
2389 889 2483 944 Dei
2524 891 2897 952 commendat,
2937 907 2956 942 ι
2994 906 3098 944 non
3135 892 3420 944 secundum
3444 892 3592 958 Deum,

2099 991 2274 1046 neque
2307 979 2608 1032 secundum
2653 979 2982 1048 sapientiam
3016 980 3108 1033 Dei
3143 981 3364 1046 dicitur,
3394 984 3471 1035 sed
3499 1003 3513 1034 ι
3537 1003 3594 1039 se-

2098 1071 2330 1123 cundum
2364 1070 2662 1138 hominem,
2683 1089 2702 1123 ι
2735 1080 2788 1126 ει
2814 1071 3115 1126 secundmn
3155 1071 3258 1126 hoc
3303 1073 3431 1141 quod
3456 1076 3596 1129 dicitur

2102 1163 2327 1216 «omnis
2376 1161 2540 1216 homo
2592 1163 2827 1216 mendax
2871 1165 2914 1216 ².
2947 1181 2966 1216 ι
3026 1161 3153 1218 llaec
3205 1172 3377 1217 autem
3429 1166 3596 1222 diximus

2097 1251 2272 1320 ipsum
2313 1254 2492 1307 adhuc
2517 1253 2766 1309 ordinem
2803 1269 3114 1308 sermonum
3151 1264 3208 1309 et
3235 1255 3482 1310 dictorum
3507 1276 3595 1313 con-

2095 1346 2439 1414 sequentiam
2471 1355 2904 1414 pertractantes,
2931 1358 2990 1400 tit
3021 1347 3220 1402 divisio
3245 1347 3351 1416 ipsa
3377 1350 3596 1402 verborum

2094 1437 2420 1503 apertiorem
2457 1439 2616 1493 nobis
2669 1437 2872 1492 faceret
2940 1439 3276 1508 intelligendi
3320 1440 3462 1494 viaut.
3489 1442 3595 1496 Nunc

2094 1541 2228 1581 vero
2261 1527 2373 1596 jam
2399 1529 2578 1598 qualis
2621 1530 2674 1584 in
2698 1529 2787 1586 his
2825 1530 3172 1586 sermonibus
3198 1531 3442 1584 habeatur
3458 1548 3596 1587 sensus

2095 1621 2396 1673 secundum
2457 1622 2832 1691 dignationem
2894 1623 3252 1692 apostolicam
3308 1627 3594 1694 requiramus.

417 1704 560 1756 sicut
615 1706 878 1775 scriptum
915 1720 1042 1766 est:
1076 1710 1149 1766 Ut
1191 1712 1513 1780 justiticeris
1547 1718 1598 1770 in
1648 1721 1940 1773 sermonibt

2099 1707 2290 1764 Omnis
2319 1711 2607 1781 disciplina
2652 1728 2720 1767 ex
2768 1716 3070 1784 proSperis,
3099 1725 3152 1768 et
3199 1731 3264 1769 ex
3295 1719 3520 1781 adversis,
3543 1721 3595 1771 vel

418 1796 545 1858 tuis,
575 1806 630 1850 et
664 1799 849 1855 vincas
885 1817 1006 1856 cum
1049 1803 1313 1871 iudicaris
1338 1808 1378 1874 ',
1415 1826 1435 1858 ι
1487 1809 1555 1863 de
1584 1811 1785 1879 quibus
1832 1825 1993 1882 prout

415 1887 690 1954 potuimus
725 1890 778 1944 in
820 1896 1195 1964 superioribus
1248 1899 1506 1956 diximus.
1555 1904 1638 1958 Ad
1693 1905 1810 1960 haec
1859 1921 1992 1975 ergo

414 1992 560 2032 nunc
591 1981 778 2036 videns
811 2000 969 2053 posse
997 1988 1100 2042 sibi
1132 2004 1163 2044 e
1208 1994 1485 2048 contrario
1506 1996 1800 2051 verisimile
1826 1999 1988 2068 objici

413 2070 539 2134 quia
569 2072 612 2124 si
642 2082 698 2125 ut
734 2073 874 2131 Deus
925 2093 1090 2134 verax
1117 2068 1210 2143 sit,
1246 2085 1559 2141 mendacem
1604 2102 1728 2144 esse
1768 2104 1988 2146 omnem

413 2159 685 2217 hominem
716 2181 939 2222 necesse
963 2179 1072 2236 est,
1123 2181 1177 2226 et
1211 2173 1256 2228 si
1303 2175 1516 2245 justitia
1547 2179 1643 2233 Dei
1682 2196 1778 2250 per
1810 2182 1988 2237 homi—

414 2263 544 2304 num
581 2252 898 2321 injustitiam
925 2265 1375 2334 commendatur,
1435 2268 1667 2338 injustus
1719 2273 1990 2329 videbitur

413 2339 576 2409 Deus,
613 2345 703 2413 qui
730 2346 866 2401 iram
897 2351 1214 2408 hominibus
1243 2355 1462 2422 inferat,
1493 2373 1615 2414 cum
1669 2377 1767 2431 per
1818 2364 1990 2418 homi-

409 2446 542 2486 num
577 2435 892 2505 injustitiam
928 2457 1081 2496 suam
1105 2445 1378 2514 justitiam
1429 2450 1608 2506 videat
1643 2459 1983 2524 approbari:

411 2521 456 2574 si
500 2525 645 2578 cnim
674 2538 880 2594 nostra,
914 2534 1016 2589 hoc
1044 2545 1149 2599 est,
1184 2537 1458 2593 hominum
1489 2521 1750 2612 injustitia
1784 2548 1875 2603 Dei
1897 2549 1987 2617 ju-

406 2615 612 2670 stitiam
647 2626 1012 2690 commendat,
1048 2644 1152 2681 non
1185 2632 1372 2698 utique
1403 2649 1562 2700 paena
1611 2638 1758 2706 digni
1808 2615 1987 2697 homi-

409 2725 505 2763 nes
533 2710 860 2770 videbuntur
891 2736 986 2788 per
1013 2737 1148 2790 quos
1168 2723 1382 2792 justitia
1415 2728 1507 2782 Dei
1527 2730 1862 2797 probabilior
1884 2737 1984 2792 ha-

407 2799 565 2852 betur
590 2812 644 2856 et
676 2804 876 2860 clarior
905 2825 919 2860 :
953 2812 1058 2865 Sed
1090 2813 1254 2880 absit,
1295 2817 1490 2886 inquit,
1521 2829 1579 2873 ut
1605 2820 1706 2876 hoc
1737 2824 1810 2878 ita
1844 2827 1982 2882 reci-

404 2893 637 2959 piamus,
670 2897 912 2969 iniquum
945 2902 1115 2959 videri
1151 2907 1317 2961 Deum
1345 2911 1435 2978 qui
1470 2911 1691 2968 inducat
1721 2914 1858 2970 iram
1888 2918 1986 2972 ad-

407 2995 620 3036 versum
658 2985 927 3045 homines.
950 2990 1232 3059 Quomodo
1258 2999 1402 3053 enim
1434 3000 1673 3070 injustus
1703 3005 1984 3074 putabitur

401 3073 496 3142 qui
523 3074 731 3143 judicat
763 3083 1042 3153 mundum,
1079 3103 1200 3142 cum
1243 3090 1358 3158 ipso
1391 3093 1612 3149 nomine
1635 3073 1836 3164 judicis
1868 3101 1980 3169 (91)

402 3167 725 3220 ostendatur
753 3170 884 3225 nihil
918 3175 1036 3229 sine
1061 3177 1264 3243 judicio
1289 3181 1509 3238 facere?
1563 3185 1665 3242 Ubi
1691 3200 1869 3244 autem
1901 3167 1984 3260 ju-

402 3255 602 3310 dicimn
635 3271 739 3323 est,
766 3275 983 3320 constat
1013 3284 1133 3322 esse
1166 3271 1461 3340 justitiam.
1501 3274 1546 3330 A
1573 3277 1786 3347 justitia
1814 3255 1978 3336 nam-

401 3363 510 3415 que
535 3357 588 3402 et
612 3349 777 3417 judex
815 3356 1145 3426 etjudieium
1182 3364 1518 3422 nominatur.
1547 3367 1604 3423 Si
1635 3383 1784 3438 ergo,
1815 3381 1872 3426 ut
1898 3372 1983 3427 in-

397 3436 529 3507 justi
555 3440 687 3534 (9'2),
729 3447 924 3514 inquit,
962 3448 1120 3520 502
1162 3469 1264 3508 nos
1289 3455 1570 3513 allirmare
1619 3436 1934 3534 confingunt
1961 3505 1977 3531 ,

404 3547 425 3579 ε
459 3533 661 3586 veritas
695 3535 789 3591 Dei
825 3540 875 3591 in
903 3557 1024 3597 meo
1063 3545 1346 3601 mendacio
1375 3547 1694 3619 abundavit,
1732 3573 1753 3606 ι
1783 3533 1977 3626 super-

399 3620 508 3677 lluo
553 3642 572 3676 ι
615 3641 714 3696 ego
764 3640 1021 3701 tanquam
1081 3641 1612 3711 peccatorjudicor.
1641 3663 1660 3697 ι
1705 3645 1810 3702 Sed
1847 3620 1976 3705 illud

398 3716 574 3783 magis
603 3718 874 3778 videbitur
901 3725 953 3778 in
985 3741 1094 3796 quo
1125 3727 1502 3800 blasphemant
1553 3750 1653 3791 nos
1681 3778 1698 3804 ,
1755 3737 1974 3809 inquit,

396 3806 554 3873 quasi
585 3808 688 3863 hoc
719 3811 1002 3869 videamur
1031 3817 1213 3874 dicere
1241 3861 1255 3886 ,
1288 3829 1345 3876 ut
1367 3837 1411 3877 sn
1442 3825 1641 3882 veritas
1677 3827 1769 3882 Dei
1801 3806 1853 3885 in
1887 3831 1981 3886 ho.

400 3897 612 3952 minum
646 3905 934 3961 mendacio
961 3911 1132 3980 magis
1182 3914 1517 3980 ostenditur,
1545 3927 1594 3972 et
1620 3919 1833 3988 justitia
1861 3923 1977 3990 ejus

395 4003 493 4056 per
517 3993 794 4048 hominum
843 3997 1162 4068 injustitiam
1180 4009 1588 4075 comprobatur,
1610 4030 1628 4062 t
1654 4012 1971 4075 Faciamus»

397 4097 530 4151 ergo
557 4099 654 4140 nos
690 4106 708 4138 ι
739 4089 901 4155 mala,
933 4101 992 4146 ut
1029 4111 1048 4145 ι
1081 4111 1145 4149 ex
1193 4098 1351 4153 malis
1390 4118 1409 4151 ι
1452 4103 1708 4156 eveniant
1738 4105 1918 4174 bona;
1952 4127 1970 4160 ι

397 4185 452 4228 et
477 4177 806 4231 mentiamur
827 4195 947 4246 nos,
983 4193 1041 4236 ut
1063 4198 1128 4238 ex
1159 4197 1348 4241 nostro
1379 4192 1661 4248 mendacio
1695 4194 1788 4248 Dei
1834 4199 1974 4251 veri-

397 4283 480 4320 tas
514 4268 795 4324 clarescat.
827 4272 930 4327 Sed
972 4275 1086 4330 haec
1117 4279 1334 4347 quidem
1370 4283 1435 4336 de
1469 4283 1626 4339 nobis
1660 4285 1977 4358 contingunt

2095 1803 2386 1856 contrariis
2403 1813 2640 1858 constat.
2662 1802 2824 1858 Verbi
2853 1805 3059 1874 gratia:
3101 1806 3362 1860 medicina
3380 1808 3594 1863 Scientiain

2095 1907 2203 1946 non
2234 1893 2408 1947 solum
2467 1895 2745 1962 sanitatis,
2793 1897 2888 1952 sed
2915 1905 2969 1952 et
3025 1896 3305 1967 languoris
3341 1899 3596 1968 proﬁtetur:

2092 1993 2144 2038 et
2173 1986 2420 2052 quamvis
2454 1986 2709 2041 sanitatis
2747 1988 2987 2042 studium
3016 1999 3213 2058 gerat,
3258 2005 3357 2044 non
3393 2003 3596 2059 potestia-

2096 2091 2216 2130 men
2254 2082 2466 2132 nescire
2497 2095 2616 2147 quae
2658 2079 2932 2149 languoris
2958 2092 3106 2140 sunt.
3163 2082 3420 2138 Similiter
3442 2095 3485 2138 et
3507 2103 3595 2154 pru-

2093 2169 2272 2223 dentia
2307 2183 2401 2238 per
2428 2169 2554 2224 boni
2591 2180 2646 2225 et
2669 2171 2798 2225 mali
2825 2172 3108 2227 scientiam
3145 2186 3358 2230 constat
3389 2195 3403 2232 :
3430 2189 3476 2232 et
3497 2188 3592 2232 tem-

2091 2262 2340 2328 perantia
2368 2276 2489 2331 qua:
2522 2261 2768 2333 eligenda
2802 2271 2857 2316 et
2884 2278 3004 2332 quae
3030 2267 3274 2319 cavenda
3310 2271 3427 2333 sint,
3457 2271 3592 2323 novit:

2089 2359 2146 2405 et
2182 2351 2446 2408 fortitudo
2476 2370 2582 2408 non
2615 2356 2831 2424 ignorat
2873 2371 2995 2424 qua:
3051 2357 3118 2412 ad
3153 2357 3472 2414 formidinem
3513 2377 3595 2429 spe-

2090 2446 2262 2494 ctant.
2286 2436 2361 2495 lta
2381 2443 2674 2513 etjustitia.
2699 2444 2756 2499 Si
2781 2444 2925 2499 scire
2958 2445 3212 2502 volumus
3241 2450 3363 2518 quid
3393 2461 3464 2504 est
3485 2449 3592 2516 justi-

2091 2531 2183 2598 tia,
2211 2547 2430 2588 necesse
2455 2543 2538 2588 est
2561 2531 2671 2606 (94)
2691 2550 2790 2590 nos
2812 2536 2952 2591 seire
2964 2539 3093 2608 quid
3116 2550 3202 2594 est
3223 2541 3490 2609 injustitia:
3511 2558 3591 2596 cum

2087 2631 2265 2678 autem
2301 2625 2513 2692 plenam
2544 2611 2826 2680 scientiam
2877 2627 3160 2697 injustitia:
3199 2635 3500 2702 ceperimus,
3547 2651 3590 2688 et

2088 2713 2202 2783 ipsa
2236 2729 2356 2784 qua:
2379 2718 2454 2771 sit
2477 2719 2643 2770 etiam
2669 2717 2882 2787 ju5titia
2911 2735 3340 2790 cognoscemus:
3366 2741 3470 2778 cutu
3490 2725 3590 2779 enim

2086 2808 2343 2862 claruerit
2405 2810 2535 2879 quid
2596 2811 2667 2865 sit
2712 2815 3020 2884 injustum,
3080 2830 3463 2884 consequenter
3505 2818 3591 2883 quid

2085 2901 2250 2954 etiant
2278 2899 2486 2968 justum
2519 2903 2590 2958 sit
2626 2908 2928 2975 apparebit.
2961 2908 3026 2962 Et
3069 2909 3328 2978 quoniam
3355 2907 3528 2976 justitia
3556 2909 3590 2961 in

2088 2991 2196 3048 Deo
2227 3003 2331 3059 est,
2366 2994 2523 3064 cujus
2547 3007 2737 3051 natura
2773 2999 3013 3055 humano
3033 3002 3218 3056 sensui
3248 3001 3492 3056 inaccessa
3512 3013 3588 3054 est:

2086 3085 2353 3154 injustitia
2385 3101 2516 3143 vero
2564 3091 2617 3143 in
2672 3091 2830 3147 nobis
2864 3092 3179 3148 hominibus
3207 3133 3224 3160 ,
3271 3091 3351 3148 vel
3379 3094 3512 3147 etiam
3553 3094 3587 3145 iu

2083 3189 2408 3244 unaquaque
2437 3178 2747 3233 rationabili
2770 3190 3021 3236 creatura
3047 3181 3311 3248 habetur;
3340 3197 3401 3238 ex
3428 3182 3508 3236 hac
3525 3197 3589 3234 no-

2083 3277 2200 3322 stra
2244 3267 2508 3337 injustitia
2536 3285 2657 3340 qua:
2694 3271 2854 3327 nobis
2903 3282 3030 3328 nota
3081 3283 3190 3340 est,
3228 3274 3315 3328 illa
3351 3287 3456 3344 qua
3481 3273 3589 3326 nobis

2084 3358 2230 3414 velut
2260 3360 2539 3416 inaccessa
2573 3371 2677 3427 est,
2711 3372 2768 3418 et
2795 3364 3360 3434 incomprehensibilis
3382 3405 3397 3431 ,
3436 3364 3587 3432 Deiju-

2081 3451 2231 3507 stitia
2257 3451 2370 3522 (95)
2400 3456 2768 3524 cognoscitur,
2803 3469 2857 3510 et
2879 3458 3316 3522 commendatur,
3341 3467 3390 3513 et
3417 3457 3528 3511 velut
3543 3472 3586 3509 ex

2081 3545 2362 3599 contrario
2387 3545 2726 3600 contrarium
2775 3548 3044 3616 proditur.
3099 3547 3268 3605 Natat
3299 3550 3449 3622 igitur
3493 3564 3584 3617 apo-

2081 3635 2256 3692 stolus
2289 3635 2489 3692 Paulus
2514 3638 2839 3709 imperitiam
2873 3639 2985 3708 (96)
3020 3655 3244 3708 eorum,
3277 3643 3363 3713 qui
3397 3643 3585 3695 inconse-

2079 3737 2337 3798 quentem
2365 3727 2630 3798 objiciunt
2677 3731 3035 3801 quaestionem
3065 3772 3082 3797 ,
3123 3743 3374 3802 putantes
3401 3733 3583 3800 iniquum

2078 3834 2198 3874 esse
2233 3821 2398 3875 Deum
2435 3822 2524 3890 qui
2556 3822 2691 3875 iram
2718 3823 2773 3876 in
2814 3823 3125 3879 hominibus
3152 3825 3404 3889 inducat,
3432 3838 3510 3894 pro
3541 3836 3585 3874 eo

2079 3911 2222 3982 quod
2248 3911 2461 3983 justitia
2493 3913 2610 3984 ejus
2633 3928 2700 3968 ex
2743 3925 2931 3970 nostra
2956 3915 3171 3986 justitia
3203 3917 3583 3972 commendetur:

2079 4005 2392 4073 ignorantes
2421 4015 2603 4060 autem
2635 4021 2739 4060 non
2762 4018 3108 4077 peccatorum
3147 4018 3440 4064 nostrorum
3468 4007 3585 4061 bene-

2079 4096 2224 4162 ficio,
2255 4099 2348 4151 sed
2380 4097 2547 4167 ipsius
2579 4097 2808 4152 rationis
2845 4099 2960 4152 ﬁeri
2991 4100 3402 4169 consequentia,
3423 4108 3470 4152 ut
3489 4111 3581 4150 con-

2077 4188 2249 4242 traria
2283 4203 2349 4243 ex
2387 4188 2677 4243 contrariis
2716 4190 3110 4259 approbentur.
3148 4190 3273 4246 Ideo
3305 4205 3422 4259 ergo
3447 4189 3507 4242 sic
3527 4187 3582 4236 di-

2077 4281 2151 4335 cit
2176 4279 2466 4350 Apostolus
2498 4298 2510 4334 :
2541 4297 2561 4332 t
2598 4280 2654 4334 Si
2683 4291 2866 4335 autem
2911 4280 3173 4350 injustitia
3203 4294 3378 4336 nostra
3422 4281 3494 4334 Dei
3515 4279 3578 4348 ju-

392 4359 836 4428 blaspbemantes
866 4382 984 4434 nos,
1013 4372 1153 4438 quod
1178 4374 1332 4441 quasi
1357 4389 1424 4428 ex
1456 4375 1623 4444 ipsius
1646 4381 1969 4437 assertionis
2001 4403 2046 4458 ι)
2081 4371 2290 4426 Stitiam
2327 4373 2673 4426 commendat
2699 4410 2714 4435 ,
2758 4374 2889 4442 quid
2936 4375 3221 4429 dicemus?
3258 4373 3481 4443 Nunquid
3511 4369 3580 4421 iiii-

393 4461 596 4505 nostrm
633 4457 752 4528 (95)
787 4463 1175 4530 consequentia
1204 4469 1317 4519 haec
1353 4466 1458 4520 dici
1493 4467 1576 4521 vel
1607 4473 1863 4540 consequi
1893 4474 1968 4527 vi-

391 4543 642 4600 dcantur.
689 4549 840 4616 Quod
883 4555 1022 4608 ratio
1072 4556 1347 4625 dogmatis
1397 4559 1568 4613 nostri
1597 4563 1822 4618 omnino
1857 4579 1962 4619 non

391 4634 604 4704 recipit,
633 4639 724 4705 qui
761 4640 968 4709 justum
997 4653 1048 4698 et
1099 4660 1284 4698 verum
1325 4645 1678 4715 intelligimus
1721 4650 1963 4718 judicent

391 4723 580 4779 Deum.
625 4728 918 4786 Sciendum
969 4750 1101 4790 sane
1141 4745 1275 4798 est,
1335 4739 1478 4806 quod
1530 4739 1583 4792 in
1633 4740 1962 4809 quibusdam

384 4817 549 4871 etiam
580 4817 786 4876 Graecis
816 4825 1220 4894 exemplaribus
1243 4827 1323 4882 sic
1351 4829 1628 4883 invenitur
1658 4848 1672 4884 :
1732 4850 1752 4883 ι
1814 4830 1964 4886 Nun-

381 4911 509 4980 quid
547 4911 763 4981 iniquus
796 4915 954 4981 Deus,
983 4918 1070 4986 qtti
1108 4917 1272 4973 infert
1303 4918 1437 4972 iram
1483 4921 1766 4976 adversum
1795 4923 1968 4977 humi-

384 5020 480 5057 nes
503 5003 556 5057 ἲ»
591 5005 658 5060 Ει
689 5008 862 5079 magis
883 5013 1180 5066 secundum
1202 5012 1363 5079 hunc
1392 5029 1610 5068 sensum
1646 5014 1968 5070 videbuntur

453 5167 500 5202 ”
528 5167 691 5224 Rom.
727 5182 807 5236 nt,
835 5169 931 5224 27.
1009 5172 1027 5202 ί
1052 5172 1210 5228 Rom.
1233 5188 1317 5239 ιιι,
1351 5175 1418 5234 4:
1447 5173 1592 5230 Psal.
1624 5189 1680 5243 ι,
1716 5174 1770 5230 6.

454 5309 566 5386 (9!)
596 5311 682 5386 At.
707 5350 722 5372 ,
754 5328 775 5362 ε
811 5327 933 5386 cum
968 5313 1021 5367 in
1055 5313 1171 5382 ipso
1205 5316 1655 5386 nominejudicii.
1699 5339 1718 5370 ι

453 5381 570 5457 (9:2)
591 5380 724 5457 Mss.
753 5383 970 5457 quidam
995 5380 1202 5457 etediti
1236 5380 1516 5456 perperam
1550 5390 1956 5457 habent,risti.a

455 5455 566 5520 (93)
602 5453 835 5506 Nostra).
868 5455 1026 5510 Deest
1060 5456 1112 5508 in
1137 5453 1298 5509 antea
1333 5453 1514 5512 editis.
1761 5453 1769 5457 ’
1876 5486 1888 5498 ·

455 5522 567 5590 (94)
595 5523 681 5574 Al.
705 5565 720 5588 ,
758 5541 777 5574 ι
813 5525 886 5578 lta
918 5533 973 5580 et
997 5526 1042 5581 si
1086 5526 1355 5596 justitiam
1388 5531 1530 5584 scire
1559 5531 1829 5597 volumus,
1865 5547 1960 5589 ne-

383 5603 536 5644 cesse
569 5603 671 5653 est,
709 5612 726 5644 ι
772 5606 878 5648 etc.

457 5661 568 5732 (95)
599 5660 774 5718 Editi:
816 5684 833 5717 ι
875 5667 1029 5724 nobis
1061 5666 1145 5723 vel
1193 5671 1473 5728 inaccessa
1499 5681 1605 5743 est,
1632 5673 1717 5729 vel
1751 5673 1956 5738 incom-

1847 5176 1869 5207 ²
1895 5174 2038 5232 Psal.

2076 4480 2214 4534 quus
2253 4464 2414 4528 Deus,
2449 4465 2542 4533 qui
2594 4463 2762 4519 infert
2810 4466 2984 4520 iram?
3029 4466 3332 4521 Secundqu
3366 4465 3576 4520 hominem

2073 4557 2215 4612 dico.
2247 4557 2424 4610 Absit.
2458 4557 2712 4628 Alioquin
2735 4559 3007 4627 quomodo
3030 4559 3294 4629 judicabit
3318 4559 3440 4612 Deus
3463 4569 3577 4609 mun-

2071 4649 2199 4702 dum
2224 4649 2244 4680 ³
2265 4649 2289 4703 ?
2313 4668 2332 4700 ι
2365 4648 2484 4704 Non
2517 4652 2712 4721 ergojin
2745 4650 2847 4705 hoc
2866 4651 3081 4720 iniquus
3103 4651 3418 4722 approbatur
3439 4649 3543 4702 Deus
3561 4682 3574 4709 ,

2069 4742 2116 4796 si
2150 4741 2450 4811 disciplina:
2484 4744 2620 4798 ratio
2648 4742 2761 4814 (97)
2789 4743 3066 4798 contraria
3112 4759 3179 4798 ex
3209 4743 3472 4798 contrariis
3507 4753 3572 4804 ap-

2069 4833 2284 4902 probat,
2313 4842 2370 4886 et
2399 4849 2463 4888 ex
2493 4833 2759 4904 injustitia
2802 4834 3072 4905 justitiam
3125 4835 3478 4890 commendat:
3505 4824 3571 4882 sed

2071 4939 2192 4978 cum
2243 4925 2389 4979 omni
2450 4927 2842 4996 consequentia
2901 4927 3060 4994 digne
3093 4931 3380 4997 meritoque
3409 4923 3571 4976 inimica

2072 5027 2158 5072 est
2181 5026 2236 5072 ct
2269 5017 2596 5072 adversatur
2625 5018 2741 5090 (98)
2771 5018 3051 5090 injustitia:
3077 5020 3307 5090 justitia,
3342 5020 3462 5074 sicut
3498 5015 3569 5069 ini-

2066 5192 2192 5245 cxv,
2225 5177 2312 5232 11.
2389 5179 2411 5210 ³
2445 5178 2602 5234 Rom.
2634 5194 2720 5247 ιιι,
2759 5180 2815 5248 5,
2840 5180 2892 5236 6.

2066 5322 2456 5396 prehensibilis
2481 5321 2576 5379 Dei
2609 5325 2846 5396 justitia,
2874 5346 2895 5380 ι
2926 5338 3034 5386 etc.

2162 5394 2255 5465 96)
2284 5393 2370 5447 Al.
2397 5433 2414 5457 ,
2449 5412 2467 5446 t
2496 5393 2774 5465 injtti‘iam.
2807 5415 2826 5449 ι
2891 5431 2911 5456 -,

2158 5466 2246 5528 97)
2273 5465 2446 5528 Alias,
2473 5483 2492 5517 ι
2529 5467 2760 5522 ratione.
2801 5487 2820 5520 ι

2161 5534 2250 5606 98)
2284 5535 2425 5589 Editi
2453 5575 2468 5600 ,
2507 5552 2527 5586 ι
2558 5536 2717 5609 digne
2744 5537 2958 5608 merito,
2990 5538 3117 5610 quia
3153 5537 3363 5594 inimica
3385 5540 3557 5602 estqui!

2065 5605 2402 5674 adversatur,
2436 5625 2455 5659 ι
2492 5616 2600 5664 etc.
