3684 6148
100 201 232 258 92.3

1100 219 1457 282 conamur.
1499 226 1566 282 IN
1606 226 1824 282 EPIST.
1867 194 1957 286 At)
1997 233 2162 292 non.
2205 234 2333 292 LIB.
2376 235 2463 292 ιιι.

3296 252 3400 308 9‘26

104 325 280 381 mica
321 337 374 383 et
412 329 639 386 adversa
670 341 756 388 est
784 334 891 389 vita
923 340 1105 405 morti,
1148 352 1202 394 et
1237 341 1325 397 lux
1364 347 1625 401 tenebris.
1663 347 1725 402 Et
1755 348 1798 404 Α
1831 363 1950 417 pust
1987 353 2102 407 brrc
2135 352 2314 408 facere
2341 369 2464 408 eum
2515 353 2672 408 deum
2709 365 2836 411 tunc
2878 375 3000 414 eum
3052 364 3154 415 erit
3191 383 3208 415 ι
3259 367 3398 422 hens

101 417 250 474 ideo
302 421 502 477 dicitur
538 423 678 479 Deus
730 427 785 480 in
834 444 945 498 quo
977 439 1060 485 est
1087 431 1320 501 justitia,
1348 435 1548 491 inferre
1581 441 1716 492 iram

103 509 454 568 [nominibus
480 515 532 567 iu
572 517 773 584 quibus
825 519 1036 575 habitat
1084 523 1372 594 injustitia.
1410 528 1527 585 Ista:
1568 534 1713 588 enim

101 604 227 658 sibi
269 607 604 664 naturaliter
632 613 1011 670 adversantur.
1044 617 1109 672 Et
1147 623 1420 686 quomodo
1453 625 1616 678 etiam
1647 642 1712 681 ex

101 696 226 752 hoc
256 699 384 769 ipso
407 701 645 770 injustus
672 705 941 761 videbitur
976 707 1137 775 Deus,
1163 713 1256 781 qui
1289 715 1606 771 adversatur
1629 720 1713 773 in-

95 788 404 859 justitiaai
432 793 499 847 Et
531 794 736 851 idcirco
775 796 1026 856 fortassis
1058 817 1164 856 non
1192 803 1331 860 dixit
1378 807 1668 872 Apostolus
1694 850 1710 875 ,

98 885 245 952 quia
287 901 389 941 nos
416 885 664 942 homines
725 889 910 958 injusti
969 898 1708 970 commendamusjustitiam

99 975 208 1031 Dei
245 993 266 1044 ;
305 978 421 1060 sed,
452 979 564 1034 ait:
598 998 617 1032 ι
659 978 716 1036 Si
775 981 1042 1052 injustitia
1077 998 1260 1042 nostra
1311 989 1406 1045 Dei
1435 991 1706 1060 justitiam

97 1059 517 1123 commend-at:
550 1088 569 1120 ι
608 1080 664 1125 ιιι
690 1075 1001 1129 ostenderet
1037 1092 1142 1130 non
1171 1079 1333 1134 Deum
1372 1082 1705 1154 hominibus,

95 1159 206 1213 sed
247 1158 524 1227 justitiam
563 1162 842 1231 injustitiae
866 1180 986 1220 esse
1010 1172 1375 1227 contrariam:
1411 1175 1588 1230 induci
1617 1193 1709 1232 au-

99 1257 220 1302 tem
271 1251 594 1308 hominibus
635 1256 770 1309 iram
801 1273 898 1324 pro
929 1274 993 1313 eo
1023 1263 1166 1330 quod
1199 1263 1250 1318 in
1284 1271 1592 1338 semetipsis
1624 1272 1702 1327 lo-

91 1355 232 1394 cum
266 1343 558 1414 iujustitiae
581 1347 843 1404 dederint.
877 1350 990 1406 Non
1021 1353 1149 1425 ergo
1178 1356 1409 1426 injustus
1435 1363 1706 1420 videbitur

97 1433 256 1488 Deus
288 1436 384 1504 qui
422 1447 503 1491 est
528 1437 763 1507 justitia,
792 1457 914 1496 cum
964 1444 1220 1502 irascitur
1259 1451 1524 1508 adversus
1559 1456 1702 1525 inju-

97 1522 335 1578 stitiam
375 1566 392 1590 ,
435 1529 699 1583 cuieum
736 1547 842 1585 non
881 1534 1036 1588 decet
1065 1551 1181 1592 esse
1203 1541 1497 1609 propitium
1533 1562 1546 1598 :
1605 1522 1702 1602 sed

99 1620 373 1686 pervenit
407 1625 486 1675 ira
539 1623 654 1677 haec
684 1627 847 1679 etiam
895 1629 945 1680 in
984 1630 1255 1698 homines,
1303 1637 1395 1706 qui
1429 1653 1489 1692 se
1533 1639 1696 1693 mini-

91 1721 249 1764 stros
320 1711 632 1782 injustilize,
663 1717 750 1770 cui
803 1718 945 1774 Deus
1003 1722 1291 1791 irascitur,
1324 1730 1692 1796 prazbuerunt.

94 1800 299 1873 Neque
348 1806 495 1859 enim
534 1809 585 1861 iu
624 1811 732 1863 ullo
767 1820 942 1879 potest
971 1818 1272 1872 subsistere
1320 1821 1581 1891 injustitia
1613 1815 1695 1878 vel

91 1895 213 1969 (99)
257 1898 532 1968 justitia:
587 1903 683 1957 sed
718 1908 857 1961 sicut
898 1907 1110 1978 justitia
1159 1911 1385 1969 effectus
1433 1926 1515 1971 est
1558 1916 1691 1988 justi

95 1991 358 2057 rectique
393 1995 595 2061 operis,
628 1996 717 2064 qui
747 1998 923 2067 primo
955 2001 1007 2055 in
1039 2001 1170 2071 Deo,
1192 2014 1304 2060 tum
1332 2009 1496 2063 etiam
1529 2013 1581 2066 in
1609 2015 1694 2069 bis

91 2082 191 2148 qui
225 2083 526 2138 imitantur
555 2101 703 2154 eum,
734 2089 1009 2146 invenitur
1037 2110 1052 2148 :
1107 2096 1182 2149 ita
1215 2107 1270 2152 et
1300 2099 1564 2169 injustitia
1605 2105 1690 2158 ef-

91 2173 277 2230 fectus
306 2187 403 2255 est
438 2179 572 2248 justi
607 2182 872 2252 pravique
917 2186 1120 2256 aperis,
1156 2189 1247 2259 qui
1279 2193 1456 2259 primo
1489 2195 1539 2248 iu
1569 2197 1687 2251 dia-

88 2267 245 2333 bolo,
282 2278 402 2323 tum
436 2272 603 2325 etiam
659 2275 712 2327 in
745 2275 832 2330 his
850 2278 941 2346 qui
975 2293 1098 2333 eam
1124 2279 1307 2336 volunt
1344 2284 1568 2354 imitari,
1598 2291 1691 2344 de-

91 2360 489 2423 prehenditur.
533 2363 599 2417 Et
629 2365 750 2419 ideo
795 2365 956 2436 digne
996 2369 1078 2424 eis
1110 2369 1190 2425 ira
1245 2387 1580 2430 memoratur
1610 2379 1690 2432 in-

90 2451 256 2517 ferri,
300 2456 560 2522 quamvis
585 2472 652 2511 ex
679 2457 943 2528 iujustitia
974 2475 1162 2518 eorum
1206 2467 1351 2520 velut
1379 2481 1444 2521 ex
1473 2479 1690 2523 contra-

92 2545 177 2599 rio
198 2544 464 2600 videatur
486 2546 580 2602 Dei
613 2549 880 2607 claruisse
909 2551 1143 2622 justitia.
1171 2553 1430 2611 Poterant
1454 2575 1688 2629 namque

87 2637 231 2692 sicut
266 2651 602 2708 receperunt
643 2641 694 2696 in
748 2658 808 2698 se
863 2644 1115 2700 affectum
1151 2645 1230 2719 (l)
1279 2648 1464 2720 injusti
1509 2653 1688 2721 pravi-

89 2744 196 2798 que
249 2733 442 2801 operis
476 2775 491 2796 ,
539 2733 707 2788 multo
760 2737 934 2806 magis
975 2736 1107 2807 justi
1139 2740 1385 2810 rectique
1417 2744 1683 2814 recipere.

91 2819 250 2876 Juste
311 2823 487 2894 igitur
544 2839 574 2880 a
650 2827 765 2882 Deo
822 2828 902 2882 ira
974 2844 1140 2899 super
1190 2846 1382 2888 omnes
1436 2835 1685 2893 homines

96 2913 275 2969 induci
307 2916 533 2970 dicitur.
586 2917 665 2973 illi
728 2918 875 2973 enim
927 2920 980 2975 in
1024 2923 1222 2992 quibus
1278 2924 1361 2980 ira
1422 2941 1528 2981 non
1586 2929 1684 2982 ha-

1820 447 1997 499 omnia
2052 446 2103 498 in
2144 445 2397 500 omnibus
2448 447 2491 498 ⁵.
2539 465 2555 498 ι
2611 448 2689 501 Ad
2742 451 2888 505 hunc
2934 465 3114 508 autem
3173 472 3393 512 sensum

1818 537 1982 591 etiam
2019 537 2148 590 illud
2176 536 2436 606 applicari
2464 547 2664 606 potest,
2689 541 2830 608 quod
2855 543 2907 594 in
2933 543 3130 598 Genesi
3161 546 3390 602 dicitur:

1824 646 1842 679 ι
1863 628 2096 697 Tempus
2109 630 2286 684 onmis
2312 629 2548 683 hominis
2567 631 2715 684 venit
2735 633 2786 684 in
2807 646 3098 703 conspectu
3122 654 3242 691 meo
3261 640 3336 692 ηε
3366 661 3384 693 ι

1817 729 1875 775 ιιι
1918 738 2021 775 non
2052 721 2224 775 solum
2271 723 2336 776 de
2371 721 2461 778 illo
2497 730 2623 778 tunc
2657 723 2846 779 diluvii
2889 735 3133 797 tempore
3180 731 3385 787 dictum

1814 823 2052 881 putetur,
2085 817 2181 868 sed
2219 825 2274 868 et
2314 815 2380 869 de
2417 817 2676 884 mysterio
2713 817 3002 887 baptismi;
3033 826 3386 890 quemadmo-

1812 907 1940 959 dum
1978 906 2109 959 dicit
2140 907 2420 975 apostolus
2450 907 2645 962 Petrus
2694 909 2757 973 “,
2795 911 2921 977 quia
2959 912 3099 966 sicut
3141 925 3263 969 tunc
3319 933 3384 972 ex

1811 997 2019 1051 diluvio
2067 996 2247 1053 salvus
2299 997 2476 1053 factus
2510 1010 2591 1054 est
2631 1000 2764 1067 Noe,
2817 1003 2889 1056 ita
2928 1013 2982 1058 et
3027 1021 3170 1060 nunc
3219 1009 3384 1064 simili

1811 1086 1985 1140 forma
2029 1101 2128 1164 per
2159 1089 2484 1158 baptismum
2511 1088 2644 1166 salvi
2678 1089 2811 1144 ﬁant
2839 1094 3147 1147 credentes.
3198 1096 3264 1151 Et
3309 1099 3381 1152 ita

1807 1190 1986 1248 potest
2037 1180 2143 1234 hoc
2171 1181 2312 1249 quod
2350 1181 2507 1244 dicit,
2556 1201 2575 1234 ι
2618 1192 2832 1254 tempus
2871 1187 3051 1241 omnis
3092 1188 3328 1244 hominis
3360 1211 3377 1240 ι

1807 1275 2119 1338 adveuiSse,
2148 1275 2376 1347 intelligi
2418 1279 2483 1331 ad
2515 1279 2769 1344 salutem,
2812 1293 2869 1335 ut
2895 1298 2991 1352 per
3024 1285 3251 1352 gratiam
3281 1285 3380 1339 ba—

1807 1363 1990 1433 ptismi
2023 1369 2311 1424 credentes
2346 1370 2718 1442 intelligantur
2756 1389 2823 1430 ex
2859 1376 3177 1431 hominibus
3210 1376 3264 1430 in
3289 1393 3383 1431 su-

1805 1459 2074 1526 periorem
2126 1462 2374 1516 ordinem
2421 1468 2811 1534 commutandi,
2861 1485 2983 1524 cum
3025 1470 3142 1524 dies
3192 1486 3381 1525 resur-

1807 1551 2065 1605 rectionis
2103 1555 2408 1620 advenerit,
2451 1559 2538 1611 ubi
2570 1561 2743 1613 sancti
2776 1562 2978 1630 quique
3011 1580 3031 1613 ι
3065 1573 3228 1617 erunt
3268 1565 3376 1618 sic-

1804 1650 1862 1693 ut
1909 1642 2082 1711 angeli
2135 1645 2225 1698 Dei
2269 1647 2332 1702 ¹¹.
2366 1666 2385 1698 ι
2418 1647 2540 1703 llaec
2559 1652 2623 1704 de
2667 1666 2732 1706 eo
2763 1655 2907 1721 quod
2941 1653 3142 1710 dictum
3179 1665 3263 1710 est
3291 1655 3375 1710 ":

1805 1754 1824 1786 ‹
1859 1735 2109 1805 Nunquid
2139 1737 2356 1808 iniquus
2389 1739 2530 1795 Deus
2561 1743 2650 1810 qui
2685 1743 2849 1797 infert
2874 1744 3033 1809 iram,
3065 1764 3085 1797 ι
3119 1747 3198 1801 vel
3227 1765 3246 1797 ι
3273 1751 3373 1800 ad-

1797 1842 2010 1882 versum
2047 1829 2313 1896 homines,
2350 1849 2368 1882 ι
2411 1840 2468 1885 ιιι
2516 1834 2567 1886 in
2611 1835 2932 1903 quibusdam
2967 1840 3374 1907 exemplaribus

1795 1918 1900 1984 legi
1947 1921 2203 1988 diximus,
2258 1923 2366 1989 vel,
2423 1935 2482 1980 ut
2534 1940 2634 1980 nos
2685 1927 2968 1993 habemus,
3007 1948 3026 1980 ι
3073 1932 3369 1985 secundum

1795 2009 2074 2064 hominem
2122 2012 2262 2066 dico.
2305 2013 2488 2080 Absit,
2526 2034 2545 2068 ι
2591 2027 2749 2086 prout
2779 2034 3071 2075 occurrere
3100 2023 3255 2076 nobis
3279 2039 3372 2090 po-

1795 2099 1920 2166 tuit,
1966 2101 2113 2155 dicta
2160 2103 2290 2158 sint.
2344 2103 2501 2170 Quod
2534 2117 2716 2160 autem
2749 2107 2825 2161 ait
2853 2130 2866 2163 :
2898 2126 2918 2159 ι
2949 2109 3200 2178 Alioquin
3227 2127 3367 2179 quo-

1791 2193 1954 2248 modo
1995 2193 2264 2262 judicabit
2312 2198 2455 2252 Deus
2503 2199 2765 2254 mundum
2815 2201 2879 2268 ³⁵,
2935 2219 2954 2252 ›
3000 2202 3054 2256 in
3099 2203 3200 2258 hoc
3248 2204 3370 2259 loco

1797 2305 1816 2338 ι
1845 2287 2102 2350 mundum
2131 2307 2151 2341 ι
2180 2289 2430 2344 homines
2464 2292 2555 2360 qui
2612 2293 2664 2346 in
2708 2295 2808 2348 hoc
2839 2295 3035 2349 mundo
3059 2307 3185 2349 sunt
3213 2296 3368 2363 dicit,

1790 2377 1932 2433 sicut
1967 2386 2023 2431 et
2060 2378 2188 2434 alibi
2221 2381 2472 2448 legimus,
2522 2400 2542 2433 ι
2572 2381 2696 2451 quia
2725 2383 2900 2446 omnis
2931 2384 3232 2438 mtmdusin
3253 2401 3369 2440 ma-

1790 2467 1936 2537 ligno
1969 2470 2178 2537 positus
2202 2483 2287 2525 est
2309 2471 2352 2502 ¹⁵
2380 2487 2394 2536 ;
2427 2491 2444 2522 ι
2475 2474 2618 2541 quod
2667 2474 2853 2543 utique
2887 2475 3136 2528 homines
3177 2478 3268 2544 qui
3307 2477 3363 2532 in

1789 2560 1892 2615 hoc
1925 2559 2124 2615 mundo
2163 2561 2439 2627 habitant,
2471 2563 2524 2617 in
2551 2563 2758 2617 malitia
2790 2579 2912 2618 esse
2944 2567 3149 2634 positos
3171 2577 3366 2621 osten-

1788 2650 1886 2706 dit.
1919 2651 2050 2706 Post
2086 2655 2187 2706 hoc
2203 2653 2316 2723 jam
2351 2653 2635 2709 videamus
2681 2655 2952 2725 quomodo
3007 2656 3214 2710 dictum
3248 2659 3359 2715 sit:

1792 2761 1813 2796 ι
1845 2743 1902 2800 Si
1938 2749 2083 2799 enim
2113 2747 2318 2801 veritas
2351 2745 2444 2802 Dei
2477 2747 2528 2800 in
2566 2762 2687 2802 meo
2733 2749 3018 2803 mendacio
3064 2749 3362 2807 abundavit

1785 2831 1841 2885 in
1870 2830 2100 2901 gloriam
2134 2832 2324 2902 ipsius.
2361 2852 2378 2885 ι
2411 2833 2590 2889 Multae
2621 2847 2753 2891 sunt
2792 2838 2846 2891 in
2879 2839 2982 2893 hoc
3013 2841 3212 2894 mundo
3238 2841 3364 2896 reli-

1785 2923 2003 2992 gionum
2029 2926 2262 2995 species,
2290 2928 2475 2983 multae
2501 2931 2949 3000 philosophorum
2978 2943 3162 3000 sectze,
3190 2934 3358 2988 multa

92 3008 182 3062 bet
231 3008 421 3063 locum
450 3049 466 3071 ,
516 3010 630 3080 jam
689 3028 796 3066 non
851 3014 1101 3070 homines
1133 3056 1149 3080 ,
1221 3017 1315 3072 sed
1377 3033 1543 3088 supra
1590 3022 1750 3092 ho-c
1785 3016 2037 3086 dogmata
2079 3016 2233 3073 falsis
2263 3021 2664 3077 assertionibus
2702 3023 2918 3089 tradita,
2944 3027 3359 3095 etargumentis

95 3102 269 3168 mines
301 3103 473 3175 503
506 3105 811 3174 appeilandi
846 3117 992 3162 sunt.
1020 3107 1085 3161 Et
1113 3120 1403 3182 propterea
1428 3111 1676 3169 fortassis

93 3193 234 3248 idem
266 3197 548 3266 apostolus
581 3196 782 3252 Paulus
824 3198 890 3252 de
921 3201 1176 3256 omnibus
1209 3202 1522 3260 hominibus
1551 3222 1678 3276 pro-

93 3288 305 3342 nuntiat
343 3289 560 3352 dieeus,
589 3290 715 3359 quia
751 3308 770 3342 ι
802 3305 1024 3348 eramus
1068 3302 1263 3348 natura
1297 3294 1389 3350 filii
1417 3297 1532 3364 iraa,
1569 3299 1677 3354 sic-

92 3385 152 3430 ut
189 3387 243 3432 et
284 3380 474 3435 caeteri
513 3379 555 3433 ’⁵.
591 3399 610 3432 ι
647 3379 767 3435 Νοιι
819 3383 966 3437 enim
1012 3384 1171 3449 dixit,
1225 3403 1245 3439 ι
1305 3386 1536 3444 Eramus
1581 3391 1672 3445 lilii

94 3468 208 3532 iraa,
239 3490 259 3524 ι
301 3473 399 3528 sed
427 3463 673 3528 addidit:
707 3493 726 3525 ι
759 3475 992 3531 Eramus
1024 3488 1219 3532 natura
1255 3479 1348 3534 ﬁlii
1384 3481 1502 3546 iraa,
1531 3483 1676 3538 sicut

91 3571 142 3615 et
168 3565 377 3618 eazteri.
415 3583 435 3616 ι
465 3564 667 3621 Omnes
711 3568 856 3621 enim
902 3569 1156 3625 homines
1195 3580 1389 3628 natura
1437 3576 1530 3629 tilii
1580 3577 1675 3632 ira:

93 3651 268 3709 effecti
305 3666 464 3720 sunt,
508 3673 574 3712 ex
622 3673 690 3712 eo
731 3660 874 3728 quod
921 3671 1080 3715 erant
1105 3663 1180 3718 dii
1215 3672 1270 3716 et
1314 3663 1408 3719 filii
1436 3667 1668 3738 Excelsi,

90 3759 145 3798 et
174 3761 269 3813 per
301 3747 410 3803 hoc
446 3749 697 3804 homines
748 3750 1004 3820 appellati
1051 3764 1194 3808 sunt.
1250 3757 1485 3813 Attende
1523 3761 1669 3814 enim

91 3833 403 3907 diligentius
428 3841 700 3909 quomodo
718 3843 890 3897 dicit“i
915 3863 928 3898 :
959 3862 978 3895 ι
1009 3844 1120 3917 Ego
1144 3847 1252 3902 dixi
1279 3866 1294 3904 :
1328 3849 1408 3904 Dii
1435 3853 1588 3916 estis,
1616 3865 1670 3908 et

91 3925 178 3980 ﬁlii
226 3929 478 4000 Excelsi;
520 3951 540 3985 ι
585 3944 640 3989 et
703 3936 931 4002 addidit,
987 3955 1006 3988 ι
1054 3955 1245 3996 omnes
1302 3957 1417 3998 vos.
1467 3963 1487 3996 ι
1541 3943 1671 4012 Quae

93 4020 319 4088 adjectio
350 4041 520 4082 omne
549 4029 711 4082 simul
755 4029 858 4084 sub
903 4029 1004 4086 hoc
1043 4033 1198 4089 titulo
1249 4034 1550 4090 humanum
1594 4037 1670 4092 si-

91 4113 308 4179 gnificat
355 4134 533 4189 genus
581 4137 888 4177 connexum
940 4126 1042 4198 (2).
1092 4126 1338 4198 Denique
1377 4131 1430 4183 in
1477 4145 1668 4185 conse-

91 4207 378 4268 qUentibus
410 4212 582 4267 dicit:
624 4231 644 4264 ι
699 4215 801 4270 Vos
837 4230 1018 4274 autem
1066 4230 1126 4274 ut
1176 4220 1428 4275 homines
1463 4223 1664 4276 morie-

93 4297 215 4352 mini
244 4301 283 4355 °.
313 4322 331 4356 ι
359 4304 514 4361 Unde
539 4317 590 4361 et
625 4307 755 4364 illud
780 4312 924 4379 quod
951 4313 1211 4383 scriptum
1241 4322 1326 4366 est
1348 4313 1368 4343 ⁷
1396 4331 1410 4366 :
1435 4331 1453 4364 ι
1485 4315 1548 4366 Et
1577 4329 1662 4369 re-

1779 3106 2089 3178 conscripta
2122 3111 2496 3175 mendacibus,
2536 3127 2767 3181 quorum
2797 3126 3047 3169 auctores
3075 3115 3209 3169 falso
3233 3116 3360 3171 licet

1777 3199 2059 3268 sapientiae
2087 3201 2323 3266 nomine,
2367 3217 2474 3256 non
2517 3210 2698 3258 tamen
2728 3205 2938 3276 exigua:
2976 3220 3071 3260 aut
3114 3219 3355 3263 conteru-

1775 3299 1884 3360 ptaa
1915 3291 2262 3346 auctoritatis
2283 3291 2386 3346 viri
2414 3293 2680 3349 habentur
2705 3313 2717 3348 :
2744 3310 2809 3348 ex
2837 3311 3062 3365 quorum
3083 3315 3356 3369 praeroga-

1778 3383 1886 3437 tiva
1915 3382 2051 3438 falsa
2081 3398 2180 3453 pro
2201 3385 2346 3439 veris
2370 3396 2589 3456 recepta
2615 3397 2764 3451 sunt,
2793 3397 2853 3442 ut
2880 3389 3188 3444 universum
3215 3407 3356 3460 pene

1777 3475 2035 3528 mundum
2075 3477 2427 3532 mendacibus
2454 3493 2582 3547 erga
2613 3477 2689 3550 (5)
2721 3479 3038 3550 religionem
3072 3484 3352 3550 opinioni-

1777 3567 1876 3620 bus
1905 3568 2250 3637 occupariut,
2285 3569 2357 3621 ita
2396 3579 2454 3621 ut
2486 3571 2538 3622 in
2569 3584 2812 3624 errorem
2850 3573 3259 3639 inducerentur,
3303 3577 3350 3631 si

1775 3657 1877 3711 dici
1914 3667 2109 3726 potest,
2141 3661 2304 3712 etiam
2331 3659 2492 3714 electi
2524 3661 2587 3713 ¹⁶.
2621 3663 2756 3726 Quia
2801 3677 2932 3732 ergo
2982 3668 3184 3721 veritas
3217 3669 3336 3732 Dei,

1775 3757 1832 3801 et
1866 3749 2132 3816 sapientia
2161 3748 2300 3816 ejus,
2334 3758 2391 3802 et
2429 3747 2661 3803 Verbum
2693 3750 2811 3818 ejus
2845 3753 3141 3808 adveniens
3168 3756 3348 3823 arguit

1772 3847 1829 3892 et
1865 3838 2170 3893 confutavit
2190 3855 2355 3894 omne
2389 3841 2757 3908 mendacium,
2781 3853 2946 3912 atque
2973 3860 3163 3898 ontltes
3185 3846 3348 3899 falso-

1774 3947 1893 3986 rum
1925 3934 2240 4002 dogmatum
2266 3935 2602 3989 assertiones
2644 3935 2751 3989 ﬁde
2793 3937 3036 3991 veritatis
3081 3940 3347 4004 exsecuit,

1770 4040 1869 4095 per
1894 4027 2319 4096 unumquodque
2346 4027 2712 4096 mendacium,
2780 4030 2928 4098 quod
2958 4031 3110 4100 prius
3145 4033 3213 4086 ab
3245 4034 3344 4086 bo-

1771 4116 2013 4172 tninibus
2072 4119 2253 4173 fuerat
2309 4129 2601 4186 assertum,
2645 4120 2936 4176 abundavit
2991 4124 3190 4178 veritas
3249 4124 3344 4179 hei

1769 4213 2130 4281 subreptitias
2161 4215 2670 4271 verisimilitudiues
2699 4217 3001 4288 arguendo,
3039 4229 3095 4272 et
3133 4219 3186 4272 in
3226 4221 3342 4274 siu-

1768 4305 1910 4374 gulis
1965 4307 2271 4376 quibusque
2318 4310 2665 4380 dogmatibus
2735 4312 2998 4366 tradendo
3040 4314 3341 4383 simplicem

94 4393 341 4462 ροείιανίι
384 4399 533 4455 Deus
567 4403 692 4472 quia
740 4373 867 4458 [δέη
908 4373 1181 4458 ιιοιηίξιεηι
1211 4420 1375 4474 super
1412 4418 1609 4460 ωτι-ειη,
1639 4422 1654 4472 ;
1692 4373 1738 4429 Ῑ)
1767 4394 1890 4448 fidei
1923 4396 2215 4452 veritatem
2239 4417 2252 4454 :
2279 4401 2457 4455 ethoc
2484 4403 2648 4456 modo
2677 4402 2964 4472 Apostolus
2987 4404 3117 4456 dicit
3148 4407 3343 4458 verita~

91 4491 141 4534 el
169 4490 421 4552 paenituit
455 4493 508 4546 in
545 4495 706 4549 corde
743 4512 862 4564 suo,
910 4508 966 4552 et
1020 4497 1158 4552 dixit
1204 4497 1353 4553 Deus
1395 4515 1410 4551 :
1459 4499 1658 4554 Delebo

92 4571 352 4636 hominem
396 4601 557 4654 quem
607 4587 707 4643 feci
751 4604 784 4642 a
832 4590 974 4644 facie
1027 4600 1226 4645 terrae:
1269 4609 1288 4642 ι
1345 4607 1450 4644 non
1486 4591 1655 4645 solum

92 4678 184 4732 pro
210 4657 424 4731 excidio
454 4678 642 4733 diluvii
669 4681 878 4736 dictum
917 4692 1071 4752 puto,
1099 4683 1194 4738 sed
1225 4683 1426 4752 aliquid
1460 4699 1524 4739 ex
1554 4684 1657 4739 hoc

91 4761 242 4816 etiam
278 4770 379 4823 sub
426 4774 689 4842 mysterio
735 4776 802 4830 de
837 4775 1043 4831 futuris
1096 4778 1459 4847 praedictum:
1503 4789 1560 4832 ut
1590 4793 1654 4834 eo

93 4856 241 4911 modo
281 4863 551 4919 sentiatur
597 4869 744 4936 quod
793 4869 997 4924 dictum
1034 4881 1134 4934 est,
1173 4888 1191 4920 ι
1243 4869 1448 4926 Delebo
1479 4871 1653 4926 homi-

94 4958 228 5015 nem,
259 4970 277 5003 ι
309 4969 418 5024 quo
451 4971 507 5014 et
552 4976 647 5030 per
673 4964 994 5032 prophetam
1037 4965 1172 5020 dicit
1211 4967 1352 5022 Deus
1395 4985 1410 5020 :
1458 4985 1477 5020 ι
1515 4967 1654 5023 Ecce

92 5039 225 5093 enim
260 5046 412 5104 deleo
436 5051 578 5106 sicut
607 5055 804 5109 nubem
831 5055 1142 5124 iniquitates
1173 5067 1293 5112 tuas
1314 5058 1336 5088 ⁸
1363 5075 1378 5120 ς
1411 5076 1430 5109 ι
1473 5071 1532 5114 ιιι
1569 5061 1652 5113 via

94 5129 269 5188 deatur
296 5139 480 5198 deleas
519 5161 643 5200 eum
673 5151 974 5204 secundum
1029 5151 1132 5206 hoc
1175 5151 1318 5222 quod
1353 5153 1515 5206 homo
1545 5165 1650 5218 est,

1767 4497 1874 4540 tem
1911 4486 2005 4542 Dei
2041 4489 2094 4542 in
2125 4492 2406 4546 hominum
2442 4494 2728 4549 mendacio
2753 4495 3077 4550 abundasse.
3116 4497 3338 4563 Vermu,

1766 4589 1824 4634 ut
1884 4581 2062 4636 adhuc
2115 4583 2458 4640 manifestius
2503 4585 2598 4638 fiat
2654 4587 2797 4654 quod
2845 4588 3098 4652 dicimus,
3159 4589 3337 4657 aliqua

1763 4675 1997 4742 exempli
2027 4691 2192 4730 causa
2233 4679 2596 4747 proferamus.
2630 4679 2759 4734 Erat
2806 4682 2856 4734 in
2901 4683 3208 4739 hominibus
3249 4686 3340 4738 do-

1761 4784 1908 4838 gma,
1945 4774 2087 4838 quod
2118 4785 2390 4824 summum
2426 4772 2624 4825 bonum
2659 4778 3044 4841 pronuntiaret
3077 4792 3200 4832 esse
3244 4793 3338 4834 vo-

1759 4863 2056 4931 luptatem;
2086 4865 2138 4916 in
2177 4880 2284 4934 quo
2321 4877 2376 4918 et
2428 4867 2556 4919 illud
2601 4879 2998 4937 consequenter
3049 4873 3335 4938 asset-itur,

1764 4975 1873 5013 non
1915 4973 2036 5012 esse
2072 4957 2503 5025 Providentiam,
2545 4960 2742 5029 quippe
2772 4963 2816 5016 si
2855 4978 2959 5016 non
3002 4979 3068 5017 ex
3099 4963 3333 5035 legibus,

1761 5056 1856 5110 sed
1885 5066 1951 5106 ex
1990 5053 2272 5120 voluptate
2305 5053 2593 5107 vivendum
2625 5071 2638 5107 :
2669 5063 2724 5108 et
2755 5055 2871 5111 hmc
2901 5055 3048 5111 lauto
3078 5058 3154 5128 (4)
3195 5059 3334 5112 satis

1759 5156 2066 5216 ornatoque
2094 5161 2369 5211 sermone,
2403 5154 2458 5200 et
2487 5147 2825 5217 argumentis
2855 5151 3209 5206 validissimis
3236 5167 3336 5221 per

155 5243 390 5338 ‘pres:
409 5261 548 5338 31,3.
623 5261 646 5292 ⁵
671 5261 809 5338 Psal.
838 5281 1021 5338 natm,
1050 5266 1102 5319 6.
1138 5337 1149 5338 ί
1181 5270 1202 5300 ⁸
1226 5271 1355 5325 ibid.
1379 5273 1434 5327 7.
1482 5274 1502 5305 "
1525 5276 1639 5331 Gen

1829 5322 1830 5334 ι
1855 5274 1909 5337 6,
1934 5269 1986 5325 7.
2063 5273 2088 5302 "
2112 5268 2234 5324 lsai.
2257 5285 2404 5336 XLIV,
2427 5270 2521 5323 9.2.
2595 5272 2617 5303 θ
2646 5269 2666 5323 1
2694 5271 2819 5327 Cor.
2841 5287 2931 5336 xv,
2957 5271 3048 5330 28.
3127 5272 3170 5304 ’⁸
3189 5272 3328 5329 Gen.

94 5317 309 5408 διεξεεῷ
343 5325 383 5356 ιι
408 5326 427 5380 ι
448 5317 592 5386 Petr.
621 5348 703 5400 ιιι,
727 5317 930 5400 20,921.
964 5317 1464 5408 ἿίΜειιίῦζᾫιὶιῖ,
1495 5317 1638 5402 δῦξἯ

1829 5317 1909 5337 ιν,
1944 5317 1986 5325 --

1829 5364 1890 5400 m.
1916 5355 1998 5407 ut,
2033 5338 2089 5395 6.

95 5393 230 5452 XXIV,
247 5390 335 5448 24.

97 5478 396 5616 “Igilii:
428 5509 582 5616 mss,
641 5496 904 5554 Rabanus
954 5506 1010 5556 et
1060 5502 1404 5561 Salodiauus.
1439 5505 1637 5566 Caneri

262 5625 334 5710 ita
371 5649 524 5710 mss._,
566 5636 822 5696 Rabanus
849 5685 864 5709 ,
919 5641 1244 5701 Salaalianus
1271 5656 1326 5702 et
1361 5644 1646 5708 Meinnus.

97 5684 192 5744 Alii
213 5684 357 5768 editi,
372 5684 761 5765 Tametsi".

2166 5341 2211 5374 ³⁵
2236 5341 2365 5396 ibid.
2465 5341 2508 5372 ¹⁵
2544 5341 2564 5396 Ι
2599 5341 2756 5398 Joan.
2791 5359 2843 5410 v,
2875 5343 2964 5398 i9.
3061 5338 3105 5374 ¹⁶
3132 5342 3327 5398 Matth.

1829 5507 1906 5576 (2)
1938 5506 2066 5564 Mss.
2099 5507 2316 5575 quidam
2355 5506 2558 5564 habent
2593 5527 2608 5566 :
2653 5527 2671 5562 ι
2714 5508 3009 5566 humanum
3045 5512 3323 5568 contexuit

1759 5581 1852 5645 (at.
1889 5578 2202 5646 connexuit)
2231 5593 2420 5646 genus.
2453 5597 2473 5630 ι

1830 5649 1908 5717 (5)
1939 5648 2049 5711 AL,
2085 5665 2103 5699 ι
2144 5658 2354 5701 contra.
2389 5667 2407 5700 ι

1825 5721 1900 5793 (εἰ)
1937 5719 2043 5786 AL,
2081 5737 2095 5770 t
2133 5723 2256 5774 latio.
2285 5738 2304 5769 υ
