3684 6148
403 224 510 278 ’127

1896 211 2214 272 ORIGENIS

3505 213 3573 268 9‘28

404 349 689 404 innumera
736 346 1010 406 volumina
1063 348 1407 415 digeruntur.
1438 345 1544 402 Sed
1583 347 1793 400 intuere
1832 357 1973 398 nunc
2013 345 2056 401 A
2091 332 2442 400 intellexerit,
2472 347 2577 386 non
2607 330 2797 402 utique
2829 329 2960 386 dicit
2990 328 3119 384 illud
3156 331 3294 400 quod
3344 328 3393 383 in
3434 347 3573 389 conse-

403 440 674 508 quomodo
701 441 745 496 is
773 441 865 510 qui
891 439 1178 492 veritatem
1219 437 1310 492 l)ei
1349 437 1616 500 defendit,
1661 445 1716 492 et
1758 436 1850 504 qui
1889 451 1976 490 se-

402 531 637 583 cundum
672 531 974 596 Christum,
1019 530 1112 600 qui
1152 540 1236 584 est
1279 530 1374 584 Dei
1422 531 1628 584 veritas
1665 539 1720 584 et
1763 529 1855 582 Dei
1892 545 1980 583 sa-

407 622 613 690 pientia
649 623 715 688 ‘7,
761 622 1122 690 phiIoSOphus
1169 632 1271 683 est,
1326 623 1484 676 docet
1532 622 1779 677 homines
1825 637 1976 675 sum-

403 727 545 764 mum
583 712 784 765 bonum
814 728 938 768 esse
962 714 1128 767 vitam
1155 723 1448 767 aaternam:
1473 713 1614 768 hanc
1642 722 1824 765 autem
1855 724 1979 765 esse

401 812 658 857 aeternam
697 806 887 873 vitam,
929 817 986 859 ut
1015 815 1349 875 cognoscant
1379 806 1630 859 homines
1671 818 1838 862 unum
1883 819 1977 859 so-

401 893 508 946 lum
531 912 718 950 verum
739 897 931 962 Deum,
953 907 1006 954 et
1022 897 1222 951 Filium
1246 897 1362 964 ejus
1382 897 1564 952 Jesum
1597 895 1877 951 Christum
1899 894 1974 950 ‘8:

399 993 455 1036 et
487 989 756 1054 quomodo
786 1003 908 1041 cum
939 987 1086 1040 omni
1123 987 1323 1043 fiducia
1356 987 1750 1056 providentiam
1778 986 1870 1040 Dei
1890 1000 1977 1040 as-

399 1087 568 1142 serat,
603 1094 723 1146 qua:
758 1081 929 1134 dicit:
982 1098 1001 1132 ι
1034 1078 1225 1133 Nonne
1268 1080 1374 1133 duo
1423 1093 1672 1148 passeres
1725 1093 1847 1133 asse
1878 1093 1976 1132 ve-

398 1182 588 1235 neunt,
629 1178 682 1221 et
710 1185 848 1223 unus
895 1185 961 1224 ex
1011 1170 1142 1240 ipsis
1195 1184 1304 1223 non
1351 1170 1496 1223 cadit
1529 1169 1581 1222 in
1618 1177 1817 1222 terram
1857 1167 1976 1222 sine

396 1257 574 1313 Patris
600 1261 884 1316 voluntate
921 1262 1011 1316 "?
1055 1281 1074 1315 ι
1128 1271 1182 1317 et
1222 1261 1350 1331 quia
1395 1261 1510 1330 ipse
1542 1279 1560 1312 ι
1597 1261 1769 1314 solem
1815 1273 1972 1314 suum

395 1351 530 1405 oriri
554 1350 710 1417 jubet
743 1367 908 1422 super
934 1354 1107 1408 honos
1138 1361 1191 1406 et
1221 1351 1412 1415 malos,
1438 1361 1493 1406 et
1519 1350 1654 1420 pluit
1684 1365 1848 1418 super
1883 1349 1974 1421 ju-

397 1453 512 1496 stus
544 1451 597 1497 et
627 1443 856 1513 injuslos
901 1445 968 1501 '°.
1011 1463 1030 1495 ι
1067 1442 1172 1498 Per
1211 1445 1324 1498 lucc
1370 1453 1550 1497 autem
1591 1443 1804 1511 singula
1842 1443 1969 1496 dum

396 1535 488 1588 ill'a
527 1535 678 1590 falsa:
703 1536 947 1591 scientia:
983 1536 1236 1606 dogmata
1286 1538 1665 1601 confutantur,
1708 1535 1760 1588 in
1797 1535 1973 1590 homi-

395 1642 524 1680 num
561 1629 841 1682 mendacio
870 1628 1112 1682 abundat
1140 1628 1349 1682 veritas
1377 1626 1494 1681 Dei.
1531 1625 1673 1680 Sunt
1704 1627 1832 1682 item
1877 1625 1968 1680 alii

392 1718 484 1785 qui
514 1719 700 1773 dicant
731 1728 841 1774 tres
870 1733 996 1773 esse
1025 1719 1234 1788 species
1263 1719 1387 1773 boni
1421 1736 1434 1771 :
1482 1734 1642 1772 unam
1677 1731 1808 1787 erga
1849 1717 1971 1772 ani-

392 1825 560 1879 mam,
613 1810 777 1863 aliam
837 1825 966 1880 erga
1015 1826 1269 1880 corpora,
1327 1812 1547 1863 tertiam
1605 1811 1971 1865 extrinsecus.

391 1903 524 1968 Quae
547 1902 762 1971 singula
801 1918 922 1958 cum
961 1901 1382 1957 conducibiliter
1416 1902 1493 1972 (5)
1535 1902 1864 1966 habeantur,
1902 1916 1968 1955 ex

392 1992 530 2061 ipsis
576 2009 850 2047 summum
915 1994 1112 2048 bonum
1163 2002 1421 2046 constare
1483 1992 1827 2047 confirmant.
1877 1992 1971 2047 Isti

388 2084 555 2138 etiam
597 2085 692 2138 Dei
729 2085 1124 2155 providentiam
1156 2095 1490 2149 resecantcs,
1525 2099 1695 2154 usque
1726 2085 1793 2138 ad
1830 2085 1970 2140 luna:

389 2185 510 2228 eam
545 2174 761 2243 globum
799 2175 1153 2243 supervenire
1190 2176 1528 2230 contendunt
1568 2194 1581 2228 :
1631 2175 1770 2229 infra
1811 2190 1966 2243 vero,

390 2262 498 2318 hoc
567 2275 651 2318 est
713 2265 779 2318 ad
827 2266 1096 2331 homines,
1140 2282 1260 2320 eam
1327 2267 1552 2320 minime
1605 2268 1963 2322 descendere.

390 2358 532 2414 Sunt
565 2359 691 2414 item
723 2359 813 2414 alii
850 2361 939 2429 qui
981 2361 1253 2416 invisibile
1303 2368 1358 2414 et
1400 2360 1781 2429 incorporeum
1832 2360 1965 2415 nihil

387 2447 574 2502 dicant
606 2463 745 2514 esse,
778 2451 872 2505 sed
907 2451 1088 2504 omnia
1121 2466 1240 2520 quae
1281 2459 1410 2504 sunt
1449 2451 1772 2520 corporibus
1824 2453 1966 2506 assi-

386 2549 576 2606 gnant,
609 2542 751 2596 unde
775 2551 831 2596 et
860 2540 1077 2596 Patrem
1106 2544 1350 2597 omnium
1384 2545 1550 2600 Deum
1587 2557 1787 2613 corpus
1836 2557 1964 2600 esse

383 2632 668 2686 dixerunt.
727 2632 923 2688 Verum
969 2636 1094 2703 quia
1145 2638 1375 2704 urgebat
1425 2652 1520 2692 eos
1561 2637 1792 2693 rationis
1850 2652 1963 2692 sum

385 2725 796 2791 consequentia,
831 2740 935 2795 qua
966 2736 1180 2780 constat
1209 2742 1371 2782 omne
1399 2743 1597 2796 corpus
1624 2743 1747 2784 esse
1777 2745 1964 2785 corru-

387 2814 603 2882 ptibile,
637 2826 692 2868 ut
723 2817 766 2869 si
799 2818 964 2872 etiam
994 2817 1158 2872 Deum
1190 2833 1389 2887 corpus
1406 2834 1527 2874 esse
1543 2829 1810 2889 asseram,
1843 2822 1961 2877 sine

381 2905 550 2959 dubio
578 2917 632 2960 et
676 2909 1088 2978 corruptibilem
1135 2909 1430 2974 fateantur,
1473 2910 1637 2984 5M
1675 2923 1960 2969 verterunt

2081 428 2375 495 quentibus
2398 428 2560 481 stulta
2589 425 2898 494 objectione
2927 424 3201 495 profertur
3227 443 3241 479 :
3269 443 3286 475 ι
3309 424 3431 492 Quid
3447 431 3575 485 adhuc

2081 529 2134 573 et
2162 532 2262 586 ego
2295 527 2550 587 tanquam
2585 525 2844 586 peccator
2867 515 3086 583 judicor
3107 516 3149 546 ¹²
3179 515 3205 569 ‘!
3231 533 3250 566 ι
3289 517 3374 570 sed
3402 517 3575 576 advertit

2080 609 2276 663 merito
2305 623 2366 662 se
2399 607 2775 676 judicandum,
2824 606 2868 660 si
2917 613 3234 673 permaneat
3274 605 3323 658 in
3358 609 3573 662 mendacio

2082 700 2360 755 hominum
2385 717 2400 752 :
2427 708 2481 754 et
2515 698 2606 769 qui
2635 698 2928 753 secundum
2959 712 3021 752 ea
3055 713 3175 766 qua:
3206 711 3360 766 supra
3383 702 3576 768 exposui-

2079 807 2198 846 mus
2227 806 2291 846 ex
2327 791 2418 846 Dei
2447 790 2678 845 veritate
2707 789 2992 843 convictus
3023 802 3238 843 errasse
3270 803 3327 842 se
3349 791 3500 852 sentit,
3531 792 3575 845 ab

2078 897 2264 938 errore
2291 894 2591 938 conversus
2617 879 2786 935 Deum
2817 895 3004 936 verum
3039 881 3221 950 agnita
3256 881 3460 935 veritate
3496 882 3578 952 glo-

2079 973 2278 1041 rificat,
2311 987 2412 1028 nec
2439 972 2783 1042 blasphemat
2809 971 2953 1026 ultra
2991 985 3086 1026 eos
3118 970 3209 1040 qui
3248 971 3506 1039 praedicant
3525 972 3576 1041 (7)

2076 1069 2383 1132 veritatem,
2411 1074 2668 1135 tanquam
2697 1059 2943 1118 dicentes
2971 1081 2984 1118 :
3021 1081 3040 1116 ι
3086 1063 3367 1117 Faciamus
3395 1064 3505 1116 mala
3539 1075 3577 1118 ut

2077 1161 2302 1214 veniant
2340 1159 2484 1214 bona
2506 1156 2574 1223 ”,
2613 1175 2631 1210 ι
2673 1157 2854 1212 sciens
2883 1158 2937 1212 in
2964 1157 3069 1211 hoc
3103 1156 3270 1210 verbo
3298 1157 3471 1225 justam
3489 1172 3574 1211 esse

2075 1250 2505 1321 blasphemantis
2538 1249 2966 1304 damnationem.
3001 1247 3398 1304 Observandum
3422 1263 3578 1317 quoque

2073 1353 2181 1406 est,
2226 1341 2370 1411 quod
2431 1357 2525 1398 eos
2570 1342 2662 1411 qui
2710 1341 2996 1396 veritatem
3046 1341 3361 1410 praedicant,
3389 1354 3478 1393 non
3505 1351 3580 1393 tam

2075 1431 2349 1496 maledici,
2372 1432 2516 1501 quod
2549 1433 2614 1486 ad
2651 1431 2928 1499 homines,
2965 1434 3059 1489 sed
3087 1431 3457 1501 blasphemari,
3479 1435 3579 1502 quod

2073 1524 2140 1578 ad
2173 1524 2338 1577 Deum
2369 1523 2625 1592 pertinet,
2661 1522 2867 1593 posuit.

2143 1614 2200 1672 2.
2231 1636 2248 1668 ι
2279 1615 2420 1682 Quid
2443 1629 2574 1687 ergo
2593 1626 2841 1670 tenemus
2863 1613 3097 1683 amplius
3116 1612 3197 1685 (8)
3214 1613 3238 1668 ?
3257 1613 3452 1670 Causati
3474 1629 3524 1669 en
3543 1631 3578 1670 in

2001 1685 2046 1745 Β
2074 1725 2262 1764 sumus
2291 1685 2588 1764 Judzeos'et
2617 1706 2840 1763 Graecos
2867 1721 3060 1762 omnes
3108 1706 3213 1760 sub
3254 1716 3452 1776 peccato
3477 1723 3578 1762 esse.

2075 1799 2218 1856 sicut
2247 1800 2511 1869 scriptum
2542 1809 2628 1854 est
2659 1815 2674 1853 :
2703 1798 2838 1866 Quia
2869 1812 2975 1851 non
3004 1811 3088 1852 est
3117 1798 3303 1866 justus
3329 1800 3576 1869 quisquam,

2076 1907 2186 1948 nou
2226 1901 2311 1947 est
2349 1890 2681 1958 intelligens,
2712 1905 2818 1944 non
2853 1897 2936 1944 est
2968 1889 3256 1955 requirens
3295 1891 3461 1945 Deum.
3483 1891 3578 1947 0m-

2074 1999 2170 2038 nes
2197 1984 2628 2049 declinaverunt,
2681 1983 2842 2038 simul
2894 1982 3115 2037 inutiles
3165 1983 3292 2038 facti
3347 1993 3471 2048 sunt,
3506 2001 3576 2039 non

2073 2077 2273 2143 estqui
2306 2076 2472 2130 faciat
2502 2077 2823 2148 bonitatem,
2861 2089 2966 2128 non
3013 2083 3099 2128 cst
3144 2088 3318 2144 usque
3357 2077 3416 2130 ad
3440 2093 3576 2130 unum.

2075 2166 2395 2234 Sepulcrum
2440 2179 2634 2236 patens
2673 2177 2756 2222 est
2798 2177 2986 2237 guttur
3023 2182 3254 2230 eorum,
3303 2168 3476 2239 linguis
3500 2170 3578 2224 suis

2070 2261 2256 2316 dolose
2274 2263 2528 2332 agebant,
2552 2275 2817 2316 venenum
2846 2262 3098 2330 aspidum
3119 2261 3224 2316 sub
3251 2262 3397 2317 labiis
3419 2278 3576 2316 eorum.

2071 2352 2311 2418 Quorum
2363 2369 2426 2408 os
2473 2354 2855 2410 maledictione
2900 2365 2957 2409 et
3004 2357 3366 2412 amaritudine
3415 2357 3575 2427 plenum

2067 2456 2150 2501 est
2191 2462 2206 2499 :
2245 2445 2456 2501 veloces
2492 2448 2658 2515 pedes
2694 2463 2883 2502 eorum
2911 2449 2981 2505 ad
3020 2450 3392 2505 effundendum
3417 2449 3578 2519 sangui-

2068 2553 2212 2592 nem.
2240 2537 2510 2594 Contritio
2543 2549 2597 2594 et
2624 2539 2912 2596 infelicitas
2942 2542 2996 2597 in
3025 2542 3128 2597 viis
3158 2557 3364 2610 eorum,
3401 2552 3447 2597 et
3472 2545 3572 2596 riam

2066 2630 2214 2700 pacis
2253 2645 2356 2685 non
2390 2641 2761 2702 cognoverunt
2809 2650 2822 2687 :
2869 2649 2975 2687 non
3028 2643 3110 2688 est
3167 2635 3328 2687 timor
3367 2634 3449 2688 Dei
3485 2643 3574 2686 ante

2063 2723 2256 2779 oculos
2285 2739 2472 2779 eorum
2518 2724 2587 2778 ".
2627 2743 2646 2776 ι
2694 2723 3051 2782 Praediximus
3097 2726 3212 2795 jam
3248 2726 3385 2796 quod
3418 2725 3461 2779 in
3499 2725 3573 2778 hac

2066 2815 2309 2886 Epistola
2347 2814 2564 2881 Paulus,
2593 2815 2743 2870 velut
2772 2816 2980 2871 arbiter
3003 2819 3225 2888 quidam
3252 2819 3387 2872 inter
3412 2831 3489 2872 eos
3512 2819 3572 2884 qni

2067 2923 2134 2961 ex
2177 2907 2592 2962 circumcisione
2629 2907 3003 2975 crediderunt,
3033 2919 3088 2964 et
3113 2925 3212 2966 eos
3249 2911 3336 2981 qui
3359 2927 3416 2965 ex
3442 2911 3574 2980 genii-

385 2999 665 3066 sn-opham
695 3001 869 3064 verbi,
903 3009 956 3055 et
1004 3001 1258 3055 dixerunt
1317 3014 1529 3058 natura:
1575 3004 1793 3074 quidem
1833 3020 1929 3059 eun

2069 3001 2187 3064 bus,
2228 3009 2492 3068 temperet
2519 3015 2827 3055 sermonem
2861 3017 3079 3070 semper
3109 3014 3166 3057 et
3194 3004 3371 3066 librel,
3396 3013 3446 3055 ut
3471 3018 3572 3056 nunc

382 3102 506 3142 esse
529 3090 925 3160 corruptibilis,
955 3107 1054 3147 nec
1082 3100 1259 3147 tamen
1288 3093 1585 3161 corrumpi,
1605 3109 1703 3163 pro
1726 3109 1792 3151 eo
1815 3097 1959 3164 quod

381 3195 490 3236 non
530 3186 608 3238 sit
634 3183 837 3252 aliquid
873 3183 992 3253 ipso
1019 3185 1292 3254 superius,
1323 3202 1353 3240 a
1385 3201 1493 3257 quo
1523 3189 1800 3258 corrumpi
1833 3203 1958 3259 pos-

383 3276 454 3328 sit
509 3285 603 3330 aut
658 3277 816 3331 solvi.
888 3278 1025 3333 Sunt
1075 3288 1130 3336 et
1172 3280 1278 3335 alia
1329 3280 1612 3337 innumera
1675 3283 1956 3338 hominum

381 3365 634 3436 ﬁgmenta
660 3368 956 3426 dialecticis
987 3372 1214 3441 argutiis
1241 3381 1297 3427 et
1325 3375 1716 3443 sophismatum
1772 3374 1961 3432 fraude

379 3463 701 3530 composita.
736 3462 867 3529 Quae
905 3479 1026 3520 cum
1065 3466 1274 3537 singula
1305 3483 1404 3536 per
1438 3469 1841 3525 ecclesiasticos
1879 3472 1960 3525 vi-

376 3565 472 3606 ros
507 3563 562 3606 ct
591 3554 769 3609 divina
811 3556 1072 3625 sapientia
1110 3559 1352 3615 eruditos
1377 3561 1581 3616 veritas
1605 3562 1697 3616 Dei
1735 3564 1960 3617 convin—

379 3643 477 3708 cit,
503 3655 558 3698 et
587 3658 1030 3716 argumentorum
1063 3650 1340 3720 decipulas
1369 3653 1667 3722 redarguit,
1698 3655 1752 3709 in
1777 3655 1955 3709 homi-

380 3749 510 3790 num
562 3741 848 3794 meudacio
888 3741 983 3796 Dei
1029 3743 1236 3798 veritas
1292 3743 1493 3798 dicitur
1549 3744 1849 3810 abundare,
1902 3756 1957 3800 et

381 3846 488 3885 non
533 3834 707 3888 solum
765 3836 1072 3900 abundare,
1131 3839 1226 3893 sed
1277 3838 1555 3894 abundare
1609 3840 1678 3895 ad
1727 3841 1955 3911 gloriam

377 3922 498 3992 ejus
527 3927 594 3980 “.
629 3927 780 3992 Quod
815 3930 916 3983 hoc
949 3932 1109 3985 modo
1141 3930 1554 4000 intelligendqu
1591 3942 1751 4001 puto:
1782 3933 1825 3986 si
1859 3933 1954 3986 do-

379 4025 501 4070 ctor
526 4017 782 4072 Ecclesiae
816 4020 1090 4090 simplices
1121 4035 1367 4091 quosque
1409 4021 1691 4077 auditores
1739 4021 1954 4090 doceat,

377 4116 435 4160 et
463 4108 699 4162 nondum
731 4110 883 4165 falsis
910 4111 1257 4181 dogmatibus
1290 4124 1611 4181 occupatos,
1661 4123 1828 4182 atque
1869 4113 1956 4168 his

381 4198 450 4253 de
474 4199 702 4270 singulis
723 4201 1032 4272 quibusque
1053 4205 1318 4258 rationem
1344 4203 1538 4257 divina:
1557 4203 1809 4258 veritatis
1836 4219 1957 4272 ape-

378 4289 507 4354 riat,
532 4293 586 4344 in
623 4292 1000 4361 hujuscemodi
1037 4297 1285 4349 doctrina
1313 4295 1406 4349 Dei
1439 4295 1644 4351 veritas
1677 4297 1954 4352 videbitur

2064 3091 2186 3156 hos,
2219 3107 2363 3146 nunc
2391 3091 2514 3146 illos
2557 3092 2608 3146 in
2643 3093 2972 3162 quibusdam
3004 3097 3256 3150 videatur
3292 3107 3504 3164 arguere,
3537 3099 3573 3145 et

2062 3199 2280 3240 rursum
2309 3184 2552 3252 singulas
2579 3199 2765 3253 partes
2795 3196 2941 3240 certa
2968 3202 3065 3256 spe
3093 3187 3454 3256 promissionis
3482 3184 3570 3238 ani—

2067 3291 2218 3330 mare
2245 3276 2343 3348 (9).
2375 3277 2514 3344 Quia
2552 3292 2682 3346 ergo
2729 3278 2880 3334 visus
2927 3279 3105 3334 fuerat
3159 3280 3214 3334 in
3267 3278 3571 3348 superioribus

2062 3369 2266 3433 dicere,
2305 3371 2564 3440 quoniam
2598 3371 2642 3426 si
2673 3371 2993 3440 praeputium
3020 3370 3272 3439 justitias
3300 3371 3420 3442 legis
3438 3380 3570 3424 custo-

2063 3464 2198 3528 diat,
2229 3465 2501 3534 judicabit
2531 3480 2652 3519 eum
2688 3467 2780 3535 qui
2821 3466 2874 3520 in
2909 3467 3330 3522 circumcisione
3369 3462 3570 3535 praevari-

2060 3568 2215 3611 cator
2243 3567 2327 3611 est
2352 3556 2484 3625 legis
2505 3557 2586 3612 ’δε
2617 3573 2829 3612 rursum
2858 3568 2920 3612 ut
2949 3573 3046 3613 eos
3082 3574 3225 3627 quos
3259 3556 3571 3611 humiliarerat

2061 3651 2343 3718 allevaret,
2382 3651 2625 3707 addidit;
2656 3671 2674 3704 ι
2707 3651 2846 3718 Quid
2874 3667 3006 3722 ergo
3035 3651 3271 3720 amplius
3300 3647 3569 3704 estJudaeoi

2061 3753 2156 3798 aut
2195 3760 2315 3813 qua:
2346 3745 2551 3798 utilitas
2586 3745 3066 3800 circumcisionis?
3097 3744 3321 3798 Multum
3361 3758 3446 3812 per
3480 3755 3568 3793 om-

2062 3853 2184 3889 nem
2219 3836 2456 3889 modum.
2492 3835 2676 3888 Primo
2701 3836 2945 3904 quidem,
2977 3835 3102 3905 quia
3135 3833 3338 3888 Credita
3365 3839 3469 3886 sunt
3492 3827 3568 3882 illis

2060 3928 2274 3996 eloquia
2306 3928 2398 3982 Dei
2439 3927 2506 3980 “.
2556 3946 2573 3980 ι
2630 3927 2756 3982 Post
2787 3929 2921 3990 haec,
2954 3943 3078 3980 cum
3113 3927 3202 3981 Itis
3238 3933 3567 3992 consequenter

2059 4021 2210 4087 quasi
2247 4019 2492 4089 qumdani
2542 4018 2735 4073 fuisset
2789 4029 3130 4089 prosecutus,
3185 4019 3329 4072 addit
3367 4028 3503 4076 nunc,
3529 4017 3566 4063 el

2057 4110 2196 4164 dicit
2222 4128 2235 4164 :
2269 4129 2287 4160 ι
2315 4110 2452 4177 Quid
2488 4124 2618 4180 ergo
2653 4119 2903 4165 tenemus
2930 4109 3212 4177 amplius?
3236 4106 3437 4164 Causati
3458 4103 3562 4158 enim

2061 4216 2120 4254 su
2131 4217 2249 4256 mus
2263 4199 2477 4256 Iudaeos
2497 4213 2549 4256 et
2565 4201 2785 4256 Graecos
2800 4216 2988 4256 omnes
3010 4202 3111 4256 sub
3129 4211 3350 4272 peccato
3370 4213 3471 4254 esse
3481 4196 3529 4247 ".
3545 4211 3562 4245 ι

2059 4290 2212 4358 Quod
2253 4293 2297 4347 si
2329 4307 2520 4346 omnes
2549 4293 2650 4347 sub
2682 4303 2905 4362 peccato
2934 4302 3084 4357 sunt,
3110 4308 3242 4361 ergo
3268 4307 3366 4346 non
3391 4284 3563 4345 eritela-

379 4379 673 4436 abundare.
717 4381 774 4438 Si
814 4397 944 4438 vero
977 4385 1042 4438 ad
1069 4399 1163 4439 eos
1213 4400 1395 4440 sermo
1431 4388 1504 4442 sit
1543 4387 1634 4458 qui
1679 4386 1950 4441 obsistant
1983 4379 2028 4434 D
2061 4383 2224 4437 tionis
2258 4397 2421 4436 causa
2451 4381 2541 4435 uni
2570 4381 2860 4436 adversum
2893 4381 3081 4449 alium,
3113 4399 3233 4438 cum
3265 4393 3467 4448 uterque
3488 4389 3564 4430 non

377 4473 618 4540 veritati,
649 4476 740 4546 qui
784 4491 932 4532 sanae
976 4477 1240 4532 doctrina:
1289 4480 1636 4534 sermonibus
1670 4479 1948 4535 contradi-

377 4576 504 4620 cant
531 4566 632 4639 (6),
663 4576 719 4622 et
747 4571 1186 4626 contradicentes
1229 4573 1584 4629 confutentur
1631 4583 1686 4628 et
1723 4573 1950 4628 convin-

376 4668 591 4724 cantur,
626 4661 700 4716 ita
730 4672 788 4717 ut
812 4678 1060 4719 errorum
1091 4668 1328 4723 tenebris
1362 4668 1643 4724 derelictis
1669 4668 1736 4722 ad
1768 4669 1944 4722 lucem

376 4751 624 4808 veritatis
650 4756 911 4810 accedant
937 4745 954 4823 Ξ
982 4766 1110 4814 tunc
1137 4775 1242 4813 non
1274 4760 1451 4814 solum
1480 4759 1775 4815 abundabit
1799 4760 1944 4814 veri-

374 4849 459 4897 tas
491 4843 607 4911 Dei,
637 4847 730 4902 sed
761 4856 817 4901 et
856 4850 923 4902 ad
953 4851 1180 4918 gloriam
1211 4853 1330 4922 ejus
1365 4852 1693 4907 abundabit.
1723 4849 1943 4906 Glorifi-

373 4945 530 4988 catur
560 4938 702 4990 enim
736 4938 878 4995 Deus
910 4956 1009 5011 per
1042 4958 1164 4998 eum
1195 4945 1287 5014 qui
1330 4947 1397 4999 de
1437 4959 1629 4999 errore
1676 4943 1944 4997 mendacii

372 5037 593 5097 ereptus
640 5029 822 5086 lumen
853 5034 1100 5090 veritatis
1146 5037 1382 5107 aspexit.
1414 5036 1539 5092 "£130
1567 5051 1697 5107 ergo
1732 5036 1824 5106 qui
1869 5035 1944 5088 ita

448 5167 492 5199 "
513 5166 529 5221 l
554 5166 678 5222 Cor.
701 5184 742 5234 ι,
765 5170 858 5225 24.
933 5172 976 5205 ¹⁸
997 5171 1154 5228 Joan.
1187 5191 1322 5233 xvii.
1343 5176 1395 5229 5.
1472 5176 1516 5209 ¹⁹
1542 5175 1730 5229 Matth.
1759 5190 1811 5237 ιι,
1832 5173 1923 5228 29.

2056 4491 2122 4532 ex
2167 4491 2261 4530 sua
2297 4475 2532 4544 justitia,
2562 4475 2658 4530 sed
2681 4489 2747 4530 ex
2789 4474 2886 4530 Dei
2919 4477 3293 4533 misericordia
3337 4476 3490 4531 veniat
3515 4470 3563 4524 ad

2058 4566 2310 4620 salutem.
2341 4565 2599 4622 Probavit
2626 4581 2760 4636 ergo
2781 4566 3003 4623 Grazcos
3032 4571 3270 4637 quidem,
3302 4569 3350 4622 id
3376 4577 3448 4622 est
3469 4578 3563 4631 gen-

2059 4659 2201 4723 tiles,
2230 4674 2350 4713 esse
2377 4658 2477 4713 sub
2509 4666 2753 4728 peccato,
2786 4673 2912 4712 cum
2939 4658 3016 4713 ait
3039 4659 3120 4714 "z
3156 4678 3175 4711 ι
3202 4660 3432 4715 Dicentes
3453 4655 3559 4711 enim

2053 4767 2113 4805 se
2149 4765 2267 4805 esse
2289 4751 2587 4820 sapientes,
2619 4750 2770 4804 stulti
2813 4749 2940 4806 fami
2973 4761 3098 4806 sunt
3130 4769 3144 4806 :
3189 4764 3242 4806 et
3277 4750 3560 4805 mutaverunt

2053 4845 2281 4915 gloriam
2315 4842 2741 4912 incorruptibilis
2775 4841 2869 4898 Dei
2914 4844 2967 4898 in
3021 4844 3413 4899 similitudinem
3448 4839 3556 4891 ima-

2057 4937 2199 5005 ginis
2229 4934 2606 5002 corruptibilis
2651 4932 2911 4999 hominis,
2961 4944 3018 4989 et
3061 4934 3360 4998 volucrum,
3388 4938 3433 4984 et
3455 4939 3554 4996 qua-

2053 5027 2376 5098 drupedum,
2419 5035 2476 5080 et
2503 5027 2837 5095 serpentium
2888 5044 2904 5082 :
2945 5036 3168 5097 pr0pter
3205 5023 3340 5096 quod
3383 5015 3553 5074 tradidit

2003 5171 2048 5203 ²⁰
2070 5168 2258 5224 Matth.
2284 5182 2339 5230 v,
2374 5164 2463 5220 45.
2537 5165 2579 5196 ³⁸
2605 5163 2765 5218 Rom.
2803 5178 2884 5225 ιιι,
2910 5161 2963 5216 7.
3037 5162 3084 5194 “
3109 5160 3238 5216 ibid.
3319 5155 3362 5189 ³³
3393 5151 3496 5209 ibid.
3513 5147 3550 5203 8.

372 5232 770 5310 "ibid.95eq.
849 5242 894 5274 ιο
925 5242 1081 5298 ιιοιιι.
1113 5261 1174 5311 ιι,
1211 5232 1423 5312 26,27.
1498 5245 1546 5278 η
1572 5247 1730 5301 nom.
1769 5232 2006 5312 “1,1,2.
2077 5241 2122 5274 ιτ
2154 5238 2287 5295 ibid.
2324 5239 2378 5294 9.
2453 5237 2497 5268 ἐ
2535 5236 2697 5291 nom.
2731 5249 2770 5301 ι,
2797 5232 2990 5289 22-24.

367 5347 677 5473 huﬁigr-Ajn
704 5370 724 5404 ι
753 5367 877 5408 cum
905 5355 1252 5426 docibiliter;
1285 5375 1302 5409 ι
1337 5359 1490 5426 editi,
1539 5374 1560 5410 ι
1609 5356 1655 5414 si
1682 5356 1946 5413 conduci-

406 5433 719 5570 f’iijr'eiim,
754 5512 773 5546 ι
803 5492 858 5548 Si
890 5510 1024 5570 vero
1071 5497 1137 5550 ad
1183 5512 1374 5552 omnes
1416 5513 1599 5554 sermo
1632 5496 1704 5553 sit
1728 5499 1818 5569 qui
1845 5500 1944 5554 ob-

374 5565 718 5617 sistunt......
741 5565 1146 5628 comradicunt,
1190 5586 1207 5618 ι
1239 5579 1346 5621 etc.

442 5630 713 5701 (7)Alias,
775 5652 798 5686 ι
843 5651 945 5694 nec
993 5637 1333 5707 blaSphcniat
1375 5638 1514 5696 ultra
1568 5655 1662 5696 cos
1705 5639 1793 5705 qui
1833 5653 1936 5694 non

2051 5349 2370 5419 praedicant.
2407 5367 2425 5400 ι
2951 5415 2981 5419 η
3076 5404 3180 5419 In

2123 5419 2201 5488 (8)
2235 5418 2376 5482 Quid
2407 5434 2526 5486 ergo
2563 5425 2794 5472 tenemus
2821 5415 3045 5488 amplius
3072 5404 3109 5470 ἶ
3124 5414 3215 5471 57c
3249 5404 3542 5488 msg._nostri.

2050 5479 2193 5544 Ειιὶιί
2223 5479 2370 5554 vero,
2411 5507 2430 5540 ι
2463 5479 2608 5555 “Quid
2634 5489 2801 5558 ergo?
2831 5479 3195 5542 l’rmccllimus
3225 5483 3346 5542 eos?
3381 5479 3541 5545 Ncqu-

2047 5575 2232 5630 ψιτιηι.
2260 5577 2278 5609 Ι

2118 5629 2192 5700 (9)
2229 5630 2388 5696 Editi,
2427 5648 2444 5683 ι
2483 5630 2748 5696 animet,»
2784 5625 2939 5684 male.
