3684 6148
94 320 210 377 929

98 531 260 586 tia-os
298 547 477 601 vero,
513 552 636 592 cum
677 541 843 597 dicit:
892 561 912 595 ι
961 545 1018 600 Si
1051 557 1234 604 autem
1271 561 1327 606 tu
1369 552 1591 612 Judaeus
1627 574 1724 614 co-

102 625 512 695 gnoniinaris,
548 641 601 684 et
635 635 938 702 requiescis
979 639 1032 692 in
1065 639 1182 711 lege
1217 644 1286 711 ",
1327 664 1348 698 ι
1391 657 1447 701 ει
1489 649 1720 721 reliqua.

101 711 333 776 Quibus
363 719 589 774 addidit
616 722 698 778 '°:
742 741 760 774 ι
793 723 894 790 Qui
918 741 1048 798 ergo
1075 729 1237 788 doces
1271 735 1458 804 alium,
1491 711 1722 810 teipsum

107 822 221 860 non
266 810 457 866 doces
486 832 499 868 :
530 815 621 884 qui
652 818 922 886 praedicas
948 837 1056 876 non
1086 822 1402 894 furandum,
1435 831 1658 900 furaris,
1697 856 1718 890 ι

105 911 220 954 etc.
263 900 409 958 Post
444 907 568 962 hmc
604 924 732 980 ergo
773 912 927 979 dicit,
965 915 1090 985 quia
1124 935 1145 970 ι
1177 923 1385 976 causati
1419 939 1607 982 sumus
1633 929 1724 984 Ju-

108 991 268 1048 dieos
295 1005 358 1048 et
389 995 624 1055 Graecos
652 1017 844 1058 omnes
879 1007 980 1061 sub
1007 1019 1232 1078 peccato
1261 1028 1384 1070 esse
1425 1017 1491 1072 ³¹.
1529 1038 1548 1071 ι
1595 1020 1724 1078 Post

107 1079 231 1134 btec
268 1097 442 1152 vero,
501 1095 560 1141 ut
607 1091 658 1144 ei
708 1095 877 1149 moris
913 1105 1016 1161 est,
1063 1100 1131 1154 de
1184 1107 1483 1174 Scripturis
1513 1115 1722 1169 sanctis

107 1172 234 1226 vult
281 1175 582 1235 allirmare
627 1186 772 1252 quod
818 1188 1078 1260 dixerat;
1132 1195 1297 1252 simul
1326 1209 1378 1255 et
1409 1202 1722 1264 doctoribus

106 1265 392 1325 Ecclesiae
431 1275 646 1342 praebet
676 1281 1013 1350 exemplum,
1047 1296 1107 1341 ut
1153 1303 1218 1344 ea
1250 1307 1372 1360 quae
1420 1294 1723 1366 loquuntur

108 1359 178 1412 ad
213 1363 532 1433 populum,
583 1384 692 1425 non
744 1376 980 1443 propriis
1032 1359 1361 1453 praesumpta
1409 1394 1717 1459 sententiis,

110 1454 210 1504 sed
257 1451 480 1510 divinis
509 1459 719 1514 munita
756 1465 1085 1523 testimoniis
1132 1451 1431 1541 proferant.
1471 1479 1528 1534 Si
1573 1451 1717 1537 enini

113 1542 236 1611 ipse
266 1552 470 1603 tantus
510 1564 576 1606 ac
621 1553 746 1609 talis
789 1556 1085 1626 Apostolus
1119 1569 1501 1627 auctoritatem
1545 1576 1718 1631 dicto-

110 1649 234 1691 rum
263 1653 507 1698 suorum
539 1646 785 1704 sulIicere
818 1666 977 1719 posse
1007 1671 1112 1711 non
1151 1661 1350 1728 credit,
1387 1667 1489 1720 nisi
1523 1667 1720 1725 doceat

109 1729 166 1783 in
234 1729 392 1802 Lege
458 1746 516 1826 et
576 1736 868 1809 Prophetis
930 1747 1138 1817 scripta
1198 1766 1322 1809 esse
1382 1770 1505 1825 qua:
1563 1761 1713 1826 dicit,

107 1831 326 1888 quanto
367 1825 551 1895 magis
581 1843 680 1883 nos
713 1831 921 1887 minimi
956 1836 1059 1891 boc
1086 1840 1383 1900 observare
1422 1848 1709 1918 debemus,
1748 1819 1791 1875 Β

112 1920 176 1964 ιιι
201 1927 316 1966 non
352 1923 584 1972 nostras
633 1935 754 1975 cum
799 1925 1082 1996 docemus,
1126 1935 1222 1989 sed
1267 1941 1441 1994 sancti
1475 1942 1714 2010 Spiritus

112 2007 433 2062 sententias
460 2010 850 2080 proferamus?
886 2016 1022 2076 lllud
1059 2025 1224 2082 etiam
1257 2007 1567 2092 necessario
1611 2041 1704 2094 du-

111 2099 294 2155 cimus
321 2104 759 2174 admonendum,
793 2113 938 2178 quod
974 2116 1030 2170 in
1067 2123 1348 2179 nonnullis
1392 2125 1712 2187 Latinorum

118 2386 244 2443 tur;
280 2379 335 2434 in
376 2381 593 2441 Graecis
629 2400 810 2447 autem
856 2412 994 2465 pene
1039 2401 1292 2458 omnibus
1340 2421 1448 2460 nou
1482 2409 1715 2476 amplius

121 2467 174 2518 in
200 2469 422 2527 decimo
450 2477 617 2531 tertio
638 2483 870 2548 psalmo,
896 2502 1056 2556 quam
1076 2508 1246 2562 usque
1275 2495 1340 2548 ad
1369 2496 1520 2550 illum
1550 2501 1714 2554 versi-

119 2561 327 2661 culum,
385 2567 480 2622 ubi
527 2569 641 2641 (10)
669 2576 932 2645 scriptum
954 2595 1032 2636 εει
1063 2602 1077 2638 :
1117 2603 1136 2635 ι
1172 2584 1286 2640 Non
1316 2593 1515 2661 estqui
1549 2593 1712 2650 faciat

117 2650 345 2720 bonum,
377 2673 492 2715 non
519 2673 604 2718 est
632 2680 801 2736 usque
822 2672 1094 2730 adunnm.
1132 2693 1151 2726 ι
1187 2677 1292 2732 Sed
1323 2691 1378 2734 et
1411 2650 1554 2751 q'uod
1573 2687 1712 2743 dixit

119 2743 419 2810 Apostolus
469 2771 482 2806 :
539 2773 560 2806 ι
612 2755 766 2812 Sicut
806 2762 1074 2831 scriptum
1123 2777 1203 2822 est
1249 2743 1442 2835 :Quia-
1478 2790 1581 2829 non
1625 2788 1710 2834 est

116 2833 298 2904 justus
319 2842 620 2912 quisquam
659 2865 672 2901 :
699 2864 902 2906 nonest
920 2855 1250 2926 intelligens,
1273 2877 1378 2916 non
1411 2878 1497 2920 est
1526 2869 1709 2936 requi-

111 2936 247 2983 ‘reus
280 2930 446 3005 505
493 2937 684 3004 Deum,
716 2959 734 2992 ι
777 2959 881 2997 ιιοιι
908 2945 1112 3003 eisdem
1158 2954 1506 3010 sermonibus
1558 2959 1711 3014 inve-

123 3020 268 3077 nitur
302 3027 358 3080 in
405 3029 654 3098 psalmo,
698 3034 791 3087 sed
833 3035 923 3088 alii
975 3053 1376 3108 permutantur,
1427 3047 1519 3102 alii
1552 3064 1710 3105 assuo

124 3124 368 3184 muutur,
405 3119 502 3173 alii
555 3121 957 3192 relinquuntur.
994 3127 1148 3194 Quod
1192 3134 1260 3186 ab
1293 3137 1555 3194 studiosis
1584 3140 1706 3210 qui-
1733 3165 1777 3223 ε

123 3201 332 3273 liusque
360 3208 405 3262 si
445 3212 774 3267 observetur
806 3214 1145 3287 diligentius,
1185 3233 1312 3291 puto
1351 3226 1466 3279 dari
1517 3229 1568 3281 in
1602 3201 1706 3286 iioc

125 3296 483 3360 apostolicam
526 3303 938 3371 auctoritatem,
982 3318 1038 3362 ut
1068 3327 1193 3363 cum
1224 3313 1521 3382 Scriptura:
1557 3323 1707 3375 testi-

125 3387 322 3442 moniis
357 3395 625 3445 utendum
657 3393 838 3463 fuerit,
866 3413 1087 3454 sensum
1119 3405 1289 3474 magis
1317 3422 1382 3461 ex
1413 3425 1497 3475 ea,
1539 3427 1702 3481 quam

122 3478 284 3532 verba
314 3485 622 3552 capiamus.
658 3485 772 3542 Hoc
805 3491 949 3544 enim
984 3503 1038 3546 et
1065 3494 1117 3548 iu
1155 3495 1464 3568 Evangeliis
1495 3478 1702 3559 factum

122 3564 440 3638 frequenter
468 3576 738 3633 invenies.
763 3580 816 3633 In
857 3584 1015 3637 tertio
1057 3587 1266 3643 decimo
1301 3592 1468 3662 igitur
1495 3597 1704 3662 psalmo

124 3655 195 3711 ita
223 3663 491 3733 scriptum
531 3676 654 3721 est:
705 3687 725 3720 ι
760 3659 1022 3728 Dominus
1055 3675 1121 3730 de
1150 3679 1288 3735 εωΙο
1322 3655 1571 3754 respexit
1606 3702 1703 3742 su-

124 3763 217 3819 per
247 3754 388 3811 ﬁlios
432 3759 744 3830 hominum,
775 3765 1074 3823 ut-videret
1122 3771 1167 3824 si
1210 3783 1294 3827 est
1346 3775 1699 3847 intelligens,

123 3854 215 3896 aut
240 3850 528 3917 requirens
564 3851 754 3911 Deum.
785 3874 804 3908 ι
859 3857 966 3914 Sed
1012 3861 1062 3916 in
1104 3864 1560 3936 quinquagesimo
1612 3887 1701 3926 se-

125 3936 297 3988 cundo
343 3941 560 4008 psalmo
594 3943 669 3998 ita
708 3945 841 4002 dicit
873 3965 888 4002 :
927 3967 947 4002 ι
984 3952 1123 4008 Deus
1161 3956 1227 4009 de
1279 3958 1418 4014 coelo
1462 3965 1701 4030 respexit

126 4039 282 4095 Super
311 4030 451 4088 ﬁlios
485 4035 789 4103 hominum,
826 4051 884 4094 ut
918 4044 1132 4101 videret
1166 4049 1211 4103 si
1243 4060 1327 4104 est
1368 4051 1698 4122 intelligens,

127 4127 212 4171 aut
242 4126 531 4191 requirens
564 4130 750 4186 Deum.
774 4153 792 4185 ι
833 4133 898 4188 Ει
928 4137 1145 4194 videtur
1169 4141 1308 4195 idem
1337 4146 1547 4198 serviiri
1572 4162 1699 4201 seu-

127 4226 212 4269 sus
233 4219 396 4274 etiam
439 4223 496 4276 in
536 4239 602 4277 eo
644 4229 788 4294 quod
833 4229 1129 4298 Apostolus
1157 4235 1372 4303 posuit:
1409 4252 1428 4285 ι
1463 4233 1582 4290 Νυιι
1615 4246 1700 4291 εει

127 4303 450 4382 intelligens,
478 4333 582 4371 non
617 4326 702 4372 est
726 4323 1012 4390 requirens
1036 4325 1204 4380 Deum
1235 4326 1336 4380 η.»
1356 4325 1424 4382 Ει
1451 4330 1596 4398 quod
1618 4329 1700 4383 di-

126 4401 234 4456 xit:
267 4424 285 4456 ι
319 4407 435 4466 Νοιι
479 4423 563 4468 εει
583 4414 764 4482 justus
802 4419 1089 4489 quisquam
1119 4419 1233 4484 ".1
1279 4431 1409 4490 ρυιο
1438 4422 1582 4492 (ιυοά
1628 4437 1695 4478 εκ

1101 340 1462 401 COMMENT.
1502 345 1572 400 lN
1610 325 1832 407 EPIST.
1868 350 1959 406 AD
1992 353 2160 410 non.
2204 353 2331 411 LIB.
2376 357 2464 413 ιιι.

97 456 201 494 eos
232 439 398 497 Deus
439 443 502 500 in
543 447 834 516 reprobum
867 463 1111 520 sensum,
1160 475 1180 508 ι
1229 467 1286 514 ει
1327 461 1533 529 reliqua
1566 481 1581 519 :
1624 463 1722 518 Ju-
1754 470 1798 526 Α
1829 466 1988 524 labiis
2020 485 2208 525 corum
2240 473 2284 504 ³ο

3297 375 3407 431 930

2290 513 2305 538 ,
2340 495 2359 526 ι
2389 477 2533 546 quod
2559 487 2614 532 et
2639 477 2816 546 ipsum
2845 495 2914 536 ex
2935 485 3171 554 Quodam
3196 491 3407 558 psalmo

1827 573 2185 632 assumptum,
2214 566 2540 635 immutatis,
2569 580 2628 626 ut
2650 587 2813 644 supra
2848 575 3108 644 diximus,
3137 589 3406 642 sermoni-

1821 653 1948 719 bus,
1983 666 2135 724 puto.
2169 655 2323 724 Quod
2356 671 2538 717 autem
2568 666 2848 733 sequitur:
2881 688 2900 721 ι
2937 670 3176 738 Quorum
3204 691 3266 732 os
3289 694 3408 733 ma-

1823 744 2132 816 ledictione,
2172 759 2227 806 et
2255 754 2622 811 amaritudine
2652 756 2870 824 plenum
2905 773 2990 818 est
3013 764 3080 831 ",
3109 785 3128 820 ι
3163 783 3228 822 ex
3259 785 3404 828 nono

1823 838 2034 906 psalmo
2059 841 2274 896 videtur
2311 855 2616 912 acceptum.
2650 847 2786 903 Tum
2834 851 3074 910 deinde:
3112 875 3132 908 ι
3177 857 3405 919 Veloces

1821 931 1988 997 pedes
2023 946 2213 988 eorum
2267 935 2334 989 ad
2371 935 2753 993 effundendum
2785 945 3126 1014 sanguinem,
3160 967 3180 1001 ι
3235 951 3318 1006 vel
3347 953 3401 1008 in

1822 1019 1960 1076 Isaia
1991 1025 2257 1092 invenies,
2289 1028 2372 1083 vel
2403 1029 2454 1083 in
2490 1029 2802 1089 Proverbiis
2835 1035 2901 1088 ³⁸.
2946 1035 3052 1092 Sed
3093 1050 3170 1106 et,
3206 1059 3226 1093 ι
3255 1042 3399 1100 Con:

1825 1115 1974 1170 tritio
2000 1127 2050 1170 et
2087 1117 2378 1175 infelicitas
2401 1121 2453 1174 in
2480 1122 2584 1178 viis
2605 1138 2816 1191 eorum,
2847 1136 2900 1181 et
2930 1128 3074 1183 viam
3100 1133 3250 1198 pacis
3292 1150 3399 1191 non

1821 1221 2191 1278 cognoverunt
2221 1212 2289 1276 ³³,
2325 1232 2343 1265 ι
2381 1230 2484 1267 non
2512 1215 2729 1282 quidem
2780 1219 2846 1272 ad
2886 1219 3157 1288 integrum
3211 1240 3399 1281 recor-

1822 1299 1921 1353 dor
1951 1301 2037 1356 ubi
2071 1303 2330 1370 scriptum
2362 1305 2433 1358 sit
2463 1321 2477 1358 :
2515 1308 2761 1373 suspicor
2793 1318 2968 1366 tamen
3014 1314 3068 1368 in
3112 1330 3221 1370 uno
3270 1333 3400 1386 pro-

1821 1389 2106 1459 phetarum
2133 1392 2359 1448 inveniri
2389 1411 2568 1465 posse.
2591 1399 2647 1453 lu
2673 1398 2905 1456 Psalmis
2926 1411 3106 1458 autem
3136 1406 3396 1476 scriptum

1821 1495 1902 1538 est
1935 1485 2020 1539 ‘°:
2059 1506 2077 1538 ι
2111 1487 2224 1543 Non
2256 1500 2340 1545 est
2370 1492 2534 1547 timor
2579 1494 2675 1549 Dei
2725 1505 2852 1550 ante
2895 1497 3079 1555 oculos
3126 1515 3336 1556 eorum.
3371 1520 3393 1554 ι

1822 1574 1946 1629 Haec
1982 1587 2164 1632 autem
2213 1583 2396 1635 omnia
2451 1585 2760 1640 testimonia
2811 1587 3028 1644 videtur
3059 1604 3398 1665 congregare

1820 1668 2055 1725 voluisse
2083 1673 2152 1723 ob
2190 1672 2311 1737 hoc,
2350 1685 2410 1728 ut
2438 1677 2782 1742 ostenderet,
2811 1680 2936 1748 quia
2974 1683 3117 1750 quod
3141 1696 3398 1741 causatur

1826 1778 1845 1812 ι
1885 1760 2098 1818 Judiros
2124 1775 2172 1818 et
2211 1765 2432 1820 Graecos
2469 1783 2660 1824 omnes
2707 1771 2810 1824 sub
2860 1785 3082 1839 peccato
3113 1789 3233 1832 esse
3261 1775 3329 1846 “,
3368 1799 3389 1833 ι

1821 1869 1928 1906 non
1967 1862 2073 1908 tam
2099 1870 2278 1920 suam,
2305 1871 2467 1926 quam
2500 1872 2706 1915 sanctae
2740 1861 3037 1934 Scriptura:
3065 1871 3394 1924 sententiam

1821 1944 2156 2010 pronuntiat.
2180 1944 2285 1998 Sed
2310 1947 2654 2016 requiramus
2683 1953 2809 2020 quid
2839 1965 2924 2009 est
2958 1955 3059 2011 hoc
3083 1959 3256 2027 ipsum
3279 1963 3396 2034 (15)

1818 2033 1920 2086 sub
1959 2040 2184 2102 peccato
2206 2050 2330 2089 esse
2361 2057 2372 2090 :
2407 2037 2524 2092 sine
2541 2043 2866 2110 exceptione
2895 2047 3038 2100 enim
3071 2063 3252 2106 sermo
3278 2033 3398 2119 ejus

1818 2139 2028 2187 omnes,
2061 2125 2176 2179 sive
2217 2125 2387 2181 Judazi
2435 2129 2566 2195 sint,
2599 2131 2715 2186 sive
2744 2135 2996 2202 gentiles,
3047 2139 3265 2195 videtur
3314 2145 3397 2198 in-

1816 2215 2056 2270 volvere.
2095 2215 2200 2270 Sed
2231 2219 2478 2276 occurrit
2512 2222 2668 2278 nobis
2721 2226 2827 2280 alia
2876 2227 3046 2297 ipsius
3098 2236 3394 2304 sententia,

1817 2322 1924 2377 qua
1955 2308 2122 2362 dicit:
2166 2327 2185 2360 ι
2221 2308 2324 2365 Ubi
2353 2322 2533 2367 autem
2569 2330 2676 2369 non
2710 2326 2792 2371 est
2822 2317 2932 2384 lex,
2981 2336 3082 2377 nec
3135 2330 3396 2392 prrevari-

1817 2399 1965 2454 catio
1988 2400 2058 2456 δ’.
2092 2421 2111 2454 ι
2145 2403 2299 2473 Apud
2325 2401 2540 2462 Iudaeos
2569 2408 2790 2476 quidem
2841 2410 3014 2482 legem
3066 2413 3235 2487 Moysi
3273 2433 3395 2474 esse

1817 2490 2164 2547 manifestum
2192 2503 2316 2548 est:
2350 2497 2493 2564 apud
2519 2499 2755 2567 gentiles
2798 2517 2929 2557 vero
2976 2504 3151 2574 legem
3184 2521 3394 2565 natura:

1812 2596 1936 2636 esse
1963 2583 2251 2638 conﬁrmat
2305 2584 2442 2658 (14),
2503 2603 2625 2656 quae
2679 2592 2993 2650 testimonio
3040 2599 3392 2657 conscientia:

1813 2685 2008 2745 arguat
2040 2675 2463 2745 delinquentem.
2501 2679 2602 2736 Ubi
2637 2698 2768 2754 ergo
2797 2688 3093 2755 quaerimus
3115 2691 3390 2748 hominem

1812 2763 1865 2818 in
1901 2781 2007 2834 quo
2035 2781 2143 2821 non
2184 2769 2257 2823 sit
2285 2769 2388 2834 lex,
2423 2780 2478 2826 et
2505 2773 2597 2841 qui
2621 2786 2718 2843 per
2743 2777 2843 2831 hoc
2877 2793 2983 2833 non
3007 2780 3255 2836 videatur
3270 2800 3393 2840 esse

1812 2855 1866 2910 in
1898 2859 2350 2926 praevaricatione
2383 2865 2617 2932 peccati,
2659 2866 2790 2934 quia
2819 2877 2872 2923 et
2910 2870 3026 2940 ipse
3074 2871 3275 2929 Paulus
3321 2877 3391 2930 de

1812 2949 2110 3019 semetipso
2141 2950 2316 3006 dicit:
2375 2972 2396 3005 ι
2431 2953 2545 3023 Ego
2579 2966 2759 3010 autem
2804 2959 3059 3014 vivebam
3109 2962 3228 3017 sine
3273 2962 3389 3032 lege

1809 3038 2233 3110 aliquando“?i
2257 3042 2487 3110 Quando
2515 3044 2718 3102 Paulus
2763 3049 2881 3104 sine
2929 3050 3045 3120 lege
3084 3053 3242 3118 vixit,
3291 3057 3386 3124 qui

1814 3147 2028 3186 rursum
2063 3133 2131 3188 de
2156 3136 2450 3206 semetipso
2496 3139 2670 3195 dicit:
2707 3158 2726 3191 ι
2773 3141 3144 3199 Circumcisus
3189 3157 3384 3203 octava

1809 3223 1898 3278 die
1925 3224 2040 3295 (15)
2076 3224 2340 3283 Hebrieus
2368 3242 2435 3280 ex
2464 3227 2704 3285 Hebraeis
2725 3230 2810 3285 “?
2839 3251 2858 3285 ι
2916 3232 3200 3300 Quomodo
3249 3253 3382 3309 ergo

1807 3331 1995 3371 verum
2019 3318 2126 3373 erit
2153 3333 2275 3374 eum
2315 3319 2605 3390 aliquando
2630 3323 2747 3378 sine
2777 3325 2892 3398 lege
2921 3328 3146 3398 vixisse,
3171 3333 3262 3400 qui
3293 3348 3386 3387 oc-

1810 3418 1928 3462 tava
1959 3410 2048 3465 die
2075 3409 2187 3481 (16)
2213 3412 2513 3468 nativitatis
2537 3429 2648 3470 suae
2678 3417 2889 3486 signum
2945 3421 3382 3478 circumcisionis

1803 3514 1872 3554 ex
1901 3500 2016 3570 lege
2043 3504 2319 3574 suscepit?
2353 3503 2505 3562 Unde
2530 3516 2745 3562 constat
2779 3517 2907 3566 tunc
2939 3505 3056 3567 fieri
3104 3514 3382 3572 hominem

1803 3593 1904 3647 sub
1943 3593 2083 3664 lege,
2116 3598 2332 3665 quando
2365 3599 2434 3653 ad
2464 3600 2516 3654 id
2561 3602 2739 3656 aetatis
2786 3606 3016 3672 venerit,
3072 3616 3130 3661 ut
3176 3607 3380 3678 eligere

1802 3685 1996 3752 possit,
2031 3697 2086 3740 et
2113 3687 2426 3745 discernere
2451 3689 2579 3759 quid
2602 3691 2674 3745 sit
2721 3691 2802 3746 lex
2833 3710 2847 3746 :
2897 3712 2996 3750 nec
3039 3699 3189 3766 prius
3246 3699 3384 3769 legis

1803 3775 1947 3831 illius
1974 3778 2318 3836 extrinsecus
2339 3779 2529 3853 jugum
2568 3785 2870 3854 suscipere,
2916 3803 3078 3856 quam
3127 3791 3376 3857 internas,

1801 3877 1856 3920 et
1885 3869 2153 3924 naturalis
2203 3869 2338 3941 legis
2384 3873 2586 3928 habere
2637 3875 2862 3944 incipiat
2891 3877 3004 3947 (17)
3035 3879 3374 3935 firmitatem.

1801 3957 2044 4028 Denique
2081 3960 2134 4016 in
2166 3977 2230 4016 eo
2261 3963 2381 4019 loco
2406 3965 2498 4020 ubi
2524 3965 2698 4023 dixit:
2737 3987 2756 4019 ι
2781 3967 2892 4039 Ego
2916 3980 3093 4024 autem
3132 3972 3377 4028 vivebam

1800 4051 1920 4104 sine
1972 4051 2088 4122 lege
2138 4053 2456 4121 aliquando,
2487 4076 2506 4109 ι
2553 4058 2803 4114 addidit:
2869 4079 2889 4112 ι
2923 4062 3028 4116 Sed
3087 4063 3174 4117 ubi
3231 4065 3381 4118 venit

1799 4143 2137 4208 mandatum,
2168 4155 2452 4214 peccatum
2478 4148 2766 4203 revixit“.
2791 4170 2810 4202 ι
2859 4150 2912 4204 Ιιι
2949 4166 3056 4220 quo
3106 4153 3209 4208 hoc
3257 4156 3380 4224 qui-

1799 4233 1923 4287 dem
1958 4235 2218 4300 ostendit,
2253 4237 2378 4306 quia
2420 4238 2474 4292 in
2509 4241 2742 4310 pueritia
2778 4243 2931 4311 prius
2959 4259 3118 4313 quam
3175 4245 3379 4300 discre-

1801 4325 2002 4380 tionem
2028 4327 2153 4397 quis
2181 4329 2381 4383 babeat
2413 4330 2540 4385 boni
2570 4343 2623 4386 et
2665 4334 2812 4398 mali,
2843 4335 2963 4389 sine
2992 4336 3108 4405 lege
3141 4351 3261 4392 esse
3290 4339 3376 4393 di-

1797 4418 1976 4482 citur;
2012 4433 2134 4472 cum
2171 4420 2336 4474 etiam
2369 4421 2414 4475 si
2447 4434 2664 4490 peccat,
2695 4426 2819 4494 quia
2847 4425 2932 4480 lex
2970 4427 3022 4481 in
3044 4443 3108 4482 eo
3135 4445 3240 4483 nou
3268 4441 3371 4495 est,

127 4503 188 4544 eo
231 4505 526 4569 sumpserit
554 4507 698 4573 quod
744 4508 1011 4579 scriptum
1050 4521 1134 4565 est
1162 4510 1242 4565 “:
1281 4530 1301 4564 ι
1330 4511 1446 4567 Non
1481 4523 1566 4569 est
1599 4515 1692 4584 qui
1723 4513 1769 4568 D
1799 4519 2082 4578 peccatum
2124 4511 2172 4564 ei
2208 4527 2314 4566 non
2363 4513 2664 4582 imputatur
2690 4514 2757 4568 “.
2807 4517 2942 4570 Cum
2993 4533 3124 4573 vero
3168 4521 3375 4575 discre-

130 4582 283 4642 faciat
315 4592 639 4664 bonitatem,
672 4615 781 4654 non
814 4611 897 4656 est
924 4617 1098 4672 usque
1123 4606 1191 4659 ad
1221 4621 1389 4659 unum
1420 4606 1564 4677 (ll);
1592 4626 1611 4658 ι
1641 4607 1691 4660 in

127 4687 229 4743 (luo
260 4685 423 4740 etiam
460 4689 504 4743 si
528 4705 712 4746 sermo
744 4696 988 4748 converti
1024 4695 1260 4762 videtur,
1290 4712 1481 4752 sensus
1514 4710 1693 4754 tamen

131 4781 261 4826 unus
288 4776 540 4851 idemque
572 4793 844 4840 servatur.
886 4785 1040 4853 Quod
1076 4801 1204 4843 vero
1235 4788 1290 4842 in
1347 4805 1693 4860 consequen-

132 4859 266 4920 libus
313 4869 547 4930 dicitur:
592 4893 611 4926 ι
651 4875 973 4946 Sepulcrum
1019 4890 1213 4949 patens
1243 4891 1328 4936 est
1363 4859 1550 4952 gultur
1593 4899 1691 4939 eo—-

132 4963 264 5022 rum,
293 4960 488 5034 linguis
519 4969 632 5022 suis
663 4972 850 5026 dolose
876 4974 1117 5042 agebant
1148 4973 1314 5039 ",iin
1355 4976 1544 5044 quinto
1575 4975 1689 5050 (12)

130 5048 323 5108 psalmo
354 5063 608 5128 reperies.
637 5061 768 5118 Post
792 5065 892 5120 boc
918 5088 931 5122 :
962 5084 981 5118 ι
1013 5065 1289 5122 Venenum
1315 5069 1562 5138 aspidum
1588 5071 1688 5125 sub

197 5186 412 5264 “Rom.
449 5216 512 5264 ιι,
537 5200 622 5255 17.
703 5202 748 5234 ³⁰
774 5201 901 5256 ibid.
927 5202 1019 5258 21.

1102 5204 1146 5236 ³ι
1179 5203 1335 5259 Rom.
1363 5220 1447 5273 ιιι,
1478 5206 1532 5261 9.

138 5262 335 5334 |_Il,_l3;
359 5262 505 5324 Rsal.
531 5287 581 5334 v,
601 5271 688 5326 11.

1616 5205 1664 5237 ³³
1694 5205 1852 5258 Rom.
1886 5219 1978 5271 ιιι,
2010 5205 2102 5259 11.

765 5274 812 5343 ξε
838 5272 964 5328 ibid.
991 5283 1046 5328 et
1066 5275 1202 5343 psal.
1229 5272 1454 5340 cxxxtx,
1489 5277 1542 5331 4.
1619 5276 1664 5308 ³⁷

1829 5294 1857 5328 ι.
1886 5290 1970 5338 ιιι,
2000 5275 2098 5339 ll;
2135 5275 2278 5329 Psal.
2313 5291 2391 5341 Ix,
2428 5276 2482 5330 7.

1804 4603 2005 4656 tienem
2044 4602 2169 4656 boni
2203 4604 2441 4673 malique
2473 4606 2769 4674 acceperit,
2807 4609 3025 4664 venisse
3069 4612 3119 4666 ei
3172 4612 3374 4667 dicitur

1799 4693 1914 4758 lex,
1953 4703 2008 4748 et
2035 4694 2250 4750 dedisse
2277 4695 2551 4749 mandata.
2592 4695 2694 4752 Ubi
2725 4707 2902 4753 autem
2933 4701 3075 4754 inest
3104 4701 3180 4756 vis
3221 4719 3372 4756 mau-

1799 4786 1944 4848 dati,
1975 4786 2081 4841 hoc
2119 4797 2236 4852 est,
2286 4787 2623 4842 conscientia
2661 4793 3016 4860 redargueus,
3062 4806 3368 4862 peccatum,

1799 4879 1940 4946 quod
1993 4880 2143 4950 prius
2172 4881 2226 4934 in
2255 4895 2322 4934 eo
2355 4891 2626 4936 mortuum
2665 4893 2804 4948 erat,
2849 4883 3050 4938 dicitur
3085 4887 3367 4944 revixisse.

1799 4971 1878 5024 Ex
1927 4971 2030 5026 hoc
2075 4986 2206 5041 ergo
2234 4970 2348 5041 jam
2401 4981 2643 5044 tempore
2672 4975 2716 5029 si
2750 4978 2872 5045 quis
2917 4977 3114 5031 subdat
3153 4993 3214 5033 se
3263 4980 3366 5047 legi

1796 5063 1990 5136 Moysi,
2011 5073 2073 5120 ut
2097 5079 2217 5120 eam
2241 5065 2535 5121 secundum
2566 5065 2804 5122 litteram
2835 5069 3106 5133 observet,
3138 5068 3366 5127 efﬁcitur

2177 5204 2226 5240 ³³
2269 5204 2399 5258 ibid.
2432 5203 2520 5259 l0.
2597 5205 2647 5238 ³⁵
2671 5205 2814 5262 Psal.
2843 5223 2961 5270 xm,
2991 5207 3044 5260 2.
3127 5207 3170 5238 ³⁵
3205 5206 3364 5265 Rem.

2557 5275 2604 5307 ⁸⁸
2629 5276 2788 5332 Rom.
2824 5293 2904 5340 ιιι,
2957 5276 3056 5342 15;
3093 5277 3214 5331 Isai.
3249 5293 3364 5342 ιιι,

138 5322 495 5416 139509-35
531 5322 736 5397 137'"
764 5322 1476 5416 ῌο-ιῖιξξρῖξῖάξιξξέξῖζέ.
1499 5322 1558 5407 '7"
1585 5347 1640 5403 8.

1829 5322 2546 5416 έὲεἰ”.’ῗχὲιῖιῦ.’ᾆξίιὲιῖἧ.ἷιι,
2569 5322 2788 5402 ιγ’.”’ῖι’
2805 5322 2940 5401 ιῦἰίι.
2959 5322 3056 5402 ἐἷ’
3093 5322 3360 5402 ’δ’ὴῦἰέ

139 5407 204 5463 tv,
231 5402 311 5459 l5.
385 5408 430 5442 ”
457 5411 611 5468 Rom.
639 5429 736 5479 vn,
763 5414 818 5472 9.
894 5413 940 5446 ἠ
967 5402 1278 5487 Ριιὶιίρ.ἰιι,
1312 5419 1368 5474 5.

120 5549 128 5560 --
205 5510 306 5585 (10)
341 5519 456 5577 Ubi.
487 5526 544 5580 ῐιι
574 5527 732 5583 editis
759 5531 1048 5585 omittitur.

335 5591 519 5675 {Editin
551 5613 654 5652 non
683 5611 766 5675 est
793 5616 966 5672 usque
994 5584 1060 5656 ad
1104 5617 1272 5658 unum
1305 5604 1396 5675 qui
1435 5602 1621 5668 faciat,
1658 5622 1678 5657 υ

225 5653 307 5726 ὶᾷ)
335 5662 440 5726 AL,
535 5673 787 5724 secundo.
816 5689 836 5722 ι

347 5725 502 5816 lﬂtliti,
529 5756 561 5816 __t
597 5739 966 5816 relinquamus
995 5741 1211 5816 quidem
1246 5745 1348 5801 hoc
1373 5747 1602 5816 ipsum.

207 5796 312 5865 U4)
341 5804 445 5874 AL,
478 5796 499 5860 ι’
526 5810 704 5883 firmat
733 5796 827 5880 (et.
862 5796 1117 5883 allirn'tat)
1141 5796 1272 5883 quo.
1290 5796 1321 5870 ii

1442 5418 1488 5450 ⁸⁸
1513 5419 1671 5473 Rom.
1705 5432 1800 5484 vn,
1827 5416 1882 5471 9.
1958 5415 2002 5446 “
2031 5416 2188 5472 Rom.
2214 5417 2384 5482 v.13.

1865 5533 1976 5605 (15)
2010 5535 2101 5588 Sic
2131 5549 2262 5605 mss.
2297 5533 2410 5589 fere
2438 5549 2650 5589 omnes.
2686 5533 3069 5605 Quidamvero
3098 5549 3220 5589 cum
3244 5534 3360 5590 edi-

1794 5603 1883 5669 tis,
1913 5623 1932 5654 ι
1958 5604 2426 5658 circumcisionem
2461 5607 2644 5673 accepi
2685 5605 2860 5658 octavi
2901 5603 3031 5673 diei,
3065 5623 3084 5658 ι
3111 5617 3215 5662 etc.

1864 5676 1974 5744 (l6)
2002 5675 2117 5728 Die.
2149 5675 2308 5727 Deest
2345 5676 2396 5728 in
2427 5687 2582 5728 antea
2611 5676 2790 5732 editis.

1862 5747 1976 5816 (l7)
2008 5747 2116 5812 AL,
2150 5763 2168 5796 ι
2206 5744 2486 5814 inciperet.
2516 5763 2536 5796 ι
