3684 6148
359 328 454 385 951

361 443 414 495 in
453 443 746 500 manifesto
772 443 991 501 Judaeus
1020 445 1084 503 ⁸⁷.
1113 446 1170 502 Si
1201 461 1332 503 vero
1361 447 1660 503 secundum
1694 446 1945 516 spiritum

358 549 480 588 eam
507 542 788 603 sequatur,
819 537 1061 592 eilicitur
1095 539 1147 592 in
1181 539 1400 594 occulto
1423 537 1659 593 Judaeus.
1691 539 1817 594 llaec
1842 554 1943 607 pro

357 641 422 678 co
441 627 581 695 quod
609 625 816 682 dictum
839 637 925 682 est
945 644 958 681 :
981 648 998 680 ι
1021 628 1244 684 Causati
1264 629 1408 683 enim
1443 644 1628 683 sumus
1649 627 1866 684 Judaeos
1891 639 1939 685 et

358 716 579 771 Graecos
609 733 798 775 omnes
835 722 936 776 sub
970 729 1196 790 peccato
1227 736 1347 776 esse
1369 720 1436 774 ⁸³.
1463 741 1482 774 ι
1521 720 1744 776 Scilicet
1783 739 1803 772 ‹
1826 736 1944 776 om-

356 822 454 861 nes
487 827 505 857 i
543 808 885 879 intelligattu'
918 813 986 866 de
1019 811 1128 868 illis
1159 812 1388 878 dictum,
1419 827 1557 880 quos
1591 811 1674 867 vel
1709 812 1941 866 naturali

354 900 440 954 vel
469 901 671 969 scripta
704 902 821 971 lege
845 919 911 957 ne
936 913 1164 972 peccent
1187 914 1402 959 constat
1431 906 1670 959 edoceri.
1723 904 1858 959 Nam
1889 917 1945 961 et

356 995 422 1045 de
448 995 696 1062 gentibus
722 997 823 1050 sub
856 1007 1081 1066 peccato
1115 998 1274 1052 lactis
1305 998 1493 1052 eodem
1524 999 1687 1053 modo
1736 999 1940 1054 intelli-

357 1085 533 1150 gimus
566 1101 670 1154 quo
707 1102 872 1156 supra
903 1089 1172 1143 diximus:
1207 1105 1331 1144 cum
1360 1091 1631 1160 coeperint
1676 1093 1944 1146 naturali-

359 1187 443 1230 ter
468 1194 587 1246 qua-
619 1179 752 1249 legis
777 1190 904 1234 sunt
933 1181 1116 1238 facere
1137 1184 1205 1248 ‘9,
1227 1195 1282 1237 et
1309 1184 1406 1254 ipsi
1431 1184 1530 1238 sibi
1553 1199 1673 1239 esse
1693 1183 1803 1249 lex,
1831 1193 1941 1239 tum

358 1266 766 1334 redarguuntur
812 1283 840 1322 a
879 1272 1211 1326 conscientia
1254 1274 1307 1327 in
1338 1274 1424 1328 his
1469 1289 1592 1342 quae
1641 1287 1831 1330 contra
1869 1274 1945 1329 le-

357 1369 479 1423 gem
515 1355 694 1410 facere
726 1359 998 1430 videntur.
1037 1360 1264 1431 Propter
1285 1365 1430 1432 quod
1462 1374 1516 1418 et
1539 1376 1945 1435 consequenter

360 1449 491 1502 mihi
528 1450 784 1505 videntur
814 1468 943 1507 vere
982 1457 1222 1511 sensisse
1255 1457 1333 1521 hi,
1378 1458 1469 1527 qui
1512 1457 1684 1528 legem
1735 1469 1945 1526 naturae

355 1537 528 1606 legem
565 1539 659 1593 Dei
685 1543 900 1608 dicunt,
934 1544 1104 1612 legem
1157 1555 1339 1601 autem
1397 1547 1564 1618 Moysi
1603 1549 1774 1619 legem
1807 1551 1944 1606 scri-

355 1639 501 1698 ptam
537 1635 812 1704 appellant
837 1634 975 1704 (18).
1015 1636 1070 1691 Si
1104 1652 1234 1707 ergo
1260 1638 1462 1692 Paulus
1479 1641 1546 1694 de
1566 1640 1684 1711 lege
1711 1641 1943 1712 scripta,

360 1724 459 1778 hoc
487 1735 569 1778 est
603 1727 670 1781 de
711 1727 827 1796 lege
850 1726 1042 1798 Moysi,
1079 1729 1329 1784 diceret:
1370 1749 1390 1781 ι
1431 1731 1722 1787 Peccatum
1757 1744 1939 1788 autem

355 1829 462 1868 non
489 1816 810 1887 imputatur,
846 1836 970 1875 cum
1004 1821 1089 1876 lex
1122 1838 1228 1877 non
1261 1835 1344 1877 est
1367 1823 1437 1887 ³ο,
1473 1844 1492 1876 ι
1541 1825 1816 1880 videbitur
1839 1842 1939 1881 nec

355 1907 486 1960 Cain
521 1920 833 1978 reputatum
887 1927 1008 1969 esse
1036 1923 1322 1983 peccatum
1367 1915 1510 1986 (l9),
1545 1932 1645 1971 nec
1688 1917 1795 1972 illis
1845 1920 1938 1989 qui

357 1997 560 2054 diluvio
585 2003 885 2070 perierunt,
923 2019 1024 2058 nec
1055 2005 1163 2060 illis
1205 2022 1345 2076 quos
1397 2008 1450 2061 in
1499 2008 1752 2063 Sodomis
1801 2010 1940 2080 ignis

355 2092 680 2162 absumpsit.
734 2093 840 2149 Sed
889 2097 1147 2165 quoniam
1190 2098 1440 2154 videmus
1485 2099 1590 2154 illis
1621 2115 1725 2154 non
1767 2101 1938 2156 solum

356 2192 606 2250 reputata
630 2198 749 2238 esse
766 2195 1010 2253 peccata,
1043 2189 1136 2241 sed
1168 2197 1223 2241 et
1253 2187 1514 2243 ultionem
1542 2189 1594 2243 in
1613 2204 1707 2244 eos
1731 2190 1938 2256 datam,

355 2275 666 2327 ostenditur
695 2291 761 2328 ex
793 2277 876 2330 his
908 2277 974 2330 de
1003 2277 1234 2331 naturali
1283 2277 1402 2348 lege
1445 2278 1671 2333 Paulum
1731 2281 1938 2350 dicere,

355 2379 501 2435 qure,
527 2375 754 2435 excepta
783 2368 957 2435 prima
984 2378 1148 2422 aetate
1172 2371 1442 2438 pueritiae,
1471 2370 1524 2425 in
1553 2372 1805 2428 omnibus
1837 2375 1941 2429 ho-

355 2455 592 2509 minibus
622 2459 796 2512 inest:
830 2469 884 2512 et
911 2476 1009 2528 per
1045 2461 1145 2514 hoc
1173 2463 1477 2518 rectissime
1509 2463 1639 2518 dicit
1669 2480 1684 2517 :
1735 2483 1754 2517 ι
1795 2464 1939 2522 Cau-

354 2548 458 2601 s:tti
496 2549 640 2602 enim
671 2564 859 2602 sumus
893 2547 1110 2604 Judaros
1136 2563 1189 2605 et
1222 2551 1442 2608 Graecos
1470 2568 1661 2609 omnes
1691 2553 1791 2609 sub
1814 2569 1942 2625 pec-

355 2649 483 2692 cato
506 2653 648 2694 esse.
685 2659 705 2692 ›
745 2640 906 2712 506
940 2642 1093 2697 Unde
1137 2659 1244 2698 non
1287 2646 1419 2704 mihi
1458 2647 1672 2701 videtur
1712 2647 1937 2718 quidam

355 2729 472 2800 (20)
495 2746 557 2785 ex
595 2732 934 2802 sapientibus
961 2744 1152 2789 contra
1191 2736 1453 2791 rationem
1497 2737 1774 2803 deﬁnisse,
1798 2740 1939 2809 quod

355 2826 410 2880 in
441 2828 585 2881 omni
628 2829 939 2883 mortalium
976 2845 1194 2900 genere,
1244 2847 1368 2886 cum
1406 2833 1473 2886 ad
1521 2831 1572 2886 id
1605 2832 1782 2886 aetatis
1807 2846 1939 2886 ven-

355 2927 471 2972 tum
508 2918 672 2972 fuerit
695 2919 784 2974 ubi
813 2921 1192 2976 discretionem
1225 2922 1355 2976 recti
1393 2923 1656 2992 pravique
1689 2922 1936 2994 ingressu

356 3010 625 3065 naturalis
655 3011 786 3081 legis
809 3013 930 3082 quis
967 3015 1227 3083 excipiat,
1268 3015 1446 3082 primo
1490 3013 1735 3068 omnium
1783 3013 1940 3068 mali-

353 3102 486 3154 tiam
511 3102 785 3168 suscitari,
818 3114 938 3171 post
967 3105 1082 3158 haec
1109 3106 1222 3174 iam
1255 3105 1678 3170 eruditionibus,
1717 3104 1937 3161 institu-

1820 327 2143 407 ORlGENlS

3487 334 3558 388 ‘53!

1978 454 2019 505 Α
2053 445 2197 496 niam
2235 451 2287 496 tu
2319 441 2524 497 scelera
2553 440 2721 497 multa
2752 442 3069 508 committis,
3102 449 3162 496 et
3188 438 3316 494 talia
3355 452 3462 498 sunt
3481 462 3559 516 qua

2045 535 2182 604 agis,
2213 545 2270 588 ut
2303 550 2494 589 omnes
2517 535 2953 604 supergrediaris
2984 538 3036 588 in
3068 534 3434 602 magnitudine
3471 552 3557 606 pec-

2043 637 2311 689 catorum,
2342 625 2408 679 ad
2440 626 2902 694 comparationem
2938 624 3217 680 scelerum
3265 635 3457 680 tuorum
3483 627 3557 694 iam

2045 715 2279 770 Sodoma
2312 716 2609 784 iustiﬁcata
2661 726 2768 771 est.
2822 716 2893 770 Et
2937 716 3025 770 hic
3075 730 3212 786 ergo
3272 718 3405 784 quod
3437 719 3559 773 dixit:

2049 827 2068 859 c
2099 807 2214 862 Non
2241 808 2636 878 iustificabitur
2667 807 2719 861 in
2750 817 3044 876 conspectu
3069 817 3167 860 tuo
3190 807 3367 860 omnis
3382 808 3560 870 vivens,»

2044 916 2148 954 non
2179 900 2283 954 hoc
2314 899 2505 954 sentiri
2530 899 2698 953 voluit
2728 899 2870 968 quod
2898 913 3006 952 non
3032 897 3417 967 iustiﬁcabitur
3441 905 3564 954 Otlmis

2043 995 2251 1059 vivens,
2282 993 2376 1047 sed
2417 1009 2437 1042 ι
2476 991 2527 1044 in
2556 1001 2850 1061 conspectu
2884 1001 2998 1054 tuo,
3020 1008 3039 1041 ι
3074 990 3180 1044 hoc
3212 1000 3295 1056 est
3368 991 3463 1055 Dei,
3496 1009 3563 1046 non

2037 1083 2447 1153 iustiticabitur.
2482 1083 2848 1148 Quantumvis
2877 1083 3022 1136 enim
3061 1081 3400 1150 quisjustus,
3439 1100 3565 1152 quan.

2044 1177 2242 1230 tumvis
2264 1184 2488 1230 sanctus
2513 1176 2601 1240 sit,
2651 1190 2756 1228 non
2807 1174 2983 1228 solum
3037 1173 3187 1226 inter
3223 1174 3474 1238 homines,
3502 1177 3564 1229 sed

2042 1279 2095 1322 et
2133 1269 2183 1322 in
2214 1269 2467 1338 supernis
2496 1279 2660 1338 atque
2693 1269 3153 1322 eminentioribus
3206 1268 3472 1334 creaturis,
3520 1271 3564 1323 ad

2042 1362 2510 1428 comparationem
2543 1360 2638 1415 Dei
2675 1369 2883 1414 certum
2915 1371 2998 1414 cst
3030 1375 3155 1415 eum
3191 1360 3462 1430 iustiﬁcari
3495 1376 3567 1415 non

2044 1468 2225 1521 posse.
2272 1453 2517 1521 Denique
2551 1462 2604 1506 et
2641 1451 2691 1504 in
2726 1450 3050 1523 Apocalypsi
3087 1451 3319 1506 Joannis
3337 1451 3402 1515 ⁸⁸,
3429 1453 3501 1506 ubi
3525 1453 3568 1505 li.

2043 1547 2142 1601 lter
2175 1548 2428 1614 signatus
2459 1544 2686 1598 nll'ertur
2726 1545 2778 1598 in
2810 1556 3104 1614 conspectu
3153 1545 3350 1599 vetuSti
3387 1544 3565 1607 dierum,

2043 1649 2096 1691 ct
2135 1637 2398 1707 quaeritur
2423 1652 2488 1691 ex
2526 1637 2673 1691 omni
2715 1637 2887 1700 tribu,
2917 1637 3121 1706 lingua,
3159 1646 3216 1691 et
3251 1637 3465 1706 populis,
3502 1639 3565 1705 qui

2041 1745 2166 1784 eum
2195 1731 2364 1799 possit
2406 1729 2640 1798 aperire,
2679 1727 2867 1783 nullus
2916 1728 3174 1781 inventus
3207 1737 3293 1781 est
3322 1727 3418 1780 nisi
3461 1727 3566 1780 solus

1971 1811 2012 1864 Β
2041 1823 2229 1892 Agnus
2276 1824 2342 1876 de
2382 1822 2521 1876 tribu
2569 1819 2728 1884 Juda,
2766 1821 2860 1890 qui
2901 1820 3237 1890 iustiﬁcatus
3289 1830 3368 1874 est
3396 1820 3441 1873 in
3475 1835 3567 1873 con-

2056 1925 2242 1984 spectu
2276 1913 2369 1968 Dei
2410 1929 2424 1965 :
2473 1923 2529 1966 et
2581 1914 2693 1980 ipse
2731 1913 2877 1966 solus
2914 1912 3112 1966 librum
3150 1912 3351 1964 meruit
3387 1911 3567 1979 aperire,

2041 2009 2130 2076 qui
2180 2008 2329 2063 solus
2370 2008 2484 2076 ipse
2524 2017 2608 2060 est
2647 2024 2665 2056 ι
2699 2005 2790 2074 qui
2836 2006 3032 2074 aperit,
3075 2013 3132 2058 et
3171 2019 3333 2059 nemo
3381 2003 3563 2069 claudit;

2041 2095 2246 2149 claudit
2277 2104 2332 2150 et
2380 2111 2542 2149 nemo
2599 2095 2776 2162 aperit
2807 2093 2874 2147 ³⁸.
2915 2112 2934 2143 ι
2971 2093 3133 2148 Solus
3188 2108 3322 2164 ergo
3371 2092 3565 2147 Salvator

2043 2197 2226 2243 noster
2270 2189 2535 2243 Dominus
2565 2185 2730 2241 Iesus
2763 2187 3014 2242 Christus
3037 2186 3370 2254 iustiﬁcatur
3397 2187 3442 2241 in
3469 2201 3565 2240 con-

2041 2287 2226 2346 spectu
2261 2277 2474 2354 Patris,
2495 2277 2620 2346 quia
2655 2294 2674 2328 ι
2710 2283 3051 2347 quaecunque
3103 2277 3238 2331 facit
3285 2277 3452 2342 Pater,
3487 2276 3565 2328 hac

2040 2379 2094 2423 et
2129 2368 2303 2424 Filius
2339 2370 2472 2424 facit
2511 2369 2770 2424 similiter
2800 2371 2899 2424 ⁸⁷.»
2937 2370 3131 2426 Omnis
3165 2379 3341 2424 autem
3369 2378 3562 2422 creatura

2040 2478 2106 2519 ex
2128 2463 2528 2532 comparatione
2553 2462 2872 2516 inferiorum
2893 2463 3246 2531 iustilicatur.
3276 2459 3343 2515 Ut
3366 2461 3426 2526 si,
3457 2457 3564 2512 verbi

2039 2570 2232 2618 causa,
2277 2554 2529 2608 dicamus
2565 2570 2580 2607 :
2612 2553 2679 2607 ad
2723 2553 3182 2621 comparationem
3217 2553 3402 2622 reliqui
3427 2550 3561 2620 pepuli

2035 2645 2183 2717 iusta
2212 2645 2315 2700 fuit
2345 2644 2515 2700 Maria
2550 2660 2708 2700 soror
2734 2644 2937 2714 Moysi:
2965 2655 3021 2699 et
3051 2661 3271 2700 rursum
3302 2647 3365 2698 ad
3395 2657 3564 2707 compa-

2040 2737 2307 2790 rationem
2358 2736 2543 2792 Marize
2573 2739 2754 2805 iustus
2781 2747 2904 2790 erat
2944 2741 3168 2790 Aaron:
3216 2745 3270 2791 et
3310 2735 3480 2788 iterum
3513 2732 3559 2785 ad

2039 2829 2503 2899 comparationem
2534 2829 2742 2893 Aaron,
2766 2825 2950 2896 justus
2982 2835 3098 2881 erat
3136 2826 3366 2898 Moyses.
3412 2823 3560 2878 Beatus

2041 2928 2220 2974 tamen
2254 2927 2336 2974 est
2367 2920 2457 2988 qui
2480 2933 2545 2974 ex
2572 2920 2983 2989 comparatione
3012 2919 3298 2975 meliorum
3319 2919 3474 2987 justus
3489 2931 3557 2980 ap-

2040 3009 2292 3079 pellatur,
2321 3018 2376 3063 et
2404 3024 2507 3063 non
2539 3025 2603 3064 ex
2635 3010 3040 3079 comparatione
3062 3010 3433 3078 pessimorum,
3457 3007 3560 3060 sicut

2041 3100 2303 3168 Sodoma,
2340 3116 2463 3170 qua:
2497 3117 2565 3156 ex
2611 3102 3024 3172 comparatione
3069 3099 3370 3156 Jerusalem
3407 3096 3558 3166 justiﬁ-

353 3193 447 3257 tis,
479 3193 700 3248 monitis
748 3169 1012 3264 paulatim
1047 3169 1168 3250 ea'm
1205 3195 1422 3265 depelli,
1469 3205 1526 3251 et
1573 3196 1642 3251 ad
1672 3195 1932 3252 virtutem
1965 3169 2005 3225 Ο
2042 3204 2164 3248 cata
2196 3204 2549 3248 memoratur.
2600 3193 2752 3250 Unde
2796 3203 2851 3248 et
2880 3207 2982 3263 ego
3018 3208 3217 3248 vereor
3259 3207 3323 3246 ne
3348 3206 3408 3244 ex
3443 3188 3557 3244 nobis

357 3285 609 3339 transiri.
648 3284 900 3340 Consoua
937 3301 1176 3356 namque
1217 3287 1304 3343 his
1333 3288 1499 3342 etiam
1541 3286 1747 3343 Paulus
1796 3289 1931 3344 mihi

353 3379 595 3432 sensisse
627 3378 845 3433 videtur
876 3379 929 3433 in
952 3393 1017 3435 eo
1049 3381 1191 3448 Quod
1218 3379 1388 3435 dicit:
1443 3398 1462 3433 ι
1503 3379 1610 3436 Sed
1652 3382 1740 3436 ubi
1784 3383 1935 3437 venit

353 3470 693 3538 mandatum,
725 3482 1010 3542 peccatum
1037 3472 1260 3527 revixit.
1284 3491 1306 3526 ι
1329 3471 1435 3527 Sed
1461 3481 1516 3528 et
1545 3472 1795 3528 Salvator
1807 3489 1931 3529 cum

353 3560 486 3615 dicit
512 3561 565 3616 in
593 3561 934 3632 Evangeliis:
971 3580 991 3613 ι
1029 3559 1142 3616 Nisi
1174 3561 1468 3628 venissem,
1514 3571 1570 3617 et
1603 3562 1817 3620 locutus
1851 3565 1934 3620 eis

355 3651 602 3715 fuissem.
640 3664 926 3724 peccatum
954 3668 1058 3708 non
1094 3653 1403 3709 haberent:
1440 3668 1588 3708 nunc
1614 3662 1800 3709 autem
1830 3671 1932 3710 ex-

353 3744 691 3800 cusationem
722 3762 828 3801 non
859 3746 1062 3800 habent
1087 3747 1156 3800 de
1182 3754 1406 3816 peccato
1435 3760 1534 3799 suo
1555 3745 1623 3810 ⁵¹,
1656 3767 1675 3799 ι
1720 3748 1935 3802 videbi-

354 3843 442 3889 tur
468 3837 770 3892 secundum
802 3838 941 3892 hanc
967 3838 1172 3892 dixisse
1219 3837 1506 3904 rationem,
1541 3837 1683 3906 quod
1735 3838 1932 3893 virtute

353 3945 416 3983 ea
447 3945 553 3998 qua
583 3929 792 3998 replere
829 3929 942 4002 (2i)
965 3929 1164 3984 dicitur
1183 3930 1465 3996 mundum,
1488 3929 1556 3982 ad
1579 3944 1934 4000 unumquem-

351 4037 457 4090 que
489 4022 762 4076 hominem
792 4023 995 4089 veniat,
1028 4033 1081 4077 et
1109 4022 1362 4091 loquatur
1392 4022 1446 4077 in
1483 4024 1647 4077 corde
1687 4022 1826 4092 ejus,
1866 4040 1932 4080 ac

354 4117 480 4168 boni
531 4116 766 4185 malique
799 4115 1065 4182 judicium
1118 4117 1336 4171 doceat.
1382 4116 1506 4171 Ideo
1549 4132 1682 4188 ergo
1726 4117 1930 4175 Paulus

351 4207 613 4275 scriptum
642 4220 761 4262 esse
778 4207 946 4262 dicit:
977 4225 995 4260 ι
1021 4207 1156 4274 Quia
1175 4223 1282 4262 non
1306 4209 1580 4277 estjustus
1605 4209 1928 4280 quisquam;

356 4313 462 4348 non
491 4305 574 4350 est
611 4297 938 4368 intelligens,
974 4313 1079 4352 non
1119 4293 1204 4353 est
1250 4300 1532 4369 requirens
1566 4299 1771 4355 Deum:
1807 4315 1929 4355 om-

354 4403 449 4442 nes
467 4389 899 4454 declinaverunt,
929 4390 1089 4446 simul
1111 4390 1326 4446 inutiles
1353 4391 1481 4448 facti
1509 4393 1736 4459 sunt";
1762 4412 1782 4446 ›
1816 4395 1928 4450 sic-

353 4491 413 4534 ut
445 4490 500 4534 et
531 4477 660 4535 alibi
693 4480 960 4551 Propheta
994 4484 1124 4537 dicit
1157 4501 1173 4538 :
1215 4501 1234 4534 ι
1263 4483 1400 4549 Quia
1451 4500 1558 4538 non
1601 4487 1927 4552 justilicahi-

355 4585 440 4626 tur
469 4575 520 4628 in
547 4585 840 4644 conspectu
876 4584 966 4630 tuo
989 4576 1170 4631 omnis
1201 4576 1389 4631 vivens
1414 4576 1514 4634 ⁸³.»
1550 4578 1705 4645 Quod
1735 4580 1929 4634 fortas-

352 4663 428 4716 sis
458 4663 788 4716 contrarium
821 4663 1075 4718 videatur
1110 4664 1230 4719 aliis
1271 4664 1592 4734 Scripturis,
1626 4683 1747 4737 qua:
1796 4684 1931 4721 non-

353 4755 514 4808 nullis
543 4754 910 4809 testimonium
941 4756 1227 4824 perhibent
1249 4759 1399 4827 quasi
1419 4756 1610 4826 iustis;
1639 4760 1690 4812 ιιι
1718 4770 1926 4814 tantum

352 4857 413 4901 ιιι
441 4848 607 4900 etiam
642 4847 707 4899 ad
757 4844 1059 4900 Jerusalem
1111 4848 1178 4902 de
1218 4848 1754 4917 Sodomis‘dicatur,
1801 4853 1927 4919 quia

356 4959 374 4990 ι
406 4937 702 5006 iustificata
726 4946 808 4991 est
841 4937 1073 4991 Sodoma
1097 4952 1163 4992 ex
1198 4949 1250 4994 te
1277 4938 1342 4993 ⁸⁸.
1369 4959 1389 4991 ι
1443 4938 1550 4994 Sed
1595 4940 1809 4997 intuere
1846 4943 1930 4998 di-

351 5030 604 5100 ligentius
627 5027 899 5082 cautelam
932 5027 1231 5100 Scriptura:
1253 5031 1471 5093 divinze,
1513 5033 1784 5098 quomodo
1819 5049 1924 5089 non

353 5124 523 5178 dixit:
553 5141 572 5174 ι
601 5120 907 5176 Justiiicata
931 5131 1015 5176 est
1041 5121 1310 5187 Sodoma;
1339 5142 1356 5175 ι
1389 5122 1483 5179 sed
1505 5125 1582 5176 ait
1604 5124 1716 5196 (29)
1745 5145 1757 5180 :
1787 5126 1931 5194 Quo-

421 5219 463 5252 ιτ
489 5219 645 5272 Rom
680 5233 738 5281 ιι,
769 5217 857 5271 28.
936 5217 983 5248 ⁴⁸
1013 5215 1170 5272 Rom.
1206 5233 1290 5282 ιιι,
1321 5218 1374 5274 9.
1449 5219 1495 5251 ⁸⁸
1520 5219 1676 5272 Rom.
1708 5238 1770 5287 ιι,
1808 5225 1895 5278 Η.

349 5290 493 5363 Psal.
529 5305 650 5352 xm,
685 5288 806 5363 l-_?_i.
891 5287 938 5363 ξξ
968 5287 1112 5363 Psal.
1171 5288 1430 5363 εκιιιιηὲ.
1504 5289 1551 5321 ⁸⁸
1580 5290 1782 5350 Ezech.
1817 5311 1934 5363 xvi,

348 5361 394 5391 ⁵⁸
426 5361 585 5414 Rom.
612 5376 693 5424 ιιι,
730 5359 820 5412 10.
894 5357 940 5389 ⁸³
972 5357 1116 5412 Psal.
1141 5373 1305 5423 chn,
1333 5359 1390 5415 2.

417 5451 528 5518 (l8)
559 5450 649 5505 Sic
675 5462 820 5505 recte
851 5465 952 5505 ms.
979 5465 1138 5506 unus.
1166 5450 1304 5505 Editi
1329 5466 1458 5506 vero
1491 5461 1546 5506 et
1566 5450 1747 5506 caeteri
1779 5465 1912 5506 mss.

350 5523 520 5591 nostri
560 5525 782 5586 habent,
837 5539 856 5571 ι
889 5522 1057 5591 legem
1103 5533 1284 5574 autem
1338 5524 1596 5591 scriptam
1643 5522 1915 5591 positione

351 5590 783 5662 (al.7positionis,
825 5591 899 5644 al.
928 5590 1184 5662 positam)
1216 5591 1386 5660 legem
1416 5590 1535 5646 che
1567 5592 1862 5660 appellant.
1885 5611 1905 5643 ι

419 5661 531 5728 (1⁷9)
563 5663 726 5724 Edtti,
765 5679 783 5713 ι
827 5679 931 5714 non
961 5663 1357 5728 imputabatur,
1385 5677 1506 5715 cum
1541 5663 1624 5714 lex
1655 5677 1759 5715 non
1802 5677 1924 5717 esse

350 5729 654 5797 videbatur,
694 5749 788 5786 nec
817 5733 951 5786 Cain
979 5742 1281 5800 reputatqu
1315 5743 1454 5789 esset
1486 5742 1766 5801 peccatum
1793 5743 1818 5781 ἰ

2040 3288 2133 3357 qui
2169 3287 2416 3341 videmur
2446 3301 2569 3342 esse
2608 3287 2662 3340 in
2694 3285 2941 3341 Ecclesia
2973 3284 3070 3340 Dei
3101 3297 3161 3340 et
3202 3286 3302 3356 legi
3333 3284 3435 3355 ejus
3457 3295 3554 3353 ope-

2041 3394 2156 3433 ram
2207 3382 2357 3442 dare,
2409 3394 2472 3433 ac
2503 3379 2788 3449 praeceptis
2817 3378 3150 3447 evangelicis
3191 3380 3460 3436 deservire.
3498 3377 3556 3429 in-

2039 3470 2330 3525 veniantur
2379 3469 2544 3539 aliqui
2603 3470 2906 3525 inﬁdelium
2953 3469 3314 3537 justificandi.
3361 3467 3420 3522 Ut
3447 3464 3554 3520 verbi

2039 3575 2205 3616 causa
2231 3559 2432 3623 dicam,
2476 3560 2520 3614 si
2577 3576 2676 3615 nos
2709 3560 2921 3614 libidini
2946 3569 3000 3614 et
3028 3560 3374 3628 impudicitiae
3394 3557 3553 3613 servia-

2040 3665 2182 3716 mus,
2208 3659 2263 3703 et
2291 3649 2507 3720 gentilis
2539 3651 2632 3720 qui
2657 3650 2863 3705 alienus
2884 3659 2968 3705 est
2993 3665 3023 3703 a
3056 3650 3162 3705 [ide
3180 3649 3394 3715 Christi,
3413 3655 3550 3701 custo-

2039 3753 2154 3808 diat
2183 3754 2514 3819 castitatem,
2554 3753 2642 3807 ille
2691 3764 2910 3822 gentilis
2935 3752 3267 3820 justiﬁeatur
3314 3765 3372 3804 ex
3420 3746 3550 3801 nobis.

2039 3843 2310 3898 Similiter
2343 3852 2399 3898 et
2444 3845 2488 3898 si
2523 3859 2622 3899 nos
2651 3843 2910 3911 avaritia,
2959 3843 3288 3912 rapacitate,
3331 3835 3550 3910 superbia,

2037 3945 2092 3990 et
2123 3936 2340 3998 creteris
2370 3935 2682 4004 huiusmodi
2714 3935 2877 3990 malis
2921 3935 3289 4000 involvamur,
3339 3929 3551 3985 abstineat

2038 4037 2217 4080 autem
2256 4025 2325 4080 ab
2355 4025 2442 4080 his
2471 4027 2728 4081 omnibus
2760 4025 3001 4094 gentilis,
3040 4035 3095 4081 et
3125 4026 3180 4080 hi
3207 4023 3293 4095 qui
3315 4020 3459 4091 legem
3481 4011 3549 4069 Dei

2038 4120 2316 4186 nesciunt,
2347 4118 2424 4174 illi
2460 4119 2910 4189 iustiﬁcabuntur
2937 4133 3002 4172 ex
3029 4119 3208 4184 nobis,
3235 4127 3286 4173 et
3319 4130 3405 4170 nos
3429 4126 3480 4165 ex
3501 4105 3547 4162 ilo

2037 4213 2213 4268 lorum
2246 4211 2660 4281 comparatione
2686 4211 3090 4266 damnabimur.
3112 4210 3254 4277 Quin
3283 4207 3438 4279 potius
3455 4216 3547 4269 ope

2039 4320 2153 4358 ram
2182 4304 2388 4368 demus,
2426 4311 2486 4356 ut
2530 4302 2673 4356 sicut
2724 4301 2828 4354 ﬁde
2860 4300 3221 4370 praecedimus
3268 4304 3454 4368 gentes,
3493 4290 3543 4340 ita

2037 4395 2249 4449 actibus
2281 4403 2339 4448 et
2376 4393 2633 4463 operibus
2682 4392 3078 4462 praecellatnus,
3129 4407 3199 4445 ne
3244 4389 3369 4441 mala
3405 4388 3542 4437 nostra

2042 4486 2176 4540 [iant
2205 4483 2378 4538 aliena
2406 4483 2571 4549 bona,
2603 4491 2658 4537 et
2705 4483 2922 4536 illorum
2975 4482 3324 4551 temperantia
3355 4481 3541 4529 nostram

2038 4577 2333 4647 redarguat
2385 4575 2886 4644 intemperantiam.
2933 4574 3118 4628 Potest
3175 4572 3344 4626 adhuc
3388 4573 3433 4619 et
3467 4557 3542 4612 alio

2034 4670 2194 4724 modo
2228 4668 2514 4739 explanari
2545 4667 2687 4736 quod
2718 4666 2896 4721 dixit:
2935 4684 2953 4716 ι
2988 4664 3105 4719 Non
3138 4673 3221 4719 est
3242 4663 3404 4732 iustus
3432 4652 3542 4722 quis-

2031 4778 2192 4832 quam
2223 4763 2305 4828 ";
2347 4780 2365 4814 ι
2424 4760 2509 4814 vel
2550 4760 2690 4830 quod
2728 4761 2844 4812 ait:
2899 4776 2918 4810 ι
2954 4757 3067 4811 Non
3107 4751 3462 4825 iustilicabitur
3500 4742 3538 4842 in

2032 4839 2328 4926 conspectu
2363 4865 2456 4909 tuo
2484 4854 2663 4909 omnis
2695 4853 2886 4943 vigens
2906 4852 2989 4913 5°;
3031 4870 3049 4904 ι
3108 4850 3238 4920 quia
3262 4849 3423 4916 {donec
3449 4839 3536 4906 quis

2031 4949 2167 5003 vivit
2201 4949 2252 5001 in
2283 4963 2537 5016 corpore,
2563 4939 2853 5015 iustiﬁcari
2887 4959 2992 4998 non
3027 4951 3206 5013 potest
3236 4954 3326 4994 nec
3354 4939 3538 5002 pron'm'

2037 5041 2158 5094 tiari
2184 5040 2388 5111 iustus,
2415 5041 2509 5094 sed
2545 5055 2668 5093 cum
2699 5037 2895 5092 exierit
2922 5038 2986 5091 de
3014 5049 3261 5105 corpore,
3292 5038 3342 5082 et
3361 5020 3533 5120 deﬂvit»?

2039 5131 2200 5199 huius
2231 5146 2404 5204 agone
2438 5129 2776 5194 discesserit,
2823 5129 2967 5183 sicut
3005 5137 3059 5183 et
3110 5125 3372 5196 Scriptura
3405 5112 3531 5204 die?“

1972 5227 2018 5259 ³⁰
2038 5227 2193 5282 Rom.
2226 5203 2284 5291 v,
2306 5229 2394 5282 15.
2468 5226 2513 5258 ⁸⁸
2545 5225 2698 5280 loan.
2729 5240 2820 5282 xv.
2849 5223 2940 5278 9.2.
3015 5224 3061 5255 ⁸¹
3094 5223 3350 5291 Rom._tu,
3374 5203 3527 5291 104ξὲ

1967 5277 2192 5361 51:5;
2240 5277 2487 5368 iga—Avpoc.
2523 5277 2622 5352 vi:
2647 5296 2696 5327 ⁸⁸
2718 5277 2892 5364 Ᾰρὸο.
2924 5277 3006 5362 ιιι,
3038 5294 3093 5348 7.
3166 5293 3208 5324 ⁸⁷
3237 5277 3376 5344 Joan.
3403 5296 3443 5342 ν,
3468 5277 3527 5328 19.

2094 5455 2208 5534 (20)
2234 5455 2406 5520 Alias,
2435 5473 2454 5506 ι
2484 5455 2701 5508 videtur
2741 5450 3065 5521 quemdam;
3101 5469 3122 5503 ι
3159 5450 3254 5517 al.,
3291 5469 3307 5502 ι
3340 5441 3526 5500 videntur

2387 5614 2406 5645 c
2445 5595 2586 5663 quod
2610 5594 2796 5656 virtus
2831 5610 2891 5649 ea
2923 5608 3045 5665 quae
3078 5592 3299 5663 replere,
3329 5595 3450 5641 telc'

2104 5667 2215 5736 (22)
2246 5667 2406 5729 Ειιιιὶ,
2442 5685 2458 5715 ι
2497 5678 2572 5731 ιιι,
2607 5665 2623 5716 ἰ
2667 5665 2826 5719 male.
