3684 6148
146 384 216 439 33
1059 377 1416 468 COMMENT.
1444 378 1519 434 -IN
1559 375 1779 434 EPIST.
1820 334 2278 452 annuum}.
2312 377 2401 434 ιιι.
3250 375 3356 434 sat

117 525 134 557 ι
169 504 243 559 Ne
286 500 685 558 beatificaveris
738 498 1012 553 hominem
1060 507 1189 555 ante
1246 509 1500 565 mortem,
1550 499 1678 570 quia
1709 508 1757 565 Α
1786 500 1897 557 tilis
1941 516 2154 569 servus,
2185 502 2280 556 sed
2307 513 2497 556 servus
2528 495 2705 556 bonus
2738 504 2793 583 et
2833 493 3006 553 ﬁdelis
3051 493 3354 550 vocabitur.

113 594 286 650 nescis
310 606 429 663 quae
454 600 616 647 erunt
644 589 759 658 ejus
795 590 1092 646 novissima
1122 590 1199 657 ⁶⁰;
1231 609 1250 644 ι
1279 601 1334 645 et
1366 592 1558 646 iterum
1592 591 1677 646 di-
1783 591 1852 647 Et
1876 592 2069 647 iterum
2104 604 2434 662 praeceptum
2460 598 2565 655 est,
2590 600 2651 644 ut
2680 590 2734 645 hi
2763 589 2853 658 qui
2877 587 3230 658 Evangelium
3260 603 3358 641 an-

114 687 185 741 cit
217 682 571 739 EcclesiaStes
602 683 681 738 ":
718 699 738 734 ι
775 682 839 736 Et
866 681 1077 737 laudavi
1111 680 1361 738 homines
1392 682 1682 740 defunctos
1783 684 2070 749 nuntiant,
2101 684 2167 737 de
2186 681 2485 750 Evangelio
2513 680 2702 735 vivant
2722 680 2787 733 ⁷³.
2817 678 3013 733 Paulus
3050 689 3225 732 tamen
3272 679 3356 730 di-

114 779 201 846 qui
223 777 328 845 jam
360 777 554 829 mortui
591 782 740 838 sunt,
780 774 953 845 magis
987 787 1153 844 quam
1192 773 1346 829 vivos
1368 774 1459 843 qui
1494 775 1680 830 adhuc
1782 773 1878 839 cit,
1921 775 2046 843 quia
2079 792 2098 825 ι
2125 774 2273 828 nullo
2326 772 2523 827 borum
2576 786 2705 826 usus
2751 785 2908 839 sum;
2940 790 2959 824 ι
2992 779 3046 825 et
3095 770 3218 824 ideo
3250 786 3355 823 non

112 870 327 922 vivunt:
363 868 456 921 sed
483 867 674 922 melior
699 881 865 935 super
897 875 1161 937 utrosque
1184 865 1276 938 qui
1309 865 1546 921 nondum
1575 882 1677 922 na-
1782 865 1990 921 inutilis
2006 874 2355 931 eratservus,
2376 865 2470 921 sed
2501 862 2678 917 fidelis
2694 870 2748 916 et
2775 863 3027 931 prudens.
3064 880 3082 913 ι
3110 861 3353 917 Οιηιιθδι

114 970 199 1014 tus
231 969 333 1013 est.
369 976 388 1011 ι
428 956 608 1012 11.ιὶ›εε
634 959 812 1012 adhuc
842 965 896 1013 et
925 956 1089 1012 aliam
1124 955 1426 1028 Scriptura.-
1462 969 1682 1014 senten-
1783 973 1913 1027 ergo
1967 958 2441 1024 «declinaverunt,
2485 956 2645 1012 simul
2704 955 2925 1011 inutiles
2977 954 3102 1008 facti
3158 961 3304 1011 sunt.
3330 971 3349 1005 ι

116 1051 238 1105 tiam
267 1064 387 1120 quae
419 1040 575 1114 dicit,
607 1049 733 1120 quia
767 1047 1079 1119 quicunque
1106 1050 1366 1106 minimus
1393 1058 1479 1105 cst
1520 1050 1573 1104 in
1600 1065 1683 1106 re-
1783 1050 1988 1116 Quibus
2019 1051 2223 1105 addidit
2249 1069 2261 1105 :
2295 1068 2314 1102 ι
2338 1048 2454 1103 Non
2477 1058 2561 1103 est
2584 1049 2675 1117 qui
2706 1046 2873 1103 faciat
2896 1047 3213 1112 bonitatem,
3248 1062 3355 1101 non

112 1158 213 1213 gno
245 1143 361 1207 Dei,
392 1141 565 1211 major
608 1141 678 1196 sit
702 1155 767 1196 eo
798 1142 894 1210 qui
951 1141 1006 1196 in
1065 1157 1293 1212 corpore
1324 1153 1427 1208 est,
1468 1142 1681 1199 etiamsi
1780 1151 2061 1210 estusque
2099 1141 2166 1195 ad
2221 1139 2475 1196 unum“.
2503 1158 2524 1192 ι
2559 1138 2758 1194 Gravis
2810 1139 3101 1200 sententia,
3138 1146 3194 1190 et
3235 1152 3357 1206 quae

111 1231 344 1287 Joannes
372 1231 460 1285 ille
487 1234 581 1294 sit,
627 1246 737 1301 quo
791 1218 966 1299 maior
1016 1232 1162 1287 inter
1199 1242 1357 1288 natos
1390 1234 1682 1287 mulierum
1782 1232 1995 1289 ditlicile
2029 1233 2202 1288 astrui
2235 1232 2426 1304 possit.
2476 1231 2762 1299 Quomodo
2809 1231 2955 1285 enim
2986 1230 3199 1284 videtur
3233 1226 3353 1283 lieri

113 1341 216 1379 non
256 1323 359 1378 fuit
393 1324 473 1377 °'.
526 1342 546 1375 ι
574 1322 691 1378 Non
725 1333 807 1378 est
839 1341 859 1374 ι
893 1339 1025 1393 ergo
1063 1343 1082 1376 ι
1107 1322 1282 1393 justus
1309 1325 1617 1394 quisquam.
1655 1341 1675 1377 ι
1780 1337 1960 1394 posse,
1992 1322 2197 1378 nullum
2228 1323 2476 1387 omnino,
2509 1321 2715 1377 nullum
2750 1334 2921 1389 usque
2960 1320 3026 1374 ad
3053 1336 3239 1384 unum,
3271 1317 3356 1374 vel

112 1415 175 1470 Et
207 1414 456 1469 addidit:
516 1430 536 1465 ι
575 1412 692 1467 Non
739 1422 823 1469 est
874 1413 1186 1484 intelligens
1215 1413 1281 1467 ⁸³.
1316 1432 1335 1465 ι
1384 1413 1449 1467 Et
1492 1427 1680 1468 revera
1780 1416 1835 1471 in
1857 1413 2080 1481 Judzeis,
2108 1414 2194 1470 vel
2226 1415 2282 1469 iu
2310 1414 2516 1471 Graecis
2544 1413 2779 1469 inveniri
2810 1414 3051 1481 potuisse
3080 1412 3170 1481 qui
3207 1411 3357 1467 face-

112 1521 230 1560 cum
261 1504 554 1575 Apostolus
584 1504 703 1574 ipse
735 1521 802 1559 ex
832 1516 986 1576 parte
1012 1521 1070 1560 se
1103 1505 1250 1558 dicat
1282 1519 1601 1573 agnoscere,
1625 1516 1682 1559 et
1782 1519 1868 1563 ret
1916 1505 2260 1563 bonitatem?
2287 1504 2504 1562 Siccine
2548 1504 2825 1561 credimus
2853 1501 2965 1576 (‘26)
2997 1504 3140 1574 quod
3177 1504 3357 1560 nullus

112 1612 177 1652 ex
211 1606 363 1668 parte
403 1597 704 1668 intelligere
736 1596 806 1665 “,
837 1598 957 1667 quis
982 1596 1087 1652 erit
1125 1596 1216 1665 qui
1258 1597 1473 1650 dicatur
1512 1595 1674 1650 intel-
1796 1597 1961 1653 fuerit
1984 1597 2075 1667 qui
2098 1597 2178 1653 vel
2209 1598 2476 1668 lmSpitem
2505 1596 2797 1667 aliquando
2821 1597 3203 1668 reccperit,vel
3226 1612 3355 1652 esu-

113 1688 281 1758 ligens
301 1689 325 1743 ?
349 1688 848 1759 Quantumcunque
879 1689 1023 1743 enim
1065 1688 1189 1757 quis
1240 1686 1589 1751 intellexerit,
1623 1686 1679 1741 in
1790 1689 1951 1743 rienti
1981 1702 2175 1758 panem
2203 1689 2435 1753 dederit,
2461 1689 2547 1742 vel
2583 1689 2785 1743 nudum
2831 1689 3048 1752 texerit,
3078 1689 3158 1744 vel
3194 1689 3356 1744 innoo

113 1781 402 1852 speculuet
432 1782 485 1836 in
529 1781 815 1851 aenigmate
855 1780 1128 1835 videbitur
1150 1780 1450 1852 intelligere
1473 1781 1672 1850 “:quia
1783 1789 1995 1835 centem
2048 1780 2117 1834 de
2174 1779 2426 1835 manibus
2482 1782 2717 1849 potentis
2759 1782 3043 1851 eripuerit.
3104 1781 3188 1836 vel
3249 1782 3359 1838 tale

113 1884 229 1943 post
258 1873 652 1943 depositionem
688 1871 889 1925 terreni
921 1872 1168 1940 corporis
1202 1870 1436 1926 refertur
1457 1870 1569 1942 (23)
1600 1871 1677 1926 fa-
1709 1869 1751 1924 Β
1781 1870 1983 1942 aliquid
2016 1871 2140 1927 boni
2190 1872 2372 1942 operis
2400 1871 2617 1942 egerit?
2644 1871 2763 1927 Non
2809 1875 2941 1928 mihi
2990 1875 3204 1929 videtur
3242 1884 3352 1931 tam

113 1969 194 2021 cie
223 1967 288 2020 ad
329 1965 526 2020 faciem
561 1963 866 2034 intelligere
896 1980 909 2017 :
947 1978 1094 2018 nunc
1120 1978 1271 2028 vero,
1319 1974 1380 2017 ut
1414 1963 1490 2017 ait
1527 1963 1679 2019 Scri-
1783 1960 2156 2015 incredibilem
2215 1977 2522 2017 sermonem
2579 1962 2819 2018 voluisse
2872 1979 3122 2019 asserere
3155 1963 3357 2020 Paulus

114 2068 262 2124 ptnra
281 2057 327 2088 ⁸⁸
354 2074 371 2112 :
396 2075 413 2108 ι
435 2054 800 2124 Corruptibile
831 2070 1029 2124 corpus
1058 2063 1316 2126 aggravet
1343 2056 1598 2123 animam,
1626 2067 1683 2111 et
1781 2051 2057 2118 apostolus
2087 2070 2100 2106 :
2131 2054 2228 2107 sed
2252 2054 2358 2117 hoc
2388 2053 2548 2109 modo
2578 2053 2987 2123 intelligendum
3016 2065 3177 2125 puto;
3212 2057 3356 2125 quod

115 2147 377 2216 demergit
410 2156 625 2202 terrena
663 2146 926 2201 habitatio
957 2161 1178 2201 sensum
1220 2146 1389 2201 multa
1436 2149 1682 2219 cogitan-
1782 2153 1942 2211 neget
1974 2157 2305 2213 quemquam
2356 2142 2554 2198 fecisse
2598 2144 2921 2199 bonitatem.
2960 2144 3122 2201 Verbi
3156 2149 3353 2217 gratia,

116 2243 282 2291 tem.)
340 2236 494 2293 Unde
537 2238 595 2291 lit
638 2247 697 2292 ut
736 2254 843 2293 non
889 2238 961 2292 sit
1024 2257 1044 2291 ι
1100 2238 1406 2308 intelligens
1460 2257 1478 2291 ι
1532 2240 1680 2310 quis,
1782 2234 1928 2288 velut
1958 2235 2001 2291 si
2027 2234 2152 2305 quis
2184 2234 2536 2290 fundamenta
2562 2234 3042 2305 jaciatdomus,et
3067 2255 3231 2292 unum
3262 2246 3355 2292 aut

114 2344 209 2384 nec
241 2347 260 2380 ι
295 2331 579 2398 requirens
605 2330 770 2383 Deum
793 2330 861 2384 ⁸⁷.
903 2351 921 2383 ι
966 2331 1096 2383 Dum
1129 2331 1273 2384 enim
1297 2334 1541 2399 corporis
1570 2334 1680 2389 sol-
1785 2326 1920 2382 duos
1955 2329 2189 2396 parietes
2218 2335 2484 2391 exstruat,
2523 2327 2726 2396 aliquid
2753 2328 2915 2381 etiam
2942 2329 3185 2383 materiae
3230 2344 3356 2384 con-

115 2422 483 2477 liciludinibus
522 2437 878 2493 occupamur,
940 2433 995 2478 et
1046 2437 1167 2493 qum
1224 2424 1505 2481 hominum
1554 2436 1684 2481 suttt
1782 2422 1984 2485 vehat,
2026 2423 2271 2491 nunquid
2319 2421 2530 2477 dicetur
2587 2422 2783 2478 fecisse
2826 2424 3066 2490 domum,
3109 2428 3358 2495 quamvis

114 2514 404 2583 quaerimus
430 2513 496 2583 ⁸⁸,
532 2516 696 2569 Deum
728 2529 992 2583 quaerere,
1027 2517 1108 2570 vel
1142 2531 1262 2589 quae
1308 2519 1401 2574 Dei
1439 2528 1563 2573 sunt
1591 2534 1682 2576 co.
1782 2526 2038 2583 operatus
2090 2515 2341 2568 videatur
2388 2514 2441 2568 in
2480 2513 2676 2568 domn?
2708 2515 2813 2569 Sed
2867 2517 2956 2571 ille
2991 2517 3204 2572 dicetur
3253 2522 3350 2574 do-

116 2607 284 2677 gitare
316 2621 426 2660 non
460 2622 770 2675 possumus.
1785 2621 1930 2660 mum
1965 2606 2181 2673 fecisse,
2220 2607 2312 2676 qui
2353 2608 2517 2663 totius
2546 2608 2758 2661 aaditicii
2788 2608 2854 2663 ad
2907 2610 3205 2679 perfectum
3240 2611 3357 2665 sin-

172 2698 1678 2767 3.«Omnesdeclinaverunt,simulinutilesfactisunt".s
1783 2699 1904 2768 gula
1933 2714 2163 2768 Quaeque
2214 2701 2453 2754 membra
2510 2699 2849 2769 perduxerit.
2901 2700 2980 2756 Ita
3014 2703 3258 2757 arbitror
3299 2713 3358 2758 et

118 2788 269 2860 507
301 2789 430 2843 Mihi
463 2789 673 2844 videtur
692 2792 836 2859 quod
868 2807 972 2845 non
1001 2792 1200 2847 dicitur
1222 2792 1548 2861 declinasse,
1581 2796 1684 2850 nisi
1784 2792 1873 2846 hic
1895 2792 2211 2861 Apostolum
2260 2793 2443 2847 dicere
2484 2794 2759 2847 neminem
2801 2792 2999 2848 fecisse
3032 2793 3354 2862 bonitatem,

113 2883 161 2938 is
204 2886 291 2953 qui
351 2884 644 2951 aliquando
673 2883 727 2938 in
753 2885 839 2939 via
879 2893 1024 2939 recta
1051 2885 1222 2939 stetit.
1269 2881 1425 2939 Unde
1463 2897 1687 2957 apparet
1783 2884 1887 2939 hoc
1909 2895 2012 2950 est,
2042 2898 2073 2938 a
2107 2883 2256 2938 nullo
2288 2899 2408 2939 eam
2442 2885 2509 2939 ad
2548 2884 2848 2955 perfectum
2883 2895 2939 2941 et
2973 2885 3040 2940 ad
3083 2887 3355 2958 integrum

119 2977 342 3045 primum
376 2975 506 3030 illud
539 2984 747 3029 natura:
777 2975 1122 3032 rationabilis
1149 2991 1309 3046 opus,
1335 2977 1481 3047 quod
1513 2992 1544 3031 a
1575 2977 1684 3033 Deo
1785 2982 2231 3030 consummatam.
2269 2973 2325 3029 Si
2362 2982 2542 3029 autem
2596 2975 2939 3046 requiramus
2962 2977 3085 3046 quis
3128 2977 3199 3031 sit
3225 2992 3357 3035 vere

118 3067 311 3122 factum
342 3077 449 3130 est.
485 3065 654 3123 fuisse
686 3076 915 3132 rectum,
945 3077 999 3123 et
1033 3072 1086 3124 in
1110 3069 1197 3123 via
1231 3081 1380 3127 recta
1402 3071 1684 3130 Creatoris
1783 3065 1979 3133 bonus,
2014 3075 2068 3121 et
2099 3065 2192 3135 qui
2246 3064 2546 3135 perfectam
2602 3065 2796 3121 fecerit
2854 3066 3173 3133 bonitatem,
3206 3067 3355 3121 illum

120 3158 286 3228 ipsius
315 3173 546 3215 munere
590 3159 936 3215 collocatum.
967 3160 1072 3216 Sed
1098 3162 1227 3230 quia
1269 3163 1337 3217 ab
1362 3164 1467 3219 hac
1492 3165 1559 3219 ad
1596 3165 1687 3219 la}-
1712 3210 1750 3230 η
1786 3158 2125 3213 inveniemus
2153 3157 2326 3213 solum
2360 3158 2451 3228 qui
2490 3158 2620 3213 dicit
2647 3176 2662 3214 :
2702 3177 2721 3210 ι
2752 3159 2861 3230 Ego
2886 3174 3004 3214 sum
3037 3169 3225 3229 pastor
3258 3160 3357 3214 bo-‘

116 3266 230 3305 vam
265 3252 379 3323 (21)
406 3249 619 3322 peccati
654 3252 762 3307 iter
791 3253 1043 3319 detorsit,
1085 3256 1284 3309 merito
1309 3272 1454 3312 nunc
1483 3258 1684 3312 dicitur
1710 3210 1752 3268 Ο
1785 3266 1916 3316 nus;
1942 3268 1961 3302 ι
2019 3259 2075 3304 et
2120 3249 2359 3305 iterum:
2413 3268 2432 3302 ι
2466 3250 2660 3306 Pastor
2691 3251 2864 3306 bonus
2909 3251 3145 3305 animam
3200 3266 3354 3307 suam

118 3343 436 3408 declinasse,
481 3346 623 3399 sicut
667 3344 918 3414 exempto
967 3353 1052 3400 est
1100 3345 1213 3419 (25)
1260 3348 1469 3417 primus
1525 3350 1685 3405 homo
1784 3342 1937 3412 ponit
1964 3355 2061 3411 pro
2090 3342 2285 3398 ovibus
2329 3343 2442 3398 suis
2465 3344 2576 3399 ⁷³.»
2607 3342 2742 3399 Post
2786 3344 2902 3399 haec
2944 3345 3012 3398 de
3051 3346 3266 3413 quinto.
3298 3353 3359 3398 ut

118 3436 307 3496 Adam.
347 3437 441 3505 qui
475 3438 543 3491 de
575 3437 810 3506 paradisi
844 3436 929 3491 via
975 3442 1123 3493 recta
1171 3439 1463 3495 malesuadi
1494 3439 1686 3498 fraude
1784 3451 1946 3505 Supra
1997 3435 2255 3501 diximus,
2287 3436 2497 3506 psalmo
2543 3451 2762 3494 stunens
2812 3437 2949 3510 (27),
2984 3438 3157 3492 dicit:
3197 3455 3216 3489 ι
3251 3434 3354 3491 Se-

119 3526 382 3593 serpentis
413 3526 480 3579 ad
511 3541 707 3592 pravas
733 3535 788 3582 et
828 3535 1108 3584 tortuosas
1148 3530 1396 3587 mortalis
1425 3532 1550 3587 vitae
1598 3547 1685 3588 se-
1785 3527 2026 3597 pulcrum
2078 3537 2276 3596 patens
2336 3536 2420 3582 est
2472 3537 2661 3595 guttur
2709 3542 2918 3582 eorum.
2953 3547 2974 3581 ι
3025 3528 3247 3583 Diversa
3300 3527 3355 3581 in

121 3618 274 3672 mitas
305 3619 623 3674 declinavit.
657 3620 1073 3692 Consequenter
1106 3639 1238 3694 ergo
1264 3639 1456 3681 omnes
1488 3626 1580 3696 qui
1616 3641 1684 3681 ex
1784 3620 1893 3690 bis,
1931 3631 1990 3677 ut
2022 3623 2150 3677 mihi
2205 3624 2441 3689 videtur,
2474 3624 2694 3678 humani
2748 3622 2965 3693 generis
3011 3629 3232 3692 peccata
3262 3618 3358 3673 de-

118 3709 281 3777 ipsius
306 3713 659 3767 successione
688 3714 739 3767 in
768 3714 913 3769 hunc
944 3716 1206 3771 mundum
1239 3718 1487 3783 veniunt,
1518 3718 1685 3773 decli-
1785 3713 1994 3768 scribit.
2013 3711 2185 3768 Omne
2211 3714 2521 3782 sepulcrum
2555 3715 2951 3777 immunditiam
2987 3711 3226 3769 defuncti
3258 3725 3354 3765 ca-

119 3815 398 3871 ndverunt,
450 3816 506 3860 et
554 3806 718 3861 simul
766 3821 888 3861 cum
945 3808 1060 3877 ipso
1113 3808 1331 3865 inutiles
1365 3808 1494 3864 facti
1535 3820 1683 3866 sunt.
1786 3805 1998 3860 daveris
2028 3806 2297 3876 contegit;
2328 3807 2472 3861 unde
2497 3817 2551 3862 et
2578 3805 2838 3861 Dominus
2866 3807 3358 3863 dicebatinEvan-

119 3892 341 3966 Propter
372 3898 478 3952 hoc
506 3906 635 3968 puto
673 3909 729 3953 et
762 3898 1052 3953 Dominum
1106 3900 1163 3956 in
1214 3900 1521 3972 Evangeliis
1552 3901 1685 3956 dare
1786 3895 1926 3966 gelio
1975 3897 2041 3952 de
2088 3897 2297 3953 Scribis
2328 3909 2382 3954 et
2410 3896 2720 3961 Pharisa-is,
2767 3896 2910 3966 quod
2943 3907 3130 3952 essent
3164 3899 3353 3968 sepul-

118 3990 460 4056 mandatum,
492 4000 549 4044 ut
570 4004 693 4046 cum
725 3991 907 4045 omnia
941 4002 1207 4062 praecepta
1240 3992 1553 4057 fecerimus,
1579 4008 1686 4048 me-
1785 4001 1875 4042 cra
1908 3986 2178 4055 dealbata,
2213 4008 2231 4042 ι
2262 4004 2383 4058 qua:
2409 3988 2541 4043 foris
2571 3988 2788 4057 quidem
2819 3987 3067 4056 speciosa
3098 3988 3356 4044 videntur

121 4081 430 4137 minerimus
457 4091 636 4137 tamen
670 4082 796 4153 quid
829 4083 1022 4148 simus,
1051 4092 1107 4138 et
1151 4084 1438 4139 dicamus:
1475 4101 1496 4138 ι
1526 4066 1683 4139 Servi
1786 4080 2117 4145 hominibus,
2145 4080 2291 4136 intus
2313 4090 2494 4135 autem
2524 4080 2682 4150 plena
2714 4089 2845 4134 sunt
2881 4080 3027 4134 omni
3062 4080 3354 4136 immundi-

119 4171 329 4228 inutiles
362 4188 589 4227 sumus:
620 4172 765 4242 quod
788 4173 1075 4228 debuimus
1106 4171 1305 4239 facere,
1331 4172 1677 4229 fecimus"°.s
1786 4173 1859 4225 tia
1883 4172 1951 4228 ⁷⁸.
1985 4192 2003 4225 ι
2056 4172 2282 4227 Videtur
2313 4182 2494 4228 autem
2542 4171 2747 4226 Paulus
2787 4172 2890 4226 hoc
2933 4170 2987 4225 in
3022 4171 3140 4227 loco
3183 4172 3356 4242 majus

121 4260 291 4317 Donec
319 4262 466 4317 enim
507 4263 629 4331 quis
673 4263 775 4317 hoc
810 4262 945 4318 facit
975 4271 1185 4316 tantum
1230 4264 1373 4334 quod
1412 4265 1593 4329 debet,
1629 4265 1682 4319 id
1783 4265 1986 4333 aliquid
2018 4264 2070 4318 in
2104 4264 2245 4329 istis,
2276 4263 2341 4319 de
2372 4264 2572 4334 quibus
2597 4278 2778 4317 sermo
2804 4274 2907 4328 est,
2934 4264 3222 4318 ostendere
3249 4263 3357 4317 cri-

118 4361 216 4416 est,
248 4367 312 4407 ea
338 4359 463 4422 quae
493 4365 762 4425 praecepta
797 4364 945 4420 sunt,
982 4355 1193 4410 inutilis
1241 4370 1436 4411 servus
1477 4365 1583 4413 est.
1623 4357 1683 4411 Si
1785 4355 1966 4422 minis,
2003 4370 2126 4409 cum
2154 4368 2248 4410 eos
2280 4355 2589 4424 sepulcrum
2623 4369 2731 4436 non
2775 4364 2973 4408 tectum
2995 4394 3011 4422 ,
3044 4368 3217 4421 neque
3263 4368 3356 4409 ro-

117 4450 292 4495 autem
327 4444 500 4498 addas
525 4444 726 4514 aliquid
768 4446 1089 4516 praeceptis,
1134 4457 1261 4501 tunc
1293 4462 1398 4501 non
1436 4446 1549 4515 jam
1595 4447 1681 4502 in-
1782 4457 2046 4518 opertum,
2093 4447 2186 4502 sed
2224 4465 2244 4498 ι
2269 4457 2518 4517 patens.)
2552 4445 2808 4516 appellat.
2848 4446 3043 4500 Clausa
3075 4448 3218 4500 enim
3263 4461 3354 4499 se.-

119 4533 261 4587 utilis
287 4549 480 4588 servus
509 4537 640 4603 eris,
666 4537 760 4591 sed
795 4539 1004 4591 dicetur
1032 4539 1099 4592 ad
1141 4547 1193 4593 te
1222 4556 1236 4593 :
1281 4556 1300 4590 ι
1331 4538 1497 4609 Euge,
1528 4552 1685 4594 serve
1714 4551 1758 4606 ι)
1786 4539 1971 4609 pulcra
2018 4539 2297 4606 dicuntur,
2322 4553 2458 4608 quos
2499 4538 2892 4607 aliquantulum
2932 4538 3104 4608 pudor
3137 4536 3355 4592 cohibet

120 4625 274 4691 bone,
307 4637 362 4680 et
413 4626 674 4683 fidelis“.
706 4645 726 4680 ι
759 4627 896 4695 Quid
939 4642 1119 4683 autem
1148 4630 1218 4683 sit
1261 4633 1403 4700 quod
1448 4631 1686 4686 addatur
1786 4626 1963 4704 palam
1997 4631 2333 4701 delinquere,
2365 4639 2421 4685 et
2448 4632 2695 4702 proferre
2722 4633 2788 4686 ad
2825 4631 3095 4701 publicum
3124 4632 3354 4687 crimina

120 4719 419 4786 praeceptis,
451 4728 506 4772 et
537 4734 699 4788 supra
733 4719 974 4773 debitum
1024 4720 1138 4783 llat,
1172 4719 1374 4776 Paulus
1407 4721 1685 4789 apostolus
1783 4741 1903 4781 sua.
1931 4725 2126 4779 Patens
2151 4739 2276 4778 vero
2303 4724 2610 4794 sepulcrum
2636 4724 2891 4780 dicuntur
2916 4725 2971 4779 hi
2994 4725 3085 4793 qui
3118 4725 3353 4777 immun-

119 4800 280 4861 iticit:
317 4824 336 4859 ι
368 4808 445 4863 De
469 4809 768 4879 virginibus
789 4820 967 4864 autem
993 4821 1322 4881 praeceptum
1347 4811 1555 4867 Domini
1575 4828 1682 4867 non
1785 4818 1947 4873 ditias
2001 4832 2127 4872 suas
2179 4824 2236 4870 et
2284 4816 2625 4886 impuritates
2682 4818 2733 4872 in
2790 4817 3078 4888 pr0patult)
3107 4817 3352 4871 habent:

121 4900 323 4957 habeo:
348 4902 636 4956 consilium
662 4912 842 4956 autem
867 4904 958 4967 do,
979 4914 1236 4972 tanquam
1257 4904 1680 4958 misericordiam
1785 4908 1981 4979 quibus
2009 4908 2300 4963 assiduitas
2326 4918 2382 4963 et
2404 4924 2536 4963 usus
2563 4909 2849 4972 scelerum,
2883 4909 3025 4977 quod
3050 4919 3135 4961 est
3161 4909 3213 4960 in
3239 4922 3352 4961 ma-

120 5003 442 5047 consecutus
473 5009 502 5046 a
539 4994 770 5049 Domino
790 4994 860 5050 τ’.
887 5012 906 5047 ι
945 4993 1054 5050 Hoc
1109 5009 1244 5063 opus
1275 5009 1440 5064 super
1480 4990 1682 5064 praece-
1787 5000 1855 5055 lis
1881 4999 2152 5062 ultimum,
2184 5000 2348 5055 etiam
2374 5002 2786 5055 commissurum
2815 4999 3199 5054 verecundiam
3234 5014 3351 5053 sus-

119 5091 261 5151 ptum
295 5095 401 5141 est.
432 5086 532 5153 Qui
576 5100 708 5156 ergo
731 5086 1015 5156 completis
1079 5087 1367 5156 praeceptis
1409 5088 1682 5142 addiderit
1790 5091 1911 5144 tulit
1945 5109 1958 5145 :
1998 5103 2057 5145 ut
2088 5090 2202 5159 jam
2236 5106 2340 5145 non
2372 5091 2622 5160 aperiant
2659 5105 2721 5145 os
2766 5106 2959 5156 suum,
2993 5100 3047 5144 et
3077 5088 3349 5158 proferant

124 5177 277 5232 etiam
310 5179 439 5246 hoc,
466 5191 521 5233 ut
552 5178 917 5251 virginitatem
949 5182 1242 5245 custodiat,
1278 5196 1384 5235 non
1415 5180 1527 5249 jam
1560 5180 1681 5236 inu-
1791 5185 2007 5237 verbum
2036 5183 2152 5251 Dei,
2186 5183 2413 5237 verbum
2440 5187 2616 5238 vivum
2642 5199 2657 5250 ;
2689 5183 2783 5238 sed
2806 5182 2920 5252 (‘28)
2955 5184 3203 5252 aperiant
3231 5190 3347 5249 gut-

188 5316 231 5349 “
253 5317 423 5374 Eccli.
454 5334 533 5382 ιι.
566 5319 657 5375 '50.
736 5319 779 5351 “
808 5320 987 5375 Eccle.
1018 5335 1090 5380 ιν,
1114 5320 1170 5388 2,
1193 5321 1249 5379 ὅ.
1321 5320 1366 5352 ⁶²
1406 5320 1595 5375 Matth.
1625 5337 1643 5374 ι

1891 5322 1921 5354 ι³
1952 5322 2104 5376 Rom.
2129 5337 2208 5388 ιιι,
2241 5322 2327 5387 10,
2355 5323 2440 5377 ll.
2516 5323 2562 5355 “
2592 5323 2606 5376 Ι
2635 5325 2761 5378 Cor.
2792 5338 2906 5386 ιιιιι,
2928 5323 2981 5377 9.
3019 5321 3063 5353 ⁸⁵
3098 5320 3226 5373 ibid.
3261 5318 3346 5374 191.

124 5384 167 5418 ⁸⁸
194 5388 323 5456 Sap.
355 5404 439 5451 lx,
474 5391 562 5445 15.
656 5390 700 5421 ⁸⁷
739 5389 896 5444 Rom.
930 5406 1015 5450 ιιι,
1052 5384 1164 5445 11(
1234 5389 1468 5445 ⁶⁸Ιϐιιν.
1495 5407 1579 5444 νιι

1934 5392 1977 5424 ⁸³
2007 5395 2161 5448 llum.
2189 5384 2270 5457 in,
2296 5384 2382 5449 12.
2494 5393 2540 5426 ⁷⁰
2568 5393 2700 5448 Luc.
2741 5408 2871 5453 xvn,
2898 5384 2982 5446 10.
3077 5392 3119 5422 '“
3154 5391 3346 5445 Matth.

124 5470 242 5545 xxv,
274 5460 366 5515 21.
418 5460 487 5547 ἐτ’
511 5462 530 5516 l
555 5462 676 5517 Cor.
707 5476 801 5525 vn,
828 5460 921 5518 25.
995 5462 1040 5491 ⁷³
1065 5461 1084 5513 ι
1107 5457 1230 5516 Cor.
1255 5477 1332 5525 ix,
1368 5461 1451 5526 14,
1490 5462 1579 5516 15.

1824 5482 1882 5517 ιι.
1913 5478 1995 5527 ιιι,
2030 5463 2118 5516 12.
2192 5464 2238 5495 ⁷⁵
2272 5463 2426 5519 Joan.
2455 5479 2511 5529 ι,
2540 5466 2627 5518 11.
2702 5464 2748 5493 ⁷⁸
2774 5461 2964 5516 Matth.
2998 5477 3157 5528 χχιιι,
3187 5460 3279 5517 27.

188 5593 297 5666 (25)
326 5594 438 5662 AL,
472 5614 491 5647 ι
546 5596 894 5663 revelabitur,
938 5616 958 5649 ι
988 5596 1080 5663 aL,
1112 5615 1133 5651 ι
1174 5561 1487 5666 merebitur,
1540 5618 1559 5651 ι
1583 5599 1678 5667 a|.,
1858 5601 1973 5673 (26)
2009 5600 2121 5665 AL,
2158 5619 2178 5652 ι
2214 5600 2270 5656 Si
2298 5602 2354 5673 in
2382 5603 2463 5657 eis
2490 5603 2781 5659 Credimus.
2812 5621 2829 5652 ι

130 5681 145 5711 ι
178 5678 493 5740 (evertetur.
524 5685 573 5740 ξ·
1862 5669 1974 5740 (27)
2012 5673 2257 5726 Sumeus.
2290 5672 2449 5727 Deest
2472 5673 2522 5724 in
2563 5682 2718 5727 antea
2750 5669 2933 5726 editis.

478 5754 497 5788 ι
531 5738 749 5817 laevum,
779 5757 798 5790 ι
876 5820 901 5832 Δ
938 5818 950 5832 ι
1251 5757 1257 5763 ·

1858 5733 1974 5815 ,(28)
2014 5743 2122 5810 ΑΙ.,
2158 5760 2178 5796 ι
2204 5744 2427 5800 verbum
2463 5743 2554 5799 Dei
2596 5745 2808 5808 vivum;
2844 5741 2964 5801 sed.
2993 5758 3012 5793 ι
3046 5749 3154 5797 etc.

187 5798 305 5875 (25)
339 5798 454 5869 AL,
490 5826 510 5861 ι
544 5808 843 5878 exempium
873 5818 1035 5866 cetra
