3684 6148
394 314 502 372 935

395 444 488 491 tur
517 447 698 499 suum,
727 440 782 486 et
826 429 1108 500 proferant
1148 429 1377 484 verbum
1415 437 1715 496 mortuum,
1749 429 1977 484 verbum

393 520 618 585 diaboli,
654 537 760 574 non
785 521 852 573 de
885 524 1077 584 corde,
1106 519 1201 574 sed
1229 519 1298 572 de
1343 518 1615 588 sepulcro.
1651 518 1707 574 Si
1757 521 1977 590 quando

393 629 526 685 ergo
553 613 754 669 videris
805 613 1084 669 hominem
1115 612 1322 669 lascivo
1357 628 1453 668 ore
1502 613 1775 684 impudica
1809 617 1976 669 verba

387 709 713 776 jactantem,
741 717 836 762 aut
879 707 1091 762 tumido
1127 716 1180 762 et
1214 705 1509 762 furibundo
1535 707 1896 762 contumelias
1923 717 1978 763 et

393 800 686 855 maledicta
730 798 1124 868 proferentem,
1161 814 1268 854 non
1300 797 1516 854 dubites
1543 801 1611 854 de
1641 800 1745 854 hoc
1771 800 1973 863 dicere,

393 895 520 962 quia
555 913 576 946 ι
634 891 944 962 sepulcrum
1002 899 1194 961 patens
1225 901 1310 946 est
1353 899 1539 962 guttur
1569 910 1589 943 ι
1644 891 1782 961 ejus.
1842 911 1860 944 ι
1903 893 1977 948 De

393 985 724 1040 abundantia
748 983 894 1038 enim
919 983 1102 1039 cordis
1127 997 1190 1037 os
1215 982 1538 1053 loquitur".
1576 1001 1594 1034 ι
1627 983 1705 1036 Ad
1739 983 1855 1038 haec
1881 985 1979 1038 ad~

390 1079 540 1133 ditur
570 1095 584 1132 :
621 1097 641 1130 ι
692 1076 917 1147 Linguis
948 1076 1067 1132 suis
1100 1076 1286 1132 dolose
1320 1077 1575 1146 agebant.
1605 1095 1624 1128 ι
1668 1075 1833 1130 Dolus
1870 1085 1974 1143 est,

392 1189 516 1230 cum
551 1172 694 1227 aliud
727 1172 851 1242 quis
893 1171 1073 1242 lingua
1123 1170 1387 1240 loquitur,
1416 1178 1472 1225 et
1513 1169 1656 1224 aliud
1687 1169 1893 1224 volutat
1922 1171 1975 1226 in

391 1265 578 1320 corde.
621 1265 774 1330 Quod
815 1264 1023 1318 crimen
1059 1263 1242 1317 nescio
1275 1262 1323 1318 si
1371 1261 1455 1316 vel
1501 1262 1678 1330 justos
1731 1276 1977 1332 quosque

391 1365 451 1412 et
479 1355 682 1410 electos
713 1355 984 1423 relinquat
1015 1354 1319 1420 immunes;
1352 1355 1447 1408 sed
1484 1364 1616 1425 puto
1663 1355 1806 1424 quod
1837 1354 1975 1410 alius

391 1447 532 1516 plus,
565 1446 706 1502 alius
736 1458 917 1500 autem
951 1447 1154 1509 minus,
1185 1460 1345 1500 nemo
1371 1455 1550 1500 tamen
1576 1445 1648 1500 sit
1681 1447 1750 1501 ab
1775 1447 1879 1502 hoc
1904 1445 1975 1503 ad

390 1537 690 1608 perfectum
745 1553 935 1608 purus,
980 1537 1084 1592 nisi
1126 1536 1218 1592 ille
1265 1536 1414 1591 solus
1459 1537 1526 1592 de
1558 1551 1667 1606 quo
1711 1539 1974 1606 scriptum

390 1643 476 1684 est
505 1648 518 1684 :
554 1649 574 1682 ι
602 1629 702 1698 Qui
737 1637 1022 1699 peccatum
1056 1643 1161 1683 non
1207 1626 1358 1692 fecit,
1387 1642 1486 1682 nec
1513 1629 1669 1683 dolus
1715 1630 1975 1684 inventus

391 1733 475 1778 est
510 1723 564 1778 in
593 1739 690 1779 ore
718 1724 834 1796 ejus
859 1724 925 1778 ⁷⁸.
954 1743 974 1776 ι
1023 1722 1158 1777 Nam
1181 1732 1237 1777 et
1268 1723 1314 1777 si
1348 1723 1661 1777 inveniatur
1685 1723 1809 1793 quis
1842 1723 1971 1778 dili—

391 1831 524 1886 gens
553 1826 610 1870 et
637 1828 856 1882 cautus,
906 1825 1086 1889 potest
1127 1816 1380 1873 fortassis
1425 1817 1478 1871 in
1523 1817 1868 1886 gravioribus
1914 1833 1974 1874 se

390 1906 690 1960 observare
721 1924 736 1961 :
771 1922 932 1977 quem
971 1918 1153 1962 autem
1200 1907 1468 1972 invenias,
1506 1907 1598 1978 qui
1640 1909 1692 1962 in
1738 1908 1854 1964 ha:c
1889 1909 1973 1964 vel

390 2013 504 2066 pra;
537 1999 890 2066 verecundia,
921 1999 1004 2053 Vel
1032 2014 1141 2068 pra:
1173 1999 1504 2070 negligentia
1537 2015 1644 2054 non
1678 2000 1975 2056 incurrat?

393 2088 670 2146 Interdum
719 2101 776 2146 et
829 2106 927 2161 per
974 2091 1304 2145 oblivionem
1354 2092 1682 2146 omittuntur
1726 2108 1849 2162 qua:
1879 2109 1974 2148 cu-

390 2187 562 2239 randa
613 2183 852 2248 fuerant,
889 2192 945 2239 et
984 2198 1058 2238 ne
1107 2191 1370 2252 appareat
1408 2183 1590 2252 culpa,
1640 2195 1976 2240 excusantur

393 2279 548 2333 aliter
577 2292 741 2347 quam
774 2268 888 2347 (Q9)
918 2285 1070 2346 gesta
1094 2283 1244 2332 sunt.
1271 2273 1426 2330 Unde
1457 2285 1512 2329 et
1542 2275 1758 2342 Petrus,
1793 2278 1972 2335 sciens

391 2371 528 2426 istas
580 2384 702 2424 esse
748 2369 1098 2424 diversitates
1149 2368 1278 2432 doli,
1316 2366 1480 2438 508
1508 2367 1562 2422 in
1603 2369 1844 2440 Epistola
1875 2386 1973 2427 sua

390 2462 581 2516 scribit
631 2461 822 2515 dicens
853 2478 869 2515 :
907 2479 927 2513 Ι
980 2461 1319 2529 Deponentes
1354 2475 1485 2530 ergo
1519 2475 1735 2516 omnem
1765 2462 1969 2531 dolum,

390 2565 446 2610 et
497 2555 921 2619 simulationem,
967 2563 1022 2608 et
1066 2555 1351 2619 invidiam,
1387 2566 1442 2610 et
1495 2557 1969 2624 obtrectationem,

391 2646 546 2716 quasi
583 2647 743 2701 modo
793 2646 960 2715 geniti
1013 2646 1271 2713 infantes,
1328 2648 1712 2713 rationabiles,
1749 2657 1806 2704 et
1853 2651 1972 2705 sine

391 2737 538 2800 dolo,
581 2738 666 2793 lac
707 2736 1106 2808 concupiscite,
1138 2746 1196 2792 ut
1221 2738 1272 2792 in
1315 2753 1382 2794 eo
1423 2739 1690 2796 crescatis
1729 2740 1782 2795 in
1821 2741 1970 2796 salu—

389 2837 502 2886 tem
521 2830 590 2884 ⁷³.
622 2849 645 2884 ι

462 2921 520 2978 4.
587 2940 608 2976 ι
637 2920 918 2977 Venenum
975 2922 1225 2994 aspidum
1276 2922 1381 2980 sub
1427 2922 1589 2981 labiis
1625 2939 1818 2981 eorum
1841 2924 1912 2980 “.
1945 2942 1965 2978 ι

391 3011 607 3070 Mersus
659 3013 926 3082 serpentis
975 3029 1186 3069 veneno
1237 3029 1438 3084 corpus
1493 3013 1612 3088 (30)
1657 3017 1968 3074 interimit:

1875 306 2199 362 OlilGENlS

3511 314 3577 369 εἰδό

2011 436 2054 492 Α
2084 430 2210 492 cile,
2243 437 2299 484 et
2335 429 2501 484 nolite
2541 428 2909 496 maledicere;
2948 448 2966 482 ι
3004 439 3055 485 et
3093 427 3222 484 alibi
3243 429 3288 462 ⁸³
3319 446 3333 483 :
3369 451 3387 482 ι
3422 429 3578 504 Nequa

2085 522 2237 575 radix
2277 522 2658 578 amaritudinis
2705 538 2920 578 sursum
2967 522 3282 593 germinans
3313 523 3575 593 impediat.»

2080 612 2313 667 Additur
2336 615 2388 668 in
2407 615 2868 684 consequentibus
2889 614 2935 646 ⁸⁸
2963 635 2977 669 ε
3002 632 3021 666 ι
3050 615 3276 669 Veloces
3290 618 3435 684 pedes
3450 633 3577 676 θοι-υ

2079 703 2148 758 ad
2181 703 2565 760 eli‘undcndum
2596 705 2940 776 sanguinem.
2971 724 2991 758 ι
3027 706 3185 773 Quod
3237 716 3407 763 tamen
3432 712 3577 768 crimen

2079 811 2191 851 non
2223 796 2476 853 fortassis
2497 797 2748 868 pluribus
2779 799 2956 868 aptari
2982 814 3141 870 posse
3167 797 3425 854 videbitur
3451 815 3578 859 eorum

2079 890 2146 945 de
2178 891 2380 961 quibus
2421 892 2599 948 dixit:
2639 908 2660 944 ι
2690 891 2915 950 Causati
2948 892 3094 948 enim
3136 908 3325 948 sumus
3351 893 3525 951 Judteos
3546 913 3581 954 et

2078 983 2296 1040 Graacos
2327 1000 2521 1041 omnes
2555 986 2657 1042 sub
2685 998 2911 1058 peccato
2941 1001 3062 1042 esse
3087 985 3133 1018 ⁸⁸
3159 1003 3175 1052 ;
3215 1005 3234 1039 ι
3278 987 3378 1055 nisi
3406 988 3516 1043 forte
3534 992 3579 1045 in

2079 1075 2468 1148 intelligamus,
2499 1079 2628 1149 quia
2662 1093 2768 1133 non
2801 1080 3165 1150 corporaliter
3206 1089 3402 1135 tantum
3425 1085 3582 1150 sanguis

2078 1166 2377 1224 effunditur
2405 1183 2598 1224 eorum
2629 1183 2861 1238 quorum
2907 1183 3138 1236 corpora
3170 1170 3502 1234 trucidantur,
3523 1176 3581 1227 sel

2077 1269 2133 1315 et
2157 1262 2210 1316 hi
2243 1265 2335 1332 qui
2365 1261 2610 1332 quolibet
2637 1262 2898 1317 seandalo
2919 1263 3158 1316 animam
3187 1278 3218 1316 a
3249 1262 3581 1333 Deoscparant,

2076 1355 2179 1408 viri
2213 1354 2540 1424 sanguinum
2586 1354 2967 1409 nominantur.
3015 1352 3173 1409 Sicut
3199 1356 3342 1410 enim
3373 1356 3581 1410 homicida

2077 1447 2281 1502 dicitur
2304 1448 2396 1503 ille
2417 1447 2509 1516 qui
2541 1461 2744 1518 corpus
2765 1447 2835 1503 ab
2866 1449 3048 1504 anima
3085 1457 3327 1516 separat,
3362 1463 3580 1518 perquam

2075 1539 2426 1596 vivificatur:
2463 1540 2536 1595 ita
2587 1540 2756 1596 multo
2802 1542 2969 1595 etiam
3018 1543 3207 1596 verius
3253 1541 3342 1595 ille
3376 1541 3582 1594 homicida

2077 1630 2342 1686 dicendus
2371 1644 2475 1698 est,
2507 1631 2597 1700 qui
2631 1630 2874 1686 animam
2902 1647 2932 1686 a
2962 1646 3088 1686 vera
3122 1632 3237 1687 vita
3269 1642 3482 1700 separat,
3503 1649 3583 1700 qua

2079 1722 2190 1794 (55)
2213 1731 2298 1778 est
2335 1723 2496 1779 Dctts.
2538 1722 2715 1778 Pedes
2753 1733 2938 1777 autem
2974 1722 3158 1778 hocin
3203 1722 3320 1777 loco
3352 1722 3582 1777 illosinlel-

2003 1781 2050 1842 Β
2079 1781 2186 1884 iige
2219 1816 2286 1869 de
2336 1815 2533 1883 quibus
2566 1815 2702 1868 dicit
2743 1813 3016 1884 Propheta
3051 1832 3065 1868 :
3108 1832 3127 1864 ε
3157 1812 3260 1868 Mei
3293 1822 3453 1868 autem
3490 1828 3582 1882 pene

2078 1909 2208 1962 moti
2232 1917 2360 1963 sunt
2389 1909 2554 1978 pedes
2581 1907 2663 1971 ⁸⁶ς
2695 1926 2712 1960 ι
2751 1909 2856 1963 hoc
2875 1916 2980 1976 est,
3003 1907 3293 1964 consilium
3313 1921 3413 1980 quo
3431 1907 3584 1976 agimus

2073 2001 2180 2056 iter
2211 2001 2354 2056 vitae.

2145 2095 2197 2149 5.
2227 2093 2621 2160 «Contritio,et
2643 2093 2934 2150 infelicitas
2957 2093 3010 2148 in
3043 2093 3148 2148 viis
3173 2107 3358 2148 eorum
3382 2109 3396 2146 :
3420 2090 3580 2144 etviatn

2074 2186 2224 2254 pacis
2261 2202 2366 2239 non
2408 2185 2868 2254 cognoverunt”.
2895 2203 2916 2237 ι
2954 2184 3352 2240 Contritionem
3381 2183 3458 2238 hic
3477 2182 3580 2245 dicit,

2075 2294 2181 2332 non
2215 2276 2358 2330 illam
2411 2292 2518 2346 qua
2573 2276 2798 2346 spiritus
2829 2277 3068 2346 peccatis
3103 2275 3482 2331 contribulatur
3516 2287 3581 2342 pro

2073 2371 2417 2442 paenitentia,
2442 2370 2584 2424 unde
2614 2369 2813 2424 dicitur
2860 2371 2913 2424 in
2956 2369 3191 2424 Psalmis
3212 2369 3258 2401 ⁸⁸
3289 2387 3304 2423 :
3339 2387 3356 2419 ι
3388 2369 3477 2422 Cor
3495 2383 3581 2421 eon-

2077 2462 2260 2515 tritum
2295 2471 2351 2515 et
2393 2461 2742 2516 humiliatum
2792 2460 2935 2517 Deus
2967 2476 3078 2516 non
3109 2462 3366 2531 spernit:
3401 2479 3419 2512 ι
3445 2460 3517 2516 sed
3541 2459 3583 2512 ιι.

2074 2552 2180 2605 lam
2227 2553 2365 2607 dicit
2416 2555 2804 2610 eontritionem
2857 2569 2964 2624 qua
3015 2566 3340 2625 peccatores
3393 2553 3581 2610 dicuntur

2071 2656 2360 2700 conterere
2384 2644 2574 2718 jngum
2608 2647 2820 2702 Domini
2870 2659 2926 2702 et
2956 2649 3230 2717 projicere
3275 2664 3305 2702 a
3346 2647 3582 2703 cervicibus

2074 2738 2188 2792 suis
2214 2736 2281 2791 ⁸⁸.
2317 2738 2581 2793 Similiter
2625 2749 2681 2793 et
2733 2759 2751 2790 ε
2791 2738 3112 2804 infelicitas,
3144 2758 3164 2792 ι
3204 2739 3308 2805 vel,
3343 2738 3466 2792 sicut
3493 2733 3580 2790 alibi

2073 2828 2294 2898 legitur,
2331 2847 2350 2880 ι
2375 2829 2594 2883 miseria
2620 2848 2639 2882 ι
2679 2830 2996 2900 accipienda
3029 2840 3136 2896 est,
3163 2847 3270 2901 qua
3314 2831 3460 2884 miser
3493 2825 3580 2880 clie-

2073 2930 2194 2977 ctus’
2220 2933 2306 2976 est
2338 2922 2502 2976 homo
2525 2933 2580 2976 et
2614 2921 2823 2989 infelix,
2845 2925 2935 2994 qui
2968 2943 2986 2977 ι
3013 2939 3136 2979 cum
3173 2926 3226 2978 in
3255 2925 3442 2979 honore
3465 2931 3579 2983 esset,

2073 3030 2180 3070 non
2205 3014 2489 3078 intellexit,
2517 3033 2535 3067 ι
2571 3015 2668 3070 sed
2707 3035 2725 3068 ι
2749 3027 3100 3086 comparatus
3122 3027 3209 3070 est
3227 3014 3468 3085 jumcntis
3489 3012 3579 3066 insi-

392 3121 613 3162 morsus
635 3105 788 3161 verbi
817 3105 1066 3160 venenati
1097 3103 1291 3160 fraude
1312 3107 1552 3160 animam
1580 3117 1761 3163 necat.
1789 3106 1972 3164 Potest
1997 3140 2042 3199 α
2075 3105 2370 3177 pientibus,
2398 3115 2454 3161 et
2482 3105 2678 3160 similis
2711 3107 2891 3161 factus
2923 3117 3010 3162 est
3032 3107 3112 3162 eis
3135 3108 3207 3162 θ’,
3239 3107 3305 3162 Et
3324 3105 3451 3160 viam
3473 3103 3580 3176 pacis

392 3199 564 3256 accidi
602 3199 707 3254 hoc
745 3207 802 3253 et
833 3198 902 3253 de
944 3197 1029 3253 his
1064 3199 1158 3268 qui
1199 3198 1597 3256 calumniarum
1651 3203 1974 3258 commentis

392 3291 834 3346 circumveniunt
868 3291 1119 3346 homines
1150 3308 1164 3345 :
1202 3301 1383 3361 potest
1412 3301 1467 3348 et
1514 3293 1582 3348 de
1611 3293 1718 3360 his,
1756 3296 1848 3364 qui
1879 3311 1976 3366 per

394 3382 714 3437 hmreticam
743 3382 1050 3436 doctrinam
1085 3396 1294 3438 veneno
1315 3383 1513 3438 diaboli
1551 3385 1827 3453 infectam,
1861 3388 1976 3441 ani-

392 3490 516 3531 mas
571 3475 852 3545 decipiunt
895 3475 1252 3546 simplicium.
1291 3495 1311 3528 l
1357 3475 1597 3545 Quorum
1639 3493 1701 3533 os
1745 3480 1972 3534 maledi-

393 3568 596 3633 ctione,
628 3575 684 3621 et
717 3567 1079 3621 amaritudine
1127 3566 1344 3634 plenum
1377 3577 1460 3622 est
1476 3566 1545 3627 ⁸¹.
1592 3586 1610 3622 ι
1649 3569 1726 3625 De
1763 3585 1973 3627 veneno

396 3659 614 3728 quidem
651 3657 897 3728 aspidum
930 3673 1037 3712 non
1084 3657 1221 3712 dixit
1248 3659 1408 3726 plena
1448 3674 1570 3715 esse
1595 3660 1760 3716 labia.
1788 3660 1844 3715 In
1881 3663 1974 3718 illo

393 3745 540 3806 enim
570 3750 702 3806 vitio
731 3750 913 3819 plures
948 3751 1200 3806 fortassis
1234 3751 1602 3816 inveniantur,
1643 3769 1752 3808 non
1789 3764 1972 3810 tamen

391 3843 578 3911 plures
603 3842 694 3910 qui
720 3842 896 3910 plene,
925 3851 982 3896 et
1015 3843 1083 3896 ad
1124 3843 1395 3911 integrum
1422 3843 1620 3898 veneni
1652 3844 1798 3899 illius
1823 3845 1975 3900 virus

391 3941 621 3986 exerant
671 3931 806 4002 (51).
857 3931 1236 3986 Maledictione
1290 3942 1473 3986 autem
1511 3941 1565 3988 et
1611 3934 1974 3990 amaritudine

395 4023 590 4093 repleri
621 4038 704 4090 os,
733 4024 888 4078 valde
916 4023 1207 4077 multorum
1232 4034 1337 4080 est.
1357 4023 1489 4090 Quis
1509 4025 1656 4080 enim
1685 4027 1758 4081 ita
1790 4043 1976 4082 emen-

395 4116 505 4169 dati
540 4114 656 4169 oris
687 4124 774 4169 est
817 4113 954 4187 ('52),
987 4132 1150 4185 quem
1185 4131 1292 4170 non
1344 4116 1708 4173 maledicendi
1738 4133 1972 4174 consue-

397 4208 527 4261 tudo
550 4207 826 4273 sollicitet,
857 4223 964 4261 non
1007 4208 1186 4262 dicam
1215 4209 1502 4263 adversum
1529 4224 1626 4264 eos
1672 4211 1764 4280 qui
1803 4211 1972 4265 male-

397 4300 633 4354 dictione
662 4299 806 4370 digni
841 4309 990 4364 sunt,
1023 4301 1116 4354 sed
1149 4295 1441 4354 adversum
1477 4315 1573 4356 eos
1604 4317 1744 4372 quos
1782 4303 1972 4357 Domi-

396 4405 498 4443 nus
521 4405 623 4442 non
663 4389 962 4454 maledixit,
999 4390 1051 4442 id
1096 4399 1199 4456 est,
1233 4389 1410 4456 justos
1435 4400 1490 4445 et
1533 4395 1852 4448 innocentes
1883 4393 1968 4447 vi-

2075 3213 2184 3253 non
2215 3208 2588 3267 cognoverunt
2607 3198 2678 3256 ".
2708 3216 2727 3250 ι
2757 3196 2868 3252 Pax
2897 3209 3079 3252 nostra
3111 3198 3364 3254 Christus
3388 3206 3475 3251 est.
3513 3192 3579 3246 Via

2073 3305 2204 3361 ergo
2250 3293 2422 3359 pacis,
2461 3291 2550 3345 via
2599 3287 2803 3345 Christi
2838 3300 2942 3345 est.
2973 3289 3082 3344 Sed
3127 3300 3187 3344 et
3238 3289 3282 3344 si
3315 3286 3577 3356 accipiamus

2074 3379 2219 3448 quod
2249 3389 2567 3449 peccatores
2594 3381 2721 3434 dum
2744 3379 3002 3436 vitiorum
3025 3379 3186 3434 bellis
3217 3393 3417 3448 semper
3435 3390 3579 3444 urgen-

2076 3480 2184 3536 tur,
2213 3472 2357 3526 viam
2412 3472 2567 3543 pacis
2599 3474 2872 3543 ignorant,
2903 3480 3050 3527 recte
3095 3472 3454 3542 intelligimus.
3480 3465 3576 3520 Dicit

2073 3563 2219 3617 enim
2248 3565 2514 3634 propheta
2541 3566 2608 3620 ad
2645 3565 2936 3620 Dominum
2965 3581 2982 3620 :
3017 3584 3034 3616 ι
3066 3563 3184 3618 Pax
3230 3564 3388 3618 multa
3414 3560 3577 3627 diligen-

2075 3654 2223 3710 tibus
2260 3671 2457 3710 nomen
2496 3667 2671 3723 tuum,
2704 3666 2760 3713 et
2797 3672 2904 3711 non
2933 3666 3017 3710 est
3052 3656 3164 3711 illis
3191 3653 3478 3711 scandalum
3497 3649 3574 3701 ".t

2075 3741 2183 3798 Sed
2219 3753 2274 3797 ct
2307 3743 2398 3799 ille
2422 3745 2655 3816 populus
2683 3746 2777 3816 qui
2802 3748 2869 3800 de
2898 3745 3132 3817 Egypto
3170 3749 3390 3801 eductus
3409 3750 3493 3807 est,
3512 3753 3577 3809 per

2073 3834 2218 3888 viam
2257 3835 2409 3905 pacis
2458 3837 2707 3904 incessit,
2739 3847 2798 3891 ut
2846 3837 2914 3893 ad
2963 3847 3170 3892 terram
3212 3830 3576 3907 repromissionis

2073 3927 2312 3994 veniret,
2346 3937 2402 3982 et
2426 3928 2698 3984 habitaret
2733 3929 2787 3984 in
2813 3928 3137 3997 Jerusalem,
3182 3946 3301 4000 qu:e
3327 3930 3579 3992 interpretao

2075 4028 2164 4074 tur
2200 4022 2330 4076 uisio
2382 4025 2554 4091 pacis,
2594 4023 2736 4078 sicut
2782 4031 2837 4077 et
2879 4023 3150 4094 Propheta
3181 4026 3310 4080 dicit
3340 4043 3352 4077 :
3387 4041 3403 4074 ‹
3432 4018 3576 4074 Factus

2072 4125 2159 4169 est
2185 4113 2238 4167 in
2265 4130 2398 4184 pace
2423 4115 2577 4172 locus
2608 4115 2748 4184 ejus,
2767 4128 2820 4172 et
2844 4117 3110 4172 habitatio
3138 4118 3259 4186 ejus
3286 4119 3337 4171 in
3367 4113 3476 4168 Sion
3497 4109 3573 4164 ".t

2073 4201 2293 4260 Plenius
2329 4215 2510 4260 autem
2545 4209 2688 4262 viam
2717 4209 2866 4277 pacis
2911 4209 3159 4279 agnoscit
3188 4210 3279 4280 qui
3306 4207 3366 4261 ad
3395 4200 3573 4261 ctelesds

2071 4293 2372 4351 Jerusalem
2402 4298 2772 4354 habitaculum
2806 4300 2998 4366 tendit,
3042 4310 3102 4356 ιιι
3138 4302 3207 4355 ad
3239 4311 3459 4356 sanctam
3483 4293 3575 4349 ciri-

2078 4397 2244 4443 tatem
2263 4389 2354 4444 Dei
2377 4391 2604 4447 viventis
2633 4394 2910 4448 ascendat.
2936 4393 3065 4448 Post
3085 4396 3200 4450 haec
3217 4396 3440 4450 additur:
3463 4387 3572 4440 «Non

396 4480 525 4533 ros?
550 4479 862 4549 Promptum
889 4482 992 4536 hoc
1027 4492 1079 4535 et
1101 4482 1343 4551 proclive
1373 4483 1562 4536 vitium
1592 4491 1676 4537 est
1697 4483 1962 4555 fragilita-
1995 4485 2048 4547 ι)
2073 4489 2158 4534 est
2194 4481 2354 4535 timor
2383 4482 2478 4536 Dei
2526 4495 2652 4539 ante
2699 4485 2888 4540 oculos
2923 4499 3116 4539 eorum
3147 4485 3218 4540 “.
3248 4505 3266 4538 ι
3304 4485 3357 4540 Si
3398 4481 3497 4552 quis
3523 4476 3572 4529 sit

396 4569 469 4622 tis
505 4569 754 4624 humanae
779 4587 906 4638 erga
936 4571 1210 4640 subjectos
1249 4573 1522 4642 praecipue
1557 4582 1612 4628 et
1639 4573 1970 4632 inferiores:

396 4661 470 4716 ita
517 4662 702 4730 utjam
730 4664 1143 4734 appellationem
1191 4666 1334 4720 hanc
1387 4681 1494 4720 non
1531 4666 1970 4724 maledictionem

395 4763 608 4824 putent.
638 4754 705 4808 Et
734 4756 857 4810 ideo
886 4757 1109 4827 plenmn
1139 4771 1262 4812 esse
1289 4773 1353 4812 os
1381 4773 1596 4825 eorum,
1629 4767 1685 4812 et
1711 4767 1969 4827 tanquam

396 4844 466 4900 de
517 4845 677 4913 pleno
725 4848 838 4901 oris
888 4848 1110 4904 vasculo
1160 4849 1534 4903 indesinenter
1575 4848 1778 4904 dicitur
1802 4847 1973 4905 fluere

395 4938 731 4994 maledictio.
757 4939 897 4995 Huic
950 4951 1128 4996 tamen
1157 4949 1211 4994 et
1248 4941 1558 4995 amaritudo
1595 4943 1964 5012 conjungitur,

395 5032 522 5101 quia
553 5032 942 5105 ex‘iracundia:
971 5032 1095 5088 felle
1130 5033 1486 5103 depromitur.
1505 5033 1608 5088 Per
1631 5036 1964 5089 iracundiam

396 5123 544 5176 enim
581 5137 648 5175 ac
678 5120 914 5177 furorem
957 5124 1022 5177 ad
1058 5125 1486 5180 maledicendum
1520 5125 1704 5196 lingua
1731 5127 1970 5194 compel-

397 5215 548 5271 'itur.
584 5214 651 5269 Et
700 5214 823 5270 ideo
855 5215 986 5268 dicit
1041 5215 1182 5270 idem
1234 5217 1523 5287 Aposmlus
1548 5218 1594 5248 ⁸³
1627 5237 1641 5273 ;
1685 5237 1704 5270 ι
1739 5218 1968 5273 Benedi-

468 5312 514 5343 "'
545 5310 736 5365 Matth.
771 5325 874 5374 xu,
916 5311 1008 5381 54.
1104 5311 1152 5342 ’⁸
1181 5313 1198 5366 ι
1226 5312 1374 5368 Petr.
1406 5330 1467 5381 tt,
1497 5313 1586 5368 ‘29..

1694 5317 1740 5348 "
1789 5315 1923 5376 iliid.
1987 5315 2040 5375 1.
2070 5315 2125 5368 9..

2072 4571 2164 4640 qui
2196 4586 2411 4640 semper
2454 4575 2521 4628 de
2562 4573 2756 4630 timore
2808 4575 2903 4630 Dei
2936 4574 3158 4643 cogitet,
3183 4575 3310 4646 quid
3335 4575 3378 4630 ei
3419 4572 3572 4642 placeat

2076 4662 2338 4731 requirat,
2363 4664 2562 4734 quidve
2590 4665 3036 4736 displiceat,huic
3065 4670 3230 4724 timor
3258 4668 3344 4722 Dei
3365 4679 3467 4720 esse
3485 4669 3572 4712 anle

2072 4752 2262 4807 oculos
2301 4755 2519 4810 dieitur.
2557 4757 2663 4811 Sed
2715 4759 2926 4828 peritus
2973 4759 3140 4815 debet
3167 4775 3306 4827 esse,
3325 4768 3376 4814 et
3408 4770 3463 4810 ex
3490 4751 3570 4817 Ιεεε

2074 4843 2290 4898 Domini
2335 4846 2622 4917 diligenter
2659 4851 2909 4906 eruditus
2936 4851 3008 4918 θ’,
3042 4869 3110 4910 ne
3140 4853 3280 4908 forte
3305 4850 3403 4906 illic
3435 4849 3569 4899 timeat

2076 4939 2290 5005 timore,
2320 4941 2412 4995 ubi
2443 4943 2791 4997 necessarius
2834 4958 2944 4998 non
2980 4945 3090 4998 erit
3138 4947 3315 4999 timor.
3347 4935 3569 4995 Ponendus

2073 5037 2161 5082 est
2205 5044 2334 5100 ergo
2376 5045 2592 5101 semper
2619 5032 2782 5088 timor
2820 5033 2914 5089 Dei
2948 5045 3076 5090 ante
3102 5034 3325 5089 oculos:
3359 5045 3448 5084 non
3473 5027 3568 5078 islos

2072 5121 2260 5178 oculos
2286 5125 2470 5180 carnis
2497 5124 2696 5196 (neque
2728 5128 2870 5182 enim
2892 5128 3109 5183 visibile
3131 5127 3350 5198 aliquid,
3387 5131 3461 5177 aut
3481 5131 3566 5172 cur-

2072 5231 2296 5286 poreum
2325 5217 2630 5289 quaeritur),
2657 5221 2752 5276 sed
2781 5229 2908 5276 ante
2933 5222 3122 5276 oculos
3143 5221 3331 5275 mentis
3351 5208 3562 5287 (51);ί1¹¹ί·

2231 5313 2278 5345 ⁸⁸
2305 5314 2463 5369 Rom.
2489 5330 2574 5378 Ill,
2606 5315 2695 5370 15.
2768 5317 2813 5350 ⁸⁸
2848 5318 2976 5372 ibid.
3011 5319 3099 5373 14.
3173 5319 3217 5350 ⁸³
3245 5317 3386 5372 Rom.
3407 5325 3481 5371 xu.
3505 5302 3564 5378 ης

395 5379 442 5456 ⁸-³
465 5381 628 5436 llebr.
659 5398 756 5456 xu,
777 5381 872 5456 15.
944 5380 996 5456 ξι
1027 5381 1185 5456 Rom:
1216 5398 1292 5456 ιιι,
1325 5383 1413 5437 15.
1453 5373 1534 5418 ’⁸⁸
1561 5373 1811 5456 ἰΙ)ἰ(1.γ9.Γ
1853 5387 1900 5417 ⁸⁸

2113 5399 2283 5450 Lxxtt,
2312 5383 2369 5456 2.
2442 5385 2488 5417 ⁸⁷
2516 5373 2674 5441 Rom.
2701 5403 2782 5452 in,
2811 5388 2900 5456 16,
2931 5389 3018 5442 17.
3091 5388 3138 5422 ⁸⁸
3168 5389 3306 5442 Psal.
3335 5402 3380 5448 ι..
3412 5384 3480 5433 11³.
3528 5373 3562 5456 f'

401 5450 602 5523 decem.
635 5468 690 5510 ιι.
721 5453 823 5523 2ος
861 5467 912 5512 v,
941 5451 1015 5523 εἱ.-
1086 5455 1131 5486 ⁸ο
1164 5452 1306 5507 Psal.
1342 5469 1532 5522 XLVIII,
1564 5456 1650 5523 15,
1692 5455 1783 5511 21.

395 5519 441 5549 ’³
466 5521 622 5574 liom.
648 5538 727 5586 ιιι,
758 5522 846 5575 18.
917 5523 963 5554 ⁸⁵
988 5521 1130 5577 Psal.
1163 5538 1285 5589 xnt,
1313 5523 1367 5578 5.

467 5610 579 5676 (9.9)
615 5611 726 5676 AL,
762 5629 781 5662 ι
817 5628 958 5680 qua}.
982 5635 1001 5667 ι

468 5682 578 5755 (ξω)
612 5682 721 5755 ei),
750 5700 770 5732 ‹
796 5683 970 5736 Morsu
996 5685 1268 5753 serpentis
1293 5698 1557 5743 venenum
1583 5693 1965 5755 corpusne“-

469 5749 580 5818 (⁵51)
622 5749 729 5819 AL,
765 5769 783 5802 ι
807 5749 1114 5817 exerceant.
1142 5775 1160 5807 ι

1859 5456 1906 5488 ⁰¹
1951 5456 2107 5511 liom.
2157 5472 2239 5524 ut,
2278 5455 2367 5510 17.

2446 5458 2493 5488 θ’
2515 5457 2659 5513 ratu.
2692 5444 2898 5528 cxim,’
2914 5459 3039 5514 165.
3133 5459 3180 5492 οι
3207 5457 3351 5523 Psat,
3371 5444 3508 5512 tm,

2298 5617 2405 5693 ᾼΙ.3
2437 5636 2464 5693 _¢
2497 5619 2880 5693 emendatioris
2907 5633 2990 5679 est
3019 5624 3162 5680 vitae.
3191 5643 3214 5678 ι

2149 5688 2263 5758 (δεῖ)
2306 5687 2469 5754 nam,
2512 5709 2529 5740 ι
2559 5692 2673 5758 qui.
2709 5710 2726 5741 ι

2151 5756 2266 5827 (⁵4)
2302 5760 2468 5824 Alias.
2507 5779 2524 5812 ι
2562 5756 2653 5818 sed
2683 5763 2880 5820 dicitur
2909 5765 2974 5821 de
3009 5765 3179 5823 oculis
3210 5763 3445 5821 mentis!
