3684 6148
105 321 209 377 937

1052 320 1403 379 COMMENT.
1441 324 1505 379 ΙΝ
1544 322 1760 379 EPlST.
1799 322 1889 377 AD
1928 322 2095 378 BOM.
2129 321 2254 376 LIB.
2296 320 2382 377 Ill.

3231 322 3337 377 958

105 441 209 493 bus
240 437 448 492 timoris
480 437 571 492 Dei
609 446 661 492 et
701 438 1008 496 intellectus
1036 451 1091 496 et
1134 444 1377 498 doctrina
1408 446 1672 515 perSpici-
1701 450 1746 505 Λ
1774 443 1945 515 Moysi
1974 443 2292 514 intelligere,
2323 456 2443 510 qua:
2469 438 2575 493 illis
2593 440 2711 495 sine
2732 439 2897 495 dubio
2919 439 3048 497 solis
3071 439 3332 511 loquitur,

104 543 215 599 tur,
243 547 340 600 per
370 547 555 599 quam,
588 532 728 586 sicut
762 536 1014 602 superius
1038 537 1298 605 diximus,
1339 540 1671 611 intelligatur
1771 551 1910 606 quos
1948 551 2013 591 ex
2066 535 2259 590 matris
2303 542 2460 587 utero
2509 532 2912 587 circumciderit
2962 542 3019 587 et
3065 534 3335 597 docuerit,

105 629 234 693 quid
264 630 556 682 timendum
591 630 683 693 sit,
715 639 809 683 aut
835 632 963 699 quid
992 648 1097 687 non
1128 636 1200 689 sit
1232 635 1667 703 timendum.Qui

105 722 274 774 Deum
308 721 478 782 timet,
512 730 806 790 potestates
848 726 1030 780 saeculi
1064 742 1170 781 non
1217 728 1393 784 timet.
1444 729 1509 783 Et
1538 730 1667 799 quid

100 813 224 867 dico
247 815 314 868 de
351 817 708 884 potestatibus
738 818 961 873 szeculi?
987 820 1095 875 Nec
1136 820 1256 876 illos
1299 822 1666 892 principatus,

98 921 153 961 et
194 920 516 977 potestates,
542 919 593 967 et
623 914 803 968 mundi
833 913 992 982 hujus
1018 923 1281 981 rectores,
1307 931 1483 988 neque
1504 918 1667 987 spiri—

100 1001 227 1055 talia
278 1004 533 1070 nequitiae
584 1005 636 1058 in
690 1005 1003 1064 coelestibus
1036 1010 1189 1064 timet
1209 1009 1276 1064 ’⁸.
1308 1008 1376 1064 Et
1409 1020 1467 1064 ut
1498 1010 1666 1079 ipsius

100 1093 201 1144 hoc
229 1093 340 1162 (55)
373 1093 521 1150 Pauli
552 1100 877 1155 auctoritate
904 1101 1205 1167 ﬁrmemus,
1237 1103 1359 1156 audi
1393 1102 1664 1171 quemodo

96 1183 231 1237 dicit
258 1184 327 1239 de
345 1187 591 1241 humanis
619 1192 1008 1257 potestatibus:
1060 1209 1079 1243 ι
1115 1192 1245 1256 Vis,
1304 1194 1514 1262 inquit,
1555 1210 1662 1249 non

97 1277 289 1332 timere
317 1290 638 1347 potestatem
667 1282 690 1336 ?
717 1283 824 1337 Fac
846 1287 988 1355 quod
1018 1287 1214 1339 bonum
1239 1295 1342 1350 est,
1363 1296 1417 1340 ct
1441 1286 1663 1342 habebis

95 1370 311 1427 laudem
359 1388 424 1427 ex
466 1389 529 1429 ea
556 1375 623 1431 "’.
650 1394 669 1428 ι
711 1376 783 1441 Et
817 1376 1083 1447 Propheta
1131 1380 1264 1433 dicit
1295 1397 1309 1433 :
1346 1397 1366 1429 ‹
1404 1380 1663 1434 Dominus

94 1467 225 1520 mihi
265 1467 481 1535 adjutor
512 1479 614 1534 est,
651 1487 754 1526 non
786 1472 987 1528 timebo
1017 1474 1145 1543 quid
1185 1474 1349 1529 faciat
1388 1475 1520 1529 mihi
1559 1474 1660 1531 ho-

94 1572 182 1611 mo
206 1557 276 1610 ⁸⁸.
310 1576 331 1611 ι
379 1559 451 1614 De
494 1561 737 1617 adversis
789 1578 919 1625 vero
955 1567 1313 1633 potestatibus
1366 1567 1657 1635 spirituum

94 1650 229 1703 idem
286 1650 555 1720 Propheta
599 1654 836 1709 sensisse
883 1655 1014 1710 mihi
1067 1657 1302 1723 videtur,
1351 1659 1439 1712 ubi
1477 1658 1655 1715 dicit:

97 1761 113 1791 ι
139 1742 285 1796 Multi
310 1743 404 1813 qui
438 1744 708 1799 debellant
745 1764 829 1802 me
852 1748 918 1802 de
938 1749 1178 1813 excelso,
1198 1766 1294 1818 per
1322 1750 1466 1804 diem
1497 1751 1655 1805 time-

90 1834 222 1888 bunt
244 1833 316 1902 ⁹⁹;
344 1854 363 1888 ι
402 1846 458 1891 et
488 1840 683 1893 iterum
714 1856 729 1893 :
772 1858 790 1890 ι
818 1838 875 1893 Si
916 1842 1217 1896 consistant
1252 1842 1540 1896 adversum
1571 1857 1655 1896 me

90 1935 292 1993 castra,
312 1942 418 1982 non
449 1930 661 1985 timebit
692 1944 789 1986 cor
820 1947 998 1988 meum
1030 1934 1104 1986 ι.»
1131 1932 1279 2000 Opus
1298 1947 1428 2001 ergo
1451 1933 1659 2005 grande

89 2028 169 2070 est
189 2029 243 2072 et
258 2020 607 2090 magniﬁcum
634 2038 847 2093 semper
873 2024 1077 2079 habere
1103 2038 1229 2079 ante
1259 2027 1446 2082 oculos
1478 2028 1659 2082 cordis

91 2109 248 2181 509
276 2111 524 2167 timorem
554 2113 678 2168 Dei:
705 2115 854 2169 illum
882 2117 1155 2181 timorem,
1181 2119 1271 2188 qui
1290 2119 1517 2186 replevit
1541 2121 1652 2174 vir-

90 2218 208 2271 gain
241 2218 364 2273 quae
395 2206 728 2261 surrexitde
769 2209 950 2263 radice
1004 2207 1179 2275 Jesse,
1225 2220 1282 2266 et
1325 2209 1513 2266 ﬂorem
1559 2213 1654 2281 qui

89 2295 153 2347 de
207 2296 395 2351 radice
437 2296 557 2365 ejus
621 2301 859 2354 surrexit
893 2319 906 2354 :
936 2302 1002 2356 de
1050 2316 1159 2372 quo
1210 2304 1423 2359 dixerat
1469 2322 1484 2357 :
1528 2322 1548 2356 ι
1588 2304 1656 2358 Et

89 2384 317 2453 replebit
344 2402 468 2441 eum
494 2389 718 2456 spiritus
747 2391 957 2447 timoris
988 2393 1197 2447 Domini
1230 2397 1273 2448 '.
1304 2413 1323 2447 ι
1361 2394 1416 2448 In
1449 2402 1653 2448 tantum

88 2488 263 2530 autem
318 2478 619 2547 perfectum
674 2484 851 2537 reddit
906 2486 1177 2539 hominem
1227 2485 1317 2541 Dei
1366 2487 1548 2549 timor,
1597 2496 1656 2539 ut

88 2569 218 2624 nihil
251 2570 305 2625 ei
334 2571 494 2635 desit,
528 2584 585 2627 ut
623 2572 898 2644 Pr0pheta
935 2577 1067 2631 dicit
1106 2576 1245 2648 (56),
1277 2578 1403 2647 quia
1461 2595 1480 2629 ι
1520 2579 1654 2631 nihil

88 2659 235 2717 deest
271 2661 597 2720 timentibus
640 2681 765 2722 eum
794 2668 836 2725 ³.
869 2688 889 2722 ι
950 2667 1096 2731 Haec.
1155 2679 1318 2738 prout
1357 2673 1649 2739 potuimus,

88 2752 311 2824 singulis
351 2757 659 2828 quibusque
693 2774 813 2830 quae
852 2777 880 2815 ιι
926 2761 1093 2816 Paulo
1130 2772 1405 2832 assumpta
1440 2762 1654 2817 fuerant

89 2844 411 2910 aptavimus,
450 2850 727 2917 quomodo
779 2852 1073 2907 convenire
1107 2854 1424 2909 viderentur
1454 2855 1538 2909 his
1583 2855 1651 2909 de

89 2937 280 3004 quibus
340 2939 522 2995 dicit:
557 2961 577 2995 ι
610 2943 828 2998 Causati
884 2946 1030 2999 enim
1074 2962 1264 3002 sumus
1325 2945 1544 3002 Judatos
1596 2956 1653 3002 et

87 3022 299 3082 Graecos
319 3043 515 3085 omnes
544 3033 644 3088 sub
668 3045 893 3103 peccato
924 3050 1045 3090 esse
1072 3037 1113 3089 δ.
1148 3056 1166 3088 ι
1199 3036 1329 3104 Quae
1369 3047 1546 3093 tamen
1575 3037 1648 3092 ita

90 3117 449 3217 puto-debere
482 3122 731 3217 intelligi,
762 3142 867 3181 non
897 3139 955 3182 ut
987 3130 1038 3183 in
1072 3130 1305 3199 singulis
1338 3132 1649 3191 hominibus
1675 3160 1718 3217 ο

86 3207 256 3260 omnia
282 3209 399 3264 ha:c
424 3210 589 3268 fuisse
612 3228 928 3285 arguantur,
969 3223 1064 3273 sed
1110 3219 1253 3274 aliud
1281 3222 1335 3278 in
1370 3223 1479 3279 alio
1511 3224 1647 3297 (37),

88 3306 136 3349 et
160 3298 300 3353 aliud
336 3302 387 3355 in
418 3304 545 3370 alio,
582 3306 655 3360 ita
684 3318 863 3363 tamen
890 3321 948 3364 ut
975 3312 1028 3366 in
1057 3314 1310 3369 omnibus
1341 3316 1651 3386 lmpleretur

91 3392 409 3446 universitas
436 3393 537 3448 ista
571 3396 841 3452 vitiorum.

153 3482 202 3534 6.
260 3501 278 3533 ι
312 3482 528 3541 Scimus
588 3498 810 3555 autem,
867 3498 1120 3563 quoniam
1167 3511 1500 3567 quaecunque
1564 3499 1646 3557 lex

90 3570 341 3643 loquitur,
380 3577 463 3633 his
494 3580 586 3649 qui
612 3582 663 3635 in
689 3583 807 3653 lege
831 3594 959 3639 sunt
989 3585 1252 3657 loquitur,
1288 3600 1345 3643 ut
1377 3605 1537 3647 omne
1586 3608 1650 3648 os

88 3668 402 3724 obstruatur
453 3681 507 3726 et
560 3675 813 3731 subditus
858 3677 954 3732 ﬁat
1001 3682 1181 3736 oumis
1232 3685 1463 3739 mundus
1512 3684 1645 3739 Deo.

90 3756 376 3828 Propterea
404 3763 600 3834 (58)ex
630 3770 885 3840 operibus
938 3770 1071 3838 legis
1119 3788 1223 3826 non
1264 3775 1648 3845 justiﬁrabitur

88 3851 254 3903 omnis
284 3868 416 3909 caro
449 3855 498 3907 iu
531 3869 825 3926 conspectu
862 3860 952 3914 Dei
987 3860 1119 3932 (59).
1151 3863 1256 3917 Per
1297 3867 1469 3935 legem
1499 3870 1643 3922 enim

90 3940 282 4030 agnitio
311 3945 520 4011 peccati
551 3944 626 4001 ⁸.»
670 3947 886 4003 Praefati
913 3965 1104 4007 sutnus
1139 3954 1190 4006 in
1226 3956 1509 4026 principiis
1532 3958 1645 4030 (40)

88 4028 394 4097 Apostolum
460 4036 513 4089 in
575 4038 679 4092 hac
733 4039 971 4110 Epistula
1028 4047 1095 4099 de
1149 4046 1391 4115 pluribus
1438 4028 1645 4119 legibus

93 4128 464 4193 tractaturum,
510 4145 741 4200 quarum
798 4136 1055 4191 discretio
1108 4146 1165 4193 et
1210 4138 1493 4195 distinctio
1542 4143 1643 4197 nisi

91 4229 178 4284 per
205 4217 320 4273 loca
362 4222 574 4291 singula
604 4226 884 4295 habeatur,
918 4228 1254 4285 confundere
1286 4234 1487 4301 poterit
1516 4249 1644 4288 sen-

90 4320 198 4361 smn
242 4310 487 4380 legentis.
522 4313 689 4387 igitur
733 4319 895 4374 etiam
942 4323 993 4375 in
1046 4324 1296 4392 praesenti
1344 4325 1462 4381 loco
1502 4327 1644 4396 quod

93 4402 296 4461 dicitzc
331 4410 547 4468 Scimus
612 4424 813 4480 autem,
869 4418 1126 4484 quoniam
1175 4432 1514 4489 quaecunque
1558 4419 1643 4475 lex

93 4501 341 4572 loquitur,
372 4507 456 4560 his
478 4508 569 4577 qui
607 4509 661 4562 in
690 4508 806 4580 lege
828 4521 957 4564 sunt
986 4510 1249 4580 loquitur,
1287 4529 1305 4562 ι
1332 4512 1644 4583 diligentius
1678 4505 1722 4561 Ι)

94 4598 359 4664 requirere
392 4601 650 4655 debemus
672 4617 793 4670 quae
817 4602 886 4656 sit
910 4602 991 4657 lex
1023 4619 1143 4673 qua:
1176 4604 1430 4674 loquatur
1455 4606 1521 4659 ad
1545 4621 1641 4660 eos

91 4689 175 4755 qui
198 4690 248 4742 iu
279 4689 395 4760 lege
426 4701 580 4757 sunt,
624 4703 678 4748 et
718 4710 814 4764 per
843 4695 943 4750 hoc
982 4698 1126 4766 quod
1165 4696 1232 4751 ad
1279 4712 1375 4752 eos
1411 4698 1649 4768 loquitur

93 4782 228 4835 omni
249 4799 341 4840 eos
369 4786 719 4842 excusatione
737 4789 969 4843 denudet
994 4828 1008 4852 ,
1045 4804 1110 4843 ne
1134 4800 1482 4858 peccatorum
1517 4805 1646 4845 suo-

95 4888 201 4927 rum
228 4878 431 4945 possint
458 4880 703 4935 invenire
734 4882 973 4954 perfugia
1009 4901 1021 4937 :
1055 4883 1156 4938 hoc
1200 4884 1342 4937 enim
1387 4894 1471 4937 est
1500 4884 1643 4953 quod

91 4963 257 5022 dicit:
290 4987 309 5021 ι
336 4968 408 5026 Ut
443 4986 605 5026 omne
649 4988 712 5029 os
760 4974 1096 5043 obstruatur,
1145 4983 1201 5030 et
1253 4974 1500 5029 subditus
1549 4975 1642 5029 ﬁat

94 5060 258 5114 omnis
320 5064 553 5119 mundus
606 5066 732 5120 Deo.
765 5085 785 5120 ι
822 5065 975 5132 Quod
1029 5066 1075 5121 si
1132 5065 1362 5121 velimus
1410 5066 1477 5120 de
1527 5066 1641 5135 lege

149 5203 193 5235 ”
223 5202 414 5271 Ephes.
456 5220 526 5260 vi.
567 5205 653 5259 12.
726 5206 769 5236 ⁹⁷
800 5204 954 5259 Rom.
993 5222 1108 5267 xm,
1141 5205 1195 5259 3.
1269 5205 1315 5238 ⁸⁸
1341 5204 1481 5259 Psal.
1505 5222 1638 5261 cxvn

1822 5204 1869 5240 ’9
1900 5202 2039 5258 Psal.
2071 5215 2160 5272 Ly,
2193 5198 2247 5255 5.
2287 5198 2520 5272 _‘7Psal.
2554 5214 2705 5272 xxvi,
2730 5200 2785 5256 5.

97 5269 487 5344 ξιξςςιιςχχχιιι,
528 5277 610 5331 10,
716 5276 738 5307 ⁸
772 5277 923 5330 Ιὶοιιι.
955 5293 1035 5339 ιιι,
1062 5278 1115 5331 9.
1189 5277 1210 5309 ⁸
1243 5277 1369 5329 ibid.
1408 5277 1495 5344 l9,
1536 5278 1626 5333 '20.

96 5342 116 5372 ⁹
144 5342 291 5401 Rom.
323 5349 519 5412 lll,19.
599 5352 642 5380 ¹⁰
670 5349 827 5402 Rom.
850 5363 945 5413 vn,
966 5348 1019 5402 9.
1100 5350 1139 5378 ¹¹
1162 5347 1302 5401 Psal.
1329 5362 1379 5409 ιη
1406 5346 1460 5401 6.

162 5463 265 5527 (ὄλ)
308 5462 441 5516 Hoc.
482 5463 535 5516 lu
574 5464 734 5516 editis
766 5462 1054 5516 omittitur.

184 5534 268 5603 56)
297 5535 403 5603 Al,
436 5554 453 5585 ι
480 5545 534 5587 ιιι
568 5536 649 5586 cui
681 5533 811 5586 nihil
834 5533 1003 5603 desit;
1033 5544 1091 5584 ut
1127 5531 1391 5601 Propheta
1419 5530 1586 5587 dicat.
1614 5550 1633 5583 ι

182 5602 268 5672 57)
306 5602 368 5672 Et
399 5607 541 5656 aliud
574 5606 624 5655 in
663 5604 788 5656 alio.
831 5602 952 5655 IIa‘c
999 5604 1323 5657 emittuntur
1359 5606 1411 5658 in
1454 5603 1637 5658 editis.

161 5670 268 5740 ('58)
302 5670 607 5742 PrOpterea.
638 5674 727 5728 Sir.
753 5690 882 5728 mss.
920 5674 1056 5727 Εὐιιὶ
1086 5716 1099 5739 ,
1134 5690 1152 5720 ι
1188 5672 1333 5741 quia.
1366 5693 1385 5724 ι

161 5742 268 5817 (59)
291 5745 402 5806 AL,
436 5764 453 5796 ι
485 5761 664 5797 coram
697 5743 823 5797 Deo.
855 5762 873 5796 ι

400 5840 665 5900 ΡΑτιιοιη
712 5838 829 5899 Gn.
877 5838 1045 5899 XIV.

1770 629 2042 698 quomodo
2100 640 2440 694 consequens
2492 625 2767 679 videbitur
2834 626 2977 696 quod
3043 640 3140 694 per
3192 628 3334 683 hanc

1773 724 1967 793 legem,
1994 737 2114 791 quae
2154 737 2315 776 uuam
2342 722 2712 776 tantummodo
2744 718 3007 775 institutis
3040 723 3156 775 suis
3200 736 3335 776 con-

1770 817 1933 886 tingit
1972 826 2210 887 gentem,
2243 831 2404 873 omne
2442 824 2503 872 o's
2541 815 2871 879 obstruetur,
2926 824 2980 868 et
3028 816 3206 869 omnis
3237 829 3336 885 per

1766 921 1887 964 eam
1923 910 2153 964 mundus
2200 907 2309 965 Deo
2362 917 2609 965 teneatur
2647 908 2955 963 obnoxius?
3003 907 3140 976 Quid
3184 910 3335 966 enim

1767 1014 2055 1056 commune
2080 1005 2146 1057 ad
2178 1003 2319 1059 hanc
2348 1003 2518 1073 legem
2549 1012 2736 1074 gentes
2767 1017 2976 1067 omnes,
3026 1003 3155 1072 quid
3188 1011 3334 1061 totus

1768 1094 1971 1149 habere
1994 1095 2227 1149 mundus
2251 1096 2557 1151 credendus
2585 1095 2715 1150 est?
2744 1094 3031 1162 Quomodo
3060 1104 3242 1152 autem
3275 1106 3334 1153 et

1765 1186 1970 1255 agnitio
2010 1188 2213 1256 peccati
2250 1200 2346 1254 per
2382 1186 2552 1257 legem
2589 1186 2757 1259 Moysi
2800 1188 2921 1242 ﬁeri
2956 1188 3177 1250 dicitur,
3208 1206 3331 1243 cum

1766 1279 2115 1334 inveniantur
2150 1279 2365 1346 plurimi
2408 1289 2465 1335 et
2494 1290 2619 1334 ante
2655 1295 2775 1335 eam
2815 1282 3107 1347 agnovisse
3133 1297 3333 1351 perca-

1767 1383 1879 1427 tum
1917 1373 2119 1427 suum?
2162 1372 2297 1428 Cain
2335 1373 2569 1443 denique
2615 1388 2737 1427 cum
2771 1383 3053 1442 peccasset
3090 1375 3164 1429 ita
3195 1376 3269 1428 ait
3315 1398 3327 1431 :

1768 1484 1787 1516 ι
1821 1464 1990 1533 Majus
2015 1475 2096 1520 est
2119 1474 2399 1535 peccatum
2426 1480 2628 1531 meum,
2647 1482 2809 1537 quam
2834 1475 2892 1520 ut
2919 1469 3228 1522 remittatur
3248 1468 3326 1522 ⁸.»

1762 1559 1873 1631 (41)
1899 1560 2002 1614 Sed
2021 1569 2076 1613 ct
2104 1558 2427 1628 patriarcha:
2448 1573 2569 1613 cum
2596 1560 2665 1614 ad
2694 1558 2896 1629 Joseph
2919 1548 3331 1616 descendissent

1760 1654 1813 1707 in
1843 1651 2162 1722 Egyptum,
2202 1652 2531 1707 etsimulata
2562 1652 2631 1707 ab
2672 1666 2738 1707 eo
2766 1651 3138 1709 confutatione
3172 1669 3332 1724 urge-

1760 1755 1969 1807 rentur,
1992 1745 2061 1797 ita
2089 1744 2155 1798 ad
2175 1744 2491 1800 alterutrum
2513 1745 2702 1799 dicunt
2723 1762 2736 1796 :
2756 1763 2774 1795 ι
2797 1743 2851 1798 In
2872 1744 3111 1815 peccatis
3138 1760 3329 1800 sumus

1761 1853 1857 1907 pro
1891 1838 2061 1893 fratre
2104 1849 2315 1903 nostro,
2350 1838 2474 1907 quia
2520 1838 2866 1908 despeximus
2914 1838 3325 1892 tribulationem

1761 1930 1875 1997 ejus
1908 1932 2101 1985 animte
2134 1946 2255 1983 cum
2282 1939 2501 2000 rogaret
2530 1944 2627 1984 nos
2651 1970 2667 1996 ,
2718 1939 2773 1984 et
2809 1945 2916 1985 non
2946 1930 3327 1985 exaudivimus

1759 2038 1878 2075 eum
1903 2041 1915 2077 :
1944 2032 2162 2091 propter
2184 2023 2287 2076 hoc
2309 2022 2455 2077 venit
2484 2037 2647 2090 super
2671 2037 2770 2076 nos
2797 2021 3077 2077 tribulatio
3100 2024 3218 2077 haec
3244 2022 3321 2077 ’.ι

1761 2115 1865 2170 Sed
1896 2123 1951 2169 et
1976 2112 2097 2177 Job,
2123 2129 2282 2184 quem
2329 2123 2459 2169 ante
2511 2114 2683 2185 legem
2743 2114 2912 2170 fuisse
2957 2123 3194 2181 constat,
3250 2115 3325 2170 ita

1756 2207 1889 2260 dicit
1915 2224 1928 2260 ε
1956 2224 1974 2256 ι
1998 2205 2151 2273 Quod
2174 2215 2227 2261 et
2256 2206 2300 2258 si
2331 2206 2547 2274 peccavi
2574 2205 2796 2269 invitus,
2828 2206 2873 2260 si
2904 2206 3171 2261 occultavi
3200 2220 3327 2274 pec-

1757 2307 1935 2352 catum
1966 2313 2170 2363 meum,
2190 2306 2285 2351 aut
2307 2297 2567 2353 confusus
2600 2313 2717 2353 sum
2748 2299 3096 2355 multitudine
3118 2301 3322 2370 populi,

1756 2390 2044 2461 quominus
2089 2390 2473 2443 annuntiarem
2530 2389 2787 2444 delictum
2846 2404 3024 2446 meum
3071 2391 3162 2444 ⁸.»
3219 2392 3324 2457 Qui

1755 2498 1945 2539 omnes
1998 2482 2282 2537 evidenter
2345 2484 2613 2536 docentur
2677 2484 2964 2552 agnovisse
3037 2497 3322 2553 peccaturo:

1755 2592 1933 2632 suum.
1967 2575 2042 2629 Ex
2084 2576 2170 2629 his
2214 2589 2345 2643 ergo
2399 2574 2677 2645 colligitur
2728 2573 2956 2630 Paulum
3019 2577 3321 2646 apostolum

1756 2683 1860 2724 non
1890 2669 1956 2724 de
1979 2667 2099 2738 lege
2130 2666 2297 2738 Moysi
2325 2668 2438 2722 haec
2470 2667 2675 2731 dicere,
2710 2685 2728 2720 ι
2752 2666 2891 2734 Quia
2918 2668 3003 2723 lex
3028 2668 3112 2723 his
3136 2668 3229 2738 qui
3267 2670 3323 2724 in

1754 2761 1869 2832 lege
1909 2770 2038 2817 sunt
2082 2760 2323 2829 loquitur
2359 2764 2447 2825 ⁸,»
2500 2760 2597 2815 sed
2650 2760 2716 2813 de
2766 2759 3001 2814 naturali
3049 2760 3171 2831 lege
3201 2776 3323 2830 quas

1752 2853 1957 2924 scripta
2000 2864 2083 2907 est
2124 2853 2178 2905 in
2212 2840 2473 2908 cordibus
2526 2851 2825 2907 hominum.
2882 2850 3009 2907 Haec
3056 2865 3187 2923 ergo
3231 2851 3322 2908 lex

1751 2959 2088 3015 quaecunque
2117 2944 2273 3010 dicit,
2305 2944 2390 2999 his
2419 2945 2511 3014 qui
2542 2945 2595 2999 in
2626 2943 2746 3013 lege
2767 2950 2893 3000 sunt
2926 2945 3078 3000 dicit.
3111 2944 3169 3000 In
3200 2946 3322 3017 lege

1753 3046 1930 3091 autem
1953 3048 2078 3091 sunt
2102 3036 2154 3089 hi
2173 3038 2263 3106 qui
2293 3037 2345 3091 id
2375 3037 2553 3093 atatis
2580 3047 2769 3108 agunt,
2799 3053 2907 3108 quo
2931 3037 3320 3094 discretionem

1753 3130 1878 3185 boni
1918 3129 2154 3199 malique
2179 3129 2290 3196 jam
2326 3129 2569 3200 capiant.
2608 3129 2738 3185 Sine
2763 3130 2883 3201 lege
2912 3144 3043 3186 vero
3084 3130 3159 3185 illi
3191 3141 3322 3187 sunt

1755 3221 1949 3292 quibus
1970 3222 2204 3276 nondum
2236 3222 2543 3290 hujusmodi
2569 3222 2917 3278 discretionis
2938 3237 3131 3278 sensus
3150 3223 3319 3278 adve-

1753 3314 1869 3379 nit,
1906 3313 2199 3368 secundum
2240 3314 2382 3382 quod
2411 3323 2467 3367 et
2498 3312 2696 3370 Paulus
2727 3314 2858 3370 dicit
2884 3332 2900 3370 :
2922 3333 2944 3367 ι
2978 3314 3090 3385 Ego
3137 3325 3317 3370 autem

1750 3407 2003 3462 vivebam
2032 3406 2152 3461 sine
2180 3405 2297 3476 lege
2328 3406 2622 3476 aliquando
2650 3406 2717 3460 ⁸ο.
2744 3424 2763 3458 ι
2816 3407 3126 3463 Secundum
3175 3409 3319 3463 hanc

1750 3512 1881 3568 ergo
1942 3498 2114 3567 legem
2174 3499 2478 3553 naturalem
2552 3510 2957 3570 consequenter
3018 3502 3314 3573 Apostolus

1750 3594 1955 3647 dixisse
1998 3580 2269 3646 videbitur
2312 3592 2426 3663 (42)
2456 3607 2617 3648 omne
2675 3607 2739 3649 os
2785 3594 3200 3660 obstruendum,
3258 3605 3318 3649 et

1750 3700 1965 3740 omnem
2008 3684 2265 3738 mundum
2312 3684 2608 3739 obnoxium
2657 3685 2750 3739 Dei
2794 3684 2998 3755 judicio
3050 3682 3314 3740 futurum.

1753 3776 1922 3846 Hujus
1952 3777 2099 3833 enim
2127 3777 2261 3846 legis
2300 3792 2421 3847 qua:
2447 3775 2789 3832 'naturaliter
2815 3776 3124 3832 hominibus
3152 3777 3317 3841 inest,

1752 3870 1929 3926 nullus
1958 3877 2041 3924 est
2070 3884 2285 3938 expers,
2317 3884 2490 3940 neque
2520 3867 2830 3925 Judaeorum
2856 3911 2872 3937 ,
2910 3884 3090 3939 neque
3131 3871 3313 3939 genti-

1750 3963 1882 4018 lium
1918 3982 1932 4015 :
1966 3971 2022 4016 et
2068 3963 2188 4017 ideo
2220 3970 2621 4031 consequenter
2654 3962 2858 4017 dictum
2907 3962 3124 4017 videtur
3148 3962 3313 4018 etiam

1751 4053 1903 4121 illud,
1942 4055 2086 4121 quod
2109 4052 2446 4120 iustiﬁcetur
2476 4052 2620 4108 Deus
2650 4053 2705 4106 in
2736 4052 2918 4109 verbis
2939 4053 3074 4118 suis,
3102 4062 3161 4109 et
3188 4055 3313 4107 vin-

1748 4158 1838 4204 cat
1861 4164 1986 4204 cum
2025 4145 2300 4212 iudicatur
2329 4146 2394 4201 εί.
2448 4145 2520 4202 Ut
2547 4146 2697 4200 verbi
2741 4159 2905 4201 causa
2937 4146 3229 4202 dicamus:
3265 4148 3313 4203 si

1750 4239 2059 4309 requiratur
2099 4238 2226 4307 quid
2290 4236 2433 4292 Deus
2478 4236 2687 4291 homini
2733 4238 3057 4305 contulerit,
3092 4248 3149 4293 et
3182 4238 3314 4306 quid

1751 4335 1910 4389 homo
1935 4348 2002 4387 ex
2037 4331 2121 4385 his
2159 4344 2278 4399 qua:
2314 4345 2343 4383 a
2379 4329 2488 4384 Deo
2514 4330 2724 4399 accepit
2756 4339 3014 4399 operatus
3040 4331 3133 4396 sit,
3160 4330 3311 4399 judi-

1749 4424 1861 4481 cari
1896 4438 2020 4479 cum
2049 4420 2360 4477 hominibus
2391 4418 2531 4474 Deus
2556 4418 2829 4475 videbitur
2855 4434 2871 4471 :
2908 4428 2966 4476 et
3004 4420 3315 4476 invenietur

1747 4517 1962 4588 quidem
2013 4512 2158 4570 Deus
2204 4512 2418 4568 dedisse
2447 4511 2649 4566 homini
2696 4526 2884 4568 omnes
2914 4509 3161 4576 allectus,
3194 4528 3313 4568 om-

1747 4622 1952 4677 nesque
1977 4614 2156 4661 motus
2184 4606 2382 4675 quibus
2409 4603 2477 4659 ad
2508 4602 2762 4658 virtutem
2786 4602 2885 4657 niti
2913 4605 3083 4672 possit
3107 4613 3164 4659 et
3187 4619 3314 4674 pro-

1746 4700 1895 4771 gredi
1928 4717 1943 4754 :
1974 4700 2195 4768 insuper
2239 4697 2404 4752 etiam
2433 4697 2541 4750 vim
2573 4695 2801 4750 rationis
2833 4695 3129 4752 inseruisse
3152 4737 3169 4763 ,
3202 4712 3311 4767 qua

1746 4801 2067 4863 agnosceret
2105 4790 2236 4861 quid
2276 4790 2499 4847 deberet
2539 4802 2721 4860 agere,
2750 4788 2881 4859 quid
2909 4803 3124 4845 cavere.
3185 4789 3312 4848 Haec

1744 4900 1876 4955 ergo
1905 4884 2177 4938 invenitur
2210 4881 2349 4937 Deus
2381 4880 2742 4937 communiter
2779 4880 3031 4936 omnibus
3074 4881 3311 4937 homini-

1747 4978 1849 5033 bus
1867 4976 2203 5048 prrestitisse.
2239 4975 2343 5029 Sed
2374 4975 2418 5029 si
2441 4975 2526 5027 his
2557 4973 2792 5043 acceptis
2822 4974 2985 5028 homo
3011 4976 3311 5044 neglexerit

1748 5070 1853 5124 iter
1890 5068 2107 5123 virtutis
2139 5067 2422 5131 incedere,
2484 5065 2571 5119 cui
2628 5080 2696 5119 ex
2761 5063 2869 5121 Deo
2929 5064 3062 5120 nihil
3112 5067 3305 5129 defuit,

2870 5202 2890 5231 ¹
2915 5198 3037 5255 lsai.
3067 5216 3141 5261 ιι,
3171 5200 3221 5261 1.
3249 5198 3304 5257 3.

1749 5280 1770 5310 ‘
1797 5276 1939 5332 Gen.
1961 5288 2034 5336 tv,
2064 5270 2151 5324 15.
2286 5269 2306 5298 "
2332 5271 2467 5325 Gen.
2495 5287 2624 5334 xui,
2650 5269 2744 5334 21,
2857 5272 2878 5301 ⁸
2908 5270 3008 5326 Job
3036 5286 3183 5334 xxxi,
3212 5270 3305 5327 55.

1815 5456 1928 5525 (40)
1954 5456 2088 5511 Vide
2121 5452 2499 5511 Praefationem
2555 5454 2824 5525 Origenis.

1814 5522 1927 5601 (4i)
1961 5529 2051 5601 Sic
2087 5542 2216 5601 mss.
2254 5528 2366 5582 fere
2412 5540 2622 5580 uumes.
2655 5522 2906 5592 Quidam
2955 5536 3076 5577 cum
3116 5522 3300 5589 editis,

1748 5618 1767 5649 ‹
1801 5598 1998 5652 remitti
2029 5598 2212 5666 possit.
2241 5617 2259 5647 ι

1813 5668 1923 5743 (ιὲ)
1953 5668 2059 5734 AL,
2101 5687 2118 5719 ι
2148 5668 2444 5722 videbatur.
2479 5684 2496 5715 ι

2952 5824 3032 5883 30
