3684 6148
407 291 510 346 939

1858 289 1978 344 0RD

2084 289 2179 344 iis
3502 295 3574 352 9W

386 411 680 466 invenitur
712 410 824 477 ipsc
849 406 1086 463 defuisse
1115 407 1180 462 iis
1211 421 1330 478 quae
1355 423 1383 463 a
1414 409 1527 466 Deo
1555 411 1676 468 data
1703 422 1830 466 sunt
1860 413 1984 466 sibi.
2020 420 2062 474 Α
2094 414 2354 467 immdum
2383 413 2458 466 ita
2490 422 2738 468 terrenus
2774 412 2863 468 hic
2896 409 3095 467 debere
3117 411 3345 482 intelligi
3369 412 3512 479 locus,
3540 434 3575 473 ut

404 504 599 560 Merito
639 517 771 572 ergo
814 502 1013 556 dicitur
1064 503 1116 556 in
1148 501 1239 555 tali
1270 501 1480 570 judicio
1512 503 1652 559 Deus
1679 504 1898 559 vincere
1921 513 1978 559 et

399 596 687 667 justiﬁcari
727 595 779 648 in
829 593 1010 649 verbis
1031 595 1165 650 suis.
1219 595 1346 648 llarc
1397 609 1527 664 ergo
1572 595 1661 650 lex
1714 596 1978 651 naturalis

403 689 649 759 loquitur
677 686 932 742 omnibus
980 687 1074 756 qui
1122 686 1174 739 in
1206 685 1321 754 lege
1357 696 1482 739 sunt
1511 703 1523 738 :
1561 703 1628 741 ex
1663 687 1813 756 cujus
1835 701 1976 756 pra:-

403 784 578 852 ceptis
625 781 725 837 soli
771 782 906 836 mihi
942 781 1212 835 immunes
1250 777 1364 831 fieri
1414 779 1664 834 videntur
1713 779 1976 843 infantes,

401 875 598 945 quibus
627 875 868 936 nOlldlllll
899 875 1042 928 inest
1071 873 1225 942 pravi
1257 871 1502 940 rectique
1531 872 1821 941 judicium.
1871 873 1977 927 Sed

401 967 490 1022 his
535 966 581 1021 si
627 967 793 1020 etiam
845 965 918 1020 illi
951 964 1190 1020 sociandi
1243 961 1355 1015 sint
1393 961 1488 1030 qui
1540 978 1862 1032 quacunque
1910 977 1979 1018 ex

401 1075 567 1115 causa
599 1059 832 1128 impotes
862 1065 994 1111 sunt
1028 1056 1143 1128 (45)
1192 1058 1414 1123 mentis,
1467 1056 1667 1112 videto.
1723 1054 1980 1124 Exceptis

399 1167 532 1209 vero
583 1152 672 1206 bis
725 1151 901 1206 nullus
947 1151 1231 1206 hominum
1296 1152 1427 1207 mihi
1483 1148 1720 1220 effugere
1764 1149 1980 1204 videtur

402 1248 543 1302 hanc
586 1246 782 1315 legem.
824 1245 1290 1302 Considerandum
1333 1255 1418 1301 est
1470 1254 1653 1299 autem
1708 1258 1778 1298 ne
1836 1241 1978 1302 forte

401 1352 510 1391 non
562 1337 738 1391 solum
795 1335 1064 1400 homines,
1119 1335 1213 1389 sed
1265 1345 1321 1390 et
1359 1333 1594 1405 angelos,
1639 1341 1692 1387 et
1736 1347 1975 1394 omnem,

399 1439 737 1497 quaecunque
799 1425 890 1480 illa
941 1435 1056 1488 est,
1101 1426 1482 1480 rationabilem
1538 1431 1852 1477 creaturam
1893 1419 1978 1474 lex

401 1521 505 1576 ista
535 1519 894 1590 constringat.
923 1517 980 1574 Si
1010 1518 1154 1573 enim
1189 1526 1336 1574 recte
1365 1535 1395 1572 a
1427 1516 1761 1586 sapientibus
1785 1513 1979 1570 delini-

402 1625 517 1670 tum
541 1622 650 1678 est,
674 1611 845 1684 legem
874 1625 995 1666 esse
1022 1625 1142 1680 quae
1159 1611 1274 1681 (Η)
1296 1611 1462 1665 dictet
1490 1611 1630 1680 quod
1650 1608 1734 1680 agi
1762 1608 1975 1670 debeat,

397 1707 612 1778 etquod
634 1706 718 1777 agi
740 1720 844 1760 non
861 1705 1057 1760 debeat
1074 1714 1238 1768 vetet,
1254 1702 1526 1773 quomodo
1545 1718 1649 1758 non
1669 1699 1974 1770 bujusmodi

398 1804 490 1860 lex
529 1801 696 1858 etiam
733 1798 986 1870 supernis
1021 1807 1076 1852 et
1119 1795 1434 1853 caelestibus
1461 1795 1742 1851 ordinibus
1768 1795 1972 1849 inserta
2003 1779 2044 1834 Β

397 1895 711 1960 videbitur;
745 1893 945 1961 quibus
992 1890 1184 1958 utique
1226 1898 1281 1942 et
1321 1887 1651 1942 observandi
1694 1885 1974 1956 quiddam,

400 1987 566 2059 510
604 1994 662 2040 et
693 1984 948 2053 quiddam
986 1980 1216 2037 cavendi
1265 1979 1553 2048 disciplina
1585 1977 1718 2032 est?
1756 1976 1824 2030 Et
1874 1975 1974 2031 nisi

402 2082 504 2135 hac
534 2081 648 2149 lege
695 2084 1033 2138 tenerentur,
1068 2086 1346 2142 nunquam
1380 2072 1450 2125 de
1475 2071 1556 2125 eis
1586 2070 1795 2124 diceret
1829 2068 1979 2123 Scri-

403 2180 564 2242 ptura
601 2169 825 2223 divina:
860 2183 878 2218 ‹
904 2165 1137 2235 Angelos
1176 2179 1415 2234 qucque,
1458 2163 1550 2232 qui
1583 2177 1690 2217 non
1723 2174 1979 2216 servave-

402 2273 528 2318 runt
551 2262 912 2332 principatum
929 2273 1114 2323 suum,
1139 2256 1234 2312 sed
1263 2255 1672 2324 dereliquerunt
1697 2252 1978 2322 proprium

403 2355 782 2420 domicilium,
811 2351 955 2408 Deus
985 2349 1336 2418 adjudicium
1369 2347 1553 2416 magni
1601 2345 1709 2401 diei
1759 2344 1980 2400 aeternis

398 2447 639 2504 vinculis
699 2445 751 2501 in
811 2453 1021 2499 tartaro
1058 2439 1172 2514 (45)
1217 2441 1542 2496 constrictos
1601 2437 1700 2492 sub
1748 2435 1980 2506 caligine

402 2538 710 2596 reservavit
778 2538 846 2594 “.
881 2555 900 2589 ι
950 2534 1105 2591 Unde
1155 2539 1373 2589 constat
1424 2531 1599 2585 inesse
1646 2527 1727 2583 eis
1771 2527 1978 2597 legem;

399 2647 510 2703 qua
542 2645 648 2686 non
684 2628 972 2684 observata
1015 2624 1161 2696 passi
1206 2630 1336 2678 sunt
1384 2621 1499 2676 bare
1557 2634 1678 2690 qua:
1728 2618 1980 2688 superius

401 2724 688 2793 Scriptura
721 2730 922 2777 testata
961 2729 1064 2775 est.
1127 2717 1234 2772 Sed
1285 2724 1341 2771 et
1382 2713 1582 2770 Paulus
1627 2727 1748 2768 cum
1800 2710 1978 2764 dicit:

407 2837 427 2872 ι
461 2819 542 2872 An
588 2814 702 2888 (46)
731 2813 950 2870 nescitis
1003 2811 1131 2882 quia
1179 2805 1795 2880 angelosjudicabimus
1847 2802 1976 2856 ιη»

399 2913 534 2986 quid
566 2911 711 2964 aliud
747 2908 847 2962 nisi
887 2907 986 2961 sub
1031 2904 1151 2974 lege
1181 2903 1422 2956 scitesse
1453 2899 1662 2970 positos
1707 2912 1802 2953 eus
1845 2910 1982 2966 quos

403 3006 720 3078 pronuntiat
763 3003 830 3056 ad
866 2999 1130 3068 judicium
1174 2993 1554 3051 deducendos?
1606 2992 1714 3046 Sed
1771 2990 1815 3046 si
1861 2989 1983 3059 quis

403 3101 562 3158 nobis
607 3103 862 3153 occurrat
915 3107 980 3146 ex
1017 3105 1082 3145 eo
1111 3088 1256 3158 quod
1296 3102 1463 3157 supra
1523 3085 1759 3140 diximus
1812 3081 1980 3136 Deum

399 3206 526 3250 esse
549 3204 674 3246 cum
697 3184 1010 3242 hominibus
1031 3179 1412 3251 iudicandum,
1432 3176 1587 3247 quasi
1613 3177 1775 3230 etiam
1802 3175 1978 3244 ipsum

402 3285 588 3340 dicere
618 3280 898 3337 videamur
921 3289 1043 3331 esse
1069 3274 1169 3329 sub
1208 3272 1348 3342 lege,
1377 3270 1502 3325 audi
1543 3278 1746 3338 quanta
1776 3266 1844 3322 de
1878 3269 1980 3321 hoc

402 3374 616 3434 cautela
655 3374 708 3428 in
743 3368 988 3441 Apostoli
1013 3365 1237 3421 Litteris
1263 3362 1560 3427 invenitur,
1589 3360 1680 3429 qui
1702 3359 1978 3413 Christum

405 3482 514 3523 non
545 3467 600 3520 in
633 3464 753 3533 lege
776 3475 920 3528 esse,
952 3460 1047 3515 sed
1079 3455 1473 3527 plenitudinem
1505 3469 1626 3508 esse
1671 3452 1803 3520 legis
1829 3464 1980 3505 com-

406 3565 678 3614 memorat
712 3566 808 3609 :et
845 3553 987 3608 sicut
1021 3551 1140 3618 ipse
1171 3556 1252 3603 est
1277 3545 1490 3614 justitia
1539 3559 1606 3598 ex
1647 3558 1750 3612 qua
1788 3554 1978 3597 omnes

399 3649 534 3721 justi
567 3630 806 3712 fiunt,'et
835 3644 950 3714 ipse
973 3650 1056 3696 est
1077 3642 1278 3695 veritas
1316 3653 1384 3692 ex
1410 3651 1517 3706 qua
1547 3650 1734 3690 omnes
1767 3635 1820 3688 in
1845 3633 1982 3688 veri-

408 3752 518 3797 tate
555 3739 882 3798 consistunt.
900 3746 954 3791 et
978 3737 1091 3800 ipse
1112 3743 1197 3789 est
1215 3733 1324 3786 vita
1351 3745 1418 3784 ex
1439 3744 1544 3800 qua
1561 3741 1750 3782 omnes
1771 3727 1979 3790 vivunt,

406 3837 482 3890 ita
509 3844 564 3888 et
591 3834 707 3903 ipse
733 3838 819 3886 est
849 3829 959 3896 lex,
991 3843 1061 3882 ex
1090 3839 1198 3896 qua
1225 3836 1414 3880 omnes
1447 3823 1499 3876 in
1528 3821 1646 3891 lege
1677 3827 1826 3874 sunt.
1880 3815 1982 3873 Ve-

407 3928 488 3981 nit
514 3939 642 3994 ergo
681 3923 749 3978 ad
775 3921 1063 3994 judicium,
1097 3932 1202 3972 non
1241 3923 1496 3985 tanquam
1530 3913 1622 3981 qui
1656 3911 1712 3965 in
1739 3911 1856 3979 lege
1888 3909 1982 3976 sit,

407 4019 501 4074 sed
535 4027 796 4086 tanquam
822 4013 912 4084 qui
941 4013 1028 4066 lex
1064 4011 1155 4066 sit.
1194 4007 1308 4078 Ego
1346 4015 1524 4060 autem
1559 4011 1688 4073 puto
1735 4002 1880 4071 quod
1924 4000 1981 4055 hi

406 4112 496 4182 qui
531 4114 646 4177 jam
675 4107 901 4178 perfecti
941 4113 1094 4167 sunt,
1136 4111 1193 4158 et
1239 4099 1465 4155 Domino
1509 4094 1786 4164 conjuncti
1842 4107 1981 4148 unus

405 4202 632 4272 spiritus
658 4213 780 4254 cum
807 4198 927 4267 ipso
956 4193 1130 4249 elfecti
1173 4201 1302 4249 sunt
1345 4190 1411 4255 “,
1463 4204 1563 4244 nec
1615 4187 1714 4258 ipsi
1761 4187 1813 4240 in
1864 4185 1982 4255 lege

404 4299 551 4356 sunt,
589 4290 686 4346 sed
720 4287 891 4358 magis
921 4284 1021 4356 ipsi
1056 4291 1183 4338 sunt
1211 4283 1314 4344 lex,
1373 4282 1518 4336 sicut
1557 4287 1614 4332 et
1663 4276 1792 4330 alibi
1834 4275 1978 4329 idem

407 4383 706 4454 Apostolus
733 4381 866 4436 dicit
897 4398 912 4433 :
947 4376 1277 4444 «Quiajusto
1304 4375 1391 4429 lex
1417 4388 1526 4426 non
1561 4381 1645 4425 est
1666 4369 1840 4440 posita
1863 4371 1928 4422 ¹⁵.
1953 4387 1972 4420 ι

2087 516 2142 560 et
2171 506 2417 572 arbores,
2451 515 2508 560 et
2549 505 2774 575 lapides,
2825 515 2879 560 et
2928 505 3142 569 herbze,
3195 519 3260 559 ac
3314 505 3505 569 semina,
3543 523 3576 565 et

2088 597 2252 664 palea:
2300 612 2420 666 qua:
2461 597 2514 651 in
2561 596 2679 664 ipso
2723 603 2872 662 sunt,
2905 595 3112 662 pariter
3173 595 3446 650 nominata:
3481 601 3575 653 sint!

2087 688 2276 744 Partes
2315 691 2458 744 enim
2484 689 2672 743 mundi
2699 689 2820 744 haec
2845 703 2966 744 esse
2995 687 3208 758 singula
3232 687 3476 743 videnlur.
3501 690 3574 746 Non

2085 784 2325 838 arbitror
2366 783 2438 837 ita
2484 783 2792 852 quempiam
2835 783 3077 851 ineptum
3115 781 3390 847 inveniri,
3430 792 3479 835 ut
3506 783 3578 837 hac

2085 875 2256 944 possit
2291 890 2563 929 asserere.
2595 875 2789 929 Restat
2819 875 2982 944 igitur
3027 884 3086 928 ut
3130 887 3351 928 omnem
3392 876 3578 928 mundun

2085 980 2247 1020 omne
2291 965 2558 1020 rationale
2585 964 2788 1018 animal
2819 964 2964 1020 dicat
3000 984 3012 1017 :
3044 972 3098 1017 et
3131 964 3281 1018 sicut
3328 979 3469 1018 omne
3490 967 3581 1032 quod

2088 1057 2404 1111 irrationale
2435 1065 2545 1120 est,
2581 1055 2853 1126 excipitur
2908 1057 2976 1110 ab
3009 1058 3112 1110 hoc
3151 1063 3352 1120 sensu,
3393 1055 3455 1110 ita
3488 1056 3581 1110 nulla

2088 1148 2218 1203 mihi
2255 1148 2466 1202 videtur
2504 1149 2571 1202 ab
2602 1148 2706 1202 hac
2730 1146 3043 1202 conditione
3071 1145 3362 1201 rationalis
3399 1156 3583 1199 creatura

2087 1243 2322 1297 secerni.
2362 1241 2554 1298 Omnis
2597 1256 2731 1309 ergo
2763 1239 2997 1295 mundus
3029 1237 3306 1294 obnoxius
3341 1235 3398 1292 ﬁt
3423 1236 3509 1291 Deo
3527 1253 3587 1306 per

2087 1336 2189 1390 hoc
2223 1336 2366 1405 quod
2411 1335 2584 1405 legem
2626 1333 2933 1388 naturalem
2983 1334 3221 1389 inseruit
3261 1330 3589 1388 omnibuszde

2085 1429 2282 1497 quibus
2305 1437 2360 1483 et
2391 1428 2444 1482 in
2481 1428 2588 1482 alio
2615 1427 2734 1482 loco
2766 1427 2924 1492 dicit,
2971 1429 3098 1497 quia
3136 1444 3155 1478 ι
3181 1426 3237 1480 in
3276 1426 3477 1480 nomine
3506 1424 3587 1482 Jesu

2083 1543 2246 1583 omne
2279 1542 2420 1598 genu
2450 1525 2702 1581 ﬂectetur
2731 1523 2844 1593 (48)
2874 1523 3180 1580 ccelestium
3202 1561 3217 1581 .
3248 1523 3590 1578 lerrestriumct

2086 1618 2422 1674 infernorum
2448 1619 2514 1673 ¹⁷.
2547 1637 2566 1670 ι
2607 1617 2762 1684 Quod
2787 1616 2976 1685 utique
3017 1616 3061 1670 si
3112 1615 3321 1679 faciat,
3366 1613 3592 1683 complesse

2082 1708 2356 1765 videbitur
2380 1708 2586 1779 legem;
2619 1707 2665 1762 si
2700 1721 2806 1761 non
2839 1705 3028 1772 faciat,
3070 1720 3197 1761 esse
3230 1705 3477 1759 obnoxius
3495 1704 3591 1778 legi:

2082 1818 2176 1874 per
2203 1801 2378 1872 legem
2406 1811 2588 1855 autem
2618 1808 3014 1869 consequenter
3043 1808 3100 1854 et
3130 1798 3269 1858 Deo.
3317 1797 3374 1857 Si
3409 1803 3481 1857 cui
3507 1819 3592 1855 vero

2080 1895 2146 1948 de
2169 1893 2302 1948 solis
2331 1892 2644 1948 hominibus
2678 1892 2780 1946 hoc
2827 1889 3108 1946 videbitur
3141 1893 3385 1958 dictum,
3423 1896 3537 1964 quod
3561 1907 3594 1947 et

2081 1983 2256 2054 legem
2317 1983 2624 2038 naturalem
2668 1983 2800 2052 ipsis
2835 1984 3014 2039 inesse
3043 1984 3276 2051 dixerit,
3323 1995 3378 2040 et
3419 1986 3474 2040 de
3508 1987 3593 2039 solis

2080 2077 2213 2148 ipsis
2242 2078 2504 2146 scriptum
2532 2076 2770 2146 accipiat
2799 2076 2916 2147 (49)
2949 2095 2962 2130 :
3004 2077 3110 2133 «Ut
3131 2093 3303 2132 omne
3332 2093 3390 2134 os
3411 2079 3592 2133 obstrua-

2081 2180 2193 2236 tur,
2221 2179 2278 2225 et
2313 2168 2586 2224 obnoxius
2618 2167 2712 2222 fiat
2755 2170 2935 2223 omnis
2967 2171 3205 2224 mundus
3239 2168 3351 2226 Deo
3382 2171 3440 2234 ",
3461 2190 3477 2223 ι
3518 2183 3592 2225 ute-

2082 2267 2170 2311 tur
2200 2256 2312 2326 (50)
2338 2255 2627 2310 occasione
2650 2257 3032 2326 subsequentis
3051 2259 3346 2323 sermonis,
3367 2275 3466 2330 quo
3482 2261 3592 2314 dicit:

2084 2348 2254 2415 «Quia
2296 2363 2366 2403 ex
2391 2347 2652 2419 operibus
2699 2347 2837 2418 legis
2890 2364 3000 2404 non
3043 2348 3436 2417 justilicabitur
3474 2353 3595 2406 onis

2081 2457 2210 2498 caro
2256 2442 2323 2496 ¹⁹.
2355 2461 2377 2495 ι
2433 2442 2588 2510 Quod
2637 2443 2832 2512 utique
2881 2444 3087 2498 dictum
3142 2444 3415 2501 videbitur
3454 2447 3508 2499 de
3545 2446 3596 2499 his

2085 2543 2290 2590 tantum
2315 2535 2410 2605 qui
2452 2535 2507 2589 in
2532 2548 2699 2589 carne
2734 2542 2858 2590 sunt
2887 2535 3070 2604 positi.
3105 2533 3219 2590 Sed
3290 2536 3380 2606 qui
3418 2537 3593 2605 priorem

2082 2643 2304 2686 sensum
2339 2628 2511 2696 magis
2550 2636 2737 2682 tenere
2764 2625 2980 2693 volunt,
3025 2627 3400 2682 observabunt
3425 2627 3595 2695 diligen-

2085 2722 2191 2776 tius
2237 2719 2514 2792 quomodo
2566 2719 2860 2789 Apostolus
2885 2718 3092 2775 dixerit
3130 2735 3202 2775 ex
3244 2719 3485 2791 operibus
3506 2719 3596 2787 legis

2084 2828 2190 2867 non
2221 2811 2513 2880 justificari
2541 2826 2759 2866 omnem
2806 2811 2923 2882 (51)
2969 2826 3195 2867 carnem
3230 2829 3246 2866 :
3279 2812 3404 2881 quia
3444 2812 3498 2865 ad
3537 2827 3598 2862 f'uS

2083 2905 2176 2973 qui
2211 2907 2263 2958 in
2294 2919 2460 2958 carne
2487 2913 2617 2958 sunt
2643 2917 2808 2972 Opera
2835 2904 2970 2974 legis
2999 2913 3256 2973 Spectant
3282 2921 3297 2969 ;
3331 2903 3394 2957 ad
3419 2915 3498 2957 eos
3514 2917 3597 2954 vero

2083 2997 2255 3066 quiin
2290 2996 2489 3066 Spiritu
2519 3005 2669 3062 sunt,
2700 2997 2752 3050 id
2809 3005 2892 3050 est
2931 2997 3250 3064 superiores
3295 2996 3494 3050 ordines
3524 3008 3597 3047 coa-

2084 3089 2300 3143 lestium
2335 3088 2787 3153 ministeriorum,
2820 3102 3013 3142 sensus
3043 3089 3285 3157 pertinet
3312 3087 3454 3158 legis.
3503 3105 3518 3136 σ
3549 3085 3596 3137 Et

2083 3183 2342 3253 operibus
2370 3200 2388 3232 ι
2430 3181 2600 3251 igitur
2630 3199 2647 3232 ε
2693 3182 2826 3252 legis
2855 3200 2875 3232 ο
2917 3180 3057 3251 quod
3087 3197 3108 3233 ι
3139 3196 3251 3236 non
3279 3180 3599 3252 justificabitur

2081 3279 2257 3330 omnis
2285 3289 2415 3330 caro
2443 3275 2496 3329 in
2539 3284 2829 3344 conspectu
2858 3273 2998 3342 ejus,
3034 3293 3050 3325 ι
3089 3275 3196 3328 hoc
3244 3275 3405 3329 modo
3447 3270 3593 3326 intelli-

2083 3369 2316 3438 gendum
2350 3380 2480 3438 puto
2509 3385 2522 3421 :
2556 3369 2683 3438 quia
2711 3367 2886 3422 omnis
2919 3367 3008 3435 qui
3041 3380 3173 3421 caro
3208 3376 3333 3432 est,
3380 3376 3430 3421 et
3454 3378 3595 3419 secun-

2083 3463 2210 3516 durn
2263 3476 2484 3516 carnem
2513 3461 2670 3524 vivit,
2719 3474 2826 3514 non
2864 3469 3046 3529 potest
3086 3459 3384 3529 justificari
3433 3473 3489 3511 ex
3521 3455 3598 3522 lege

2085 3553 2203 3619 Dei,
2233 3553 2376 3607 sicut
2401 3562 2458 3607 et
2482 3552 2613 3608 alibi
2658 3551 2792 3606 dicit
2830 3551 2972 3606 idem
3000 3551 3325 3622 Apostolus,
3355 3551 3470 3620 quia
3499 3568 3513 3600 ι
3538 3549 3598 3617 qui

2087 3645 2139 3698 in
2169 3659 2337 3699 carne
2374 3653 2500 3699 sunt
2530 3684 2545 3710 ,
2579 3643 2690 3699 Deo
2719 3645 2936 3714 placere
2966 3659 3072 3699 non
3107 3643 3408 3713 possunt‘"
3429 3659 3478 3709 ;›
3510 3640 3598 3693 item

2086 3736 2211 3791 alibi
2240 3755 2252 3790 :
2300 3755 2318 3788 ‹
2350 3736 2486 3803 Quia
2517 3737 2784 3804 sapientia
2817 3737 3003 3792 carnis
3027 3737 3254 3791 inimica
3284 3745 3368 3791 est
3392 3737 3504 3799 Deo,
3528 3732 3599 3798 legi

2085 3830 2228 3884 enim
2272 3829 2364 3883 Dei
2399 3844 2502 3883 non
2551 3839 2635 3884 est
2676 3830 2924 3898 subjecta
2958 3844 3097 3884 :nec
3133 3831 3281 3884 enim
3321 3836 3484 3898 potest
3501 3826 3597 3887 ἰς’

2085 3932 2140 3975 et
2169 3921 2427 3990 propheta
2457 3921 2587 3975 dicit
2618 3937 2634 3975 :
2665 3939 2685 3974 α
2714 3921 2906 3977 Omnis
2941 3935 3073 3975 caro
3101 3921 3289 3975 fenum
3321 3922 3405 3986 ²¹;
3437 3937 3453 3970 ι
3495 3924 3536 3969 et
3565 3918 3599 3965 in

2085 4011 2380 4082 Evangelio
2410 4013 2671 4081 scriptum
2705 4023 2820 4068 est:
2860 4032 2879 4065 ι
2904 4012 3148 4082 Spiritus
3170 4023 3258 4068 est
3275 4010 3597 4084 quivivificat;

2085 4121 2214 4160 caro
2259 4114 2438 4159 autem
2475 4103 2591 4176 (52)
2627 4119 2733 4159 non
2782 4105 3004 4175 prodest
3055 4104 3358 4176 quidquam
3409 4103 3469 4156 ⁸³.
3497 4121 3514 4154 ι
3549 4100 3599 4153 De

2087 4198 2172 4252 his
2206 4212 2336 4267 ergo
2366 4197 2520 4261 dicit,
2549 4198 2674 4267 quia
2704 4211 2771 4252 ex
2805 4197 2923 4266 lege
2957 4196 3053 4251 Dei
3095 4215 3115 4248 ε
3148 4211 3256 4250 non
3279 4193 3600 4264 justiﬁcabitur

2084 4290 2261 4345 omnis
2286 4303 2413 4344 caro
2441 4304 2623 4344 coram
2668 4290 2801 4358 ipso.
2839 4308 2858 4341 ι
2905 4289 3008 4344 Sed
3041 4297 3094 4345 et
3127 4290 3231 4344 hoc
3265 4289 3405 4359 quod
3435 4286 3595 4340 addidit

2093 4396 2302 4436 «coram
2359 4381 2530 4450 ipson
2595 4397 2700 4435 non
2753 4384 2932 4435 otiose
2982 4388 3294 4450 praetereat,
3361 4379 3488 4434 sicut
3520 4377 3598 4445 jan:

405 4477 483 4529 lta
517 4489 532 4526 :
563 4491 581 4524 ι
607 4473 955 4541 Quaecunque
983 4469 1067 4523 lex
1108 4467 1347 4536 loquitur
1377 4463 1445 4517 iis
1476 4461 1568 4531 qui
1612 4461 1666 4514 in
1706 4459 1824 4528 lege
1855 4469 1978 4514 sunt

2086 4473 2431 4542 frequentius
2471 4472 2874 4536 admonuimus,
2905 4473 3032 4541 quia
3058 4471 3203 4526 aliud
3232 4480 3316 4527 est
3341 4484 3504 4526 coram
3525 4468 3599 4520 Deo

405 4566 680 4636 ιοίιυίιυτ,
717 4573 776 4618 ιιι
803 4575 964 4618 omne
1018 4574 1081 4614 οε
1136 4559 1478 4616 “suum”,
1507 4568 1526 4602 ³
1575 4549 1868 4604 secundum
1912 4563 1978 4601 ⁸³
2012 4549 2046 4554 -
2078 4564 2370 4634 justificari
2398 4604 2414 4630 ,
2466 4565 2612 4619 aliud
2661 4579 2841 4619 coram
2886 4564 3198 4618 hominibus
3235 4583 3248 4617 :
3309 4564 3408 4618 hoc
3449 4567 3532 4623 est,
3556 4557 3600 4608 Id

405 4677 530 4732 quae
565 4676 730 4730 supra
763 4659 1025 4722 diximus,
1082 4673 1100 4706 ι
1137 4663 1198 4708 ιιι
1252 4653 1504 4709 subditus
1561 4651 1675 4712 fiat,
1716 4664 1734 4698 ι
1784 4644 1888 4709 vel,
1923 4655 1982 4698 ut

409 4752 537 4806 alibi
566 4751 818 4823 legimus,
846 4747 1143 4804 «obnoxius
1177 4745 1270 4800 fiat
1293 4744 1470 4800 omnis
1492 4742 1723 4797 mundus
1747 4739 1856 4794 Deo
1878 4736 1975 4802 “,t

405 4844 552 4913 quod
583 4853 639 4898 et
672 4843 847 4914 magis
875 4857 1000 4897 cum
1029 4840 1236 4896 Graecis
1260 4836 1664 4905 exemplaribus
1704 4829 1980 4887 convenit.

406 4938 515 4993 Sed
572 4939 916 5005 requiramus
969 4949 1187 4988 omnem
1251 4931 1511 4985 mundum
1570 4928 1682 5000 (47)
1724 4927 1814 4981 hic
1849 4926 1982 4995 quid

405 5030 783 5101 appellaverit.
841 5026 1220 5097 Nunquidnatn
1269 5023 1550 5094 putabitur
1609 5037 1706 5090 per
1757 5033 1977 5075 omnem

482 5169 526 5199 ¹¹
554 5166 675 5222 Jttd.
703 5165 757 5220 6.
833 5162 1055 5217 “lCor.
1083 5177 1152 5223 vr,
1177 5161 1227 5214 5.
1309 5159 1352 5190 "‘
1383 5159 1510 5213 ibid.
1623 5153 1712 5208 l7.

406 5253 489 5304 tu,
523 5239 610 5294 19.
687 5237 728 5268 ¹⁹
752 5236 884 5290 ibid.
915 5233 1005 5287 20.
1114 5233 1339 5284 “lium.
1373 5243 1488 5294 vm,
1514 5227 1568 5282 8.
1643 5226 1686 5257 ²¹
1737 5225 1863 5278 ibid.
1917 5225 1966 5276 7.

503 5352 592 5416 45)
622 5349 734 5414 AL,
773 5367 791 5400 ι
821 5349 1098 5402 dementes
1124 5344 1280 5398 fiunt.
1322 5360 1342 5394 ι

502 5421 592 5489 44)
623 5419 734 5484 AL,
765 5437 784 5470 ι
812 5420 978 5473 dicat.
1009 5434 1027 5466 ι

479 5491 592 5562 (45)
623 5492 736 5562 AL,
765 5509 783 5536 σ
824 5491 875 5562 in
899 5497 1184 5541 tartarum.
1209 5503 1227 5536 ι

502 5567 594 5633 46)
630 5561 740 5633 ᾼΙη
773 5561 940 5633 ᾳΑυι.
966 5575 983 5607 ο
1241 5625 1252 5633 _
1466 5622 1478 5633 .
1655 5622 1684 5633 ρ.
1731 5620 1742 5633 .
1802 5620 1836 5633 .-

502 5567 594 5633 ιδ)
630 5566 740 5625 AL,
773 5566 940 5612 (Aut.
966 5575 983 5607 ο
1826 5620 1836 5626 _

477 5566 594 5704 (47)
624 5630 1024 5704 Genellrardus,
1054 5645 1073 5699 ι
1109 5625 1285 5681 omnis
1316 5622 1549 5704 mundus
1573 5639 1622 5688 I;
1653 5620 1978 5704 Salodtanus

407 5693 540 5758 vero
572 5693 626 5754 et
647 5700 938 5756 Merlinus:
982 5693 1246 5755 (omnem
1279 5697 1558 5762 mundum,
1586 5711 1605 5746 ι
1640 5701 1692 5750 et
1721 5693 1978 5749 omittunt

415 5793 432 5824 ε
464 5787 578 5842 per.
612 5789 632 5822 ι

1792 5155 1833 5185 ⁸⁵
1868 5153 1882 5206 l
1923 5151 2059 5206 Tim.
2095 5151 2209 5218 t,9.
2287 5152 2339 5183 ¹⁶
2358 5151 2514 5206 Rom.
2551 5167 2636 5215 Ill,
2673 5153 2758 5206 19.
2838 5151 2878 5181 ¹⁷
2909 5149 3079 5219 Philip

1795 5225 1863 5277 id.
1917 5225 1966 5276 7.
2049 5225 2090 5254 “
2143 5224 2262 5277 Isai.
2299 5237 2387 5277 χι..
2439 5227 2492 5276 ϋ.
2570 5224 2615 5253 ³³
2659 5223 2818 5276 .Ιι›;ιιι.
2862 5237 2934 5277 vt.
2987 5222 3076 5275 64.

2083 4655 2546 4724 comparationem
2569 4653 2797 4708 aliorum
2823 4653 3099 4707 hominum
3126 4660 3305 4723 potest
3333 4650 3464 4705 alius
3484 4648 3600 4700 homo

2085 4745 2176 4814 qui
2210 4745 2552 4800 emendatius
2581 4743 2798 4808 vixerit,
2824 4743 3008 4814 justus
3037 4742 3211 4798 videri
3244 4759 3261 4808 ;
3292 4741 3358 4797 ad
3382 4749 3602 4807 compara-

2089 4837 2288 4892 tionem
2319 4847 2500 4891 autem
2533 4837 2624 4892 Dei
2654 4879 2670 4903 ,
2704 4852 2809 4890 non
2840 4835 3015 4891 solum
3048 4836 3211 4890 homo
3247 4850 3352 4889 non
3385 4829 3598 4903 justitica-

2088 4928 2258 4996 bitur,
2295 4930 2387 4984 sed
2433 4940 2489 4984 et
2517 4930 2655 4984 sicut
2691 4929 2792 4983 .lob
2836 4929 2968 4982 dicit
2997 4945 3012 4980 :
3043 4945 3065 4980 ι
3098 4926 3284 4982 Stellae
3325 4935 3485 4979 autem
3518 4918 3599 4989 (55)

2087 5036 2194 5076 ιιοιι
2225 5029 2354 5075 sunt
2381 5021 2595 5075 munda:
2623 5035 2810 5075 coram
2830 5020 2948 5090 ipso
2977 5019 3079 5073 ":t
3109 5034 3228 5088 qua:
3251 5019 3430 5086 utique
3459 5025 3597 5067 coram

3086 5189 3100 5203 .
3138 5165 3196 5212 It,
3251 5148 3336 5202 10.
3411 5147 3448 5177 ¹⁸
3481 5143 3596 5197 liom.

2570 5224 2615 5253 ³³
2659 5223 2818 5276 Juan.
2862 5237 2934 5285 vt,
2987 5216 3076 5275 σιξ.
3149 5222 3195 5250 ³⁵
3221 5217 3323 5273 Job
3354 5233 3466 5281 xxv,
3493 5216 3534 5266 5.

2149 5336 2260 5408 (48)
2293 5337 2401 5408 Al.,
2448 5355 2466 5388 ι
2492 5335 2763 5391 ﬂectatur.
2795 5355 2815 5388 ι

2152 5403 2267 5478 (19)
2299 5407 2407 5473 AL,
2444 5426 2463 5458 ι
2497 5409 2818 5476 accipiatur.
2855 5425 2876 5458 ι

2149 5479 2262 5547 (50)
2289 5478 2400 5540 AL,
2431 5496 2450 5528 ‹
2483 5479 2667 5532 utitur.
2702 5497 2720 5529 ι

2151 5549 2263 5618 (Si)
2298 5547 2538 5602 Omnem.
2572 5547 2812 5602 Deestin
2844 5557 3001 5600 antea
3037 5548 3215 5602 editis.

2151 5619 2263 5689 (5‘2)
2298 5619 2508 5672 Antam.
2532 5618 2586 5671 In
2606 5619 2768 5672 editis
2795 5619 3080 5689 omittitur.

2151 5688 2262 5760 (55)
2297 5691 2504 5745 Autem.
2537 5689 2886 5745 Desideratur
2922 5688 2974 5742 in
3005 5688 3189 5743 editis.
