3684 6148
146 178 272 235 9H
1129 191 1482 249 COMMENT.
1527 194 1593 248 IN
1629 193 1844 250 EPIST.
1889 195 1978 248 AD
2004 194 2168 250 ROM.
2210 195 2338 252 LIB.
2374 194 2461 253 Ill.

3297 210 3404 268 942

150 298 339 355 nobis
381 301 594 356 mundae
648 313 808 364 sunt.
870 304 970 361 hoc
1031 315 1135 371 est,
1170 310 1236 363 ad
1287 312 1745 382 comparationem
1778 311 1820 366 Δ
1851 311 2034 364 venire
2056 326 2216 381 posse
2239 327 2346 382 quo
2372 324 2677 370 astruamus
2709 316 2825 374 haec
2860 334 2963 374 non
2994 321 3061 376 de
3080 320 3277 394 Moysi.
3306 327 3400 381 sed

146 390 456 446 hominum
515 396 727 450 munda:
779 396 1049 452 habeantur
1095 411 1150 454 et
1195 413 1400 458 sanctas
1469 405 1624 476 (54);
1673 408 1739 460 ad
1845 403 1908 454 dc
1940 413 2142 457 natura:
2177 404 2290 472 lege
2322 406 2667 475 conscripta:
2707 407 2781 462 ita
2827 426 2926 466 nec
2959 411 3033 468 illi
3056 390 3270 484 quidem
3312 419 3402 472 in-

150 485 639 553 comparationem
669 501 800 541 vero
829 489 920 543 Dei
961 493 1174 545 mundae
1203 507 1320 548 esse
1351 510 1456 550 non
1487 512 1674 566 possm

1849 495 2024 548 venire
2055 496 2257 564 aliquid
2289 505 2541 563 poterunt
2571 501 2840 567 quomodo
2886 517 3004 571 quae
3034 510 3284 575 superius
3325 509 3400 564 di-

151 593 174 625 ι
201 575 325 629 Per
345 577 513 648 legem
541 579 684 633 enim
713 581 919 650 agnitio
940 585 1143 648 peccati
1168 586 1266 639 π.»
1291 588 1585 645 Videamus
1607 608 1674 661 qu

1849 593 1922 636 cta
1954 594 2105 647 sunt,
2135 586 2201 638 ad
2230 584 2395 656 Moysi
2427 587 2628 654 potius,
2664 603 2824 657 quam
2855 591 2922 646 ad
2971 603 3175 651 natura:
3223 595 3395 666 legem

144 669 332 724 modo
360 685 457 737 per
483 671 652 739 legem
679 671 739 725 lit
765 673 972 741 agnitio
1003 677 1231 744 peccati.
1265 677 1396 732 Dum
1443 695 1539 750 per
1565 680 1734 752 legem

146 759 432 813 discimus
451 763 578 828 quid
607 764 871 832 agendum
891 765 983 828 sit,
1011 769 1139 836 quid
1158 772 1476 834 cavendum,
1495 773 1653 828 simul
1680 785 1735 832 et

140 852 294 918 quid
329 859 604 920 peccatum
637 856 731 915 sit,
757 865 809 910 et
831 858 960 926 quid
989 874 1094 912 non
1131 861 1197 915 sit
1219 865 1583 932 agnoscimus.
1613 865 1730 922 Non

139 955 322 1008 ergo,
354 953 410 996 ut
440 943 678 998 haeretici
712 943 877 1000 Deum
901 945 1038 1017 legis
1082 961 1365 1017 accusant,
1404 954 1542 1008 mala
1577 960 1726 1012 radix

141 1045 239 1088 est
259 1034 375 1097 lex,
394 1045 448 1088 et
463 1036 603 1089 mala
629 1038 792 1090 arbor
807 1053 904 1108 per
925 1054 1083 1108 quam
1101 1046 1307 1112 peccati
1325 1048 1724 1119 venitagnitio:

138 1126 286 1193 quia
322 1143 423 1179 non
452 1129 618 1184 dixit:
642 1129 718 1183 Ex
743 1129 859 1201 lege
893 1151 912 1184 ‹
932 1135 1135 1203 agnitio
1161 1139 1418 1204 peccati,»
1449 1142 1562 1200 sed.
1593 1161 1612 1193 ι
1633 1157 1730 1211 per

139 1218 393 1280 legem.)
440 1228 495 1272 ut
523 1220 664 1276 scias
682 1237 788 1275 non
821 1239 886 1277 ex
908 1224 1022 1290 ipsa
1050 1235 1252 1292 ortum,
1299 1229 1391 1284 sed
1427 1245 1526 1299 per
1553 1232 1723 1301 ipsam

136 1310 400 1375 agnitum
424 1325 543 1364 esse
567 1322 868 1380 peceatum.
898 1313 988 1378 Ut,
1018 1318 1166 1371 verbi
1199 1321 1370 1386 gratia
1393 1364 1408 1385 ,
1450 1323 1495 1376 si
1522 1323 1727 1379 dicere-

137 1415 272 1454 mus
309 1415 324 1452 :
357 1399 512 1470 511
539 1402 642 1456 Per
682 1412 852 1458 artem
902 1407 1184 1463 medicina:
1229 1411 1388 1465 datur
1448 1412 1726 1482 languoris

147 1492 413 1557 agnitio,
446 1498 812 1566 nunquidnam
845 1501 1118 1555 videretur
1158 1504 1248 1556 tibi
1281 1522 1444 1559 causa
1489 1506 1710 1576 languo-

137 1583 221 1634 ris
251 1597 379 1639 esse
411 1588 844 1660 medicina,quia
873 1607 970 1660 per
993 1593 1160 1662 ipsam
1182 1598 1412 1665 qualitas
1441 1599 1713 1668 languoris

136 1669 471 1735 agnoscitur
495 1669 521 1723 2
541 1671 668 1738 Sed,
689 1671 830 1726 sicut
856 1683 1069 1730 constat
1097 1676 1290 1733 bonam
1323 1695 1447 1737 esse
1486 1685 1714 1742 medici-

137 1773 275 1810 nam
331 1775 452 1828 quae
496 1762 830 1831 aegritudinis
870 1764 1279 1836 intelligentiam
1321 1784 1574 1842 praestat,
1610 1793 1715 1845 qua

137 1850 326 1917 possit
353 1852 515 1904 vitari
550 1851 664 1920 (55)
690 1854 1001 1923 inﬁrmitas,
1045 1858 1115 1911 ita
1144 1869 1198 1914 et
1229 1860 1312 1915 lex
1347 1863 1484 1919 bona
1513 1879 1594 1921 est
1621 1884 1718 1933 per

131 1955 310 2007 quam
352 1942 778 2010 deprehenditur
808 1956 862 2000 et
887 1951 1203 2018 agnoscitur
1236 1965 1538 2022 peccatum.
1586 1961 1717 2015 Ser.

137 2043 233 2085 vat
261 2043 472 2099 autem,
502 2047 564 2089 ut
593 2045 721 2106 puto
741 2078 757 2101 ,
789 2039 1092 2108 huiusmodi
1133 2045 1402 2112 expositio
1437 2049 1601 2104 etiam
1650 2055 1715 2106 il-

135 2123 247 2178 lius
280 2125 684 2194 explanationis
709 2136 1172 2204 consequentiam,
1199 2153 1363 2209 quam
1409 2157 1568 2213 supra
1601 2147 1714 2201 edi-

137 2217 329 2271 dimus
379 2218 447 2273 de
490 2235 558 2276 eo
605 2223 749 2292 quod
801 2226 1058 2295 scriptum
1097 2238 1222 2284 est:
1255 2249 1275 2282 ε
1309 2230 1525 2289 Causati
1571 2237 1713 2292 enim

137 2325 339 2363 sumus
368 2311 583 2366 Iudaeos
609 2322 666 2369 et
712 2313 931 2371 Grtecos
962 2333 1154 2374 omnes
1185 2320 1285 2376 sub
1312 2334 1535 2391 peccato
1570 2343 1712 2393 esse,

137 2400 287 2455 sicut
312 2403 576 2470 scriptum
607 2414 691 2458 est
727 2421 740 2457 :
772 2405 907 2472 Quia
941 2423 1045 2462 non
1071 2418 1154 2464 est
1187 2411 1367 2480 justus
1394 2415 1709 2485 quisquam,

136 2505 250 2545 non
284 2500 375 2546 est
400 2494 723 2564 intelligens,
762 2512 866 2550 non
892 2507 976 2554 est
1011 2501 1294 2570 requirens
1323 2503 1490 2559 Deum
1515 2508 1582 2562 ³⁸.
1615 2526 1635 2560 ι

209 2581 265 2635 7.
297 2601 319 2633 ι
344 2582 496 2638 Nunc
527 2596 705 2640 autem
728 2588 846 2641 sine
870 2588 986 2658 lege
1006 2591 1212 2658 iustitia
1245 2593 1337 2650 Dei
1371 2597 1711 2654 manifestata

135 2683 243 2737 est,
278 2675 569 2731 testificata
612 2693 640 2731 a
678 2678 794 2748 lege
837 2689 892 2734 et
938 2683 1232 2752 prophetis.
1260 2685 1478 2743 Justitia
1531 2701 1709 2746 autem

135 2761 231 2816 Dei
253 2779 356 2832 per
385 2764 544 2820 ﬁdem
573 2765 698 2823 Jesu
731 2772 930 2828 Christi
957 2777 1007 2828 in
1031 2792 1220 2834 omnes
1242 2790 1296 2836 et
1323 2797 1481 2851 super
1501 2799 1689 2842 omnes

140 2855 234 2922 qui
262 2859 496 2912 credunt
518 2861 568 2914 in
592 2875 738 2918 eum.
760 2862 876 2919 Non
906 2867 1050 2922 enim
1071 2880 1156 2925 est
1175 2872 1468 2930 distinctio.
1487 2875 1688 2931 Omnes

1837 675 2110 742 respicere
2147 672 2435 731 vidcantur
2463 695 2477 732 :
2509 687 2560 730 et
2599 680 2719 734 ideo
2743 681 2886 737 sicut
2916 683 3019 739 illis
3047 700 3150 742 non
3192 687 3398 748 idcirco

1833 766 2014 836 priora
2055 767 2295 832 stabunt,
2322 769 2447 834 quia
2491 770 2741 826 videntur
2783 777 3078 841 posteriora
3118 791 3394 851 constare,

1833 851 1906 906 ita
1931 867 2028 908 nec
2058 855 2212 910 nobis
2237 856 2454 924 quidem
2486 868 2739 926 poterunt
2775 863 2946 930 prima
2981 868 3204 934 turbari,
3235 871 3280 924 si
3312 888 3397 928 sc-

1832 947 2004 998 cnnda
2043 961 2146 1001 non
2185 949 2374 1003 eodem
2417 964 2639 1007 currere
2663 959 2879 1008 tramite
2913 957 3214 1015 videantur.
3252 963 3390 1030 Quid

1831 1033 1991 1098 igitur
2013 1035 2331 1093 iContraria
2365 1039 2467 1092 sibi
2493 1043 2734 1098 scribere
2766 1044 3008 1101 dicemus
3044 1049 3392 1118 Apostolum?

1828 1124 1896 1178 Et
1921 1126 2033 1182 lucc
2055 1128 2160 1182 erit
2183 1130 2387 1200 egregii
2417 1131 2783 1201 explanatoris
2806 1138 3038 1191 assertio
3070 1142 3081 1193 ε
3122 1139 3274 1208 Quod
3301 1163 3390 1200 ac-

1825 1221 2006 1274 cidere
2036 1219 2141 1274 illis
2199 1221 2335 1275 solet
2385 1223 2476 1290 qui
2529 1223 2582 1278 in
2627 1225 2868 1282 diversos
2891 1241 3158 1286 sectarum
3195 1249 3391 1294 sensus

1827 1315 1991 1356 unum
2031 1303 2151 1360 ﬁdei
2192 1306 2379 1376 dogma
2422 1309 2802 1380 disrumpunt,
2833 1328 2886 1368 et
2917 1317 3003 1370 illa
3047 1326 3251 1375 tantum
3297 1325 3362 1377 de

1832 1393 2132 1462 Scripturis
2161 1398 2358 1454 divinis
2383 1402 2685 1458 testimonia
2707 1407 3006 1475 explorant,
3035 1412 3229 1480 quibus
3248 1429 3374 1482 pro-

1823 1486 2001 1554 prium
2033 1489 2221 1557 dogma
2250 1493 2600 1558 constituant,
2633 1510 2817 1550 earnm
2847 1513 2974 1552 vero
3000 1516 3118 1568 qua:
3147 1517 3176 1556 e
3202 1505 3382 1558 diver-

1826 1591 1890 1630 so
1931 1579 2151 1634 veniunt
2189 1582 2481 1652 Scripturae
2519 1586 2710 1641 divinae
2736 1587 3122 1647 sententiarum
3151 1595 3370 1650 absolu-

1829 1667 2006 1724 tiones
2029 1685 2096 1725 ne
2123 1679 2364 1729 extremo
2391 1675 2456 1741 ³⁰,
2484 1687 2540 1729 ut
2561 1679 2635 1731 ait
2660 1678 2947 1747 Dominus,
2975 1683 3140 1752 digito
3170 1687 3377 1739 contin-

1818 1771 1968 1832 gnnt.
1999 1763 2104 1818 Sed
2133 1763 2225 1832 qui
2259 1763 2491 1817 ﬁdeliter
2515 1773 2569 1819 et
2606 1765 2812 1835 integre
2833 1780 3110 1824 sacrorum
3142 1767 3382 1827 Volumi-

1817 1867 1947 1906 num
1981 1851 2184 1922 colligit
2225 1867 2464 1919 sensum,
2509 1854 2672 1910 debet
2714 1858 2998 1913 ostendere
3020 1865 3289 1929 quomodo
3314 1880 3378 1920 ea

1817 1959 1935 2012 quae
1962 1943 2210 1998 videntur
2235 1959 2354 2000 esse
2387 1948 2681 2009 contraria,
2709 1963 2814 2003 non
2845 1961 2968 2006 sunt
3000 1966 3125 2008 vere
3163 1965 3380 2011 contra-

1817 2034 1914 2086 ria.
1939 2031 2287 2088 Teutabimus
2317 2049 2446 2104 ergo
2467 2022 2630 2090 etiam
2660 2036 2712 2089 in
2741 2041 2996 2105 praesenti
3047 2041 3166 2099 loco
3191 2056 3378 2100 osten-

1813 2121 1941 2175 dere
1963 2122 2231 2191 quomodo
2263 2123 2424 2192 priori
2465 2123 2784 2193 expositioni
2815 2137 3012 2184 nostra:
3045 2130 3156 2187 haec
3189 2136 3378 2190 subse-

1813 2228 1986 2282 quens
2011 2227 2114 2267 non
2139 2225 2414 2284 repugnet.
2444 2214 2598 2285 Saepe
2626 2217 2876 2284 diximus,
2904 2229 2958 2274 et
2989 2223 3291 2279 evidentius
3319 2227 3374 2282 in

1813 2303 2126 2372 praefatione
2161 2306 2394 2360 diximus
2422 2306 2556 2378 (58),
2587 2310 2728 2374 quod
2761 2311 2832 2364 ita
2868 2311 3160 2380 Apostolus
3183 2317 3234 2370 in
3267 2317 3370 2373 hac

1813 2393 2048 2464 Epistola
2071 2398 2356 2451 multarum
2389 2397 2564 2469 legum
2598 2399 2757 2454 faciat
2794 2405 3141 2469 mentionem,
3175 2417 3231 2460 ut
3252 2422 3374 2465 cum

1815 2489 1879 2542 de
1912 2503 2014 2540 una
2063 2491 2131 2542 ad
2178 2488 2404 2542 alteram
2454 2492 2670 2556 transit,
2703 2494 3031 2562 deprehendi
3068 2497 3168 2551 nisi
3198 2500 3264 2552 al;
3293 2501 3376 2553 in-

1813 2587 1960 2633 tento
1992 2580 2125 2635 satis
2167 2580 2366 2636 lectore
2393 2581 2482 2636 vix
2511 2582 2701 2651 possit.
2728 2583 2942 2639 Dixerat
2979 2585 3031 2641 in
3083 2591 3374 2659 superiori-

1811 2669 1933 2735 bus,
1962 2671 2087 2740 quia
2125 2689 2144 2722 ι
2185 2687 2280 2742 per
2305 2673 2475 2744 legem
2507 2675 2713 2744 agnitio
2746 2678 2947 2744 peccati
2970 2688 3126 2747 est;i
3161 2692 3214 2735 et
3243 2685 3369 2752 quia

1809 2764 1978 2818 sensit
1999 2778 2154 2834 posse
2187 2765 2394 2820 scilicet
2423 2768 2730 2835 responderi
2755 2785 2768 2820 :
2795 2768 2933 2839 Ergo
2957 2771 3001 2826 si
3036 2784 3104 2826 ex
3134 2773 3247 2844 lege
3273 2790 3372 2830 na-

1808 2854 1966 2909 turali
1999 2856 2204 2925 agnitio
2234 2857 2437 2924 peccati
2483 2866 2590 2919 est,
2623 2867 2802 2926 potest
2828 2874 2895 2914 ex
2933 2861 3044 2929 ipsa
3079 2870 3131 2915 et
3165 2865 3369 2934 agnitio

139 2950 284 3002 enim
329 2962 708 3018 peccaverunt,
750 2963 806 3008 et
842 2963 1003 3025 egent
1044 2955 1216 3026 gloria
1263 2958 1386 3028 Dei,
1432 2963 1674 3028 iustiﬁcal

1849 2962 1928 3001 sse
1974 2947 2216 3016 justitize,
2241 2948 2530 3002 secundum
2565 2947 2711 3002 illam
2765 2951 2969 3006 scilicet
2995 2967 3154 3022 quam
3203 2968 3369 3023 supra

137 3042 306 3111 gratis
339 3056 438 3109 per
479 3043 704 3111 gratiam
757 3043 947 3112 ipsius,
999 3060 1096 3116 per
1129 3049 1545 3120 redemptionem
1583 3070 1704 3124 qua:

138 3142 219 3186 est
246 3133 298 3185 in
328 3133 546 3187 Christo
572 3131 698 3188 Jesu
726 3136 792 3190 ".
835 3154 854 3188 ι
883 3136 1035 3204 Quod
1071 3141 1403 3196 astruximus
1435 3144 1486 3196 in
1538 3159 1699 3216 supe-

139 3223 398 3290 rioribus,
426 3225 666 3281 dicentes
694 3242 798 3281 non
825 3229 890 3283 de
924 3228 1039 3300 lege
1069 3230 1239 3302 Moysi
1263 3234 1487 3302 dictum,
1517 3256 1536 3289 ι
1564 3238 1701 3306 Quia

139 3330 478 3385 quaecunque
507 3317 591 3371 lex
620 3318 878 3388 loquitur,
910 3321 995 3377 his
1033 3323 1124 3392 qui
1159 3324 1209 3377 in
1240 3324 1356 3392 lege
1381 3339 1504 3382 sunt
1531 3329 1702 3398 loqui-

140 3414 224 3456 tur
247 3407 316 3472 ",
356 3425 375 3458 ι
406 3409 613 3476 putabit
640 3410 834 3478 aliquis
865 3427 968 3466 non
997 3421 1104 3468 tam
1137 3429 1283 3480 vere,
1306 3432 1464 3486 quam
1493 3421 1700 3477 violen—

142 3504 223 3549 ter
258 3507 554 3562 assertum,
585 3515 706 3554 cum
738 3501 918 3556 videat
947 3519 1090 3558 nunc
1123 3519 1315 3560 nomen
1349 3507 1479 3578 legis
1505 3525 1607 3564 non
1633 3515 1698 3566 ad

140 3596 368 3649 naturae,
398 3588 489 3642 sed
532 3589 598 3644 ad
636 3590 801 3662 Moysi
832 3591 1002 3662 legem
1038 3593 1264 3648 referri:
1306 3608 1358 3650 et
1388 3600 1529 3654 dicet
1556 3604 1698 3671 quod

139 3675 191 3728 in
221 3679 468 3744 praesenti
498 3679 617 3734 loco
637 3680 849 3748 justitia
898 3681 990 3736 Dei
1032 3686 1410 3752 pronuntietur
1447 3688 1514 3743 ab
1555 3693 1699 3761 Apo-

137 3768 274 3821 stolo
297 3770 632 3826 manilestari
666 3787 764 3842 per
805 3773 1002 3842 legem,
1029 3783 1084 3828 et
1114 3791 1216 3830 non
1269 3778 1438 3831 solum
1473 3795 1568 3849 per
1621 3783 1698 3838 le-

137 3875 275 3926 gem,
305 3864 400 3916 sed
429 3873 485 3916 et
511 3877 606 3932 per
649 3865 956 3934 prophetas,
991 3877 1048 3920 ut
1070 3869 1188 3923 sine
1213 3869 1320 3925 ulla
1345 3872 1697 3944 ambiguitate

143 3951 204 4005 de
233 3953 348 4021 lege
395 3954 562 4025 Moysi
604 3954 978 4025 intelligantur
1018 3957 1159 4012 dicta
1189 3973 1310 4014 esse
1343 3975 1464 4028 quae
1491 3965 1693 4031 scripta

136 4055 296 4101 sunt:
322 4062 390 4102 ex
417 4063 524 4118 qua
561 4048 677 4117 lege
699 4048 904 4118 iustitia
937 4049 1027 4102 Dei
1067 4065 1163 4119 per
1196 4051 1352 4107 ﬁdem
1376 4054 1575 4110 Christi
1600 4055 1693 4112 Je-

134 4149 192 4189 su
227 4138 608 4195 manifestetur
639 4140 690 4193 in
737 4154 927 4194 omnes
953 4141 1044 4209 qui
1081 4144 1341 4210 credunt,
1369 4145 1482 4200 sive
1504 4161 1570 4201 ex
1601 4148 1692 4203 .ln-

136 4226 279 4291 daais,
305 4230 420 4283 sive
446 4245 512 4283 ex
543 4230 793 4300 gentibus
821 4231 1118 4296 venientes,
1149 4232 1238 4299 qui
1271 4242 1449 4290 tamen
1489 4251 1594 4291 non
1621 4255 1689 4294 ex

135 4321 384 4386 operibus
404 4321 784 4390 iustiﬁcentur,
818 4325 1012 4382 sedc:
1037 4322 1207 4396 gratia
1242 4325 1358 4392 Dei,
1383 4328 1686 4400 redempto-

137 4423 192 4462 re
219 4410 327 4482 (56)
355 4413 435 4467 eis
458 4413 648 4469 ellecto
673 4415 788 4482 ipso
815 4412 940 4470 Jesu
972 4414 1186 4469 Christo
1218 4415 1283 4470 ".
1321 4417 1442 4472 llaec
1467 4420 1683 4488 quidem

135 4500 268 4557 dicet
299 4505 344 4559 is
378 4505 467 4572 qui
495 4519 708 4559 sensum
753 4506 990 4576 Apostoli
1039 4507 1091 4561 in
1134 4508 1214 4562 his
1254 4523 1373 4577 qua:
1402 4526 1559 4579 supra
1591 4526 1685 4565 ex-

135 4593 422 4658 posuimus,
457 4594 719 4648 violenter
743 4609 774 4648 a
803 4595 958 4650 nobis
987 4596 1259 4650 accusabit
1283 4595 1555 4652 inﬂexum.
1576 4597 1683 4653 Sed

135 4679 255 4736 illud
282 4695 363 4740 est
395 4686 536 4754 quod
559 4695 871 4740 constanter
895 4701 1183 4756 possumus
1215 4685 1481 4742 allirmare
1512 4703 1526 4740 :
1555 4689 1678 4757 quia

136 4771 266 4828 sicut
295 4791 392 4832 nos
410 4779 501 4848 qui
532 4778 646 4831 hzec
678 4787 922 4832 asserunt
954 4777 1064 4848 (57)
1097 4785 1287 4846 putant
1332 4777 1388 4830 in
1421 4778 1522 4832 hoc
1565 4794 1680 4833 ser-

136 4877 285 4922 mone
306 4869 570 4938 Apostoli,
597 4885 755 4925 uuem
801 4885 945 4924 nunc
976 4869 1371 4939 proposuimus,
1415 4870 1546 4924 nihil
1595 4871 1680 4924 in-

203 5025 245 5102 ‘f
276 5027 429 5102 Rom.
464 5027 664 5102 111,20.
708 5029 787 5102 *νέξ
805 5027 960 5081 Rom.
991 5027 1265 5102 nt,__9-ll.
1323 5027 1366 5058 ³⁷
1403 5028 1531 5084 ibid.
1553 5030 1615 5084 2|
1645 5047 1758 5102 seq.
1834 5028 1880 5060 ’⁸
1902 5027 2032 5082 ibid.
2065 5024 2154 5080 l9.

133 5090 170 5121 "
207 5095 346 5153 Psal.
385 5090 546 5164 xxxv,
575 5099 629 5152 7.
705 5099 748 5130 ³³
774 5101 927 5152 lium.
960 5115 1034 5164 xl,
1062 5090 1153 5153 33.

205 5213 309 5287 (54)
366 5217 578 5271 Munda!
629 5227 748 5271 sunt
779 5257 792 5276 ,
829 5218 938 5287 'hoc
979 5226 1052 5270 est
1109 5216 1176 5269 ad
1231 5216 1674 5287 comparationem

139 5281 411 5350 hominum,
435 5289 644 5340 munda:
675 5282 933 5340 habentur
961 5298 1007 5339 et
1048 5298 1263 5340 sanctis.
1313 5285 1422 5339 Sic.
1461 5301 1590 5339 mss.
1621 5295 1677 5339 ct

143 5351 397 5412 liabanus.
440 5357 575 5410 Editi
608 5373 753 5423 vero,
776 5425 785 5426 ί
808 5374 826 5406 ι
854 5357 1065 5408 mundze
1098 5356 1374 5426 habentur
1400 5369 1569 5421 sano,
1610 5355 1678 5408 ad

143 5427 580 5508 comparationem
606 5441 736 5480 vero
768 5425 948 5508 Dein).
977 5435 1084 5478 etc.
1216 5501 1227 5508 Δ
1364 5425 1374 5508 _'
1445 5495 1457 5508 ο

203 5491 306 5562 (55)
340 5493 412 5547 Ita
463 5509 566 5548 ms.
615 5512 775 5550 unus.
812 5496 950 5550 Editi
1003 5509 1130 5550 vero
1181 5501 1235 5549 et
1280 5495 1459 5552 caeteri
1511 5509 1678 5560 mss.,

147 5573 163 5606 ε
195 5563 354 5619 vitare
385 5580 501 5635 quae
529 5565 674 5621 velit.
710 5585 730 5618 ι

1808 3037 2084 3092 medicina:
2111 3037 2245 3093 artis
2276 3038 2563 3106 imaginem
2612 3040 2898 3097 dedimus:
2928 3053 2986 3097 ut
3019 3047 3370 3114 quemadmo-

1805 3127 1931 3182 dum
1953 3144 2052 3196 per
2081 3128 2226 3181 illam
2275 3127 2502 3198 languor
2544 3132 2855 3200 agnoscitur
2884 3143 2941 3188 ut
2980 3137 3187 3191 sanitas
3216 3137 3368 3192 inve-

1805 3219 2000 3282 niatur,
2035 3220 2103 3272 ita
2124 3221 2285 3274 etiam
2313 3235 2410 3289 per
2441 3221 2609 3290 legem
2646 3233 2853 3277 natura:
2883 3225 2928 3278 si
2959 3235 3129 3292 potest
3163 3227 3367 3297 agnitio

1771 3299 1922 3364 'ﬁeri
1968 3311 2195 3380 peccati,
2224 3312 2476 3367 similiter
2515 3315 2686 3384 possit
2733 3325 2788 3370 et
2814 3317 3039 3386 justitize
3070 3318 3206 3374 ﬁeri.
3253 3319 3368 3378 Hoc

1801 3416 1932 3472 ergo
1955 3418 2076 3457 cum
2099 3404 2321 3460 vidisset
2346 3420 2509 3473 posse
2536 3407 2638 3462 sibi
2664 3408 2844 3475 objici,
2885 3420 3166 3480 postquam
3193 3413 3363 3468 dixit:

1806 3512 1825 3544 σ
1865 3485 1970 3550 Per
2011 3493 2180 3566 legem
2236 3497 2380 3552 enim
2426 3499 2631 3567 agnitio
2681 3501 2931 3569 peccati,
2967 3521 2986 3555 ι
3042 3503 3358 3577 subjungit:

1805 3603 1825 3638 ι
1871 3585 2023 3642 Nunc
2048 3595 2247 3655 autem,
2262 3589 2377 3644 sine
2399 3589 2515 3660 lege
2537 3591 2878 3664 (59)]ustitia
2908 3595 2998 3650 Dci
3023 3598 3363 3655 manifestata

1798 3686 1901 3733 est.
1947 3698 1967 3730 ι
1998 3677 2128 3733 Tale
2159 3689 2242 3734 est
2267 3695 2398 3750 ergo
2436 3683 2575 3751 quod
2609 3683 2742 3738 dicit
2771 3701 2786 3738 :
2819 3684 2931 3739 Non
2957 3685 3068 3759 (60)
3095 3691 3235 3744 sicut
3267 3705 3364 3759 per

1803 3762 1973 3834 legem
1997 3769 2194 3838 agnitio
2213 3774 2436 3840 peccati,
2458 3775 2530 3829 ita
2555 3783 2609 3829 et
2635 3778 2991 3834 manifestatio
3007 3780 3226 3848 justitia:
3249 3782 3344 3839 Dei

1804 3870 1901 3924 per
1925 3856 2092 3926 legem
2118 3861 2206 3928 ﬁt;
2227 3863 2319 3918 sed
2343 3864 2456 3920 sine
2476 3864 2594 3935 lege
2617 3868 3210 3939 manilestaturjustitla
3239 3873 3352 3931 Dei.

1803 3946 2020 4003 Poterat
2046 3953 2187 4005 enim
2223 3963 2426 4011 naturae
2464 3957 2544 4012 lex
2572 3973 2795 4030 arguere
2818 3964 3021 4031 peccati
3061 3975 3306 4020 naturam
3329 4007 3348 4033 ,

1801 4041 2111 4096 etuotitiam
2136 4043 2248 4113 ejtis
2271 4048 2554 4104 ostendere
2584 4069 2598 4105 :
2629 4051 2831 4120 justitia
2856 4065 3032 4109 antem
3059 4057 3150 4112 Dei
3167 4074 3356 4127 super-

1801 4131 2039 4198 greditur
2067 4143 2123 4187 et
2143 4140 2506 4205 supereminet
2545 4142 2645 4197 hoc
2673 4145 3026 4215 quodcunque
3063 4164 3212 4205 meus
3254 4152 3353 4204 hn-

1798 4236 1954 4276 mana
1985 4224 2114 4280 solis
2145 4229 2477 4285 naturalibus
2515 4235 2765 4290 sensibus
2806 4246 2982 4305 potest
3014 4241 3220 4296 rimari.
3247 4242 3356 4298 Ne-

1794 4333 1897 4388 que
1921 4319 2062 4374 euim
2086 4316 2280 4373 sullicit
2305 4319 2372 4373 ad
2403 4318 2800 4390 intelligendam
2823 4329 2878 4375 et
2905 4321 3351 4377 considerandam

1793 4423 1898 4462 non
1918 4423 2290 4478 quamcunque
2315 4409 2625 4474 humanam,
2643 4410 2736 4465 sed
2758 4409 2925 4479 ipsam
2950 4409 3038 4465 Dei
3058 4411 3347 4481 justitiam,

1791 4510 1847 4554 et
1867 4500 2069 4568 judicia
2105 4517 2223 4569 quae
2249 4515 2312 4554 ex
2341 4501 2455 4570 ipsa
2490 4500 2841 4566 descendunt,
2871 4501 2936 4556 de
2976 4501 3172 4571 quibus
3212 4502 3350 4556 dici-

1792 4594 1880 4646 tur
1902 4591 2026 4660 quia
2050 4602 2173 4646 sunt
2203 4610 2222 4643 ε
2246 4592 2484 4662 ~abyssus
2515 4591 2678 4645 multa
2709 4590 2778 4653 ",
2808 4608 2827 4642 ι
2862 4599 2915 4646 et
2936 4593 3060 4660 quia
3086 4598 3192 4644 tam
3225 4605 3350 4659 pro-

1791 4686 1957 4739 funda
1981 4687 2051 4740 sit
2069 4683 2278 4752 justitia
2311 4683 2401 4736 Dei
2437 4682 2737 4753 etjudicia,
2767 4691 2823 4736 ut
2851 4681 3140 4751 Apostolus
3160 4681 3304 4736 dicat
3329 4698 3344 4733 :

1793 4797 1813 4829 ί
1854 4777 2026 4844 Quam
2076 4774 2450 4831 inscrutabilia
2493 4784 2618 4829 sunt
2642 4775 2842 4842 judicia
2875 4773 2966 4827 Dei
2991 4773 3035 4805 ³³
3066 4773 3080 4825 l
3111 4790 3130 4824 ι
3156 4771 3262 4827 Sed
3292 4783 3349 4827 et

1791 4866 2065 4938 Sapientia
2096 4867 2170 4921 ita
2198 4867 2263 4922 ad
2290 4866 2539 4920 homines
2569 4865 2828 4935 loquitur,
2857 4864 3010 4934 quasi
3039 4879 3145 4920 non
3175 4865 3348 4935 possit

2253 5025 2297 5056 "
2331 5023 2438 5081 Tit.
2468 5040 2549 5089 Ill,
2584 5025 2702 5082 5-7.
2809 5024 2854 5056 ³⁸
2883 5022 3072 5078 Matth.
3103 5037 3255 5084 χχιιι,
3282 5021 3338 5077 4.

1793 5223 1800 5228 “
1848 5211 1960 5278 (56)
1995 5210 2106 5274 AL,
2143 5227 2162 5259 ι
2200 5208 2252 5260 in
2291 5209 2791 5278 redemptionem.)

1843 5277 1959 5351 (57)
1995 5280 2155 5351 Etlili,
2188 5295 2208 5328 ι
2254 5279 2566 5351 εξείξνίιιιιις,
2607 5296 2624 5351 ρ
2667 5277 2823 5351 male.

1848 5347 1960 5425 (58)
1990 5350 2129 5425 _Vlde
2163 5347 2534 5425 prmfationem
2593 5347 2862 5425 Origeuis.
2899 5415 2932 5425 ,Α
3077 5423 3084 5425 _
3119 5413 3131 5425 _
3210 5413 3219 5425 θ

1849 5413 1960 5489 (59)
1990 5419 2047 5473 1η
2079 5413 2426 5489 ant'ea‘editis
2452 5419 2639 5489 deestc
2664 5413 2964 5485 subiungit,
2987 5433 3006 5469 ι
3035 5423 3093 5470 et
3117 5413 3339 5489 legitur,

1783 5512 1802 5545 ε
1841 5487 1974 5544 Num
2008 5499 2184 5541 autem
2213 5487 2288 5540 ait
2317 5503 2330 5540 :
2368 5487 2494 5540 Siue
2523 5487 2654 5555 lege.
2687 5505 2705 5538 ι

1849 5559 1961 5633 (60)
1993 5558 2156 5625 Editi,
2191 5576 2210 5610 ι
2246 5570 2394 5624 nam,
2430 5574 2447 5607 ι
2478 5559 2634 5610 male.

3274 5692 3283 5698 ,
3337 5665 3366 5694 Δ
