3684 6148
353 218 459 273 9.53

1822 222 2144 281 ORIGENIS
3508 240 3587 295 9H

344 344 553 416 justitia
582 339 676 397 Dei
710 343 920 393 natura:
942 336 1109 392 solius
1137 340 1370 395 motibus
1398 341 1548 405 sciri,
1581 342 1673 396 sed
1705 358 1798 412 per
1820 345 1924 396 do-
1950 350 1996 405 Α
2027 346 2172 400 nium
2197 345 2362 415 legis;
2398 345 2442 399 si
2470 357 2646 401 autem
2680 360 2744 401 ex
2783 346 2904 419 lege
2956 351 3165 421 accipit
3207 352 3587 408 testimonium.

348 440 541 493 ctrina
585 434 823 489 studium
872 432 1040 500 quaeri
1074 448 1088 494 ;
1115 440 1173 485 et
1203 432 1324 487 ideo
1356 433 1490 488 dicit
1516 450 1530 486 :
1559 452 1575 484 ι
1610 432 1813 488 Discite
1838 433 1923 504 ju-

348 530 551 584 stitiam
587 527 679 598 qui
727 525 981 597 iudicatis
1023 535 1220 579 terram
1254 524 1317 579 ³³.
1378 543 1397 577 ι
1437 524 1799 592 Quamobrem
1851 525 1919 580 ad

348 622 442 677 Dei
467 620 734 689 justitiam
780 618 1173 687 agnoscendam
1222 617 1355 682 nihil
1384 633 1605 686 prorsus
1633 617 1920 686 opitulabi-

349 724 438 770 tur
470 715 555 769 lex
588 723 817 778 naturae,
850 711 1064 767 etiamsi
1106 710 1357 765 videatur
1381 710 1583 766 sentire
1620 710 1821 779 aliquid
1851 711 1918 766 de

344 806 579 860 humana
603 803 837 872 justitia.
883 802 976 856 Illa
1011 801 1154 856 enim
1188 800 1274 855 lex
1321 807 1497 869 potest
1531 801 1734 857 sentire
1768 805 1915 872 quod

346 900 487 952 inter
510 895 758 950 homines
777 895 981 964 justum
1015 894 1087 947 sit
1108 901 1164 946 ut
1188 894 1329 961 quod
1358 892 1409 945 in
1436 906 1496 946 se
1525 892 1646 961 quis
1672 895 1781 962 pati
1809 909 1914 949 non

344 988 478 1054 vult,
510 988 607 1041 hoc
641 985 801 1056 512
827 999 893 1039 ne
921 983 1169 1053 proximo
1201 980 1364 1036 faciat
1388 981 1455 1036 “.
1478 981 1733 1051 Nunquid
1763 992 1917 1036 natu-

345 1080 529 1134 raliter
558 1088 734 1147 potest
758 1075 961 1131 sentire
987 1072 1100 1144 (61)
1140 1074 1207 1129 de
1236 1073 1322 1126 illa
1349 1071 1557 1141 justitia
1581 1090 1703 1143 qua:
1731 1076 1861 1129 dicit
1895 1092 1909 1128 :

346 1192 365 1224 ε
414 1171 599 1227 Videte
628 1186 698 1224 ne
730 1168 944 1223 faciatis
962 1167 1231 1235 justitiam
1264 1178 1498 1221 vestram
1531 1182 1716 1221 coram
1747 1168 1916 1223 homi-

342 1264 499 1318 nibus
526 1262 609 1327 ³⁸;
646 1281 665 1313 ι
700 1270 775 1324 et,
821 1278 839 1310 ι
875 1268 933 1313 ut
955 1260 1163 1314 nesciat
1196 1259 1421 1313 sinistra
1465 1268 1556 1312 tua
1589 1260 1716 1328 quid
1749 1259 1913 1313 faciat

339 1359 527 1412 dextra
587 1364 674 1406 tua
698 1353 786 1407 ³⁸⁸2
824 1372 843 1405 ι
878 1352 1000 1407 Haec
1050 1362 1104 1405 et
1156 1351 1458 1419 lmjnsmodi
1503 1351 1647 1421 justa
1690 1350 1910 1421 (62)όί-

337 1460 486 1503 ctare
517 1463 620 1501 non
650 1456 823 1518 potest
866 1447 954 1501 lex
998 1453 1246 1509 naturae;
1283 1456 1337 1501 et
1365 1446 1485 1501 ideo
1517 1444 1650 1499 dicit
1677 1446 1908 1515 Aposto-

337 1540 425 1594 lus
455 1556 468 1592 :
494 1559 511 1589 ι
547 1538 698 1592 Nunc
719 1548 895 1592 autem
926 1538 1043 1592 sine
1076 1535 1216 1606 lege.
1244 1555 1264 1588 ο
1301 1547 1508 1591 natura:
1536 1536 1763 1598 scilicet,
1784 1554 1802 1585 ι
1822 1535 1910 1602 ju-

336 1633 485 1686 stitia
524 1632 616 1686 Dei
651 1629 991 1685 manifestata
1022 1638 1106 1683 est
1134 1630 1200 1693 ³⁷,
1239 1647 1257 1680 ›
1293 1630 1663 1683 testimonium
1704 1628 1907 1681 habens

2025 453 2131 491 non
2166 453 2296 507 ergo
2324 439 2443 492 sine
2464 438 2581 509 lege
2612 442 2954 497 manifestata
2987 452 3093 497 est.
3117 443 3278 511 Quod
3307 460 3436 499 eum
3470 448 3586 500 inso-

2024 526 2186 582 lubile
2210 530 2303 593 sit,
2336 545 2439 584 nec
2468 532 2645 600 aliqua
2682 535 2851 603 possit
2882 535 3095 589 ratione
3128 535 3399 599 convelli,
3432 536 3587 591 dicen-

2022 619 2147 673 dum
2180 631 2262 673 est
2278 620 2547 691 justitiam
2589 626 2805 694 quidem
2831 626 2923 681 Dei
2954 626 3305 682 manifestari
3334 643 3367 681 a
3400 627 3591 683 Christo

2018 708 2169 775 Jesu,
2198 714 2473 781 praebente
2513 714 2563 769 ei
2602 717 2971 771 testimonium
3024 733 3133 772 non
3193 717 3321 787 lege
3383 729 3593 783 natura,

2018 817 2139 871 qua:
2187 806 2362 860 adhuc
2415 817 2498 861 est
2546 810 2732 878 utique
2778 811 2967 880 exigua
2993 821 3050 865 et
3098 825 3305 880 parva;
3343 812 3449 865 κά
3503 812 3592 882 ιεεε

2018 892 2186 964 Moysi
2222 911 2238 959 ;
2268 911 2372 949 non
2411 912 2474 951 ea
2515 913 2636 965 qua:
2689 900 2984 953 secundum
3024 899 3302 962 litteram,
3351 899 3454 952 sed
3498 914 3593 967 qua

2015 990 2311 1041 secundum
2342 988 2588 1057 spiritum
2619 1000 2719 1053 est,
2752 992 2817 1045 de
2868 1006 2973 1059 qua
3012 992 3153 1045 idem
3194 990 3341 1045 dicit
3389 993 3595 1057 Aposto-

2015 1080 2096 1133 lus
2124 1097 2138 1133 :
2180 1099 2200 1132 ι
2234 1080 2369 1146 Quia
2403 1080 2490 1135 lex
2531 1081 2790 1152 spiritalis
2830 1093 2913 1137 est
2946 1084 3013 1137 ⁸³.
3054 1103 3074 1135 ι
3108 1082 3403 1137 Similiter
3433 1094 3592 1136 autem

2014 1184 2069 1228 et
2101 1174 2376 1243 prephetae
2411 1189 2504 1243 per
2536 1191 2657 1230 eum
2681 1177 2771 1246 qui
2804 1177 2857 1230 in
2892 1176 3020 1245 ipsis
3052 1178 3275 1231 locutus
3313 1186 3410 1229 est
3461 1177 3596 1243 spiri-

2014 1275 2125 1319 tum
2161 1264 2273 1320 Dei.
2295 1266 2387 1320 Est
2408 1276 2666 1336 praeterea
2703 1280 2757 1322 et
2785 1268 2871 1321 illa
2894 1268 3033 1336 apud
3064 1268 3404 1337 Apostolum
3432 1267 3596 1322 debet

2012 1372 2281 1420 sermone,
2314 1358 2360 1411 si
2406 1358 2527 1427 quis
2569 1358 2879 1427 diligentius
2914 1360 3192 1425 observet,
3231 1361 3384 1414 mira
3423 1362 3595 1414 disun-

2011 1448 2141 1502 ctio.
2169 1448 2333 1504 Moris
2356 1460 2439 1504 est
2478 1451 2620 1519 apud
2648 1450 2867 1505 Graecos
2904 1452 3221 1506 nominibus
3246 1451 3445 1525 ἄρθρα
3474 1468 3591 1521 prt-

2012 1540 2159 1610 poni,
2195 1555 2315 1609 qua:
2341 1542 2482 1609 apud
2518 1557 2616 1594 nos
2660 1551 2887 1611 possunt
2928 1543 3145 1597 articuli
3202 1545 3519 1599 nominari.
3547 1546 3591 1597 Si

2010 1631 2227 1698 quando
2252 1630 2415 1702 igitur
2438 1631 2605 1702 Moysi
2637 1632 2806 1703 legem
2839 1636 3103 1698 nominat,
3132 1636 3374 1691 solitum
3407 1640 3592 1693 nomini

330 1724 468 1795 legis
516 1723 684 1793 Moysi
702 1732 757 1777 et
776 1720 1180 1793 prophetarum,
1201 1721 1253 1772 in
1275 1719 1473 1789 quibus
1497 1731 1713 1774 sanctus
1737 1719 1909 1787 Spiri-
1940 1700 1981 1758 Β
2010 1700 2293 1788 praemittit
2311 1700 2599 1773 articulum
2624 1700 2711 1784 ;si
2733 1725 2950 1791 quando
2981 1740 3108 1779 vero
3141 1727 3475 1781 naturalem
3497 1730 3589 1781 vult

332 1827 425 1870 tus
476 1814 641 1869 multa
686 1829 782 1884 per
812 1813 1014 1883 ﬁguras
1042 1822 1096 1867 et
1128 1814 1418 1882 aenigmata
1466 1812 1533 1865 de
1565 1810 1774 1878 justitia
1808 1810 1903 1863 Dci

330 1908 647 1978 scripserat.
691 1906 755 1960 Et
784 1905 908 1960 nolo
944 1904 1161 1960 mireris
1188 1906 1331 1973 quod
1374 1919 1540 1957 unum
1581 1903 1901 1959 vocabulum

328 1999 469 2070 legis
498 1998 738 2054 secundo
770 1998 824 2051 in
855 1997 1040 2051 eodem
1063 1996 1183 2051 loco
1206 1996 1437 2066 positum
1466 1996 1675 2051 diversa
1697 1995 1904 2065 signifi-

333 2103 439 2147 cet.
470 2091 781 2145 lnvenimns
812 2090 954 2144 hanc
984 2103 1103 2142 esse
1132 2088 1432 2156 Scriptum
1453 2090 1899 2142 consuetudinem

324 2183 465 2238 etin
504 2181 624 2236 aliis
655 2181 787 2234 locis
817 2196 833 2233 :
864 2188 921 2233 ut
941 2178 1013 2233 ibi
1051 2181 1095 2212 ⁸⁸
1122 2196 1137 2232 :
1166 2199 1184 2231 ι
1215 2179 1403 2234 Nonne
1438 2195 1534 2235 vos
1562 2180 1899 2248 dicitis,quia

332 2275 508 2329 adhuc
543 2284 774 2343 quatuor
797 2287 1011 2327 menses
1050 2281 1175 2327 sunt
1212 2282 1271 2327 ut
1298 2272 1477 2327 veniat
1506 2272 1700 2327 messis
1731 2272 1901 2328 ?Ele-

332 2378 454 2423 vate
486 2367 673 2423 oculos
720 2376 961 2433 vestros,
990 2376 1044 2421 et
1075 2366 1251 2421 videte
1283 2365 1554 2436 regiones,
1597 2366 1721 2436 quia
1766 2366 1901 2421 albae

328 2469 456 2515 sunt
476 2460 545 2514 ad
566 2473 817 2514 messem.
834 2477 853 2510 ι
871 2459 1061 2515 Nonne
1093 2467 1148 2513 et
1176 2458 1279 2511 hoc
1306 2457 1424 2513 loco
1447 2458 1642 2513 messis
1663 2460 1900 2513 secundo

328 2550 628 2614 nominata,
658 2548 831 2618 primo
870 2548 937 2603 ad
989 2547 1325 2616 corporalem
1366 2562 1596 2601 messem
1638 2548 1895 2612 refertur,

327 2645 567 2698 secundo
598 2642 665 2694 ad
693 2639 987 2709 spiritalem
1014 2639 1037 2692 ?
1066 2639 1127 2692 Et
1156 2639 1350 2691 iterum
1373 2638 1424 2691 in
1456 2639 1746 2709 Evangelio
1774 2655 1895 2694 cum

328 2734 460 2788 dicit
504 2733 574 2787 ad
627 2731 1023 2786 Samaritanam
1084 2729 1368 2783 mulierem
1419 2729 1703 2794 Salvator,
1758 2750 1778 2784 ι
1823 2733 1893 2785 Da

327 2827 461 2880 mihi
515 2822 701 2878 bibere
731 2823 796 2887 ³⁹,
834 2842 854 2875 ι
900 2832 955 2877 ει
987 2832 1106 2891 post
1165 2837 1483 2893 responsura
1523 2822 1640 2892 ejus
1698 2824 1893 2878 iterum

324 2920 455 2973 dicit
486 2917 552 2973 ad
579 2932 698 2971 eam
734 2932 749 2970 :
790 2935 809 2968 ε
852 2915 908 2971 Si
944 2916 1113 2970 scires
1159 2918 1281 2985 quis
1335 2928 1419 2972 est
1456 2918 1549 2986 qui
1588 2919 1719 2973 dicit
1751 2920 1843 2973 tibi
1874 2938 1889 2974 :

333 3010 405 3063 Da
481 3010 609 3064 mihi
652 3010 871 3075 bibere;
900 3020 955 3063 tu
997 3011 1182 3097 utique
1212 3010 1439 3079 petisses
1462 3026 1609 3076 eum,
1634 3021 1689 3066 et
1712 3013 1893 3068 dedis-
1917 3039 1961 3097 ο

325 3109 407 3155 set
440 3097 535 3153 tibi
565 3113 757 3167 aquam
788 3097 985 3150 vivam.
1011 3114 1031 3148 ι
1070 3096 1135 3150 Ει
1166 3097 1357 3153 iterum
1391 3100 1594 3153 addidit
1619 3102 1684 3153 ad
1718 3116 1837 3154 eam
1874 3119 1888 3154 :

327 3208 349 3244 ι
391 3190 575 3247 Omnis
603 3190 696 3259 qui
748 3189 882 3244 bibit
908 3204 976 3243 ex
1024 3206 1161 3257 aqua
1210 3192 1333 3255 hac,
1361 3192 1507 3245 sitiet
1538 3192 1761 3256 iterum;
1797 3192 1892 3263 qui

322 3293 503 3339 autem
534 3283 732 3338 biberit
755 3298 823 3335 ex
862 3298 1002 3352 aqua
1026 3298 1187 3351 quam
1214 3297 1315 3352 ego
1342 3283 1409 3337 do
1434 3284 1509 3346 ei,
1538 3298 1641 3337 non
1666 3284 1811 3338 sitiet
1839 3285 1890 3339 in

320 3386 581 3429 aeternum
609 3370 673 3424 “.
708 3390 728 3423 ι
763 3372 924 3426 Vides
972 3373 1240 3440 quomodo
1265 3382 1322 3427 et
1369 3372 1555 3429 bibere
1579 3414 1595 3439 ,
1626 3383 1680 3429 et
1728 3391 1886 3443 aqua,

323 3481 467 3521 nunc
489 3465 704 3534 quidem
734 3462 846 3536 (63)
881 3462 1239 3531 corporaliter
1260 3504 1276 3529 ,
1309 3479 1453 3518 nunc
1510 3475 1688 3519 autem
1735 3467 1889 3535 spirio

322 3558 508 3613 taliter
547 3558 601 3611 in
633 3571 738 3610 uno
773 3556 1071 3624 eodemque
1098 3554 1365 3623 accipitur
1398 3556 1565 3609 loco?
1611 3557 1706 3611 Est
1744 3566 1799 3611 et
1824 3557 1889 3611 il-

317 3653 391 3707 lic
420 3650 672 3705 similiter
716 3648 948 3718 positunt
969 3689 983 3711 ,
1012 3647 1099 3702 ubi
1145 3663 1320 3703 caecus
1354 3664 1383 3701 a
1424 3650 1707 3704 nativitatc
1731 3666 1887 3705 cura-

316 3757 405 3800 tur
436 3744 503 3799 “.
536 3743 666 3799 Post
704 3744 807 3798 hoc
840 3743 973 3797 dicit
1004 3742 1255 3797 Salvator
1288 3761 1303 3796 :
1342 3762 1360 3793 ι
1395 3742 1451 3796 1η
1491 3742 1752 3810 judicium
1787 3756 1887 3813 ego

314 3838 439 3892 veni
469 3837 521 3889 in
552 3837 695 3889 hunc
719 3835 995 3897 mundum,
1016 3843 1071 3886 ut
1096 3834 1186 3904 qui
1219 3850 1323 3886 non
1353 3834 1539 3887 vident
1567 3834 1807 3898 videant,
1831 3843 1886 3889 et

312 3920 403 4000 qui
426 3929 608 3983 vident
629 3927 756 3982 (ξεεεί
784 3925 1023 3981 Ιὶθιηλη.»
1060 3925 1245 3980 Nonne
1273 3927 1436 3980 etiam
1473 3926 1560 3981 hic
1582 3937 1636 3981 et
1660 3926 1845 3981 videre
1865 3966 1883 3993 ,

311 4034 368 4077 et
390 4038 493 4075 non
518 4020 700 4075 videre
734 4034 879 4074 nunc
925 4020 1276 4089 corporaliter
1298 4061 1313 4083 ,
1382 4035 1525 4075 nunc
1561 4019 1884 4091 spiritaliter

313 4111 755 4183 intelligiturilta
777 4127 905 4181 ergo
927 4115 1087 4166 etiam
1109 4113 1160 4166 in
1187 4114 1288 4167 hoc
1314 4100 1430 4167 loCo
1451 4112 1739 4181 Apostolus
1756 4128 1880 4166 cum

312 4209 429 4264 sine
459 4209 575 4278 lege
595 4207 723 4261 dicit
745 4206 1011 4276 justitiam
1044 4206 1141 4260 Dei
1177 4207 1535 4272 manifestari,
1556 4216 1765 4261 natura:
1794 4206 1875 4259 lex

313 4299 665 4367 intelligitur;
696 4314 817 4354 cum
867 4312 1000 4353 vero
1033 4298 1167 4355 dicit
1204 4317 1217 4352 :
1267 4317 1285 4350 ι
1324 4298 1635 4353 Testificata
1670 4313 1699 4351 a
1759 4298 1876 4366 lege

2007 1808 2258 1881 intelligi,
2289 1810 2408 1866 sine
2455 1813 2690 1867 articulo
2720 1815 2959 1869 nominat
2990 1816 3181 1888 legem.
3217 1817 3293 1872 Et
3322 1819 3437 1873 hoc
3480 1835 3594 1889 ergo

2007 1899 2059 1953 in
2095 1900 2214 1956 loco
2245 1903 2333 1957 ubi
2365 1904 2517 1969 dicit,
2548 1925 2567 1956 ι
2606 1906 2759 1960 Nunc
2784 1908 2902 1961 sine
2938 1906 3053 1977 lege
3080 1908 3303 1976 justitia
3356 1911 3460 1963 Dei
3495 1928 3593 1964 ma-

2004 1991 2263 2047 nifestata
2294 2007 2396 2059 est,
2433 2014 2452 2047 ι
2498 1996 2787 2051 articulum
2834 2013 2941 2051 non
2996 1998 3198 2064 habet;
3240 1999 3299 2054 in
3350 2002 3590 2069 sequenti

2002 2098 2134 2140 vero
2163 2085 2250 2139 ubi
2280 2087 2429 2151 dicit,
2466 2106 2485 2138 ι
2532 2088 2840 2142 Testificata
2880 2105 2908 2142 a
2951 2090 3066 2160 lege
3113 2100 3168 2145 et
3224 2093 3541 2161 prophetis,
3569 2112 3587 2143 ι

2003 2177 2241 2232 secundo
2269 2177 2320 2230 in
2345 2177 2464 2232 loco
2493 2179 2664 2248 legem
2693 2195 2815 2233 cum
2848 2182 3077 2234 articulo
3112 2184 3325 2249 posuit.
3365 2182 3432 2237 Si
3473 2201 3591 2254 ergo

2002 2270 2335 2325 sufﬁcienter
2365 2272 2543 2340 patuit
2574 2272 2641 2327 de
2691 2271 2826 2340 legis
2865 2273 3229 2342 appellatione
3272 2277 3590 2343 diversitas,

2002 2362 2281 2416 videamus
2314 2378 2458 2418 nunc
2494 2377 2614 2431 quae
2634 2362 2846 2431 justitia
2887 2365 3007 2419 sine
3049 2367 3291 2421 naturali
3322 2370 3458 2440 lege
3488 2386 3591 2423 ma-

2000 2454 2304 2509 nifestetnr.
2326 2454 2472 2510 ldem
2513 2456 2789 2524 apostolus
2818 2455 3013 2512 Paulus
3052 2458 3290 2515 dicitde
3320 2462 3587 2523 Christo.

1998 2543 2127 2613 quia
2161 2561 2177 2594 ι
2206 2543 2384 2597 factus
2414 2553 2498 2599 est
2537 2545 2695 2600 nobis
2741 2547 3003 2615 sapientia
3036 2563 3066 2602 a
3109 2550 3239 2616 Deo,
3272 2549 3586 2619 etjnstitia,

1998 2643 2051 2688 et
2074 2635 2454 2698 sanctilicatio,
2478 2644 2533 2687 et
2564 2635 2941 2705 redemptio“.
2983 2657 3002 2690 ι
3052 2638 3176 2693 Haec
3207 2655 3353 2712 ergo
3377 2642 3585 2708 justitia

1999 2728 2113 2792 Dei,
2144 2742 2262 2797 quae
2291 2737 2375 2781 est
2402 2725 2655 2781 Christus
2675 2768 2690 2791 ,
2726 2728 3101 2784 manifestatur
3132 2734 3254 2786 sine
3306 2734 3441 2801 lege
3476 2736 3588 2804 qui-

1997 2820 2116 2873 dem
2152 2820 2406 2883 naturali,
2441 2835 2546 2874 non
2580 2829 2758 2875 tamen
2807 2820 2926 2877 sine
2985 2822 3101 2893 lege
3130 2823 3309 2894 Moysi
3345 2826 3440 2879 vel
3471 2842 3589 2896 pro-

1995 2911 2172 2981 phetis
2205 2910 2341 2984 (66).
2374 2912 2474 2965 Dat
2520 2912 2663 2966 enim
2694 2913 2742 2966 ei
2798 2914 3167 2969 testimonium
3232 2916 3325 2971 lex
3363 2919 3515 2972 sicut
3539 2930 3587 2973 et

1996 3004 2109 3075 ipse
2142 3004 2271 3059 dicit
2308 3022 2322 3057 :
2358 3024 2377 3056 ι
2408 3002 2736 3059 Scrutamini
2769 3005 3107 3076 Scripturas;
3144 3009 3279 3077 ipsa:
3305 3023 3449 3066 sunt
3472 3028 3585 3082 qua

1998 3098 2366 3153 testimonium
2412 3098 2643 3151 reddunt
2675 3098 2741 3152 de
2769 3114 2858 3153 me
2887 3098 2955 3152 ".
3004 3119 3022 3152 ι
3056 3099 3189 3154 Nam
3228 3101 3321 3156 lex
3364 3106 3584 3173 quidem

1997 3190 2258 3246 naturalis
2291 3198 2468 3259 potest
2492 3192 2814 3246 occasiones
2844 3191 3105 3262 prtebere,
3133 3203 3186 3248 et
3229 3194 3581 3250 intellectum

1994 3282 2143 3344 dare,
2169 3292 2227 3336 ut
2258 3282 2519 3345 diximus,
2556 3284 2641 3337 vel
2672 3284 2737 3336 ad
2769 3300 2833 3336 ea
2863 3301 2981 3351 quae
3030 3286 3168 3340 inter
3202 3286 3477 3343 homines
3501 3290 3581 3358 agi

1990 3375 2220 3443 aequitas
2254 3376 2448 3443 poscit,
2472 3376 2554 3430 vel
2600 3376 2667 3429 ad
2718 3376 2825 3431 hoc
2868 3377 3069 3446 ipsum,
3104 3388 3163 3432 ut
3194 3393 3324 3433 esse
3376 3382 3582 3435 sentiat

1991 3467 2181 3520 Deum.
2218 3465 2292 3518 De
2323 3465 2541 3519 Christo
2568 3476 2749 3520 autem
2783 3467 2933 3535 quod
2975 3468 3046 3521 sit
3087 3467 3259 3523 Filius
3292 3470 3419 3537 Dei,
3458 3487 3582 3524 seu-

1988 3557 2090 3612 tire
2115 3557 2433 3612 naturaliter
2452 3558 2578 3627 quis
2610 3567 2786 3626 potest
2812 3562 2835 3612 7
2867 3559 2991 3615 Ideo
3017 3575 3146 3630 ergo
3167 3562 3292 3615 sine
3319 3562 3432 3617 hac
3468 3564 3577 3634 (67)

1987 3650 2127 3719 lege,
2155 3650 2365 3718 justitia
2395 3650 2508 3713 Dei,
2527 3665 2647 3718 qua:
2675 3662 2756 3705 est
2782 3650 3058 3716 Christus,
3080 3652 3439 3708 manifestata
3473 3666 3575 3720 est,

1986 3744 2275 3799 testificata
2300 3761 2366 3799 ex
2399 3744 2517 3813 lege
2559 3745 2727 3816 Moysi
2748 3755 2802 3798 et
2830 3747 3126 3814 prophetis.
3146 3744 3351 3802 Verum
3392 3750 3577 3817 prius-

1984 3851 2146 3905 quam
2177 3837 2243 3890 ad
2277 3837 2667 3905 consequentia
2721 3851 3092 3905 properemus,
3115 3836 3427 3892 omittenda
3467 3855 3573 3893 non

1982 3930 2197 3983 videtur
2223 3944 2290 3983 ne
2308 3930 2421 3983 haec
2449 3930 2663 3997 quidem
2709 3929 3039 3990 observatio,
3073 3929 3217 3996 quod
3250 3929 3307 3983 in
3343 3944 3576 3999 peccato

1981 4021 2194 4088 quidem
2242 4022 2566 4092 agnitionem
2599 4021 2800 4092 posuit,
2838 4021 2889 4074 in
2926 4019 3135 4088 justitia
3165 4036 3297 4075 vero
3340 4025 3574 4076 manife-

1979 4113 2291 4169 stationem.
2331 4131 2350 4164 ι
2390 4114 2563 4169 Omne
2615 4116 2759 4168 enim
2813 4115 2955 4183 quod
3004 4112 3433 4182 manifestatur,
3479 4115 3573 4169 lux

1978 4206 2165 4269 est";
2213 4226 2230 4258 ι
2268 4217 2321 4260 et
2351 4208 2393 4259 si
2424 4208 2571 4275 quod
2603 4206 2981 4261 manifestatur
3010 4206 3101 4260 lux
3140 4215 3245 4271 est,
3277 4218 3569 4275 peccatum

1978 4297 2121 4361 quod
2154 4295 2243 4349 lux
2274 4312 2377 4350 non
2407 4308 2490 4352 est
2525 4314 2630 4353 non
2663 4298 3058 4363 manifestatur,
3089 4299 3183 4351 sed
3219 4299 3567 4367 agnoscitur.

308 4403 366 4449 et
405 4394 702 4465 pr0phetis,
726 4412 745 4445 ι
765 4391 934 4465 Moysi
964 4393 1129 4465 legem
1163 4393 1426 4460 designat.
1451 4391 1604 4457 Quod
1634 4392 1679 4444 si
1706 4390 1881 4444 adhuc
1913 4387 1956 4442 D
1986 4387 2098 4457 Ego
2122 4390 2200 4443 sic
2228 4391 2434 4457 accipio
2469 4401 2525 4445 et
2556 4392 2710 4445 illud:
2743 4389 2917 4444 «Nihil
2948 4389 3219 4443 occultum
3255 4391 3409 4459 quod
3457 4407 3565 4445 non

309 4486 407 4540 tibi
430 4488 605 4540 minus
627 4487 845 4556 planum
872 4495 1090 4556 putatur
1114 4499 1233 4540 esse
1259 4484 1403 4552 quod
1434 4483 1873 4544 diximus,adde-

310 4592 430 4631 mus
455 4577 621 4631 etiam
670 4576 783 4631 haec
810 4592 824 4628 :
855 4576 913 4630 Si
953 4575 1098 4630 enim
1127 4574 1341 4629 videtur
1371 4573 1511 4642 quod
1538 4572 1650 4645 (64)
1684 4575 1871 4627 eadem

305 4668 392 4723 lex
417 4667 489 4721 sit
512 4667 579 4721 de
604 4682 708 4734 qua
730 4667 966 4721 dicitur:
990 4684 1009 4717 ι
1032 4665 1186 4721 Nunc
1216 4676 1393 4719 autem
1424 4665 1541 4719 sine
1569 4665 1684 4734 lege
1712 4664 1874 4732 justi-

306 4757 382 4810 tia
431 4756 524 4811 Dei
572 4756 914 4811 manifestata
959 4764 1062 4819 est,
1101 4772 1123 4807 ι
1156 4770 1275 4825 quae
1320 4767 1402 4809 est
1445 4764 1499 4809 et
1547 4756 1634 4808 illa
1668 4755 1733 4809 de
1766 4770 1873 4826 qua

306 4848 383 4902 ait
413 4861 430 4902 :
459 4865 479 4899 ι
520 4846 825 4901 Testilicata
853 4862 882 4899 a
916 4846 1029 4914 lege
1053 4855 1109 4899 et
1154 4844 1428 4915 prophetis
1462 4862 1477 4911 ;
1521 4865 1539 4895 ι
1577 4845 1619 4897 si
1652 4844 1870 4913 quidem

304 4940 426 4995 sine
455 4938 570 5010 lege
600 4938 713 5010 (65)
752 4938 1096 4993 manifestata
1127 4947 1232 5003 est,
1267 4954 1374 4990 non
1404 4937 1599 5005 accipit
1632 4936 1874 4989 testimo-

373 5105 421 5137 ⁸³
450 5104 577 5173 Sap.
608 5121 647 5169 ι,
680 5103 698 5157 1
734 5120 750 5169 ;
780 5103 918 5157 Psal.
962 5122 1021 5169 tt,
1050 5105 1139 5159 10.
1217 5100 1261 5131 ³⁸
1284 5099 1417 5153 Tob.
1471 5115 1543 5159 tv,
1576 5098 1629 5151 6.
1707 5098 1751 5129 ³⁸
1776 5096 1820 5151 Μ

378 5218 394 5232 .
468 5178 513 5212 ⁸⁹
543 5174 749 5238 ibid.7,
777 5174 863 5229 10.
970 5176 1016 5207 ⁸⁸
1056 5174 1187 5229 ibid.
1218 5171 1307 5224 15.
1417 5168 1458 5198 δ’
1487 5167 1642 5222 Joatt.
1678 5171 1803 5230 Ix,l

2047 5116 2085 5165 t,
2137 5102 2185 5155 1.

2080 5172 2123 5202 δ’
2154 5173 2185 5225 il

302 5175 394 5232 35.
468 5171 749 5238 "_ibid.7,
777 5174 863 5229 10.
970 5176 1016 5207 ⁸⁸
1056 5174 1187 5229 ibid.
1218 5171 1307 5224 15.

301 5243 349 5278 ⁸³
370 5243 528 5300 Joan.
552 5260 605 5309 v,
651 5244 741 5299 59.
817 5244 862 5275 “
892 5244 1090 5313 Ephes.
1121 5260 1174 5309 v,
1218 5244 1302 5297 15.

369 5362 484 5429 (61)
515 5361 604 5417 Al.
637 5378 655 5412 ε
685 5361 893 5415 sentiri.
925 5379 943 5413 ι

372 5425 482 5500 (62)
516 5429 643 5485 Ηιεε
678 5441 724 5484 et
746 5429 1047 5500 hujusmodi
1077 5429 1245 5497 jusla.
1279 5425 1552 5500 Sic-mss.
1592 5434 1645 5478 et
1688 5425 1866 5480 Raba-

301 5496 423 5553 ttuS.
455 5504 523 5554 At
556 5501 707 5563 editi,
738 5519 757 5551 ι
794 5496 932 5554 lianc
961 5507 1014 5554 et
1047 5496 1350 5565 hujusmodi
1378 5496 1667 5564 justitiam.
1711 5516 1729 5547 ι

372 5572 484 5638 (65)
509 5570 601 5625 Sic
626 5586 752 5625 mss.
789 5571 927 5628 Editi
948 5585 1095 5635 vero,
1118 5586 1135 5620 ι
1167 5568 1233 5623 Ει
1249 5569 1437 5623 bibere
1454 5582 1518 5622 ex
1536 5581 1697 5634 aqua,
1724 5581 1867 5619 nunc

301 5642 540 5705 quidem,
579 5660 599 5691 ι
632 5651 740 5695 etc.

1415 5240 1457 5270 ⁸⁷
1485 5238 1613 5293 an.
1652 5254 1773 5306 vttt,
1800 5236 1887 5293 17Σ

1983 4479 2380 4543 manifestatur,
2413 4497 2511 4535 nec
2549 4491 2796 4552 opertum
2827 4484 2971 4550 quod
3007 4495 3112 4535 non
3146 4482 3431 4535 reveletur
3461 4482 3563 4535 ⁸⁷.»

1981 4570 2087 4624 Sed
2128 4578 2195 4623 ad
2232 4572 2567 4640 propositum
2602 4583 2964 4627 revertamur.
3005 4571 3115 4626 Lex
3153 4588 3286 4642 ergo
3332 4582 3389 4627 et
3430 4590 3563 4644 pro-

1979 4657 2152 4725 pheta:
2177 4668 2339 4713 testes
2374 4670 2502 4714 sunt
2534 4661 2757 4731 justitia:
2807 4661 2930 4727 Dei;
2967 4677 3085 4730 qua:
3110 4661 3326 4729 justitia
3371 4678 3475 4731 per
3502 4665 3563 4716 ti-

1976 4748 2094 4804 dem
2117 4748 2245 4803 Jesu
2276 4750 2481 4806 Christi
2510 4752 2894 4806 manifestatur
2926 4752 2980 4805 in
3021 4767 3212 4806 omnes
3242 4754 3557 4816 credentes,

1975 4843 2247 4912 inquibus
2289 4843 2431 4896 nulla
2482 4851 2566 4897 est
2604 4842 2903 4909 distinctio,
2958 4854 3137 4896 utrum
3191 4859 3257 4896 ex
3308 4843 3556 4909 Judzets,

1976 4951 2045 4989 an
2081 4953 2146 4989 ex
2187 4940 2439 5006 gentibus
2487 4937 2731 4993 credant.
2775 4935 2906 4990 Vide
2945 4947 3125 4989 autem
3153 4935 3281 5005 quia
3319 4935 3554 4989 manife-

2636 5103 2678 5134 ³⁷
2705 5103 2860 5156 Rum.
2896 5118 2978 5165 Ill,
3012 5101 3101 5154 21.
3178 5099 3223 5132 ³⁸
3250 5099 3419 5154 Joan.
3476 5116 3549 5160 tv.

2636 5191 2729 5226 nn.
2774 5189 2873 5226 vn.
2901 5173 2985 5226 14.
3090 5171 3138 5205 ⁸⁵
3164 5172 3179 5224 1
3205 5171 3334 5226 Cur.
3376 5188 3417 5226 ι.
3456 5171 3543 5223 50.

2262 5102 2306 5133 ³⁵
2346 5103 2473 5155 ibid.
2504 5103 2557 5155 5.

2080 5172 2123 5202 δ’
2154 5173 2282 5225 ibid.
2317 5173 2408 5227 59.
2504 5172 2549 5205 "
2573 5174 2729 5227 llotn.
2774 5189 2873 5238 vn,
2901 5173 2985 5226 14.

2044 5352 2169 5427 (δέ),
2187 5350 2345 5427 Editi,
2380 5349 2478 5427 ε-δί
2508 5348 2601 5402 tibi
2633 5315 2858 5427 videtur,
2893 5349 3060 5427 quod,
3101 5364 3121 5397 .
3151 5353 3255 5427 etc.

2044 5416 2169 5493 (65f
2192 5422 2301 5484 AL,
2325 5438 2343 5471 ι
2385 5418 2509 5473 llaec
2560 5421 2776 5487 quidem
2820 5434 2940 5487 qua:
2982 5418 3101 5472 sine
3151 5416 3297 5487 lege,
3330 5432 3351 5465 ›
3388 5424 3538 5477 etc.,

1976 5494 2136 5548 male.

2047 5564 2156 5633 (66)
2190 5562 2297 5633 Al,
2338 5560 2475 5633 evel
2513 5560 2913 5633 prophetarum.
2956 5575 2975 5608 ι

2048 5631 2159 5705 (67)
2198 5632 2330 5685 Huc.
2368 5632 2526 5685 Deest
2559 5631 2609 5683 in
2637 5642 2797 5684 antea
2824 5632 3002 5681 cuius.
