3684 6148
101 320 195 377 945

1030 318 1381 379 ΟΟΜΜΕΝΤ,
1418 319 1487 376 IN
1521 318 1739 377 EPIST.
1776 322 1866 379 AD
1901 323 2066 381 80M.
2108 323 2235 383 LIB.
2279 327 2364 383 lli.

3210 336 3345 393 946-

103 435 290 494 standte
326 432 553 504 justitiaa
604 435 699 491 Dei
735 434 876 512 ('68)
926 451 1032 493 non
1088 453 1247 493 unam
1297 442 1479 507 posuit
1524 455 1655 494 cau-
1684 447 1730 502 Α
1829 444 1883 498 8.
1917 462 1937 495 ι
1969 444 2139 511 Quem
2169 446 2448 517 proposuit
2475 448 2615 503 Deus
2646 451 3083 521 propitiationcm
3122 470 3217 525 per
3246 457 3339 511 fi--

102 543 206 583 sam
260 527 634 580 tantummodo
679 527 825 592 fidei,
852 530 950 583 sed
998 540 1053 583 et
1120 530 1294 600 legem
1326 532 1497 584 sociat
1539 528 1653 601 (69)

102 626 152 672 et
187 614 516 687 prophetas,
562 616 688 684 quia
743 630 919 687 neque
972 616 1106 673 fides
1158 619 1269 673 sola
1325 617 1485 689 513
1537 620 1656 675 sine

103 706 210 775 lege
246 712 302 759 et
347 703 627 773 prophetis
688 704 1000 761 manifestat
1067 705 1334 775 justitiam
1387 710 1511 773 Dei,
1558 724 1656 764 ne-

101 812 200 867 que
263 811 450 851 rursus
498 798 581 850 lex
626 806 682 852 et
732 798 1005 868 prophetae
1050 800 1168 853 sine
1224 800 1329 854 lide
1369 816 1381 851 :
1426 800 1653 855 alterum

101 903 221 961 ergo
272 889 443 942 haeret
494 903 561 942 ex
621 886 839 953 altero,
877 897 937 941 ut
975 889 1048 943 sit
1089 904 1154 944 ex
1216 899 1446 960 utroque
1481 890 1658 961 perfe-

101 981 219 1032 ctio.
259 976 436 1043 Nulla,
485 977 684 1047 inquit,
716 977 997 1033 distinctio
1043 987 1127 1034 est
1161 978 1307 1036 inter
1338 978 1562 1037 Jndteos
1599 991 1656 1038 et

101 1068 326 1131 Gnécos,
355 1083 481 1122 cnm
524 1078 737 1124 constet
779 1084 848 1124 ex
876 1084 1034 1138 aequo
1063 1084 1257 1125 omnes
1290 1073 1390 1127 sub
1426 1084 1656 1141 peccato

104 1158 263 1210 factos
290 1171 433 1220 esse,
459 1158 600 1212 sicut
628 1173 791 1227 supra
830 1157 1049 1223 claruit,
1091 1169 1146 1215 et
1185 1176 1329 1215 nunc
1390 1161 1657 1232 justitiam

102 1246 353 1319 Dei,legis
380 1258 434 1303 et
480 1249 869 1319 prophetarum
930 1252 1260 1307 testimoniis
1305 1252 1516 1319 fultam,
1553 1270 1653 1325 per

102 1338 250 1392 ﬁdem
284 1339 409 1393 Jesu
441 1338 645 1395 Christi
669 1356 733 1394 ex
767 1356 926 1411 aequo
968 1343 1221 1399 omnibus
1251 1345 1454 1399 datam.
1482 1344 1562 1400 Ex
1588 1361 1656 1402 eo

100 1428 232 1497 quod
259 1442 446 1483 omnes
474 1430 574 1484 sub
618 1441 844 1499 peccato
871 1430 1006 1486 facti
1070 1432 1307 1499 fuerant,
1336 1435 1499 1491 alieni
1529 1437 1652 1494 sine

99 1518 252 1574 dubio
280 1520 455 1575 effecti
482 1531 610 1577 sunt
636 1523 801 1577 etiam
831 1538 861 1577 a
884 1523 1052 1594 gloria
1078 1524 1193 1587 Dei.
1230 1528 1374 1595 quod
1406 1543 1527 1583 eam
1553 1545 1656 1586 nec

100 1625 287 1679 capere
317 1611 425 1667 ullo
457 1628 658 1683 genere
687 1622 959 1684 poterant,
986 1629 1088 1670 nec
1132 1618 1353 1674 mereri.
1376 1618 1655 1685 Quomodo

98 1703 234 1755 enim
264 1712 525 1773 peccator
559 1706 784 1760 auderet
806 1705 940 1759 dare
972 1705 1199 1775 gloriam
1234 1707 1365 1772 Deo,
1392 1709 1461 1763 ad
1489 1725 1651 1780 quem

1756 534 1875 587 dem
1918 535 1970 588 in
2001 537 2264 604 sanguine
2286 538 2421 604 ejus,
2450 541 2517 593 ad
2542 543 2904 597 ostensionem
2932 542 3155 609 jnslilize
3178 563 3308 611 Siue,

1756 639 1852 693 per
1874 623 1986 697 (75)
2020 627 2394 683 remissionem
2427 633 2839 699 praecedentium
2874 633 3214 704 delictorum,
3256 639 3311 693 in

1754 719 2202 775 sustentationem
2250 721 2366 786 Dei,
2419 723 2484 776 ad
2521 725 2880 780 ostensionem
2920 726 3140 796 justitire
3194 730 3335 800 ejus»

1755 806 1810 862 in
1834 808 1937 862 hoc
1959 818 2200 879 tempore
2218 828 2231 863 :
2252 822 2312 865 ut
2332 812 2401 867 sit
2422 813 2533 883 ipse
2550 814 2754 883 justus,
2775 816 3140 883 etjnstilicans
3162 836 3308 887 cum,
3398 818 3415 887 ί

1752 897 1843 966 qui
1875 913 1943 952 ex
1974 900 2077 953 fide
2103 909 2185 955 est
2210 898 2337 955 Jesu
2374 900 2573 957 Christi
2602 903 2670 958 “.
2708 923 2727 957 ι
2760 904 2893 959 Cum
2935 905 3100 960 multa
3131 924 3228 962 nos
3255 918 3311 963 et

1754 987 2070 1041 admiranda
2103 990 2374 1046 docuisset
2399 1002 2619 1048 sanctus
2667 993 2958 1064 Apostolus
2986 997 3052 1050 de
3084 998 3311 1053 Domino

1754 1088 1943 1132 nostro
1983 1077 2107 1134 Jesu
2138 1080 2375 1148 Christo,
2416 1099 2537 1153 quae
2567 1100 2665 1155 per
2689 1088 3004 1157 mysterium
3036 1089 3101 1143 de
3134 1104 3200 1145 eo
3232 1090 3313 1143 di-

1760 1173 1977 1226 cuntur,
2001 1164 2101 1218 hoc
2130 1168 2180 1219 in
2200 1166 2319 1220 loco
2335 1170 2659 1223 eminentius
2685 1171 2886 1238 aliquid
2914 1172 3314 1242 protulit,quod

1759 1269 1865 1306 non
1902 1253 2061 1309 facile
2092 1257 2145 1310 in
2179 1257 2300 1312 aliis
2327 1259 2622 1328 Scriptura!
2648 1260 2780 1315 locis
2800 1262 3038 1318 arbitror
3059 1264 3309 1318 inveniri.

1761 1341 1895 1411 Nam
1930 1362 2050 1401 cum
2080 1350 2334 1418 superius
2367 1351 2612 1415 dixisset,
2647 1354 2787 1423 quod
2823 1370 2920 1423 pro
2943 1355 3088 1409 omni
3114 1370 3311 1426 genere

1759 1434 1998 1492 humano
2034 1441 2457 1510 redemptionem
2490 1445 2836 1513 semetipsum
2864 1445 3195 1508 dedisset,ut
3219 1460 3311 1499 eos

1754 1526 1851 1597 qui
1900 1528 1952 1582 in
1992 1543 2335 1601 peccatorum
2375 1535 2688 1603 captivitate
2718 1538 3036 1593 tenebantur
3076 1537 3308 1592 redime-

1761 1620 1921 1686 ret",
1937 1622 2063 1674 dum
2083 1640 2102 1673 ι
2122 1622 2239 1675 sine
2261 1623 2367 1676 Deo
2386 1624 2741 1691 prnomnibns
2757 1639 2983 1684 mortem
3001 1640 3177 1701 gustat
3197 1632 3243 1663 ⁸⁸
3258 1648 3270 1681 :
3287 1650 3306 1685 ο

1754 1722 1900 1761 nunc
1919 1706 2067 1761 addit
2102 1706 2303 1776 aliquid
2332 1705 2643 1772 sublimius,
2670 1716 2725 1762 et
2745 1706 2897 1771 dicit,
2916 1707 3041 1774 quia
3065 1724 3086 1758 ι
3118 1720 3313 1775 propo-

99 1794 224 1847 dicit
273 1793 546 1861 Propheta
577 1814 592 1849 :
628 1814 648 1849 ι
699 1796 980 1855 Peccatori
1037 1808 1219 1855 autem
1279 1800 1419 1856 dixit
1465 1777 1610 1859 Deus
1637 1818 1654 1858 :
1685 1777 1731 1837 Β
1761 1799 1871 1852 suit
1898 1813 2020 1852 eum
2048 1798 2187 1852 Deus
2209 1798 2645 1867 propitiationem
2673 1790 2766 1866 per
2788 1794 2946 1852 ﬁdem
2973 1797 3025 1850 in
3052 1796 3315 1867 sanguine

100 1883 270 1950 Quare
304 1895 357 1940 tu
383 1900 613 1941 enarras
636 1886 882 1958 justitias
899 1891 1140 1947 meas“?
1173 1910 1193 1944 ι
1228 1892 1296 1948 Ει
1333 1893 1528 1949 iterum
1551 1896 1655 1950 alia

100 1972 377 2045 Scriptura
415 1978 547 2033 dicit
578 1994 593 2030 :
623 1996 644 2031 ι
679 1979 795 2036 Νοιι
824 1990 907 2037 est
945 1983 1193 2052 speciosa
1221 1985 1336 2039 laus
1368 1985 1457 2040 Dei
1486 1988 1540 2040 in
1565 2001 1659 2041 ore

97 2068 396 2135 peccatoris
423 2066 489 2121 “.
531 2087 552 2122 ι
592 2070 798 2127 idcirco
834 2073 1041 2143 justitia
1083 2073 1176 2129 Dei
1202 2090 1296 2145 per
1326 2075 1483 2131 fidem
1528 2077 1657 2134 Jesu

96 2158 295 2213 Christi
324 2160 394 2214 ad
420 2175 609 2215 omnes
629 2164 949 2232 perveniens
969 2166 1060 2235 qui
1091 2164 1338 2230 credunt,
1360 2168 1473 2223 sive
1491 2166 1659 2224 ιιιόωί

94 2250 221 2316 sint,
253 2251 372 2305 sive
421 2251 617 2319 Graeci,
652 2264 913 2325 purgatos
943 2272 1040 2313 eos
1067 2272 1098 2312 a
1136 2259 1413 2327 prioribus
1441 2261 1661 2316 sceleri-

94 2341 197 2397 bus
220 2342 519 2412 justificat,
566 2353 621 2400 et
671 2361 904 2416 capaces
932 2349 1065 2404 facit
1094 2350 1278 2420 gloriae
1304 2350 1401 2408 Dei
1430 2369 1447 2409 :
1476 2362 1531 2408 et
1561 2354 1662 2409 hoc

95 2449 203 2489 non
224 2450 293 2489 ex
322 2436 535 2493 meritis
560 2452 773 2504 eorum,
799 2456 899 2497 nec
937 2456 1038 2513 pro
1077 2444 1336 2513 operibus
1380 2444 1533 2511 facit,
1566 2448 1660 2503 sed

92 2525 266 2594 gratis
317 2527 545 2598 gloriam
575 2532 924 2587 credentibus
958 2532 1073 2605 (70)
1104 2544 1345 2602 praestat.
1384 2552 1405 2589 ε
1438 2536 1541 2592 Per
1573 2552 1661 2593 reo

90 2617 486 2687 demptionem,
517 2620 716 2692 inquit,
749 2641 869 2695 quae
891 2635 973 2680 est
1003 2625 1058 2679 in
1094 2627 1311 2682 Christo
1333 2626 1482 2684 Jesu.
1516 2648 1535 2682 ι
1571 2629 1662 2684 Vi-

93 2708 319 2763 deamus
354 2712 623 2768 attentius
650 2715 781 2782 quid
809 2714 913 2770 sibi
945 2717 1070 2772 velit
1099 2718 1399 2785 redemptio
1424 2735 1547 2788 qua:
1576 2730 1661 2776 est

92 2796 145 2850 in
180 2798 408 2855 Christo
448 2801 596 2858 Iesu.
626 2803 946 2876 Redemptio
992 2808 1192 2863 dicitur
1246 2809 1300 2864 id
1332 2811 1475 2878 quod
1504 2811 1665 2866 datur

92 2888 345 2946 hostibus
385 2908 485 2961 pro
532 2894 618 2949 his
664 2910 801 2966 quos
835 2897 888 2950 in
932 2898 1252 2967 captivitate
1285 2899 1567 2967 detinent,
1606 2912 1666 2958 ut

90 2999 186 3038 eos
218 2986 515 3042 restituant
564 2988 805 3057 pristime
839 2989 1099 3045 libertati.
1150 2991 1508 3047 Detinebatur
1534 3010 1665 3065 ergo

88 3077 231 3144 apud
259 3077 381 3148 (Ἠ)
410 3080 593 3135 hostes
627 3080 846 3134 humani
892 3084 1107 3151 generis
1131 3084 1412 3152 captivitas
1442 3096 1664 3156 peccato

88 3174 352 3239 tanquam
389 3171 529 3225 bello
560 3181 842 3241 superata:
865 3174 1011 3228 venit
1036 3174 1201 3229 Filius
1220 3175 1313 3231 Dei
1336 3194 1356 3228 ι
1376 3178 1470 3246 qni
1492 3177 1665 3233 factus

86 3269 170 3313 est
198 3261 364 3315 nobis
390 3280 409 3314 ι
446 3279 551 3319 non
588 3263 762 3317 solum
791 3281 810 3314 ι
846 3266 1113 3335 sapientia
1137 3281 1167 3319 a
1201 3266 1331 3334 Deo,
1355 3268 1664 3338 etjustitia,

87 3361 139 3404 et
175 3352 571 3419 sanctificatio,
606 3374 624 3408 ι
648 3357 742 3411 sed
780 3374 799 3408 ι
830 3367 886 3412 et
912 3359 1212 3429 redemptio
1240 3358 1286 3391 '°
1310 3377 1324 3414 :
1345 3377 1365 3413 ι
1396 3369 1450 3414 et
1470 3371 1666 3426 semet-

86 3440 263 3510 ipsum
325 3445 474 3499 dedit
527 3446 988 3517 redemptionem,
1055 3450 1108 3505 id
1181 3460 1262 3506 est
1316 3452 1664 3523 semetipsum

85 3531 345 3588 hostibus
385 3537 622 3601 tradidit,
678 3554 742 3593 ac
773 3540 1079 3595 sitientibus
1124 3541 1205 3595 eis
1255 3556 1412 3597 suum
1451 3545 1667 3613 sangui-

84 3639 210 3678 nem
242 3626 395 3682 fudit
421 3644 437 3682 :
472 3640 528 3683 et
551 3629 664 3685 haec
688 3642 769 3686 est
794 3634 1144 3689 credentibus
1173 3634 1315 3688 facta
1346 3637 1663 3704 redemptio,

81 3719 228 3773 sicut
280 3729 342 3774 et
387 3720 576 3777 Petrus
626 3722 679 3776 in
737 3722 977 3794 Epistola
1022 3740 1120 3780 sua
1172 3725 1399 3794 scribit,
1428 3728 1660 3783 dicens:

90 3826 109 3859 ι
145 3808 291 3877 Quia
334 3827 448 3867 non
487 3815 829 3889 corruptibili
858 3825 1087 3887 argenlo
1114 3816 1196 3871 vel
1237 3833 1372 3871 auro
1406 3818 1666 3889 redempti

80 3904 242 3966 estis,
272 3906 377 3959 sed
409 3906 649 3974 pretioso
687 3886 950 3978 sanguine
974 3909 1238 3977 unlgeniti
1261 3908 1384 3964 Filii
1412 3911 1503 3965 Dei
1533 3886 1608 3964 u.
1643 3930 1662 3962 ι

82 3989 198 4047 lloe
228 3992 492 4050 fortassis
530 4005 585 4050 et
607 3997 860 4053 Salomon
902 4000 1002 4055 sub
1036 4001 1292 4072 mysterio
1327 4002 1665 4072 designabat,

81 4082 325 4139 dicens:
379 4104 399 4139 ι
456 4087 779 4159 Redemptio
832 4091 1030 4145 animat
1059 4092 1163 4145 viri
1204 4092 1435 4162 propriae
1465 4094 1668 4149 divitiae

80 4174 203 4238 ejus
231 4176 306 4231 ⁸¹.
345 4197 367 4231 ι
397 4176 454 4231 Si
482 4180 624 4233 enim
653 4183 897 4251 requiras
918 4199 1037 4253 qua:
1062 4185 1171 4238 sint
1205 4185 1402 4241 anima:
1434 4187 1668 4256 propriae

78 4261 321 4328 divitiae,
358 4266 606 4323 invenies
636 4271 955 4340 sapientiam
987 4274 1204 4329 divitias
1257 4276 1374 4345 ejus
1416 4292 1561 4339 esse,
1612 4286 1668 4331 et

70 4355 387 4422 justitiam,
405 4370 463 4413 et
483 4361 990 4421 sanctificationem.
1007 4365 1132 4422 Haec
1152 4378 1330 4421 autem
1355 4370 1537 4423 omnia
1553 4367 1665 4441 (72)

1762 1889 1980 1960 ipsius:
2014 1907 2034 1941 ι
2077 1903 2186 1958 quo
2238 1888 2448 1943 scilicet
2501 1903 2594 1957 per
2643 1888 2873 1942 hostiam
2926 1889 3010 1941 sui
3066 1888 3315 1957 corporis

1761 1979 2050 2050 propitium
2093 1978 2401 2034 hominibus
2470 1977 2673 2034 faceret
2716 1977 2909 2043 Deum,
2965 1988 3023 2033 et
3066 1993 3160 2048 per
3213 1980 3316 2035 hoc

1761 2073 2074 2129 ostenderet
2098 2070 2364 2140 justitiam
2390 2085 2569 2133 suam,
2591 2071 2718 2124 dum
2745 2071 2824 2124 eis
2851 2070 3149 2125 remitteret
3175 2084 3315 2139 prae-

1761 2166 2011 2222 cedentia
2054 2165 2272 2229 delicta,
2315 2178 2436 2233 quae
2471 2163 2721 2234 pessimis
2763 2162 3007 2232 tyrannis
3032 2162 3318 2216 serviendo

1758 2267 2148 2313 contraxerant
2173 2273 2242 2313 eo
2270 2267 2511 2326 tempore
2532 2270 2638 2326 quo
2668 2254 2966 2309 sustinebat
2998 2264 3054 2308 et
3078 2253 3319 2323 patieba-

1758 2355 1849 2403 tur
1873 2350 2016 2404 Deus
2041 2351 2156 2404 haec
2187 2350 2329 2404 ﬁeri.
2373 2348 2478 2403 Sed
2509 2348 2576 2403 ad
2603 2348 2707 2402 hoc
2737 2346 3064 2415 patiebatur,
3093 2356 3152 2400 ut
3197 2354 3320 2416 post

1762 2442 1898 2505 haec,
1934 2441 1987 2496 id
2005 2452 2088 2496 est
2125 2441 2177 2495 in
2204 2443 2308 2495 hoc
2331 2450 2575 2509 tempore
2591 2437 3037 2508 (74),ostenderet
3052 2438 3317 2505 justitiam

1762 2548 1940 2587 suam.
1975 2531 2030 2587 In
2055 2532 2522 2587 consummatione
2555 2531 2754 2585 etenim
2784 2529 2993 2595 seculi,
3030 2531 3080 2583 in
3104 2562 3107 2565 λ
3133 2531 3316 2583 novis-

1760 2626 1900 2680 simo
1930 2634 2175 2693 tempore
2206 2622 2569 2678 manifestavit
2601 2621 2739 2675 Deus
2764 2621 3031 2691 justitiam
3062 2637 3236 2684 suam,
3265 2630 3319 2676 et

1769 2718 2200 2787 redemptionem
2226 2717 2377 2771 dedit
2405 2731 2527 2769 eum
2550 2729 2707 2781 quem
2735 2714 3140 2783 pr0pitiatorem
3171 2713 3316 2768 fecit:

1762 2824 1830 2865 ne
1862 2810 2002 2864 forte
2034 2808 2083 2863 si
2110 2810 2263 2879 prius
2299 2809 2708 2879 propitiatoretn
2751 2807 3024 2869 misisset,
3072 2820 3174 2858 non
3210 2816 3317 2858 tam

1762 2901 1963 2955 mullos
1993 2900 2212 2954 humani
2237 2901 2450 2969 generis
2479 2898 2884 2969 repropitiasset
2912 2898 3041 2962 Deo,
3076 2912 3238 2966 quam
3266 2896 3318 2949 in

1764 2994 1855 3049 bis
1891 2994 2225 3065 temporibus
2256 2995 2452 3063 quibus
2476 2993 2590 3063 jam
2626 2992 2857 3047 mundus
2902 2991 3138 3061 repletus
3171 2989 3323 3043 vide-

1768 3095 1858 3141 tur
1888 3087 2218 3142 hominibus.
2265 3088 2405 3141 Deus
2426 3087 2569 3141 enim
2591 3087 2769 3157 justus
2795 3094 2899 3149 est,
2936 3093 2993 3139 et
3038 3082 3322 3153 jnstusjn-

1768 3180 2008 3235 stificare
2053 3193 2158 3233 non
2190 3186 2400 3249 poterat
2434 3179 2664 3249 injustos
2703 3176 2815 3250 (75)
2844 3194 2858 3230 :
2894 3176 3014 3230 ideo
3046 3175 3321 3229 interven-

1767 3280 1879 3327 tum
1929 3270 2098 3325 voluit
2141 3285 2262 3325 esse
2312 3270 2706 3340 propitiatoris,
2752 3278 2811 3324 ut
2857 3282 2953 3337 per
3000 3267 3119 3335 ejus
3162 3266 3322 3319 fidem

1764 3359 2198 3429 iustificarentur
2222 3361 2314 3430 qui
2347 3375 2444 3430 per
2471 3376 2635 3430 opera
2666 3359 2881 3431 propria
2907 3357 3192 3427 justilicari
3217 3372 3321 3411 non

1766 3462 2044 3524 poterant.
2072 3452 2218 3521 Haec,
2250 3463 2509 3523 quantum
2535 3454 2599 3509 ad
2631 3453 2898 3508 sermonis
2943 3452 3110 3522 ipsius
3136 3451 3325 3520 expla—

1768 3544 2041 3600 nationem
2077 3554 2350 3614 spectant,
2408 3545 2685 3614 praemissa
2736 3542 2866 3606 sint,
2921 3551 2979 3597 ut
3029 3543 3321 3610 apostolica

1771 3633 1932 3689 lectio
1956 3633 2260 3688 evidentior
2306 3632 2418 3688 fiat.
2447 3632 2604 3685 Nunc
2632 3638 2836 3693 autem,
2866 3638 2924 3683 ut
2960 3628 3116 3683 nobis
3156 3628 3325 3681 moris

1767 3734 1874 3793 est,
1911 3726 2038 3796 quid
2070 3725 2293 3779 interior
2319 3738 2512 3778 sensus
2549 3723 2828 3793 apostolici
2854 3720 3121 3776 sermonis
3149 3717 3327 3773 conti-

1769 3828 1893 3870 neat
1909 3816 2250 3886 requiramus
2273 3831 2287 3880 ;
2305 3824 2358 3870 et
2377 3815 2549 3884 primo
2569 3815 2810 3868 omnium
2833 3812 3105 3883 quomodo
3119 3810 3324 3863 dictum

1770 3907 1841 3961 sit
1869 3925 1882 3960 :
1913 3924 1932 3957 ι
1968 3907 2141 3972 Quem
2170 3905 2450 3976 proposuit
2503 3904 2646 3958 Deus
2696 3899 3128 3971 propitiatorium
3187 3897 3326 3966 (sive

1775 3995 2208 4067 propitiatorem)
2245 4010 2338 4064 per
2379 3994 2537 4050 fidem
2580 3995 2633 4047 in
2685 3992 2947 4063 sanguine
2972 3991 3109 4059 ejus.
3144 4007 3163 4040 ι
3196 3987 3326 4042 Cer-

1771 4100 1882 4143 tum
1910 4088 2070 4144 estin
2098 4087 2352 4142 omnibus
2383 4100 2520 4158 pene
2553 4085 2687 4140 locis
2716 4082 2961 4154 Apostoli
3010 4095 3225 4136 sensum
3257 4092 3325 4132 ex

1770 4185 1907 4254 legis
1934 4193 1990 4238 et
2046 4181 2434 4253 prophetarum
2469 4192 2693 4234 manare
2738 4177 3031 4233 thesauris.
3083 4174 3329 4244 lnquira--

1772 4291 1893 4331 mus
1913 4290 2045 4345 ergo
2077 4274 2168 4328 ubi
2196 4272 2611 4341 appellationem
2637 4269 2993 4343 pr0pitiatorii
3031 4265 3324 4327 invenerit,

1773 4376 1823 4422 et
1854 4367 1996 4421 unde
2026 4366 2127 4419 hoc
2158 4379 2352 4420 nomen
2377 4366 2753 4433 assumpserit.
2808 4361 3028 4418 Memini
3057 4361 3109 4414 in
3139 4359 3327 4413 Exodo

75 4442 380 4503 Christum
408 4464 532 4505 esse
573 4452 706 4507 dicit
729 4452 1019 4524 Apostolus
1044 4458 1111 4511 ⁸³.
1145 4459 1396 4514 Christus
1421 4474 1551 4530 ergo
1582 4472 1667 4515 est
1699 4459 1743 4514 D
1773 4459 2075 4528 loquentem
2092 4456 2374 4511 Dominum
2388 4457 2455 4510 ad
2469 4454 2713 4525 Moysen,
2734 4452 3331 4524 etpraecipientemqnze

74 4546 283 4602 anima:
311 4546 545 4614 divitiae,
564 4558 619 4603 et
646 4549 764 4606 ideo
794 4552 907 4621 ipse
934 4563 1018 4607 est
1044 4555 1341 4623 redemptio
1364 4557 1501 4625 ejus.
1530 4553 1667 4608 Nam

71 4640 418 4707 Corporales
475 4640 677 4696 divitiae
735 4643 1003 4710 pernicies
1042 4648 1213 4712 magis
1269 4646 1460 4700 animae
1505 4662 1663 4714 qnam

75 4731 405 4800 redemptio
434 4730 554 4799 ejus
579 4747 698 4786 esse
727 4736 1009 4790 credenda:
1047 4747 1195 4800 sunt,
1224 4737 1325 4790 nisi
1359 4737 1424 4791 ad
1468 4738 1665 4791 bonum

71 4834 216 4888 opus
277 4837 578 4877 conversa:
630 4824 858 4892 jus-tilia:
891 4837 946 4881 et
990 4829 1375 4882 misericordia:
1418 4829 1566 4893 fianl,
1610 4838 1665 4882 et

70 4924 140 4963 ex
177 4912 578 4982 corporalibus
616 4915 822 4973 divitiis
849 4918 915 4973 ad
952 4920 1147 4973 animm
1185 4920 1401 4973 divitias
1432 4918 1665 4974 transfe-

71 5013 301 5059 rantur.

140 5120 192 5152 ⁸⁸
227 5120 391 5175 Psal.
427 5120 572 5183 xui,
598 5121 685 5175 16.
762 5123 806 5154 ⁸⁸
832 5122 995 5177 Eccli.
1020 5138 1111 5186 xv,
1135 5124 1186 5179 9.
1262 5123 1311 5154 ⁸ο
1334 5123 1488 5178 lCor.
1514 5125 1634 5187 1,30

1858 5123 2001 5177 Petr.
2029 5137 2069 5182 ι.
2094 5121 2183 5177 18.

844 5193 890 5224 ⁸⁵
917 5192 1074 5248 Rom.
1108 5195 1357 5260 ttt,24;|
1396 5193 1537 5248 Tini.
1576 5211 1632 5253 ιι.

1864 5193 2029 5247 Hebr.
2057 5206 2118 5257 ιι,
2144 5192 2198 5245 9.
2275 5192 2318 5223 ⁸⁷
2343 5190 2511 5246 Exod.
2542 5206 2666 5257 xxv,
2702 5191 2765 5244 ll)
2798 5204 2910 5256 scq.

69 5190 117 5220 “
159 5191 341 5247 Rom.
379 5205 469 5258 ιιι,
491 5191 583 5258 25,
607 5192 698 5247 26.

142 5304 269 5379 (6S)
309 5303 494 5379 Εςιίιί,
530 5321 552 5358 ι
584 5306 706 5379 quia
741 5306 1054 5379 manifestat
1087 5307 1152 5360 de
1170 5307 1377 5379 jnstitia
1404 5309 1561 5379 Dei.)

143 5377 273 5441 (nu;
307 5375 441 5445 ᾼΙ..
470 5392 490 5424 ι
523 5377 616 5429 sed
648 5376 816 5445 legem
841 5377 1037 5444 posuit.
1078 5396 1096 5429 ι

145 5446 270 5512 (70)
300 5442 881 5500 ϐνεάειιιὶὺιη.ὐοθςιι
915 5447 966 5500 in
996 5459 1154 5500 amca
1189 5447 1373 5502 editis.

1772 4557 2052 4620 oporteret
2078 4563 2200 4605 eum
2235 4547 2437 4611 facere,
2488 4549 2665 4621 primo
2712 4545 2926 4613 quidem
2959 4541 3215 4596 mandare
3242 4554 3337 4593 ar-

1775 4659 1919 4708 cam,
1950 4651 2007 4697 et
2033 4650 2215 4697 vectes
2239 4640 2357 4711 ejus
2390 4649 2552 4709 atque
2576 4638 2808 4693 annulos
2834 4638 2943 4707 {per
2984 4650 3127 4690 arcte
3162 4634 3337 4686 latera

1775 4736 1889 4789 fieri
1913 4734 1989 4800 ";
2032 4741 2154 4802 post
2192 4732 2345 4787 haec:
2383 4750 2402 4785 ι
2434 4732 2503 4786 Ει
2544 4731 2730 4794 facies,
2777 4729 2973 4798 inquit,
3007 4726 3334 4797 propitiato-

1772 4824 1910 4877 rium
1944 4839 2010 4877 ex
2042 4836 2175 4877 auro
2211 4835 2364 4890 puro,
2397 4821 2533 4875 duos
2580 4820 2790 4876 cubitos
2815 4829 2871 4875 et
2900 4819 3066 4872 semis
3098 4814 3331 4884 longitu-

1772 4915 1950 4970 dinem
1978 4912 2115 4981 ejus,
2146 4922 2201 4968 et
2232 4928 2394 4966 unum
2436 4913 2674 4969 cubitum
2704 4920 2758 4965 et
2799 4911 2963 4966 semis
2989 4908 3331 4961 latitudinem

1774 5006 1914 5073 ejus.
1946 5005 2014 5060 Et
2042 5005 2207 5059 facies
2237 5005 2345 5059 duo
2374 5006 2635 5058 cherubin
2680 5000 2845 5073 515
2895 5014 3056 5053 aurea
3090 5006 3329 5059 tornata,

2329 5122 2375 5153 "
2394 5120 2550 5175 Prov.
2586 5135 2704 5178 xm.
2732 5119 2788 5173 8.
2899 5118 2945 5149 ⁸³
2980 5118 2995 5169 Ι
3025 5114 3150 5170 Cor.
3182 5111 3326 5177 1,50.

1777 5323 1875 5378 per
1906 5307 2061 5363 fidem
2089 5307 2143 5361 in
2163 5321 2477 5374 sanguinem
2510 5304 2699 5374 ipsius,
2741 5304 2806 5358 ad
2836 5300 3202 5357 ostensionem
3232 5297 3327 5368 ju-

1778 5379 2371 5459 ειίιὶπξβριςειπονέεεο
2408 5387 2582 5459 nam

1848 5448 1961 5531 (74)
2007 5442 2173 5531 ξὶόιιί,
2204 5442 2583 5531 «’Seduadhnc
2618 5442 2939 5514 patiebatur,
2973 5451 3030 5494 ut
3066 5450 3186 5511 post
3214 5442 3339 5498 hine

145 5515 269 5635 ιἹΙι)
320 5512 679 5568 Detinebatur
720 5532 843 5583 ergo
879 5518 1043 5582 apud.
1090 5516 1201 5584 AL,
1252 5535 1271 5569 ι
1316 5517 1671 5574 Detinebatur

164 5604 197 5634 ιι
227 5622 244 5635 .
280 5602 305 5635 ι

64 5594 137 5648 3p
164 5594 244 5636 HI.
280 5602 305 5636 ι

144 5653 271 5723 τἹέτ)
306 5653 543 5723 Omnia.
577 5652 824 5708 ln'editis
848 5655 1136 5709 omittitur.

142 5722 274 5797 (73)
318 5722 511 5789 Alias,
548 5741 567 5775 ι
596 5738 757 5793 quem
790 5725 1069 5794 proposuit
1104 5729 1238 5781 Deus
1261 5726 1670 5797 propitiatorem

1778 5518 1918 5571 idem
1944 5518 1994 5571 in
2025 5519 2125 5570 hoc
2159 5527 2420 5583 tempore,
2450 5533 2468 5564 ι
2505 5526 2611 5569 etc.

1835 5588 1960 5668 .(75)
2009 5580 2391 5655 ΙηῙιιειοεζΜε.
2428 5587 2596 5640 codex
2620 5580 2980 5637 Vallis-clara:
3004 5581 3206 5637 habete
3231 5585 3352 5637 nisi.

1777 5659 2017 5725 injustos.
2046 5676 2066 5706 ι
