3684 6148
460 365 564 422 947

460 491 516 537 et
532 475 873 551 ’superpones
896 495 959 538 ea
977 497 1073 552 per
1090 482 1298 571 singula
1316 482 1482 537 latera
1501 473 1857 554 propifiatorii
1881 479 2019 551 (76):

462 588 625 626 unum
654 572 914 627 cherubin
937 587 1001 626 ex
1032 571 1204 628 latere
1233 577 1368 638 hoc;
1401 585 1456 629 et
1485 571 1631 626 aliud
1655 572 1914 626 cherubin
1951 587 2017 625 ex

457 664 630 718 latere
681 662 855 718 altero
892 663 1300 733 propitiatorii:
1342 672 1399 719 et
1443 663 1612 718 facies
1649 672 1708 716 ut
1753 661 2015 717 cherubin

456 752 564 808 duo
589 752 699 808 sint
719 766 788 808 ex
819 752 1028 807 duobus
1073 752 1334 809 lateribus
1377 753 1494 822 ejus
1517 752 1864 808 extendentia
1898 753 2015 806 alas

455 857 606 908 snas,
628 853 680 900 et
702 843 1082 899 obumbrantia
1107 859 1270 913 super
1295 843 1724 913 propitiatorium
1743 858 1756 893 :
1772 851 1824 895 et
1851 841 2015 897 facies

453 950 565 990 suae
596 945 787 991 contra
816 949 875 991 se
900 951 1060 1006 super
1088 935 1525 1006 propitiatorium
1551 943 1731 990 erunt.
1755 934 1824 990 Et
1845 934 2012 989 facies

451 1027 737 1095 cherubin,
771 1036 826 1081 et
852 1028 1096 1097 impones
1122 1027 1551 1097 propitiatorium
1599 1043 1761 1096 super
1802 1043 2008 1093 arcam,

449 1130 507 1172 et
535 1119 587 1173 in
617 1134 802 1175 arcam
846 1120 1026 1175 mittes
1076 1121 1384 1176 testimonia
1431 1137 1552 1191 qua:
1595 1123 1736 1177 dabo
1778 1122 1874 1177 tibi
1907 1137 1924 1176 :
1954 1132 2009 1176 et

436 1209 788 1268 innotescam
824 1213 936 1282 (77)
972 1213 1066 1267 tibi
1096 1213 1239 1280 inde,
1257 1224 1313 1268 et
1337 1213 1531 1282 loquar
1563 1215 1628 1268 ad
1653 1222 1705 1269 te
1727 1214 2003 1268 desursum

445 1318 610 1372 super
636 1303 1069 1374 propitiatorium
1106 1303 1249 1358 inter
1283 1306 1518 1358 medium
1553 1305 1778 1358 duorum
1811 1303 2006 1358 cheru-

445 1396 536 1450 bin
569 1411 690 1466 quze
719 1407 845 1452 sunt
880 1413 1044 1467 super
1077 1413 1260 1452 arcam
1314 1399 1651 1462 testamenti,
1705 1401 1999 1453 secundum

443 1485 625 1540 omnia
664 1485 773 1558 (78)
803 1502 921 1556 quae
963 1488 1271 1558 przrcipiam
1301 1487 1396 1542 tibi
1418 1487 1483 1542 ad
1515 1487 1650 1543 ﬁlios
1681 1487 1845 1543 Israel
1875 1487 1943 1540 ".
1977 1506 1996 1538 »

447 1577 739 1633 Evidenter
764 1589 989 1649 apparet
1022 1580 1165 1649 quod
1197 1594 1394 1636 nomen
1449 1581 1807 1649 propitiatorii
1855 1581 2001 1649 Apo-

442 1665 697 1723 stolusin
727 1667 813 1724 his
857 1668 1000 1725 locis
1021 1670 1318 1737 inventum,
1365 1671 1418 1724 in
1442 1669 1557 1725 suis
1602 1685 1746 1725 nunc
1774 1669 1997 1726 Litteris

436 1757 616 1826 posuit
637 1756 705 1814 de
742 1773 851 1828 quo
873 1760 1028 1816 nobis
1057 1775 1237 1816 sermo
1271 1771 1376 1817 est.
1405 1760 1472 1815 Et
1495 1761 1711 1816 videtur
1738 1762 1995 1831 propitia-

437 1850 633 1906 torium
666 1851 788 1917 hoc,
823 1851 887 1906 de
918 1866 1027 1921 quo
1051 1852 1317 1921 scriptum
1345 1860 1428 1906 est
1456 1853 1508 1906 in
1541 1851 1746 1920 Exodo,
1775 1854 1844 1908 ad
1880 1855 1996 1908 nul-

441 1941 550 1996 lum
589 1942 694 1998 nisi
743 1944 809 1998 ad
866 1944 1209 2001 Salvatorem
1255 1945 1538 2000 Dominum
1587 1949 1836 2004 retulisse
1871 1965 1992 2004 cum

435 2027 589 2095 dicit,
638 2030 764 2098 quia
798 2031 940 2086 hunc
972 2033 1152 2100 posuit
1186 2052 1204 2084 ε
1237 2033 1379 2088 Deus
1419 2037 1852 2104 propitiatorium
1895 2053 1994 2108 per

433 2117 592 2174 ﬁdem
624 2119 694 2173 ”.
731 2139 750 2171 ι
785 2122 1062 2188 Quomodo
1097 2139 1228 2179 sane
1285 2127 1442 2196 hujus
1476 2127 1589 2180 veri
1635 2129 1990 2197 propitiatorii

431 2206 604 2262 forma
637 2218 692 2263 et
713 2210 880 2279 ﬁgura
906 2209 1066 2264 fuerit
1099 2213 1224 2267 illud
1248 2216 1392 2284 quod
1422 2217 1474 2269 in
1505 2216 1692 2270 Exodo
1721 2218 1989 2273 describi—

432 2307 521 2351 tur
550 2300 596 2330 “
618 2315 683 2354 ex
711 2315 843 2355 auro
869 2303 1156 2370 purissimo
1198 2307 1418 2374 factum,
1447 2324 1620 2376 operae
1642 2310 1870 2378 pretium
1907 2321 1991 2366 est

432 2391 776 2462 investigare.
817 2394 884 2448 Et
933 2398 1106 2463 primo
1137 2399 1350 2467 quidem
1390 2401 1835 2455 considerandum
1881 2414 1986 2468 est,

427 2483 624 2552 quibus
674 2485 724 2538 in
759 2484 893 2540 locis
932 2502 1123 2540 aurum
1155 2491 1296 2558 quod
1355 2491 1406 2543 in
1460 2507 1622 2559 opere
1673 2495 1985 2560 assumitur,

427 2587 622 2629 aurum
645 2591 840 2645 purum
872 2578 1082 2633 dicatur
1111 2598 1124 2634 :
1161 2581 1361 2648 quibus
1394 2597 1521 2636 vero
1549 2583 1602 2636 in
1637 2583 1769 2638 locis
1793 2601 1986 2640 aurum

424 2668 802 2722 tantummodo
824 2667 944 2723 sine
962 2669 1065 2724 ulla
1087 2671 1388 2742 adjectione
1407 2682 1657 2740 ponatur.
1677 2674 1829 2741 Quod
1886 2693 1986 2748 ego

428 2756 482 2810 in
512 2757 756 2825 pluribus
791 2759 1110 2830 observans,
1152 2763 1570 2833 deprehendisse
1613 2767 1742 2821 mihi
1775 2769 1983 2834 videor,

427 2849 574 2918 quod
605 2849 774 2906 sicubi
802 2866 922 2906 cum
955 2853 1262 2923 adjectione
1295 2871 1485 2910 aurum
1526 2872 1720 2926 purum
1751 2859 1981 2924 dicitur,

424 2938 632 2994 indicet
651 2951 895 2997 sanctam
938 2943 1084 2998 illam
1115 2953 1171 2999 ct
1193 2960 1384 3014 puram
1409 2943 1536 3003 Jesu
1569 2951 1827 3015 animam,
1862 2965 1981 3019 quae

429 3045 453 3080 α
489 3041 766 3098 peccatum
794 3049 902 3088 non
937 3033 1085 3102 fecit,
1119 3049 1217 3091 nec
1240 3037 1488 3093 inventus
1509 3047 1593 3093 est
1619 3039 1771 3094 dolus
1803 3041 1854 3094 in
1879 3029 1997 3095 orc'

420 3121 538 3190 ejus
565 3125 609 3155 σί
643 3141 657 3177 :

424 3215 628 3271 tudinis
660 3232 723 3270 ac
771 3217 1073 3274 latitudinis
1131 3219 1491 3290 propitiatorii
1523 3240 1536 3276 :
1568 3225 1812 3290 quamvis
1865 3227 1976 3279 haec

422 3304 711 3374 explanare
741 3308 813 3362 sit
838 3309 1087 3374 arduum,
1139 3319 1193 3363 et
1227 3319 1412 3377 aptare
1452 3313 1645 3365 anima:
1677 3313 1748 3366 illi
1776 3325 1975 3374 sancta:

422 3393 635 3462 singula
679 3410 903 3466 quaeque
945 3413 1065 3468 qua:
1096 3399 1164 3454 de
1211 3401 1591 3470 propitiatorio
1639 3405 1970 3458 referuntur.

421 3483 605 3540 Primo
637 3502 766 3556 ergo
793 3490 1072 3548 videamus
1101 3495 1248 3560 quod
1262 3495 1411 3560 dicit,
1439 3495 1823 3565 longitudinem
1849 3515 1973 3568 pro-

417 3579 682 3648 pitiatorii
731 3596 904 3652 neque
938 3583 1074 3639 duos
1107 3587 1280 3640 solum
1320 3587 1528 3640 cubitos
1561 3588 1831 3657 habuisse,
1880 3593 1970 3659 qui

417 3687 675 3728 numerus
705 3674 976 3730 sociandis
999 3677 1425 3746 generandisque
1451 3679 1626 3748 aptari
1655 3683 1972 3749 corporibus

415 3763 555 3818 solet
591 3781 604 3818 :
635 3777 808 3834 neque
841 3772 954 3822 tres
993 3768 1254 3838 integros,
1290 3769 1380 3837 qui
1412 3784 1668 3824 numerus
1707 3774 1974 3827 excedere

415 3853 830 3923 appellationem
880 3865 1147 3911 creatura:
1185 3859 1488 3924 consuevit,
1527 3868 1584 3914 et
1635 3869 1846 3916 naturae
1889 3863 1973 3916 iu-

411 3959 691 4014 corporeae
715 3949 1045 4002 consecrari.
1064 3949 1204 4003 Duos
1226 3964 1356 4020 ergo
1374 3949 1587 4004 cubitos
1613 3959 1666 4005 et
1689 3952 1970 4006 dimidium

413 4036 809 4107 longitudinem
837 4039 968 4094 dicit
1006 4041 1395 4110 propitiatorii,
1424 4051 1480 4096 et
1522 4058 1686 4096 unum
1723 4058 1785 4097 ac
1814 4045 1972 4098 dimi-

411 4128 560 4182 dium
592 4129 956 4184 latitudinem.
986 4131 1136 4198 Quod
1171 4133 1432 4187 siaudere
1467 4133 1518 4187 in
1549 4133 1746 4188 talibus
1768 4134 1849 4190 fas
1867 4143 1968 4196 est.

411 4221 670 4291 quoniam
704 4221 838 4275 dicit
887 4221 1027 4277 idem
1073 4223 1364 4292 Apostolus
1409 4226 1476 4278 de
1533 4225 1784 4290 Christo,
1827 4227 1969 4296 quod

415 4331 436 4366 ς
480 4312 572 4367 Dei
601 4320 656 4368 et
693 4313 974 4368 hominum
1025 4315 1296 4369 mediator
1327 4325 1412 4370 est
1438 4307 1514 4379 “,‘
1537 4335 1555 4367 ι
1588 4318 1804 4372 videtur
1837 4320 1967 4372 mihi

409 4405 558 4459 inter
595 4406 761 4461 Deum
799 4414 854 4460 et
897 4405 1170 4460 hominem
1215 4408 1389 4460 media
1439 4409 1552 4462 haec
1588 4424 1709 4464 esse
1753 4410 1964 4473 anima,

1899 361 2216 420 ORIGENIS

2052 482 2094 537 A
2128 491 2287 546 supra
2316 478 2449 532 duos
2479 479 2688 534 cubitos
2719 477 2920 533 habere
2959 468 3170 546 aliquid
3203 479 3544 548 designatur,
3570 483 3665 539 licet

3589 370 3669 428 918

2120 572 2294 624 minus
2330 572 2522 628 tribus.
2569 569 2674 625 Sed
2719 583 2772 626 et
2804 571 2946 640 quod
2995 571 3229 626 latitudo
3269 571 3392 640 ejus
3440 591 3596 629 unum
3624 592 3666 633 et

2116 662 2398 716 dimidium
2443 672 2776 716 memoratur
2811 664 3056 719 cubitum
3099 665 3350 731 habere,
3405 677 3664 736 propterea

2115 754 2333 822 quidem
2360 755 2424 808 de
2456 755 2688 808 monade
2705 769 2766 808 ac
2794 755 3056 825 singulari
3095 769 3194 808 sua
3217 757 3471 810 statione
3499 760 3665 813 descri-

2113 843 2282 910 bitur,
2312 859 2416 897 non
2457 855 2632 898 tamen
2669 859 2737 898 ex
2768 853 2880 898 toto
2919 845 2972 900 in
3003 845 3218 899 dualem
3251 861 3567 912 numerum,
3595 854 3664 918 qui

2112 933 2382 988 interdum
2405 936 2566 990 etiam
2599 951 2698 1006 pro
2721 937 3010 992 immundis
3024 939 3270 1006 ponitur,
3292 940 3662 1010 crevisse(8w.

2109 1023 2368 1091 Quamvis
2400 1029 2544 1081 enim
2584 1044 2801 1082 carnem
2851 1039 3058 1084 natura;
3103 1041 3315 1086 nostra:
3355 1037 3663 1102 susceperit,

2109 1132 2172 1169 ex
2205 1117 2622 1172 incontaminata
2657 1129 2834 1173 tamen
2868 1118 3089 1190 Virgine
3118 1103 3442 1190 assumpta.
3467 1133 3521 1176 et
3544 1138 3664 1177 casta

2107 1208 2278 1260 sancti
2330 1207 2566 1276 Spiritus
2608 1212 2919 1278 Operatione
2963 1211 3196 1264 formata
3239 1222 3351 1266 est.
3391 1212 3663 1281 Propterea

2104 1313 2232 1368 ergo
2264 1307 2318 1352 et
2359 1299 2644 1368 Apostolus
2687 1302 2754 1354 de
2782 1300 3091 1370 [Mediatore
3114 1302 3435 1366 disserens,
3469 1308 3660 1358 eviden-

2107 1399 2210 1442 tem
2230 1389 2626 1444 distinctionem
2658 1391 2913 1460 signavii,
2938 1392 3152 1447 dicens:
3178 1409 3197 1442 ι
3227 1392 3610 1448 Mediatorl)ei
3627 1410 3665 1448 rt

2104 1481 2378 1534 hominum
2395 1481 2554 1536 homo
2567 1481 2814 1537 Christus
2825 1481 2982 1537 Jesus
2997 1501 3011 1548 ;
3024 1503 3042 1535 ι
3069 1499 3177 1552 quo
3192 1485 3422 1539 scilicet
3440 1488 3662 1540 tlledialo-

2101 1587 2212 1626 rem
2229 1587 2333 1626 non
2352 1573 2417 1627 ad
2433 1574 2680 1628 deitatem
2694 1574 2916 1642 Christi,
2931 1577 3023 1630 sed
3038 1578 3102 1630 ad
3118 1577 3553 1643 humanitatem,
3566 1595 3658 1645 quae

2097 1671 2179 1715 est
2205 1660 2320 1729 ejus
2352 1661 2553 1723 anima,
2581 1661 2920 1715 referendum
2947 1664 3186 1718 doceret.
3206 1661 3532 1731 Longitudo
3554 1677 3655 1732 ergo

2098 1753 2313 1821 ponitur
2324 1752 2439 1821 ejus
2451 1763 2502 1808 et
2515 1753 2759 1809 latitudo.
2777 1753 3077 1825 Longitudo
3090 1755 3223 1808 illud
3238 1755 3529 1824 signiﬁcat
3543 1758 3656 1822 quod

2031 1815 2075 1873 Β
2099 1815 2268 1898 lendit
2291 1815 2542 1900 adDeum
2563 1815 2922 1915 Trinitatique
2947 1847 3222 1910 sociatur;
3265 1815 3529 1912 latitudo,
3546 1815 3655 1914 quod

2097 1938 2236 1992 inter
2256 1939 2499 1993 homines
2519 1940 2609 2008 qui
2635 1939 2798 1992 latam
2816 1937 3216 2008 spatiosamque
3242 1937 3400 1990 viam
3437 1937 3657 1992 incedere

2099 2030 2297 2096 solent,
2317 2042 2670 2086 conversatur
2691 2051 2703 2085 :
2727 2045 2781 2086 et
2806 2032 2925 2086 ideo
2946 2029 3268 2085 Mediatoris
3289 2039 3450 2085 recte
3469 2031 3653 2083 nomine

2093 2131 2463 2192 nuncupatur,
2506 2124 2654 2192 quia,
2707 2133 2766 2177 ut
2797 2124 3064 2187 diximus,
3113 2124 3302 2177 anima
3339 2125 3467 2176 haec
3496 2132 3649 2174 sancta

2097 2211 2274 2266 media
2308 2214 2528 2284 quidem
2559 2214 2658 2267 fuit
2688 2215 2827 2269 inter
2864 2215 3206 2268 divinitatem
3251 2213 3576 2275 Trinitatis,
3607 2225 3650 2267 et

2090 2303 2441 2375 fragilitatem
2492 2305 2860 2360 humanitatis.
2896 2285 3024 2360 llzec
3056 2320 3188 2374 ergo
3215 2305 3469 2374 intelligi
3505 2315 3648 2373 potest

2090 2395 2543 2463 propitiatorium,
2589 2397 2886 2451 secundum
2932 2411 2994 2450 ea
3036 2411 3158 2466 qua:
3199 2411 3379 2465 supra
3415 2393 3644 2458 diximus,

2088 2486 2174 2538 cui
2195 2485 2484 2554 superponi
2509 2485 2760 2540 dicuntur
2781 2488 2883 2540 duo
2903 2485 3186 2551 cherubin,
3210 2501 3392 2539 unum
3416 2501 3486 2539 ex
3509 2487 3646 2538 latere

2088 2577 2192 2631 hoc
2233 2574 2371 2648 (Si),
2408 2587 2462 2631 et
2503 2591 2666 2630 unum
2707 2591 2772 2631 ex
2802 2576 2969 2630 latere
3015 2577 3188 2630 altero
3215 2575 3288 2629 ”.
3325 2575 3508 2646 Cujus
3541 2590 3643 2644 ergo

2088 2669 2433 2723 l'ormamduo
2457 2668 2557 2723 ista
2585 2670 2844 2723 cherubin
2867 2668 3067 2724 habere
3093 2670 3481 2724 exiSIimanda
3504 2669 3642 2722 sunt?

2084 2760 2355 2815 Cherubin
2395 2761 2537 2814 enim
2573 2760 2628 2814 in
2664 2771 2900 2814 nostram
2943 2761 3181 2830 linguam
3231 2761 3638 2830 interpretatum

2083 2853 2461 2922 plenitudinem
2492 2854 2830 2906 scientiarum
2877 2853 3168 2922 signiﬁcat.
3215 2853 3322 2908 Ubi
3368 2867 3507 2922 ergo
3528 2853 3636 2904 diri-

2085 2961 2202 2998 nms
2231 2943 2617 3013 plenitudinem
2659 2943 3036 3006 scientiarum,
3077 2944 3177 2997 nisi
3217 2944 3272 2996 in
3319 2959 3393 2997 eo
3438 2945 3506 2997 de
3547 2959 3633 3010 qua

2082 3037 2213 3091 dicit
2249 3035 2578 3105 Apostolus:
2611 3052 2631 3086 ι
2671 3034 2726 3088 ln
2771 3050 2878 3105 quo
2909 3045 3033 3089 sunt
3063 3049 3257 3089 omnes
3291 3035 3539 3089 thesauri
3572 3050 3632 3086 5a-

699 3145 718 3178 »
750 3136 804 3181 et
837 3127 938 3196 ipsi
985 3128 1310 3183 conveniant
1341 3145 1607 3184 mensura:
1641 3133 1759 3185 ista:
1801 3132 1976 3204 longi-
2004 3151 2048 3208 ρ
2082 3125 2297 3193 pientize
2320 3138 2372 3180 et
2388 3125 2628 3180 scientiae
2649 3125 3046 3180 absconditi“?
3083 3143 3102 3176 ›
3143 3125 3219 3178 De
3246 3125 3439 3180 Verbo
3468 3129 3631 3194 utique

2087 3217 2180 3271 Dei
2207 3217 2320 3272 haec
2349 3217 2479 3270 dicit
2507 3216 2818 3286 Apostolus.
2856 3217 2962 3270 Sed
3003 3226 3056 3269 et
3097 3218 3164 3270 de
3215 3216 3433 3286 Spiritu
3467 3229 3630 3272 sancto

2082 3309 2278 3362 similia
2315 3308 2505 3362 scribit
2542 3324 2664 3363 cum
2708 3309 2874 3362 dicit;
2918 3325 2937 3357 ι
2968 3307 3132 3361 Nobis
3165 3319 3350 3362 autem
3397 3309 3631 3364 revelant

2083 3401 2221 3454 Deus
2239 3416 2333 3470 per
2350 3399 2612 3470 Spiritum
2642 3415 2796 3454 suum
2825 3416 2838 3452 :
2867 3399 3098 3469 Spiritus
3117 3402 3262 3452 enim
3289 3401 3480 3454 omnia
3501 3415 3629 3456 scm-

2082 3505 2248 3559 tatur,
2300 3495 2462 3548 etiam
2505 3493 2609 3546 alta
2653 3493 2745 3546 Dei
2774 3493 2841 3546 ⁸⁵.
2883 3511 2901 3543 ι
2937 3492 3294 3560 Signilicatur
3353 3492 3547 3560 igitur,
3587 3504 3631 3542 ut

2078 3599 2181 3653 ego
2215 3585 2469 3646 arbitror,
2499 3585 2548 3636 in
2581 3584 3098 3652 istopropitiatorio,
3129 3584 3228 3635 hoc
3259 3593 3346 3636 est
3388 3585 3442 3635 in
3468 3585 3627 3636 anim

2076 3674 2225 3740 Jesu,
2253 3676 2482 3730 Verbum
2517 3675 2630 3734 Dei.
2657 3676 2745 3743 qui
2777 3676 3183 3745 estuuigenitns
3214 3674 3413 3738 Filius,
3437 3686 3494 3728 et
3523 3675 3627 3742 Spi-

2079 3767 2240 3819 ritum
2278 3766 2395 3835 ejus
2439 3776 2684 3820 sanctum
2725 3782 2937 3835 semper
2987 3767 3232 3819 habitare
3264 3783 3280 3818 :
3319 3777 3380 3819 et
3419 3769 3521 3820 hoc
3560 3779 3627 3818 est

2075 3857 2220 3925 quod
2247 3857 2490 3910 indicant
2521 3859 2628 3912 duo
2661 3857 2925 3911 cherubin
2958 3857 3342 3926 pr0pitiatorio
3375 3874 3624 3928 superpo-

2074 3950 2202 4002 sita.
2239 3949 2342 4002 Sed
2373 3959 2430 4002 et
2470 3949 2598 4002 illud
2633 3950 2858 4002 observa
2881 3989 2893 4009 ,
2942 3950 3084 4016 quod
3123 3965 3228 4002 non
3271 3950 3416 4002 dixit
3448 3967 3464 4003 :
3507 3953 3623 4004 Cbe

2075 4039 2230 4092 ruhin
2265 4055 2428 4092 unum
2457 4055 2523 4093 ex
2559 4040 2724 4092 latere
2751 4041 2965 4100 dextro,
2999 4050 3052 4092 et
3083 4039 3355 4092 cherubin
3388 4041 3534 4094 aliud
3570 4055 3618 4092 ex

2073 4128 2250 4184 latere
2284 4131 2543 4195 sinistro;
2579 4135 2672 4184 sed
2710 4133 2785 4183 ait
2817 4149 2829 4183 :
2868 4151 2886 4180 ι
2918 4131 3187 4184 Cherubin
3238 4147 3408 4184 unum
3439 4147 3508 4186 ex
3556 4133 3618 4184 la-

2075 4229 2190 4275 tere
2237 4221 2368 4281 hoc,
2407 4232 2462 4274 et
2499 4223 2761 4275 cherubin
2815 4223 2958 4275 aliud
3000 4239 3065 4276 ex
3113 4223 3282 4276 latere
3331 4225 3618 4277 alteroziul

2070 4312 2385 4368 ostenderet
2416 4314 2471 4366 in
2511 4313 2601 4366 illo
2632 4313 3006 4388 propitiatorio
3028 4354 3042 4377 ,
3098 4315 3199 4368 hoc
3231 4325 3315 4368 est
3360 4318 3414 4368 in
3459 4316 3613 4368 anima

2070 4405 2292 4472 Christi,
2323 4405 2604 4460 sinistrum
2645 4406 2775 4459 nihil
2814 4406 2999 4459 fuisse.
3029 4407 3166 4458 Sunt
3189 4417 3377 4460 autem
3411 4417 3466 4462 et
3507 4423 3615 4475 pett-

406 4509 530 4564 quae
551 4493 775 4551 inferior
820 4495 1035 4564 quidem
1062 4497 1190 4551 sita
1219 4497 1499 4552 Trinitatis
1529 4493 1759 4563 natura,
1791 4501 1970 4554 minus
2004 4485 2042 4539 Ι)
2079 4507 2206 4550 nata
2246 4499 2352 4552 duo
2401 4499 2513 4550 ha-c
2553 4497 2845 4560 cherubin;
2889 4507 2942 4546 et
2988 4512 3091 4547 non
3135 4497 3311 4547 solum
3358 4508 3611 4563 pennata,

407 4587 613 4655 aliquid
633 4587 856 4654 habens,
889 4603 988 4644 nec
1019 4601 1194 4642 tamen
1229 4604 1348 4642 cum
1377 4590 1500 4642 inde
1527 4591 1667 4644 infra
1701 4592 1793 4658 sit,
1825 4593 1966 4646 duali

405 4693 632 4734 numero
647 4682 734 4750 qni
751 4680 806 4734 in
832 4696 1060 4751 corpore
1082 4681 1269 4748 positis
1295 4681 1586 4751 deputatur
1610 4684 1746 4752 (79),
1766 4684 1968 4754 absque

404 4773 606 4827 eximia
640 4783 694 4828 et
726 4775 1050 4843 praecelleuti
1106 4777 1363 4830 virtutum
1404 4793 1626 4831 suarum
1665 4779 1962 4833 eminentia

405 4864 715 4918 misceatur.
739 4865 851 4919 lloc
879 4866 1022 4920 enim
1061 4868 1366 4922 ostenditur
1402 4869 1541 4937 quod
1570 4882 1819 4923 mensura
1847 4870 1964 4937 ejus

474 5029 520 5063 ⁸⁸
537 5026 705 5082 Exod.
729 5044 860 5092 xxv,
892 5031 958 5084 17
985 5045 1098 5099 seq.
1174 5031 1219 5068 δ’
1250 5031 1404 5086 Rom.
1442 5048 1525 5095 ιιι,
1555 5034 1646 5087 25.

399 5115 528 5168 xxv,
564 5102 651 5165 18,
680 5102 765 5155 l9.
843 5101 887 5131 ⁸⁸
914 5101 1120 5155 Coloss.
1151 5118 1209 5167 ll,
1235 5105 1289 5157 5.
1364 5103 1447 5156 “l
1477 5103 1603 5162 Cor.
1641 5105 1802 5169 11,10.

471 5262 585 5334 (76)
625 5262 743 5334 ΑΙ..-
770 5279 789 5312 ι
831 5261 1006 5315 Unum
1043 5264 1249 5318 cheruh
1279 5280 1342 5317 cx
1375 5265 1543 5319 latere
1565 5266 1690 5328 hoc,
1725 5274 1779 5318 et
1810 5265 1954 5318 aliud

399 5331 606 5388 cherub
632 5349 696 5385 ex
733 5331 902 5386 latere
931 5336 1103 5388 altero
1133 5337 1515 5402 propitiatorii.
1551 5354 1568 5386 ι
1599 5338 1703 5390 Sed
1723 5336 1836 5388 haec
1863 5338 1952 5387 de-

397 5415 526 5458 sunt
556 5407 608 5456 in
639 5404 790 5458 libris
824 5414 980 5456 antea
1005 5405 1185 5458 editis.

465 5475 581 5541 (77)
618 5473 784 5542 Alias,
829 5491 848 5522 ι
892 5474 1252 5534 innotescant,
1283 5491 1303 5525 ι
1341 5474 1497 5527 male.

465 5545 580 5613 (78)
619 5544 788 5609 Alias,
827 5560 846 5592 ι
878 5558 1044 5611 opera
1074 5561 1093 5593 ι
1131 5558 1228 5613 pro
1252 5560 1271 5592 ι
1308 5545 1513 5599 omnia.
1552 5563 1570 5596 ι

464 5612 578 5683 (79)
623 5614 712 5666 Sic
745 5617 1002 5669 Erasmus
1025 5623 1080 5665 et
1127 5612 1533 5676 Genehrardus,
1567 5624 1620 5666 et
1653 5624 1801 5670 recte
1831 5615 1955 5682 qni-

395 5685 540 5737 dem.
573 5683 764 5738 Caneri
799 5701 926 5739 vero
949 5684 1075 5736 editi
1100 5694 1154 5736 et
1193 5697 1322 5735 mss.
1359 5685 1529 5735 nostri
1556 5699 1764 5749 omnes,
1804 5704 1822 5736 ι
1858 5685 1950 5752 qui

397 5753 450 5804 in
480 5768 706 5820 corpore
736 5756 942 5823 positus
973 5758 1279 5812 denotatur.
1320 5771 1338 5802 ι
1383 5753 1586 5808 Deinde
1627 5771 1723 5808 ms.
1777 5771 1912 5809 unus
1937 5796 1951 5819 ,

1723 5035 1767 5064 ⁶⁰
1798 5035 1963 5088 Exod.
1998 5050 2126 5096 xxv,
2157 5032 2238 5087 Π.
2319 5032 2360 5062 ⁶¹
2387 5031 2402 5084 l
2427 5030 2570 5084 [’etr.
2599 5045 2662 5091 ti,
2688 5026 2780 5081 9.2.
2855 5027 2943 5082 ⁸³1
2975 5027 3112 5081 Tim.
3153 5044 3213 5090 ιι,
3253 5028 3308 5080 5.

1913 5105 1957 5135 ⁸⁸
1981 5104 2143 5160 Josue
2171 5121 2208 5170 t,
2243 5105 2294 5158 5.

2075 4589 2169 4642 sed
2193 4598 2248 4641 ct
2271 4588 2382 4640 alas
2403 4604 2527 4641 suas
2551 4587 2859 4656 pandentia.
2902 4587 2958 4640 Si
2993 4589 3109 4653 quis
3141 4598 3458 4640 sanctorum
3486 4605 3609 4638 sitm-

2073 4694 2215 4732 mum
2249 4677 2408 4748 515
2443 4679 2640 4732 habere
2666 4695 2693 4731 a
2729 4678 2834 4731 Deo
2870 4679 3234 4731 testimonium
3289 4683 3519 4738 meruit,
3552 4682 3610 4728 ili-

2069 4781 2212 4824 ctinn
2248 4782 2328 4825 est
2357 4773 2498 4840 quod
2532 4770 2674 4825 Dens
2702 4782 2847 4824 esset
2890 4786 3011 4824 cum
3057 4789 3153 4834 eo,
3202 4775 3346 4825 sicut
3393 4777 3457 4824 de
3503 4771 3607 4824 Jv~u

2068 4863 2215 4918 Nave
2238 4867 2435 4920 dicitur
2463 4866 2508 4897 “
2540 4882 2554 4918 :
2591 4883 2609 4914 ι
2648 4864 2713 4917 Et
2733 4865 2873 4920 Deus
2897 4875 3160 4921 eratcum
3193 4870 3333 4938 ipso,
3365 4871 3503 4924 sicut
3531 4870 3609 4919 fuit

3389 5031 3431 5061 ω
3461 5032 3599 5082 FAth

2067 5283 2086 5315 ε
2117 5279 2214 5333 pro
2243 5263 2465 5321 eximia,
2500 5282 2520 5313 ι
2564 5269 2670 5333 etc.

2131 5333 2242 5400 (80)
2282 5335 2389 5396 AL,
2419 5351 2435 5382 ι
2468 5332 2705 5386 cubitum
2733 5329 2930 5385 habere
2956 5345 2984 5382 a
3009 5329 3295 5397 propheta,
3333 5339 3583 5395 propterea

2039 5402 2254 5468 quidem
2286 5402 2399 5471 [al.,
2437 5422 2454 5452 ι
2485 5403 2724 5455 cubitum
2759 5405 2976 5464 habere,
3002 5405 3283 5471 prophetia
3321 5407 3521 5471 quidem
3551 5423 3559 5445 ι

2041 5472 2481 5545 μθΑῌΙΟηὶὶάΘκῖιίῖ
2511 5473 2764 5543 singulari
2812 5489 2909 5545 sua
2953 5473 3185 5545 statione
3223 5472 3291 5542 [al
3325 5512 3338 5533 ,
3377 5497 3391 5522 ι
3426 5472 3580 5545 siligo.-

2040 5539 2167 5595 laris
2214 5543 2542 5608 vastatione,
2585 5539 2622 5592 ι’
2641 5545 2741 5607 aL,
2778 5564 2795 5594 σ
2842 5543 3096 5612 singulari
3139 5539 3267 5611 quid
3310 5544 3502 5596 vastius
3544 5539 3578 5587 θ’

2040 5612 2396 5678 describitur,
2436 5632 2453 5664 ι
2486 5623 2589 5667 etc.
2622 5614 2822 5667 Deinde
2871 5630 2998 5666 mss.
3048 5615 3220 5667 nostri
3266 5631 3448 5668 omnes
3479 5626 3578 5680 pcr-

2041 5699 2245 5752 peram,
2268 5703 2298 5752 ν(
2337 5685 2604 5737 corruisse
2643 5705 2658 5731 ι
2693 5701 2788 5752 pro
2823 5704 2838 5730 ι
2873 5683 3129 5736 crevisse.
3168 5704 3183 5733 i

2113 5753 2221 5821 (8i)
2251 5751 2410 5820 Alias,
2450 5775 2467 5806 ι
2503 5771 2641 5808 unus
2667 5751 2727 5808 cx
2758 5755 2920 5809 latere
2953 5756 3071 5816 hoc,
3101 5764 3154 5808 et
3183 5771 3340 5810 unus.
3380 5773 3396 5804 ι
