3684 6148
137 255 253 310 939

1093 246 1448 305 COMMENT.
1483 247 1548 301 IN
1581 245 1797 302 EPIST.
1836 245 1926 300 AD
1965 243 2131 299 ROM.
2167 241 2295 298 LIB.
2325 242 2412 296 111.

3264 237 3366 293 950

139 385 273 424 cum
303 366 486 439 Moyse
518 366 718 422 famulo
748 364 885 434 ej-us.
925 383 944 417 ι
985 364 1169 420 Sicubi
1230 381 1356 420 vero
1396 365 1714 435 pollicitatio
1742 379 1786 434 Α
1815 371 1938 420 est:
1971 361 2066 417 sed
2091 361 2157 416 de
2184 361 2363 416 anima
2392 358 2540 428 ejus,
2567 373 2685 427 qua:
2713 357 2838 410 licet
2885 354 3262 425 inseparabilis
3299 356 3370 407 sit

143 461 373 532 majoris
417 475 446 514 a
494 461 607 515 Deo
646 461 886 514 muneris
928 459 1117 527 datur,
1161 461 1290 514 dicit
1342 461 1530 514 Deus:
1587 477 1606 508 ι
1645 458 1710 512 Ει

141 571 244 609 ero
279 553 330 607 in
363 554 464 620 eis,
496 563 552 608 et
573 552 859 607 ambulabo
891 553 1031 606 inter
1060 567 1152 606 eos
1179 551 1246 605 ⁸⁷.
1281 569 1300 602 ι
1334 550 1546 604 Nullam
1580 564 1709 604 vero

141 646 290 701 inter
326 644 574 701 homines
614 643 690 698 ita
720 644 933 699 beatam
972 651 1028 698 et
1073 643 1146 696 ita
1174 643 1441 698 excelsam
1472 641 1710 709 reperies

142 737 410 798 animam,
438 733 544 788 nisi
575 733 714 789 hanc
741 733 930 798 solam,
959 734 1010 786 in
1033 748 1138 803 qua
1165 741 1368 787 tantum
1392 732 1706 796 latitudinis,

146 836 363 882 tantum
400 825 720 896 capacitatis
749 824 954 879 invenit
983 823 1216 879 Verbum
1243 824 1369 889 Dei,
1399 834 1454 878 et
1476 822 1712 893 Spiritus

145 927 394 982 sanctus,
415 926 475 972 ut
498 933 607 973 non
628 915 801 972 solum
826 916 1090 982 habitare,
1114 918 1209 971 sed
1232 925 1286 970 et
1313 915 1426 970 alas
1449 915 1708 986 pandere,

146 1022 204 1066 et
232 1024 372 1065 novo
399 1005 725 1065 sacramenti
790 1007 898 1062 ritu
928 1007 1223 1076 aliquando
1271 1008 1436 1060 etiam
1487 1006 1712 1060 volitare

147 1103 388 1157 dicatur.
449 1099 667 1155 Faciem
717 1113 932 1168 quoque
977 1106 1168 1153 contra
1204 1113 1264 1153 se
1293 1099 1521 1153 invicem
1553 1114 1712 1168 super

149 1197 297 1251 hanc
324 1197 538 1250 beatam
569 1192 803 1246 animam
832 1191 1093 1246 cherubin
1129 1199 1354 1260 utraque
1399 1193 1598 1246 habere
1632 1192 1714 1244 di-

149 1299 380 1355 cuntur,
407 1301 502 1357 per
532 1285 674 1355 quod
695 1299 922 1339 concors
951 1283 1000 1339 ei
1029 1291 1084 1338 et
1099 1297 1366 1339 consonus
1395 1283 1572 1338 aFilio
1596 1283 1710 1348 Dei,

151 1390 209 1434 et
237 1394 271 1432 a
303 1377 509 1447 Spiritu
549 1383 740 1432 sancto
785 1373 1079 1430 divinitatis
1109 1389 1300 1430 sensus
1328 1373 1441 1446 (82)
1478 1374 1715 1430 infundi-

152 1481 264 1526 tur.
311 1467 412 1524 Ubi
449 1474 630 1521 autem
656 1463 1172 1534 superponiturbzec
1198 1461 1502 1517 anima‘Deo
1536 1461 1711 1532 plena,

155 1561 213 1614 in
264 1573 371 1628 qua
401 1555 729 1626 complacuit
768 1554 1016 1609 habitare
1060 1567 1275 1608 omnem
1326 1553 1712 1622 plenitudinem

151 1649 384 1706 Deitatis
398 1648 486 1702 ‘3?
517 1666 537 1700 ι
561 1647 734 1716 Super
776 1660 980 1712 arcam,
1015 1645 1225 1713 inquit,
1267 1644 1575 1699 testamenti
1595 1645 1660 1699 ³⁸.
1689 1663 1707 1696 ι

1813 469 1843 508 a
1873 452 2052 507 Verbo
2082 452 2199 519 Dei,
2240 459 2420 507 creata
2456 460 2633 503 tamen
2656 458 2762 512 est,
2785 455 2838 502 et
2872 447 3144 516 Unigeniti
3170 445 3370 507 deitate

1815 545 2082 616 posterior
2135 560 2148 597 :
2215 559 2315 598 nec
2363 542 2804 618 inconvenienter
2858 539 3128 594 videbitur
3187 539 3255 593 de
3305 553 3368 591 ea

1815 639 2040 702 dictum,
2071 638 2216 706 quod
2247 646 2536 704 antequam
2565 643 2716 688 esset
2747 632 3021 702 proposita
3043 641 3129 686 est
3155 639 3210 686 et
3234 645 3371 701 prae—

1814 729 2061 783 ordinata
2092 735 2151 782 ut
2173 736 2316 782 esset
2339 723 2793 795 propitiatorium.
2826 721 2961 790 Quia
2990 736 3140 792 ergo,
3180 736 3374 776 secun-

1817 822 1942 877 dum
1994 834 2056 876 ea
2111 835 2230 888 quae
2267 833 2427 887 supra
2456 815 2832 886 exposuimus,
2874 813 3056 870 Iesum
3097 813 3370 868 Christum

1823 927 1841 960 ι
1887 910 2166 980 proposuit
2197 909 2337 962 Deus
2369 906 2800 976 prepitiatorium
2829 919 2925 974 per
2956 905 3112 959 fidem
3145 905 3198 958 in
3247 917 3374 957 san-

1816 1000 1976 1070 guine
2005 999 2123 1067 ejus
2148 998 2216 1063 ⁷⁸,
2260 1017 2279 1050 ι
2318 997 2681 1051 necessarium
2725 995 2938 1050 videtur
2981 995 3261 1064 requirere
3307 991 3374 1045 de

1818 1089 2016 1143 divinis
2068 1089 2275 1159 legibus
2323 1103 2442 1157 qua:
2497 1086 2569 1140 sit
2622 1085 2932 1154 propitiatio
2961 1100 3080 1154 qua:
3124 1098 3218 1152 per
3253 1097 3374 1136 san-

1819 1180 2034 1250 guinem
2066 1179 2190 1246 fiat,
2223 1190 2281 1233 ut
2310 1194 2376 1232 ex
2412 1179 2496 1233 his
2525 1178 2776 1247 colligere
2817 1176 3082 1246 possimus
3107 1173 3376 1242 quomodo

1820 1270 1979 1323 etiam
2026 1283 2120 1338 per
2182 1269 2494 1339 sanguinem
2550 1267 2676 1322 Jesu
2727 1265 3037 1338 pr0pitiatio
3081 1263 3221 1319 facta
3283 1263 3372 1316 sit.

1820 1357 2092 1427 Scriptum
2123 1367 2209 1412 est
2239 1359 2290 1412 in
2326 1356 2570 1411 Levitico
2613 1367 2732 1424 post
2770 1353 3038 1424 pontificis
3088 1352 3323 1408 hostiam
3359 1365 3375 1404 :

1826 1468 1844 1502 ι
1883 1447 2037 1515 Quod
2065 1449 2108 1503 si
2135 1449 2310 1505 omnis
2337 1448 2616 1518 Synagoga
2649 1445 2811 1502 Israel
2843 1445 3203 1514 ignoraverit,
3229 1452 3282 1496 et
3308 1443 3383 1496 la-

1823 1542 1989 1596 tuerit
2009 1557 2186 1597 sermo
2206 1544 2273 1598 ab
2296 1543 2468 1597 oculis
2493 1541 2632 1612 ejus,
2658 1553 2712 1596 et
2734 1541 2924 1596 fecerit
2953 1554 3116 1594 unum
3139 1539 3205 1593 de
3228 1553 3380 1591 man-

1823 1633 1964 1688 datis
1995 1633 2205 1688 Domini
2236 1634 2379 1703 quod
2413 1650 2518 1688 non
2555 1633 2677 1698 fiet,
2707 1641 2763 1688 et
2791 1631 3110 1702 deliquerit,
3142 1638 3197 1684 et
3224 1628 3381 1683 inno-

154 1740 344 1796 Potest
400 1754 526 1796 arca
576 1738 888 1793 testamenti
933 1746 1118 1792 sancta
1172 1735 1286 1806 ejus
1335 1751 1499 1800 caro,
1531 1737 1582 1789 in

1924 1723 1985 1776 rit
2008 1723 2088 1778 eis
2115 1732 2393 1792 peceatum
2421 1725 2564 1792 quod
2594 1730 2986 1791 peccaverunt,
3021 1721 3252 1775 adducet
3283 1716 3379 1788 Sy-

155 1835 314 1890 hcata
362 1833 477 1888 haec
524 1832 704 1885 anima
745 1828 1076 1890 collocatur,
1106 1828 1359 1898 intelligi,
1396 1827 1602 1882 habens
1657 1827 1712 1880 in

148 1938 207 1978 se
236 1922 547 1978 testimonia
575 1921 693 1988 Dei,
721 1937 842 1992 qua:
884 1922 1255 1994 intelliguntur
1277 1921 1477 1979 Christi
1506 1939 1640 1994 quas
1669 1924 1723 1978 in

148 2030 316 2070 carne
344 2016 568 2086 pertulit
595 2017 878 2086 passiones
909 2016 1104 2072 divinis
1137 2016 1263 2071 olim
1296 2017 1564 2085 praedictae
1610 2015 1721 2088 (85)

151 2105 502 2160 testimoniis.
531 2106 766 2161 Possunt
804 2106 967 2162 etiam
1007 2107 1236 2162 virtutes
1279 2108 1526 2162 ccelestes
1565 2107 1726 2161 intel-

156 2187 246 2257 ligi
288 2203 418 2243 arca
454 2186 588 2255 Dei,
625 2201 744 2255 quae
794 2196 851 2240 et
897 2186 1027 2255 ipsa:
1067 2198 1297 2252 capaces
1329 2181 1543 2252 quidem
1593 2191 1718 2237 sunt

159 2279 319 2334 Verbi
354 2279 471 2342 Dei,
498 2287 554 2334 et
587 2276 822 2346 Spiritus
866 2277 1071 2339 sancti,
1119 2275 1212 2330 sed
1258 2275 1592 2344 praeponitur
1639 2275 1719 2330 eis

161 2371 343 2426 anima
385 2369 545 2435 Jesu,
587 2380 640 2424 et
689 2371 800 2439 ipsa
831 2369 1223 2439 quodammodo
1250 2368 1563 2422 mediatrice
1595 2383 1719 2437 gra-

161 2466 290 2518 tiam
315 2464 511 2517 divina:
546 2462 848 2533 largitionis
879 2459 1168 2527 accipiunt.
1219 2457 1346 2512 Post
1386 2459 1502 2513 haac
1539 2476 1553 2512 :
1592 2477 1610 2509 ι
1655 2459 1720 2512 Ει

158 2549 492 2604 i-nnotescam
551 2549 680 2614 tibi,
730 2549 939 2616 inquit,
991 2547 1150 2612 inde,
1209 2555 1262 2600 et
1310 2547 1499 2616 loquar
1549 2549 1616 2602 ad
1667 2557 1720 2602 te

160 2640 397 2709 desuper
446 2639 820 2709 propitiatorio
845 2639 914 2691 7°.
956 2657 975 2689 ι
1024 2637 1140 2692 Νοιι
1187 2639 1356 2693 solum
1389 2639 1591 2713 Moysi,
1624 2643 1718 2696 sed

160 2740 214 2784 et
246 2732 540 2799 unicuique
581 2739 893 2786 sanctorqu
945 2731 1034 2800 qui
1067 2729 1297 2785 famulus
1324 2733 1415 2786 Dei
1463 2744 1579 2799 est,
1614 2749 1718 2788 non

161 2821 378 2877 aliunde
402 2823 692 2876 innotescit
741 2824 917 2887 Dens,
975 2838 1072 2878 nec
1108 2823 1322 2879 aliunde
1351 2825 1718 2892 cognoscitur,

166 2913 264 2968 nisi
299 2912 366 2967 de
396 2913 766 2982 propitiatorio
813 2913 914 2966 isto
960 2915 1104 2981 quod
1144 2928 1306 2983 supra
1349 2915 1719 2983 exposuimus,

164 3002 308 3057 etde
348 3002 531 3057 medio
571 3002 853 3057 cherubin.
902 3002 1013 3057 Hoc
1057 3011 1112 3057 et
1151 3002 1404 3058 llabaeuc
1461 3004 1720 3073 propheta

165 3093 435 3163 significat
465 3093 554 3148 ubi
587 3093 718 3147 dicit
748 3108 763 3146 :
804 3111 822 3144 ι
851 3092 908 3146 lu
943 3092 1121 3147 medio
1157 3093 1381 3147 duorum
1410 3094 1721 3147 animalium
1749 3087 1791 3144 C

164 3186 546 3255 cognosceris:
576 3184 701 3238 dum
727 3185 1270 3255 appropinquaverint
1290 3185 1414 3238 anni
1434 3199 1724 3254 cognosce-

168 3279 272 3343 ris,
321 3289 375 3334 et
416 3294 539 3333 cum
580 3277 815 3332 adfuerit
854 3287 1064 3352 tempus
1111 3278 1410 3332 ostenderis
1435 3277 1504 3330 τι.
1556 3275 1724 3332 Nemo

165 3369 306 3422 enim
357 3367 462 3422 scit
497 3367 708 3422 Patrem
751 3366 854 3421 nisi
898 3365 1101 3431 Filius,
1128 3375 1183 3420 et
1225 3367 1311 3421 cui
1355 3366 1589 3420 voluerit
1629 3366 1723 3420 Fi-

166 3459 268 3513 lius
298 3459 544 3514 revelare
561 3459 628 3510 ⁷³.
667 3476 685 3508 ι
725 3456 829 3510 Sed
858 3465 910 3511 et
936 3455 1136 3512 Paulus
1167 3457 1317 3520 dicit,
1353 3458 1478 3526 quia
1511 3476 1530 3509 ι
1571 3460 1724 3514 nobis

167 3552 426 3607 revelavit
458 3551 598 3605 Deus
645 3565 741 3620 per
775 3549 1038 3620 Spiritum
1081 3565 1238 3605 suum
1262 3551 1327 3604 ⁷³.
1378 3571 1400 3603 ι
1433 3551 1722 3622 Pr0pterea

167 3661 288 3716 ergo
311 3645 446 3699 dicit
476 3644 620 3712 quod
654 3661 672 3693 ι
707 3645 1040 3699 innotescam
1087 3643 1185 3698 tibi
1221 3643 1378 3707 inde,
1424 3653 1478 3698 et
1531 3644 1724 3715 loquar

168 3740 260 3794 tibi
308 3741 536 3808 desuper
561 3738 933 3808 propitiatorio
976 3737 1116 3792 inter
1151 3737 1258 3793 duo
1302 3737 1564 3800 cherubin
1607 3752 1724 3808 quae

167 3837 290 3884 sunt
321 3843 485 3898 super
510 3842 695 3883 arcam
720 3828 1026 3882 testamenti
1051 3829 1116 3884 ⁷⁸.
1156 3846 1175 3880 ι
1208 3828 1343 3883 Ριιιο
1375 3837 1553 3883 autem
1581 3829 1722 3897 quod

166 3934 269 3973 non
308 3918 612 3988 importune
639 3931 699 3970 ea
729 3931 850 3985 quae
881 3917 948 3971 de
990 3917 1172 3971 Exodo
1211 3917 1600 3987 assumpsimus
1628 3933 1724 3971 ex-

166 4005 380 4075 planata
412 4007 543 4072 sint,
569 4013 630 4059 ut
649 4005 870 4060 evidens
899 4003 1051 4060 fieret
1075 4019 1266 4060 sensus
1291 4009 1559 4076 quomodo
1584 4007 1724 4075 Apo-

168 4097 330 4153 stolus
351 4097 404 4150 in
427 4095 676 4165 praesenti
693 4094 814 4159 loco
835 4095 1193 4163 propitiatorii
1209 4109 1400 4149 nomen
1419 4109 1725 4164 assumpse-

168 4188 373 4244 rit'cum
398 4187 568 4244 dicit:
598 4202 618 4236 ι
645 4184 812 4252 Quem
837 4185 1267 4255 proposuitDeus
1291 4185 1722 4254 propitiatorium

169 4298 259 4353 per
283 4284 466 4341 fidem.
495 4305 514 4338 ι
556 4284 660 4342 Sed
685 4295 739 4340 et
763 4285 862 4341 hoc
885 4285 1059 4356 ipsum
1084 4284 1228 4355 quod
1257 4284 1394 4338 dixit
1420 4322 1436 4348 ,
1477 4301 1496 4332 ι
1527 4297 1722 4352 propo-

170 4377 307 4442 suit,
343 4396 362 4430 ›
400 4377 572 4448 magis
622 4378 688 4432 de
743 4378 918 4431 anima
982 4376 1146 4442 Jesu,
1197 4391 1357 4446 quam
1415 4376 1482 4429 de
1523 4375 1722 4428 deitate

169 4465 280 4533 ejus
315 4467 521 4523 dictum
563 4469 792 4522 sentitur
821 4467 955 4540 (84).
1009 4485 1028 4517 ι
1065 4466 1354 4536 Proposuit
1399 4484 1417 4518 ι
1451 4466 1594 4520 enim
1631 4466 1717 4518 iu-

175 4557 420 4628 telligitur
454 4561 606 4628 quasi
654 4560 806 4629 prius
839 4560 1060 4628 posuit,
1115 4559 1216 4613 hoc
1256 4567 1340 4612 est
1410 4557 1721 4628 priusquam

170 4657 328 4702 esset.
370 4648 522 4714 Quod
567 4650 712 4703 enim
742 4659 824 4705 est
857 4650 1074 4718 ponitur
1100 4690 1114 4713 ,
1164 4649 1302 4718 quod
1349 4650 1582 4702 nondum
1641 4659 1725 4702 est

173 4741 504 4806 proponitur.
546 4739 662 4795 Non
713 4754 842 4808 ergo
888 4740 1141 4794 convenit
1176 4738 1242 4792 de
1273 4753 1338 4793 eo
1383 4737 1471 4806 qui
1512 4753 1724 4806 semper

175 4839 319 4896 erat,
349 4831 403 4886 id
453 4839 537 4886 εει
581 4832 649 4886 de
693 4829 866 4886 Verbo
901 4831 1040 4897 Dei,
1091 4831 1196 4884 dici
1247 4831 1368 4900 quia
1415 4831 1723 4900 pr0positus

234 4967 469 5024 "Levii.
501 4985 653 5036 xxvr,
679 4971 766 5026 12.
843 4972 887 5002 ⁸⁸
907 4971 1113 5025 Coloss.
1157 4986 1196 5033 ι,
1235 4970 1322 5023 19.
1401 4971 1443 5001 ⁶⁹
1480 4970 1646 5022 Exod.

501 4985 653 5036 xxvr,
679 4971 766 5026 12.
843 4972 887 5002 ⁸⁸
907 4971 1113 5025 Coloss.
1157 4986 1196 5033 ι,
1235 4970 1322 5023 19.
1401 4971 1443 5001 ⁶⁹
1480 4970 1646 5022 Exod.
1693 4989 1819 5033 xxv,
1851 4973 1940 5025 2t.

1489 5040 1533 5069 ⁷⁵
1570 5039 1726 5094 Rom.
1768 5059 1848 5104 ιιι,
1874 5041 1963 5097 25.
2094 5041 2141 5071 ⁷⁸
2173 5040 2341 5096 Levit.
2380 5053 2455 5101 ιν,
2480 5039 2573 5100 ⁷15,
2617 5039 2706 5099 14,

1489 5119 1534 5164 et
1571 5125 1682 5168 seu.
1762 5115 1804 5144 ⁸⁰
1843 5112 1998 5168 Joan.
2029 5128 2066 5168 ι.
2106 5110 2194 5164 29.
2270 5110 2310 5140 ⁸¹
2351 5107 2513 5163 Hebr.
2557 5123 2634 5168 Ix,
2665 5107 2735 5160 22

1877 5129 1998 5167 oan.
2029 5128 2066 5176 ι,
2106 5122 2194 5164 29.
2270 5122 2310 5140 οι
2351 5122 2513 5163 Henr.
2557 5123 2634 5174 ix,
2665 5122 2757 5164 22.

171 5035 256 5090 9.7.
328 5039 373 5070 ⁷³
403 5039 572 5095 lCor.
606 5035 668 5103 η.
699 5042 786 5095 10.
865 5041 913 5072 ⁷⁸
947 5041 1113 5094 Exod.
1143 5055 1269 5104 xxv,
1300 5039 1388 5092 22.

173 5121 212 5171 ι.
252 5107 346 5175 19;
389 5126 449 5176 ιι,
480 5109 534 5167 9.
609 5111 654 5142 ⁷⁸
691 5111 832 5166 Psal.
863 5126 971 5180 elx,
998 5111 1052 5164 4.
1127 5112 1170 5142 ⁷ο
1204 5110 1363 5164 llebr.
1406 5125 1439 5162 ιι
1479 5119 1534 5164 ει
1571 5125 1682 5180 seq.

243 5225 354 5364 (82;
391 5227 569 5292 Alias,
605 5246 624 5279 ι
661 5245 880 5295 pensus,
923 5246 942 5280 ι
979 5227 1138 5281 male.

243 5296 328 5363 (8'5
387 5297 494 5363 AL,
524 5317 542 5349 ι
579 5300 888 5364 prtedicata,
927 5317 944 5350 ι
979 5298 1138 5352 Deind

211 5296 350 5373 .(83)
387 5297 542 5373 Al.”
579 5300 888 5366 przedieata,
927 5317 954 5373 |_
979 5298 1216 5373 Deinde,
1245 5317 1264 5348 ι
1292 5298 1525 5373 Possunt
1555 5298 1718 5373 etiam

175 5367 395 5420 virtutes
424 5369 690 5430 caelestes,
726 5387 744 5418 ι
781 5379 887 5421 etc.
922 5368 1155 5421 Sanctus
1187 5368 1432 5430 Basilius,
1467 5368 1562 5420 lib.
1595 5387 1612 5417 ι
1647 5367 1719 5421 Dc

178 5432 368 5501 Spiritu
399 5448 607 5501 sancto,
639 5456 656 5488 ι
695 5453 816 5504 cap.
849 5438 941 5499 29,
974 5437 1146 5490 locum
1179 5439 1320 5490 hunc
1354 5438 1433 5490 sic
1477 5453 1712 5492 comme-

175 5515 340 5577 morat
356 5523 368 5559 :
385 5508 446 5558 Αἱ
471 5509 607 5577 ιεραὶ
629 5509 882 5577 δυνάμεις
910 5509 1211 5577 χωρητικαὶ
1235 5508 1331 5560 τοῦ
1361 5507 1711 5576 Μονογενοῦς,

177 5573 262 5648 καὶ
282 5573 377 5643 τῆς
403 5576 495 5629 τοῦ
522 5573 676 5644 ἆγίου
708 5573 1019 5648 Πιθεύμάλεοζ
1042 5573 1310 5648 θεότητος.
1349 5596 1366 5627 ι
1399 5573 1580 5648 Sacrae
1610 5578 1716 5648 vir—

177 5647 311 5698 tutes
334 5660 557 5716 capaces
588 5660 706 5704 sunt
738 5647 1030 5717 Uuigeuiti,
1061 5659 1113 5703 et.
1141 5650 1314 5704 sancti
1340 5647 1576 5712 Spiritus
1605 5647 1714 5705 dci-

1823 1829 2028 1886 nagoga
2069 1816 2296 1871 vitulum
2351 1832 2417 1871 ex
2466 1816 2636 1872 bobus
2681 1816 2794 1886 (85)
2837 1829 2937 1884 pro
2974 1823 3237 1884 peccato;
3274 1830 3292 1864 ι
3327 1821 3382 1866 ει

1822 1916 1945 1974 post
1977 1922 2147 1976 pauca
2181 1925 2195 1962 :
2229 1925 2249 1958 ‹
2289 1909 2356 1962 Et
2388 1909 2582 1962 inferet
2628 1909 2880 1964 sacerdos
2908 1908 3000 1977 qui
3043 1917 3239 1962 unctus
3275 1915 3378 1970 est,

1822 2013 1890 2052 ex
1919 2000 2180 2069 sanguine
2223 2000 2372 2054 vituli
2429 2002 2481 2055 in
2530 2000 2927 2055 tabernaculum
2983 1997 3315 2062 testimonii;
3355 2015 3374 2048 ι

1824 2099 1878 2144 ει
1929 2099 2050 2159 post
2101 2105 2272 2160 pauca
2319 2092 2559 2146 iterum:
2601 2111 2620 2142 ι
2658 2091 2724 2145 Ει
2774 2092 2966 2155 faciet,
3022 2089 3229 2159 inquit,
3302 2087 3383 2141 vi—

1825 2181 1993 2237 tulum
2014 2224 2029 2249 ,
2062 2186 2511 2252 quemadmodum
2570 2185 2698 2241 fecit
2741 2185 2968 2240 vitulum
3004 2199 3103 2253 pro
3130 2193 3373 2255 peccato,

1825 2284 1878 2328 et
1899 2275 2272 2344 repropitiabit
2289 2293 2385 2348 pro
2400 2278 2484 2332 his
2501 2276 2773 2342 sacerdos,
2789 2287 2843 2332 et
2860 2277 3165 2332 remittetur
3181 2275 3261 2330 eis
3277 2275 3345 2330 ⁷⁸.
3359 2293 3378 2326 ι

1826 2361 1934 2417 Ρει·
1979 2367 2300 2434 sanguinem
2349 2381 2477 2437 ergo
2510 2367 2621 2440 (86)
2653 2369 2965 2437 repropitiat
3012 2369 3260 2422 sacerdos
3287 2382 3384 2436 pro

1825 2456 1970 2507 omni
1999 2455 2284 2527 Synagoga
2313 2469 2372 2510 ut
2402 2461 2710 2514 remittatur
2735 2459 2833 2514 eis.
2860 2459 3215 2527 [{equiramus
3242 2471 3385 2515 nunc

1827 2545 2036 2615 singula
2075 2563 2303 2617 quaeque
2328 2550 2546 2604 nomina
2587 2565 2708 2619 quae
2755 2549 2821 2604 de
2861 2549 3146 2604 Salvatore
3181 2547 3386 2617 scripta

1829 2649 1996 2704 sunt,
2031 2642 2166 2695 etin
2196 2643 2420 2710 singulis
2451 2642 2898 2714 appellationibus
2946 2655 3066 2709 quae
3112 2640 3218 2694 sint
3266 2655 3386 2708 qua:

1828 2728 2172 2798 designentur
2195 2731 2502 2801 diligentius
2531 2730 2974 2801 contemplemur.
3005 2730 3252 2784 Invenies
3281 2730 3384 2800 igi-

1828 2825 1952 2885 ttrr,
1991 2822 2244 2889 quoniam
2292 2826 2506 2893 quidem
2555 2826 2606 2878 in
2654 2825 2767 2892 ipso
2796 2821 3118 2891 complacuit
3138 2821 3383 2876 habitare

1828 2925 2039 2965 omnem
2069 2913 2458 2980 plenitudinem
2509 2916 2803 2970 divinitatis
2830 2913 3209 2983 corporaliter,
3262 2927 3386 2967 esse

1831 3003 2003 3072 ipsum
2041 3008 2588 3084 etpropitiatorium,
2619 3018 2673 3064 et
2701 3005 3036 3078 pontiﬁcem,
3068 3014 3122 3059 et
3149 3006 3384 3060 hostiam

1826 3121 1943 3177 qua:
1969 3102 2190 3158 ollertur
2217 3117 2312 3172 pro
2339 3101 2534 3172 popqu
2565 3102 2632 3152 ’⁷.
2667 3100 2732 3154 Ει
2764 3101 2979 3171 quidem
3016 3100 3082 3154 de
3119 3097 3383 3168 propitia-

1827 3199 1966 3253 torio
1992 3199 2102 3267 jam
2137 3197 2270 3250 satis
2297 3205 2380 3250 εει
2410 3194 2638 3250 dictum.
2679 3193 2785 3249 Sed
2819 3205 2873 3249 et
2901 3195 2966 3248 de
2988 3192 3242 3263 pontifice
3270 3191 3386 3244 evi-

1825 3295 2013 3347 denter
2039 3289 2206 3344 David
2239 3288 2291 3342 in
2319 3286 2533 3343 Psalmo
2562 3287 2628 3351 '3,
2680 3296 2735 3342 et
2783 3286 3060 3358 apostolus
3091 3285 3291 3340 Paulus
3317 3285 3382 3336 ad

1827 3382 2082 3437 Hebraeos
2110 3381 2156 3412 ⁷⁹
2187 3378 2396 3436 scribit.
2435 3376 2585 3444 Quod
2617 3386 2796 3432 autem
2822 3378 2890 3432 sit
2916 3387 2970 3431 et
2993 3376 3195 3442 hostia,
3222 3384 3387 3430 testa-

1828 3483 1916 3529 tur
1939 3472 2196 3537 Joannes,
2232 3471 2454 3524 dicens:
2491 3487 2510 3519 ι
2543 3467 2644 3522 llic
2673 3478 2756 3523 est
2785 3469 2965 3538 Agnus
2987 3467 3078 3522 Dei
3119 3467 3209 3534 qui
3243 3465 3384 3519 tollit

1825 3574 2049 3636 peccata
2076 3563 2260 3617 mundi
2291 3562 2357 3614 ⁸ο.
2411 3579 2428 3612 ι
2465 3560 2775 3615 Secundum
2810 3559 2912 3614 hoc
2939 3573 3068 3630 ergo
3107 3559 3248 3628 quod
3286 3557 3386 3611 bo-

1826 3655 1926 3710 stia
1954 3662 2061 3718 est,
2087 3651 2402 3721 profusione
2431 3649 2706 3719 sanguinis
2720 3647 3130 3719 suipropitiatio
3154 3645 3384 3702 efﬁcitur

1827 3747 1877 3799 in
1909 3759 1974 3799 eo
2021 3742 2164 3812 quod
2203 3741 2296 3796 dat
2325 3733 2696 3795 remissionem
2719 3738 3136 3809 praecedentium
3159 3736 3384 3792 delicto-

1829 3850 1990 3888 rum:
2048 3846 2169 3902 quae
2217 3840 2393 3885 tamen
2447 3828 2758 3900 propitiatio
2817 3829 2884 3883 ad
2945 3843 3382 3897 unumquemque

1826 3930 2158 3980 credentium
2193 3938 2289 3992 per
2338 3923 2477 3976 viam
2514 3922 2635 3975 ﬁdei
2675 3921 2843 3975 venit.
2884 3920 2996 3975 Nisi
3044 3923 3186 3976 enim
3225 3921 3382 3973 daret

1828 4011 2204 4071 remissionem
2241 4012 2659 4083 prtecedentium
2688 4011 3034 4079 delictorum,
3067 4013 3383 4081 propitiatio

1827 4125 1929 4162 non
1967 4107 2288 4176 probaretur
2325 4105 2534 4159 effecta.
2561 4104 2694 4158 Cum
2728 4091 2860 4158 vero
2907 4113 3248 4172 peccatorum
3296 4119 3382 4156 re-

1828 4201 2010 4254 missio
2040 4199 2346 4262 tribuatur,
2383 4207 2587 4250 certum
2642 4206 2728 4252 est
2757 4195 3193 4265 prepitiationem
3248 4192 3384 4248 effu-

1823 4293 1975 4347 sione
2003 4291 2143 4345 sacri
2169 4290 2446 4359 sanguinis
2475 4289 2816 4358 adimpletam
2847 4289 2891 4320 ⁸¹
2927 4303 2939 4338 :
2977 4305 2996 4340 ι
3021 4288 3238 4356 Absque
3259 4301 3384 4340 sau-

1826 4381 2002 4451 guinis
2035 4399 2053 4432 ι
2084 4381 2228 4434 enim
2261 4397 2279 4429 ι
2313 4377 2606 4444 effusione,
2669 4399 2688 4430 ›
2723 4379 2862 4434 sicut
2887 4377 3189 4448 .Apostolus
3229 4377 3380 4442 dicit,

1831 4493 1848 4524 ι
1891 4488 1992 4527 non
2021 4472 2077 4525 fit
2114 4471 2359 4525 remissio
2392 4489 2410 4522 ι
2453 4480 2820 4539 peccatorum.
2853 4469 3048 4524 Verum
3083 4484 3149 4524 ne
3177 4468 3378 4522 Paulus

1827 4566 1919 4618 tibi
1949 4567 2094 4620 solus
2147 4564 2556 4632 praesumpsisse
2604 4562 2716 4632 (87)
2768 4561 2930 4632 516
2982 4561 3381 4631 propitiationis

1827 4673 2018 4712 nomen
2056 4657 2301 4711 videatur
2335 4656 2386 4708 in
2412 4653 2649 4720 Christo,
2678 4656 2802 4708 audi
2828 4655 3098 4723 quomodo
3135 4663 3188 4708 et
3217 4653 3381 4709 Joan:

1827 4764 1921 4802 nes
1945 4762 2179 4802 consone
2206 4745 2317 4817 (88)
2352 4747 2416 4800 de
2445 4747 2546 4799 hoc
2577 4760 2737 4800 sensu
2779 4745 3029 4814 loquatur
3061 4759 3182 4799 cum
3217 4745 3382 4799 dicit:

1832 4861 1848 4892 ι
1895 4840 2068 4895 Filioli
2104 4841 2245 4904 mei,
2295 4840 2406 4892 haec
2435 4839 2614 4893 scribo
2641 4838 2823 4906 vobis,
2861 4848 2918 4892 ut
2967 4855 3070 4892 non
3124 4837 3381 4907 peccetis.

2016 4972 2060 5001 7°
2098 4971 2226 5023 ibid.
2267 4970 2360 5022 22.
2433 4969 2493 5032 τί,
2521 4967 2719 5023 Hahae.
2750 4982 2831 5032 ιιι,
2864 4966 2920 5019 2.
2993 4968 3037 4999 ⁷³
3074 4965 3262 5020 Matth.
3304 4980 3384 5027 ιιι,

2094 5015 2360 5096 Haec:
2380 5053 2455 5101 IV,
2480 5015 2719 5100 513,71:
2746 5015 2833 5106 is;
2865 5015 2954 5092 eo.
3074 5015 3381 5090 Ἧῐιῦἰοέέξ

1837 5229 1984 5281 talis.
2035 5248 2052 5280 ι

1899 5301 2013 5370 (8i)
2048 5298 2218 5370 Alias,
2265 5315 2283 5347 ι
2319 5296 2599 5370 sentietur.
2647 5313 2667 5346 ι

1922 5364 2010 5437 85)
2047 5368 2224 5431 Alias,
2261 5385 2280 5416 ι
2314 5365 2550 5437 duobus,
2586 5384 2604 5416 ι
2641 5364 2796 5418 male.

1919 5435 2006 5507 Sb)
2049 5437 2208 5505 Ergo.
2241 5435 2401 5498 Editi,
2437 5454 2454 5484 ι
2498 5449 2644 5489 vero.
2679 5454 2697 5486 ι

1919 5511 2008 5574 87)
2046 5509 2216 5572 Alias,
2258 5525 2275 5557 ι
2321 5507 2746 5574 proposuisse.)

1894 5572 2004 5650 (88)
2045 5579 2227 5652 Alias,
2262 5596 2279 5629 ι
2316 5572 2572 5652 consona,
2613 5593 2632 5628 ι
2669 5572 2763 5652 ιιι..
2806 5591 2820 5625 ι
2851 5585 3108 5642 consono.
3146 5586 3188 5620 ι.
