3684 6148
318 237 417 294 9ιι1

2102 241 2114 293 i
3467 235 3557 290 95!

320 357 428 416 Sed
454 364 510 413 et
536 355 581 412 si
613 354 737 427 quis
769 354 1096 428 peccaverit,
1117 353 1437 410 advocatum
1464 353 1723 410 habemus
1745 360 1888 426 apud
1918 358 1964 414 A
1987 346 2250 425 iudicium
2299 365 2600 418 statuerat,
2648 371 2886 425 praesens
2934 353 3328 410 sustentationi
3376 363 3432 408 ct
3477 369 3559 423 pa-

317 447 560 516 Patrem,
587 445 770 502 losum
803 445 1077 502 Christum
1097 445 1299 515 iustum
1336 464 1349 500 :
1382 455 1437 501 et
1483 447 1599 516 ipse
1641 457 1724 500 est
1760 463 1887 516 pro-
1992 450 2198 504 tientia:
2226 449 2536 519 deputaret.
2579 447 2714 502 Nam
2749 449 2792 502 si
2831 448 3047 518 puniret
3095 449 3149 501 in
3185 449 3292 502 huc
3323 457 3560 518 tempore

319 543 532 613 pitiatio
568 554 668 612 pro
697 541 936 612 peceatis
959 539 1159 596 nostris
1190 557 1206 604 ;
1246 555 1352 594 non
1383 539 1554 595 solum
1577 547 1755 595 autem
1788 555 1888 611 pro
1987 551 2330 610 peccatorem
2354 581 2369 603 ,
2387 539 2590 608 iustum
2639 556 2743 593 non
2797 542 3071 594 videretur
3105 540 3222 613 (92)
3256 542 3464 594 iterum
3499 543 3556 595 ad

318 634 523 690 nostris
551 677 567 702 ,
603 634 698 689 sed
733 643 784 690 et
811 648 909 705 pro
948 633 1185 689 universi
1218 635 1400 688 mundi
1429 633 1496 692 κ’.
1531 653 1550 688 ι
1580 633 1699 690 Uno
1725 635 1889 704 igitur
1983 631 2246 702 iudicium
2275 648 2434 702 quem
2471 633 2719 702 punierat
2743 647 2995 687 evocare.
3037 633 3093 687 Si
3125 649 3253 687 vero
3289 642 3556 688 sustentet

318 726 619 797 eodemque
636 740 798 782 sensu
819 723 1043 795 apostoli
1071 726 1587 795 rpropitiatorium,»
1614 725 1695 781 vel
1719 744 1738 777 ι
1763 742 1888 797 pro-
1987 734 2041 780 et
2071 725 2307 794 patiatur
2332 725 2382 778 in
2416 725 2662 792 praesenti
2703 724 2918 785 saeculo.
2951 736 3098 781 recte
3125 726 3232 780 erit
3261 727 3449 793 iustus
3473 725 3556 794 iu.

316 819 680 888 pitiationem,
715 836 736 870 ι
768 817 877 883 vel,
904 826 963 873 ut
997 818 1051 873 in
1084 818 1299 874 Latinis
1327 818 1607 874 codicibus
1637 818 1888 888 frequen-
1988 815 2090 871 dex
2131 818 2183 871 in
2217 817 2418 872 futuro.
2459 817 2727 872 Justilicat
2759 833 2888 887 ergo
2917 833 3040 872 eum
3069 823 3161 891 qui
3213 811 3285 874 ex
3331 819 3438 874 fide
3465 830 3560 883 est,

314 910 426 966 tius
449 909 783 977 invenitur,¢
805 907 1223 979 Propitiatorem
1248 931 1268 964 ι
1297 909 1883 966 nominantChristum.
1989 911 2128 964 sicut
2172 921 2227 964 et
2252 911 2317 964 de
2347 911 2619 963 Abraham
2655 911 2915 980 scriptum
2947 922 3065 977 est,
3107 914 3231 982 quia
3267 932 3288 964 ι
3338 913 3563 967 credidit

316 1000 428 1058 Sed
480 1000 614 1056 nihil
652 1001 882 1056 interest
907 1001 1023 1056 sive
1067 1019 1086 1052 ι
1123 1002 1474 1072 propitiator,
1513 1021 1532 1054 ι
1567 1003 1680 1057 sive
1711 1021 1730 1053 ι
1761 1017 1885 1072 pro~
1987 1000 2258 1054 Abraham
2292 1001 2418 1063 Deo,
2451 993 2829 1070 et'reputatum
2853 1013 2936 1058 est
2963 1005 3010 1058 ei
3040 1004 3104 1057 ad
3128 1004 3408 1073 justitiam
3440 1003 3504 1056 ".
3542 1021 3560 1055 ι

314 1092 672 1162 pitiatorium,
705 1112 726 1147 ι
755 1094 869 1150 sive
899 1111 918 1145 ι
949 1094 1279 1164 propitiatio,
1317 1113 1335 1146 ι
1384 1095 1500 1150 sive
1529 1095 1692 1150 etiam
1739 1112 1758 1147 ι
1798 1110 1887 1148 ex-
1989 1089 2140 1156 Quod
2167 1091 2210 1145 si
2244 1091 2518 1145 Abraham
2569 1092 2836 1157 credidit,
2866 1101 2920 1147 et
2959 1108 3026 1148 ex
3079 1092 3184 1147 ﬁde
3229 1091 3564 1161 iustiﬁcatus

315 1187 492 1242 oratio
515 1206 535 1240 ι
573 1187 834 1258 scriptum
858 1187 952 1253 sit,
981 1203 1103 1243 cum
1135 1188 1274 1255 apud
1292 1187 1510 1244 Gnaeos
1543 1202 1649 1244 uno
1675 1202 1888 1258 semper
1987 1193 2090 1246 est.
2122 1197 2460 1252 consequens
2495 1185 2616 1238 sine
2645 1184 2812 1239 dubio
2840 1185 2946 1240 erit
2975 1195 3036 1238 ut
3063 1194 3118 1240 et
3144 1201 3290 1240 nunc
3317 1187 3416 1256 qui
3450 1201 3565 1240 cre-

313 1279 613 1350 eodemque
661 1293 914 1336 sermone
935 1280 1261 1352 proferatur.
1305 1279 1418 1335 Nisi
1452 1279 1593 1336 forte
1636 1281 1888 1336 videatur
1987 1279 2066 1333 dit
2094 1275 2208 1350 (93)
2238 1279 2364 1342 Deo,
2402 1293 2498 1348 per
2521 1278 2677 1334 iidem
2699 1277 2828 1335 Jesu
2851 1279 3054 1335 Christi
3073 1279 3421 1350 iustificetur
3447 1295 3564 1334 cum

317 1371 636 1442 quibusdam
677 1391 696 1424 σ
727 1371 1040 1442 propitiatio
1079 1389 1100 1424 ι
1132 1370 1246 1440 ipsa
1284 1369 1400 1441 eius
1427 1370 1607 1426 divina
1638 1369 1887 1426 substan-
1988 1373 2129 1428 tideli
2169 1373 2443 1426 Abraham
2475 1372 2542 1426 ”.

317 1463 432 1530 tia;
488 1479 508 1514 ι
541 1462 862 1532 propitiator
899 1480 918 1512 ι
955 1476 1120 1525 vero,
1174 1475 1295 1516 cum
1346 1461 1778 1531 dispensationes
1831 1461 1883 1515 in
2054 1464 2107 1519 9.
2155 1484 2173 1516 ι
2213 1463 2310 1520 Ubi
2335 1473 2418 1519 est
2451 1478 2580 1534 ergo
2612 1461 2865 1534 gloriatio
2901 1463 3030 1517 tua?
3055 1461 3291 1517 Exclusa
3323 1473 3434 1518 εει.
3471 1461 3565 1517 Per

313 1551 626 1608 hominibus
655 1551 836 1622 explet
863 1550 996 1622 (89),
1026 1551 1274 1622 intelligi.
1315 1551 1424 1609 Sed
1451 1562 1507 1608 et
1549 1552 1692 1622 quod
1748 1551 1886 1608 dixit
1985 1571 2147 1627 quam
2177 1557 2348 1624 legem
2371 1555 2395 1610 i
2419 1553 2658 1623 Operum
2689 1552 2713 1605 ἲ
2745 1552 2863 1607 Νοιι
2897 1570 2912 1608 :
2949 1554 3045 1608 sed
3080 1568 3175 1622 per
3202 1550 3383 1622 regem
3419 1553 3560 1609 iidei.

312 1643 569 1712 Joannes,
591 1644 713 1713 quia
745 1663 764 1697 ι
791 1643 906 1714 ipse
926 1655 1009 1700 est
1032 1646 1273 1701 exoratio
1296 1645 1432 1716 (sive
1463 1664 1481 1699 ι
1505 1644 1881 1717 ρτοῃίιὶειιὶοο)
1917 1708 1953 1717 _
1986 1648 2335 1704 Arbitramur
2385 1649 2532 1702 enim
2585 1644 2876 1714 iustificari
2929 1645 3199 1699 hominem
3256 1661 3360 1715 per
3409 1646 3562 1698 ﬁdem

311 1750 412 1806 pro
438 1735 676 1806 peccatis
700 1737 902 1791 nostris
927 1752 944 1803 ;
970 1751 1074 1791 non
1111 1737 1288 1792 solum
1314 1748 1493 1792 autem
1520 1753 1616 1807 pro
1655 1738 1879 1804 nostris,
1917 1708 1956 1762 Β
1986 1741 2106 1795 sine
2133 1741 2390 1811 operibus
2423 1737 2557 1809 legis
2578 1737 2645 1790 “.
2686 1755 2706 1789 ι
2748 1736 2944 1790 lterum
2987 1752 3050 1790 ac
3078 1739 3279 1805 saepius
3315 1751 3564 1792 comnio-

310 1828 406 1883 sed
433 1837 488 1882 et
527 1841 626 1900 pro
652 1828 889 1885 universi
926 1830 1146 1898 mundi,
1184 1848 1204 1883 ι
1250 1833 1495 1900 quadam
1531 1833 1689 1888 nobis
1734 1833 1881 1887 intu-
1985 1847 2176 1886 nemus
2224 1846 2319 1886 eos
2347 1831 2439 1901 qui
2487 1829 2691 1899 scripta
2725 1826 2874 1882 Pauli
2909 1827 3224 1898 diligentius
3277 1832 3566 1885 advertere

311 1920 440 1975 lisse
479 1920 695 1976 videtur
728 1930 1012 1991 augmenta
1036 1925 1306 1993 mysterii,
1333 1934 1393 1977 ut
1419 1925 1667 1980 ostendat
1695 1923 1880 1980 Iesum
1981 1924 2241 1993 cupiunt,
2273 1922 2676 1976 distinctionem
2709 1921 2881 1984 illam,
2907 1935 3069 1989 quam
3101 1935 3267 1990 supra
3297 1919 3562 1986 diximus,

311 2011 717 2080 propitiatorem
764 2029 885 2070 esse
919 2029 1024 2070 non
1080 2015 1255 2070 solum
1286 2015 1652 2080 credentium,
1693 2032 1879 2072 verum
1980 2013 2279 2068 observare
2307 2013 2551 2067 tenacius
2576 2052 2592 2076 ,
2621 2012 2897 2080 quomodo
2927 2010 3038 2083 (94)
3069 2027 3211 2065 nunc
3257 2013 3563 2067 circumci-

309 2110 365 2156 ιιι
393 2103 558 2158 totius
595 2105 813 2174 mundi;
851 2122 956 2160 non
1000 2115 1180 2163 tamen
1229 2109 1383 2178 prius
1415 2108 1638 2174 mundi,
1667 2117 1723 2164 et
1755 2119 1881 2164 tunc
1981 2103 2153 2158 sionis
2180 2117 2434 2168 causam,
2465 2117 2610 2158 nunc
2638 2102 2911 2174 praeputii,
2945 2103 2997 2157 id
3030 2113 3112 2156 est
3137 2101 3460 2158 Iudaeorum
3484 2102 3563 2158 vel

311 2203 598 2260 nostrum;
637 2197 731 2252 sed
785 2198 936 2268 prius
961 2210 1232 2264 nostrum,
1261 2209 1316 2256 et
1348 2201 1419 2254 ita
1447 2201 1668 2256 demum
1719 2203 1882 2257 torius
1979 2195 2531 2266 gentilium,discreto
2566 2210 2782 2264 semper
2818 2197 3036 2250 tramite
3075 2205 3476 2266 prosequatur.
3507 2195 3562 2249 Si

309 2285 516 2342 tnundi.
540 2285 796 2354 Quamvis
815 2289 959 2344 enim
984 2290 1237 2346 universa
1254 2301 1502 2347 creatura
1525 2293 1755 2362 gratiam
1776 2291 1880 2349 Re-
1978 2288 2122 2342 enim
2158 2285 2435 2358 paululum
2472 2287 2599 2357 qttid
2635 2287 2832 2360 fugerit
2858 2288 3148 2359 legentem,
3172 2289 3446 2342 continuo
3470 2304 3562 2340 an-

308 2377 604 2448 demptnris
629 2389 930 2448 exspectet,
962 2381 1335 2452 unusquisque
1367 2390 1547 2439 tamen
1577 2384 1629 2440 in
1659 2400 1757 2440 suo
1788 2401 1877 2441 οι».
1979 2389 2132 2451 gusta
2166 2381 2282 2435 haec
2310 2389 2366 2436 et
2410 2379 2566 2434 exilis
2617 2380 2989 2450 intelligentiae
3039 2380 3233 2434 semita
3282 2379 3405 2448 (95)
3443 2393 3562 2447 per-

306 2469 433 2524 dine
460 2469 642 2525 veniet
677 2473 744 2525 ad
769 2471 1018 2527 salutem.
1052 2473 1164 2528 Hoc
1194 2473 1424 2529 indicari
1473 2476 1716 2532 arbitror
1737 2488 1790 2533 et
1821 2477 1874 2531 in
1980 2472 2308 2528 turbabitur.
2348 2470 2514 2543 Igitur
2540 2488 2662 2528 cum
2695 2475 2945 2540 superius
2976 2471 3023 2504 ”
3050 2475 3388 2528 ostendisset
3414 2472 3560 2543 Apo-

307 2559 546 2618 Levitico
563 2562 630 2628 ⁸³,
654 2562 740 2618 ubi
763 2564 1222 2638 repr0pitiationis
1250 2567 1436 2623 hostiae
1454 2583 1550 2638 per
1562 2568 1874 2639 pontificem
1978 2564 2150 2619 stolus
2177 2564 2305 2633 quid
2347 2573 2494 2618 esset
2523 2563 2756 2632 amplius
2803 2561 2989 2618 Judaao
3010 2602 3027 2627 ,
3063 2573 3159 2618 aut
3197 2579 3321 2632 quae
3352 2563 3560 2618 utilitas

308 2651 634 2707 mandantur
655 2651 860 2709 offerri.
902 2654 1012 2711 Nec
1070 2665 1250 2712 tamen
1276 2657 1328 2712 in
1363 2659 1446 2714 bis
1477 2660 1874 2716 sacriﬁciorum
1977 2657 2407 2711 circumcisionis
2437 2670 2450 2706 τ
2483 2664 2538 2710 et
2571 2655 2850 2710 docuisset
2883 2655 3010 2725 quia
3051 2655 3240 2724 primis
3291 2655 3405 2709 illis
3442 2670 3556 2709 cre-

304 2742 568 2800 confusus
598 2746 732 2800 ordo
768 2747 1118 2817 proponitur;
1152 2749 1244 2804 sed
1275 2751 1451 2818 primo
1493 2753 1714 2821 quidem
1744 2753 1876 2810 dicit
1976 2749 2087 2802 dita
2119 2759 2248 2804 sunt
2276 2749 2488 2818 eloquia
2523 2748 2651 2810 Dei.
2683 2756 2737 2802 et
2777 2761 2874 2814 De?
2909 2745 3020 2800 haec
3055 2745 3203 2799 Visus
3240 2743 3445 2799 Ῑυῖεεοι
3469 2759 3559 2797 ει·

306 2849 426 2902 quae
453 2836 525 2890 sit
569 2837 914 2906 propitiatio,
955 2851 1009 2894 et
1050 2842 1225 2910 qualis
1261 2843 1470 2909 hostia,
1520 2845 1567 2899 si
1617 2844 1874 2901 sacerdos
1977 2840 2170 2897 tollere
2220 2856 2410 2896 eorum
2458 2839 2778 2909 iactantiam
2825 2854 2932 2909 qua
2977 2839 3267 2894 adversum
3323 2838 3557 2909 gentiles

307 2925 644 2993 peccaverit,
675 2925 935 2983 oll‘eratur
978 2929 1043 2982 “.
1077 2930 1360 2999 Secundo,
1394 2932 1438 2988 si
1487 2934 1666 2991 omnis
1695 2934 1872 3006 Syna-
1974 2934 2110 3005 erigi
2139 2934 2321 2988 solent
2347 2949 2362 2987 :
2387 2943 2442 2988 et
2466 2949 2676 2987 rursum
2699 2942 2890 2986 contra
2916 2932 3030 2986 haec
3055 2932 3106 2984 in
3137 2930 3560 2999 sequentibus“

305 3031 442 3117 goga
471 3017 758 3117 deliquerit
795 3035 891 3090 per
933 3021 1326 3092 ignorantiam,
1370 3024 1671 3094 cuiusmodi
1717 3028 1876 3083 victi-
1903 3057 1946 3117 ρ
1979 3030 2269 3096 obiecisset
2288 3027 2556 3098 justitiam
2585 3026 2680 3080 Dei
2711 3041 2807 3096 per
2845 3025 3002 3078 [idem
3040 3023 3166 3080 Jesu
3199 3023 3410 3079 Christi
3437 3039 3558 3078 esse

307 3109 409 3164 mis
447 3108 692 3179 placetur
726 3111 867 3167 Deus
893 3113 959 3168 ⁸⁸.
1002 3113 1217 3181 Tertio,
1251 3115 1295 3171 si
1332 3117 1582 3187 princeps
1615 3131 1874 3188 peccave-
1909 3108 1946 3117 “
1981 3125 2032 3177 ἰιι
2062 3137 2252 3178 omnes
2276 3123 2367 3193 qui
2417 3125 2668 3183 credunt,
2706 3133 2879 3186 neque
2926 3117 3126 3172 habere
3163 3116 3412 3186 aliquam
3445 3118 3557 3171 dis-

308 3203 399 3269 rit,
432 3218 540 3268 quo
570 3204 760 3260 ordine
786 3206 1153 3274 puriﬁcandus
1176 3210 1247 3263 sit
1267 3211 1526 3266 scribitur
1544 3211 1614 3265 ⁸⁸.
1645 3211 1873 3280 Quarto,
1981 3217 2290 3271 tinctionem
2313 3254 2328 3278 ,
2353 3215 2447 3269 sed
2496 3226 2687 3266 omnes
2731 3209 3028 3277 deliquisse
3059 3206 3276 3262 Judaaos
3303 3219 3360 3261 et
3408 3207 3558 3262 (ἰηι-

306 3295 350 3347 si
385 3295 565 3349 anima
598 3311 704 3350 una
739 3299 1069 3367 peccaverit,
1099 3299 1261 3354 etiam
1294 3299 1361 3354 de
1390 3300 1496 3356 hoc
1523 3302 1646 3372 quis
1673 3303 1745 3356 sit
1775 3317 1873 3358 ει·
1975 3325 2103 3375 cos,
2135 3319 2190 3363 et
2228 3321 2386 3378 cgere
2416 3307 2582 3375 gloria
2608 3304 2701 3357 Dei
2728 3344 2743 3368 ,
2777 3314 2831 3355 et
2853 3303 3139 3371 iustiﬁcari
3190 3317 3286 3370 per
3321 3302 3558 3371 gratiam

306 3390 486 3458 piandi
517 3391 654 3445 ritus
678 3391 971 3458 exponitur
1002 3392 1068 3446 ³⁷.
1101 3392 1234 3460 Quae
1276 3393 1486 3464 singula
1517 3395 1747 3465 mystico
1792 3396 1874 3450 in-
1975 3418 2038 3456 ac
2071 3401 2497 3470 redemptionem
2528 3414 2648 3468 qua:
2681 3408 2765 3450 cst
2795 3397 2847 3450 in
2879 3397 3100 3451 Christo
3135 3395 3261 3450 .Iesu
3299 3415 3312 3448 :
3347 3396 3558 3463 ipsum-

304 3485 523 3540 tellectu
558 3483 795 3540 futuram
845 3485 1048 3540 Christi
1093 3485 1210 3557 (90)
1261 3487 1700 3556 propitiationem
1764 3504 1871 3544 non
1974 3511 2080 3564 que
2109 3510 2230 3548 esse
2263 3492 2700 3563 propitiatorimn
2737 3509 2834 3563 per
2864 3491 3046 3555 iidem,
3082 3499 3133 3543 ct
3155 3487 3458 3557 iustiﬁcari
3492 3487 3558 3540 ab

303 3578 479 3632 solum
526 3593 624 3650 pro
673 3577 913 3647 peccatis
963 3578 1197 3645 nostris,
1249 3579 1341 3634 sed
1373 3589 1432 3635 et
1479 3595 1578 3650 pro
1617 3582 1874 3636 universo
1973 3599 2041 3637 eo
2078 3598 2295 3637 omnem
2341 3581 2455 3654 (96)
2509 3583 2602 3652 qui
2638 3598 2704 3636 ex
2763 3584 2867 3636 Iide
2911 3589 3036 3634 est:
3072 3595 3216 3633 nunc
3249 3577 3363 3645 iam
3410 3580 3556 3631 velut

308 3672 508 3725 mtmdo
542 3669 710 3726 certis
739 3671 1048 3740 quibusque
1079 3671 1398 3738 ordinibus,
1437 3682 1492 3729 et
1543 3674 1719 3730 modis
1745 3690 1873 3730 cau-
1973 3675 2377 3730 conclusionem
2414 3677 2774 3728 assertiouum
2825 3688 3044 3726 suarum
3091 3687 3298 3740 ponens
3332 3672 3391 3724 in
3446 3671 3547 3724 hoc

302 3765 486 3834 sisque
511 3764 796 3834 designant
831 3780 846 3818 :
879 3766 922 3820 si
955 3765 1080 3835 quis
1112 3774 1290 3821 tamen
1322 3767 1436 3822 haec
1463 3769 1762 3822 secundum
1810 3768 1868 3821 il-
1974 3768 2091 3820 loco
2118 3769 2249 3821 dicit
2285 3783 2298 3820 :
2335 3784 2353 3817 ι
2385 3765 2482 3822 Ubi
2517 3778 2600 3821 est
2631 3781 2762 3836 ergo
2801 3765 3052 3837 gloriatio
3082 3775 3172 3817 tua
3195 3763 3218 3816 ?
3240 3780 3261 3813 ι
3313 3763 3552 3816 Exclusa

305 3858 408 3910 lam
437 3857 817 3912 revelationetn
851 3873 970 3927 quae
1003 3857 1173 3928 Moysi
1204 3859 1255 3912 in
1289 3869 1471 3913 monte
1500 3862 1869 3915 demonstrata
1970 3871 2072 3915 est.
2116 3858 2219 3913 Per
2241 3875 2400 3928 quant
2427 3857 2634 3928 legem?
2667 3857 2939 3926 Operum?
2984 3854 3098 3909 Non
3136 3871 3150 3907 :
3189 3856 3284 3924 sed
3327 3871 3429 3925 per
3481 3855 3554 3908 le-

299 3961 424 4004 esse
469 3949 702 4012 dicitur,
746 3957 935 4004 sancto
984 3946 1187 4019 Spiritu
1234 3949 1566 4006 illuminatus
1616 3953 1867 4021 aspiciat.
1974 3967 2092 4018 gem
2128 3950 2272 4005 lidei.
2304 3948 2650 4003 Arbitramur
2675 3950 2817 4002 enim
2841 3949 3126 4018 justiiicat‘i
3153 3947 3435 4001 hominem
3462 3960 3554 4012 per

301 4037 389 4093 Fit
413 4053 544 4109 ergo
569 4054 667 4108 per
691 4039 1184 4108 repropitiationeut
1231 4041 1513 4109 sanguinis
1550 4041 1754 4097 Christi
1781 4057 1868 4097 re-
1975 4045 2132 4097 iidem
2159 4042 2276 4096 sine
2300 4041 2553 4108 operibus
2585 4040 2716 4109 legis
2743 4041 2788 4074 “
2816 4058 2831 4094 :
2860 4053 2912 4095 ct
2941 4041 3071 4094 dicit
3095 4039 3355 4094 sufﬁcere
3382 4039 3553 4092 solius

301 4130 488 4185 missio
517 4149 536 4182 ι
569 4131 989 4198 przecedeutium
1017 4131 1360 4196 delictorum,
1395 4134 1446 4187 in
1472 4134 1870 4189 sustentatione
1974 4135 2578 4202 ﬁdeiinstiiicationem,
2597 4136 2670 4189 ita
2694 4138 2997 4189 utcredcns
3018 4132 3551 4204 quistantumtuodo,

299 4224 431 4290 Dei,
463 4226 530 4278 ad
572 4225 939 4280 ostensionem
965 4223 1192 4291 iustitiae
1217 4239 1328 4280 suae
1353 4226 1420 4280 "'.
1461 4245 1478 4277 ι
1526 4228 1868 4282 Sustentatio
1965 4227 2294 4295 iustiﬁcetur
2314 4267 2329 4288 ,
2356 4227 2569 4280 etiamsi
2619 4227 2752 4281 nihil
2789 4229 2858 4281 ah
2880 4241 2945 4280 eo
2966 4227 3149 4295 cperis
3172 4223 3340 4278 fuerit
3371 4224 3553 4292 exple-

297 4317 395 4372 Dei
431 4325 538 4381 est,
572 4318 661 4372 uhi
693 4327 948 4386 peccator
976 4333 1083 4374 non
1114 4319 1295 4375 statim
1325 4319 1548 4388 punitur
1569 4327 1628 4373 ut
1657 4330 1864 4388 peccat,
1975 4332 2109 4374 tum.
2138 4320 2389 4375 luuninet
2421 4321 2584 4390 igitur
2625 4321 2782 4374 nobis
2825 4319 2915 4389 qui
2949 4319 3208 4387 integrant
3238 4332 3362 4393 esse
3402 4317 3551 4371 Scri-

297 4407 393 4462 sed
432 4410 730 4463 secundum
757 4408 901 4479 quod
936 4411 1131 4467 ibidem
1155 4411 1447 4480 Apostolus
1479 4412 1620 4466 dixit
1655 4411 1736 4478 ",
1769 4427 1866 4479 per
1902 4429 1943 4483 ι)
1977 4422 2186 4483 pturam
2217 4412 2377 4486 517
2401 4413 2643 4482 Apostoli
2674 4428 2934 4466 conamur
2963 4425 3230 4476 asserere,
3267 4422 3324 4465 et
3351 4412 3552 4464 ordine

296 4500 612 4569 patientiam
666 4500 760 4555 Dei
797 4501 1086 4557 adducitur
1133 4503 1200 4557 ad
1240 4504 1611 4572 paenitentiam
1661 4522 1674 4560 :
1722 4513 1776 4558 et
1809 4505 1863 4558 in
1976 4521 2075 4560 suo
2105 4517 2299 4560 cuncta
2338 4515 2610 4568 constare,
2649 4513 2706 4557 ut
2739 4505 3080 4574 requiramus
3107 4504 3231 4573 quis
3269 4503 3396 4556 sine
3424 4518 3550 4570 ope»

297 4589 403 4644 hoc
454 4591 742 4645 Ostendere
783 4591 982 4646 dicitur
1018 4591 1288 4660 iustitiam
1336 4607 1487 4648 suam
1524 4593 1684 4649 Deus.
1720 4593 1866 4648 Bene
1976 4598 2127 4650 ribus
2155 4595 2268 4651 sola
2315 4597 2420 4650 fide
2460 4597 2790 4667 iustilicatus
2827 4597 2918 4649 sit.
2974 4595 3248 4664 Quantum
3281 4595 3452 4666 igitur
3481 4595 3548 4646 ad

295 4691 475 4737 autem
504 4682 734 4747 addidit,
770 4700 790 4735 ι
820 4683 873 4738 in
903 4683 1006 4738 hoc
1039 4695 1320 4754 tempore;
1356 4704 1376 4737 ι
1405 4685 1689 4754 praesentis
1719 4685 1862 4739 enim
1973 4686 2277 4755 exemplum
2301 4689 2554 4756 pertinet,
2577 4689 2822 4744 suilicere
2843 4689 3082 4742 arbitror
3105 4687 3254 4741 illum
3279 4687 3546 4742 latronem

296 4776 480 4831 szecnli
517 4787 757 4847 tempore
807 4781 862 4834 in
923 4781 1319 4836 sustentatione
1357 4791 1443 4834 est
1483 4781 1689 4848 iustitia
1725 4780 1814 4834 Dei
1846 4798 1860 4840 ;
1973 4783 2064 4849 qui
2096 4794 2220 4833 cum
2269 4779 2486 4833 Christo
2518 4782 2812 4836 cruciﬁxus
2861 4781 3118 4836 clamavit
3145 4783 3195 4835 ei
3227 4783 3297 4835 de
3328 4796 3495 4836 cruce
3531 4799 3542 4832 :

293 4867 461 4926 futuri
509 4884 638 4924 vero
690 4871 742 4924 in
804 4874 1155 4927 retributione
1186 4871 1318 4941 (9i).
1380 4871 1592 4926 Justnm
1629 4887 1864 4940 namque
1977 4892 1995 4925 ι
2047 4873 2271 4928 Domine
2301 4873 2453 4938 Jesu,
2498 4887 2769 4930 memento
2805 4879 2910 4932 mei
2961 4893 3084 4932 cum
3122 4877 3340 4930 veneris
3375 4877 3428 4927 in
3460 4891 3544 4927 re-

292 4960 437 5032 ει)υά
461 4961 628 5017 Deum
657 4961 828 5016 visum
855 4975 956 5027 est,
991 4975 1048 5018 ut
1067 4965 1191 5034 quia
1233 4964 1471 5018 futurum
1501 4963 1756 5019 saaculum
1793 4963 1859 5017 ad
1970 4983 2135 5036 gnum
2176 4977 2324 5020 tuutn
2348 4967 2414 5020 ⁸⁸.
2451 4987 2471 5019 ι
2511 4967 2621 5023 Nec
2671 4969 2817 5024 aliud
2860 4971 3154 5038 quidquam
3210 4970 3544 5023 describitur

363 5103 411 5135 ⁸³
443 5099 643 5176 licet).
673 5118 736 5168 ll,
771 5103 820 5164 i,
853 5103 933 5176 2_._
991 5104 1066 5176 _°_’
1093 5103 1265 5176 Levii.
1301 5121 1373 5169 tv,
1402 5103 1492 5158 2ο.
1530 5175 1537 5176 7
1580 5103 1628 5136 “
1653 5103 1789 5176 ibid.
1811 5108 1845 5160 5
1872 5124 1987 5176 seq.
2081 5101 2139 5176 ξ’
2166 5102 2403 5176 ἰὺίςίηιὸ
2437 5118 2551 5170 seq.
2618 5102 2673 5176 7“
2697 5103 2833 5176 ibid.
2865 5103 2957 5164 22,
2995 5119 3106 5176 seq.
3178 5104 3243 5176 7"
3277 5105 3409 5158 ibid.
3446 5105 3535 5166 27,

293 5189 411 5237 seq.
488 5171 536 5204 ⁸⁸
566 5173 722 5226 Rom.
757 5188 839 5236 ιιι,
865 5173 958 5237 25,
985 5173 1075 5228 26.
1152 5175 1198 5206 ⁸³
1226 5173 1383 5227 Rom.
1425 5191 1484 5239 ιι,
1513 5175 1566 5228 4.
1669 5175 1714 5208 ⁹⁰

2072 5172 2126 5226 6.
2237 5174 2282 5204 ⁹¹
2313 5174 2444 5229 ibid.
2483 5176 2536 5229 9.
2611 5175 2657 5206 ⁸³
2695 5173 2851 5227 Rom.
2887 5190 2967 5240 ιιι,
2999 5171 3093 5239 27,
3130 5175 3224 5230 28.
3327 5177 3376 5209 ⁸³
3404 5177 3527 5230 ibid.

295 5243 346 5301 1.
384 5242 442 5296 2.
515 5241 564 5275 ⁸⁸
587 5242 716 5298 ibid.
752 5243 939 5300 22-26.
1013 5245 1059 5279 "
1080 5245 1209 5301 ibid.
1235 5245 1327 5310 27,
1365 5245 1458 5300 28.
1563 5245 1610 5277 ³⁸
1637 5245 1744 5300 Luc

763 5243 939 5300 i2-26.
1013 5245 1059 5279 "
1080 5245 1209 5301 ibid.
1235 5245 1327 5310 27,
1365 5245 1458 5300 28.
1563 5245 1610 5277 ⁸⁸
1637 5245 1766 5300 Luc.
1806 5265 1963 5312 XXIII,
2001 5244 2094 5308 42,
2129 5245 2218 5298 45.

370 5334 951 5412 (8_9)_Dispematip_nu
984 5376 999 5391 .
1037 5376 1052 5389 .
1083 5376 1100 5392 .
1129 5339 1454 5412 expletasic
1495 5353 1682 5394 omnes
1729 5341 1859 5412 editi
2037 5340 2148 5412 (92)
2190 5339 2362 5412 Alias,
2401 5356 2420 5389 ι
2451 5337 2696 5412 videtur,
2730 5357 2749 5390 ι
2785 5339 2943 5394 male.

297 5417 346 5455 et
382 5405 627 5478 plerique
659 5421 790 5478 mss.
819 5407 918 5462 Ms.
966 5419 1144 5464 tamen
1177 5405 1316 5465 unus
1337 5411 1522 5470 habet,
1554 5427 1573 5461 ι
1599 5424 1719 5464 cum
1749 5409 1862 5463 dis-
2035 5405 2148 5478 (93)
2184 5409 2366 5475 Alias,
2405 5425 2424 5458 ι
2457 5410 2705 5464 credidit.
2742 5429 2760 5461 ο

300 5475 668 5554 pensationem
716 5477 1071 5554 humanitatis
1129 5495 1182 5532 ιιι
1225 5481 1536 5536 hominibus
1590 5479 1800 5550 explet;
1832 5501 1850 5532 ι
2036 5475 2148 5554 (tu)
2188 5481 2357 5554 Alias,
2396 5497 2416 5530 ι
2446 5495 2554 5554 quo
2582 5495 2750 5554 utine.
2788 5497 2806 5530 ι

298 5545 615 5620 qttig‘lectig
638 5551 837 5620 rectior
864 5551 1095 5607 videtur.
1198 5619 1207 5620 ί
1660 5545 1676 5550 “
1787 5545 1792 5546 ⁷
2194 5551 2363 5612 Alias,
2402 5569 2420 5600 ι
2454 5545 2552 5602 hac
2581 5549 2952 5618 intelligentia:
2980 5552 3196 5607 semita.
3230 5570 3253 5606 ο

521 5612 661 5694 βιξὶιί
684 5659 696 5681 ,
735 5635 753 5667 ι
787 5634 889 5694 per
924 5621 1150 5694 liguratn
1177 5619 1401 5675 Christi.
1439 5639 1458 5673 ι
2035 5612 2145 5694 (96)
2187 5619 2427 5677 Omnem.
2471 5623 2627 5675 Deest
2656 5620 2705 5673 in
2738 5612 2912 5674 editis.

373 5679 486 5749 (9i)
522 5679 695 5750 Alias,
735 5706 751 5739 ι
785 5679 837 5742 in
865 5679 1295 5746 retributionem.
1337 5709 1357 5742 ι
