3684 6148
37 252 168 311 353
1015 259 1372 320 COMMENT.
1408 264 1475 319 iN
1511 265 1730 323 EPIST.
1770 267 1862 322 Al)
1893 267 2057 326 ROM.
2102 269 2232 326 LIB.
2271 267 2358 325 lli.
3215 275 3324 333 954

40 367 192 424 boni
221 370 404 440 operis
426 369 543 441 ejus
575 374 630 428 in
666 375 996 449 Evangeliis,
1022 382 1116 436 sed
1147 397 1246 451 pro
1281 384 1384 440 hac
1408 385 1518 440 sola
1545 388 1647 442 ﬁde
1673 392 1721 448 Α
1754 388 1842 442 Dei
1875 404 1996 458 qua:
2025 390 2156 444 mihi
2197 392 2319 446 data
2352 397 2456 451 est,
2505 388 2681 444 inanis
2712 405 2818 444 non
2867 389 2967 446 l‘uit
2988 390 3030 448 ⁸.
3069 410 3090 446 ι
3118 392 3320 451 Exclu-

38 463 130 515 ait
160 463 208 518 ei
237 463 396 518 Jesus
432 479 448 519 :
482 484 504 517 ι
553 468 721 520 Anien
753 469 875 524 dico
905 471 1003 526 tibi
1035 487 1052 526 :
1079 472 1255 530 Hodie
1288 491 1498 531 mecum
1532 479 1643 534 eris
1743 479 1886 532 ditur
1934 494 2066 548 ergo
2104 479 2282 535 omnis
2327 479 2580 551 gieriatio
2631 495 2754 550 quae
2789 496 2854 535 ex
2901 479 3034 552 legis
3061 485 3320 552 operibus

39 554 100 607 iu
147 556 426 625 paradiso.
473 576 494 610 ι
529 560 791 627 Aptemus
857 578 1025 626 nunc,
1083 566 1127 619 si
1177 567 1413 634 videtur,
1464 583 1641 625 causa:
1742 570 1908 624 venit.
1939 569 2006 623 Et
2048 581 2108 625 ιιι
2136 573 2312 626 adhuc
2366 571 2709 626 manifestius
2743 571 2837 625 ﬁat
2869 574 3012 642 quod
3058 574 3318 640 dicimus,

35 647 221 713 hujus
248 649 478 705 latronis
513 653 679 706 verba
706 655 933 722 apostoli
967 656 1080 726 (97)
1104 657 1278 725 Pauli,
1315 671 1364 713 el
1394 660 1640 716 dicamus
1739 663 2043 731 exemplum
2075 663 2323 717 dabimus
2353 677 2419 716 ex
2455 663 2539 717 his
2565 679 2685 731 qua:
2709 663 2761 716 in
2792 663 3082 734 Evangelia
3110 667 3317 736 scripta

37 743 110 794 ad
135 739 384 796 Judaeum
412 760 429 798 :
469 762 487 795 ι
521 744 622 799 Ubi
661 755 745 801 est
771 763 902 817 ergo
930 748 1181 820 gloriatio
1217 760 1306 806 tua
1343 752 1425 807 ’7?
1453 773 1473 806 ι
1506 755 1639 808 Cer-
1737 763 1891 817 sunt,
1921 755 2012 807 ubi
2049 754 2621 809 ascenditPi‘iariszeus
2648 764 2704 809 et
2729 754 3060 811 Publicanus
3084 759 3150 811 ad
3180 770 3316 812 tem-

37 841 166 886 tnm
197 835 326 904 quia
357 836 577 892 exclusa
632 846 751 904 est;
804 840 1023 897 exclusa
1061 852 1241 898 autem
1290 859 1395 899 non
1434 862 1528 915 per
1561 846 1637 900 le-

33 937 170 989 gem
202 939 449 994 operum,
483 927 577 982 sed
610 943 707 996 per
729 929 922 998 'iegem
974 930 1124 988 ﬁdei.
1159 932 1266 988 Per
1302 934 1459 990 iidem
1487 937 1632 992 enim

27 1011 376 1080 justificatus
415 1027 500 1072 est
533 1018 623 1074 hic
663 1019 801 1073 latro
844 1021 961 1074 sine
990 1025 1250 1092 operibus
1301 1025 1435 1096 legis
1465 1045 1480 1081 :
1506 1030 1632 1097 quia

32 1121 214 1172 super
237 1107 336 1164 hoc
364 1110 624 1166 Dominus
655 1128 759 1167 non
788 1115 1075 1184 requisivit
1106 1117 1235 1185 quid
1261 1108 1412 1185 prius
1441 1134 1633 1189 opera-

32 1206 132 1250 tus
160 1208 341 1264 esset;
379 1217 478 1256 nec
502 1205 840 1272 exspectavit
863 1206 991 1274 quid
1018 1209 1196 1275 operis
1219 1223 1341 1261 cum
1367 1211 1632 1265 credidis-

31 1301 125 1344 set
169 1291 438 1360 expleret,
478 1295 571 1349 sed
619 1296 729 1349 sola
759 1296 1492 1368 confessionejustilicatnm
1531 1317 1628 1358 co-

32 1382 238 1437 mitem
284 1384 386 1440 sibi
434 1399 579 1452 eum,
633 1389 949 1456 paradisum
980 1391 1092 1462 (98)
1124 1393 1493 1462 ingressurus,
1539 1411 1628 1450 as-

30 1475 297 1544 sumpsit.
331 1474 438 1532 Sed
473 1487 528 1534 et
559 1480 752 1535 mulier
781 1481 867 1536 illa
905 1483 970 1536 de
997 1500 1102 1552 qna
1133 1485 1184 1538 in
1222 1485 1513 1555 Evangelio
1541 1502 1627 1542 se-

29 1568 285 1623 cundum
325 1569 526 1626 Lucam
573 1572 838 1639 refertur,
881 1576 1006 1644 quia
1054 1596 1074 1628 ι
1118 1593 1239 1632 cum
1281 1580 1627 1649 cognovisset

30 1663 186 1728 quod
214 1660 372 1718 Jesns
402 1664 650 1719 recubuit
676 1667 727 1719 in
768 1667 927 1720 domo
959 1666 1255 1734 Pharis:ei,
1295 1669 1486 1724 detulit
1528 1685 1624 1726 vas

1739 844 1883 913 plum
1919 846 2044 911 Dei;
2079 857 2179 900 cet
2231 855 2405 911 stans,
2463 847 2658 915 inquit,
2715 845 3025 902 Pharisth
3085 849 3138 902 in
3199 865 3316 903 mea

1737 937 1849 1000 dio,
1881 938 2096 994 dicebat
2130 958 2144 994 :
2184 939 2348 1004 Deus,
2389 939 2594 1010 gratias
2637 955 2739 1008 ago
2773 940 2890 1005 tibi,
2923 943 3181 1009 quoniam
3207 957 3315 996 non

1734 1033 2030 1102 sumsicnt
2076 1032 2259 1086 caueri
2298 1033 2568 1094 homines.
2608 1042 2877 1101 raptores,
2930 1032 3139 1099 injusti,
3167 1035 3317 1090 adul-

1735 1122 1858 1184 teri,
1913 1123 1994 1178 vel
2040 1132 2100 1176 ut
2139 1123 2304 1178 etiam
2345 1125 2669 1195 publicanus
2709 1124 2855 1177 iste:
2893 1122 3080 1191 jejuno
3127 1125 3209 1179 bis
3260 1127 3312 1179 in

1733 1215 2013 1274 Sabhato;
2046 1216 2291 1269 decimas
2315 1218 2384 1268 do
2415 1215 2655 1268 omnium
2686 1229 2805 1283 qua:
2835 1215 3086 1283 possideo
3113 1215 3155 1280 ⁸,
3204 1235 3224 1268 ι
3259 1226 3314 1272 et

1732 1308 1965 1376 reliqua.
2010 1309 2071 1361 Et
2121 1309 2233 1363 haec
2279 1307 2539 1364 fortassis
2568 1322 2696 1362 vere
2729 1308 2951 1373 dixerit,
2992 1309 3085 1364 sed
3120 1323 3314 1363 secun-

1728 1399 1856 1454 dum
1897 1401 2111 1455 Domini
2149 1403 2470 1456 sententiam
2495 1401 2773 1471 jactantiaa
2798 1403 2988 1456 morbo
3020 1411 3312 1468 corruptus

1727 1506 1834 1546 non
1888 1494 2168 1548 descendit
2204 1492 2538 1561 justilieatns
2586 1493 2653 1548 de
2715 1495 2936 1563 templo.
2978 1495 3130 1549 Talis
3182 1509 3312 1564 ergo

1725 1584 1984 1654 gloriatio
2032 1601 2152 1655 quae
2180 1586 2433 1641 veniebat
2475 1602 2541 1640 ex
2584 1585 2842 1655 operibus
2889 1587 3041 1656 legis,
3073 1586 3314 1641 excludi-

1729 1687 1817 1732 tur
1851 1679 1950 1751 (l),
1977 1681 2104 1748 quia
2129 1695 2234 1733 non
2266 1678 2429 1734 habet
2459 1679 2819 1734 humilitatem
2851 1680 3032 1734 crucis
3061 1679 3307 1743 Christi;

30 1754 330 1822 unguenti,
371 1767 424 1810 et
471 1765 626 1811 Stans
681 1768 829 1811 retro
863 1758 930 1812 ad
971 1759 1136 1827 pedes
1164 1761 1302 1827 ejus,
1346 1775 1412 1816 ac
1463 1760 1589 1816 ﬂens

1815 1744 1920 1841 qua
1949 1744 2040 1842 qui
2073 1772 2338 1842 gloriatur
2379 1775 2507 1827 audi
2531 1776 2660 1843 quid
2695 1774 2827 1828 dicit
2861 1791 2875 1828 :
2913 1791 2931 1824 ι
2967 1772 3095 1827 Mihi
3125 1782 3308 1828 autem

30 1844 302 1917 lacrymis
336 1848 463 1902 lavit
513 1849 678 1917 pedes
735 1848 878 1918 ejus,
931 1861 984 1906 et
1047 1851 1260 1921 capillis
1317 1853 1511 1921 capitis
1539 1853 1622 1908 sui

31 1937 297 2006 detersit,
345 1950 400 1994 et
442 1941 794 1996 osculabatur
831 1951 999 2012 atque
1039 1946 1276 2014 nngebat
1321 1955 1621 2013 unguento.

36 2027 249 2083 Videns
276 2042 458 2085 autem
495 2031 802 2088 Pharisaens
825 2034 919 2103 qui
953 2049 1079 2088 eum
1131 2045 1452 2103 vocaverat,
1487 2037 1624 2090 dixit

29 2121 186 2178 intra
229 2124 581 2193 semetipsum
634 2144 648 2181 :
691 2126 788 2181 llic
835 2129 881 2182 si
918 2139 1065 2184 esset
1111 2130 1408 2198 propheta,
1454 2129 1624 2185 sciret

31 2216 232 2283 utique
266 2231 386 2286 quae
423 2228 478 2271 et
517 2217 694 2287 qualis
744 2229 830 2275 est
872 2221 1067 2275 mulier
1093 2237 1212 2291 qua:
1248 2222 1421 2291 tangit
1460 2222 1621 2290 pedes

27 2307 174 2373 ejus,
219 2309 348 2378 quia
393 2313 668 2379 peccatrix
714 2325 798 2368 est
821 2313 887 2370 ’⁸.
920 2335 938 2366 ο
974 2313 1134 2370 Jesus
1177 2324 1356 2370 autem
1387 2316 1619 2369 dixitad

28 2416 160 2455 eum
229 2403 541 2471 parabolam
611 2405 1032 2474 quingentorum
1085 2407 1170 2462 vel
1221 2408 1617 2477 quinquaginta

29 2495 420 2564 denariorum;
455 2507 512 2551 et
569 2515 637 2554 ex
688 2500 836 2555 nullo
867 2500 1000 2568 legis
1031 2516 1216 2570 opere,
1257 2501 1350 2555 sed
1380 2517 1478 2571 pro
1503 2500 1616 2555 sola

29 2584 140 2641 (ide
164 2588 244 2640 ait
273 2589 340 2642 ad
369 2604 525 2644 eam:
553 2609 574 2642 ι
604 2593 974 2649 liemittuntur
1006 2592 1096 2647 tibi
1125 2604 1344 2662 peccata
1372 2594 1558 2660 tua”;
1591 2615 1611 2648 ι

27 2689 84 2732 et
113 2680 316 2734 iterum
364 2697 378 2734 :
429 2700 448 2734 ι
507 2681 669 2743 Fides
723 2695 812 2739 tua
861 2694 912 2740 te
955 2685 1162 2740 salvam
1208 2684 1356 2748 fecit,
1395 2688 1532 2744 vade
1563 2690 1614 2742 in

29 2785 173 2840 pace
205 2773 249 2827 ί.
282 2792 302 2825 ι
337 2772 443 2830 Sed
475 2785 530 2830 et
566 2779 616 2831 in
658 2778 841 2834 multis
867 2777 1147 2851 Evangelii
1197 2779 1331 2836 locis
1367 2781 1468 2836 hoc
1500 2797 1618 2836 ser-

28 2881 194 2920 mone
227 2881 382 2922 nsum
419 2869 646 2938 legimus
669 2871 1031 2938 Salvatorem,
1062 2882 1121 2927 ut
1147 2876 1423 2930 credentis
1449 2875 1612 2930 [idem

27 2975 257 3014 causam
283 2961 429 3016 dicat
457 2980 576 3019 esse
607 2966 802 3022 salutis
830 2967 966 3036 ejus.
999 2966 1080 3021 Ex
1130 2969 1329 3038 quibus
1361 2971 1614 3026 omnibus

1725 1862 1870 1917 absit
1907 1864 2155 1934 gloriari.
2203 1866 2306 1918 nisi
2347 1865 2400 1918 in
2452 1882 2616 1921 cruce
2665 1867 2877 1922 Domini
2911 1883 2929 1916 ι
2967 1867 3071 1920 ιιιεί
3114 1885 3133 1919 ι
3177 1865 3305 1922 Jesu

1725 1955 1952 2018 ChriSIi,
1986 1971 2082 2022 per
2124 1972 2284 2025 quem
2334 1959 2463 2011 mihi
2509 1959 2743 2012 mundus
2788 1957 3084 2013 cruciﬁxus
3115 1969 3220 2024 est,
3253 1967 3309 2014 et

1722 2062 1824 2118 ego
1874 2049 2074 2101 mundo
2105 2049 2146 2102 °.
2177 2067 2197 2101 ι
2231 2049 2396 2104 Vides
2449 2049 2769 2120 Apostolum
2817 2066 2924 2104 non
2981 2051 3304 2117 gloriantem

1723 2155 1886 2210 super
1936 2139 2146 2209 justitia
2197 2155 2318 2204 sua,
2366 2155 2544 2210 neque
2599 2156 2765 2209 super
2792 2143 3068 2205 castitate,
3123 2157 3300 2212 neque

1721 2248 1888 2301 super
1926 2234 2191 2304 sapientia
2214 2273 2228 2294 ,
2260 2248 2436 2303 neque
2467 2249 2630 2303 super
2655 2234 2870 2288 caeteris
2898 2234 3194 2288 virtutibus
3219 2234 3306 2289 vel

1722 2328 1934 2382 actibus
1960 2328 2097 2391 suis,
2125 2327 2220 2382 sed
2277 2326 2621 2396 apertissime
2661 2326 3103 2394 pronuntiantem
3141 2335 3194 2380 et
3226 2327 3306 2380 di-

1721 2429 1936 2473 centem
1965 2437 1981 2474 :
2019 2437 2038 2469 ι
2083 2418 2185 2486 Qui
2216 2419 2505 2489 gloriatur,
2556 2419 2609 2473 in
2639 2418 2872 2472 Domino
2898 2419 3164 2488 glorietur
3193 2420 3236 2474 ’.
3277 2439 3300 2474 ι

1723 2511 1786 2564 Ει
1811 2511 1891 2566 sic
1931 2511 2153 2566 exclusa
2183 2522 2268 2565 est
2293 2509 2514 2566 Judaica
2543 2511 2814 2578 gloriatio,
2849 2527 2952 2565 non
2981 2527 3077 2582 per
3119 2512 3293 2582 legem

1718 2618 1965 2672 Operam,
1997 2603 2091 2658 sed
2132 2617 2231 2672 per
2268 2602 2440 2673 legem
2487 2602 2608 2658 lidei
2658 2603 2679 2633 ⁸
2727 2618 2846 2672 quae
2882 2614 2969 2658 est
2993 2603 3044 2656 in
3079 2604 3302 2658 Christo

1717 2696 1867 2762 Jesu,
1902 2696 1955 2750 in
1980 2695 2138 2763 cujus
2161 2711 2324 2751 cruce
2353 2696 2616 2766 gloriatur
2643 2694 2955 2761 Apostolus.
2995 2695 3129 2762 Quis
3148 2698 3293 2751 enim

1722 2795 1866 2842 recte
1895 2786 1982 2842 vel
2009 2801 2176 2857 super
2199 2788 2456 2842 castitate
2485 2801 2580 2840 sna
2622 2787 2970 2856 gloriabitur,
3009 2801 3130 2841 cmn
3159 2789 3298 2843 scri-

1718 2889 1868 2948 ptum
1924 2877 2085 2948 legat,
2115 2877 2242 2947 quia
2279 2895 2298 2929 ι
2329 2877 2372 2931 si
2408 2877 2531 2946 quis
2580 2878 2857 2946 aspexerit
2891 2879 3174 2935 mulierem
3231 2883 3293 2935 ad

1717 2970 2214 3040 concupiscendum
2260 2984 2398 3033 eam,
2445 2968 2561 3038 jam
2591 2969 2910 3024 moechatus
2953 2981 3040 3026 est
3085 2987 3207 3026 eam
3244 2974 3293 3024 in

27 3051 201 3106 claret
246 3055 388 3123 quod
441 3066 588 3111 recte
630 3059 931 3114 arbitratur
973 3062 1266 3129 Apostolus
1322 3061 1610 3132 justificari
1639 3094 1680 3151 ς
1715 3066 1881 3117 corde
1911 3079 2010 3117 suo
2044 3063 2102 3117 ’?
2139 3083 2156 3115 ι
2189 3059 2345 3116 Unde
2371 3072 2424 3116 et
2457 3064 2719 3133 prepheta
2749 3063 2918 3118 dicit:
2955 3081 2976 3114 ε
3016 3062 3298 3130 Quomodo

28 3142 308 3197 hominem
348 3161 442 3214 per
477 3147 636 3201 ﬁdem
665 3150 785 3203 sine
833 3153 1091 3222 operibus
1124 3153 1258 3225 legis
1288 3155 1332 3208 ³.
1362 3153 1466 3208 Sed
1501 3155 1612 3209 l'or-

27 3237 192 3292 tassis
213 3236 328 3291 inec
350 3238 548 3308 aliquis
570 3242 800 3298 audiens
823 3245 1148 3310 resolvatur,
1171 3257 1224 3300 et
1255 3249 1389 3302 bene
1414 3248 1608 3318 agendi

23 3328 414 3400 negligentiam
469 3333 688 3402 capiat,
765 3337 1031 3405 siquidem
1098 3339 1165 3394 ad
1205 3338 1608 3407 justiﬁcandnm

25 3420 160 3476 lides
195 3421 313 3477 sola
365 3423 614 3481 suiliciat.
674 3427 756 3481 Ad
811 3443 974 3497 quem
1024 3429 1270 3484 diceums
1326 3433 1452 3499 quia
1486 3440 1610 3501 post

18 3512 472 3583 jnstiiieationem
527 3519 574 3573 si
629 3519 834 3588 injuste
886 3522 1010 3591 quis
1067 3533 1216 3591 agat,
1263 3523 1383 3578 sine
1440 3525 1606 3578 dubio

19 3609 436 3677 jnstillcationis
466 3613 702 3682 gratiam
732 3616 958 3683 Sprevit.
993 3615 1180 3686 Neque
1221 3616 1365 3670 enim
1399 3616 1470 3670 ob
1505 3617 1609 3670 hoc

21 3702 144 3770 quis
189 3703 392 3773 accipit
437 3705 651 3759 veniam
702 3716 1077 3776 peccatorum,
1129 3714 1187 3760 ut
1236 3722 1449 3760 rursum
1503 3705 1604 3760 sibi

23 3803 172 3863 putet
209 3797 476 3862 peccandi
511 3798 788 3853 licentiam
837 3799 1042 3854 datam.
1090 3799 1424 3870 indulgentia
1455 3816 1607 3852 nam-

21 3902 124 3956 que
178 3903 293 3942 non
333 3886 662 3955 futurorum,
705 3891 797 3945 sed
852 3893 1255 3961 praeteritorum
1302 3891 1598 3946 criminum

21 3980 204 4035 datur.
247 3980 419 4051 igitur
458 3992 517 4036 ut
542 3983 608 4035 ad
640 3984 978 4052 propositum
1010 3984 1605 4054 redeamus,justiliea-

24 4083 107 4127 tur
140 4077 308 4128 homo
335 4089 431 4143 per
463 4075 649 4135 ﬁdem.
671 4077 754 4129 cui
783 4076 1284 4142 adjustillcantlnm
1312 4078 1447 4132 nihil
1471 4094 1604 4133 con-

21 4163 199 4218 ferunt
233 4179 396 4231 opera
425 4165 577 4234 legis.
615 4163 714 4222 Ubi
745 4181 874 4222 vero
911 4166 1048 4223 lides
1095 4183 1198 4221 non
1223 4179 1309 4222 est
1331 4184 1452 4238 quae
1483 4185 1604 4225 cre-

20 4257 242 4311 dentem
277 4256 575 4326 justiﬁcet,
621 4257 836 4311 etimusi
885 4273 1051 4326 opera
1099 4259 1226 4329 quis
1274 4260 1476 4315 habeat
1535 4276 1601 4316 ex

21 4347 153 4419 lege,
186 4360 368 4404 tamen
401 4350 530 4419 quia
571 4366 674 4403 non
714 4359 842 4404 sunt
887 4351 1155 4407 :edillcata
1198 4368 1363 4422 supra
1410 4354 1603 4407 l'unda-

1713 3155 2036 3225 gloriabitur
2059 3157 2184 3226 quis
2207 3166 2416 3211 castum
2439 3170 2497 3209 se
2526 3155 2727 3210 habere
2753 3169 2848 3209 cor
2875 3154 2959 3207 ὀἳ
2991 3173 3010 3206 ι
3034 3156 3144 3208 Ant
3169 3154 3296 3223 quis

1713 3246 2037 3316 gloriabitur
2065 3261 2232 3315 super
2286 3247 2551 3315 sapientia
2575 3285 2591 3311 ,
2641 3260 2766 3300 cum
2796 3246 3056 3316 scriptum
3090 3247 3293 3313 videat,

1712 3337 1841 3406 quia
1877 3356 1897 3388 ι
1936 3338 2170 3392 mundus
2191 3352 2290 3406 per
2312 3338 2630 3404 sapientiam
2660 3352 2767 3391 non
2795 3338 3043 3408 cognovit
3079 3337 3247 3392 Deum
3274 3354 3290 3392 :

1709 3437 1763 3480 et
1789 3429 1910 3482 ideo
1947 3427 2149 3498 placuit
2183 3427 2291 3482 Deo
2316 3443 2410 3496 per
2436 3426 2724 3480 stultitiam
2751 3426 3158 3496 prmdicationis
3183 3427 3293 3482 sal-

1711 3536 1804 3573 vos
1841 3518 2022 3575 facere
2053 3521 2338 3575 credentes
2367 3519 2451 3572 “?
2483 3537 2502 3571 ι
2538 3518 2608 3572 Ει
2639 3521 2832 3573 iterum
2860 3538 2874 3571 :
2913 3539 2932 3571 ι
2961 3519 3092 3587 Qua:
3122 3521 3286 3574 stulta

1707 3621 1834 3664 sunt
1864 3613 2046 3666 mundi
2070 3611 2231 3683 elegit
2259 3615 2420 3674 Dens,
2447 3621 2506 3664 ut
2535 3610 2832 3666 confundat
2858 3613 3130 3681 sapientes
3154 3613 3232 3668 “?
3261 3632 3284 3668 ι

1707 3703 1840 3768 Quis
1869 3713 2050 3756 autem
2079 3703 2162 3757 vel
2189 3720 2356 3772 super
2387 3703 2603 3771 justitia
2645 3718 2740 3757 sua
2782 3703 3126 3773 gloriabitur,
3161 3720 3287 3758 eum

1706 3798 1889 3851 audiat
1913 3797 2077 3851 Deum
2101 3813 2197 3866 per
2223 3799 2542 3866 prophetam
2567 3797 2860 3859 dicentem,
2894 3796 3020 3865 quia
3062 3814 3082 3848 ι
3109 3800 3290 3851 omnis

1698 3887 1905 3956 justitia
1930 3900 2106 3943 vestra
2134 3889 2276 3943 sicut
2293 3904 2504 3958 pannus
2527 3887 2772 3942 mulieris
2797 3899 3145 3942 menstruata:
3171 3887 3244 3942 "?
3261 3906 3282 3939 ι

1707 3980 1831 4034 Sola
1867 3981 2194 4051 igiturjnsta
2231 3979 2483 4048 gloriatio
2509 3990 2594 4033 est
2626 3979 2678 4032 in
2717 3979 2820 4032 [ide
2845 3979 3031 4033 crucis
3057 3978 3284 4044 Christi,

1705 4088 1824 4141 (ιιιω
1855 4072 2095 4126 excludit
2122 4071 2286 4141 518
2308 4087 2524 4126 onmem
2565 4071 2709 4124 illam
2741 4071 3140 4140 gloriationem,
3165 4086 3285 4138 qua:

1704 4164 1985 4217 descendit
2039 4180 2105 4216 ex
2137 4167 2391 4233 operibus
2448 4165 2600 4232 legis.
2643 4162 2768 4217 Hazc
2813 4173 3000 4217 autem
3047 4178 3077 4216 a
3129 4164 3286 4216 nobis

1705 4257 1848 4310 dicta
1875 4266 2004 4309 sunt
2032 4273 2130 4324 pro
2169 4272 2234 4310 eo
2264 4257 2408 4326 quod
2452 4268 2708 4326 tanquam
2747 4255 3132 4326 interrogantis
3177 4270 3286 4308 scr-
3318 4297 3320 4302 ν

1705 4363 1865 4402 unone
1891 4348 2028 4401 dixit
2061 4347 2139 4417 (2)
2169 4347 2462 4417 Apostolus
2495 4369 2508 4403 :
2555 4367 2573 4399 ι
2617 4347 2716 4402 Ubi
2756 4357 2841 4401 est
2869 4362 3002 4416 ergo
3031 4346 3284 4417 gloriatio

22 4451 256 4496 mentum
283 4441 424 4505 t'idei,
457 4441 708 4510 quamvis
731 4441 1022 4497 videantur
1050 4458 1172 4499 esse
1205 4445 1372 4508 bona,
1416 4453 1598 4500 tamen
1630 4455 1677 4513 ι)
1707 4449 1794 4492 tua
1826 4438 1967 4502 “‘?)
2003 4439 2069 4493 El
2094 4443 2161 4494 ad
2199 4441 2316 4494 hanc
2353 4441 2454 4495 sibi
2491 4443 2605 4510 ipse
2637 4439 2917 4508 respondit
2947 4457 2960 4492 :
2993 4457 3011 4489 ι
3051 4439 3278 4492 Exelnsa

21 4544 356 4602 cperatorem
383 4549 539 4588 suum
572 4532 1008 4605 (99)jnstiiieare
1037 4551 1146 4590 non
1177 4547 1425 4606 possunt,
1451 4539 1593 4607 quod

19 4626 94 4680 eis
121 4627 275 4683 deest
303 4626 456 4692 ﬁdes,
485 4641 608 4696 quae
635 4638 717 4682 est
743 4628 1082 4698 signaculum
1104 4643 1290 4683 eorum
1325 4631 1416 4700 qni
1442 4629 1598 4698 justi-

21 4716 251 4773 ﬁeantur
276 4734 306 4771 a
341 4720 474 4782 Deo,
500 4719 645 4774 sicut
673 4721 925 4790 superius
963 4722 1222 4786 diximus,
1266 4723 1392 4792 quia
1423 4743 1442 4775 ι
1477 4739 1596 4778 cre-

21 4811 150 4863 didit
191 4812 466 4866 Abraham
507 4814 640 4878 Deo,
695 4824 747 4868 et
777 4823 1084 4882 repntatum
1116 4823 1204 4869 est
1242 4815 1290 4868 ei
1325 4815 1392 4867 ad
1429 4815 1591 4884 justi-

25 4903 143 4954 tiam
173 4904 215 4958 ³.
253 4923 272 4954 ι
304 4903 539 4958 Tantum
575 4914 683 4969 est,
719 4913 776 4958 nt
801 4905 845 4958 is
867 4906 956 4973 qui
981 4904 1316 4974 justiﬁeatur
1340 4920 1434 4974 per
1461 4921 1591 4972 gra-

24 4993 145 5048 tiam
185 4996 335 5065 lidei,
366 4996 512 5051 dicat
550 4999 846 5052 secundum
891 4995 1148 5065 Paulum,
1197 4997 1323 5067 quia
1354 5017 1373 5048 τ
1413 4999 1584 5066 gratia

85 5135 128 5166 ’⁷
152 5135 309 5192 Rom.
348 5153 434 5202 In,
459 5136 550 5190 27.
627 5137 673 5168 ⁸⁸
701 5136 828 5192 an.
859 5153 957 5203 vn,
988 5137 1057 5201 57
1085 5152 1200 5204 seq.
1275 5135 1320 5172 "
1361 5136 1490 5190 ibid.
1518 5136 1608 5190 48.

23 5217 104 5262 XV.
139 5207 228 5262 10.
356 5209 379 5240 ⁸
415 5208 543 5262 Luc.
595 5223 745 5274 xvnt,
790 5209 972 5263 10-14.
1081 5209 1102 5239 ⁸
1139 5207 1318 5262 Galat.
1366 5224 1438 5273 Vl,
1476 5210 1560 5262 H.

27 5274 65 5304 ¹⁰
94 5275 248 5334 Prov.
273 5295 368 5348 xx,
401 5279 454 5334 9.
533 5278 575 5309 “
602 5278 618 5331 I
650 5280 778 5333 Cor.
821 5296 859 5346 I,
889 5279 980 5334 2i.
1061 5281 1103 5310 "
1149 5279 1279 5334 ibid.
1315 5278 1408 5333 27.

90 5396 171 5476 (97
203 5400 370 5476 Editi,
413 5426 431 5452 ι
474 5402 734 5476 Aptemns
761 5418 924 5476 nunc,
952 5405 996 5458 si
1051 5403 1282 5476 videtur,
1317 5405 1476 5476 hujus
1505 5405 1585 5461 la-

29 5469 186 5541 tronis
215 5473 378 5525 verba
409 5490 586 5526 causa:
611 5473 874 5541 Apostoli,
919 5494 936 5525 ι
977 5487 1082 5528 etc.
1173 5473 1179 5479 ’

387 5582 403 5606 ,
440 5538 855 5615 «comitemque
892 5545 993 5598 sibi
1047 5547 1382 5615 paradisum,
1419 5564 1437 5597 ι
1472 5556 1580 5603 etc.

91 5609 194 5694 (ψ)
226 5613 388 5694 Editi,
427 5632 444 5662 ι
475 5614 610 5668 bona
645 5609 832 5694 opera,
865 5609 1208 5694 operatorem
1243 5631 1398 5671 suum
1424 5659 1437 5682 ,
1475 5635 1495 5670 ι
1527 5628 1585 5694 et

27 5683 272 5739 onnttnnt
298 5703 318 5736 ι
354 5693 569 5749 tamen,
611 5705 630 5737 ι
659 5685 887 5752 deinde,
924 5705 942 5736 ι
981 5688 1024 5741 si
1061 5689 1142 5742 eis
1187 5706 1206 5739 ι
1243 5704 1338 5758 pro
1375 5706 1393 5740 ι
1441 5687 1583 5759 quod

25 5762 113 5804 Bis.
152 5769 171 5803 ι

1701 4542 1808 4586 est.
1843 4551 1860 4584 ι
1891 4531 1958 4585 Ει
1999 4547 2214 4587 rursum
2262 4534 2417 4603 quasi
2471 4536 2581 4601 ipse
2613 4548 2671 4586 se
2701 4533 2778 4602 (5)
2812 4531 3111 4601 interroget
3147 4533 3226 4586 ait
3264 4548 3277 4583 :

1705 4643 1725 4676 ι
1757 4624 1862 4679 Per
1899 4641 2061 4694 quam
2116 4624 2330 4694 legem?
2379 4625 2656 4690 Operum?
2687 4645 2707 4677 ι
2743 4625 2806 4679 Ει
2860 4623 3134 4693 respondit
3176 4624 3278 4680 sibi

1699 4719 1800 4787 ipsi
1828 4737 1840 4773 :
1876 4738 1894 4771 ι
1932 4719 2047 4773 Non
2081 4737 2096 4775 :
2129 4722 2222 4774 sed
2257 4735 2355 4790 per
2383 4719 2551 4788 legem
2586 4719 2729 4772 lidei.
2761 4717 3108 4772 Arbitramur
3129 4718 3278 4773 enim

1693 4812 1977 4881 justilicari
2010 4813 2281 4866 hominem
2307 4827 2403 4880 per
2421 4813 2576 4865 iidem
2597 4812 2714 4865 sine
2736 4811 2993 4879 operibus
3021 4811 3154 4879 legis
3173 4811 3272 4864 ι’.»

1700 4903 1774 4956 De
1809 4903 1890 4958 his
1913 4904 2026 4974 jam
2062 4904 2311 4972 superius
2339 4903 2576 4958 diximus
2612 4904 2712 4977 (4).
2765 4903 2917 4970 Quod
2946 4917 3075 4957 vero
3107 4903 3273 4957 etiam

1696 4996 1747 5050 in
1796 4997 2046 5066 praesenti
2081 4997 2198 5055 loco
2231 5000 2460 5052 duarum
2510 4997 2686 5068 legum
2730 4996 2862 5051 facit
2896 4996 3090 5052 iterum
3121 5012 3274 5051 men-

1689 5137 1704 5168 ¹
1749 5138 1880 5192 ibid.
1925 5138 2015 5196 50.
2090 5140 2110 5170 ¹
2145 5138 2400 5201 liom.nt,
2423 5137 2513 5191 28.
2591 5137 2612 5168 ³
2641 5136 2797 5195 Rom.
2829 5153 2902 5198 tv.
2929 5137 2983 5191 ὅ.
3057 5134 3269 5191 διϐοι.

1677 5208 1697 5239 ⁷
1727 5210 1741 5261 l
1786 5212 1912 5264 Cor.
1956 5225 1996 5264 ι.
2029 5209 2118 5264 51.
2233 5211 2254 5241 ⁸
2303 5210 2460 5264 Rom.
2495 5225 2576 5264 Ill.
2614 5209 2706 5263 27.
2826 5210 2848 5241 '
2877 5207 3066 5262 Matth.
3095 5222 3148 5264 ν.
3175 5209 3268 5262 28.

1491 5249 1666 5332 ii'tsa.
1708 5249 2249 5347 t..::'¢."«‘1'tm....
2281 5249 2730 5345 iii,'"é'i,'§s."ia
2760 5249 3123 5338 ιδιιιῗὶὁῗὲοζ

2233 5211 2254 5241 ⁸
2303 5210 2460 5264 Rom.
2495 5225 2576 5268 Ill,
2614 5209 2706 5263 27.
2826 5210 2848 5241 ’
2877 5207 3066 5262 Matth.
3095 5222 3148 5269 ν.
3175 5209 3268 5262 28.

1724 5479 1734 5488 .
1767 5407 1842 5479 (l)
1885 5406 2225 5464 Excluditur.
2266 5407 2614 5463 Desideratur
2661 5407 2717 5462 in
2771 5407 2920 5462 libris
2957 5416 3114 5462 antea
3153 5409 3263 5464 edi-

1699 5486 1842 5615 "8(2)
1879 5546 2051 5606 Alias,
2083 5564 2102 5597 ι
2138 5545 2485 5615 illiorrngang
2515 5547 2672 5600 dixit.
2713 5562 2732 5595 ι

1781 5612 1992 5684 5)]ρδε
2037 5633 2112 5670 se.
2178 5616 2300 5668 lla:c
2352 5612 2515 5669 verba
2583 5617 2634 5668 iu
2691 5613 2851 5670 editis
2901 5612 3230 5671 omittuntur

1767 5686 1842 5759 (τί)
1871 5689 1981 5755 AL,
2016 5707 2034 5739 ι
2070 5688 2140 5741 De
2172 5688 2254 5740 his
2280 5689 2528 5757 superius
2555 5686 2706 5740 dixit.
2745 5702 2766 5736 ι
