3684 6148
411 236 516 294 955

1880 229 2197 286 ORIGENIS
2912 232 2914 234 ’
3548 223 3627 278 955

411 355 639 418 tionem,
685 363 742 408 et
787 353 920 408 dicit
970 353 1142 422 legem
1191 368 1414 424 operum
1445 355 1691 422 etlegcm
1725 353 1848 408 ﬁdei
1878 352 1975 424 (5),

2131 350 2379 419 ipientim,
2434 347 2525 401 alii
2565 359 2745 401 sermo
2773 344 3017 400 scientiae
3064 341 3373 397 secundum
3410 342 3629 394 eumde

410 446 695 498 considera
742 446 908 498 etiam
957 445 1089 514 ipse,
1128 447 1217 514 qui
1272 447 1429 516 legis,
1480 457 1658 500 utrum
1706 447 1772 500 ad
1805 446 1974 514 legem

412 530 581 600 Moysi
616 545 672 586 et
721 533 891 602 legem
943 536 1240 589 naturalem
1272 551 1451 589 sermo
1474 537 1562 591 hic
1593 537 1786 590 debeat
1816 535 1976 590 incli-

414 623 568 686 nari;
595 638 664 676 an
703 625 768 678 ad
812 625 982 694 legem
1029 625 1218 679 litterae
1248 637 1304 681 et
1349 627 1520 696 legem
1553 628 1776 696 spiritus
1808 643 1821 678 :
1849 627 1977 695 quia

411 709 495 764 lex
530 712 726 768 litterae
749 715 970 779 occidit,
995 724 1051 769 et
1075 725 1302 769 mortem
1346 726 1636 785 operatur;
1683 717 1769 770 lex
1797 725 1977 769 autem

410 800 636 870 spiritus
662 804 784 859 vita:
809 805 1004 860 liberat
1031 821 1060 859 a
1086 805 1204 876 lege
1238 807 1448 876 peccati
1483 817 1538 861 et
1567 807 1777 860 mortis.

481 893 570 949 10.
600 895 751 951 Unde
787 905 842 949 et
868 898 1256 952 convenienter
1299 899 1352 952 in
1387 901 1844 968 consequentibus
1884 913 1978 967 po-

411 984 492 1038 nit
528 1002 540 1036 :
573 1003 592 1035 ι
632 987 712 1039 An
735 985 1039 1042 Judteorum
1071 989 1210 1043 Deus
1239 991 1488 1044 tantum?
1541 991 1728 1046 Nonne
1759 1003 1813 1046 et
1843 1008 1975 1060 gen-

414 1077 581 1129 tium?
612 1076 722 1130 lmo
750 1084 805 1131 et.
831 1082 1089 1148 gentium.
1120 1082 1384 1146 Quoniam
1414 1083 1632 1153 quidem
1662 1099 1800 1137 unus
1835 1085 1980 1138 Deus

412 1167 503 1232 qui
522 1164 788 1231 justiﬁcat
813 1169 1281 1224 circumcisionem
1313 1188 1377 1224 ex
1407 1173 1510 1226 ﬁde
1533 1212 1548 1236 ,
1576 1183 1634 1228 et
1661 1176 1976 1242 praeputium

412 1269 510 1322 per
541 1256 698 1310 ﬁdem
752 1256 816 1308 ³⁸.
857 1275 876 1308 ι
917 1257 1010 1313 llis
1057 1262 1270 1327 quidem
1315 1264 1408 1330 qui
1451 1262 1614 1316 alium
1647 1264 1838 1317 volunt
1859 1279 1980 1319 esse

413 1343 720 1400 Judaeorum
761 1347 949 1411 Deum,
992 1358 1046 1402 et
1078 1351 1238 1402 alium
1265 1354 1529 1421 gentium,
1581 1354 1632 1407 id
1671 1363 1756 1408 est
1808 1355 1974 1408 alium

416 1434 596 1500 Leuis,
627 1447 682 1492 et
725 1440 889 1492 alium
944 1441 1382 1511 Evangeliorum,
1435 1447 1570 1500 satis
1615 1445 1683 1501 de
1731 1448 1834 1503 hoc
1873 1448 1982 1502 erit

417 1537 643 1593 augusta
687 1541 743 1584 et
781 1543 930 1588 arcta
982 1537 1282 1602 responsio,
1322 1539 1569 1606 apostolo
1599 1537 1764 1595 Paulo
1808 1542 1980 1594 abun-

417 1619 631 1673 dantius
679 1624 810 1678 satis
865 1626 1025 1680 dante
1058 1630 1383 1682 sententiam
1420 1646 1572 1685 suam
1601 1632 1676 1701 (6)
1706 1649 1829 1687 cum
1869 1649 1976 1686 non

2084 442 2369 510 Spiritum,
2409 441 2497 493 alii
2545 438 2679 492 ﬁdes
2712 437 2764 490 in
2797 437 2985 490 eodem
3030 435 3241 503 Spiritu
3273 434 3346 485 η.
3396 450 3418 483 ι
3451 431 3516 485 Et
3548 448 3626 485 non

2082 531 2229 586 solus
2262 529 2461 583 Paulus
2492 527 2771 598 apostolus
2792 527 2981 579 harum
3012 523 3443 578 distinctionum
3484 521 3630 575 obsa-

2081 623 2294 676 vantias
2342 629 2508 685 tenet,
2554 619 2651 675 sed
2691 629 2748 673 et
2790 617 3049 677 Joannes,
3083 615 3176 684 qui
3226 629 3358 667 cum
3388 614 3454 667 de
3489 611 3629 666 γαίη

2083 711 2178 765 Dei
2222 709 2368 764 dicat
2391 709 2517 779 quia
2556 725 2579 758 «
2628 707 2811 762 omnia
2837 719 2932 774 per
2959 704 3134 773 ipsum
3185 700 3342 754 facta
3379 708 3508 754 sunt
3534 700 3626 763 ",i

2082 804 2246 856 vitam
2276 815 2383 854 non
2414 814 2509 869 per
2538 799 2738 868 ipsum,
2766 796 2861 850 sed
2883 797 2936 849 in
2963 796 3079 864 ipso
3113 794 3322 847 factam
3358 806 3485 845 esse
3507 801 3632 844 testa-

2086 905 2191 956 tur,
2213 891 2399 946 dicens
2429 908 2444 944 :
2474 908 2493 941 t
2521 889 2672 956 Quod
2695 889 2895 942 factum
2922 897 3026 952 est,
3050 888 3103 941 in
3134 887 3258 956 ipso
3278 884 3399 937 vita
3427 886 3630 937 erat'u

2084 984 2151 1038 Et
2186 983 2442 1052 quoniam
2498 982 2723 1035 multum
2772 989 2856 1034 est
2903 990 3050 1034 utea
3078 994 3202 1048 quae
3237 990 3397 1030 nunc
3437 977 3636 1042 exempli

2085 1090 2246 1129 causa
2303 1073 2626 1145 protulimus
2654 1081 3016 1141 exponantur,
3069 1075 3293 1125 sensum
3334 1083 3529 1122 eorum
3566 1083 3640 1136 pro

2085 1175 2243 1236 captu
2277 1175 2468 1220 nostro
2495 1165 2735 1220 breviter
2760 1163 3097 1232 colligamus.
3130 1161 3272 1216 Cum
3306 1160 3641 1221 dicitur,tex

2085 1260 2224 1330 ipso,
2260 1278 2280 1312 ι
2314 1257 2610 1328 principale
2642 1256 2846 1326 aliquid
2886 1255 3046 1323 hujus
3075 1252 3506 1322 praepositionis
3531 1252 3643 1304 indi-

2084 1351 2169 1406 cio
2219 1349 2430 1404 videtur
2463 1348 2694 1404 ostendi.
2733 1345 2869 1401 Cum
2900 1360 3028 1401 vero
3064 1362 3084 1396 ι
3115 1359 3216 1413 per
3270 1345 3460 1412 ipsum
3497 1360 3516 1393 ι
3548 1343 3642 1394 dici-

2087 1451 2194 1504 tur,
2220 1440 2494 1509 sequentis
2521 1453 2720 1501 causae,
2749 1435 2801 1490 id
2840 1445 2925 1490 est
2977 1435 3098 1504 ejus
3129 1449 3259 1502 qua:
3290 1441 3428 1502 post
3473 1432 3644 1499 princi-

2085 1532 2259 1601 palem
2312 1541 2419 1594 est,
2477 1529 2829 1599 intelligentia
2882 1527 3198 1597 designatur
3229 1524 3382 1593 (ll).
3414 1523 3488 1578 Ut
3521 1524 3643 1574 verba

2086 1639 2251 1677 causa
2280 1623 2524 1677 dicamus
2553 1622 2694 1691 quod
2733 1621 2828 1684 ait,
2863 1639 2881 1672 ι
2913 1619 2989 1673 Ex
3015 1621 3152 1688 ipso,
3173 1628 3235 1671 et
3259 1632 3368 1686 per
3399 1618 3642 1681 ipsumet

417 1709 590 1763 solum
623 1728 783 1767 unum
832 1716 975 1770 dicat
1020 1733 1142 1772 esse
1191 1719 1356 1774 Deum
1412 1721 1720 1777 Iudaeorum
1760 1735 1816 1779 et
1845 1740 1976 1793 gen-
2009 1709 2052 1764 Β
2080 1716 2131 1767 in
2164 1715 2280 1782 ipso
2302 1720 2425 1766 sum
2462 1712 2706 1765 omnia"
2727 1729 2740 1764 ε
2765 1726 2886 1762 ⁵-’⁴
2909 1710 3133 1777 “ipso:
3154 1727 3172 1759 ³
3200 1707 3412 1776 Prima?
3442 1708 3643 1760 (Ἰωαθ-

418 1798 576 1866 tium,
620 1803 713 1857 sed
743 1814 799 1858 et
844 1808 1005 1860 addat
1046 1811 1188 1877 quod
1235 1811 1374 1864 idem
1418 1823 1579 1882 atque
1626 1817 1739 1883 ipse
1780 1815 1851 1869 sit
1888 1816 1979 1884 qui

412 1885 672 1955 justiﬁcat
701 1892 1168 1950 circumcisionem
1208 1913 1274 1953 ex
1303 1900 1426 1967 ﬁde,
1457 1912 1512 1956 et
1541 1905 1860 1973 pneputium
1887 1920 1983 1974 per

420 1979 606 2034 ﬁdem.
653 1982 804 2048 Quod
835 1995 889 2039 et
922 1989 966 2040 si
1013 1990 1482 2046 circumcisionem
1533 2010 1630 2063 per
1665 1995 1981 2064 allegoriam

420 2072 700 2141 suscipere
752 2076 1040 2144 voluerint,
1099 2082 1170 2133 ita
1228 2092 1286 2134 ut
1344 2093 1564 2139 sanctos
1611 2096 1666 2140 et
1709 2089 1984 2156 Spiritales

420 2176 663 2231 quosque
695 2166 763 2220 ab
792 2182 858 2220 eo
879 2169 1342 2226 circumcisionem
1369 2175 1551 2228 dicant
1579 2191 1699 2230 esse
1741 2179 1978 2246 appella-

423 2262 527 2316 tos,
557 2259 736 2310 statim
784 2261 834 2312 in
870 2264 1317 2330 consequentibus
1352 2265 1623 2321 invenient
1651 2269 1858 2322 obicem
1883 2271 1980 2340 (7).

424 2346 480 2398 Si
508 2350 648 2401 enim
682 2350 1148 2409 circumcisionem
1199 2371 1438 2424 sanctos,
1479 2361 1585 2427 vel,
1615 2372 1672 2414 ut
1703 2361 1776 2414 illi
1811 2364 1973 2416 nomi-

423 2446 572 2502 nant,
601 2443 870 2508 spiritales
917 2448 1219 2515 appellavit,
1253 2466 1588 2522 consequens
1638 2464 1718 2507 est
1753 2463 1808 2506 ut
1843 2469 1980 2522 pra:-

421 2530 630 2596 putium
684 2544 995 2600 peccatores
1031 2541 1247 2604 dixerit,
1300 2558 1434 2609 quos
1482 2545 1559 2596 illi
1589 2546 1856 2600 animales
1887 2561 1981 2599 vo-

421 2632 544 2674 cant
573 2622 670 2694 (8).
704 2625 767 2678 Et
795 2633 1062 2694 quommlo
1093 2635 1396 2699 conveniet,
1427 2646 1482 2688 ut
1509 2638 1680 2691 bonus
1712 2639 1851 2692 Deus
1887 2655 1979 2707 pa-

343 2731 346 2736 ι
424 2711 557 2764 riter
602 2717 873 2780 spiritales
915 2720 1287 2792 animalcsque
1337 2727 1640 2794 justilicet?
1691 2729 1800 2783 Illis
1853 2745 1982 2798 ergo

421 2798 476 2853 in
527 2803 608 2856 his
657 2807 894 2873 Apostoli
954 2815 1300 2867 sermonibus
1347 2817 1519 2871 nodus
1585 2821 1982 2876 inextricabilis

422 2893 546 2946 erit.
597 2896 899 2951 Secundum
929 2918 1024 2955 nos
1054 2919 1201 2969 vero,
1237 2908 1326 2975 qui
1371 2909 1837 2966 circumcisionem
1890 2930 1982 2969 eos

422 2985 512 3051 qui
554 3001 616 3039 ex
645 2985 844 3045 Judacis
867 2995 1234 3064 crediderunt,
1267 3013 1318 3053 et
1366 3005 1683 3071 praeputium
1716 3007 1982 3062 nihilomi-

426 3089 528 3126 nus
555 3092 648 3130 eos
668 3079 757 3146 qui
791 3082 857 3134 ad
894 3083 1054 3138 ﬁdem
1088 3101 1153 3140 ex
1189 3090 1440 3153 gentibus
1486 3093 1658 3147 vocali
1697 3106 1821 3148 sunt
1859 3096 1985 3150 dici-
2009 3071 2051 3128 θ

430 3179 572 3232 mus,
599 3169 756 3235 plana
781 3174 885 3227 erit
906 3186 959 3228 et
996 3176 1168 3231 facilis
1189 3183 1476 3248 εχνοδίιῑο.
1523 3183 1665 3237 Idem
1695 3187 1842 3240 enim
1870 3187 1984 3256 ipse

425 3256 565 3312 Deus
591 3273 656 3312 ex
684 3270 906 3332 utroque
937 3269 1130 3336 populo
1152 3273 1434 3328 credentes
1464 3288 1568 3328 non
1605 3277 1980 3332 circumcisio-

425 3347 508 3401 nis
542 3360 634 3402 aut
664 3357 908 3422 przeputii
939 3359 1241 3430 privilegio,
1264 3367 1355 3417 sed
1389 3365 1557 3420 solius
1586 3367 1707 3421 ﬁdei
1734 3379 1979 3423 contem-

423 3435 656 3503 platione
676 3441 957 3509 justiticat.
996 3448 1255 3518 Superest
1289 3465 1340 3506 et
1375 3456 1533 3509 unius
1571 3457 1792 3526 syllabae
1829 3460 1983 3513 diﬂ'e—

423 3529 616 3594 rentia,
644 3531 698 3585 in
731 3550 832 3602 qua
861 3539 1098 3595 variasse
1127 3543 1340 3598 videtur
1373 3547 1681 3614 Apostolus.
1736 3550 1852 3605 Non
1882 3567 1983 3608 nos

420 3619 592 3675 otiose
618 3635 902 3691 pnetereat
927 3633 1067 3698 quod
1095 3633 1224 3688 dicit
1246 3635 1344 3708 (9),
1364 3640 1487 3707 quia
1516 3641 1982 3698 circumcisionem

421 3725 484 3809 ex
514 3712 616 3767 ﬁde
635 3715 894 3782 justilicet
925 3723 1084 3786 Deus,
1119 3736 1175 3779 et
1209 3744 1312 3782 non
1347 3746 1441 3798 per
1469 3732 1626 3785 ﬁdem
1661 3735 1736 3798 ¹⁶ς
1771 3752 1984 3806 prmpu-

424 3809 554 3856 tmm
583 3819 712 3860 vero
732 3824 828 3876 per
857 3811 1035 3877 ﬁdem,
1071 3824 1122 3870 et
1147 3831 1248 3869 nun
1283 3835 1344 3871 ex
1379 3822 1498 3875 lide.
1527 3820 1643 3876 Non
1674 3826 1816 3876 enim
1853 3827 1981 3879 mihi

423 3895 635 3948 videtur
668 3903 1110 3971 superllua'apud
1137 3922 1259 3959 ettm
1292 3909 1477 3962 haberi
1511 3911 1616 3965 ista
1651 3916 1984 3982 praepositio-

423 4003 549 4039 num
577 3994 925 4046 commutatio
955 3997 1089 4066 (10),
1121 3999 1242 4064 quia
1291 4000 1592 4056 invenimus
1630 4007 1695 4057 ab
1737 4020 1800 4058 eo
1845 4017 1897 4059 et
1928 4008 1980 4060 in

423 4077 540 4131 aliis
566 4078 718 4143 locis,
744 4098 848 4136 non
879 4095 930 4137 ut
961 4087 1107 4150 Iihet,
1136 4090 1228 4142 sed
1259 4091 1610 4146 observanler
1640 4095 1756 4149 haec
1791 4097 1978 4165 posita,

422 4179 477 4222 et
510 4175 814 4229 necessario
862 4177 1220 4231 diﬁereutiam
1270 4181 1634 4239 distinctionis
1676 4187 1837 4254 hujus
1863 4203 1982 4242 esse

423 4271 718 4329 servatam,
755 4267 894 4320 sicut
920 4284 1040 4322 cum
1073 4269 1139 4323 de
1165 4269 1274 4324 Deo
1308 4270 1534 4340 loquens
1565 4276 1696 4329 dicit
1733 4296 1744 4329 :
1783 4296 1800 4329 ‹
1840 4277 1984 4344 Quo-

423 4352 582 4439 niam_
618 4369 685 4408 ex
740 4356 874 4425 ipso,
940 4369 997 4415 et
1052 4378 1150 4431 per
1197 4367 1458 4434 seipsum,
1491 4376 1546 4421 et
1594 4367 1646 4420 in
1705 4368 1820 4436 ipso
1856 4379 1981 4422 sunt

421 4446 604 4499 omnia
631 4448 693 4498 "'.
743 4467 762 4501 ι
803 4451 868 4504 Ει
914 4454 1110 4508 iterum
1167 4458 1292 4511 alibi
1355 4460 1527 4513 dicit:
1567 4477 1586 4510 ‹
1630 4459 1782 4514 Sicut
1833 4462 1976 4516 enim

423 4536 615 4592 mulier
658 4556 724 4596 ex
782 4542 920 4607 viro,
959 4548 1038 4600 sic
1079 4557 1133 4602 et
1169 4550 1248 4601 vir
1305 4567 1398 4618 pcr
1443 4550 1720 4604 mulierem
1757 4554 1980 4606 :omuia

423 4640 600 4684 autem
626 4649 690 4688 ex
725 4637 827 4690 Deo
856 4641 917 4693 '8.
950 4657 969 4690 ι
1005 4639 1133 4694 Tale
1164 4650 1242 4692 est
1295 4651 1349 4693 et
1404 4643 1544 4710 quod
1573 4643 1639 4696 ad
1673 4643 1982 4696 Corinthios

421 4716 608 4784 scribit
639 4736 652 4772 :
690 4741 707 4772 ι
740 4724 844 4778 Alii
899 4727 1114 4795 quidem
1172 4742 1266 4795 per
1321 4727 1578 4797 Spiritum
1609 4729 1768 4783 datur
1800 4746 1980 4786 sermo

496 4855 540 4888 ¹⁶
570 4857 724 4913 Rom.
759 4877 837 4926 tu,
860 4863 948 4918 30.
1013 4865 1052 4895 "
1078 4865 1230 4923 Rom.
1265 4882 1338 4929 xl,
1368 4867 1454 4919 56.

426 4940 501 4989 xu,
531 4929 620 4983 56.
697 4931 788 4985 ³³1
823 4932 946 4988 Cor.
979 4950 1056 4999 xl,
1087 4937 1172 4989 12.

491 5050 568 5121 (5)
594 5051 753 5117 Editi,
789 5070 808 5103 ι
847 5053 959 5108 Dei.
1002 5074 1021 5106 ι

491 5121 568 5192 (6)
597 5121 686 5176 Sic
709 5138 895 5177 omnes
930 5141 1057 5180 mss.
1097 5129 1284 5183 nostri.
1335 5130 1474 5182 Editi
1507 5144 1654 5194 vero,
1690 5147 1711 5182 ε
1744 5131 1879 5185 satis
1911 5131 1979 5185 de

424 5191 526 5245 hoc
551 5191 791 5274 augusta
839 5202 893 5274 et
935 5206 1082 5248 arcta
1117 5200 1393 5274 responsio
1434 5202 1500 5274 ab
1539 5191 1782 5269 apostolo
1813 5201 1977 5256 Paulo

423 5271 709 5330 praestatur
738 5276 753 5314 :
783 5267 921 5318 satis
952 5267 1188 5319 ostendit
1214 5271 1536 5323 sententiam
1567 5267 1741 5325 Suam.
1778 5289 1796 5321 ι

515 5332 568 5399 7)
595 5333 701 5394 AL,
736 5350 755 5383 ι
791 5334 1026 5402 objicere
1048 5376 1061 5398 ,
1101 5355 1119 5388 ι
1152 5339 1310 5391 male.

597 5403 770 5471 Alias,
801 5419 820 5452 ε
857 5419 993 5471 quos
1017 5406 1105 5459 ille
1131 5407 1390 5462 animales
1414 5417 1589 5463 vocat.
1623 5427 1642 5460 ι

495 5471 571 5542 (9)
601 5474 707 5536 AL,
759 5491 782 5550 ε
835 5473 1094 5550 Superest
1155 5484 1213 5528 ut
1262 5478 1488 5532 unius...
1547 5495 1652 5532 non
1704 5494 1800 5534 nos
1846 5479 1974 5550 [a|.,

430 5557 448 5589 ι
480 5541 699 5615 necnos
731 5541 779 5614 ι]
810 5541 982 5599 otiose
1005 5556 1292 5613 praetereat
1323 5549 1448 5615 quid
1476 5550 1625 5603 dicit.
1664 5567 1682 5600 ι

494 5611 789 5683 (10)Α1.,”‹
825 5611 1219 5684 ρι’ωροὲὶιίοιιίε
1250 5636 1269 5668 ι
1299 5611 1438 5673 nunc
1485 5636 1501 5669 ι
1539 5620 1904 5675 commutatio.
1952 5640 1972 5671 ο

1270 4937 1315 4968 ’³
1345 4938 1518 4991 Galat.
1555 4954 1629 5004 tv,
1658 4939 1714 4992 4.

1537 4869 1578 4899 ³⁸
1607 4868 1767 4923 lCor.
1797 4885 1873 4934 XI,
1905 4869 1991 4925 12.

2085 1805 2170 1858 nis
2195 1805 2460 1868 omnium,
2487 1813 2543 1858 et
2574 1804 2678 1858 hoc
2704 1803 2880 1872 ipsum
2903 1801 3048 1871 quod
3076 1815 3200 1869 quae
3237 1808 3402 1863 sunt,
3443 1814 3511 1852 ex
3557 1798 3640 1852 De)

2083 1912 2206 1952 esse
2233 1906 2540 1966 cmperunt,
2567 1893 2986 1964 signiﬁcantiam
3015 1892 3202 1948 dedit:
3235 1910 3256 1942 ‹
3287 1905 3400 1959 per
3423 1890 3641 1959 ipsunm

2083 1989 2223 2058 quod
2251 2004 2314 2042 ea
2344 2002 2462 2056 qua:
2505 1986 2654 2055 prius
2700 1983 2847 2039 facta
2889 1982 3122 2045 fuerant,
3161 1992 3449 2051 reguntur
3478 1991 3534 2035 et
3557 1982 3642 2035 dis-

2083 2091 2376 2149 pensantur
2415 2095 2511 2149 per
2535 2093 2656 2134 eum
2708 2093 2738 2132 a
2770 2091 2877 2144 quo
2927 2074 3264 2130 subsistendi
3301 2074 3532 2128 initium
3556 2083 3639 2127 tra-

2082 2173 2251 2240 hunt;
2292 2191 2311 2224 σ
2346 2172 2400 2226 in
2455 2173 2590 2242 ipso,
2632 2191 2650 2223 ι
2690 2170 2830 2239 quod
2884 2167 2937 2222 hi
2999 2167 3089 2236 qui
3133 2165 3250 2234 jam
3316 2165 3560 2220 correcti
3601 2178 3640 2218 et

2083 2263 2352 2320 emendati
2380 2272 2524 2329 sunt,
2555 2263 2608 2316 in
2639 2262 2805 2332 ipsius
2835 2258 3165 2329 perfectione
3199 2258 3546 2313 consistunt.
3572 2257 3638 2310 Sit

2082 2371 2210 2425 ergo
2249 2357 2360 2409 haec
2409 2355 2733 2422 plenissima:
2789 2355 3014 2409 rationis
3066 2361 3254 2406 tenere
3317 2347 3640 2402 diﬂ‘erentizs

2082 2446 2532 2516 edocentur(12),
2592 2456 2649 2500 ut
2699 2447 2844 2515 quod
2897 2446 3264 2508 subsistimus,
3299 2460 3321 2494 ι
3362 2455 3439 2495 ex
3501 2440 3636 2493 Deo»

2084 2537 2283 2590 habere
2336 2537 2582 2591 dicamur
2631 2536 2822 2605 :quod
2873 2537 3250 2604 dispensamur
3299 2539 3365 2586 et
3400 2532 3638 2598 regimur,

2089 2613 2109 2683 ἰ
2150 2645 2246 2701 per
2279 2631 2448 2700 ipsum
2474 2650 2493 2683 ι
2523 2630 2638 2684 ﬁeri
2668 2630 3009 2699 designetur:
3037 2629 3178 2696 quod
3208 2638 3348 2678 vero
3375 2624 3433 2676 in
3451 2638 3636 2676 summa

2085 2723 2434 2791 perfectionis
2455 2722 2822 2786 consistimus,
2847 2739 2866 2771 ‹
2904 2720 2956 2773 in
2987 2718 3102 2787 ipso
3126 2736 3145 2768 ι
3167 2731 3294 2770 esse
3316 2714 3637 2769 declaretur.

2085 2815 2270 2871 Potest
2299 2825 2353 2869 et
2383 2816 2436 2867 in
2477 2813 2732 2884 praesenti
2770 2812 2885 2867 loco
2925 2811 3049 2866 talis
3092 2809 3348 2879 quaedam
3381 2805 3640 2862 observari

2086 2907 2406 2973 diﬁ'erentia,
2424 2916 2480 2960 ut
2500 2906 2843 2960 circumcisio
2861 2919 2980 2974 quae
2996 2903 3140 2958 velut
3156 2902 3338 2972 primo
3359 2899 3481 2954 loco
3505 2908 3557 2952 et
3572 2912 3642 2950 er-

2088 2997 2649 3066 dinejustilicatur,ex
2668 2997 2788 3060 ﬁde,
2807 3005 2860 3050 et
2883 3010 2985 3050 non
3006 3009 3100 3064 per
3125 2993 3284 3047 ﬁdem
3301 2990 3639 3060 justiﬁcamh

2086 3100 2415 3144 memoretur
2456 3106 2469 3141 :
2518 3089 2838 3159 prazputium
2887 3102 3014 3140 vero
3061 3085 3203 3154 quod
3243 3083 3498 3138 secundo
3542 3083 3640 3136 loco

2085 3183 2150 3234 ad
2201 3179 2644 3249 justiﬁeationem
2711 3180 2980 3244 trahitur,
3031 3193 3137 3231 non
3191 3191 3259 3230 ex
3335 3175 3482 3240 ﬁde,
3566 3174 3638 3227 sed

2085 3271 2246 3341 519
2273 3286 2368 3340 per
2393 3270 2551 3325 ﬁdem
2576 3269 2980 3341 justiticandum
3008 3270 3245 3324 dicatur.
3284 3268 3430 3323 Puto
3479 3277 3642 3319 autem

2083 3364 2228 3432 quod
2263 3370 2317 3417 et
2362 3362 2417 3417 in
2459 3377 2522 3417 ea
2577 3361 2904 3427 diﬁ'erentia,
2943 3377 3104 3431 quam
3154 3377 3317 3431 supra
3376 3362 3641 3414 diximus:

2091 3473 2109 3505 ι
2141 3453 2294 3509 Sicut
2319 3454 2463 3508 enim
2510 3454 2704 3508 mulier
2736 3469 2801 3508 ex
2834 3453 2971 3517 viro,
3006 3453 3079 3506 ita
3111 3462 3164 3506 et
3211 3454 3298 3505 vir
3335 3467 3437 3520 per
3469 3451 3645 3504 mulie-

2086 3560 2196 3598 rem
2215 3545 2326 3609 “,3
2373 3544 2582 3614 plenius
2621 3545 2724 3599 ista
2771 3543 3140 3612 designentur.
3203 3542 3395 3596 Primo
3455 3542 3646 3596 etenim

2084 3635 2202 3691 loco
2243 3636 2330 3690 vir
2361 3645 2464 3704 est,
2491 3652 2558 3691 ex
2607 3651 2715 3704 quo
2760 3635 3093 3690 descendere
3119 3634 3315 3688 mulier
3342 3633 3576 3694 dicitur,
3606 3643 3649 3684 et

2086 3744 2190 3781 non
2219 3742 2316 3796 per
2343 3728 2538 3781 virum.
2566 3726 2814 3782 Secundo
2837 3739 2964 3779 vero
2996 3725 3048 3779 in
3082 3723 3200 3778 loco
3240 3738 3338 3794 per
3372 3723 3646 3776 mulierem

2083 3821 2205 3885 vir;
2234 3819 2356 3888 quia
2408 3818 2603 3872 mulier
2657 3817 2965 3872 ministrare
3004 3815 3412 3885 quodammodo
3445 3814 3648 3868 videtur

2085 3911 2293 3966 auctori
2324 3911 2462 3977 viro,
2493 3919 2549 3964 et
2597 3910 2719 3964 ideo
2759 3923 2855 3979 per
2889 3907 3170 3963 mulierem
3199 3908 3286 3960 vir
3327 3908 3544 3961 dicitur
3567 3920 3646 3958 na-

2084 4006 2181 4071 sci,
2201 4012 2255 4057 et
2284 4016 2388 4056 non
2410 4017 2476 4056 ex
2503 3999 2750 4054 muliere.
2771 3997 2876 4053 Sed
2904 3998 3152 4053 fortassis
3173 4006 3435 4052 occurrat
3465 3997 3646 4063 aliqua

2087 4095 2209 4148 huic
2244 4094 2310 4147 de
2347 4092 2572 4146 muliere
2605 4099 2661 4144 et
2706 4089 2825 4144 viro
2855 4087 3183 4157 expositioni
3222 4097 3448 4148 nostrae,
3478 4093 3535 4139 et
3567 4084 3645 4136 ob-

2078 4186 2234 4253 jiciat
2263 4183 2414 4244 illud,
2444 4181 2587 4252 quod
2621 4181 2758 4235 dixit
2787 4179 3076 4250 Apostolus
3099 4179 3166 4232 de
3199 4177 3460 4232 Christo:
3504 4195 3525 4227 ι
3552 4175 3642 4229 Fa—

2083 4287 2230 4330 ctum
2260 4290 2326 4329 ex
2361 4273 2606 4338 muliere,
2639 4272 2839 4326 factum
2867 4270 2968 4325 sub
2995 4270 3108 4338 lege
3124 4269 3205 4332 ";
3237 4286 3256 4320 ι
3281 4277 3468 4322 etnon
3499 4267 3640 4329 dixit,

2085 4367 2288 4420 l'actum
2309 4380 2406 4433 per
2433 4363 2733 4418 mulierem.
2764 4361 2863 4417 Cui
2891 4363 2992 4416 hoc
3024 4361 3184 4415 modo
3208 4358 3640 4426 respondendum

2087 4467 2230 4528 puto.
2259 4456 2334 4511 De
2373 4455 2518 4511 omni
2558 4453 2772 4525 quidem
2805 4453 3023 4508 homine
3050 4453 3337 4508 conveniet
3374 4451 3481 4505 dici
3512 4450 3638 4519 quod

2085 4564 2180 4619 per
2206 4549 2483 4602 mulierem
2506 4548 2683 4602 factus
2705 4547 2795 4613 sit,
2813 4547 3069 4614 quoniam
3091 4544 3309 4613 quidem
3333 4545 3640 4612 priusquam

2085 4653 2181 4706 per
2209 4638 2486 4692 mulierem
2509 4647 2845 4700 nasceretur,
2869 4651 2932 4690 ex
2957 4637 3070 4690 viro
3096 4635 3602 4703 accepitexordium
3625 4650 3635 4692 ;

2085 4732 2336 4788 Christus
2369 4747 2516 4798 vero,
2555 4733 2643 4801 qui
2679 4748 2784 4786 non
2816 4747 2884 4787 ex
2914 4733 3122 4788 semine
3170 4731 3272 4784 viri
3316 4730 3504 4784 carnis
3543 4742 3640 4782 suae

2065 4872 2107 4902 ¹⁹
2137 4871 2154 4924 l
2184 4871 2308 4926 Cor.
2332 4887 2430 4937 xu,
2453 4875 2507 4931 8.
2582 4873 2627 4903 ²⁰
2653 4871 2811 4927 Joan.
2844 4886 2882 4936 ι,
2917 4873 2973 4928 ’5.
3045 4873 3089 4904 ’ί
3123 4870 3251 4927 ibid.
3274 4870 3328 4924 Δ.
3410 4871 3455 4900 ²¹
3490 4869 3632 4921 Rcui.

2085 5057 2362 5119 Rahanus,
2393 5074 2411 5105 ‹
2446 5055 2840 5122 praepositionis
2881 5075 2900 5106 ι
2929 5071 3025 5123 per
3051 5073 3070 5104 ι
3104 5056 3472 5109 commutatio.
3513 5074 3531 5106 ι

2155 5124 2266 5196 (ll)
2294 5124 2472 5196 Codex
2504 5124 2846 5196 Ebroicensis
2884 5136 2938 5178 et
2993 5123 3269 5196 Merlinus,
3307 5142 3326 5174 c
3368 5139 3506 5196 qua2_
3529 5133 3629 5190 post

2086 5192 2380 5264 principale
2433 5202 2536 5258 est,
2589 5195 2944 5263 intelligentia
2993 5195 3342 5264 designatur;
3396 5213 3416 5244 ι
3465 5192 3626 5247 Cene-

2084 5267 2314 5321 brardus
2354 5279 2505 5328 vero,
2541 5281 2561 5314 ‹
2613 5279 2731 5333 quae
2772 5275 2894 5332 post
2935 5264 3227 5332 principale
3273 5264 3622 5333 intelligentia,

2086 5337 2351 5404 designat,
2388 5351 2407 5384 ›
2445 5337 2642 5389 rectius
2695 5335 2786 5388 alii
2831 5349 2966 5389 mss.
3015 5334 3186 5388 nostri
3245 5343 3307 5388 ut
3351 5334 3406 5388 in
3453 5343 3623 5386 nostra

2084 5416 2248 5458 textu.

2153 5474 2263 5542 (t2)
2295 5473 2389 5528 Sic
2430 5473 2669 5542 potiores
2711 5488 2840 5530 mss.
2887 5473 3057 5529 nostri
3097 5483 3152 5529 et
3196 5472 3464 5529 Rabauus.
3522 5472 3615 5531 Al,

2087 5564 2104 5596 ι
2141 5546 2447 5600 cdoccmur.
2494 5562 2513 5597 ι
3201 5578 3204 5579 ν
