  <div class='ocr_page' id='page_1' title='image "/cluster/home/n/w/nwhite01/storage/ocr_20150623/14/mdp.39015052831362/538.png"; bbox 0 0 3684 6148; ppageno 0'>
   <div class='ocr_carea' id='block_1_1' title="bbox 72 291 215 348">
    <p class='ocr_par' dir='ltr' id='par_1_1' title="bbox 72 291 215 348">
     <span class='ocr_line' id='line_1_1' title="bbox 72 291 215 348; baseline -0.021 0"><span class='ocrx_word' id='word_1_1' title='bbox 72 291 215 348; x_wconf 75' lang='grc'><strong>957</strong></span> 
     </span>
    </p>
   </div>
   <div class='ocr_carea' id='block_1_2' title="bbox 1071 276 2434 345">
    <p class='ocr_par' dir='ltr' id='par_1_2' title="bbox 1071 276 2434 345">
     <span class='ocr_line' id='line_1_2' title="bbox 1071 276 2434 345; baseline -0.007 -3"><span class='ocrx_word' id='word_1_2' title='bbox 1071 284 1426 345; x_wconf 76' lang='lat' dir='ltr'><strong>COMMENT.</strong></span> <span class='ocrx_word' id='word_1_3' title='bbox 1459 284 1526 338; x_wconf 81' lang='grc' dir='ltr'><strong>ΙΝ</strong></span> <span class='ocrx_word' id='word_1_4' title='bbox 1567 278 1785 336; x_wconf 86' lang='lat' dir='ltr'><strong>EPIST.</strong></span> <span class='ocrx_word' id='word_1_5' title='bbox 1827 279 1933 334; x_wconf 84' lang='lat' dir='ltr'><strong>AD.</strong></span> <span class='ocrx_word' id='word_1_6' title='bbox 1975 277 2138 334; x_wconf 80' lang='lat' dir='ltr'><strong>ROM.</strong></span> <span class='ocrx_word' id='word_1_7' title='bbox 2175 277 2304 333; x_wconf 86' lang='lat' dir='ltr'><strong>LIB.</strong></span> <span class='ocrx_word' id='word_1_8' title='bbox 2347 276 2434 333; x_wconf 82' lang='lat' dir='ltr'><strong>lli.</strong></span> 
     </span>
    </p>
   </div>
   <div class='ocr_carea' id='block_1_3' title="bbox 3253 275 3357 333">
    <p class='ocr_par' dir='ltr' id='par_1_3' title="bbox 3253 275 3357 333">
     <span class='ocr_line' id='line_1_3' title="bbox 3253 275 3357 333; baseline 0 0"><span class='ocrx_word' id='word_1_9' title='bbox 3253 275 3357 333; x_wconf 83' lang='lat'><strong>958</strong></span> 
     </span>
    </p>
   </div>
   <div class='ocr_carea' id='block_1_4' title="bbox 75 394 3354 482">
    <p class='ocr_par' dir='ltr' id='par_1_4' title="bbox 75 394 3354 482">
     <span class='ocr_line' id='line_1_4' title="bbox 75 394 3354 482; baseline -0.006 -14"><span class='ocrx_word' id='word_1_10' title='bbox 75 411 355 482; x_wconf 86' lang='lat' dir='ltr'><strong>sumpsit</strong></span> <span class='ocrx_word' id='word_1_11' title='bbox 392 410 686 482; x_wconf 82' lang='lat' dir='ltr'><strong>originem,</strong></span> <span class='ocrx_word' id='word_1_12' title='bbox 720 405 914 462; x_wconf 88' lang='lat' dir='ltr'><strong>merito</strong></span> <span class='ocrx_word' id='word_1_13' title='bbox 949 427 968 458; x_wconf 77' lang='grc' dir='ltr'><strong>ι</strong></span> <span class='ocrx_word' id='word_1_14' title='bbox 999 424 1063 462; x_wconf 85' lang='lat' dir='ltr'><strong>ex</strong></span> <span class='ocrx_word' id='word_1_15' title='bbox 1095 409 1319 462; x_wconf 87' lang='lat' dir='ltr'><strong>muliere</strong></span> <span class='ocrx_word' id='word_1_16' title='bbox 1341 424 1360 459; x_wconf 71' lang='grc' dir='ltr'><strong>ι</strong></span> <span class='ocrx_word' id='word_1_17' title='bbox 1393 405 1566 460; x_wconf 85' lang='lat' dir='ltr'><strong>factus</strong></span> <span class='ocrx_word' id='word_1_18' title='bbox 1597 403 1676 457; x_wconf 87' lang='lat' dir='ltr'><strong>di-</strong></span> <span class='ocrx_word' id='word_1_19' title='bbox 1711 409 1756 462; x_wconf 88' lang='grc' dir='ltr'><strong>Λ</strong></span> <span class='ocrx_word' id='word_1_20' title='bbox 1786 399 1977 468; x_wconf 87' lang='lat' dir='ltr'><strong>legem.</strong></span> <span class='ocrx_word' id='word_1_21' title='bbox 2015 398 2122 452; x_wconf 89' lang='lat' dir='ltr'><strong>Sed</strong></span> <span class='ocrx_word' id='word_1_22' title='bbox 2157 406 2213 452; x_wconf 89' lang='lat' dir='ltr'><strong>et</strong></span> <span class='ocrx_word' id='word_1_23' title='bbox 2261 396 2352 450; x_wconf 87' lang='lat' dir='ltr'><strong>illa</strong></span> <span class='ocrx_word' id='word_1_24' title='bbox 2387 404 2732 466; x_wconf 87' lang='lat' dir='ltr'><strong>nequaquam</strong></span> <span class='ocrx_word' id='word_1_25' title='bbox 2767 394 2928 450; x_wconf 92' lang='lat' dir='ltr'><strong>nobis</strong></span> <span class='ocrx_word' id='word_1_26' title='bbox 2979 397 3354 464; x_wconf 78' lang='lat' dir='ltr'><strong>pmetereuuda</strong></span> 
     </span>
    </p>
   </div>
   <div class='ocr_carea' id='block_1_5' title="bbox 80 497 1694 574">
    <p class='ocr_par' dir='ltr' id='par_1_5' title="bbox 80 497 1694 574">
     <span class='ocr_line' id='line_1_5' title="bbox 80 497 1694 574; baseline -0.006 -16"><span class='ocrx_word' id='word_1_27' title='bbox 80 508 288 561; x_wconf 80' lang='lat' dir='ltr'><strong>citur.</strong></span> <span class='ocrx_word' id='word_1_28' title='bbox 325 505 426 574; x_wconf 86' lang='lat' dir='ltr'><strong>Ipsi</strong></span> <span class='ocrx_word' id='word_1_29' title='bbox 463 518 716 574; x_wconf 84' lang='lat' dir='ltr'><strong>namque,</strong></span> <span class='ocrx_word' id='word_1_30' title='bbox 748 504 800 557; x_wconf 91' lang='lat' dir='ltr'><strong>id</strong></span> <span class='ocrx_word' id='word_1_31' title='bbox 833 511 914 557; x_wconf 87' lang='lat' dir='ltr'><strong>est</strong></span> <span class='ocrx_word' id='word_1_32' title='bbox 951 501 1186 564; x_wconf 83' lang='lat' dir='ltr'><strong>mulieri,</strong></span> <span class='ocrx_word' id='word_1_33' title='bbox 1245 509 1300 554; x_wconf 89' lang='lat' dir='ltr'><strong>et</strong></span> <span class='ocrx_word' id='word_1_34' title='bbox 1349 499 1460 568; x_wconf 90' lang='lat' dir='ltr'><strong>ipsa</strong></span> <span class='ocrx_word' id='word_1_35' title='bbox 1497 497 1694 565; x_wconf 87' lang='lat' dir='ltr'><strong>princi-</strong></span> 
     </span>
    </p>
   </div>
   <div class='ocr_carea' id='block_1_6' title="bbox 84 593 1695 667">
    <p class='ocr_par' dir='ltr' id='par_1_6' title="bbox 84 593 1695 667">
     <span class='ocr_line' id='line_1_6' title="bbox 84 593 1695 667; baseline -0.006 -15"><span class='ocrx_word' id='word_1_36' title='bbox 84 600 266 663; x_wconf 80' lang='lat' dir='ltr'><strong>palis</strong></span> <span class='ocrx_word' id='word_1_37' title='bbox 293 600 446 667; x_wconf 83' lang='lat' dir='ltr'><strong>origo</strong></span> <span class='ocrx_word' id='word_1_38' title='bbox 478 597 660 652; x_wconf 89' lang='lat' dir='ltr'><strong>carnis</strong></span> <span class='ocrx_word' id='word_1_39' title='bbox 685 597 802 666; x_wconf 88' lang='lat' dir='ltr'><strong>ejus</strong></span> <span class='ocrx_word' id='word_1_40' title='bbox 834 593 1144 655; x_wconf 88' lang='lat' dir='ltr'><strong>ascribitur,</strong></span> <span class='ocrx_word' id='word_1_41' title='bbox 1184 602 1238 647; x_wconf 91' lang='lat' dir='ltr'><strong>et</strong></span> <span class='ocrx_word' id='word_1_42' title='bbox 1285 601 1434 646; x_wconf 91' lang='lat' dir='ltr'><strong>recte</strong></span> <span class='ocrx_word' id='word_1_43' title='bbox 1470 605 1572 644; x_wconf 89' lang='lat' dir='ltr'><strong>non</strong></span> <span class='ocrx_word' id='word_1_44' title='bbox 1601 605 1695 656; x_wconf 86' lang='lat' dir='ltr'><strong>per</strong></span> 
     </span>
    </p>
   </div>
   <div class='ocr_carea' id='block_1_7' title="bbox 89 683 1696 761">
    <p class='ocr_par' dir='ltr' id='par_1_7' title="bbox 89 683 1696 761">
     <span class='ocr_line' id='line_1_7' title="bbox 89 683 1696 761; baseline -0.007 -15"><span class='ocrx_word' id='word_1_45' title='bbox 89 694 434 755; x_wconf 87' lang='lat' dir='ltr'><strong>mulierem,</strong></span> <span class='ocrx_word' id='word_1_46' title='bbox 482 691 577 746; x_wconf 88' lang='lat' dir='ltr'><strong>sed</strong></span> <span class='ocrx_word' id='word_1_47' title='bbox 631 711 650 744; x_wconf 78' lang='grc' dir='ltr'><strong>ι</strong></span> <span class='ocrx_word' id='word_1_48' title='bbox 679 689 1052 761; x_wconf 50' lang='lat' dir='ltr'><strong>exunulicrei</strong></span> <span class='ocrx_word' id='word_1_49' title='bbox 1102 690 1275 743; x_wconf 85' lang='lat' dir='ltr'><strong>factus</strong></span> <span class='ocrx_word' id='word_1_50' title='bbox 1325 687 1394 741; x_wconf 89' lang='lat' dir='ltr'><strong>ab</strong></span> <span class='ocrx_word' id='word_1_51' title='bbox 1441 683 1696 753; x_wconf 84' lang='lat' dir='ltr'><strong>Apostolo</strong></span> 
     </span>
    </p>
   </div>
   <div class='ocr_carea' id='block_1_8' title="bbox 89 781 1696 855">
    <p class='ocr_par' dir='ltr' id='par_1_8' title="bbox 89 781 1696 855">
     <span class='ocr_line' id='line_1_8' title="bbox 89 781 1696 855; baseline -0.005 -14"><span class='ocrx_word' id='word_1_52' title='bbox 89 800 483 845; x_wconf 70' lang='lat' dir='ltr'><strong>memoratur.</strong></span> <span class='ocrx_word' id='word_1_53' title='bbox 514 786 783 842; x_wconf 87' lang='lat' dir='ltr'><strong>Justiﬁcat</strong></span> <span class='ocrx_word' id='word_1_54' title='bbox 821 800 950 855; x_wconf 83' lang='lat' dir='ltr'><strong>ergo</strong></span> <span class='ocrx_word' id='word_1_55' title='bbox 996 800 1136 838; x_wconf 91' lang='lat' dir='ltr'><strong>unus</strong></span> <span class='ocrx_word' id='word_1_56' title='bbox 1185 791 1346 851; x_wconf 86' lang='lat' dir='ltr'><strong>atque</strong></span> <span class='ocrx_word' id='word_1_57' title='bbox 1377 781 1515 834; x_wconf 85' lang='lat' dir='ltr'><strong>idem</strong></span> <span class='ocrx_word' id='word_1_58' title='bbox 1557 781 1696 833; x_wconf 89' lang='lat' dir='ltr'><strong>Deus</strong></span> 
     </span>
    </p>
   </div>
   <div class='ocr_carea' id='block_1_9' title="bbox 93 874 1689 946">
    <p class='ocr_par' dir='ltr' id='par_1_9' title="bbox 93 874 1689 946">
     <span class='ocr_line' id='line_1_9' title="bbox 93 874 1689 946; baseline -0.006 -12"><span class='ocrx_word' id='word_1_59' title='bbox 93 881 598 937; x_wconf 80' lang='lat' dir='ltr'><strong>circumcisionem</strong></span> <span class='ocrx_word' id='word_1_60' title='bbox 626 895 692 934; x_wconf 79' lang='lat' dir='ltr'><strong>ex</strong></span> <span class='ocrx_word' id='word_1_61' title='bbox 717 879 843 942; x_wconf 91' lang='lat' dir='ltr'><strong>ﬁde,</strong></span> <span class='ocrx_word' id='word_1_62' title='bbox 878 887 930 932; x_wconf 90' lang='lat' dir='ltr'><strong>ct</strong></span> <span class='ocrx_word' id='word_1_63' title='bbox 961 875 1281 946; x_wconf 72' lang='lat' dir='ltr'><strong>prmputium</strong></span> <span class='ocrx_word' id='word_1_64' title='bbox 1321 890 1418 943; x_wconf 88' lang='lat' dir='ltr'><strong>per</strong></span> <span class='ocrx_word' id='word_1_65' title='bbox 1445 874 1602 927; x_wconf 89' lang='lat' dir='ltr'><strong>ﬁdem</strong></span> <span class='ocrx_word' id='word_1_66' title='bbox 1627 874 1689 924; x_wconf 74' lang='grc'><strong>’³.</strong></span> 
     </span>
    </p>
   </div>
   <div class='ocr_carea' id='block_1_10' title="bbox 94 967 1694 1043">
    <p class='ocr_par' dir='ltr' id='par_1_10' title="bbox 94 967 1694 1043">
     <span class='ocr_line' id='line_1_10' title="bbox 94 967 1694 1043; baseline -0.007 -14"><span class='ocrx_word' id='word_1_67' title='bbox 94 976 287 1042; x_wconf 80' lang='lat' dir='ltr'><strong>Quod</strong></span> <span class='ocrx_word' id='word_1_68' title='bbox 334 976 376 1030; x_wconf 92' lang='lat' dir='ltr'><strong>si</strong></span> <span class='ocrx_word' id='word_1_69' title='bbox 403 974 516 1043; x_wconf 75' lang='grc'>(15)</span> <span class='ocrx_word' id='word_1_70' title='bbox 555 973 800 1042; x_wconf 74' lang='lat' dir='ltr'><strong>requirat</strong></span> <span class='ocrx_word' id='word_1_71' title='bbox 853 970 1049 1038; x_wconf 86' lang='lat' dir='ltr'><strong>aliquis</strong></span> <span class='ocrx_word' id='word_1_72' title='bbox 1095 967 1387 1032; x_wconf 90' lang='lat' dir='ltr'><strong>curiosius,</strong></span> <span class='ocrx_word' id='word_1_73' title='bbox 1429 967 1462 1019; x_wconf 91' lang='lat' dir='ltr'><strong>ii</strong></span> <span class='ocrx_word' id='word_1_74' title='bbox 1509 967 1600 1034; x_wconf 90' lang='lat' dir='ltr'><strong>qui</strong></span> <span class='ocrx_word' id='word_1_75' title='bbox 1631 981 1694 1018; x_wconf 83' lang='lat' dir='ltr'><strong>ex</strong></span> 
     </span>
    </p>
   </div>
   <div class='ocr_carea' id='block_1_11' title="bbox 102 1061 1696 1136">
    <p class='ocr_par' dir='ltr' id='par_1_11' title="bbox 102 1061 1696 1136">
     <span class='ocr_line' id='line_1_11' title="bbox 102 1061 1696 1136; baseline -0.008 -15"><span class='ocrx_word' id='word_1_76' title='bbox 102 1069 229 1121; x_wconf 85' lang='lat' dir='ltr'><strong>lide</strong></span> <span class='ocrx_word' id='word_1_77' title='bbox 260 1066 653 1136; x_wconf 87' lang='lat' dir='ltr'><strong>justiﬁcantur,</strong></span> <span class='ocrx_word' id='word_1_78' title='bbox 677 1078 771 1131; x_wconf 88' lang='lat' dir='ltr'><strong>per</strong></span> <span class='ocrx_word' id='word_1_79' title='bbox 791 1077 950 1128; x_wconf 89' lang='lat' dir='ltr'><strong>quem</strong></span> <span class='ocrx_word' id='word_1_80' title='bbox 975 1061 1380 1129; x_wconf 89' lang='lat' dir='ltr'><strong>justiﬁcentur;</strong></span> <span class='ocrx_word' id='word_1_81' title='bbox 1407 1067 1462 1112; x_wconf 92' lang='lat' dir='ltr'><strong>et</strong></span> <span class='ocrx_word' id='word_1_82' title='bbox 1485 1072 1696 1110; x_wconf 88' lang='lat' dir='ltr'><strong>rursum</strong></span> 
     </span>
    </p>
   </div>
   <div class='ocr_carea' id='block_1_12' title="bbox 101 1149 1694 1227">
    <p class='ocr_par' dir='ltr' id='par_1_12' title="bbox 101 1149 1694 1227">
     <span class='ocr_line' id='line_1_12' title="bbox 101 1149 1694 1227; baseline -0.005 -15"><span class='ocrx_word' id='word_1_83' title='bbox 101 1159 143 1212; x_wconf 88' lang='lat' dir='ltr'><strong>ii</strong></span> <span class='ocrx_word' id='word_1_84' title='bbox 187 1159 296 1227; x_wconf 90' lang='lat' dir='ltr'><strong>qui</strong></span> <span class='ocrx_word' id='word_1_85' title='bbox 329 1167 424 1227; x_wconf 86' lang='lat' dir='ltr'><strong>per</strong></span> <span class='ocrx_word' id='word_1_86' title='bbox 454 1156 613 1209; x_wconf 89' lang='lat' dir='ltr'><strong>ﬁdem</strong></span> <span class='ocrx_word' id='word_1_87' title='bbox 649 1153 1042 1222; x_wconf 88' lang='lat' dir='ltr'><strong>justiﬁcantur,</strong></span> <span class='ocrx_word' id='word_1_88' title='bbox 1077 1165 1144 1205; x_wconf 82' lang='lat' dir='ltr'><strong>ex</strong></span> <span class='ocrx_word' id='word_1_89' title='bbox 1167 1149 1694 1219; x_wconf 86' lang='lat' dir='ltr'><strong>quojustilicentur:</strong></span> 
     </span>
    </p>
   </div>
   <div class='ocr_carea' id='block_1_13' title="bbox 99 1244 1698 1307">
    <p class='ocr_par' dir='ltr' id='par_1_13' title="bbox 99 1244 1698 1307">
     <span class='ocr_line' id='line_1_13' title="bbox 99 1244 1698 1307; baseline -0.009 0"><span class='ocrx_word' id='word_1_90' title='bbox 99 1255 256 1307; x_wconf 88' lang='lat' dir='ltr'><strong>licet</strong></span> <span class='ocrx_word' id='word_1_91' title='bbox 288 1251 540 1306; x_wconf 77' lang='lat' dir='ltr'><strong>fortassis</strong></span> <span class='ocrx_word' id='word_1_92' title='bbox 579 1249 745 1303; x_wconf 91' lang='lat' dir='ltr'><strong>multa</strong></span> <span class='ocrx_word' id='word_1_93' title='bbox 781 1248 832 1300; x_wconf 93' lang='lat' dir='ltr'><strong>in</strong></span> <span class='ocrx_word' id='word_1_94' title='bbox 869 1247 971 1301; x_wconf 91' lang='lat' dir='ltr'><strong>hoc</strong></span> <span class='ocrx_word' id='word_1_95' title='bbox 1013 1245 1302 1300; x_wconf 78' lang='lat' dir='ltr'><strong>curiositas</strong></span> <span class='ocrx_word' id='word_1_96' title='bbox 1326 1244 1592 1305; x_wconf 87' lang='lat' dir='ltr'><strong>videatur,</strong></span> <span class='ocrx_word' id='word_1_97' title='bbox 1620 1253 1698 1296; x_wconf 88' lang='lat' dir='ltr'><strong>ta-</strong></span> 
     </span>
    </p>
   </div>
   <div class='ocr_carea' id='block_1_14' title="bbox 102 1335 1697 1405">
    <p class='ocr_par' dir='ltr' id='par_1_14' title="bbox 102 1335 1697 1405">
     <span class='ocr_line' id='line_1_14' title="bbox 102 1335 1697 1405; baseline -0.01 -3"><span class='ocrx_word' id='word_1_98' title='bbox 102 1363 254 1401; x_wconf 89' lang='lat' dir='ltr'><strong>men</strong></span> <span class='ocrx_word' id='word_1_99' title='bbox 304 1343 690 1400; x_wconf 77' lang='lat' dir='ltr'><strong>convenienter</strong></span> <span class='ocrx_word' id='word_1_100' title='bbox 738 1339 921 1394; x_wconf 90' lang='lat' dir='ltr'><strong>dicere</strong></span> <span class='ocrx_word' id='word_1_101' title='bbox 965 1351 1270 1405; x_wconf 89' lang='lat' dir='ltr'><strong>possumus,</strong></span> <span class='ocrx_word' id='word_1_102' title='bbox 1307 1335 1450 1404; x_wconf 88' lang='lat' dir='ltr'><strong>quod</strong></span> <span class='ocrx_word' id='word_1_103' title='bbox 1487 1335 1576 1402; x_wconf 91' lang='lat' dir='ltr'><strong>qui</strong></span> <span class='ocrx_word' id='word_1_104' title='bbox 1631 1349 1697 1387; x_wconf 86' lang='lat' dir='ltr'><strong>ex</strong></span> 
     </span>
    </p>
   </div>
   <div class='ocr_carea' id='block_1_15' title="bbox 109 1426 1702 1508">
    <p class='ocr_par' dir='ltr' id='par_1_15' title="bbox 109 1426 1702 1508">
     <span class='ocr_line' id='line_1_15' title="bbox 109 1426 1702 1508; baseline -0.01 -13"><span class='ocrx_word' id='word_1_105' title='bbox 109 1443 232 1496; x_wconf 88' lang='lat' dir='ltr'><strong>lide</strong></span> <span class='ocrx_word' id='word_1_106' title='bbox 259 1438 652 1508; x_wconf 89' lang='lat' dir='ltr'><strong>justiﬁcantur,</strong></span> <span class='ocrx_word' id='word_1_107' title='bbox 680 1433 838 1488; x_wconf 91' lang='lat' dir='ltr'><strong>initio</strong></span> <span class='ocrx_word' id='word_1_108' title='bbox 865 1447 933 1487; x_wconf 79' lang='lat' dir='ltr'><strong>ex</strong></span> <span class='ocrx_word' id='word_1_109' title='bbox 958 1431 1065 1486; x_wconf 88' lang='lat' dir='ltr'><strong>ﬁde</strong></span> <span class='ocrx_word' id='word_1_110' title='bbox 1094 1437 1309 1498; x_wconf 91' lang='lat' dir='ltr'><strong>sumpto</strong></span> <span class='ocrx_word' id='word_1_111' title='bbox 1333 1444 1428 1497; x_wconf 91' lang='lat' dir='ltr'><strong>per</strong></span> <span class='ocrx_word' id='word_1_112' title='bbox 1445 1426 1702 1496; x_wconf 86' lang='lat' dir='ltr'><strong>adimple-</strong></span> 
     </span>
    </p>
   </div>
   <div class='ocr_carea' id='block_1_16' title="bbox 109 1519 1703 1594">
    <p class='ocr_par' dir='ltr' id='par_1_16' title="bbox 109 1519 1703 1594">
     <span class='ocr_line' id='line_1_16' title="bbox 109 1519 1703 1594; baseline -0.012 -6"><span class='ocrx_word' id='word_1_113' title='bbox 109 1537 339 1588; x_wconf 89' lang='lat' dir='ltr'><strong>tionem</strong></span> <span class='ocrx_word' id='word_1_114' title='bbox 365 1532 629 1586; x_wconf 92' lang='lat' dir='ltr'><strong>bonorum</strong></span> <span class='ocrx_word' id='word_1_115' title='bbox 657 1541 882 1594; x_wconf 88' lang='lat' dir='ltr'><strong>opermu</strong></span> <span class='ocrx_word' id='word_1_116' title='bbox 917 1532 1389 1583; x_wconf 83' lang='lat' dir='ltr'><strong>consummantur,</strong></span> <span class='ocrx_word' id='word_1_117' title='bbox 1414 1530 1464 1572; x_wconf 91' lang='lat' dir='ltr'><strong>et</strong></span> <span class='ocrx_word' id='word_1_118' title='bbox 1494 1519 1582 1587; x_wconf 87' lang='lat' dir='ltr'><strong>qui</strong></span> <span class='ocrx_word' id='word_1_119' title='bbox 1610 1534 1703 1587; x_wconf 88' lang='lat' dir='ltr'><strong>per</strong></span> 
     </span>
    </p>
   </div>
   <div class='ocr_carea' id='block_1_17' title="bbox 113 1610 1703 1696">
    <p class='ocr_par' dir='ltr' id='par_1_17' title="bbox 113 1610 1703 1696">
     <span class='ocr_line' id='line_1_17' title="bbox 113 1610 1703 1696; baseline -0.013 -14"><span class='ocrx_word' id='word_1_120' title='bbox 113 1629 298 1682; x_wconf 87' lang='lat' dir='ltr'><strong>ﬁdem</strong></span> <span class='ocrx_word' id='word_1_121' title='bbox 324 1623 712 1696; x_wconf 80' lang='lat' dir='ltr'><strong>justiﬁeantur,</strong></span> <span class='ocrx_word' id='word_1_122' title='bbox 737 1635 766 1672; x_wconf 91' lang='lat' dir='ltr'><strong>a</strong></span> <span class='ocrx_word' id='word_1_123' title='bbox 801 1618 958 1672; x_wconf 87' lang='lat' dir='ltr'><strong>bouis</strong></span> <span class='ocrx_word' id='word_1_124' title='bbox 981 1615 1238 1684; x_wconf 82' lang='lat' dir='ltr'><strong>operibus</strong></span> <span class='ocrx_word' id='word_1_125' title='bbox 1266 1612 1446 1666; x_wconf 82' lang='lat' dir='ltr'><strong>exorsi</strong></span> <span class='ocrx_word' id='word_1_126' title='bbox 1475 1610 1583 1681; x_wconf 73' lang='lat' dir='ltr'><strong>(l4)</strong></span> <span class='ocrx_word' id='word_1_127' title='bbox 1609 1626 1703 1678; x_wconf 92' lang='lat' dir='ltr'><strong>per</strong></span> 
     </span>
    </p>
   </div>
   <div class='ocr_carea' id='block_1_18' title="bbox 115 1709 1776 1802">
    <p class='ocr_par' dir='ltr' id='par_1_18' title="bbox 115 1709 1776 1802">
     <span class='ocr_line' id='line_1_18' title="bbox 115 1709 1776 1802; baseline -0.013 -27"><span class='ocrx_word' id='word_1_128' title='bbox 115 1722 298 1775; x_wconf 79' lang='lat' dir='ltr'><strong>fidem</strong></span> <span class='ocrx_word' id='word_1_129' title='bbox 339 1732 604 1773; x_wconf 87' lang='lat' dir='ltr'><strong>summam</strong></span> <span class='ocrx_word' id='word_1_130' title='bbox 650 1712 998 1784; x_wconf 83' lang='lat' dir='ltr'><strong>perfectionis</strong></span> <span class='ocrx_word' id='word_1_131' title='bbox 1043 1709 1339 1776; x_wconf 84' lang='lat' dir='ltr'><strong>accipiunt.</strong></span> <span class='ocrx_word' id='word_1_132' title='bbox 1376 1709 1447 1759; x_wconf 91' lang='lat' dir='ltr'><strong>Ita</strong></span> <span class='ocrx_word' id='word_1_133' title='bbox 1492 1716 1697 1758; x_wconf 88' lang='lat' dir='ltr'><strong>utrum-</strong></span> <span class='ocrx_word' id='word_1_134' title='bbox 1735 1748 1776 1802; x_wconf 73' lang='grc' dir='ltr'>Β</span> 
     </span>
    </p>
   </div>
   <div class='ocr_carea' id='block_1_19' title="bbox 112 1800 1705 1882">
    <p class='ocr_par' dir='ltr' id='par_1_19' title="bbox 112 1800 1705 1882">
     <span class='ocr_line' id='line_1_19' title="bbox 112 1800 1705 1882; baseline -0.012 -17"><span class='ocrx_word' id='word_1_135' title='bbox 112 1826 232 1882; x_wconf 86' lang='lat' dir='ltr'><strong>que</strong></span> <span class='ocrx_word' id='word_1_136' title='bbox 291 1810 396 1866; x_wconf 83' lang='lat' dir='ltr'><strong>sibi</strong></span> <span class='ocrx_word' id='word_1_137' title='bbox 463 1807 746 1861; x_wconf 69' lang='lat' dir='ltr'><strong>adhazrens</strong></span> <span class='ocrx_word' id='word_1_138' title='bbox 805 1804 1034 1858; x_wconf 89' lang='lat' dir='ltr'><strong>alterum</strong></span> <span class='ocrx_word' id='word_1_139' title='bbox 1089 1816 1157 1856; x_wconf 79' lang='lat' dir='ltr'><strong>ex</strong></span> <span class='ocrx_word' id='word_1_140' title='bbox 1216 1800 1389 1853; x_wconf 90' lang='lat' dir='ltr'><strong>altero</strong></span> <span class='ocrx_word' id='word_1_141' title='bbox 1450 1810 1705 1850; x_wconf 87' lang='lat' dir='ltr'><strong>consum-</strong></span> 
     </span>
    </p>
   </div>
   <div class='ocr_carea' id='block_1_20' title="bbox 116 1915 339 1958">
    <p class='ocr_par' dir='ltr' id='par_1_20' title="bbox 116 1915 339 1958">
     <span class='ocr_line' id='line_1_20' title="bbox 116 1915 339 1958; baseline -0.009 0"><span class='ocrx_word' id='word_1_142' title='bbox 116 1915 339 1958; x_wconf 86' lang='lat' dir='ltr'><strong>matur.</strong></span> 
     </span>
    </p>
   </div>
   <div class='ocr_carea' id='block_1_21' title="bbox 195 1987 1704 2063">
    <p class='ocr_par' dir='ltr' id='par_1_21' title="bbox 195 1987 1704 2063">
     <span class='ocr_line' id='line_1_21' title="bbox 195 1987 1704 2063; baseline -0.007 -13"><span class='ocrx_word' id='word_1_143' title='bbox 195 1997 297 2051; x_wconf 85' lang='grc'>11.</span> <span class='ocrx_word' id='word_1_144' title='bbox 325 1995 392 2049; x_wconf 85' lang='lat' dir='ltr'><strong>Et</strong></span> <span class='ocrx_word' id='word_1_145' title='bbox 428 2000 717 2063; x_wconf 79' lang='lat' dir='ltr'><strong>propterea</strong></span> <span class='ocrx_word' id='word_1_146' title='bbox 754 1998 883 2060; x_wconf 91' lang='lat' dir='ltr'><strong>puto</strong></span> <span class='ocrx_word' id='word_1_147' title='bbox 909 1987 1228 2057; x_wconf 88' lang='lat' dir='ltr'><strong>Apostolum</strong></span> <span class='ocrx_word' id='word_1_148' title='bbox 1259 1987 1442 2040; x_wconf 87' lang='lat' dir='ltr'><strong>statim</strong></span> <span class='ocrx_word' id='word_1_149' title='bbox 1483 1988 1536 2041; x_wconf 90' lang='lat' dir='ltr'><strong>in</strong></span> <span class='ocrx_word' id='word_1_150' title='bbox 1571 2003 1704 2042; x_wconf 83' lang='lat' dir='ltr'><strong>con-</strong></span> 
     </span>
    </p>
   </div>
   <div class='ocr_carea' id='block_1_22' title="bbox 115 2078 1709 2156">
    <p class='ocr_par' dir='ltr' id='par_1_22' title="bbox 115 2078 1709 2156">
     <span class='ocr_line' id='line_1_22' title="bbox 115 2078 1709 2156; baseline -0.007 -15"><span class='ocrx_word' id='word_1_151' title='bbox 115 2086 489 2156; x_wconf 85' lang='lat' dir='ltr'><strong>sequentibus</strong></span> <span class='ocrx_word' id='word_1_152' title='bbox 509 2082 755 2153; x_wconf 86' lang='lat' dir='ltr'><strong>posuisse</strong></span> <span class='ocrx_word' id='word_1_153' title='bbox 786 2098 799 2133; x_wconf 96' lang='lat'><strong>:</strong></span> <span class='ocrx_word' id='word_1_154' title='bbox 831 2097 849 2130; x_wconf 74' lang='grc' dir='ltr'><strong>ι</strong></span> <span class='ocrx_word' id='word_1_155' title='bbox 879 2078 1076 2148; x_wconf 87' lang='lat' dir='ltr'><strong>Legem</strong></span> <span class='ocrx_word' id='word_1_156' title='bbox 1104 2094 1236 2148; x_wconf 88' lang='lat' dir='ltr'><strong>ergo</strong></span> <span class='ocrx_word' id='word_1_157' title='bbox 1259 2093 1584 2156; x_wconf 78' lang='lat' dir='ltr'><strong>evacuamus</strong></span> <span class='ocrx_word' id='word_1_158' title='bbox 1614 2093 1709 2147; x_wconf 91' lang='lat' dir='ltr'><strong>per</strong></span> 
     </span>
    </p>
   </div>
   <div class='ocr_carea' id='block_1_23' title="bbox 119 2151 1706 2239">
    <p class='ocr_par' dir='ltr' id='par_1_23' title="bbox 119 2151 1706 2239">
     <span class='ocr_line' id='line_1_23' title="bbox 119 2151 1706 2239; baseline -0.008 -6"><span class='ocrx_word' id='word_1_159' title='bbox 119 2151 342 2232; x_wconf 79' lang='lat' dir='ltr'><strong>ﬁdem?</strong></span> <span class='ocrx_word' id='word_1_160' title='bbox 389 2151 580 2239; x_wconf 82' lang='lat' dir='ltr'><strong>Absit;</strong></span> <span class='ocrx_word' id='word_1_161' title='bbox 612 2172 704 2227; x_wconf 89' lang='lat' dir='ltr'><strong>sed</strong></span> <span class='ocrx_word' id='word_1_162' title='bbox 765 2170 934 2239; x_wconf 83' lang='lat' dir='ltr'><strong>legem</strong></span> <span class='ocrx_word' id='word_1_163' title='bbox 982 2151 1352 2222; x_wconf 78' lang='lat' dir='ltr'><strong>statuimus&quot;.</strong></span> <span class='ocrx_word' id='word_1_164' title='bbox 1385 2187 1405 2220; x_wconf 68' lang='grc' dir='ltr'><strong>ι</strong></span> <span class='ocrx_word' id='word_1_165' title='bbox 1441 2167 1706 2234; x_wconf 86' lang='lat' dir='ltr'><strong>Quoniam</strong></span> 
     </span>
    </p>
   </div>
   <div class='ocr_carea' id='block_1_24' title="bbox 121 2262 1706 2336">
    <p class='ocr_par' dir='ltr' id='par_1_24' title="bbox 121 2262 1706 2336">
     <span class='ocr_line' id='line_1_24' title="bbox 121 2262 1706 2336; baseline -0.008 -12"><span class='ocrx_word' id='word_1_166' title='bbox 121 2273 178 2324; x_wconf 90' lang='lat' dir='ltr'><strong>in</strong></span> <span class='ocrx_word' id='word_1_167' title='bbox 220 2266 600 2336; x_wconf 84' lang='lat' dir='ltr'><strong>superioribus</strong></span> <span class='ocrx_word' id='word_1_168' title='bbox 633 2263 698 2317; x_wconf 90' lang='lat' dir='ltr'><strong>ad</strong></span> <span class='ocrx_word' id='word_1_169' title='bbox 729 2264 886 2317; x_wconf 87' lang='lat' dir='ltr'><strong>ﬁdem</strong></span> <span class='ocrx_word' id='word_1_170' title='bbox 921 2272 1116 2318; x_wconf 90' lang='lat' dir='ltr'><strong>cuncta</strong></span> <span class='ocrx_word' id='word_1_171' title='bbox 1137 2262 1288 2314; x_wconf 90' lang='lat' dir='ltr'><strong>visus</strong></span> <span class='ocrx_word' id='word_1_172' title='bbox 1317 2271 1399 2314; x_wconf 89' lang='lat' dir='ltr'><strong>est</strong></span> <span class='ocrx_word' id='word_1_173' title='bbox 1432 2275 1706 2326; x_wconf 80' lang='lat' dir='ltr'><strong>revocare,</strong></span> 
     </span>
    </p>
   </div>
   <div class='ocr_carea' id='block_1_25' title="bbox 120 2351 1705 2429">
    <p class='ocr_par' dir='ltr' id='par_1_25' title="bbox 120 2351 1705 2429">
     <span class='ocr_line' id='line_1_25' title="bbox 120 2351 1705 2429; baseline -0.007 -15"><span class='ocrx_word' id='word_1_174' title='bbox 120 2364 249 2429; x_wconf 88' lang='lat' dir='ltr'><strong>ipse</strong></span> <span class='ocrx_word' id='word_1_175' title='bbox 283 2359 388 2413; x_wconf 86' lang='lat' dir='ltr'><strong>sibi</strong></span> <span class='ocrx_word' id='word_1_176' title='bbox 421 2356 566 2424; x_wconf 87' lang='lat' dir='ltr'><strong>quod</strong></span> <span class='ocrx_word' id='word_1_177' title='bbox 597 2355 664 2410; x_wconf 87' lang='lat' dir='ltr'><strong>ab</strong></span> <span class='ocrx_word' id='word_1_178' title='bbox 691 2354 798 2409; x_wconf 90' lang='lat' dir='ltr'><strong>alio</strong></span> <span class='ocrx_word' id='word_1_179' title='bbox 823 2354 1047 2424; x_wconf 91' lang='lat' dir='ltr'><strong>proponi</strong></span> <span class='ocrx_word' id='word_1_180' title='bbox 1082 2360 1264 2422; x_wconf 87' lang='lat' dir='ltr'><strong>posset</strong></span> <span class='ocrx_word' id='word_1_181' title='bbox 1295 2352 1542 2405; x_wconf 82' lang='lat' dir='ltr'><strong>obtendit</strong></span> <span class='ocrx_word' id='word_1_182' title='bbox 1573 2351 1705 2419; x_wconf 85' lang='grc'><strong>(15),</strong></span> 
     </span>
    </p>
   </div>
   <div class='ocr_carea' id='block_1_26' title="bbox 124 2443 1706 2517">
    <p class='ocr_par' dir='ltr' id='par_1_26' title="bbox 124 2443 1706 2517">
     <span class='ocr_line' id='line_1_26' title="bbox 124 2443 1706 2517; baseline -0.008 -11"><span class='ocrx_word' id='word_1_183' title='bbox 124 2463 184 2505; x_wconf 88' lang='lat' dir='ltr'><strong>et</strong></span> <span class='ocrx_word' id='word_1_184' title='bbox 219 2451 362 2505; x_wconf 89' lang='lat' dir='ltr'><strong>dicit</strong></span> <span class='ocrx_word' id='word_1_185' title='bbox 389 2467 402 2504; x_wconf 91' lang='lat'><strong>:</strong></span> <span class='ocrx_word' id='word_1_186' title='bbox 433 2448 491 2502; x_wconf 93' lang='lat' dir='ltr'><strong>Si</strong></span> <span class='ocrx_word' id='word_1_187' title='bbox 523 2460 620 2517; x_wconf 89' lang='lat' dir='ltr'><strong>per</strong></span> <span class='ocrx_word' id='word_1_188' title='bbox 660 2446 822 2499; x_wconf 88' lang='lat' dir='ltr'><strong>ﬁdem</strong></span> <span class='ocrx_word' id='word_1_189' title='bbox 849 2445 1178 2514; x_wconf 42' lang='lat' dir='ltr'><strong>justil‘icatur</strong></span> <span class='ocrx_word' id='word_1_190' title='bbox 1209 2443 1392 2506; x_wconf 87' lang='lat' dir='ltr'><strong>homo,</strong></span> <span class='ocrx_word' id='word_1_191' title='bbox 1420 2450 1476 2495; x_wconf 93' lang='lat' dir='ltr'><strong>et</strong></span> <span class='ocrx_word' id='word_1_192' title='bbox 1515 2456 1616 2493; x_wconf 91' lang='lat' dir='ltr'><strong>non</strong></span> <span class='ocrx_word' id='word_1_193' title='bbox 1641 2456 1706 2495; x_wconf 85' lang='lat' dir='ltr'><strong>ex</strong></span> 
     </span>
    </p>
   </div>
   <div class='ocr_carea' id='block_1_27' title="bbox 123 2532 1710 2613">
    <p class='ocr_par' dir='ltr' id='par_1_27' title="bbox 123 2532 1710 2613">
     <span class='ocr_line' id='line_1_27' title="bbox 123 2532 1710 2613; baseline -0.009 -15"><span class='ocrx_word' id='word_1_194' title='bbox 123 2543 398 2613; x_wconf 86' lang='lat' dir='ltr'><strong>operibus</strong></span> <span class='ocrx_word' id='word_1_195' title='bbox 428 2539 583 2610; x_wconf 91' lang='lat' dir='ltr'><strong>legis,</strong></span> <span class='ocrx_word' id='word_1_196' title='bbox 631 2547 686 2592; x_wconf 91' lang='lat' dir='ltr'><strong>et</strong></span> <span class='ocrx_word' id='word_1_197' title='bbox 738 2537 784 2592; x_wconf 89' lang='lat' dir='ltr'><strong>si</strong></span> <span class='ocrx_word' id='word_1_198' title='bbox 822 2539 960 2591; x_wconf 90' lang='lat' dir='ltr'><strong>Deus</strong></span> <span class='ocrx_word' id='word_1_199' title='bbox 994 2533 1467 2589; x_wconf 88' lang='lat' dir='ltr'><strong>circumcisioucm</strong></span> <span class='ocrx_word' id='word_1_200' title='bbox 1498 2547 1561 2585; x_wconf 84' lang='lat' dir='ltr'><strong>ex</strong></span> <span class='ocrx_word' id='word_1_201' title='bbox 1605 2532 1710 2584; x_wconf 89' lang='lat' dir='ltr'><strong>ﬁde</strong></span> 
     </span>
    </p>
   </div>
   <div class='ocr_carea' id='block_1_28' title="bbox 123 2621 1706 2702">
    <p class='ocr_par' dir='ltr' id='par_1_28' title="bbox 123 2621 1706 2702">
     <span class='ocr_line' id='line_1_28' title="bbox 123 2621 1706 2702; baseline -0.01 -13"><span class='ocrx_word' id='word_1_202' title='bbox 123 2633 424 2702; x_wconf 81' lang='lat' dir='ltr'><strong>justiﬁeat,</strong></span> <span class='ocrx_word' id='word_1_203' title='bbox 441 2628 838 2701; x_wconf 68' lang='lat' dir='ltr'><strong>et&#39;prteputium</strong></span> <span class='ocrx_word' id='word_1_204' title='bbox 859 2643 955 2696; x_wconf 87' lang='lat' dir='ltr'><strong>per</strong></span> <span class='ocrx_word' id='word_1_205' title='bbox 980 2626 1160 2688; x_wconf 91' lang='lat' dir='ltr'><strong>ﬁdem,</strong></span> <span class='ocrx_word' id='word_1_206' title='bbox 1178 2626 1344 2696; x_wconf 83' lang='lat' dir='ltr'><strong>legem</strong></span> <span class='ocrx_word' id='word_1_207' title='bbox 1367 2639 1496 2693; x_wconf 88' lang='lat' dir='ltr'><strong>ergo</strong></span> <span class='ocrx_word' id='word_1_208' title='bbox 1522 2621 1706 2691; x_wconf 85' lang='lat' dir='ltr'><strong>Moysi,</strong></span> 
     </span>
    </p>
   </div>
   <div class='ocr_carea' id='block_1_29' title="bbox 127 2713 1712 2786">
    <p class='ocr_par' dir='ltr' id='par_1_29' title="bbox 127 2713 1712 2786">
     <span class='ocr_line' id='line_1_29' title="bbox 127 2713 1712 2786; baseline -0.009 -8"><span class='ocrx_word' id='word_1_209' title='bbox 127 2743 164 2778; x_wconf 84' lang='grc' dir='ltr'>υ</span> <span class='ocrx_word' id='word_1_210' title='bbox 202 2723 394 2785; x_wconf 87' lang='lat' dir='ltr'><strong>Paule,</strong></span> <span class='ocrx_word' id='word_1_211' title='bbox 431 2721 664 2775; x_wconf 90' lang='lat' dir='ltr'><strong>destruis</strong></span> <span class='ocrx_word' id='word_1_212' title='bbox 696 2733 791 2786; x_wconf 82' lang='lat' dir='ltr'><strong>per</strong></span> <span class='ocrx_word' id='word_1_213' title='bbox 833 2716 1036 2768; x_wconf 85' lang='lat' dir='ltr'><strong>ﬁdem?</strong></span> <span class='ocrx_word' id='word_1_214' title='bbox 1082 2714 1190 2768; x_wconf 87' lang='lat' dir='ltr'><strong>Sed</strong></span> <span class='ocrx_word' id='word_1_215' title='bbox 1237 2715 1303 2767; x_wconf 90' lang='lat' dir='ltr'><strong>ad</strong></span> <span class='ocrx_word' id='word_1_216' title='bbox 1356 2715 1458 2767; x_wconf 90' lang='lat' dir='ltr'><strong>hoc</strong></span> <span class='ocrx_word' id='word_1_217' title='bbox 1489 2713 1604 2780; x_wconf 85' lang='lat' dir='ltr'><strong>ipse</strong></span> <span class='ocrx_word' id='word_1_218' title='bbox 1628 2726 1712 2764; x_wconf 84' lang='lat' dir='ltr'><strong>re-</strong></span> 
     </span>
    </p>
   </div>
   <div class='ocr_carea' id='block_1_30' title="bbox 131 2805 1706 2885">
    <p class='ocr_par' dir='ltr' id='par_1_30' title="bbox 131 2805 1706 2885">
     <span class='ocr_line' id='line_1_30' title="bbox 131 2805 1706 2885; baseline -0.011 -13"><span class='ocrx_word' id='word_1_219' title='bbox 131 2818 419 2885; x_wconf 85' lang='lat' dir='ltr'><strong>spondens</strong></span> <span class='ocrx_word' id='word_1_220' title='bbox 463 2815 594 2868; x_wconf 86' lang='lat' dir='ltr'><strong>dicit</strong></span> <span class='ocrx_word' id='word_1_221' title='bbox 627 2828 640 2863; x_wconf 94' lang='lat'><strong>:</strong></span> <span class='ocrx_word' id='word_1_222' title='bbox 675 2830 692 2862; x_wconf 76' lang='grc'><strong>(</strong></span> <span class='ocrx_word' id='word_1_223' title='bbox 716 2808 898 2873; x_wconf 79' lang='lat' dir='ltr'><strong>Absit;</strong></span> <span class='ocrx_word' id='word_1_224' title='bbox 960 2809 1067 2861; x_wconf 92' lang='lat' dir='ltr'><strong>imo</strong></span> <span class='ocrx_word' id='word_1_225' title='bbox 1123 2807 1294 2875; x_wconf 84' lang='lat' dir='ltr'><strong>legem</strong></span> <span class='ocrx_word' id='word_1_226' title='bbox 1347 2805 1657 2867; x_wconf 86' lang='lat' dir='ltr'><strong>statuimus,</strong></span> <span class='ocrx_word' id='word_1_227' title='bbox 1688 2823 1706 2853; x_wconf 73' lang='grc' dir='ltr'><strong>ι</strong></span> 
     </span>
    </p>
   </div>
   <div class='ocr_carea' id='block_1_31' title="bbox 134 2895 1714 2968">
    <p class='ocr_par' dir='ltr' id='par_1_31' title="bbox 134 2895 1714 2968">
     <span class='ocr_line' id='line_1_31' title="bbox 134 2895 1714 2968; baseline -0.01 -5"><span class='ocrx_word' id='word_1_228' title='bbox 134 2911 243 2965; x_wconf 85' lang='lat' dir='ltr'><strong>hoc</strong></span> <span class='ocrx_word' id='word_1_229' title='bbox 271 2918 361 2963; x_wconf 90' lang='lat' dir='ltr'><strong>est</strong></span> <span class='ocrx_word' id='word_1_230' title='bbox 387 2907 792 2962; x_wconf 86' lang='lat' dir='ltr'><strong>conﬁrmamus.</strong></span> <span class='ocrx_word' id='word_1_231' title='bbox 826 2901 930 2956; x_wconf 87' lang='lat' dir='ltr'><strong>Sed</strong></span> <span class='ocrx_word' id='word_1_232' title='bbox 955 2915 1130 2968; x_wconf 77' lang='lat' dir='ltr'><strong>Opera:</strong></span> <span class='ocrx_word' id='word_1_233' title='bbox 1166 2896 1401 2966; x_wconf 89' lang='lat' dir='ltr'><strong>pretium</strong></span> <span class='ocrx_word' id='word_1_234' title='bbox 1427 2905 1508 2950; x_wconf 89' lang='lat' dir='ltr'><strong>est</strong></span> <span class='ocrx_word' id='word_1_235' title='bbox 1535 2895 1714 2948; x_wconf 88' lang='lat' dir='ltr'><strong>videre</strong></span> 
     </span>
    </p>
   </div>
   <div class='ocr_carea' id='block_1_32' title="bbox 136 2986 1712 3069">
    <p class='ocr_par' dir='ltr' id='par_1_32' title="bbox 136 2986 1712 3069">
     <span class='ocr_line' id='line_1_32' title="bbox 136 2986 1712 3069; baseline -0.011 -14"><span class='ocrx_word' id='word_1_236' title='bbox 136 3001 418 3069; x_wconf 82' lang='lat' dir='ltr'><strong>quomodo</strong></span> <span class='ocrx_word' id='word_1_237' title='bbox 460 2999 629 3067; x_wconf 86' lang='lat' dir='ltr'><strong>legem</strong></span> <span class='ocrx_word' id='word_1_238' title='bbox 671 3011 729 3049; x_wconf 89' lang='lat' dir='ltr'><strong>se</strong></span> <span class='ocrx_word' id='word_1_239' title='bbox 783 2992 1110 3048; x_wconf 84' lang='lat' dir='ltr'><strong>conﬁrmare</strong></span> <span class='ocrx_word' id='word_1_240' title='bbox 1156 2989 1488 3060; x_wconf 88' lang='lat' dir='ltr'><strong>pronuntiet,</strong></span> <span class='ocrx_word' id='word_1_241' title='bbox 1518 2986 1610 3056; x_wconf 88' lang='lat' dir='ltr'><strong>qui</strong></span> <span class='ocrx_word' id='word_1_242' title='bbox 1660 2986 1712 3038; x_wconf 92' lang='lat' dir='ltr'><strong>iu</strong></span> 
     </span>
    </p>
   </div>
   <div class='ocr_carea' id='block_1_33' title="bbox 1793 486 3362 558">
    <p class='ocr_par' dir='ltr' id='par_1_33' title="bbox 1793 486 3362 558">
     <span class='ocr_line' id='line_1_33' title="bbox 1793 486 3362 558; baseline -0.003 -14"><span class='ocrx_word' id='word_1_243' title='bbox 1793 492 2007 544; x_wconf 87' lang='lat' dir='ltr'><strong>videtur</strong></span> <span class='ocrx_word' id='word_1_244' title='bbox 2032 490 2283 557; x_wconf 86' lang='lat' dir='ltr'><strong>objectlo,</strong></span> <span class='ocrx_word' id='word_1_245' title='bbox 2309 504 2471 558; x_wconf 85' lang='lat' dir='ltr'><strong>quam</strong></span> <span class='ocrx_word' id='word_1_246' title='bbox 2499 486 2876 558; x_wconf 84' lang='lat' dir='ltr'><strong>proferrequis</strong></span> <span class='ocrx_word' id='word_1_247' title='bbox 2899 494 3160 555; x_wconf 89' lang='lat' dir='ltr'><strong>potest,et</strong></span> <span class='ocrx_word' id='word_1_248' title='bbox 3181 487 3362 540; x_wconf 88' lang='lat' dir='ltr'><strong>dicere</strong></span> 
     </span>
    </p>
   </div>
   <div class='ocr_carea' id='block_1_34' title="bbox 1794 577 3358 652">
    <p class='ocr_par' dir='ltr' id='par_1_34' title="bbox 1794 577 3358 652">
     <span class='ocr_line' id='line_1_34' title="bbox 1794 577 3358 652; baseline -0.003 -17"><span class='ocrx_word' id='word_1_249' title='bbox 1794 583 1936 652; x_wconf 82' lang='lat' dir='ltr'><strong>quod</strong></span> <span class='ocrx_word' id='word_1_250' title='bbox 1982 583 2257 636; x_wconf 88' lang='lat' dir='ltr'><strong>contraria</strong></span> <span class='ocrx_word' id='word_1_251' title='bbox 2305 581 2408 636; x_wconf 91' lang='lat' dir='ltr'><strong>sibi</strong></span> <span class='ocrx_word' id='word_1_252' title='bbox 2466 580 2714 635; x_wconf 88' lang='lat' dir='ltr'><strong>scribere</strong></span> <span class='ocrx_word' id='word_1_253' title='bbox 2760 578 3010 632; x_wconf 86' lang='lat' dir='ltr'><strong>videatur</strong></span> <span class='ocrx_word' id='word_1_254' title='bbox 3051 577 3358 646; x_wconf 75' lang='lat' dir='ltr'><strong>Apostolus,</strong></span> 
     </span>
    </p>
   </div>
   <div class='ocr_carea' id='block_1_35' title="bbox 1795 667 3361 743">
    <p class='ocr_par' dir='ltr' id='par_1_35' title="bbox 1795 667 3361 743">
     <span class='ocr_line' id='line_1_35' title="bbox 1795 667 3361 743; baseline -0.006 -14"><span class='ocrx_word' id='word_1_255' title='bbox 1795 691 1917 730; x_wconf 92' lang='lat' dir='ltr'><strong>cum</strong></span> <span class='ocrx_word' id='word_1_256' title='bbox 1958 675 2012 728; x_wconf 89' lang='lat' dir='ltr'><strong>in</strong></span> <span class='ocrx_word' id='word_1_257' title='bbox 2059 673 2312 743; x_wconf 63' lang='lat' dir='ltr'><strong>praesenti</strong></span> <span class='ocrx_word' id='word_1_258' title='bbox 2345 673 2561 740; x_wconf 86' lang='lat' dir='ltr'><strong>quidem</strong></span> <span class='ocrx_word' id='word_1_259' title='bbox 2597 671 2718 725; x_wconf 92' lang='lat' dir='ltr'><strong>loco</strong></span> <span class='ocrx_word' id='word_1_260' title='bbox 2747 669 2878 724; x_wconf 84' lang='lat' dir='ltr'><strong>dicit</strong></span> <span class='ocrx_word' id='word_1_261' title='bbox 2907 684 3012 722; x_wconf 89' lang='lat' dir='ltr'><strong>non</strong></span> <span class='ocrx_word' id='word_1_262' title='bbox 3045 667 3247 722; x_wconf 87' lang='lat' dir='ltr'><strong>destrui</strong></span> <span class='ocrx_word' id='word_1_263' title='bbox 3281 667 3361 720; x_wconf 78' lang='lat' dir='ltr'><strong>le-</strong></span> 
     </span>
    </p>
   </div>
   <div class='ocr_carea' id='block_1_36' title="bbox 1795 760 3360 838">
    <p class='ocr_par' dir='ltr' id='par_1_36' title="bbox 1795 760 3360 838">
     <span class='ocr_line' id='line_1_36' title="bbox 1795 760 3360 838; baseline -0.007 -15"><span class='ocrx_word' id='word_1_264' title='bbox 1795 784 1934 838; x_wconf 86' lang='lat' dir='ltr'><strong>gem,</strong></span> <span class='ocrx_word' id='word_1_265' title='bbox 1970 775 2060 823; x_wconf 89' lang='lat' dir='ltr'><strong>sed</strong></span> <span class='ocrx_word' id='word_1_266' title='bbox 2087 768 2396 821; x_wconf 89' lang='lat' dir='ltr'><strong>conﬁrmari</strong></span> <span class='ocrx_word' id='word_1_267' title='bbox 2438 764 2579 836; x_wconf 74' lang='lat'><strong>(&#39;17);</strong></span> <span class='ocrx_word' id='word_1_268' title='bbox 2614 765 2668 817; x_wconf 91' lang='lat' dir='ltr'><strong>in</strong></span> <span class='ocrx_word' id='word_1_269' title='bbox 2703 762 2938 816; x_wconf 84' lang='lat' dir='ltr'><strong>secunda</strong></span> <span class='ocrx_word' id='word_1_270' title='bbox 2980 775 3115 815; x_wconf 89' lang='lat' dir='ltr'><strong>vero</strong></span> <span class='ocrx_word' id='word_1_271' title='bbox 3146 761 3214 814; x_wconf 89' lang='lat' dir='ltr'><strong>ad</strong></span> <span class='ocrx_word' id='word_1_272' title='bbox 3258 760 3360 814; x_wconf 89' lang='lat' dir='ltr'><strong>Cn-</strong></span> 
     </span>
    </p>
   </div>
   <div class='ocr_carea' id='block_1_37' title="bbox 1797 851 3362 924">
    <p class='ocr_par' dir='ltr' id='par_1_37' title="bbox 1797 851 3362 924">
     <span class='ocr_line' id='line_1_37' title="bbox 1797 851 3362 924; baseline -0.006 -10"><span class='ocrx_word' id='word_1_273' title='bbox 1797 862 2024 915; x_wconf 91' lang='lat' dir='ltr'><strong>rinthios</strong></span> <span class='ocrx_word' id='word_1_274' title='bbox 2071 861 2145 914; x_wconf 90' lang='lat' dir='ltr'><strong>ita</strong></span> <span class='ocrx_word' id='word_1_275' title='bbox 2202 859 2389 914; x_wconf 88' lang='lat' dir='ltr'><strong>scribit</strong></span> <span class='ocrx_word' id='word_1_276' title='bbox 2419 877 2431 912; x_wconf 90' lang='lat'><strong>:</strong></span> <span class='ocrx_word' id='word_1_277' title='bbox 2469 857 2662 924; x_wconf 67' lang='lat' dir='ltr'><strong>«Quod</strong></span> <span class='ocrx_word' id='word_1_278' title='bbox 2695 856 2738 910; x_wconf 91' lang='lat' dir='ltr'><strong>si</strong></span> <span class='ocrx_word' id='word_1_279' title='bbox 2776 853 3137 907; x_wconf 86' lang='lat' dir='ltr'><strong>ministerium</strong></span> <span class='ocrx_word' id='word_1_280' title='bbox 3171 851 3362 905; x_wconf 84' lang='lat' dir='ltr'><strong>mortis</strong></span> 
     </span>
    </p>
   </div>
   <div class='ocr_carea' id='block_1_38' title="bbox 1799 941 3360 1016">
    <p class='ocr_par' dir='ltr' id='par_1_38' title="bbox 1799 941 3360 1016">
     <span class='ocr_line' id='line_1_38' title="bbox 1799 941 3360 1016; baseline -0.009 -10"><span class='ocrx_word' id='word_1_281' title='bbox 1799 953 1850 1006; x_wconf 93' lang='lat' dir='ltr'><strong>in</strong></span> <span class='ocrx_word' id='word_1_282' title='bbox 1904 952 2102 1005; x_wconf 87' lang='lat' dir='ltr'><strong>litteris</strong></span> <span class='ocrx_word' id='word_1_283' title='bbox 2151 951 2443 1005; x_wconf 87' lang='lat' dir='ltr'><strong>formatum</strong></span> <span class='ocrx_word' id='word_1_284' title='bbox 2494 949 2545 1001; x_wconf 94' lang='lat' dir='ltr'><strong>in</strong></span> <span class='ocrx_word' id='word_1_285' title='bbox 2587 946 2890 1016; x_wconf 88' lang='lat' dir='ltr'><strong>lapidibus,</strong></span> <span class='ocrx_word' id='word_1_286' title='bbox 2928 943 3126 995; x_wconf 86' lang='lat' dir='ltr'><strong>factum</strong></span> <span class='ocrx_word' id='word_1_287' title='bbox 3181 953 3265 994; x_wconf 91' lang='lat' dir='ltr'><strong>est</strong></span> <span class='ocrx_word' id='word_1_288' title='bbox 3309 941 3360 992; x_wconf 93' lang='lat' dir='ltr'><strong>in</strong></span> 
     </span>
    </p>
   </div>
   <div class='ocr_carea' id='block_1_39' title="bbox 1798 1033 3359 1115">
    <p class='ocr_par' dir='ltr' id='par_1_39' title="bbox 1798 1033 3359 1115">
     <span class='ocr_line' id='line_1_39' title="bbox 1798 1033 3359 1115; baseline -0.008 -19"><span class='ocrx_word' id='word_1_289' title='bbox 1798 1045 1988 1115; x_wconf 86' lang='lat' dir='ltr'><strong>gloria,</strong></span> <span class='ocrx_word' id='word_1_290' title='bbox 2035 1045 2106 1096; x_wconf 90' lang='lat' dir='ltr'><strong>ita</strong></span> <span class='ocrx_word' id='word_1_291' title='bbox 2143 1052 2203 1096; x_wconf 92' lang='lat' dir='ltr'><strong>ut</strong></span> <span class='ocrx_word' id='word_1_292' title='bbox 2238 1057 2346 1096; x_wconf 92' lang='lat' dir='ltr'><strong>non</strong></span> <span class='ocrx_word' id='word_1_293' title='bbox 2382 1049 2604 1109; x_wconf 89' lang='lat' dir='ltr'><strong>possent</strong></span> <span class='ocrx_word' id='word_1_294' title='bbox 2641 1037 2922 1092; x_wconf 82' lang='lat' dir='ltr'><strong>intendere</strong></span> <span class='ocrx_word' id='word_1_295' title='bbox 2969 1035 3060 1087; x_wconf 89' lang='lat' dir='ltr'><strong>ﬁlii</strong></span> <span class='ocrx_word' id='word_1_296' title='bbox 3106 1033 3272 1087; x_wconf 82' lang='lat' dir='ltr'><strong>Israel</strong></span> <span class='ocrx_word' id='word_1_297' title='bbox 3307 1033 3359 1085; x_wconf 90' lang='lat' dir='ltr'><strong>in</strong></span> 
     </span>
    </p>
   </div>
   <div class='ocr_carea' id='block_1_40' title="bbox 1801 1119 3362 1207">
    <p class='ocr_par' dir='ltr' id='par_1_40' title="bbox 1801 1119 3362 1207">
     <span class='ocr_line' id='line_1_40' title="bbox 1801 1119 3362 1207; baseline -0.008 -16"><span class='ocrx_word' id='word_1_298' title='bbox 1801 1139 1990 1193; x_wconf 84' lang='lat' dir='ltr'><strong>faciem</strong></span> <span class='ocrx_word' id='word_1_299' title='bbox 2031 1137 2196 1207; x_wconf 83' lang='lat' dir='ltr'><strong>Moysi</strong></span> <span class='ocrx_word' id='word_1_300' title='bbox 2240 1119 2459 1204; x_wconf 78' lang='lat' dir='ltr'><strong>propter</strong></span> <span class='ocrx_word' id='word_1_301' title='bbox 2492 1133 2720 1203; x_wconf 88' lang='lat' dir='ltr'><strong>gloriam</strong></span> <span class='ocrx_word' id='word_1_302' title='bbox 2752 1131 2932 1183; x_wconf 87' lang='lat' dir='ltr'><strong>vultus</strong></span> <span class='ocrx_word' id='word_1_303' title='bbox 2973 1128 3090 1194; x_wconf 81' lang='lat' dir='ltr'><strong>ejus</strong></span> <span class='ocrx_word' id='word_1_304' title='bbox 3121 1142 3244 1196; x_wconf 72' lang='lat' dir='ltr'><strong>qua:</strong></span> <span class='ocrx_word' id='word_1_305' title='bbox 3266 1126 3362 1180; x_wconf 89' lang='lat' dir='ltr'><strong>de-</strong></span> 
     </span>
    </p>
   </div>
   <div class='ocr_carea' id='block_1_41' title="bbox 1800 1216 3367 1296">
    <p class='ocr_par' dir='ltr' id='par_1_41' title="bbox 1800 1216 3367 1296">
     <span class='ocr_line' id='line_1_41' title="bbox 1800 1216 3367 1296; baseline -0.01 -13"><span class='ocrx_word' id='word_1_306' title='bbox 1800 1230 2048 1292; x_wconf 89' lang='lat' dir='ltr'><strong>struitur,</strong></span> <span class='ocrx_word' id='word_1_307' title='bbox 2081 1223 2350 1296; x_wconf 89' lang='lat' dir='ltr'><strong>quomodo</strong></span> <span class='ocrx_word' id='word_1_308' title='bbox 2379 1239 2484 1277; x_wconf 87' lang='lat' dir='ltr'><strong>non</strong></span> <span class='ocrx_word' id='word_1_309' title='bbox 2535 1221 2704 1290; x_wconf 85' lang='lat' dir='ltr'><strong>magis</strong></span> <span class='ocrx_word' id='word_1_310' title='bbox 2740 1219 3097 1273; x_wconf 77' lang='lat' dir='ltr'><strong>ministerium</strong></span> <span class='ocrx_word' id='word_1_311' title='bbox 3133 1216 3367 1284; x_wconf 86' lang='lat' dir='ltr'><strong>Spiritus</strong></span> 
     </span>
    </p>
   </div>
   <div class='ocr_carea' id='block_1_42' title="bbox 1799 1309 3365 1389">
    <p class='ocr_par' dir='ltr' id='par_1_42' title="bbox 1799 1309 3365 1389">
     <span class='ocr_line' id='line_1_42' title="bbox 1799 1309 3365 1389; baseline -0.01 -14"><span class='ocrx_word' id='word_1_312' title='bbox 1799 1321 1906 1375; x_wconf 91' lang='lat' dir='ltr'><strong>erit</strong></span> <span class='ocrx_word' id='word_1_313' title='bbox 1954 1321 2006 1373; x_wconf 92' lang='lat' dir='ltr'><strong>in</strong></span> <span class='ocrx_word' id='word_1_314' title='bbox 2053 1319 2217 1389; x_wconf 82' lang='lat' dir='ltr'><strong>gloria</strong></span> <span class='ocrx_word' id='word_1_315' title='bbox 2250 1318 2332 1371; x_wconf 71' lang='lat'><strong>&quot;‘1</strong></span> <span class='ocrx_word' id='word_1_316' title='bbox 2360 1336 2378 1369; x_wconf 73' lang='grc' dir='ltr'><strong>ι</strong></span> <span class='ocrx_word' id='word_1_317' title='bbox 2421 1315 2484 1370; x_wconf 88' lang='lat' dir='ltr'><strong>Et</strong></span> <span class='ocrx_word' id='word_1_318' title='bbox 2509 1315 2672 1384; x_wconf 88' lang='lat' dir='ltr'><strong>paulo</strong></span> <span class='ocrx_word' id='word_1_319' title='bbox 2719 1323 2879 1383; x_wconf 87' lang='lat' dir='ltr'><strong>post:</strong></span> <span class='ocrx_word' id='word_1_320' title='bbox 2919 1332 2935 1363; x_wconf 76' lang='grc' dir='ltr'><strong>ε</strong></span> <span class='ocrx_word' id='word_1_321' title='bbox 2965 1312 3022 1365; x_wconf 88' lang='lat' dir='ltr'><strong>Si</strong></span> <span class='ocrx_word' id='word_1_322' title='bbox 3054 1311 3198 1363; x_wconf 89' lang='lat' dir='ltr'><strong>enim</strong></span> <span class='ocrx_word' id='word_1_323' title='bbox 3221 1309 3365 1376; x_wconf 89' lang='lat' dir='ltr'><strong>quod</strong></span> 
     </span>
    </p>
   </div>
   <div class='ocr_carea' id='block_1_43' title="bbox 1801 1402 3369 1480">
    <p class='ocr_par' dir='ltr' id='par_1_43' title="bbox 1801 1402 3369 1480">
     <span class='ocr_line' id='line_1_43' title="bbox 1801 1402 3369 1480; baseline -0.01 -14"><span class='ocrx_word' id='word_1_324' title='bbox 1801 1412 2122 1474; x_wconf 89' lang='lat' dir='ltr'><strong>destruitur,</strong></span> <span class='ocrx_word' id='word_1_325' title='bbox 2152 1426 2246 1480; x_wconf 83' lang='lat' dir='ltr'><strong>per</strong></span> <span class='ocrx_word' id='word_1_326' title='bbox 2283 1410 2508 1479; x_wconf 86' lang='lat' dir='ltr'><strong>gloriam</strong></span> <span class='ocrx_word' id='word_1_327' title='bbox 2537 1420 2657 1472; x_wconf 88' lang='lat' dir='ltr'><strong>est;</strong></span> <span class='ocrx_word' id='word_1_328' title='bbox 2689 1406 2857 1458; x_wconf 89' lang='lat' dir='ltr'><strong>multo</strong></span> <span class='ocrx_word' id='word_1_329' title='bbox 2887 1403 3058 1472; x_wconf 82' lang='lat' dir='ltr'><strong>magis</strong></span> <span class='ocrx_word' id='word_1_330' title='bbox 3079 1402 3222 1471; x_wconf 89' lang='lat' dir='ltr'><strong>quod</strong></span> <span class='ocrx_word' id='word_1_331' title='bbox 3255 1414 3369 1452; x_wconf 90' lang='lat' dir='ltr'><strong>ma-</strong></span> 
     </span>
    </p>
   </div>
   <div class='ocr_carea' id='block_1_44' title="bbox 1804 1490 3364 1572">
    <p class='ocr_par' dir='ltr' id='par_1_44' title="bbox 1804 1490 3364 1572">
     <span class='ocr_line' id='line_1_44' title="bbox 1804 1490 3364 1572; baseline -0.011 -14"><span class='ocrx_word' id='word_1_332' title='bbox 1804 1513 1911 1565; x_wconf 89' lang='lat' dir='ltr'><strong>net,</strong></span> <span class='ocrx_word' id='word_1_333' title='bbox 1954 1503 2004 1554; x_wconf 90' lang='lat' dir='ltr'><strong>in</strong></span> <span class='ocrx_word' id='word_1_334' title='bbox 2040 1502 2210 1572; x_wconf 86' lang='lat' dir='ltr'><strong>gloria</strong></span> <span class='ocrx_word' id='word_1_335' title='bbox 2238 1501 2399 1554; x_wconf 72' lang='lat' dir='ltr'><strong>est”.</strong></span> <span class='ocrx_word' id='word_1_336' title='bbox 2437 1519 2456 1550; x_wconf 72' lang='grc' dir='ltr'><strong>ι</strong></span> <span class='ocrx_word' id='word_1_337' title='bbox 2495 1499 2610 1552; x_wconf 90' lang='lat' dir='ltr'><strong>Diei</strong></span> <span class='ocrx_word' id='word_1_338' title='bbox 2647 1512 2777 1565; x_wconf 88' lang='lat' dir='ltr'><strong>ergo</strong></span> <span class='ocrx_word' id='word_1_339' title='bbox 2813 1504 2992 1562; x_wconf 90' lang='lat' dir='ltr'><strong>potest</strong></span> <span class='ocrx_word' id='word_1_340' title='bbox 3028 1494 3157 1563; x_wconf 87' lang='lat' dir='ltr'><strong>quia</strong></span> <span class='ocrx_word' id='word_1_341' title='bbox 3193 1490 3364 1560; x_wconf 85' lang='lat' dir='ltr'><strong>gloria</strong></span> 
     </span>
    </p>
   </div>
   <div class='ocr_carea' id='block_1_45' title="bbox 1803 1582 3366 1664">
    <p class='ocr_par' dir='ltr' id='par_1_45' title="bbox 1803 1582 3366 1664">
     <span class='ocr_line' id='line_1_45' title="bbox 1803 1582 3366 1664; baseline -0.01 -16"><span class='ocrx_word' id='word_1_342' title='bbox 1803 1595 1985 1649; x_wconf 87' lang='lat' dir='ltr'><strong>vultus</strong></span> <span class='ocrx_word' id='word_1_343' title='bbox 2008 1594 2174 1664; x_wconf 85' lang='lat' dir='ltr'><strong>Moysi</strong></span> <span class='ocrx_word' id='word_1_344' title='bbox 2205 1609 2322 1663; x_wconf 84' lang='lat' dir='ltr'><strong>quae</strong></span> <span class='ocrx_word' id='word_1_345' title='bbox 2345 1591 2664 1655; x_wconf 86' lang='lat' dir='ltr'><strong>dcstruitur,</strong></span> <span class='ocrx_word' id='word_1_346' title='bbox 2695 1601 2747 1644; x_wconf 90' lang='lat' dir='ltr'><strong>et</strong></span> <span class='ocrx_word' id='word_1_347' title='bbox 2779 1590 2878 1642; x_wconf 91' lang='lat' dir='ltr'><strong>hoc</strong></span> <span class='ocrx_word' id='word_1_348' title='bbox 2900 1587 3041 1655; x_wconf 91' lang='lat' dir='ltr'><strong>quod</strong></span> <span class='ocrx_word' id='word_1_349' title='bbox 3066 1585 3197 1638; x_wconf 91' lang='lat' dir='ltr'><strong>dicit</strong></span> <span class='ocrx_word' id='word_1_350' title='bbox 3226 1598 3239 1633; x_wconf 94' lang='lat'><strong>:</strong></span> <span class='ocrx_word' id='word_1_351' title='bbox 3265 1601 3283 1632; x_wconf 74' lang='grc' dir='ltr'><strong>ι</strong></span> <span class='ocrx_word' id='word_1_352' title='bbox 3311 1582 3366 1634; x_wconf 89' lang='lat' dir='ltr'><strong>Si</strong></span> 
     </span>
    </p>
   </div>
   <div class='ocr_carea' id='block_1_46' title="bbox 1804 1673 3369 1754">
    <p class='ocr_par' dir='ltr' id='par_1_46' title="bbox 1804 1673 3369 1754">
     <span class='ocr_line' id='line_1_46' title="bbox 1804 1673 3369 1754; baseline -0.011 -14"><span class='ocrx_word' id='word_1_353' title='bbox 1804 1686 2103 1754; x_wconf 89' lang='lat' dir='ltr'><strong>enimquod</strong></span> <span class='ocrx_word' id='word_1_354' title='bbox 2131 1683 2452 1744; x_wconf 79' lang='lat' dir='ltr'><strong>destruitur.</strong></span> <span class='ocrx_word' id='word_1_355' title='bbox 2470 1695 2564 1750; x_wconf 90' lang='lat' dir='ltr'><strong>per</strong></span> <span class='ocrx_word' id='word_1_356' title='bbox 2589 1679 2814 1749; x_wconf 88' lang='lat' dir='ltr'><strong>gloriam</strong></span> <span class='ocrx_word' id='word_1_357' title='bbox 2850 1686 2951 1740; x_wconf 86' lang='lat' dir='ltr'><strong>est,</strong></span> <span class='ocrx_word' id='word_1_358' title='bbox 2985 1696 3004 1727; x_wconf 75' lang='grc' dir='ltr'><strong>ι</strong></span> <span class='ocrx_word' id='word_1_359' title='bbox 3034 1673 3369 1729; x_wconf 86' lang='lat' dir='ltr'><strong>contrariqu</strong></span> 
     </span>
    </p>
   </div>
   <div class='ocr_carea' id='block_1_47' title="bbox 1807 1767 3368 1841">
    <p class='ocr_par' dir='ltr' id='par_1_47' title="bbox 1807 1767 3368 1841">
     <span class='ocr_line' id='line_1_47' title="bbox 1807 1767 3368 1841; baseline -0.008 -10"><span class='ocrx_word' id='word_1_360' title='bbox 1807 1778 1976 1833; x_wconf 90' lang='lat' dir='ltr'><strong>videri</strong></span> <span class='ocrx_word' id='word_1_361' title='bbox 2008 1778 2135 1831; x_wconf 91' lang='lat' dir='ltr'><strong>huic</strong></span> <span class='ocrx_word' id='word_1_362' title='bbox 2165 1776 2447 1830; x_wconf 70' lang='lat' dir='ltr'><strong>sententia:</strong></span> <span class='ocrx_word' id='word_1_363' title='bbox 2479 1788 2582 1841; x_wconf 92' lang='lat' dir='ltr'><strong>qua</strong></span> <span class='ocrx_word' id='word_1_364' title='bbox 2617 1771 2962 1838; x_wconf 81' lang='lat' dir='ltr'><strong>pronuntiat:</strong></span> <span class='ocrx_word' id='word_1_365' title='bbox 2989 1768 3106 1823; x_wconf 86' lang='lat' dir='ltr'><strong>Non</strong></span> <span class='ocrx_word' id='word_1_366' title='bbox 3131 1767 3368 1821; x_wconf 90' lang='lat' dir='ltr'><strong>destrui-</strong></span> 
     </span>
    </p>
   </div>
   <div class='ocr_carea' id='block_1_48' title="bbox 1807 1860 3366 1938">
    <p class='ocr_par' dir='ltr' id='par_1_48' title="bbox 1807 1860 3366 1938">
     <span class='ocr_line' id='line_1_48' title="bbox 1807 1860 3366 1938; baseline -0.008 -15"><span class='ocrx_word' id='word_1_367' title='bbox 1807 1885 1923 1923; x_wconf 88' lang='lat' dir='ltr'><strong>mus</strong></span> <span class='ocrx_word' id='word_1_368' title='bbox 1972 1868 2144 1938; x_wconf 84' lang='lat' dir='ltr'><strong>legem</strong></span> <span class='ocrx_word' id='word_1_369' title='bbox 2184 1883 2280 1937; x_wconf 88' lang='lat' dir='ltr'><strong>per</strong></span> <span class='ocrx_word' id='word_1_370' title='bbox 2331 1867 2511 1930; x_wconf 90' lang='lat' dir='ltr'><strong>ﬁdem,</strong></span> <span class='ocrx_word' id='word_1_371' title='bbox 2550 1866 2644 1918; x_wconf 83' lang='lat' dir='ltr'><strong>sed</strong></span> <span class='ocrx_word' id='word_1_372' title='bbox 2674 1862 2959 1919; x_wconf 90' lang='lat' dir='ltr'><strong>statuimus</strong></span> <span class='ocrx_word' id='word_1_373' title='bbox 2987 1870 3042 1916; x_wconf 90' lang='lat' dir='ltr'><strong>et</strong></span> <span class='ocrx_word' id='word_1_374' title='bbox 3071 1860 3366 1914; x_wconf 87' lang='lat' dir='ltr'><strong>conﬁrma-</strong></span> 
     </span>
    </p>
   </div>
   <div class='ocr_carea' id='block_1_49' title="bbox 1809 1950 3372 2024">
    <p class='ocr_par' dir='ltr' id='par_1_49' title="bbox 1809 1950 3372 2024">
     <span class='ocr_line' id='line_1_49' title="bbox 1809 1950 3372 2024; baseline -0.008 -10"><span class='ocrx_word' id='word_1_375' title='bbox 1809 1976 1927 2014; x_wconf 89' lang='lat' dir='ltr'><strong>mus</strong></span> <span class='ocrx_word' id='word_1_376' title='bbox 1947 1959 2012 2014; x_wconf 75' lang='grc'><strong>³⁸.</strong></span> <span class='ocrx_word' id='word_1_377' title='bbox 2042 1959 2146 2012; x_wconf 87' lang='lat' dir='ltr'><strong>Sed</strong></span> <span class='ocrx_word' id='word_1_378' title='bbox 2183 1958 2305 2010; x_wconf 89' lang='lat' dir='ltr'><strong>vide</strong></span> <span class='ocrx_word' id='word_1_379' title='bbox 2351 1957 2394 2010; x_wconf 92' lang='lat' dir='ltr'><strong>si</strong></span> <span class='ocrx_word' id='word_1_380' title='bbox 2431 1956 2702 2024; x_wconf 90' lang='lat' dir='ltr'><strong>possimus</strong></span> <span class='ocrx_word' id='word_1_381' title='bbox 2726 1952 2838 2024; x_wconf 87' lang='grc'>(18)</span> <span class='ocrx_word' id='word_1_382' title='bbox 2874 1954 2976 2007; x_wconf 90' lang='lat' dir='ltr'><strong>hoc</strong></span> <span class='ocrx_word' id='word_1_383' title='bbox 3025 1950 3186 2005; x_wconf 89' lang='lat' dir='ltr'><strong>modo</strong></span> <span class='ocrx_word' id='word_1_384' title='bbox 3229 1951 3372 2018; x_wconf 90' lang='lat' dir='ltr'><strong>quod</strong></span> 
     </span>
    </p>
   </div>
   <div class='ocr_carea' id='block_1_50' title="bbox 1808 2039 3365 2110">
    <p class='ocr_par' dir='ltr' id='par_1_50' title="bbox 1808 2039 3365 2110">
     <span class='ocr_line' id='line_1_50' title="bbox 1808 2039 3365 2110; baseline -0.006 -8"><span class='ocrx_word' id='word_1_385' title='bbox 1808 2051 2109 2103; x_wconf 89' lang='lat' dir='ltr'><strong>intentatur</strong></span> <span class='ocrx_word' id='word_1_386' title='bbox 2137 2046 2438 2100; x_wconf 88' lang='lat' dir='ltr'><strong>absolvere.</strong></span> <span class='ocrx_word' id='word_1_387' title='bbox 2460 2044 2575 2099; x_wconf 82' lang='lat' dir='ltr'><strong>Non</strong></span> <span class='ocrx_word' id='word_1_388' title='bbox 2606 2052 2689 2096; x_wconf 91' lang='lat' dir='ltr'><strong>est</strong></span> <span class='ocrx_word' id='word_1_389' title='bbox 2716 2043 2858 2096; x_wconf 89' lang='lat' dir='ltr'><strong>idem</strong></span> <span class='ocrx_word' id='word_1_390' title='bbox 2889 2043 3032 2110; x_wconf 88' lang='lat' dir='ltr'><strong>quod</strong></span> <span class='ocrx_word' id='word_1_391' title='bbox 3063 2041 3201 2094; x_wconf 92' lang='lat' dir='ltr'><strong>dixit</strong></span> <span class='ocrx_word' id='word_1_392' title='bbox 3231 2039 3365 2108; x_wconf 82' lang='grc'>(19)·</span> 
     </span>
    </p>
   </div>
   <div class='ocr_carea' id='block_1_51' title="bbox 1814 2129 3374 2208">
    <p class='ocr_par' dir='ltr' id='par_1_51' title="bbox 1814 2129 3374 2208">
     <span class='ocr_line' id='line_1_51' title="bbox 1814 2129 3374 2208; baseline -0.006 -16"><span class='ocrx_word' id='word_1_393' title='bbox 1814 2161 1831 2192; x_wconf 79' lang='grc' dir='ltr'><strong>ι</strong></span> <span class='ocrx_word' id='word_1_394' title='bbox 1859 2140 2056 2208; x_wconf 85' lang='lat' dir='ltr'><strong>Legem</strong></span> <span class='ocrx_word' id='word_1_395' title='bbox 2109 2137 2460 2200; x_wconf 90' lang='lat' dir='ltr'><strong>destruimus,</strong></span> <span class='ocrx_word' id='word_1_396' title='bbox 2491 2155 2510 2187; x_wconf 75' lang='grc' dir='ltr'><strong>ι</strong></span> <span class='ocrx_word' id='word_1_397' title='bbox 2567 2144 2642 2198; x_wconf 80' lang='lat' dir='ltr'><strong>et,</strong></span> <span class='ocrx_word' id='word_1_398' title='bbox 2690 2134 2777 2186; x_wconf 84' lang='lat' dir='ltr'><strong>lex</strong></span> <span class='ocrx_word' id='word_1_399' title='bbox 2825 2133 3139 2186; x_wconf 83' lang='lat' dir='ltr'><strong>destruitur.</strong></span> <span class='ocrx_word' id='word_1_400' title='bbox 3181 2129 3374 2183; x_wconf 86' lang='lat' dir='ltr'><strong>Paulus</strong></span> 
     </span>
    </p>
   </div>
   <div class='ocr_carea' id='block_1_52' title="bbox 1810 2221 3371 2302">
    <p class='ocr_par' dir='ltr' id='par_1_52' title="bbox 1810 2221 3371 2302">
     <span class='ocr_line' id='line_1_52' title="bbox 1810 2221 3371 2302; baseline -0.008 -17"><span class='ocrx_word' id='word_1_401' title='bbox 1810 2248 1941 2302; x_wconf 90' lang='lat' dir='ltr'><strong>ergo</strong></span> <span class='ocrx_word' id='word_1_402' title='bbox 1978 2232 2032 2284; x_wconf 92' lang='lat' dir='ltr'><strong>in</strong></span> <span class='ocrx_word' id='word_1_403' title='bbox 2063 2229 2316 2300; x_wconf 67' lang='lat' dir='ltr'><strong>prteseuti</strong></span> <span class='ocrx_word' id='word_1_404' title='bbox 2369 2227 2488 2282; x_wconf 89' lang='lat' dir='ltr'><strong>loco</strong></span> <span class='ocrx_word' id='word_1_405' title='bbox 2527 2228 2630 2280; x_wconf 92' lang='lat' dir='ltr'><strong>hoc</strong></span> <span class='ocrx_word' id='word_1_406' title='bbox 2663 2225 3001 2294; x_wconf 91' lang='lat' dir='ltr'><strong>pronuntiat,</strong></span> <span class='ocrx_word' id='word_1_407' title='bbox 3026 2225 3167 2292; x_wconf 89' lang='lat' dir='ltr'><strong>quod</strong></span> <span class='ocrx_word' id='word_1_408' title='bbox 3201 2221 3371 2292; x_wconf 90' lang='lat' dir='ltr'><strong>legem</strong></span> 
     </span>
    </p>
   </div>
   <div class='ocr_carea' id='block_1_53' title="bbox 1812 2315 3375 2396">
    <p class='ocr_par' dir='ltr' id='par_1_53' title="bbox 1812 2315 3375 2396">
     <span class='ocr_line' id='line_1_53' title="bbox 1812 2315 3375 2396; baseline -0.01 -16"><span class='ocrx_word' id='word_1_409' title='bbox 1812 2328 1923 2396; x_wconf 92' lang='lat' dir='ltr'><strong>ipse</strong></span> <span class='ocrx_word' id='word_1_410' title='bbox 1957 2339 2062 2379; x_wconf 91' lang='lat' dir='ltr'><strong>non</strong></span> <span class='ocrx_word' id='word_1_411' title='bbox 2087 2324 2350 2378; x_wconf 88' lang='lat' dir='ltr'><strong>destruat.</strong></span> <span class='ocrx_word' id='word_1_412' title='bbox 2372 2320 2504 2373; x_wconf 86' lang='lat' dir='ltr'><strong>Nam</strong></span> <span class='ocrx_word' id='word_1_413' title='bbox 2539 2329 2594 2373; x_wconf 92' lang='lat' dir='ltr'><strong>et</strong></span> <span class='ocrx_word' id='word_1_414' title='bbox 2626 2318 2670 2373; x_wconf 92' lang='lat' dir='ltr'><strong>si</strong></span> <span class='ocrx_word' id='word_1_415' title='bbox 2702 2317 3002 2371; x_wconf 89' lang='lat' dir='ltr'><strong>destruitur</strong></span> <span class='ocrx_word' id='word_1_416' title='bbox 3022 2315 3104 2368; x_wconf 88' lang='lat' dir='ltr'><strong>lex</strong></span> <span class='ocrx_word' id='word_1_417' title='bbox 3131 2330 3226 2384; x_wconf 88' lang='lat' dir='ltr'><strong>per</strong></span> <span class='ocrx_word' id='word_1_418' title='bbox 3255 2327 3375 2366; x_wconf 83' lang='lat' dir='ltr'><strong>eam</strong></span> 
     </span>
    </p>
   </div>
   <div class='ocr_carea' id='block_1_54' title="bbox 1810 2409 3379 2489">
    <p class='ocr_par' dir='ltr' id='par_1_54' title="bbox 1810 2409 3379 2489">
     <span class='ocr_line' id='line_1_54' title="bbox 1810 2409 3379 2489; baseline -0.01 -16"><span class='ocrx_word' id='word_1_419' title='bbox 1810 2436 1929 2489; x_wconf 74' lang='lat' dir='ltr'><strong>qure</strong></span> <span class='ocrx_word' id='word_1_420' title='bbox 1951 2418 2317 2488; x_wconf 81' lang='lat' dir='ltr'><strong>supereminet</strong></span> <span class='ocrx_word' id='word_1_421' title='bbox 2349 2413 2603 2484; x_wconf 84' lang='lat' dir='ltr'><strong>gloriam,</strong></span> <span class='ocrx_word' id='word_1_422' title='bbox 2637 2427 2742 2465; x_wconf 90' lang='lat' dir='ltr'><strong>non</strong></span> <span class='ocrx_word' id='word_1_423' title='bbox 2774 2425 2869 2478; x_wconf 85' lang='lat' dir='ltr'><strong>per</strong></span> <span class='ocrx_word' id='word_1_424' title='bbox 2903 2409 3153 2470; x_wconf 90' lang='lat' dir='ltr'><strong>Paulum,</strong></span> <span class='ocrx_word' id='word_1_425' title='bbox 3206 2420 3379 2473; x_wconf 90' lang='lat' dir='ltr'><strong>neque</strong></span> 
     </span>
    </p>
   </div>
   <div class='ocr_carea' id='block_1_55' title="bbox 1810 2497 3380 2580">
    <p class='ocr_par' dir='ltr' id='par_1_55' title="bbox 1810 2497 3380 2580">
     <span class='ocr_line' id='line_1_55' title="bbox 1810 2497 3380 2580; baseline -0.01 -16"><span class='ocrx_word' id='word_1_426' title='bbox 1810 2526 1907 2580; x_wconf 88' lang='lat' dir='ltr'><strong>per</strong></span> <span class='ocrx_word' id='word_1_427' title='bbox 1933 2510 2096 2562; x_wconf 86' lang='lat' dir='ltr'><strong>alium</strong></span> <span class='ocrx_word' id='word_1_428' title='bbox 2128 2507 2365 2575; x_wconf 88' lang='lat' dir='ltr'><strong>aliquem</strong></span> <span class='ocrx_word' id='word_1_429' title='bbox 2410 2514 2722 2559; x_wconf 86' lang='lat' dir='ltr'><strong>sanctorum</strong></span> <span class='ocrx_word' id='word_1_430' title='bbox 2783 2499 3103 2554; x_wconf 89' lang='lat' dir='ltr'><strong>destruitur.</strong></span> <span class='ocrx_word' id='word_1_431' title='bbox 3140 2497 3290 2552; x_wconf 85' lang='lat' dir='ltr'><strong>Unde</strong></span> <span class='ocrx_word' id='word_1_432' title='bbox 3325 2505 3380 2550; x_wconf 90' lang='lat' dir='ltr'><strong>et</strong></span> 
     </span>
    </p>
   </div>
   <div class='ocr_carea' id='block_1_56' title="bbox 1814 2590 3377 2671">
    <p class='ocr_par' dir='ltr' id='par_1_56' title="bbox 1814 2590 3377 2671">
     <span class='ocr_line' id='line_1_56' title="bbox 1814 2590 3377 2671; baseline -0.012 -14"><span class='ocrx_word' id='word_1_433' title='bbox 1814 2605 1928 2671; x_wconf 90' lang='lat' dir='ltr'><strong>ipse</strong></span> <span class='ocrx_word' id='word_1_434' title='bbox 1960 2600 2218 2655; x_wconf 86' lang='lat' dir='ltr'><strong>Dominus</strong></span> <span class='ocrx_word' id='word_1_435' title='bbox 2262 2597 2516 2650; x_wconf 88' lang='lat' dir='ltr'><strong>dicebat:</strong></span> <span class='ocrx_word' id='word_1_436' title='bbox 2551 2613 2569 2645; x_wconf 81' lang='grc' dir='ltr'><strong>ι</strong></span> <span class='ocrx_word' id='word_1_437' title='bbox 2611 2594 2724 2648; x_wconf 72' lang='lat' dir='ltr'><strong>Non</strong></span> <span class='ocrx_word' id='word_1_438' title='bbox 2755 2593 2875 2647; x_wconf 86' lang='lat' dir='ltr'><strong>veni</strong></span> <span class='ocrx_word' id='word_1_439' title='bbox 2901 2591 3126 2670; x_wconf 45' lang='lat' dir='ltr'><strong>\solvere</strong></span> <span class='ocrx_word' id='word_1_440' title='bbox 3179 2590 3377 2658; x_wconf 86' lang='lat' dir='ltr'><strong>legem,</strong></span> 
     </span>
    </p>
   </div>
   <div class='ocr_carea' id='block_1_57' title="bbox 1813 2681 3381 2760">
    <p class='ocr_par' dir='ltr' id='par_1_57' title="bbox 1813 2681 3381 2760">
     <span class='ocr_line' id='line_1_57' title="bbox 1813 2681 3381 2760; baseline -0.01 -11"><span class='ocrx_word' id='word_1_441' title='bbox 1813 2695 1907 2749; x_wconf 87' lang='lat' dir='ltr'><strong>sed</strong></span> <span class='ocrx_word' id='word_1_442' title='bbox 1933 2691 2229 2760; x_wconf 87' lang='lat' dir='ltr'><strong>adimplere</strong></span> <span class='ocrx_word' id='word_1_443' title='bbox 2250 2690 2313 2740; x_wconf 85' lang='grc'><strong>³².</strong></span> <span class='ocrx_word' id='word_1_444' title='bbox 2341 2709 2360 2740; x_wconf 69' lang='grc' dir='ltr'><strong>ο</strong></span> <span class='ocrx_word' id='word_1_445' title='bbox 2385 2688 2574 2742; x_wconf 83' lang='lat' dir='ltr'><strong>Nullus</strong></span> <span class='ocrx_word' id='word_1_446' title='bbox 2594 2701 2721 2755; x_wconf 89' lang='lat' dir='ltr'><strong>ergo</strong></span> <span class='ocrx_word' id='word_1_447' title='bbox 2747 2694 3079 2746; x_wconf 89' lang='lat' dir='ltr'><strong>sanctorum,</strong></span> <span class='ocrx_word' id='word_1_448' title='bbox 3102 2699 3200 2736; x_wconf 86' lang='lat' dir='ltr'><strong>nec</strong></span> <span class='ocrx_word' id='word_1_449' title='bbox 3216 2681 3381 2752; x_wconf 75' lang='lat'><strong>520</strong></span> 
     </span>
    </p>
   </div>
   <div class='ocr_carea' id='block_1_58' title="bbox 1815 2775 3378 2854">
    <p class='ocr_par' dir='ltr' id='par_1_58' title="bbox 1815 2775 3378 2854">
     <span class='ocr_line' id='line_1_58' title="bbox 1815 2775 3378 2854; baseline -0.008 -15"><span class='ocrx_word' id='word_1_450' title='bbox 1815 2786 1930 2854; x_wconf 90' lang='lat' dir='ltr'><strong>ipse</strong></span> <span class='ocrx_word' id='word_1_451' title='bbox 1967 2784 2222 2838; x_wconf 89' lang='lat' dir='ltr'><strong>Dominus</strong></span> <span class='ocrx_word' id='word_1_452' title='bbox 2251 2781 2479 2836; x_wconf 88' lang='lat' dir='ltr'><strong>destruit</strong></span> <span class='ocrx_word' id='word_1_453' title='bbox 2529 2779 2725 2848; x_wconf 88' lang='lat' dir='ltr'><strong>legem,</strong></span> <span class='ocrx_word' id='word_1_454' title='bbox 2757 2777 2850 2830; x_wconf 88' lang='lat' dir='ltr'><strong>sed</strong></span> <span class='ocrx_word' id='word_1_455' title='bbox 2885 2776 3056 2844; x_wconf 89' lang='lat' dir='ltr'><strong>gloria</strong></span> <span class='ocrx_word' id='word_1_456' title='bbox 3089 2775 3204 2842; x_wconf 84' lang='lat' dir='ltr'><strong>ejus</strong></span> <span class='ocrx_word' id='word_1_457' title='bbox 3240 2785 3378 2827; x_wconf 92' lang='lat' dir='ltr'><strong>tem-</strong></span> 
     </span>
    </p>
   </div>
   <div class='ocr_carea' id='block_1_59' title="bbox 1815 2872 3381 2948">
    <p class='ocr_par' dir='ltr' id='par_1_59' title="bbox 1815 2872 3381 2948">
     <span class='ocr_line' id='line_1_59' title="bbox 1815 2872 3381 2948; baseline -0.008 -16"><span class='ocrx_word' id='word_1_458' title='bbox 1815 2879 2018 2948; x_wconf 87' lang='lat' dir='ltr'><strong>poralis</strong></span> <span class='ocrx_word' id='word_1_459' title='bbox 2047 2887 2102 2932; x_wconf 89' lang='lat' dir='ltr'><strong>et</strong></span> <span class='ocrx_word' id='word_1_460' title='bbox 2133 2877 2506 2946; x_wconf 87' lang='lat' dir='ltr'><strong>pertransiens</strong></span> <span class='ocrx_word' id='word_1_461' title='bbox 2552 2889 2578 2924; x_wconf 93' lang='lat' dir='ltr'><strong>a</strong></span> <span class='ocrx_word' id='word_1_462' title='bbox 2613 2872 2783 2942; x_wconf 86' lang='lat' dir='ltr'><strong>gloria</strong></span> <span class='ocrx_word' id='word_1_463' title='bbox 2827 2882 3028 2924; x_wconf 68' lang='lat' dir='ltr'><strong>mtcrna</strong></span> <span class='ocrx_word' id='word_1_464' title='bbox 3073 2877 3128 2921; x_wconf 93' lang='lat' dir='ltr'><strong>et</strong></span> <span class='ocrx_word' id='word_1_465' title='bbox 3166 2880 3381 2936; x_wconf 86' lang='lat' dir='ltr'><strong>perma-</strong></span> 
     </span>
    </p>
   </div>
   <div class='ocr_carea' id='block_1_60' title="bbox 1817 2957 3379 3032">
    <p class='ocr_par' dir='ltr' id='par_1_60' title="bbox 1817 2957 3379 3032">
     <span class='ocr_line' id='line_1_60' title="bbox 1817 2957 3379 3032; baseline -0.01 -9"><span class='ocrx_word' id='word_1_466' title='bbox 1817 2977 1980 3023; x_wconf 88' lang='lat' dir='ltr'><strong>nente</strong></span> <span class='ocrx_word' id='word_1_467' title='bbox 2033 2967 2333 3022; x_wconf 87' lang='lat' dir='ltr'><strong>destruitur</strong></span> <span class='ocrx_word' id='word_1_468' title='bbox 2381 2975 2435 3019; x_wconf 87' lang='lat' dir='ltr'><strong>et</strong></span> <span class='ocrx_word' id='word_1_469' title='bbox 2490 2971 2798 3032; x_wconf 86' lang='lat' dir='ltr'><strong>superatur.</strong></span> <span class='ocrx_word' id='word_1_470' title='bbox 2851 2957 3001 3013; x_wconf 89' lang='lat' dir='ltr'><strong>Unde</strong></span> <span class='ocrx_word' id='word_1_471' title='bbox 3051 2957 3173 3010; x_wconf 85' lang='lat' dir='ltr'><strong>vide</strong></span> <span class='ocrx_word' id='word_1_472' title='bbox 3218 2971 3379 3024; x_wconf 90' lang='lat' dir='ltr'><strong>quam</strong></span> 
     </span>
    </p>
   </div>
   <div class='ocr_carea' id='block_1_61' title="bbox 137 3045 1722 3163">
    <p class='ocr_par' dir='ltr' id='par_1_61' title="bbox 137 3045 1714 3163">
     <span class='ocr_line' id='line_1_61' title="bbox 137 3045 1551 3069; baseline -0.011 0"><span class='ocrx_word' id='word_1_473' title='bbox 137 3045 414 3069; x_wconf 69' lang='grc' dir='ltr'><strong>ἰην---νυν</strong></span> <span class='ocrx_word' id='word_1_474' title='bbox 460 3045 628 3067; x_wconf 71' lang='lat'><strong>&quot;0&quot;&quot;</strong></span> <span class='ocrx_word' id='word_1_475' title='bbox 672 3045 725 3049; x_wconf 75' lang='grc'><strong>--</strong></span> <span class='ocrx_word' id='word_1_476' title='bbox 792 3045 835 3048; x_wconf 48' lang='grc' dir='ltr'><em>τί</em></span> <span class='ocrx_word' id='word_1_477' title='bbox 1158 3045 1170 3060; x_wconf 82' lang='grc' dir='ltr'><strong>ι</strong></span> <span class='ocrx_word' id='word_1_478' title='bbox 1478 3045 1486 3052; x_wconf 97' lang='grc'>.</span> <span class='ocrx_word' id='word_1_479' title='bbox 1535 3045 1551 3056; x_wconf 86' lang='grc'><em>.</em></span> 
     </span>
     <span class='ocr_line' id='line_1_62' title="bbox 137 3079 1714 3163; baseline -0.011 -14"><span class='ocrx_word' id='word_1_480' title='bbox 137 3091 523 3163; x_wconf 78' lang='lat' dir='ltr'><strong>superioribus</strong></span> <span class='ocrx_word' id='word_1_481' title='bbox 557 3089 775 3151; x_wconf 86' lang='lat' dir='ltr'><strong>dixerit,</strong></span> <span class='ocrx_word' id='word_1_482' title='bbox 812 3085 935 3154; x_wconf 88' lang='lat' dir='ltr'><strong>quia</strong></span> <span class='ocrx_word' id='word_1_483' title='bbox 967 3100 1070 3138; x_wconf 88' lang='lat' dir='ltr'><strong>non</strong></span> <span class='ocrx_word' id='word_1_484' title='bbox 1110 3079 1440 3151; x_wconf 85' lang='lat' dir='ltr'><strong>justiﬁcetur</strong></span> <span class='ocrx_word' id='word_1_485' title='bbox 1469 3081 1624 3132; x_wconf 73' lang='lat' dir='ltr'><strong>Inoino</strong></span> <span class='ocrx_word' id='word_1_486' title='bbox 1649 3094 1714 3132; x_wconf 78' lang='lat' dir='ltr'><strong>ex</strong></span> 
     </span>
    </p>
   </div>
   <div class='ocr_carea' id='block_1_62' title="bbox 1913 3045 3371 3163">
    <p class='ocr_par' dir='ltr' id='par_1_62' title="bbox 1913 3045 3371 3163">
     <span class='ocr_line' id='line_1_63' title="bbox 1913 3045 3371 3127; baseline -0.011 -14"><span class='ocrx_word' id='word_1_487' title='bbox 1913 3072 1973 3115; x_wconf 68' lang='lat' dir='ltr'><strong>rte</strong></span> <span class='ocrx_word' id='word_1_488' title='bbox 2006 3068 2062 3113; x_wconf 86' lang='lat' dir='ltr'><strong>et</strong></span> <span class='ocrx_word' id='word_1_489' title='bbox 2099 3057 2488 3127; x_wconf 86' lang='lat' dir='ltr'><strong>perspicaciter</strong></span> <span class='ocrx_word' id='word_1_490' title='bbox 2527 3051 2838 3123; x_wconf 80' lang='lat' dir='ltr'><strong>apostolicae</strong></span> <span class='ocrx_word' id='word_1_491' title='bbox 2856 3049 3092 3118; x_wconf 79' lang='lat' dir='ltr'><strong>legendze</strong></span> <span class='ocrx_word' id='word_1_492' title='bbox 3120 3047 3227 3101; x_wconf 90' lang='lat' dir='ltr'><strong>sint</strong></span> <span class='ocrx_word' id='word_1_493' title='bbox 3256 3045 3371 3098; x_wconf 86' lang='lat' dir='ltr'><strong>Lit-</strong></span> 
     </span>
     <span class='ocr_line' id='line_1_64' title="bbox 2032 3142 3371 3163; baseline -0.012 9"><span class='ocrx_word' id='word_1_494' title='bbox 2032 3149 2070 3163; x_wconf 77' lang='grc' dir='ltr'>-ι</span> <span class='ocrx_word' id='word_1_495' title='bbox 2209 3150 2238 3163; x_wconf 75' lang='grc' dir='ltr'>μ</span> <span class='ocrx_word' id='word_1_496' title='bbox 2287 3149 2321 3163; x_wconf 79' lang='grc' dir='ltr'><strong>ο-</strong></span> <span class='ocrx_word' id='word_1_497' title='bbox 2449 3146 2490 3163; x_wconf 72' lang='grc' dir='ltr'>ιτ</span> <span class='ocrx_word' id='word_1_498' title='bbox 2613 3161 2622 3163; x_wconf 27' lang='grc' dir='ltr'><strong>Α</strong></span> <span class='ocrx_word' id='word_1_499' title='bbox 2696 3160 2728 3163; x_wconf 29' lang='grc' dir='ltr'><em>,ν</em></span> <span class='ocrx_word' id='word_1_500' title='bbox 2761 3145 2772 3163; x_wconf 80' lang='lat'><strong>.</strong></span> <span class='ocrx_word' id='word_1_501' title='bbox 2801 3160 2826 3163; x_wconf 91' lang='lat'>__</span> <span class='ocrx_word' id='word_1_502' title='bbox 2891 3142 3239 3163; x_wconf 52' lang='grc' dir='ltr'><strong>-.μεηημηη</strong></span> <span class='ocrx_word' id='word_1_503' title='bbox 3301 3148 3371 3163; x_wconf 52' lang='grc' dir='ltr'><strong>η-.</strong></span> 
     </span>
    </p>
   </div>
   <div class='ocr_carea' id='block_1_63' title="bbox 138 3171 1717 3256">
    <p class='ocr_par' dir='ltr' id='par_1_63' title="bbox 138 3171 1717 3256">
     <span class='ocr_line' id='line_1_65' title="bbox 138 3171 1717 3256; baseline -0.012 -16"><span class='ocrx_word' id='word_1_504' title='bbox 138 3186 403 3256; x_wconf 89' lang='lat' dir='ltr'><strong>operibus</strong></span> <span class='ocrx_word' id='word_1_505' title='bbox 441 3182 655 3253; x_wconf 81' lang='lat' dir='ltr'><strong>legis&quot;.</strong></span> <span class='ocrx_word' id='word_1_506' title='bbox 693 3178 943 3233; x_wconf 86' lang='lat' dir='ltr'><strong>Salvator</strong></span> <span class='ocrx_word' id='word_1_507' title='bbox 984 3177 1036 3230; x_wconf 89' lang='lat' dir='ltr'><strong>in</strong></span> <span class='ocrx_word' id='word_1_508' title='bbox 1073 3172 1384 3243; x_wconf 81' lang='lat' dir='ltr'><strong>Evangeliis</strong></span> <span class='ocrx_word' id='word_1_509' title='bbox 1411 3171 1564 3232; x_wconf 89' lang='lat' dir='ltr'><strong>dicit,</strong></span> <span class='ocrx_word' id='word_1_510' title='bbox 1593 3171 1717 3238; x_wconf 89' lang='lat' dir='ltr'><strong>quia</strong></span> 
     </span>
    </p>
   </div>
   <div class='ocr_carea' id='block_1_64' title="bbox 146 3261 1719 3348">
    <p class='ocr_par' dir='ltr' id='par_1_64' title="bbox 146 3261 1719 3348">
     <span class='ocr_line' id='line_1_66' title="bbox 146 3261 1719 3348; baseline -0.008 -21"><span class='ocrx_word' id='word_1_511' title='bbox 146 3296 164 3327; x_wconf 77' lang='grc' dir='ltr'><strong>ι</strong></span> <span class='ocrx_word' id='word_1_512' title='bbox 192 3276 414 3348; x_wconf 81' lang='lat' dir='ltr'><strong>Moyses</strong></span> <span class='ocrx_word' id='word_1_513' title='bbox 455 3278 521 3328; x_wconf 90' lang='lat' dir='ltr'><strong>de</strong></span> <span class='ocrx_word' id='word_1_514' title='bbox 562 3289 648 3327; x_wconf 92' lang='lat' dir='ltr'><strong>me</strong></span> <span class='ocrx_word' id='word_1_515' title='bbox 690 3269 992 3340; x_wconf 70' lang='lat' dir='ltr'><strong>scripsit&quot;.</strong></span> <span class='ocrx_word' id='word_1_516' title='bbox 1026 3286 1045 3320; x_wconf 71' lang='grc' dir='ltr'><strong>ι</strong></span> <span class='ocrx_word' id='word_1_517' title='bbox 1079 3267 1178 3333; x_wconf 89' lang='lat' dir='ltr'><strong>Qui</strong></span> <span class='ocrx_word' id='word_1_518' title='bbox 1214 3280 1343 3334; x_wconf 87' lang='lat' dir='ltr'><strong>ergo</strong></span> <span class='ocrx_word' id='word_1_519' title='bbox 1391 3278 1496 3317; x_wconf 92' lang='lat' dir='ltr'><strong>non</strong></span> <span class='ocrx_word' id='word_1_520' title='bbox 1546 3261 1719 3315; x_wconf 88' lang='lat' dir='ltr'><strong>credit</strong></span> 
     </span>
    </p>
   </div>
   <div class='ocr_carea' id='block_1_65' title="bbox 142 3353 1720 3435">
    <p class='ocr_par' dir='ltr' id='par_1_65' title="bbox 142 3353 1720 3435">
     <span class='ocr_line' id='line_1_67' title="bbox 142 3353 1720 3435; baseline -0.01 -12"><span class='ocrx_word' id='word_1_521' title='bbox 142 3369 392 3432; x_wconf 82' lang='lat' dir='ltr'><strong>Christo,</strong></span> <span class='ocrx_word' id='word_1_522' title='bbox 430 3367 496 3420; x_wconf 90' lang='lat' dir='ltr'><strong>de</strong></span> <span class='ocrx_word' id='word_1_523' title='bbox 536 3380 646 3435; x_wconf 88' lang='lat' dir='ltr'><strong>quo</strong></span> <span class='ocrx_word' id='word_1_524' title='bbox 680 3363 892 3433; x_wconf 85' lang='lat' dir='ltr'><strong>Moyses</strong></span> <span class='ocrx_word' id='word_1_525' title='bbox 943 3360 1166 3428; x_wconf 82' lang='lat' dir='ltr'><strong>scripsit</strong></span> <span class='ocrx_word' id='word_1_526' title='bbox 1215 3358 1266 3410; x_wconf 91' lang='lat' dir='ltr'><strong>in</strong></span> <span class='ocrx_word' id='word_1_527' title='bbox 1317 3357 1459 3422; x_wconf 75' lang='lat' dir='ltr'><strong>lege,</strong></span> <span class='ocrx_word' id='word_1_528' title='bbox 1488 3353 1720 3408; x_wconf 81' lang='lat' dir='ltr'><strong>destruit</strong></span> 
     </span>
    </p>
   </div>
   <div class='ocr_carea' id='block_1_66' title="bbox 145 3445 1720 3530">
    <p class='ocr_par' dir='ltr' id='par_1_66' title="bbox 145 3445 1720 3530">
     <span class='ocr_line' id='line_1_68' title="bbox 145 3445 1720 3530; baseline -0.008 -18"><span class='ocrx_word' id='word_1_529' title='bbox 145 3460 358 3530; x_wconf 83' lang='lat' dir='ltr'><strong>legem;</strong></span> <span class='ocrx_word' id='word_1_530' title='bbox 396 3459 489 3528; x_wconf 92' lang='lat' dir='ltr'><strong>qui</strong></span> <span class='ocrx_word' id='word_1_531' title='bbox 532 3469 712 3511; x_wconf 90' lang='lat' dir='ltr'><strong>autem</strong></span> <span class='ocrx_word' id='word_1_532' title='bbox 751 3453 926 3508; x_wconf 77' lang='lat' dir='ltr'><strong>credit</strong></span> <span class='ocrx_word' id='word_1_533' title='bbox 975 3451 1214 3516; x_wconf 88' lang='lat' dir='ltr'><strong>Christo,</strong></span> <span class='ocrx_word' id='word_1_534' title='bbox 1246 3449 1314 3503; x_wconf 91' lang='lat' dir='ltr'><strong>de</strong></span> <span class='ocrx_word' id='word_1_535' title='bbox 1354 3463 1464 3517; x_wconf 86' lang='lat' dir='ltr'><strong>quo</strong></span> <span class='ocrx_word' id='word_1_536' title='bbox 1509 3445 1720 3516; x_wconf 80' lang='lat' dir='ltr'><strong>Moyses</strong></span> 
     </span>
    </p>
   </div>
   <div class='ocr_carea' id='block_1_67' title="bbox 145 3537 1718 3622">
    <p class='ocr_par' dir='ltr' id='par_1_67' title="bbox 145 3537 1718 3622">
     <span class='ocr_line' id='line_1_69' title="bbox 145 3537 1718 3622; baseline -0.013 -14"><span class='ocrx_word' id='word_1_537' title='bbox 145 3553 396 3622; x_wconf 75' lang='lat' dir='ltr'><strong>Scripsit,</strong></span> <span class='ocrx_word' id='word_1_538' title='bbox 425 3551 594 3620; x_wconf 88' lang='lat' dir='ltr'><strong>legem</strong></span> <span class='ocrx_word' id='word_1_539' title='bbox 625 3549 910 3603; x_wconf 84' lang='lat' dir='ltr'><strong>confirmat</strong></span> <span class='ocrx_word' id='word_1_540' title='bbox 941 3559 1036 3613; x_wconf 90' lang='lat' dir='ltr'><strong>per</strong></span> <span class='ocrx_word' id='word_1_541' title='bbox 1077 3541 1259 3605; x_wconf 85' lang='lat' dir='ltr'><strong>ﬁdem,</strong></span> <span class='ocrx_word' id='word_1_542' title='bbox 1289 3538 1415 3608; x_wconf 89' lang='lat' dir='ltr'><strong>quia</strong></span> <span class='ocrx_word' id='word_1_543' title='bbox 1457 3538 1631 3592; x_wconf 88' lang='lat' dir='ltr'><strong>credit</strong></span> <span class='ocrx_word' id='word_1_544' title='bbox 1668 3537 1718 3588; x_wconf 93' lang='lat' dir='ltr'><strong>iu</strong></span> 
     </span>
    </p>
   </div>
   <div class='ocr_carea' id='block_1_68' title="bbox 145 3627 1717 3700">
    <p class='ocr_par' dir='ltr' id='par_1_68' title="bbox 145 3627 1717 3700">
     <span class='ocr_line' id='line_1_70' title="bbox 145 3627 1717 3700; baseline -0.011 -3"><span class='ocrx_word' id='word_1_545' title='bbox 145 3645 447 3700; x_wconf 87' lang='lat' dir='ltr'><strong>Christum.</strong></span> <span class='ocrx_word' id='word_1_546' title='bbox 478 3640 665 3695; x_wconf 90' lang='lat' dir='ltr'><strong>Fidem</strong></span> <span class='ocrx_word' id='word_1_547' title='bbox 699 3647 877 3692; x_wconf 86' lang='lat' dir='ltr'><strong>autem</strong></span> <span class='ocrx_word' id='word_1_548' title='bbox 911 3636 1143 3691; x_wconf 90' lang='lat' dir='ltr'><strong>dicimus</strong></span> <span class='ocrx_word' id='word_1_549' title='bbox 1173 3633 1226 3685; x_wconf 88' lang='lat' dir='ltr'><strong>in</strong></span> <span class='ocrx_word' id='word_1_550' title='bbox 1258 3632 1504 3690; x_wconf 87' lang='lat' dir='ltr'><strong>Patrem,</strong></span> <span class='ocrx_word' id='word_1_551' title='bbox 1533 3639 1585 3682; x_wconf 92' lang='lat' dir='ltr'><strong>et</strong></span> <span class='ocrx_word' id='word_1_552' title='bbox 1628 3627 1717 3680; x_wconf 88' lang='lat' dir='ltr'><strong>Fi-</strong></span> 
     </span>
    </p>
   </div>
   <div class='ocr_carea' id='block_1_69' title="bbox 151 3719 1722 3801">
    <p class='ocr_par' dir='ltr' id='par_1_69' title="bbox 151 3719 1722 3801">
     <span class='ocr_line' id='line_1_71' title="bbox 151 3719 1722 3801; baseline -0.01 -16"><span class='ocrx_word' id='word_1_553' title='bbox 151 3733 306 3801; x_wconf 89' lang='lat' dir='ltr'><strong>lium,</strong></span> <span class='ocrx_word' id='word_1_554' title='bbox 332 3741 387 3786; x_wconf 92' lang='lat' dir='ltr'><strong>et</strong></span> <span class='ocrx_word' id='word_1_555' title='bbox 417 3731 678 3801; x_wconf 83' lang='lat' dir='ltr'><strong>Spiritum</strong></span> <span class='ocrx_word' id='word_1_556' title='bbox 727 3736 972 3782; x_wconf 89' lang='lat' dir='ltr'><strong>sanctum</strong></span> <span class='ocrx_word' id='word_1_557' title='bbox 1013 3725 1301 3791; x_wconf 84' lang='lat' dir='ltr'><strong>integram,</strong></span> <span class='ocrx_word' id='word_1_558' title='bbox 1334 3719 1570 3789; x_wconf 84' lang='lat' dir='ltr'><strong>plenam,</strong></span> <span class='ocrx_word' id='word_1_559' title='bbox 1598 3733 1722 3787; x_wconf 88' lang='lat' dir='ltr'><strong>per-</strong></span> 
     </span>
    </p>
   </div>
   <div class='ocr_carea' id='block_1_70' title="bbox 151 3813 1722 3894">
    <p class='ocr_par' dir='ltr' id='par_1_70' title="bbox 151 3813 1722 3894">
     <span class='ocr_line' id='line_1_72' title="bbox 151 3813 1722 3894; baseline -0.01 -16"><span class='ocrx_word' id='word_1_560' title='bbox 151 3827 378 3886; x_wconf 87' lang='lat' dir='ltr'><strong>fectam,</strong></span> <span class='ocrx_word' id='word_1_561' title='bbox 411 3839 530 3894; x_wconf 75' lang='lat' dir='ltr'><strong>qua-</strong></span> <span class='ocrx_word' id='word_1_562' title='bbox 564 3821 675 3892; x_wconf 80' lang='grc'>(16)</span> <span class='ocrx_word' id='word_1_563' title='bbox 720 3819 854 3873; x_wconf 89' lang='lat' dir='ltr'><strong>nihil</strong></span> <span class='ocrx_word' id='word_1_564' title='bbox 901 3819 1200 3881; x_wconf 89' lang='lat' dir='ltr'><strong>diversum,</strong></span> <span class='ocrx_word' id='word_1_565' title='bbox 1235 3813 1366 3867; x_wconf 89' lang='lat' dir='ltr'><strong>nihil</strong></span> <span class='ocrx_word' id='word_1_566' title='bbox 1409 3813 1722 3881; x_wconf 86' lang='lat' dir='ltr'><strong>discrepans</strong></span> 
     </span>
    </p>
   </div>
   <div class='ocr_carea' id='block_1_71' title="bbox 156 3904 1717 3976">
    <p class='ocr_par' dir='ltr' id='par_1_71' title="bbox 156 3904 1717 3976">
     <span class='ocr_line' id='line_1_73' title="bbox 156 3904 1717 3976; baseline -0.01 -7"><span class='ocrx_word' id='word_1_567' title='bbox 156 3927 248 3971; x_wconf 88' lang='lat' dir='ltr'><strong>aut</strong></span> <span class='ocrx_word' id='word_1_568' title='bbox 268 3927 586 3972; x_wconf 78' lang='lat' dir='ltr'><strong>extraneum</strong></span> <span class='ocrx_word' id='word_1_569' title='bbox 613 3915 664 3967; x_wconf 91' lang='lat' dir='ltr'><strong>in</strong></span> <span class='ocrx_word' id='word_1_570' title='bbox 683 3912 946 3966; x_wconf 87' lang='lat' dir='ltr'><strong>Trinitate</strong></span> <span class='ocrx_word' id='word_1_571' title='bbox 966 3909 1273 3976; x_wconf 88' lang='lat' dir='ltr'><strong>proﬁtetur.</strong></span> <span class='ocrx_word' id='word_1_572' title='bbox 1301 3905 1430 3959; x_wconf 85' lang='lat' dir='ltr'><strong>Nam</strong></span> <span class='ocrx_word' id='word_1_573' title='bbox 1458 3904 1717 3964; x_wconf 83' lang='lat' dir='ltr'><strong>Marcion,</strong></span> 
     </span>
    </p>
   </div>
   <div class='ocr_carea' id='block_1_72' title="bbox 154 3995 1720 4080">
    <p class='ocr_par' dir='ltr' id='par_1_72' title="bbox 154 3995 1720 4080">
     <span class='ocr_line' id='line_1_74' title="bbox 154 3995 1720 4080; baseline -0.01 -19"><span class='ocrx_word' id='word_1_574' title='bbox 154 4011 245 4080; x_wconf 88' lang='lat' dir='ltr'><strong>qui</strong></span> <span class='ocrx_word' id='word_1_575' title='bbox 281 4010 447 4063; x_wconf 92' lang='lat' dir='ltr'><strong>alium</strong></span> <span class='ocrx_word' id='word_1_576' title='bbox 493 4008 626 4062; x_wconf 87' lang='lat' dir='ltr'><strong>dicit</strong></span> <span class='ocrx_word' id='word_1_577' title='bbox 675 4005 840 4058; x_wconf 91' lang='lat' dir='ltr'><strong>Deum</strong></span> <span class='ocrx_word' id='word_1_578' title='bbox 867 4003 1030 4071; x_wconf 83' lang='lat' dir='ltr'><strong>legis,</strong></span> <span class='ocrx_word' id='word_1_579' title='bbox 1055 4001 1217 4053; x_wconf 89' lang='lat' dir='ltr'><strong>alium</strong></span> <span class='ocrx_word' id='word_1_580' title='bbox 1248 3999 1462 4052; x_wconf 84' lang='lat' dir='ltr'><strong>Patrem</strong></span> <span class='ocrx_word' id='word_1_581' title='bbox 1496 3995 1720 4059; x_wconf 76' lang='lat' dir='ltr'><strong>ChriSIi,</strong></span> 
     </span>
    </p>
   </div>
   <div class='ocr_carea' id='block_1_73' title="bbox 157 4088 1723 4169">
    <p class='ocr_par' dir='ltr' id='par_1_73' title="bbox 157 4088 1723 4169">
     <span class='ocr_line' id='line_1_75' title="bbox 157 4088 1723 4169; baseline -0.01 -16"><span class='ocrx_word' id='word_1_582' title='bbox 157 4117 249 4169; x_wconf 88' lang='lat' dir='ltr'><strong>per</strong></span> <span class='ocrx_word' id='word_1_583' title='bbox 285 4103 443 4156; x_wconf 88' lang='lat' dir='ltr'><strong>ﬁdem</strong></span> <span class='ocrx_word' id='word_1_584' title='bbox 475 4114 630 4153; x_wconf 88' lang='lat' dir='ltr'><strong>suam</strong></span> <span class='ocrx_word' id='word_1_585' title='bbox 664 4113 769 4150; x_wconf 93' lang='lat' dir='ltr'><strong>non</strong></span> <span class='ocrx_word' id='word_1_586' title='bbox 811 4094 1019 4159; x_wconf 87' lang='lat' dir='ltr'><strong>statuit,</strong></span> <span class='ocrx_word' id='word_1_587' title='bbox 1064 4107 1239 4160; x_wconf 87' lang='lat' dir='ltr'><strong>neque</strong></span> <span class='ocrx_word' id='word_1_588' title='bbox 1286 4090 1594 4150; x_wconf 86' lang='lat' dir='ltr'><strong>conﬁrmat,</strong></span> <span class='ocrx_word' id='word_1_589' title='bbox 1631 4088 1723 4138; x_wconf 89' lang='lat' dir='ltr'><strong>sed</strong></span> 
     </span>
    </p>
   </div>
   <div class='ocr_carea' id='block_1_74' title="bbox 157 4183 1726 4262">
    <p class='ocr_par' dir='ltr' id='par_1_74' title="bbox 157 4183 1726 4262">
     <span class='ocr_line' id='line_1_76' title="bbox 157 4183 1726 4262; baseline -0.011 -13"><span class='ocrx_word' id='word_1_590' title='bbox 157 4197 393 4252; x_wconf 84' lang='lat' dir='ltr'><strong>destruit</strong></span> <span class='ocrx_word' id='word_1_591' title='bbox 423 4194 616 4262; x_wconf 87' lang='lat' dir='ltr'><strong>legem.</strong></span> <span class='ocrx_word' id='word_1_592' title='bbox 653 4189 764 4243; x_wconf 91' lang='lat' dir='ltr'><strong>lloc</strong></span> <span class='ocrx_word' id='word_1_593' title='bbox 793 4199 847 4243; x_wconf 90' lang='lat' dir='ltr'><strong>et</strong></span> <span class='ocrx_word' id='word_1_594' title='bbox 876 4188 1044 4240; x_wconf 85' lang='lat' dir='ltr'><strong>Ebion</strong></span> <span class='ocrx_word' id='word_1_595' title='bbox 1090 4185 1256 4247; x_wconf 85' lang='lat' dir='ltr'><strong>facit;</strong></span> <span class='ocrx_word' id='word_1_596' title='bbox 1290 4183 1393 4236; x_wconf 93' lang='lat' dir='ltr'><strong>hoc</strong></span> <span class='ocrx_word' id='word_1_597' title='bbox 1433 4190 1487 4233; x_wconf 91' lang='lat' dir='ltr'><strong>et</strong></span> <span class='ocrx_word' id='word_1_598' title='bbox 1537 4194 1726 4233; x_wconf 87' lang='lat' dir='ltr'><strong>onmcs</strong></span> 
     </span>
    </p>
   </div>
   <div class='ocr_carea' id='block_1_75' title="bbox 160 4271 1725 4356">
    <p class='ocr_par' dir='ltr' id='par_1_75' title="bbox 160 4271 1725 4356">
     <span class='ocr_line' id='line_1_77' title="bbox 160 4271 1725 4356; baseline -0.013 -16"><span class='ocrx_word' id='word_1_599' title='bbox 160 4288 339 4356; x_wconf 89' lang='lat' dir='ltr'><strong>quiin</strong></span> <span class='ocrx_word' id='word_1_600' title='bbox 385 4286 488 4340; x_wconf 89' lang='lat' dir='ltr'><strong>ﬁde</strong></span> <span class='ocrx_word' id='word_1_601' title='bbox 534 4282 800 4337; x_wconf 87' lang='lat' dir='ltr'><strong>catholica</strong></span> <span class='ocrx_word' id='word_1_602' title='bbox 847 4277 1047 4346; x_wconf 90' lang='lat' dir='ltr'><strong>aliquid</strong></span> <span class='ocrx_word' id='word_1_603' title='bbox 1102 4273 1467 4340; x_wconf 90' lang='lat' dir='ltr'><strong>corruptionis</strong></span> <span class='ocrx_word' id='word_1_604' title='bbox 1494 4271 1725 4323; x_wconf 89' lang='lat' dir='ltr'><strong>interse-</strong></span> 
     </span>
    </p>
   </div>
   <div class='ocr_carea' id='block_1_76' title="bbox 164 4360 1724 4448">
    <p class='ocr_par' dir='ltr' id='par_1_76' title="bbox 164 4360 1724 4448">
     <span class='ocr_line' id='line_1_78' title="bbox 164 4360 1724 4448; baseline -0.014 -16"><span class='ocrx_word' id='word_1_605' title='bbox 164 4389 305 4438; x_wconf 87' lang='lat' dir='ltr'><strong>ruut.</strong></span> <span class='ocrx_word' id='word_1_606' title='bbox 333 4381 443 4448; x_wconf 86' lang='lat' dir='ltr'><strong>Ego</strong></span> <span class='ocrx_word' id='word_1_607' title='bbox 473 4380 637 4432; x_wconf 90' lang='lat' dir='ltr'><strong>etiam</strong></span> <span class='ocrx_word' id='word_1_608' title='bbox 679 4373 805 4428; x_wconf 90' lang='lat' dir='ltr'><strong>illud</strong></span> <span class='ocrx_word' id='word_1_609' title='bbox 856 4372 1242 4424; x_wconf 89' lang='lat' dir='ltr'><strong>convenienter</strong></span> <span class='ocrx_word' id='word_1_610' title='bbox 1275 4365 1549 4433; x_wconf 86' lang='lat' dir='ltr'><strong>adjiciam,</strong></span> <span class='ocrx_word' id='word_1_611' title='bbox 1584 4360 1724 4430; x_wconf 89' lang='lat' dir='ltr'><strong>quod</strong></span> 
     </span>
    </p>
   </div>
   <div class='ocr_carea' id='block_1_77' title="bbox 162 4440 1801 4543">
    <p class='ocr_par' dir='ltr' id='par_1_77' title="bbox 162 4440 1801 4543">
     <span class='ocr_line' id='line_1_79' title="bbox 162 4440 1801 4543; baseline -0.015 -16"><span class='ocrx_word' id='word_1_612' title='bbox 162 4475 336 4528; x_wconf 91' lang='lat' dir='ltr'><strong>omnis</strong></span> <span class='ocrx_word' id='word_1_613' title='bbox 364 4471 454 4543; x_wconf 85' lang='lat' dir='ltr'><strong>qui</strong></span> <span class='ocrx_word' id='word_1_614' title='bbox 485 4470 720 4525; x_wconf 89' lang='lat' dir='ltr'><strong>credens</strong></span> <span class='ocrx_word' id='word_1_615' title='bbox 742 4464 957 4520; x_wconf 87' lang='lat' dir='ltr'><strong>Christo</strong></span> <span class='ocrx_word' id='word_1_616' title='bbox 987 4445 1126 4516; x_wconf 79' lang='lat' dir='ltr'><strong>bene</strong></span> <span class='ocrx_word' id='word_1_617' title='bbox 1152 4460 1283 4529; x_wconf 84' lang='lat' dir='ltr'><strong>agit,</strong></span> <span class='ocrx_word' id='word_1_618' title='bbox 1316 4466 1368 4510; x_wconf 90' lang='lat' dir='ltr'><strong>et</strong></span> <span class='ocrx_word' id='word_1_619' title='bbox 1398 4455 1641 4509; x_wconf 87' lang='lat' dir='ltr'><strong>continet</strong></span> <span class='ocrx_word' id='word_1_620' title='bbox 1669 4466 1730 4505; x_wconf 90' lang='lat' dir='ltr'><strong>se</strong></span> <span class='ocrx_word' id='word_1_621' title='bbox 1761 4440 1801 4493; x_wconf 83' lang='grc' dir='ltr'><strong>Ι)</strong></span> 
     </span>
    </p>
   </div>
   <div class='ocr_carea' id='block_1_78' title="bbox 169 4544 1730 4627">
    <p class='ocr_par' dir='ltr' id='par_1_78' title="bbox 169 4544 1730 4627">
     <span class='ocr_line' id='line_1_80' title="bbox 169 4544 1730 4627; baseline -0.015 -11"><span class='ocrx_word' id='word_1_622' title='bbox 169 4566 232 4618; x_wconf 82' lang='lat' dir='ltr'><strong>ab</strong></span> <span class='ocrx_word' id='word_1_623' title='bbox 256 4564 400 4618; x_wconf 89' lang='lat' dir='ltr'><strong>omni</strong></span> <span class='ocrx_word' id='word_1_624' title='bbox 435 4561 644 4617; x_wconf 82' lang='lat' dir='ltr'><strong>macula</strong></span> <span class='ocrx_word' id='word_1_625' title='bbox 679 4556 905 4627; x_wconf 87' lang='lat' dir='ltr'><strong>peccati,</strong></span> <span class='ocrx_word' id='word_1_626' title='bbox 935 4555 1020 4609; x_wconf 91' lang='lat' dir='ltr'><strong>hic</strong></span> <span class='ocrx_word' id='word_1_627' title='bbox 1049 4554 1216 4622; x_wconf 85' lang='lat' dir='ltr'><strong>legem</strong></span> <span class='ocrx_word' id='word_1_628' title='bbox 1246 4551 1335 4603; x_wconf 88' lang='lat' dir='ltr'><strong>Dei</strong></span> <span class='ocrx_word' id='word_1_629' title='bbox 1365 4557 1509 4600; x_wconf 87' lang='lat' dir='ltr'><strong>recte</strong></span> <span class='ocrx_word' id='word_1_630' title='bbox 1540 4544 1730 4597; x_wconf 89' lang='lat' dir='ltr'><strong>viven-</strong></span> 
     </span>
    </p>
   </div>
   <div class='ocr_carea' id='block_1_79' title="bbox 168 4635 1731 4722">
    <p class='ocr_par' dir='ltr' id='par_1_79' title="bbox 168 4635 1731 4722">
     <span class='ocr_line' id='line_1_81' title="bbox 168 4635 1731 4722; baseline -0.017 -12"><span class='ocrx_word' id='word_1_631' title='bbox 168 4657 235 4710; x_wconf 88' lang='lat' dir='ltr'><strong>do</strong></span> <span class='ocrx_word' id='word_1_632' title='bbox 261 4657 582 4719; x_wconf 87' lang='lat' dir='ltr'><strong>conﬁrmat;</strong></span> <span class='ocrx_word' id='word_1_633' title='bbox 617 4654 708 4722; x_wconf 89' lang='lat' dir='ltr'><strong>qui</strong></span> <span class='ocrx_word' id='word_1_634' title='bbox 761 4665 890 4704; x_wconf 86' lang='lat' dir='ltr'><strong>vero</strong></span> <span class='ocrx_word' id='word_1_635' title='bbox 928 4660 1172 4716; x_wconf 66' lang='lat' dir='ltr'><strong>praeceps</strong></span> <span class='ocrx_word' id='word_1_636' title='bbox 1209 4649 1551 4712; x_wconf 81' lang='lat' dir='ltr'><strong>peccatorum</strong></span> <span class='ocrx_word' id='word_1_637' title='bbox 1585 4635 1731 4687; x_wconf 89' lang='lat' dir='ltr'><strong>vitiis</strong></span> 
     </span>
    </p>
   </div>
   <div class='ocr_carea' id='block_1_80' title="bbox 170 4726 1732 4817">
    <p class='ocr_par' dir='ltr' id='par_1_80' title="bbox 170 4726 1732 4817">
     <span class='ocr_line' id='line_1_82' title="bbox 170 4726 1732 4817; baseline -0.015 -17"><span class='ocrx_word' id='word_1_638' title='bbox 170 4749 363 4817; x_wconf 87' lang='lat' dir='ltr'><strong>agitur,</strong></span> <span class='ocrx_word' id='word_1_639' title='bbox 388 4757 440 4802; x_wconf 88' lang='lat' dir='ltr'><strong>et</strong></span> <span class='ocrx_word' id='word_1_640' title='bbox 465 4743 582 4802; x_wconf 85' lang='lat' dir='ltr'><strong>sine</strong></span> <span class='ocrx_word' id='word_1_641' title='bbox 607 4745 716 4796; x_wconf 92' lang='lat' dir='ltr'><strong>ullo</strong></span> <span class='ocrx_word' id='word_1_642' title='bbox 749 4737 1046 4810; x_wconf 60' lang='lat' dir='ltr'><strong>paenitendi</strong></span> <span class='ocrx_word' id='word_1_643' title='bbox 1085 4730 1385 4787; x_wconf 88' lang='lat' dir='ltr'><strong>retinaculo</strong></span> <span class='ocrx_word' id='word_1_644' title='bbox 1418 4726 1732 4782; x_wconf 85' lang='lat' dir='ltr'><strong>assiduitate</strong></span> 
     </span>
    </p>
   </div>
   <div class='ocr_carea' id='block_1_81' title="bbox 173 4817 1731 4898">
    <p class='ocr_par' dir='ltr' id='par_1_81' title="bbox 173 4817 1731 4898">
     <span class='ocr_line' id='line_1_83' title="bbox 173 4817 1731 4898; baseline -0.019 -4"><span class='ocrx_word' id='word_1_645' title='bbox 173 4841 438 4895; x_wconf 89' lang='lat' dir='ltr'><strong>scelerum</strong></span> <span class='ocrx_word' id='word_1_646' title='bbox 489 4837 812 4898; x_wconf 83' lang='lat' dir='ltr'><strong>maculatur,</strong></span> <span class='ocrx_word' id='word_1_647' title='bbox 848 4833 933 4886; x_wconf 91' lang='lat' dir='ltr'><strong>hic</strong></span> <span class='ocrx_word' id='word_1_648' title='bbox 955 4829 1120 4884; x_wconf 91' lang='lat' dir='ltr'><strong>etiam</strong></span> <span class='ocrx_word' id='word_1_649' title='bbox 1175 4823 1216 4876; x_wconf 92' lang='lat' dir='ltr'><strong>si</strong></span> <span class='ocrx_word' id='word_1_650' title='bbox 1261 4822 1482 4874; x_wconf 86' lang='lat' dir='ltr'><strong>credere</strong></span> <span class='ocrx_word' id='word_1_651' title='bbox 1514 4817 1731 4871; x_wconf 81' lang='lat' dir='ltr'><strong>Christo</strong></span> 
     </span>
    </p>
   </div>
   <div class='ocr_carea' id='block_1_82' title="bbox 174 4905 1738 4997">
    <p class='ocr_par' dir='ltr' id='par_1_82' title="bbox 174 4905 1738 4997">
     <span class='ocr_line' id='line_1_84' title="bbox 174 4905 1738 4997; baseline -0.019 -14"><span class='ocrx_word' id='word_1_652' title='bbox 174 4931 438 4991; x_wconf 80' lang='lat' dir='ltr'><strong>videatur,</strong></span> <span class='ocrx_word' id='word_1_653' title='bbox 471 4944 568 4997; x_wconf 87' lang='lat' dir='ltr'><strong>per</strong></span> <span class='ocrx_word' id='word_1_654' title='bbox 597 4927 756 4979; x_wconf 86' lang='lat' dir='ltr'><strong>fidem</strong></span> <span class='ocrx_word' id='word_1_655' title='bbox 789 4936 942 4975; x_wconf 88' lang='lat' dir='ltr'><strong>suam</strong></span> <span class='ocrx_word' id='word_1_656' title='bbox 992 4933 1097 4971; x_wconf 89' lang='lat' dir='ltr'><strong>non</strong></span> <span class='ocrx_word' id='word_1_657' title='bbox 1135 4913 1347 4974; x_wconf 81' lang='lat' dir='ltr'><strong>statuit,</strong></span> <span class='ocrx_word' id='word_1_658' title='bbox 1376 4909 1468 4963; x_wconf 88' lang='lat' dir='ltr'><strong>sed</strong></span> <span class='ocrx_word' id='word_1_659' title='bbox 1504 4905 1738 4960; x_wconf 60' lang='lat' dir='ltr'><strong>destruit.</strong></span> 
     </span>
    </p>
   </div>
   <div class='ocr_carea' id='block_1_83' title="bbox 259 5042 1727 5129">
    <p class='ocr_par' dir='ltr' id='par_1_83' title="bbox 259 5042 1727 5129">
     <span class='ocr_line' id='line_1_85' title="bbox 259 5042 1727 5129; baseline -0.024 -1"><span class='ocrx_word' id='word_1_660' title='bbox 259 5073 305 5104; x_wconf 80' lang='lat'><strong>&quot;</strong></span> <span class='ocrx_word' id='word_1_661' title='bbox 332 5073 487 5126; x_wconf 79' lang='lat' dir='ltr'><strong>Rom.</strong></span> <span class='ocrx_word' id='word_1_662' title='bbox 521 5084 603 5129; x_wconf 88' lang='lat' dir='ltr'><strong>Ill,</strong></span> <span class='ocrx_word' id='word_1_663' title='bbox 632 5063 721 5117; x_wconf 83' lang='lat'><strong>&#39;50.</strong></span> <span class='ocrx_word' id='word_1_664' title='bbox 832 5061 876 5091; x_wconf 77' lang='lat'>”</span> <span class='ocrx_word' id='word_1_665' title='bbox 902 5057 1033 5112; x_wconf 92' lang='lat' dir='ltr'><strong>ibid.</strong></span> <span class='ocrx_word' id='word_1_666' title='bbox 1065 5057 1188 5129; x_wconf 53' lang='grc'><strong>51.-</strong></span> <span class='ocrx_word' id='word_1_667' title='bbox 1265 5048 1502 5129; x_wconf 35' lang='lat' dir='ltr'><strong>{lion}.</strong></span> <span class='ocrx_word' id='word_1_668' title='bbox 1534 5060 1610 5106; x_wconf 87' lang='lat' dir='ltr'><strong>tu,</strong></span> <span class='ocrx_word' id='word_1_669' title='bbox 1638 5042 1727 5129; x_wconf 63' lang='grc'><strong>202</strong></span> 
     </span>
    </p>
   </div>
   <div class='ocr_carea' id='block_1_84' title="bbox 178 5125 1211 5204">
    <p class='ocr_par' dir='ltr' id='par_1_84' title="bbox 178 5125 1211 5204">
     <span class='ocr_line' id='line_1_86' title="bbox 178 5125 1211 5204; baseline -0.023 -5"><span class='ocrx_word' id='word_1_670' title='bbox 178 5141 217 5173; x_wconf 84' lang='grc'><strong>⁸¹</strong></span> <span class='ocrx_word' id='word_1_671' title='bbox 256 5125 410 5197; x_wconf 77' lang='lat' dir='ltr'><strong>Rom.</strong></span> <span class='ocrx_word' id='word_1_672' title='bbox 445 5155 529 5204; x_wconf 86' lang='lat' dir='ltr'><strong>tu,</strong></span> <span class='ocrx_word' id='word_1_673' title='bbox 565 5125 654 5192; x_wconf 70' lang='lat'><strong>5|.</strong></span> <span class='ocrx_word' id='word_1_674' title='bbox 735 5134 781 5164; x_wconf 68' lang='grc' dir='ltr'><strong>δ’</strong></span> <span class='ocrx_word' id='word_1_675' title='bbox 809 5130 1002 5185; x_wconf 86' lang='lat' dir='ltr'><strong>Matth.</strong></span> <span class='ocrx_word' id='word_1_676' title='bbox 1034 5142 1084 5190; x_wconf 90' lang='lat' dir='ltr'><strong>v,</strong></span> <span class='ocrx_word' id='word_1_677' title='bbox 1125 5125 1211 5177; x_wconf 84' lang='grc'><strong>17.</strong></span> 
     </span>
    </p>
   </div>
   <div class='ocr_carea' id='block_1_85' title="bbox 247 5231 1726 5327">
    <p class='ocr_par' dir='ltr' id='par_1_85' title="bbox 247 5231 1726 5327">
     <span class='ocr_line' id='line_1_87' title="bbox 247 5231 1726 5327; baseline -0.02 -16"><span class='ocrx_word' id='word_1_678' title='bbox 247 5259 353 5327; x_wconf 77' lang='grc'><strong>(15)</strong></span> <span class='ocrx_word' id='word_1_679' title='bbox 383 5257 533 5322; x_wconf 83' lang='lat' dir='ltr'><strong>Quod</strong></span> <span class='ocrx_word' id='word_1_680' title='bbox 573 5255 640 5315; x_wconf 72' lang='lat' dir='ltr'><strong>si,</strong></span> <span class='ocrx_word' id='word_1_681' title='bbox 673 5261 780 5327; x_wconf 81' lang='lat' dir='ltr'><strong>etc.</strong></span> <span class='ocrx_word' id='word_1_682' title='bbox 828 5247 961 5303; x_wconf 80' lang='lat' dir='ltr'><strong>Vide</strong></span> <span class='ocrx_word' id='word_1_683' title='bbox 1004 5243 1448 5312; x_wconf 83' lang='lat' dir='ltr'><strong>Origeuianorum</strong></span> <span class='ocrx_word' id='word_1_684' title='bbox 1531 5231 1622 5285; x_wconf 89' lang='lat' dir='ltr'><strong>lib.</strong></span> <span class='ocrx_word' id='word_1_685' title='bbox 1665 5245 1726 5295; x_wconf 87' lang='lat' dir='ltr'><strong>tt,</strong></span> 
     </span>
    </p>
   </div>
   <div class='ocr_carea' id='block_1_86' title="bbox 183 5323 754 5394">
    <p class='ocr_par' dir='ltr' id='par_1_86' title="bbox 183 5323 754 5394">
     <span class='ocr_line' id='line_1_88' title="bbox 183 5323 754 5394; baseline -0.009 -16"><span class='ocrx_word' id='word_1_686' title='bbox 183 5323 368 5394; x_wconf 63' lang='lat' dir='ltr'><strong>quiest.</strong></span> <span class='ocrx_word' id='word_1_687' title='bbox 400 5328 454 5389; x_wconf 87' lang='lat'><strong>7,</strong></span> <span class='ocrx_word' id='word_1_688' title='bbox 487 5343 636 5379; x_wconf 85' lang='lat' dir='ltr'><strong>num.</strong></span> <span class='ocrx_word' id='word_1_689' title='bbox 670 5323 754 5374; x_wconf 76' lang='lat' dir='ltr'><strong>ll.</strong></span> 
     </span>
    </p>
   </div>
   <div class='ocr_carea' id='block_1_87' title="bbox 251 5379 1345 5467">
    <p class='ocr_par' dir='ltr' id='par_1_87' title="bbox 251 5379 1345 5467">
     <span class='ocr_line' id='line_1_89' title="bbox 251 5379 1345 5467; baseline -0.018 -18"><span class='ocrx_word' id='word_1_690' title='bbox 251 5379 355 5467; x_wconf 44' lang='lat' dir='ltr'><strong>(lii)</strong></span> <span class='ocrx_word' id='word_1_691' title='bbox 389 5379 798 5467; x_wconf 62' lang='lat' dir='ltr'><strong>Genehrardtts.</strong></span> <span class='ocrx_word' id='word_1_692' title='bbox 832 5384 1149 5467; x_wconf 25' lang='lat' dir='ltr'><strong>«extorsit:</strong></span> <span class='ocrx_word' id='word_1_693' title='bbox 1185 5379 1345 5467; x_wconf 40' lang='lat' dir='ltr'><strong>nia-lc.</strong></span> 
     </span>
    </p>
   </div>
   <div class='ocr_carea' id='block_1_88' title="bbox 251 5443 1595 5536">
    <p class='ocr_par' dir='ltr' id='par_1_88' title="bbox 251 5443 1595 5536">
     <span class='ocr_line' id='line_1_90' title="bbox 251 5443 1595 5536; baseline -0.025 -12"><span class='ocrx_word' id='word_1_694' title='bbox 392 5443 966 5536; x_wconf 35' lang='lat' dir='ltr'><strong>Ivtl&#39;e-ni-Ceitebt&#39;ardus,</strong></span> <span class='ocrx_word' id='word_1_695' title='bbox 1004 5473 1023 5504; x_wconf 75' lang='grc' dir='ltr'><strong>ι</strong></span> <span class='ocrx_word' id='word_1_696' title='bbox 1045 5443 1302 5536; x_wconf 67' lang='lat' dir='ltr'><strong>ostendit,</strong></span> <span class='ocrx_word' id='word_1_697' title='bbox 1333 5466 1350 5496; x_wconf 72' lang='grc' dir='ltr'><strong>ι</strong></span> <span class='ocrx_word' id='word_1_698' title='bbox 1389 5443 1595 5536; x_wconf 35' lang='lat' dir='ltr'><strong>male}.</strong></span> 
     </span>
    </p>
   </div>
   <div class='ocr_carea' id='block_1_89' title="bbox 253 5511 1734 5606">
    <p class='ocr_par' dir='ltr' id='par_1_89' title="bbox 253 5511 1734 5606">
     <span class='ocr_line' id='line_1_91' title="bbox 253 5511 1734 5606; baseline -0.022 -14"><span class='ocrx_word' id='word_1_699' title='bbox 393 5511 758 5606; x_wconf 53' lang='lat' dir='ltr'><strong>:et</strong></span> <span class='ocrx_word' id='word_1_700' title='bbox 800 5511 1072 5606; x_wconf 66' lang='lat' dir='ltr'><strong>I_t_:.thaitus.</strong></span> <span class='ocrx_word' id='word_1_701' title='bbox 1115 5521 1443 5606; x_wconf 18' lang='lat' dir='ltr'><strong>lﬁdjitliuvero,</strong></span> 
     </span>
    </p>
   </div>
   <div class='ocr_carea' id='block_1_90' title="bbox 190 5583 1730 5659">
    <p class='ocr_par' dir='ltr' id='par_1_90' title="bbox 190 5583 1730 5659">
     <span class='ocr_line' id='line_1_92' title="bbox 190 5583 1730 5659; baseline -0.018 -5"><span class='ocrx_word' id='word_1_702' title='bbox 190 5583 360 5659; x_wconf 61' lang='lat' dir='ltr'><strong>auiéfti</strong></span> <span class='ocrx_word' id='word_1_703' title='bbox 394 5583 641 5659; x_wconf 49' lang='lat' dir='ltr'><strong>licium;</strong></span> <span class='ocrx_word' id='word_1_704' title='bbox 694 5583 744 5652; x_wconf 83' lang='lat' dir='ltr'><strong>iu</strong></span> <span class='ocrx_word' id='word_1_705' title='bbox 811 5599 1024 5649; x_wconf 79' lang='lat' dir='ltr'><strong>Patrem</strong></span> <span class='ocrx_word' id='word_1_706' title='bbox 1076 5604 1132 5646; x_wconf 88' lang='lat' dir='ltr'><strong>et</strong></span> <span class='ocrx_word' id='word_1_707' title='bbox 1165 5588 1359 5659; x_wconf 77' lang='lat' dir='ltr'><strong>Filium</strong></span> <span class='ocrx_word' id='word_1_708' title='bbox 1389 5596 1442 5636; x_wconf 89' lang='lat' dir='ltr'><strong>et</strong></span> <span class='ocrx_word' id='word_1_709' title='bbox 1472 5583 1730 5659; x_wconf 79' lang='lat' dir='ltr'><strong>Spiritum</strong></span> 
     </span>
    </p>
   </div>
   <div class='ocr_carea' id='block_1_91' title="bbox 190 5651 1734 5741">
    <p class='ocr_par' dir='ltr' id='par_1_91' title="bbox 190 5651 1734 5741">
     <span class='ocr_line' id='line_1_93' title="bbox 190 5651 1734 5741; baseline -0.016 -17"><span class='ocrx_word' id='word_1_710' title='bbox 190 5688 446 5739; x_wconf 81' lang='lat' dir='ltr'><strong>sanctum,</strong></span> <span class='ocrx_word' id='word_1_711' title='bbox 473 5675 563 5741; x_wconf 90' lang='lat' dir='ltr'><strong>qui</strong></span> <span class='ocrx_word' id='word_1_712' title='bbox 608 5675 869 5738; x_wconf 81' lang='lat' dir='ltr'><strong>integram</strong></span> <span class='ocrx_word' id='word_1_713' title='bbox 903 5661 1284 5722; x_wconf 82' lang='lat' dir='ltr'><strong>substantiam,</strong></span> <span class='ocrx_word' id='word_1_714' title='bbox 1314 5651 1734 5725; x_wconf 83' lang='lat' dir='ltr'><strong>plettam,petie-</strong></span> 
     </span>
    </p>
   </div>
   <div class='ocr_carea' id='block_1_92' title="bbox 192 5747 652 5816">
    <p class='ocr_par' dir='ltr' id='par_1_92' title="bbox 192 5747 652 5816">
     <span class='ocr_line' id='line_1_94' title="bbox 192 5747 652 5816; baseline -0.009 -20"><span class='ocrx_word' id='word_1_715' title='bbox 192 5756 348 5812; x_wconf 85' lang='lat' dir='ltr'><strong>ctam,</strong></span> <span class='ocrx_word' id='word_1_716' title='bbox 377 5747 510 5816; x_wconf 62' lang='lat' dir='ltr'><strong>qui,»</strong></span> <span class='ocrx_word' id='word_1_717' title='bbox 548 5754 652 5797; x_wconf 83' lang='lat' dir='ltr'><strong>etc.</strong></span> 
     </span>
    </p>
   </div>
   <div class='ocr_carea' id='block_1_93' title="bbox 1287 5112 1797 5175">
    <p class='ocr_par' dir='ltr' id='par_1_93' title="bbox 1287 5112 1797 5175">
     <span class='ocr_line' id='line_1_95' title="bbox 1287 5112 1797 5175; baseline -0.016 -4"><span class='ocrx_word' id='word_1_718' title='bbox 1287 5121 1331 5151; x_wconf 81' lang='grc'><strong>³³</strong></span> <span class='ocrx_word' id='word_1_719' title='bbox 1361 5117 1401 5171; x_wconf 94' lang='lat' dir='ltr'><strong>ll</strong></span> <span class='ocrx_word' id='word_1_720' title='bbox 1436 5119 1562 5171; x_wconf 84' lang='lat' dir='ltr'><strong>Cor.</strong></span> <span class='ocrx_word' id='word_1_721' title='bbox 1596 5130 1678 5175; x_wconf 85' lang='grc' dir='ltr'>ιιι,</span> <span class='ocrx_word' id='word_1_722' title='bbox 1711 5112 1797 5165; x_wconf 85' lang='grc'>10.</span> 
     </span>
    </p>
   </div>
   <div class='ocr_carea' id='block_1_94' title="bbox 1825 3142 3383 3216">
    <p class='ocr_par' dir='ltr' id='par_1_94' title="bbox 1825 3142 3383 3216">
     <span class='ocr_line' id='line_1_96' title="bbox 1825 3142 3383 3216; baseline -0.009 -10"><span class='ocrx_word' id='word_1_723' title='bbox 1825 3161 1971 3206; x_wconf 67' lang='lat' dir='ltr'><strong>terte.</strong></span> <span class='ocrx_word' id='word_1_724' title='bbox 2030 3149 2144 3204; x_wconf 74' lang='lat' dir='ltr'><strong>Non</strong></span> <span class='ocrx_word' id='word_1_725' title='bbox 2191 3149 2372 3203; x_wconf 81' lang='lat' dir='ltr'><strong>dixit:</strong></span> <span class='ocrx_word' id='word_1_726' title='bbox 2407 3146 2632 3216; x_wconf 68' lang='lat' dir='ltr'><strong>(Neque</strong></span> <span class='ocrx_word' id='word_1_727' title='bbox 2688 3145 2832 3198; x_wconf 90' lang='lat' dir='ltr'><strong>enim</strong></span> <span class='ocrx_word' id='word_1_728' title='bbox 2886 3142 3243 3212; x_wconf 86' lang='lat' dir='ltr'><strong>gloriﬁcatum</strong></span> <span class='ocrx_word' id='word_1_729' title='bbox 3297 3147 3383 3194; x_wconf 91' lang='lat' dir='ltr'><strong>est</strong></span> 
     </span>
    </p>
   </div>
   <div class='ocr_carea' id='block_1_95' title="bbox 1819 3231 3379 3309">
    <p class='ocr_par' dir='ltr' id='par_1_95' title="bbox 1819 3231 3379 3309">
     <span class='ocr_line' id='line_1_97' title="bbox 1819 3231 3379 3309; baseline -0.006 -17"><span class='ocrx_word' id='word_1_730' title='bbox 1819 3241 1963 3309; x_wconf 91' lang='lat' dir='ltr'><strong>quod</strong></span> <span class='ocrx_word' id='word_1_731' title='bbox 1993 3239 2285 3309; x_wconf 86' lang='lat' dir='ltr'><strong>gloriosum</strong></span> <span class='ocrx_word' id='word_1_732' title='bbox 2321 3237 2494 3301; x_wconf 76' lang='lat' dir='ltr'><strong>est”,</strong></span> <span class='ocrx_word' id='word_1_733' title='bbox 2517 3254 2534 3286; x_wconf 73' lang='grc' dir='ltr'><strong>ι</strong></span> <span class='ocrx_word' id='word_1_734' title='bbox 2573 3243 2629 3289; x_wconf 92' lang='lat' dir='ltr'><strong>et</strong></span> <span class='ocrx_word' id='word_1_735' title='bbox 2679 3234 2860 3299; x_wconf 89' lang='lat' dir='ltr'><strong>siluit;</strong></span> <span class='ocrx_word' id='word_1_736' title='bbox 2914 3232 3149 3300; x_wconf 91' lang='lat' dir='ltr'><strong>alioquin</strong></span> <span class='ocrx_word' id='word_1_737' title='bbox 3186 3231 3379 3286; x_wconf 85' lang='lat' dir='ltr'><strong>falsum</strong></span> 
     </span>
    </p>
   </div>
   <div class='ocr_carea' id='block_1_96' title="bbox 1821 3324 3380 3400">
    <p class='ocr_par' dir='ltr' id='par_1_96' title="bbox 1821 3324 3380 3400">
     <span class='ocr_line' id='line_1_98' title="bbox 1821 3324 3380 3400; baseline -0.008 -14"><span class='ocrx_word' id='word_1_738' title='bbox 1821 3334 2096 3387; x_wconf 88' lang='lat' dir='ltr'><strong>videretur</strong></span> <span class='ocrx_word' id='word_1_739' title='bbox 2131 3329 2427 3400; x_wconf 69' lang='lat' dir='ltr'><strong>(quomodo</strong></span> <span class='ocrx_word' id='word_1_740' title='bbox 2461 3328 2604 3381; x_wconf 89' lang='lat' dir='ltr'><strong>enim</strong></span> <span class='ocrx_word' id='word_1_741' title='bbox 2639 3327 2782 3396; x_wconf 89' lang='lat' dir='ltr'><strong>quod</strong></span> <span class='ocrx_word' id='word_1_742' title='bbox 2824 3324 3120 3395; x_wconf 87' lang='lat' dir='ltr'><strong>gloriosum</strong></span> <span class='ocrx_word' id='word_1_743' title='bbox 3163 3330 3248 3376; x_wconf 92' lang='lat' dir='ltr'><strong>est</strong></span> <span class='ocrx_word' id='word_1_744' title='bbox 3276 3337 3380 3376; x_wconf 91' lang='lat' dir='ltr'><strong>non</strong></span> 
     </span>
    </p>
   </div>
   <div class='ocr_carea' id='block_1_97' title="bbox 1819 3413 3380 3493">
    <p class='ocr_par' dir='ltr' id='par_1_97' title="bbox 1819 3413 3380 3493">
     <span class='ocr_line' id='line_1_99' title="bbox 1819 3413 3380 3493; baseline -0.009 -15"><span class='ocrx_word' id='word_1_745' title='bbox 1819 3434 1962 3478; x_wconf 86' lang='lat' dir='ltr'><strong>esset</strong></span> <span class='ocrx_word' id='word_1_746' title='bbox 2003 3420 2468 3493; x_wconf 82' lang='lat' dir='ltr'><strong>gloriﬁcatutn?),</strong></span> <span class='ocrx_word' id='word_1_747' title='bbox 2516 3419 2611 3472; x_wconf 84' lang='lat' dir='ltr'><strong>sed</strong></span> <span class='ocrx_word' id='word_1_748' title='bbox 2659 3415 2901 3471; x_wconf 87' lang='lat' dir='ltr'><strong>addidit:</strong></span> <span class='ocrx_word' id='word_1_749' title='bbox 2945 3432 2963 3465; x_wconf 73' lang='grc' dir='ltr'><strong>ι</strong></span> <span class='ocrx_word' id='word_1_750' title='bbox 2990 3413 3217 3484; x_wconf 83' lang='lat' dir='ltr'><strong>Propter</strong></span> <span class='ocrx_word' id='word_1_751' title='bbox 3259 3427 3380 3467; x_wconf 87' lang='lat' dir='ltr'><strong>eam</strong></span> 
     </span>
    </p>
   </div>
   <div class='ocr_carea' id='block_1_98' title="bbox 1821 3503 3380 3586">
    <p class='ocr_par' dir='ltr' id='par_1_98' title="bbox 1821 3503 3380 3586">
     <span class='ocr_line' id='line_1_100' title="bbox 1821 3503 3380 3586; baseline -0.01 -16"><span class='ocrx_word' id='word_1_752' title='bbox 1821 3534 1940 3586; x_wconf 77' lang='lat' dir='ltr'><strong>qua:</strong></span> <span class='ocrx_word' id='word_1_753' title='bbox 1994 3514 2361 3584; x_wconf 86' lang='lat' dir='ltr'><strong>supereminet</strong></span> <span class='ocrx_word' id='word_1_754' title='bbox 2429 3511 2656 3581; x_wconf 88' lang='lat' dir='ltr'><strong>gloriam</strong></span> <span class='ocrx_word' id='word_1_755' title='bbox 2691 3525 2743 3574; x_wconf 78' lang='grc'><strong>;›</strong></span> <span class='ocrx_word' id='word_1_756' title='bbox 2778 3516 2834 3561; x_wconf 81' lang='grc' dir='ltr'><strong>ιιι</strong></span> <span class='ocrx_word' id='word_1_757' title='bbox 2888 3503 3197 3561; x_wconf 90' lang='lat' dir='ltr'><strong>ostenderet</strong></span> <span class='ocrx_word' id='word_1_758' title='bbox 3275 3518 3380 3556; x_wconf 92' lang='lat' dir='ltr'><strong>non</strong></span> 
     </span>
    </p>
   </div>
   <div class='ocr_carea' id='block_1_99' title="bbox 1822 3595 3381 3678">
    <p class='ocr_par' dir='ltr' id='par_1_99' title="bbox 1822 3595 3381 3678">
     <span class='ocr_line' id='line_1_101' title="bbox 1822 3595 3381 3678; baseline -0.01 -15"><span class='ocrx_word' id='word_1_759' title='bbox 1822 3625 1850 3663; x_wconf 92' lang='lat' dir='ltr'><strong>a</strong></span> <span class='ocrx_word' id='word_1_760' title='bbox 1886 3622 2206 3678; x_wconf 90' lang='lat' dir='ltr'><strong>quocunque</strong></span> <span class='ocrx_word' id='word_1_761' title='bbox 2261 3605 2464 3658; x_wconf 87' lang='lat' dir='ltr'><strong>destrui</strong></span> <span class='ocrx_word' id='word_1_762' title='bbox 2511 3602 2764 3672; x_wconf 87' lang='lat' dir='ltr'><strong>gloriam.</strong></span> <span class='ocrx_word' id='word_1_763' title='bbox 2791 3599 2984 3670; x_wconf 89' lang='lat' dir='ltr'><strong>Moysi,</strong></span> <span class='ocrx_word' id='word_1_764' title='bbox 3013 3599 3064 3650; x_wconf 94' lang='lat' dir='ltr'><strong>id</strong></span> <span class='ocrx_word' id='word_1_765' title='bbox 3111 3605 3194 3650; x_wconf 90' lang='lat' dir='ltr'><strong>est</strong></span> <span class='ocrx_word' id='word_1_766' title='bbox 3225 3595 3381 3664; x_wconf 84' lang='lat' dir='ltr'><strong>legis,</strong></span> 
     </span>
    </p>
   </div>
   <div class='ocr_carea' id='block_1_100' title="bbox 1823 3688 3384 3765">
    <p class='ocr_par' dir='ltr' id='par_1_100' title="bbox 1823 3688 3384 3765">
     <span class='ocr_line' id='line_1_102' title="bbox 1823 3688 3384 3765; baseline -0.012 -10"><span class='ocrx_word' id='word_1_767' title='bbox 1823 3701 1939 3765; x_wconf 87' lang='lat' dir='ltr'><strong>sed,</strong></span> <span class='ocrx_word' id='word_1_768' title='bbox 1984 3709 2039 3752; x_wconf 90' lang='lat' dir='ltr'><strong>ut</strong></span> <span class='ocrx_word' id='word_1_769' title='bbox 2093 3698 2354 3759; x_wconf 78' lang='lat' dir='ltr'><strong>diximus,</strong></span> <span class='ocrx_word' id='word_1_770' title='bbox 2388 3709 2453 3746; x_wconf 80' lang='lat' dir='ltr'><strong>ex</strong></span> <span class='ocrx_word' id='word_1_771' title='bbox 2498 3691 2905 3760; x_wconf 82' lang='lat' dir='ltr'><strong>comparatione</strong></span> <span class='ocrx_word' id='word_1_772' title='bbox 2941 3688 3164 3758; x_wconf 85' lang='lat' dir='ltr'><strong>majoris</strong></span> <span class='ocrx_word' id='word_1_773' title='bbox 3197 3688 3384 3756; x_wconf 76' lang='lat' dir='ltr'><strong>gloria:</strong></span> 
     </span>
    </p>
   </div>
   <div class='ocr_carea' id='block_1_101' title="bbox 1822 3777 3383 3860">
    <p class='ocr_par' dir='ltr' id='par_1_101' title="bbox 1822 3777 3383 3860">
     <span class='ocr_line' id='line_1_103' title="bbox 1822 3777 3383 3860; baseline -0.01 -17"><span class='ocrx_word' id='word_1_774' title='bbox 1822 3806 1940 3860; x_wconf 72' lang='lat' dir='ltr'><strong>qua:</strong></span> <span class='ocrx_word' id='word_1_775' title='bbox 1971 3790 2022 3843; x_wconf 93' lang='lat' dir='ltr'><strong>in</strong></span> <span class='ocrx_word' id='word_1_776' title='bbox 2048 3788 2267 3841; x_wconf 87' lang='lat' dir='ltr'><strong>Christo</strong></span> <span class='ocrx_word' id='word_1_777' title='bbox 2296 3794 2401 3850; x_wconf 92' lang='lat' dir='ltr'><strong>cst,</strong></span> <span class='ocrx_word' id='word_1_778' title='bbox 2430 3782 2606 3850; x_wconf 83' lang='lat' dir='ltr'><strong>obtegi</strong></span> <span class='ocrx_word' id='word_1_779' title='bbox 2635 3791 2688 3834; x_wconf 89' lang='lat' dir='ltr'><strong>et</strong></span> <span class='ocrx_word' id='word_1_780' title='bbox 2712 3779 2990 3834; x_wconf 70' lang='lat' dir='ltr'><strong>obseurari</strong></span> <span class='ocrx_word' id='word_1_781' title='bbox 3021 3794 3137 3832; x_wconf 88' lang='lat' dir='ltr'><strong>eam</strong></span> <span class='ocrx_word' id='word_1_782' title='bbox 3159 3777 3383 3843; x_wconf 89' lang='lat' dir='ltr'><strong>gloriam</strong></span> 
     </span>
    </p>
   </div>
   <div class='ocr_carea' id='block_1_102' title="bbox 1823 3868 3386 3957">
    <p class='ocr_par' dir='ltr' id='par_1_102' title="bbox 1823 3868 3386 3957">
     <span class='ocr_line' id='line_1_104' title="bbox 1823 3868 3386 3957; baseline -0.012 -18"><span class='ocrx_word' id='word_1_783' title='bbox 1823 3901 1941 3957; x_wconf 61' lang='lat' dir='ltr'><strong>quae</strong></span> <span class='ocrx_word' id='word_1_784' title='bbox 1967 3885 2018 3938; x_wconf 90' lang='lat' dir='ltr'><strong>in</strong></span> <span class='ocrx_word' id='word_1_785' title='bbox 2060 3882 2176 3951; x_wconf 89' lang='lat' dir='ltr'><strong>lege</strong></span> <span class='ocrx_word' id='word_1_786' title='bbox 2204 3889 2314 3944; x_wconf 89' lang='lat' dir='ltr'><strong>est;</strong></span> <span class='ocrx_word' id='word_1_787' title='bbox 2337 3887 2391 3929; x_wconf 90' lang='lat' dir='ltr'><strong>et</strong></span> <span class='ocrx_word' id='word_1_788' title='bbox 2421 3877 2542 3930; x_wconf 91' lang='lat' dir='ltr'><strong>ideo</strong></span> <span class='ocrx_word' id='word_1_789' title='bbox 2594 3874 2761 3928; x_wconf 88' lang='lat' dir='ltr'><strong>dicit:</strong></span> <span class='ocrx_word' id='word_1_790' title='bbox 2797 3891 2815 3922; x_wconf 76' lang='grc' dir='ltr'><strong>ι</strong></span> <span class='ocrx_word' id='word_1_791' title='bbox 2843 3872 2899 3926; x_wconf 90' lang='lat' dir='ltr'><strong>Si</strong></span> <span class='ocrx_word' id='word_1_792' title='bbox 2928 3871 3070 3924; x_wconf 89' lang='lat' dir='ltr'><strong>enim</strong></span> <span class='ocrx_word' id='word_1_793' title='bbox 3118 3869 3258 3937; x_wconf 85' lang='lat' dir='ltr'><strong>quod</strong></span> <span class='ocrx_word' id='word_1_794' title='bbox 3290 3868 3386 3922; x_wconf 89' lang='lat' dir='ltr'><strong>de-</strong></span> 
     </span>
    </p>
   </div>
   <div class='ocr_carea' id='block_1_103' title="bbox 1822 3963 3385 4046">
    <p class='ocr_par' dir='ltr' id='par_1_103' title="bbox 1822 3963 3385 4046">
     <span class='ocr_line' id='line_1_105' title="bbox 1822 3963 3385 4046; baseline -0.016 -10"><span class='ocrx_word' id='word_1_795' title='bbox 1822 3981 2074 4040; x_wconf 81' lang='lat' dir='ltr'><strong>struitur.</strong></span> <span class='ocrx_word' id='word_1_796' title='bbox 2106 3991 2201 4046; x_wconf 90' lang='lat' dir='ltr'><strong>per</strong></span> <span class='ocrx_word' id='word_1_797' title='bbox 2226 3973 2453 4044; x_wconf 88' lang='lat' dir='ltr'><strong>gloriam</strong></span> <span class='ocrx_word' id='word_1_798' title='bbox 2485 3978 2598 4033; x_wconf 89' lang='lat' dir='ltr'><strong>est;</strong></span> <span class='ocrx_word' id='word_1_799' title='bbox 2631 3966 2798 4021; x_wconf 90' lang='lat' dir='ltr'><strong>multo</strong></span> <span class='ocrx_word' id='word_1_800' title='bbox 2827 3965 2995 4034; x_wconf 86' lang='lat' dir='ltr'><strong>magis</strong></span> <span class='ocrx_word' id='word_1_801' title='bbox 3019 3963 3160 4032; x_wconf 89' lang='lat' dir='ltr'><strong>quod</strong></span> <span class='ocrx_word' id='word_1_802' title='bbox 3183 3973 3385 4023; x_wconf 87' lang='lat' dir='ltr'><strong>manet,</strong></span> 
     </span>
    </p>
   </div>
   <div class='ocr_carea' id='block_1_104' title="bbox 1825 4055 3386 4140">
    <p class='ocr_par' dir='ltr' id='par_1_104' title="bbox 1825 4055 3386 4140">
     <span class='ocr_line' id='line_1_106' title="bbox 1825 4055 3386 4140; baseline -0.015 -13"><span class='ocrx_word' id='word_1_803' title='bbox 1825 4075 1877 4126; x_wconf 90' lang='lat' dir='ltr'><strong>in</strong></span> <span class='ocrx_word' id='word_1_804' title='bbox 1919 4071 2089 4140; x_wconf 87' lang='lat' dir='ltr'><strong>gloria</strong></span> <span class='ocrx_word' id='word_1_805' title='bbox 2146 4077 2229 4122; x_wconf 86' lang='lat' dir='ltr'><strong>est</strong></span> <span class='ocrx_word' id='word_1_806' title='bbox 2252 4065 2320 4119; x_wconf 69' lang='grc'><strong>³⁸.</strong></span> <span class='ocrx_word' id='word_1_807' title='bbox 2350 4083 2367 4116; x_wconf 70' lang='grc' dir='ltr'><strong>ι</strong></span> <span class='ocrx_word' id='word_1_808' title='bbox 2398 4063 2617 4116; x_wconf 83' lang='lat' dir='ltr'><strong>Manere</strong></span> <span class='ocrx_word' id='word_1_809' title='bbox 2667 4075 2784 4127; x_wconf 69' lang='lat' dir='ltr'><strong>qua:</strong></span> <span class='ocrx_word' id='word_1_810' title='bbox 2815 4056 3017 4110; x_wconf 61' lang='lat' dir='ltr'><strong>Christi</strong></span> <span class='ocrx_word' id='word_1_811' title='bbox 3069 4064 3194 4108; x_wconf 89' lang='lat' dir='ltr'><strong>sunt</strong></span> <span class='ocrx_word' id='word_1_812' title='bbox 3235 4055 3386 4116; x_wconf 89' lang='lat' dir='ltr'><strong>dicit,</strong></span> 
     </span>
    </p>
   </div>
   <div class='ocr_carea' id='block_1_105' title="bbox 1825 4145 3390 4230">
    <p class='ocr_par' dir='ltr' id='par_1_105' title="bbox 1825 4145 3390 4230">
     <span class='ocr_line' id='line_1_107' title="bbox 1825 4145 3390 4230; baseline -0.015 -10"><span class='ocrx_word' id='word_1_813' title='bbox 1825 4165 2026 4220; x_wconf 90' lang='lat' dir='ltr'><strong>destrui</strong></span> <span class='ocrx_word' id='word_1_814' title='bbox 2058 4176 2177 4230; x_wconf 68' lang='lat' dir='ltr'><strong>qum</strong></span> <span class='ocrx_word' id='word_1_815' title='bbox 2207 4157 2375 4228; x_wconf 86' lang='lat' dir='ltr'><strong>Moysi</strong></span> <span class='ocrx_word' id='word_1_816' title='bbox 2409 4166 2534 4210; x_wconf 90' lang='lat' dir='ltr'><strong>sunt</strong></span> <span class='ocrx_word' id='word_1_817' title='bbox 2563 4169 2578 4207; x_wconf 87' lang='lat'><strong>:</strong></span> <span class='ocrx_word' id='word_1_818' title='bbox 2611 4153 2704 4206; x_wconf 90' lang='lat' dir='ltr'><strong>sed</strong></span> <span class='ocrx_word' id='word_1_819' title='bbox 2755 4147 2955 4204; x_wconf 87' lang='lat' dir='ltr'><strong>destrui</strong></span> <span class='ocrx_word' id='word_1_820' title='bbox 2996 4162 3101 4200; x_wconf 91' lang='lat' dir='ltr'><strong>non</strong></span> <span class='ocrx_word' id='word_1_821' title='bbox 3150 4161 3244 4214; x_wconf 90' lang='lat' dir='ltr'><strong>per</strong></span> <span class='ocrx_word' id='word_1_822' title='bbox 3293 4145 3390 4198; x_wconf 90' lang='lat' dir='ltr'><strong>ho-</strong></span> 
     </span>
    </p>
   </div>
   <div class='ocr_carea' id='block_1_106' title="bbox 1825 4238 3390 4317">
    <p class='ocr_par' dir='ltr' id='par_1_106' title="bbox 1825 4238 3390 4317">
     <span class='ocr_line' id='line_1_108' title="bbox 1825 4238 3390 4317; baseline -0.015 -7"><span class='ocrx_word' id='word_1_823' title='bbox 1825 4257 2048 4317; x_wconf 90' lang='lat' dir='ltr'><strong>minem,</strong></span> <span class='ocrx_word' id='word_1_824' title='bbox 2074 4252 2168 4307; x_wconf 92' lang='lat' dir='ltr'><strong>sed</strong></span> <span class='ocrx_word' id='word_1_825' title='bbox 2199 4265 2264 4304; x_wconf 78' lang='lat' dir='ltr'><strong>ex</strong></span> <span class='ocrx_word' id='word_1_826' title='bbox 2301 4244 2730 4314; x_wconf 87' lang='lat' dir='ltr'><strong>comparatione,</strong></span> <span class='ocrx_word' id='word_1_827' title='bbox 2759 4250 2815 4292; x_wconf 94' lang='lat' dir='ltr'><strong>ut</strong></span> <span class='ocrx_word' id='word_1_828' title='bbox 2851 4238 3104 4301; x_wconf 81' lang='lat' dir='ltr'><strong>diximus,</strong></span> <span class='ocrx_word' id='word_1_829' title='bbox 3132 4249 3390 4302; x_wconf 85' lang='lat' dir='ltr'><strong>superve-</strong></span> 
     </span>
    </p>
   </div>
   <div class='ocr_carea' id='block_1_107' title="bbox 1828 4327 3390 4414">
    <p class='ocr_par' dir='ltr' id='par_1_107' title="bbox 1828 4327 3390 4414">
     <span class='ocr_line' id='line_1_109' title="bbox 1828 4327 3390 4414; baseline -0.016 -12"><span class='ocrx_word' id='word_1_830' title='bbox 1828 4347 2028 4402; x_wconf 89' lang='lat' dir='ltr'><strong>nientis</strong></span> <span class='ocrx_word' id='word_1_831' title='bbox 2057 4342 2168 4414; x_wconf 74' lang='lat'><strong>(20)</strong></span> <span class='ocrx_word' id='word_1_832' title='bbox 2195 4339 2412 4410; x_wconf 56' lang='lat' dir='ltr'><strong>gloriae;</strong></span> <span class='ocrx_word' id='word_1_833' title='bbox 2439 4335 2693 4403; x_wconf 88' lang='lat' dir='ltr'><strong>quoniam</strong></span> <span class='ocrx_word' id='word_1_834' title='bbox 2722 4332 2938 4401; x_wconf 92' lang='lat' dir='ltr'><strong>quidem</strong></span> <span class='ocrx_word' id='word_1_835' title='bbox 2977 4346 2996 4379; x_wconf 75' lang='grc' dir='ltr'><strong>ι</strong></span> <span class='ocrx_word' id='word_1_836' title='bbox 3029 4329 3109 4381; x_wconf 88' lang='lat' dir='ltr'><strong>lex</strong></span> <span class='ocrx_word' id='word_1_837' title='bbox 3141 4327 3390 4395; x_wconf 83' lang='lat' dir='ltr'><strong>p:cdago-</strong></span> 
     </span>
    </p>
   </div>
   <div class='ocr_carea' id='block_1_108' title="bbox 1831 4414 3390 4510">
    <p class='ocr_par' dir='ltr' id='par_1_108' title="bbox 1831 4414 3390 4510">
     <span class='ocr_line' id='line_1_110' title="bbox 1831 4414 3390 4510; baseline -0.017 -17"><span class='ocrx_word' id='word_1_838' title='bbox 1831 4454 1928 4510; x_wconf 88' lang='lat' dir='ltr'><strong>gus</strong></span> <span class='ocrx_word' id='word_1_839' title='bbox 1961 4447 2145 4491; x_wconf 89' lang='lat' dir='ltr'><strong>noster</strong></span> <span class='ocrx_word' id='word_1_840' title='bbox 2176 4433 2276 4486; x_wconf 86' lang='lat' dir='ltr'><strong>fuit</strong></span> <span class='ocrx_word' id='word_1_841' title='bbox 2316 4430 2368 4482; x_wconf 91' lang='lat' dir='ltr'><strong>in</strong></span> <span class='ocrx_word' id='word_1_842' title='bbox 2412 4428 2632 4482; x_wconf 81' lang='lat' dir='ltr'><strong>Christo</strong></span> <span class='ocrx_word' id='word_1_843' title='bbox 2662 4442 2679 4473; x_wconf 77' lang='grc' dir='ltr'><strong>ι</strong></span> <span class='ocrx_word' id='word_1_844' title='bbox 2710 4425 2880 4476; x_wconf 88' lang='lat' dir='ltr'><strong>donec</strong></span> <span class='ocrx_word' id='word_1_845' title='bbox 2921 4419 3129 4471; x_wconf 87' lang='lat' dir='ltr'><strong>veniret</strong></span> <span class='ocrx_word' id='word_1_846' title='bbox 3170 4434 3188 4466; x_wconf 75' lang='grc' dir='ltr'><strong>ι</strong></span> <span class='ocrx_word' id='word_1_847' title='bbox 3215 4414 3390 4484; x_wconf 67' lang='lat' dir='ltr'><strong>pleni»</strong></span> 
     </span>
    </p>
   </div>
   <div class='ocr_carea' id='block_1_109' title="bbox 1830 4507 3390 4596">
    <p class='ocr_par' dir='ltr' id='par_1_109' title="bbox 1830 4507 3390 4596">
     <span class='ocr_line' id='line_1_111' title="bbox 1830 4507 3390 4596; baseline -0.018 -11"><span class='ocrx_word' id='word_1_848' title='bbox 1830 4507 1961 4586; x_wconf 77' lang='lat' dir='ltr'><strong>tudo</strong></span> <span class='ocrx_word' id='word_1_849' title='bbox 1998 4523 2391 4596; x_wconf 72' lang='lat' dir='ltr'><strong>temporum”;</strong></span> <span class='ocrx_word' id='word_1_850' title='bbox 2417 4538 2435 4571; x_wconf 77' lang='grc' dir='ltr'><strong>ι</strong></span> <span class='ocrx_word' id='word_1_851' title='bbox 2465 4529 2538 4582; x_wconf 92' lang='lat' dir='ltr'><strong>et,</strong></span> <span class='ocrx_word' id='word_1_852' title='bbox 2570 4516 2708 4570; x_wconf 92' lang='lat' dir='ltr'><strong>sicut</strong></span> <span class='ocrx_word' id='word_1_853' title='bbox 2741 4511 2994 4575; x_wconf 88' lang='lat' dir='ltr'><strong>dicimus,</strong></span> <span class='ocrx_word' id='word_1_854' title='bbox 3027 4507 3390 4562; x_wconf 86' lang='lat' dir='ltr'><strong>necessarium</strong></span> 
     </span>
    </p>
   </div>
   <div class='ocr_carea' id='block_1_110' title="bbox 1829 4597 3392 4688">
    <p class='ocr_par' dir='ltr' id='par_1_110' title="bbox 1829 4597 3392 4688">
     <span class='ocr_line' id='line_1_112' title="bbox 1829 4597 3392 4688; baseline -0.018 -10"><span class='ocrx_word' id='word_1_855' title='bbox 1829 4639 1950 4678; x_wconf 89' lang='lat' dir='ltr'><strong>esse</strong></span> <span class='ocrx_word' id='word_1_856' title='bbox 1974 4634 2111 4688; x_wconf 79' lang='lat' dir='ltr'><strong>Opus</strong></span> <span class='ocrx_word' id='word_1_857' title='bbox 2163 4612 2464 4686; x_wconf 71' lang='lat' dir='ltr'><strong>ptedagogi,</strong></span> <span class='ocrx_word' id='word_1_858' title='bbox 2493 4611 2661 4664; x_wconf 90' lang='lat' dir='ltr'><strong>donec</strong></span> <span class='ocrx_word' id='word_1_859' title='bbox 2693 4603 2955 4674; x_wconf 85' lang='lat' dir='ltr'><strong>parvulus</strong></span> <span class='ocrx_word' id='word_1_860' title='bbox 2985 4611 3067 4654; x_wconf 88' lang='lat' dir='ltr'><strong>est</strong></span> <span class='ocrx_word' id='word_1_861' title='bbox 3097 4601 3144 4653; x_wconf 91' lang='lat' dir='ltr'><strong>is</strong></span> <span class='ocrx_word' id='word_1_862' title='bbox 3169 4598 3260 4667; x_wconf 90' lang='lat' dir='ltr'><strong>qui</strong></span> <span class='ocrx_word' id='word_1_863' title='bbox 3293 4597 3392 4650; x_wconf 91' lang='lat' dir='ltr'><strong>sub</strong></span> 
     </span>
    </p>
   </div>
   <div class='ocr_carea' id='block_1_111' title="bbox 1832 4703 3392 4784">
    <p class='ocr_par' dir='ltr' id='par_1_111' title="bbox 1832 4703 3392 4784">
     <span class='ocr_line' id='line_1_113' title="bbox 1832 4703 3392 4784; baseline -0.017 -17"><span class='ocrx_word' id='word_1_864' title='bbox 1832 4714 2120 4784; x_wconf 74' lang='lat' dir='ltr'><strong>pzcdagogo</strong></span> <span class='ocrx_word' id='word_1_865' title='bbox 2152 4717 2254 4770; x_wconf 89' lang='lat' dir='ltr'><strong>est,</strong></span> <span class='ocrx_word' id='word_1_866' title='bbox 2286 4703 2490 4758; x_wconf 89' lang='lat' dir='ltr'><strong>destrui</strong></span> <span class='ocrx_word' id='word_1_867' title='bbox 2536 4709 2713 4753; x_wconf 90' lang='lat' dir='ltr'><strong>autem</strong></span> <span class='ocrx_word' id='word_1_868' title='bbox 2748 4707 2802 4750; x_wconf 89' lang='lat' dir='ltr'><strong>et</strong></span> <span class='ocrx_word' id='word_1_869' title='bbox 2851 4711 2956 4748; x_wconf 89' lang='lat' dir='ltr'><strong>non</strong></span> <span class='ocrx_word' id='word_1_870' title='bbox 2988 4707 3111 4746; x_wconf 89' lang='lat' dir='ltr'><strong>esse</strong></span> <span class='ocrx_word' id='word_1_871' title='bbox 3141 4705 3392 4745; x_wconf 85' lang='lat' dir='ltr'><strong>necessa-</strong></span> 
     </span>
    </p>
   </div>
   <div class='ocr_carea' id='block_1_112' title="bbox 1835 4785 3394 4866">
    <p class='ocr_par' dir='ltr' id='par_1_112' title="bbox 1835 4785 3394 4866">
     <span class='ocr_line' id='line_1_114' title="bbox 1835 4785 3394 4866; baseline -0.017 -7"><span class='ocrx_word' id='word_1_872' title='bbox 1835 4807 1972 4859; x_wconf 90' lang='lat' dir='ltr'><strong>rium</strong></span> <span class='ocrx_word' id='word_1_873' title='bbox 2016 4802 2249 4855; x_wconf 78' lang='lat' dir='ltr'><strong>ollicium</strong></span> <span class='ocrx_word' id='word_1_874' title='bbox 2291 4795 2583 4866; x_wconf 65' lang='lat' dir='ltr'><strong>paulagogi,</strong></span> <span class='ocrx_word' id='word_1_875' title='bbox 2616 4806 2738 4845; x_wconf 89' lang='lat' dir='ltr'><strong>cum</strong></span> <span class='ocrx_word' id='word_1_876' title='bbox 2775 4790 2841 4841; x_wconf 88' lang='lat' dir='ltr'><strong>ad</strong></span> <span class='ocrx_word' id='word_1_877' title='bbox 2877 4785 3261 4855; x_wconf 89' lang='lat' dir='ltr'><strong>perfectionem</strong></span> <span class='ocrx_word' id='word_1_878' title='bbox 3303 4795 3394 4834; x_wconf 88' lang='lat' dir='ltr'><strong>ve-</strong></span> 
     </span>
    </p>
   </div>
   <div class='ocr_carea' id='block_1_113' title="bbox 1837 4873 3396 4964">
    <p class='ocr_par' dir='ltr' id='par_1_113' title="bbox 1837 4873 3396 4964">
     <span class='ocr_line' id='line_1_115' title="bbox 1837 4873 3396 4964; baseline -0.018 -10"><span class='ocrx_word' id='word_1_879' title='bbox 1837 4899 1978 4954; x_wconf 93' lang='lat' dir='ltr'><strong>nerit</strong></span> <span class='ocrx_word' id='word_1_880' title='bbox 2000 4897 2045 4950; x_wconf 93' lang='lat' dir='ltr'><strong>is</strong></span> <span class='ocrx_word' id='word_1_881' title='bbox 2077 4893 2167 4964; x_wconf 91' lang='lat' dir='ltr'><strong>qui</strong></span> <span class='ocrx_word' id='word_1_882' title='bbox 2198 4892 2296 4945; x_wconf 91' lang='lat' dir='ltr'><strong>sub</strong></span> <span class='ocrx_word' id='word_1_883' title='bbox 2324 4889 2614 4956; x_wconf 67' lang='lat' dir='ltr'><strong>paedagogo</strong></span> <span class='ocrx_word' id='word_1_884' title='bbox 2641 4884 2779 4948; x_wconf 82' lang='lat' dir='ltr'><strong>fuit;</strong></span> <span class='ocrx_word' id='word_1_885' title='bbox 2810 4882 2882 4935; x_wconf 87' lang='lat' dir='ltr'><strong>ita</strong></span> <span class='ocrx_word' id='word_1_886' title='bbox 2911 4879 3146 4934; x_wconf 89' lang='lat' dir='ltr'><strong>dicimus</strong></span> <span class='ocrx_word' id='word_1_887' title='bbox 3190 4873 3396 4930; x_wconf 88' lang='lat' dir='ltr'><strong>destrui</strong></span> 
     </span>
    </p>
   </div>
   <div class='ocr_carea' id='block_1_114' title="bbox 1834 5013 3393 5097">
    <p class='ocr_par' dir='ltr' id='par_1_114' title="bbox 1834 5013 3393 5097">
     <span class='ocr_line' id='line_1_116' title="bbox 1834 5013 3393 5097; baseline -0.015 -6"><span class='ocrx_word' id='word_1_888' title='bbox 1834 5039 1880 5070; x_wconf 71' lang='grc'><strong>’⁸</strong></span> <span class='ocrx_word' id='word_1_889' title='bbox 1908 5037 2066 5090; x_wconf 84' lang='lat' dir='ltr'><strong>.loan.</strong></span> <span class='ocrx_word' id='word_1_890' title='bbox 2098 5049 2150 5097; x_wconf 91' lang='lat' dir='ltr'><strong>v,</strong></span> <span class='ocrx_word' id='word_1_891' title='bbox 2176 5031 2266 5085; x_wconf 67' lang='grc'><strong>45.</strong></span> <span class='ocrx_word' id='word_1_892' title='bbox 2388 5029 2433 5061; x_wconf 81' lang='grc'><strong><em>²⁹</em></strong></span> <span class='ocrx_word' id='word_1_893' title='bbox 2460 5025 2503 5080; x_wconf 83' lang='grc' dir='ltr'><strong>ιι</strong></span> <span class='ocrx_word' id='word_1_894' title='bbox 2527 5025 2650 5080; x_wconf 93' lang='lat' dir='ltr'><strong>Cor.</strong></span> <span class='ocrx_word' id='word_1_895' title='bbox 2681 5038 2779 5097; x_wconf 76' lang='lat' dir='ltr'><strong>ttt,_</strong></span> <span class='ocrx_word' id='word_1_896' title='bbox 2801 5024 2856 5087; x_wconf 86' lang='lat'><strong>7,</strong></span> <span class='ocrx_word' id='word_1_897' title='bbox 2887 5021 2940 5078; x_wconf 89' lang='lat'><strong>8.</strong></span> <span class='ocrx_word' id='word_1_898' title='bbox 3037 5017 3082 5048; x_wconf 75' lang='grc' dir='ltr'><strong>⁸ο</strong></span> <span class='ocrx_word' id='word_1_899' title='bbox 3114 5013 3246 5070; x_wconf 88' lang='lat' dir='ltr'><strong>ibid.</strong></span> <span class='ocrx_word' id='word_1_900' title='bbox 3303 5013 3393 5069; x_wconf 83' lang='grc'>11.</span> 
     </span>
    </p>
   </div>
   <div class='ocr_carea' id='block_1_115' title="bbox 1901 5093 2808 5160">
    <p class='ocr_par' dir='ltr' id='par_1_115' title="bbox 1901 5093 2808 5160">
     <span class='ocr_line' id='line_1_117' title="bbox 1901 5093 2808 5160; baseline -0.018 0"><span class='ocrx_word' id='word_1_901' title='bbox 1901 5108 1944 5139; x_wconf 69' lang='grc'><strong>³⁸</strong></span> <span class='ocrx_word' id='word_1_902' title='bbox 1969 5107 2098 5160; x_wconf 88' lang='lat' dir='ltr'><strong>ibid.</strong></span> <span class='ocrx_word' id='word_1_903' title='bbox 2133 5093 2220 5156; x_wconf 86' lang='grc'>11.</span> <span class='ocrx_word' id='word_1_904' title='bbox 2322 5100 2366 5131; x_wconf 78' lang='grc'><strong>³⁵</strong></span> <span class='ocrx_word' id='word_1_905' title='bbox 2394 5098 2568 5153; x_wconf 84' lang='lat' dir='ltr'><strong>Galat.</strong></span> <span class='ocrx_word' id='word_1_906' title='bbox 2606 5110 2690 5160; x_wconf 87' lang='grc' dir='ltr'>ιιι,</span> <span class='ocrx_word' id='word_1_907' title='bbox 2719 5093 2808 5146; x_wconf 69' lang='grc'><strong>24.</strong></span> 
     </span>
    </p>
   </div>
   <div class='ocr_carea' id='block_1_116' title="bbox 1911 5199 3398 5296">
    <p class='ocr_par' dir='ltr' id='par_1_116' title="bbox 1911 5199 3398 5296">
     <span class='ocr_line' id='line_1_118' title="bbox 1911 5199 3398 5296; baseline -0.018 -17"><span class='ocrx_word' id='word_1_908' title='bbox 1911 5225 2024 5296; x_wconf 86' lang='grc'>(17)</span> <span class='ocrx_word' id='word_1_909' title='bbox 2045 5223 2134 5278; x_wconf 90' lang='lat' dir='ltr'><strong>Sic</strong></span> <span class='ocrx_word' id='word_1_910' title='bbox 2157 5235 2295 5296; x_wconf 83' lang='lat' dir='ltr'><strong>mss.</strong></span> <span class='ocrx_word' id='word_1_911' title='bbox 2318 5219 2387 5272; x_wconf 83' lang='lat' dir='ltr'><strong>At</strong></span> <span class='ocrx_word' id='word_1_912' title='bbox 2421 5217 2694 5296; x_wconf 77' lang='lat' dir='ltr'><strong>Rabanus,</strong></span> <span class='ocrx_word' id='word_1_913' title='bbox 2725 5229 2743 5262; x_wconf 77' lang='grc' dir='ltr'><strong>ι</strong></span> <span class='ocrx_word' id='word_1_914' title='bbox 2766 5225 2893 5296; x_wconf 71' lang='lat' dir='ltr'><strong>eum</strong></span> <span class='ocrx_word' id='word_1_915' title='bbox 2917 5199 3398 5296; x_wconf 10' lang='lat' dir='ltr'><strong>iqiprtesenti</strong></span> 
     </span>
    </p>
   </div>
   <div class='ocr_carea' id='block_1_117' title="bbox 1841 5271 3393 5354">
    <p class='ocr_par' dir='ltr' id='par_1_117' title="bbox 1841 5271 3393 5354">
     <span class='ocr_line' id='line_1_119' title="bbox 1841 5271 3393 5354; baseline -0.017 -5"><span class='ocrx_word' id='word_1_916' title='bbox 1841 5271 1960 5349; x_wconf 76' lang='lat' dir='ltr'><strong>dein</strong></span> <span class='ocrx_word' id='word_1_917' title='bbox 1993 5271 2098 5347; x_wconf 75' lang='lat' dir='ltr'><strong>lion</strong></span> <span class='ocrx_word' id='word_1_918' title='bbox 2138 5271 2417 5344; x_wconf 77' lang='lat' dir='ltr'><strong>destruere</strong></span> <span class='ocrx_word' id='word_1_919' title='bbox 2471 5288 2656 5354; x_wconf 77' lang='lat' dir='ltr'><strong>legem,</strong></span> <span class='ocrx_word' id='word_1_920' title='bbox 2682 5271 2779 5334; x_wconf 75' lang='lat' dir='ltr'><strong>sed</strong></span> <span class='ocrx_word' id='word_1_921' title='bbox 2831 5271 3181 5354; x_wconf 63' lang='lat' dir='ltr'><strong>conﬁrinare;</strong></span> <span class='ocrx_word' id='word_1_922' title='bbox 3209 5291 3227 5323; x_wconf 75' lang='grc' dir='ltr'><strong>ι</strong></span> <span class='ocrx_word' id='word_1_923' title='bbox 3259 5271 3393 5354; x_wconf 75' lang='lat' dir='ltr'><strong>editi</strong></span> 
     </span>
    </p>
   </div>
   <div class='ocr_carea' id='block_1_118' title="bbox 1838 5341 3395 5429">
    <p class='ocr_par' dir='ltr' id='par_1_118' title="bbox 1838 5341 3395 5429">
     <span class='ocr_line' id='line_1_120' title="bbox 1838 5341 3395 5429; baseline -0.016 -10"><span class='ocrx_word' id='word_1_924' title='bbox 1986 5341 2278 5429; x_wconf 73' lang='lat' dir='ltr'><strong>in</strong></span> <span class='ocrx_word' id='word_1_925' title='bbox 2311 5341 2556 5429; x_wconf 69' lang='lat' dir='ltr'><strong>prwsenii</strong></span> <span class='ocrx_word' id='word_1_926' title='bbox 2587 5341 2802 5420; x_wconf 83' lang='lat' dir='ltr'><strong>quidem</strong></span> <span class='ocrx_word' id='word_1_927' title='bbox 2835 5350 2951 5402; x_wconf 85' lang='lat' dir='ltr'><strong>loco</strong></span> <span class='ocrx_word' id='word_1_928' title='bbox 2983 5347 3134 5410; x_wconf 80' lang='lat' dir='ltr'><strong>dicit,</strong></span> <span class='ocrx_word' id='word_1_929' title='bbox 3167 5357 3270 5395; x_wconf 90' lang='lat' dir='ltr'><strong>non</strong></span> <span class='ocrx_word' id='word_1_930' title='bbox 3299 5341 3395 5395; x_wconf 87' lang='lat' dir='ltr'><strong>de-</strong></span> 
     </span>
    </p>
   </div>
   <div class='ocr_carea' id='block_1_119' title="bbox 1839 5427 2741 5500">
    <p class='ocr_par' dir='ltr' id='par_1_119' title="bbox 1839 5427 2741 5500">
     <span class='ocr_line' id='line_1_121' title="bbox 1839 5427 2741 5500; baseline -0.019 -11"><span class='ocrx_word' id='word_1_931' title='bbox 1839 5427 1998 5489; x_wconf 87' lang='lat' dir='ltr'><strong>struit</strong></span> <span class='ocrx_word' id='word_1_932' title='bbox 2032 5433 2220 5500; x_wconf 87' lang='lat' dir='ltr'><strong>legem,</strong></span> <span class='ocrx_word' id='word_1_933' title='bbox 2256 5427 2348 5484; x_wconf 76' lang='lat' dir='ltr'><strong>sed</strong></span> <span class='ocrx_word' id='word_1_934' title='bbox 2383 5427 2688 5500; x_wconf 80' lang='lat' dir='ltr'><strong>conﬁrmat.</strong></span> <span class='ocrx_word' id='word_1_935' title='bbox 2723 5440 2741 5472; x_wconf 74' lang='grc' dir='ltr'><strong>ι</strong></span> 
     </span>
    </p>
   </div>
   <div class='ocr_carea' id='block_1_120' title="bbox 1911 5482 3148 5574">
    <p class='ocr_par' dir='ltr' id='par_1_120' title="bbox 1911 5482 3148 5574">
     <span class='ocr_line' id='line_1_122' title="bbox 1911 5482 3148 5574; baseline -0.018 -18"><span class='ocrx_word' id='word_1_936' title='bbox 1911 5482 2222 5574; x_wconf 18' lang='lat' dir='ltr'><strong>(il-Silvﬂiliti,</strong></span> <span class='ocrx_word' id='word_1_937' title='bbox 2264 5482 2410 5574; x_wconf 60' lang='lat' dir='ltr'><strong>iSed</strong></span> <span class='ocrx_word' id='word_1_938' title='bbox 2445 5498 2569 5550; x_wconf 84' lang='lat' dir='ltr'><strong>inde</strong></span> <span class='ocrx_word' id='word_1_939' title='bbox 2602 5504 2907 5563; x_wconf 90' lang='lat' dir='ltr'><strong>possumus,</strong></span> <span class='ocrx_word' id='word_1_940' title='bbox 2935 5505 2952 5536; x_wconf 78' lang='grc' dir='ltr'><strong>ι</strong></span> <span class='ocrx_word' id='word_1_941' title='bbox 2991 5482 3148 5537; x_wconf 90' lang='lat' dir='ltr'><strong>male.</strong></span> 
     </span>
    </p>
   </div>
   <div class='ocr_carea' id='block_1_121' title="bbox 1913 5569 2931 5642">
    <p class='ocr_par' dir='ltr' id='par_1_121' title="bbox 1913 5569 2931 5642">
     <span class='ocr_line' id='line_1_123' title="bbox 1913 5569 2931 5642; baseline -0.014 -17"><span class='ocrx_word' id='word_1_942' title='bbox 1913 5569 2019 5642; x_wconf 79' lang='grc'>(19)</span> <span class='ocrx_word' id='word_1_943' title='bbox 2051 5572 2220 5642; x_wconf 86' lang='lat' dir='ltr'><strong>Alias,</strong></span> <span class='ocrx_word' id='word_1_944' title='bbox 2253 5589 2269 5618; x_wconf 76' lang='grc' dir='ltr'><strong>ι</strong></span> <span class='ocrx_word' id='word_1_945' title='bbox 2297 5569 2444 5622; x_wconf 83' lang='lat' dir='ltr'><strong>dicit.</strong></span> <span class='ocrx_word' id='word_1_946' title='bbox 2469 5585 2488 5616; x_wconf 64' lang='grc' dir='ltr'><strong>ι</strong></span> <span class='ocrx_word' id='word_1_947' title='bbox 2541 5635 2552 5642; x_wconf 76' lang='lat'><em>_</em></span> <span class='ocrx_word' id='word_1_948' title='bbox 2863 5628 2878 5642; x_wconf 47' lang='lat'><em>‘</em></span> <span class='ocrx_word' id='word_1_949' title='bbox 2900 5625 2931 5642; x_wconf 51' lang='grc' dir='ltr'><strong>ν</strong></span> 
     </span>
    </p>
   </div>
   <div class='ocr_carea' id='block_1_122' title="bbox 1915 5621 3395 5711">
    <p class='ocr_par' dir='ltr' id='par_1_122' title="bbox 1915 5621 3395 5711">
     <span class='ocr_line' id='line_1_124' title="bbox 1915 5621 3395 5711; baseline -0.014 -15"><span class='ocrx_word' id='word_1_950' title='bbox 1915 5621 2026 5711; x_wconf 62' lang='grc' dir='ltr'><strong>ξίὲῖί)</strong></span> <span class='ocrx_word' id='word_1_951' title='bbox 2052 5621 2157 5694; x_wconf 76' lang='lat' dir='ltr'><strong>Sic</strong></span> <span class='ocrx_word' id='word_1_952' title='bbox 2186 5621 2340 5711; x_wconf 74' lang='lat' dir='ltr'><strong>inss.</strong></span> <span class='ocrx_word' id='word_1_953' title='bbox 2366 5621 2554 5692; x_wconf 86' lang='lat' dir='ltr'><strong>nostri</strong></span> <span class='ocrx_word' id='word_1_954' title='bbox 2595 5644 2803 5688; x_wconf 89' lang='lat' dir='ltr'><strong>omnes.</strong></span> <span class='ocrx_word' id='word_1_955' title='bbox 2853 5625 3020 5693; x_wconf 82' lang='lat' dir='ltr'><strong>Alias,</strong></span> <span class='ocrx_word' id='word_1_956' title='bbox 3055 5642 3072 5674; x_wconf 80' lang='grc' dir='ltr'><strong>ι</strong></span> <span class='ocrx_word' id='word_1_957' title='bbox 3095 5621 3395 5693; x_wconf 87' lang='lat' dir='ltr'><strong>superemi-</strong></span> 
     </span>
    </p>
   </div>
   <div class='ocr_carea' id='block_1_123' title="bbox 1843 5710 2278 5778">
    <p class='ocr_par' dir='ltr' id='par_1_123' title="bbox 1843 5710 2278 5778">
     <span class='ocr_line' id='line_1_125' title="bbox 1843 5710 2278 5778; baseline -0.014 -12"><span class='ocrx_word' id='word_1_958' title='bbox 1843 5713 2038 5778; x_wconf 90' lang='lat' dir='ltr'><strong>nentis,</strong></span> <span class='ocrx_word' id='word_1_959' title='bbox 2066 5729 2085 5762; x_wconf 76' lang='grc' dir='ltr'><strong>ι</strong></span> <span class='ocrx_word' id='word_1_960' title='bbox 2123 5710 2278 5762; x_wconf 89' lang='lat' dir='ltr'><strong>male.</strong></span> 
     </span>
    </p>
   </div>
  </div>
