3684 6148
363 243 472 301 959

359 469 417 514 et
452 456 592 511 ﬁlius
616 455 709 526 qui
738 454 1027 524 aliquando
1063 454 1196 508 nihil
1240 454 1524 508 differebat
1552 470 1580 506 a
1609 468 1790 519 servo,
1824 453 1934 507 lue-

361 565 451 604 res
480 548 656 602 factus
678 556 762 602 est
790 556 1029 616 paternae
1055 547 1395 600 substantia.
1426 547 1578 611 Quod
1611 557 1793 601 autem
1817 546 1934 600 hac

361 643 435 698 ita
460 643 574 712 (21)
605 642 842 696 debeant
876 639 1105 706 intelligi
1134 653 1257 707 qua
1311 638 1640 692 destruenda
1698 637 1935 706 appellat

359 733 674 803 Apostolus,
699 730 1148 785 consuetudinem
1178 729 1298 797 ejus
1339 743 1505 796 super
1539 728 1642 781 hoc
1673 728 1933 784 vocabulo

359 827 523 880 etiam
557 825 609 878 in
649 824 774 876 aliis
808 823 977 884 disce,
1008 823 1096 874 ubi
1144 822 1311 876 dicit:
1350 839 1369 872 ι
1397 821 1474 875 Ex
1519 830 1671 889 parte
1703 823 1929 886 scimus,

360 927 411 972 et
439 931 504 969 ex
541 925 694 984 parte
725 914 1136 983 prophetanms.
1163 911 1298 967 Cum
1330 924 1513 967 autem
1543 915 1750 968 venerit
1785 916 1930 983 quod

359 1009 654 1076 perfectum
674 1015 776 1072 est,
796 1007 1144 1059 destruentur
1166 1020 1233 1060 ea
1262 1020 1382 1075 qua
1409 1021 1473 1059 ex
1505 1016 1660 1073 parte
1677 1017 1805 1060 sunt
1825 1006 1887 1058 ‘-'.
1905 1024 1923 1056 ι

357 1100 424 1153 Ει
447 1099 501 1153 in
538 1100 639 1153 hoc
667 1099 784 1153 loco
813 1097 1042 1154 scientia
1075 1097 1228 1152 Pauli
1270 1097 1354 1150 vel
1386 1099 1671 1167 prophetia
1723 1099 1926 1170 destrui

357 1190 559 1245 dicitur
581 1192 793 1260 alisque
845 1190 1042 1257 injuria
1077 1190 1390 1258 apostolica:
1415 1193 1606 1260 gratia:
1633 1205 1648 1240 :
1681 1206 1788 1259 quo
1820 1192 1930 1244 sci-

355 1281 486 1336 licet
539 1282 907 1352 intelligamus
957 1283 1022 1335 ad
1076 1281 1536 1349 comparationem
1563 1281 1927 1351 perfectorum

354 1387 557 1430 vacare
585 1384 640 1427 et
670 1375 841 1428 otiosa
875 1388 996 1428 esse
1033 1388 1097 1428 ea
1135 1389 1256 1441 qua:
1302 1373 1618 1442 imperfecta
1662 1383 1805 1428 sunt.
1849 1372 1926 1428 Ita

354 1478 484 1534 ergo
517 1475 573 1519 et
601 1465 654 1518 in
686 1465 941 1532 praesenti
985 1481 1244 1520 sermone
1275 1464 1472 1518 Paulus
1503 1465 1722 1534 quidem
1756 1463 1926 1535 legem

355 1571 465 1611 non
499 1555 761 1617 destruit,
812 1556 907 1610 sed
959 1558 1267 1612 conﬁrmat.
1298 1555 1483 1611 Gloria
1514 1569 1693 1610 autem
1723 1554 1927 1610 Christi

352 1665 474 1705 cum
497 1649 738 1704 revelata
775 1649 962 1711 fuerit,
986 1665 1107 1704 eam
1137 1649 1370 1717 gloriam
1405 1663 1529 1720 qua:
1570 1649 1829 1717 apparuit
1870 1648 1924 1702 in

1831 238 2152 295 OlliCENlS
3523 237 3611 290 om

355 365 469 436 jam
492 377 627 433 opus
648 361 780 432 legis
812 379 832 408 σ
859 361 948 416 ubi
977 359 1201 416 advenit
1228 361 1509 432 plenitudo
1546 360 1806 429 temporis
1821 361 1889 422 ³⁸,
1912 377 1930 408 ι
1965 368 2010 422 Α
2038 363 2181 432 quod
2223 359 2350 416 alibi
2391 359 2595 414 dicitur
2638 378 2655 414 :

2704 359 2894 414 «Illum
2940 364 3167 427 Oportet
3215 370 3496 417 crescere,
3539 375 3608 412 me

2040 467 2221 511 autem
2248 455 2415 509 minui
2437 454 2515 519 ⁸⁸;
2545 472 2568 506 ι
2601 463 2658 508 et
2683 453 2826 522 quod
2854 452 2976 520 ipse
3007 450 3212 504 Paulus
3240 449 3380 502 dicit
3409 467 3423 502 :
3447 467 3468 500 ι
3491 448 3606 503 Cum

2039 557 2218 600 autem
2252 544 2431 598 factus
2464 561 2585 598 sum
2630 545 2735 606 vir,
2767 545 3012 598 destruxi
3052 559 3179 613 quae
3224 552 3391 594 erant
3433 557 3610 610 parra-

2039 637 2075 691 li
2093 637 2200 690 ³⁸.»
2240 634 2355 690 Hoc
2397 637 2637 691 Ostendit
2679 646 2734 690 et
2775 635 3080 690 similitudo
3127 636 3447 705 pmdagogi,
3475 636 3611 708 cujus

2037 745 2174 800 opus
2208 729 2507 783 destruitur
2529 739 2580 782 et
2610 738 2789 783 cessat
2817 744 2940 782 cum
2968 727 3036 781 ad
3060 728 3377 797 perfectam
3419 737 3613 780 aetatm

2037 822 2256 876 venerit
2284 821 2568 890 parvulus.
2617 820 2912 890 Proplerea
2948 835 3081 888 ergo
3111 819 3449 874 cautissime
3500 821 3617 873 dixit

2036 913 2379 982 Apostolus:
2437 931 2456 963 ι
2504 912 2676 981 legem
2714 928 2845 980 ergo
2893 913 3232 966 destruimus
3278 925 3392 979 per
3441 909 3616 966 ﬁdem?

2035 1007 2199 1060 Absit
2215 1006 2290 1060 “l
2328 1023 2348 1057 ι
2381 1013 2456 1068 et,
2491 1021 2596 1057 non
2639 1005 2814 1058 dixit:
2868 1004 2956 1058 lex
3011 1019 3141 1073 ergo
3187 1003 3516 1056 destruitur
3541 1019 3617 1065 per

2038 1098 2224 1160 ﬁdem,
2256 1101 2347 1152 sed
2385 1116 2398 1152 :
2467 1117 2485 1148 ι
2512 1098 2682 1166 legem
2709 1112 2840 1166 ergo
2873 1095 3251 1152 destruimus?
3281 1113 3306 1146 ι
3348 1093 3423 1147 ΕΙ.
3450 1110 3619 1149 rursus

2038 1191 2090 1244 in
2119 1190 2479 1258 sequentibus
2509 1208 2522 1243 :
2556 1207 2574 1239 ι
2602 1187 2751 1254 Non;
2786 1189 2880 1243 sed
2912 1187 3081 1257 legem
3107 1187 3481 1242 statuimus.»
3504 1185 3617 1239 Nam

2035 1291 2091 1335 et
2122 1282 2166 1335 si
2207 1282 2507 1334 destruitur
2541 1280 2650 1344 lex,
2684 1296 2789 1333 non
2833 1294 2931 1349 per
2962 1277 3121 1333 ﬁdem
3163 1278 3517 1341 destruitur,
3545 1283 3619 1332 sed

2037 1388 2134 1442 per
2163 1373 2661 1440 supereminentem
2691 1371 2938 1440 gloriam.
2966 1370 3072 1426 Per
3104 1370 3274 1424 ﬁdem
3306 1379 3505 1423 autem
3529 1387 3618 1423 non

2036 1465 2212 1519 solum
2246 1481 2352 1519 non
2382 1466 2682 1521 destruitur
2711 1464 2817 1528 lex,
2847 1464 2940 1518 sed
2984 1463 3250 1517 statuitur
3274 1479 3384 1532 per
3418 1475 3621 1530 aposto-

2033 1555 2116 1611 los
2157 1567 2212 1611 et
2260 1557 2654 1610 confirmatur:
2685 1556 2810 1624 quia
2864 1554 3146 1609 Christum
3199 1567 3378 1622 quem
3439 1554 3526 1607 lex
3578 1562 3620 1608 et

2035 1649 2318 1718 prophetae
2370 1661 2663 1703 venturum
2727 1647 3123 1717 praedixerunt,
3163 1646 3258 1701 isti
3326 1647 3617 1714 prasdicant

354 1740 560 1809 Moyse,
583 1749 641 1794 et
665 1755 730 1794 ex
759 1756 864 1809 qua
895 1740 1232 1811 gloriﬁcatus
1261 1740 1462 1804 fuerat,
1493 1741 1608 1808 ipsa
1636 1755 1926 1808 compara-
1959 1730 2002 1786 Β
2027 1740 2138 1809 jam
2166 1741 2386 1797 venisse
2417 1759 2433 1796 :
2465 1751 2520 1798 et
2541 1740 2887 1794 conﬁrmatio
2921 1737 3110 1807 utique
3162 1738 3499 1808 prophetia:
3546 1739 3615 1791 vel

355 1833 503 1885 tione
529 1832 612 1886 sui
648 1847 754 1902 qua
784 1833 1178 1897 supereminet.
1214 1842 1268 1886 et
1309 1833 1586 1895 coufutat,
1622 1844 1680 1884 et
1721 1831 1923 1902 arguit,

353 1931 407 1976 et
431 1923 672 1977 ostendit
699 1938 799 1979 nec
822 1923 1052 1993 gloriam
1095 1926 1539 1993 computandam.
1592 1923 1724 1978 Tale
1754 1934 1840 1978 est
1869 1931 1928 1978 et

2033 1831 2170 1903 legis
2216 1844 2322 1897 est,
2352 1848 2474 1888 cum
2500 1847 2620 1902 qua:
2644 1831 2904 1902 praedicat
2955 1829 3198 1896 fuerant,
3243 1838 3615 1885 monstrantur

2031 1922 2272 1991 impleta.

1473 2265 1828 2354 LIBER
1900 2258 2492 2364 QUARTUS.

423 2642 478 2698 1.
510 2660 530 2694 t
559 2641 700 2710 Quid
731 2659 862 2714 ergo
890 2644 1135 2698 dicemus
1176 2643 1454 2699 invenisse
1500 2643 1773 2696 Abraham
1827 2659 1926 2712 pa-

350 2742 489 2788 trem
541 2745 787 2788 nostrum
840 2738 1136 2789 secundum
1185 2736 1445 2790 carnem?
1493 2734 1549 2789 Si
1581 2738 1726 2788 enim
1759 2737 1928 2788 Abra-

349 2823 474 2880 ham
522 2842 588 2880 ex
647 2826 906 2896 operibus
943 2825 1274 2895 justiﬁcatus
1319 2836 1430 2890 est,
1475 2828 1639 2882 habet
1669 2828 1919 2899 gloriam,

347 2917 444 2971 sed
491 2930 598 2970 non
638 2917 778 2985 apud
819 2921 1010 2974 Deum.
1044 2919 1186 2986 Quid
1229 2919 1376 2973 enim
1409 2917 1692 2990 Scriptura
1733 2919 1914 2975 dicit?

346 3005 589 3062 Credidit
621 3007 898 3063 Abraham
951 3010 1098 3076 Deo,
1154 3021 1210 3065 et
1261 3019 1567 3081 reputatqu
1617 3020 1702 3066 est
1749 3011 1823 3066 illi
1852 3011 1919 3065 ad

2027 2640 2166 2706 Quia
2196 2659 2216 2691 ‹
2257 2639 2493 2695 credidit
2519 2639 2796 2693 Abraham
2829 2640 2958 2702 Deo,
2990 2646 3046 2693 et
3074 2645 3409 2706 reputatum
3433 2647 3517 2691 est
3546 2637 3608 2692 ili

2027 2735 2094 2786 ad
2116 2733 2387 2800 justitiam
2417 2733 2485 2788 “.
2515 2753 2534 2785 ι
2565 2732 2718 2799 Quod
2747 2734 2791 2788 si
2830 2731 2971 2786 Deus
3006 2729 3290 2801 reputavit
3322 2729 3406 2784 illi
3433 2731 3503 2784 ad
3536 2731 3608 2798 ju-

2026 2825 2258 2890 stitiam,
2290 2825 2410 2880 sine
2436 2825 2601 2880 dubio
2651 2836 2708 2880 et
2749 2825 2918 2896 gloria
2947 2822 3071 2892 ejus
3108 2823 3260 2892 apud
3301 2821 3480 2876 Deum
3514 2833 3604 2877 εει.

2023 2914 2319 2988 Propterea
2346 2933 2478 2987 ergo
2515 2918 2808 2986 Apostolus
2837 2917 3153 2972 testimonio
3191 2915 3332 2970 huic
3356 2916 3507 2984 quod
3532 2930 3607 2969 as-

2023 3011 2256 3080 sumpsit
2283 3026 2348 3064 ex
2377 3009 2514 3065 libro
2535 3009 2765 3066 Genesis
2784 3010 3027 3079 adjungit
3057 3018 3110 3064 et
3137 3023 3471 3064 sermonem
3491 3024 3604 3078 pro-

341 3091 634 3163 justitiam.
665 3096 726 3152 Ei
763 3110 943 3154 autem
972 3101 1064 3170 qui
1091 3111 1372 3170 operatur,
1400 3117 1610 3158 merces
1656 3118 1762 3157 non
1818 3104 1920 3158 im-
1946 3089 1988 3146 Ο
2024 3101 2221 3170 prium,
2240 3111 2294 3155 et
2315 3100 2448 3156 dicit
2474 3101 2598 3169 quia
2622 3119 2641 3151 ‹
2665 3102 2714 3154 ei
2737 3102 2826 3170 qui
2845 3112 3122 3170 operatur,
3139 3113 3365 3154 merces
3385 3115 3495 3153 nou
3519 3099 3605 3152 int-

346 3199 570 3258 putatur
596 3193 893 3245 secundum
925 3195 1181 3264 gratiam,
1207 3195 1302 3248 sed
1331 3197 1632 3250 secundum
1653 3195 1920 3250 debitum.

350 3280 408 3333 Ei
438 3296 565 3338 vero
593 3285 685 3352 qui
719 3301 822 3340 non
852 3299 1134 3356 operatur,
1159 3289 1332 3343 credit
1358 3299 1542 3342 autem
1579 3287 1632 3340 in
1665 3301 1792 3340 eum
1823 3288 1918 3358 qui

339 3371 604 3442 justiﬁcat
634 3375 880 3446 impium,
913 3387 1192 3448 reputatur
1223 3379 1357 3434 ﬁdes
1373 3381 1494 3448 ejus
1527 3380 1595 3433 ad
1624 3379 1915 3449 justitiam.

347 3463 500 3519 Sicut
520 3475 574 3520 et
604 3467 768 3524 David
791 3469 926 3524 dicit
950 3471 1340 3527 beatitudinem
1367 3472 1630 3536 hominis,
1662 3473 1749 3526 cui
1777 3471 1919 3527 Deus

343 3566 566 3627 accepto
589 3556 694 3614 fert
749 3559 1015 3629 justitiam
1063 3563 1182 3618 sine
1207 3565 1482 3633 operibus.
1504 3562 1657 3616 Beati
1687 3577 1916 3632 quorum

345 3647 584 3702 remissa:
612 3659 739 3702 sunt
787 3649 1124 3718 iniquitates,
1149 3659 1205 3706 et
1220 3667 1449 3720 quorum
1475 3661 1615 3706 tecta
1649 3661 1918 3720 suntpec—

342 3747 489 3795 cata.
512 3738 714 3794 Beatus
749 3741 832 3792 vir
858 3742 945 3794 cui
973 3757 1079 3795 non
1106 3742 1395 3812 imputavit
1419 3742 1686 3798 Dominus
1719 3759 1918 3808 pecca-

344 3837 455 3883 tum
473 3830 538 3883 “.
554 3849 571 3881 ι
593 3831 724 3886 Cum
744 3835 1052 3902 superius“
1073 3835 1213 3888 duas
1227 3838 1570 3904 proposuerit
1589 3836 1759 3906 leges,
1782 3851 1914 3903 qua-

345 3938 462 3977 rum
488 3940 652 3977 unam
670 3940 918 3994 Operum,
937 3927 1100 3980 aliam
1133 3929 1252 3981 lidei
1285 3928 1608 3994 nominavit,
1632 3943 1724 3997 per
1753 3944 1915 3996 quam

343 4015 517 4083 legem
553 4014 673 4069 ﬁdei
701 4018 913 4071 excludi
952 4018 1330 4085 gloriatioiiem
1364 4019 1501 4074 dicit
1522 4034 1710 4074 eorum
1737 4019 1830 4089 qui
1865 4020 1916 4073 in

345 4107 480 4175 legis
534 4108 794 4176 operibus
849 4111 1183 4176 gloriantur;
1217 4120 1273 4166 et
1320 4111 1758 4181 prommtiaverit
1811 4113 1916 4166 ﬁde

343 4197 500 4267 521
523 4199 808 4267 justiﬁcari
847 4203 1117 4257 hominem
1141 4205 1258 4258 sine
1283 4205 1537 4272 operibus
1563 4203 1698 4271 legis
1727 4223 1740 4259 :
1769 4219 1906 4258 con-

343 4301 633 4358 sequenter
683 4308 826 4348 nunc
859 4305 918 4349 ut
952 4296 1065 4350 hmc
1099 4297 1164 4350 de
1213 4294 1518 4364 Scripturis
1566 4307 1912 4357 asserantur,

341 4384 576 4438 Abrahae
609 4386 859 4453 producit
889 4389 1234 4457 exemplum,
1265 4397 1320 4442 et
1349 4389 1481 4443 dlCll
1517 4389 1642 4458 quia
1683 4407 1702 4439 ι
1737 4388 1914 4442 Abra-

343 4478 486 4540 ham,
517 4480 560 4532 si
615 4495 680 4533 ex
727 4481 985 4549 operibus
1028 4480 1358 4550 justilicatus
1405 4491 1534 4544 est,
1587 4481 1751 4534 habet
1798 4479 1913 4547 glo-

343 4568 480 4622 riam
517 4569 652 4640 (‘22),
688 4573 782 4626 sed
825 4588 928 4626 non
964 4574 1104 4642 apud
1139 4572 1305 4628 Deum
1334 4572 1402 4625 “.
1433 4592 1452 4624 ι
1493 4573 1645 4636 Quod
1691 4571 1908 4640 quidem

343 4675 449 4713 non
483 4661 600 4715 sine
632 4673 748 4716 arte
772 4664 1058 4720 dialectica
1093 4665 1337 4719 disserit.
1364 4663 1500 4718 Nam
1535 4664 1581 4719 si
1645 4665 1691 4718 is
1726 4663 1816 4732 qui
1845 4677 1914 4715 ex

339 4752 595 4818 operibus
616 4753 964 4822 justiﬁeatur,
993 4773 1096 4810 nou
1141 4758 1303 4811 habet
1353 4756 1585 4825 gloriam
1613 4755 1734 4829 (ἳὸ)
1770 4755 1913 4825 apud

339 4839 511 4897 Deum
544 4881 560 4907 ,
612 4845 884 4902 Abraham
940 4861 1122 4904 autem
1171 4859 1386 4904 constat
1423 4849 1624 4904 habere
1677 4849 1906 4920 gloriam

341 4936 481 5004 πνιιά
509 4935 694 5000 Deum.
724 4955 854 5009 ergo
880 4957 983 4996 non
1018 4960 1083 4998 cx
1120 4947 1397 5016 operibus,
1434 4945 1531 5000 sed
1559 4959 1627 4998 ex
1677 4942 1780 4996 ﬁde
1811 4939 1907 5007 ju-

338 5028 603 5095 stilicattts
647 5041 731 5084 est
760 5034 1033 5088 Abraham
1062 5077 1078 5100 ,
1109 5047 1166 5090 ut
1200 5037 1512 5092 necessario
1566 5034 1762 5089 habeat
1790 5033 1906 5103 glo-

341 5120 474 5174 riam
510 5124 651 5191 apud
689 5124 876 5181 Demn.
920 5126 1014 5182 Sic
1038 5129 1180 5183 enim
1221 5129 1501 5200 Scriptura
1535 5124 1850 5196 pronuntiat
1886 5142 1901 5178 :

2022 3201 2246 3262 putatur
2273 3190 2570 3245 secundum
2596 3192 2851 3261 gratiam,
2877 3192 2970 3246 sed
2991 3191 3295 3246 secundum
3316 3191 3598 3253 debitum;

2021 3287 2071 3340 ei
2096 3301 2226 3341 vero
2261 3287 2352 3356 qui
2386 3302 2492 3342 non
2516 3295 2799 3354 operatur,
2831 3287 3009 3341 credit
3039 3296 3221 3339 autem
3272 3285 3330 3339 in
3363 3301 3496 3340 eum
3525 3286 3607 3355 qui

2015 3377 2286 3447 justilicat
2336 3379 2588 3448 impium,
2649 3389 2932 3446 reputatur
2977 3378 3110 3432 ﬁdes
3153 3377 3276 3447 ejus
3327 3378 3406 3432 ad
3452 3377 3607 3445 justi-

2026 3471 2152 3523 tiam
2181 3471 2248 3524 “.
2281 3489 2300 3520 ι
2331 3469 2434 3524 Ρει·
2461 3485 2678 3524 omnem
2705 3469 2892 3539 itaque
2924 3470 3070 3524 hunc
3101 3469 3283 3524 locum
3314 3469 3606 3539 Apostolus

2021 3562 2122 3616 hoc
2159 3562 2373 3616 videtur
2399 3562 2714 3627 ostendere,
2739 3562 2884 3632 quod
2927 3562 3048 3616 diue
3081 3563 3333 3632 quaedam
3371 3563 3489 3616 sint
3521 3561 3604 3629 ju-

2021 3653 2402 3718 stiﬁcationes,
2449 3670 2678 3722 quarum
2715 3670 2878 3708 unam
2906 3669 2973 3708 ex
3015 3655 3280 3723 operibus
3314 3655 3597 3716 nominat,

2018 3745 2180 3799 aliam
2207 3762 2337 3799 vero
2368 3761 2435 3800 ex
2479 3746 2604 3800 lide.
2640 3745 2707 3798 Et
2738 3746 2880 3799 illam
2916 3746 3136 3814 quidem
3163 3760 3286 3815 qua:
3307 3761 3383 3800 ex
3427 3747 3602 3816 operi-

2021 3839 2122 3891 hus
2149 3849 2250 3899 est,
2282 3838 2413 3891 dicit
2442 3837 2639 3891 habere
2662 3837 2878 3904 quidem
2903 3838 3155 3905 gloriam,
3181 3837 3278 3892 sed
3311 3838 3368 3890 in
3405 3848 3600 3892 semet-

2019 3928 2134 3996 ipsa
2161 3967 2178 3991 ,
2211 3938 2265 3982 et
2299 3944 2403 3981 non
2439 3933 2576 3998 apud
2625 3929 2792 3982 Demn
2833 3945 2848 3993 ;
2891 3932 3034 3982 illam
3065 3944 3192 3983 vero
3234 3943 3363 3996 qua:
3395 3943 3465 3982 ex
3503 3927 3600 3983 ﬁde

2018 4033 2125 4087 est,
2153 4021 2356 4076 habere
2387 4021 2614 4092 gloriam
2640 4023 2779 4091 apud
2814 4024 3002 4086 Deum,
3036 4031 3220 4091 utpote
3247 4022 3397 4090 apud
3429 4022 3596 4091 inspi-

2019 4114 2252 4167 cientem
2285 4115 2447 4168 corda
2487 4114 2792 4177 hominum,
2832 4123 2889 4169 et
2931 4115 3194 4168 scientem
3219 4114 3348 4184 quis
3384 4121 3471 4168 est
3510 4112 3594 4181 qui

2022 4204 2200 4259 credit
2235 4203 2290 4259 in
2325 4205 2541 4260 occulto
2570 4246 2584 4271 ,
2620 4215 2676 4260 et
2707 4207 2830 4275 quis
2882 4216 2966 4261 est
3001 4207 3093 4276 qui
3126 4221 3234 4259 non
3283 4206 3490 4260 credit.
3536 4205 3593 4258 Et

2018 4294 2139 4349 ideo
2202 4299 2398 4351 merito
2463 4299 2602 4366 apud
2653 4298 2824 4351 solmn
2876 4299 3041 4352 Deum
3098 4298 3262 4352 habet
3316 4297 3588 4365 gloriam,

2017 4388 2107 4456 qui
2140 4386 2390 4441 aﬁ‘ectum
2438 4389 2560 4442 lldei
2610 4389 2727 4458 ejus
2783 4391 3029 4460 pervidet
3076 4389 3188 4458 (24)
3223 4389 3280 4442 iu
3314 4392 3585 4443 occultis:

2016 4479 2108 4546 qui
2137 4494 2262 4533 vero
2290 4481 2740 4548 justilicatlouem
2769 4497 2836 4536 ex
2865 4480 3122 4551 operibus
3167 4478 3382 4551 Sperat,
3420 4493 3588 4551 potest

2011 4574 2126 4626 ﬁeri
2153 4584 2210 4626 ut
2248 4589 2410 4644 opera
2443 4575 2559 4645 ejus
2591 4576 2756 4629 etiam
2784 4577 2853 4630 ab
2885 4576 3194 4631 hominibus
3227 4576 3587 4643 comproben-

2014 4676 2120 4719 tnr.
2173 4665 2357 4721 Palam
2413 4682 2645 4736 namque
2695 4678 2812 4732 est,
2863 4678 2919 4722 et
2971 4668 3141 4722 videri
3197 4667 3376 4722 oculis
3412 4676 3584 4736 potest

2010 4758 2270 4828 quidquid
2299 4773 2464 4827 Opere
2509 4758 2855 4814 manifestum
2886 4769 2970 4813 est
2997 4777 3013 4824 ;
3058 4768 3112 4812 et
3138 4757 3186 4812 si
3240 4758 3378 4813 ﬁdes
3414 4763 3467 4811 in
3498 4775 3582 4810 oc-

2014 4849 2160 4904 culto
2189 4859 2274 4904 est
2297 4891 2314 4917 ,
2345 4865 2508 4919 opera
2556 4862 2735 4904 autem
2780 4849 2955 4919 palam
2989 4861 3159 4912 sunt,
3204 4852 3498 4904 conveniet
3526 4849 3577 4901 in

2019 4940 2119 4993 hoc
2151 4941 2353 4994 assumi
2382 4941 2509 4995 illud
2536 4940 2675 5010 quod
2706 4942 2965 5010 scriptum
2997 4950 3082 4996 est
3111 4957 3126 4995 :
3165 4959 3184 4993 ι
3218 4941 3349 5006 Qua:
3375 4943 3574 4996 occulta

2013 5042 2139 5085 sunt
2168 5031 2400 5085 Domino
2451 5034 2558 5087 Deo
2592 5042 2703 5096 tuo,
2730 5047 2852 5101 qua:
2884 5043 3067 5086 autem
3117 5032 3412 5087 mau.festa
3455 5041 3575 5084 sunt

2014 5125 2168 5177 vobis
2197 5133 2252 5178 et
2298 5124 2423 5179 ﬁliis
2453 5125 2644 5178 vestris
2681 5124 2748 5177 “.
2795 5143 2812 5175 ι
2847 5124 2956 5178 Sed
3011 5134 3067 5178 et
3100 5123 3227 5177 illud
3259 5123 3346 5177 his
3393 5133 3571 5192 aptare

412 5288 659 5360 "Calai.
686 5305 757 5356 tv,
791 5291 844 5346 4.
935 5292 978 5325 ³⁷
1009 5293 1025 5346 I
1061 5292 1189 5348 Cor.
1225 5308 1342 5360 xm,
1373 5295 1426 5359 9,
1457 5246 1546 5350 10.
1646 5293 1693 5326 ³⁸
1721 5291 1867 5348 Joan.

2106 5300 2130 5340 l.
2176 5285 2255 5360 _"
2288 5285 2464 5360 [ρετ.
2495 5283 2771 5360 xm,
2808 5281 3038 5360 “item.
3074 5297 3155 5347 In,
3187 5283 3275 5338 3i.
3312 5281 3561 5360 ⁸ξίῐίοιιι.

342 5371 418 5422 tv,
446 5359 497 5424 l,
528 5361 580 5414 8.
657 5361 702 5392 “
729 5361 889 5418 Rom.
920 5379 1002 5428 ιιι,
1026 5365 1116 5428 ‘27,
1145 5365 1237 5420 28.
1310 5359 1355 5397 ⁸⁷³
1381 5367 1532 5421 Rom.
1560 5380 1634 5431 Iv,
1661 5366 1720 5420 2.

413 5512 526 5584 (2|)
558 5518 671 5571 «Ita
697 5537 716 5570 ι
743 5520 892 5572 deest
918 5519 970 5573 in
1003 5519 1155 5576 libris
1181 5532 1340 5576 antea
1366 5522 1548 5577 editis.

555 5586 999 5662 l_§_d_iti_perp_cram
1038 5591 1242 5646 habent
1279 5611 1297 5643 ι
1339 5593 1679 5662 mercedem.
1703 5609 1724 5643 ι

419 5654 532 5722 αὖ)
559 5654 733 5720 ΕιΙὶιίξ
762 5676 779 5708 ι
817 5654 952 5714 Nam
984 5662 1026 5715 si
1075 5662 1400 5730 justiticalus
1440 5679 1545 5717 non
1598 5661 1759 5729 habet
1789 5661 1900 5731 glo-

1803 5361 1849 5394 t'.
1880 5360 2013 5416 ραι,
2042 5373 2129 5421 xv,
2167 5356 2220 5411 6,
2290 5357 2335 5387 ⁸⁵
2362 5355 2518 5409 Rom.
2545 5370 2619 5419 tv,
2648 5354 2703 5417 4,
2739 5353 2792 5409 5.
2869 5353 2916 5384 “
2943 5355 3097 5407 Deut.
3123 5369 3274 5420 xxix,
3308 5355 3397 5410 29.

2017 5525 2172 5585 riam,
2221 5541 2240 5574 ι
2263 5533 2367 5577 etc.

2083 5591 2198 5665 (24)
2236 5594 2404 5658 Alias,
2439 5607 2458 5642 ι
2489 5587 2770 5659 praevidet.
2805 5605 2832 5644 ι
