3684 6148
83 274 178 328 961

1029 277 1386 336 COMMENT.
1426 281 1490 336 IN
1527 280 1744 337 EP.ST.
1787 286 1877 340 AD
1911 285 2081 342 ROM.
2111 287 2240 346 LIB.
2283 287 2371 344 IV.

3213 296 3321 352 962

80 387 371 444 conveniet
397 390 542 458 quod
571 389 836 462 scriptum
867 400 952 449 est
980 434 996 459 ,
1027 395 1155 464 quia
1189 413 1208 446 ι
1245 395 1425 463 justus
1457 411 1521 450 ex
1552 396 1656 450 ﬁde
1683 401 1730 456 A
1754 399 1924 454 etiam
1981 403 2281 456 secundum
2341 416 2564 458 carnem
2616 411 2826 472 patrem
2874 405 3156 462 nominare
3206 408 3320 480 (29)

81 496 200 535 mea
230 481 376 536 vivet
399 481 464 536 δ’.
505 499 524 534 ι
561 480 944 554 Competenter
992 485 1158 556 igitur
1182 486 1417 542 dicimus
1441 488 1566 558 quia
1595 487 1651 542 bi

81 574 176 643 qui
226 575 520 629 secundum
560 575 878 631 interiorem
915 577 1190 633 hominem
1247 579 1654 634 circumcidun-

80 675 189 731 tur,
226 675 280 720 et
325 666 378 720 iu
411 666 632 722 occulto
675 665 845 722 Judazi
878 677 1027 734 sunt,
1056 670 1275 740 spiritu,
1309 687 1414 726 non
1449 672 1648 738 littera,

79 760 274 814 horum
299 759 420 815 laus
442 771 499 815 et
529 761 705 832 gloria
741 776 848 816 non
893 763 1034 830 apud
1080 763 1348 830 homines,
1381 764 1475 820 sed
1508 767 1649 834 apud

82 852 249 907 Deum
276 863 381 908 est.
408 854 512 920 Qui
541 869 672 909 vero
705 869 774 910 ex
803 856 1062 923 operibus
1093 854 1484 922 justilicantur,
1519 872 1652 925 quo-

76 945 224 1000 niam
248 946 423 1014 palam
455 956 584 1000 sunt
613 955 668 1001 et
708 946 996 1001 manifesta
1037 963 1197 1017 opera
1232 963 1442 1012 eorum,
1474 960 1649 1018 potest

76 1050 200 1090 esse
227 1035 397 1106 gloria
421 1052 612 1090 eorum
645 1036 728 1092 vel
759 1037 899 1105 apud
948 1049 1170 1092 sanctos
1196 1052 1443 1107 quosque
1482 1049 1534 1092 et
1561 1037 1652 1106 ju-

77 1137 195 1183 stos
233 1129 323 1196 qui
367 1130 645 1198 accipiunt
684 1145 714 1184 a
751 1129 864 1185 Deo
912 1138 1240 1201 potestatem
1274 1131 1342 1184 de
1397 1131 1652 1187 humanis

77 1219 334 1285 operibus
363 1219 672 1275 visibilibus
718 1220 998 1290 iudicandi
1019 1259 1036 1284 ,
1071 1220 1154 1274 vel
1188 1220 1350 1276 etiam
1381 1221 1522 1290 apud
1553 1235 1651 1273 au-

80 1310 255 1379 gelos,
307 1322 653 1380 czeterasque
681 1314 940 1366 virtutum
987 1312 1287 1367 caelestium
1331 1321 1647 1383 potestates,

77 1404 166 1470 qui
201 1403 388 1472 utique
412 1405 719 1474 glorilicare
751 1420 874 1458 eum
909 1405 1064 1475 cujus
1092 1418 1256 1474 Opera
1282 1405 1650 1474 probaverunt

79 1504 324 1564 possunt.
361 1495 586 1550 Occulta
610 1511 740 1551 vero
763 1497 948 1550 cordis
979 1496 1231 1564 quoniam
1258 1495 1425 1550 solius
1448 1494 1538 1549 Dei
1565 1504 1650 1550 est

79 1601 328 1651 noscere,
350 1588 466 1656 ipse
499 1587 746 1657 pervidet
774 1587 817 1640 si
849 1588 900 1640 in
936 1601 1265 1656 unoquoque
1290 1585 1409 1640 ﬁdei
1440 1585 1650 1640 habitat

78 1679 277 1747 aliquis
305 1678 536 1733 aﬁ‘ectus
571 1679 684 1750 (25)
721 1696 735 1732 :
770 1690 825 1732 et
854 1678 976 1732 ideo
1005 1680 1094 1746 qui
1135 1693 1202 1733 ex
1241 1678 1346 1732 ﬁde
1375 1676 1643 1746 justiﬁca-

1751 491 1930 562 potuit
1979 493 2300 559 Abraham;
2348 503 2561 550 caetera:
2602 511 2730 552 vero
2783 508 2970 566 gentes
3021 499 3075 553 in
3126 501 3318 570 spiritu

1749 597 1873 636 eum
1901 596 2131 653 patrem,
2163 599 2269 638 non
2304 585 2355 638 in
2386 600 2551 640 carne
2571 586 2926 642 nominabunt
2956 606 2969 642 :
3005 587 3105 642 nisi
3133 600 3322 659 utpote

1751 675 1806 728 in
1837 673 1970 729 locis
1997 673 2071 728 ita
2107 675 2354 745 angustis
2379 676 2445 730 ad
2498 675 2802 744 allegoricae
2829 676 3197 748 intelligentia:
3242 680 3322 733 Ia-

1753 765 2038 820 titudinem
2084 776 2496 832 convertamur,
2534 768 2624 822 ubi
2672 777 2829 838 pater
2873 771 3164 823 secundum
3193 785 3320 824 car-

1750 871 1874 910 nem
1901 856 2069 926 accipi
2109 866 2285 926 potest
2315 859 2361 913 is
2406 859 2496 928 qui
2532 860 2795 914 doctrinae
2852 861 3113 925 carnalis,
3152 863 3202 915 id
3237 873 3322 916 est

1749 946 1884 1017 legis
1916 952 2209 1003 secundum
2244 950 2483 1004 litteram
2509 952 2680 1020 prima
2703 952 2972 1007 elementa
3008 953 3316 1022 tradiderit,

1749 1051 1806 1094 et
1837 1041 2096 1109 magister
2139 1041 2194 1094 in
2240 1041 2422 1096 divina
2476 1041 2595 1110 lege
2627 1042 2816 1112 primae
2844 1043 3198 1098 institutionis
3221 1060 3320 1097 ex-

1748 1129 1970 1185 stiterit.
2007 1129 2159 1197 Quod
2207 1143 2388 1188 autem
2424 1135 2668 1203 magistri
2716 1133 2880 1188 etiam
2930 1145 3112 1204 patres
3155 1133 3315 1205 522

1748 1220 2090 1288 appellentur
2136 1232 2190 1275 et
2241 1223 2520 1289 apostolus
2566 1223 2764 1279 Paulus
2819 1225 2988 1290 dicit,
3039 1226 3166 1294 quia
3199 1244 3218 1276 ι
3265 1229 3317 1280 iu

1748 1309 1965 1363 Chrism
2016 1307 2145 1364 Jesu
2187 1326 2284 1380 per
2319 1311 2666 1381 Evangelium
2698 1329 2801 1382 ego
2851 1328 2944 1369 vos
2979 1315 3137 1384 genui
3187 1316 3254 1370 ⁵⁸.
3292 1335 3311 1368 ι

1749 1400 1855 1456 Sed
1880 1412 1934 1455 et
1966 1411 2019 1454 tu
2047 1404 2136 1470 qui
2171 1402 2325 1472 legis,
2357 1419 2422 1456 ex
2451 1404 2648 1459 divinis
2675 1403 3051 1461 Voluminibus
3078 1407 3192 1474 ipse
3220 1406 3317 1462 tibi

1751 1493 2059 1548 teStimonia
2089 1493 2141 1546 in
2189 1494 2291 1548 hoc
2353 1494 2674 1563 aspicientia
2702 1506 3049 1566 congregato.
3080 1497 3317 1554 Additur

1750 1584 1804 1638 in
1833 1586 2292 1654 consequentibus
2330 1603 2344 1639 :
2386 1603 2406 1637 ‹
2445 1585 2690 1641 Credidit
2744 1589 3021 1643 Abraham
3074 1587 3186 1646 Deo
3211 1630 3226 1657 ,
3260 1598 3318 1646 et

1752 1681 2058 1744 reputath
2101 1682 2186 1728 est
2217 1675 2292 1728 illi
2335 1676 2403 1730 ad
2427 1676 2688 1746 justitiam
2727 1677 2794 1732 ⁸².
2832 1697 2852 1730 ι
2885 1679 2985 1734 Hic
3027 1695 3208 1735 sermo
3253 1695 3322 1735 ex

80 1781 187 1835 tur,
219 1770 362 1839 apud
396 1769 569 1824 solum
607 1768 777 1823 Deum
808 1769 972 1824 habet
1003 1769 1228 1839 gloriam
1264 1769 1358 1838 qui
1401 1769 1647 1824 occulto-
1677 1766 1720 1822 Β
1752 1765 1889 1821 libro
1925 1765 2148 1820 Genesis
2193 1767 2452 1832 sumitur,
2493 1784 2559 1823 eo
2595 1784 2663 1823 ex
2704 1769 2824 1824 loco
2862 1771 2954 1824 ubi
2992 1786 3102 1826 non
3153 1770 3324 1827 Abra-

77 1878 194 1916 rum
247 1863 498 1917 notitiam
546 1863 708 1916 habet
750 1861 902 1932 (26),
936 1870 991 1915 et
1039 1860 1160 1916 tidei
1191 1861 1338 1917 solus
1374 1861 1648 1929 inspector

75 1963 176 2007 est.
213 1952 380 2022 Igitur
423 1962 477 2008 et
515 1971 534 2004 ς
569 1953 844 2006 Abraham
885 1953 928 2006 si
981 1967 1047 2005 ex
1085 1951 1342 2020 operibus
1367 1992 1384 2018 ,
1435 1952 1645 2021 inquit,

70 2045 402 2114 justiﬁcatus
428 2055 530 2102 est.
563 2045 726 2097 habet
760 2062 778 2094 ι
812 2044 1032 2113 quidem
1067 2061 1085 2094 ι
1121 2043 1350 2112 gloriam
1384 2061 1403 2094 ι
1428 2058 1492 2096 ex
1515 2057 1646 2111 ope-

76 2134 223 2186 rilms
259 2133 589 2198 venientem,
629 2151 648 2184 ‹
681 2135 774 2186 sed
821 2147 929 2185 non
980 2150 999 2184 ι
1033 2131 1177 2186 illam
1216 2146 1338 2201 qua;
1382 2149 1402 2183 ι
1445 2135 1583 2200 apud
1621 2152 1641 2185 ι

73 2225 249 2278 solum
282 2223 396 2296 (27)
424 2243 442 2274 ι
481 2222 649 2278 Deum
694 2242 712 2274 ι
747 2235 830 2277 est
856 2239 870 2288 ;
896 2235 948 2277 at
989 2235 1198 2278 certum
1241 2233 1326 2278 est
1355 2224 1634 2278 Abraham

74 2323 212 2391 apud
240 2321 413 2375 solum
442 2321 609 2375 Deum
643 2322 841 2376 habere
858 2320 1086 2390 gloriam
1118 2339 1132 2377 :
1165 2337 1500 2392 consequens
1519 2338 1646 2393 ergo

79 2423 162 2466 est
194 2422 256 2466 ut
283 2429 388 2467 nou
417 2429 484 2466 ex
532 2414 809 2482 operibus,
837 2415 931 2468 sed
961 2429 1026 2467 ex
1061 2413 1163 2468 ﬁde
1190 2414 1518 2485 justilieatus
1553 2419 1646 2471 sit.

75 2503 187 2558 Non
241 2514 422 2558 autem
449 2514 605 2573 putes
653 2506 794 2573 quod
825 2505 869 2559 si
905 2507 1028 2574 quis
1063 2508 1258 2562 habeat
1290 2509 1448 2561 talem
1487 2510 1644 2563 Iidem

75 2613 140 2652 ex
172 2614 279 2666 qua
305 2599 632 2667 justilicatus
661 2598 857 2654 habeat
889 2600 1113 2667 gloriam
1137 2601 1281 2668 apud
1312 2599 1505 2664 Deum,
1529 2616 1650 2670 pos-

73 2692 337 2766 sitﬂmul
371 2707 494 2744 cum
533 2706 595 2745 ea
628 2690 832 2745 habere
860 2701 917 2743 et
954 2689 1292 2759 injustitiam.
1323 2689 1480 2744 Nulla
1501 2692 1646 2746 enim

73 2799 200 2853 pars
229 2791 316 2837 est
362 2782 482 2836 ﬁdei
516 2781 680 2835 simul
717 2797 842 2836 cum
873 2781 1215 2846 inﬁdelitate,
1245 2782 1391 2836 nulla
1416 2781 1648 2852 justitite

72 2892 193 2930 cum
226 2876 514 2944 iniquitate
543 2874 872 2940 communio,
901 2876 1046 2929 sicut
1079 2888 1180 2928 nec
1211 2873 1318 2929 luci
1348 2889 1470 2928 cum
1503 2883 1648 2929 tene-

77 2968 186 3022 bris
230 2977 410 3036 potest
459 2981 582 3021 esse
629 2967 862 3021 societas
903 2966 969 3020 ⁸⁸.
1004 2967 1061 3020 Si
1096 2965 1241 3019 enim
1297 2983 1316 3017 ι
1353 2967 1444 3036 qui
1471 2967 1647 3022 credit

75 3062 214 3130 quod
247 3061 410 3115 Jesus
454 3070 539 3116 est
571 3060 821 3115 Christus
848 3099 864 3122 ,
912 3075 979 3113 ex
1023 3059 1133 3114 Deo
1167 3069 1328 3114 natus
1363 3069 1447 3115 est
1468 3101 1484 3126 ,
1515 3078 1534 3110 ι
1566 3069 1642 3122 et,

77 3170 94 3202 ι
133 3152 222 3221 qui
253 3167 320 3205 ex
358 3153 467 3204 Deo
499 3160 656 3204 natus
689 3158 810 3214 est,
845 3166 949 3201 non
983 3158 1193 3216 peccat,
1240 3167 1260 3201 ι
1296 3148 1638 3203 manifestum

74 3256 151 3299 est
179 3245 306 3314 quia
341 3246 430 3312 qui
460 3243 632 3298 credit
661 3241 788 3296 Jesu
828 3240 1067 3305 Christo,
1101 3256 1207 3295 non
1239 3250 1430 3312 peccat
1460 3240 1642 3309 :quod

72 3335 114 3389 si
143 3343 357 3404 peccat,
388 3343 596 3390 certqu
625 3343 711 3388 est
737 3335 864 3403 quia
895 3349 998 3387 non
1052 3334 1224 3388 credit
1251 3335 1328 3388 ei.
1375 3333 1641 3387 indicium

72 3427 237 3497 igitur
271 3440 416 3480 vera:
465 3425 593 3481 ﬁdei
646 3433 731 3480 est
795 3425 884 3479 ubi
921 3439 1027 3480 non
1080 3425 1437 3495 delinquitur,
1501 3425 1645 3480 sicut

72 3529 299 3573 econtra
320 3518 406 3573 ubi
424 3516 758 3586 delinquitur
775 3516 1110 3572 inﬁdelitatis
1125 3512 1487 3572 iudicium-est
1505 3515 1641 3589 (28).

71 3610 364 3682 Propterea
395 3625 524 3682 ergo
552 3619 608 3664 et
640 3609 694 3664 in
725 3608 835 3664 alio
873 3609 1171 3677 Scriptura:
1220 3609 1341 3663 loco
1369 3608 1414 3641 δ’
1445 3609 1647 3664 dicitur

71 3704 136 3756 de
173 3704 499 3765 Abraham,
534 3702 676 3772 quod
723 3716 793 3755 ex
850 3702 1108 3771 operibus
1154 3700 1275 3756 ﬁdei
1307 3700 1644 3769 justiﬁcatus

70 3797 137 3850 sit
171 3811 187 3848 :
219 3796 348 3866 quia
399 3805 609 3850 certum
643 3805 728 3850 est
757 3809 882 3849 eum
936 3794 1026 3863 qui
1063 3808 1190 3850 vere
1239 3796 1414 3850 credit
1441 3835 1458 3860 ,
1506 3810 1644 3866 opus

73 3889 218 3955 ﬁdei,
247 3899 305 3944 et
325 3888 574 3957 justitiae,
603 3896 659 3942 et
693 3889 864 3943 tetius
903 3886 1162 3941 bonitatis
1191 3889 1434 3955 operari,
1468 3899 1524 3943 et
1553 3904 1646 3944 ca-

74 4000 260 4052 pacem
299 3981 416 4036 ﬁeri
463 3981 752 4050 utriusque
794 3981 998 4050 gloriae,
1038 3989 1144 4033 tam
1195 3979 1310 4049 ejus
1336 3999 1457 4052 quae
1501 3990 1645 4052 apud

76 4076 240 4129 Deum
279 4076 332 4129 in
357 4074 576 4129 occulto
616 4089 724 4140 est,
755 4089 918 4144 quam
949 4075 1114 4128 etiam
1154 4071 1272 4141 ej'ns
1315 4090 1435 4145 quae
1467 4075 1642 4144 palam

73 4177 176 4231 est,
204 4177 260 4220 et
294 4180 403 4220 non
429 4165 602 4220 solum
639 4169 778 4234 apud
814 4164 980 4217 Deum
1006 4173 1108 4218 est.
1149 4163 1250 4221 His
1279 4165 1351 4218 ita
1385 4180 1482 4235 pro
1512 4165 1644 4219 viri-

70 4261 170 4315 bus
205 4258 537 4330 explanatis,
577 4259 741 4313 etiam
786 4259 916 4313 illud
949 4260 1388 4327 praetereundum
1422 4259 1644 4312 minime

71 4353 286 4408 videtur
330 4352 477 4422 quod
528 4360 734 4420 patrem
785 4362 1032 4405 nostrum
1085 4352 1382 4406 secundum
1423 4365 1642 4404 carnem

1753 1858 1900 1921 ham,
1923 1857 2018 1911 sed
2040 1855 2239 1910 Abram
2260 1857 2389 1912 dicit
2416 1859 2482 1914 ad
2509 1859 2792 1914 Dominum
2818 1861 2928 1931 (50)
2959 1878 2972 1913 :
3006 1882 3024 1913 ι
3055 1864 3318 1928 Quoniam

1747 1966 1856 2007 non
1884 1950 2082 2008 dedisti
2126 1951 2258 2006 mihi
2292 1966 2504 2015 semen,
2537 1953 2625 2005 hic
2651 1951 2975 2005 vernaculus
3007 1965 3157 2005 meus
3207 1951 3319 2005 ha:-

1749 2043 2005 2098 reditabit
2036 2058 2140 2098 me.
2193 2043 2257 2097 Et
2287 2044 2428 2098 dixit
2460 2043 2720 2097 Dominus
2753 2043 2820 2096 ad
2862 2056 2985 2096 eum
3019 2041 3175 2098 :Non
3212 2042 3320 2098 erit

1747 2138 1924 2194 lueres
1953 2148 2076 2192 tuus
2106 2139 2232 2202 iste,
2269 2139 2362 2192 sed
2392 2139 2486 2206 qui
2514 2138 2712 2192 exierit
2762 2139 2829 2190 de
2861 2146 2935 2200 te,
2965 2137 3053 2191 hic
3082 2137 3188 2191 erit
3210 2136 3320 2190 hae-

1749 2246 1838 2285 res
1869 2239 2018 2284 tuus.
2052 2230 2118 2283 Et
2145 2229 2360 2292 eduxit,
2396 2229 2571 2298 inquit
2600 2268 2616 2293 ,
2648 2244 2770 2283 eum
2799 2227 2913 2300 (5i)
2940 2226 3087 2281 foras
3112 2267 3132 2292 ,
3157 2237 3211 2282 et
3235 2226 3321 2280 di-

1749 2325 1825 2377 xit
1847 2326 1912 2377 ad
1942 2337 2066 2377 eum
2101 2340 2114 2376 :
2148 2323 2378 2392 Respice
2399 2324 2466 2376 ad
2503 2321 2725 2385 coelum,
2765 2331 2821 2374 et
2857 2335 3083 2375 numera
3112 2318 3318 2384 stellas,

1746 2419 1790 2471 si
1827 2417 2071 2485 potueris
2123 2417 2476 2470 dinumerare
2521 2431 2636 2470 eas.
2681 2415 2742 2468 Et
2791 2414 2868 2468 ait
2901 2414 2965 2467 ad
3019 2429 3188 2470 eum:
3225 2412 3320 2468 Sic

1747 2511 1852 2565 erit
1883 2525 2069 2563 semen
2099 2519 2273 2563 tuum.
2302 2508 2366 2561 Et
2391 2508 2627 2562 credidit
2661 2507 2792 2570 Deo,
2819 2516 2874 2560 et
2900 2515 3204 2575 reputatum
3231 2515 3319 2560 est

1746 2602 1797 2655 ei
1825 2601 1891 2655 ad
1919 2600 2187 2666 justitiam
2213 2599 2286 2652 ³³.
2320 2617 2339 2650 ι
2379 2597 2564 2652 Latius
2611 2599 2728 2652 loca
2759 2597 2873 2668 ipsa
2909 2596 3140 2668 exempli
3187 2611 3318 2668 gra-

1751 2695 1824 2749 tia
1861 2692 1973 2766 (32)
2010 2693 2078 2748 de
2131 2693 2272 2746 libro
2299 2690 2531 2745 Genesis
2561 2689 2935 2759 repetivimus,
2973 2697 3032 2743 ut
3072 2703 3192 2755 quae
3229 2685 3324 2757 ju-

1747 2785 2094 2842 stiﬁcationis
2153 2783 2312 2852 hujus
2356 2795 2519 2835 causa
2553 2779 2715 2834 fuerit
2763 2794 3129 2835 nosceremus.
3167 2777 3320 2835 Unde

1745 2888 1802 2935 et
1828 2877 2011 2931 acrius
2037 2875 2427 2930 intendendum
2472 2881 2578 2939 est,
2625 2873 2670 2927 si
2705 2873 2777 2927 ob
2811 2873 2913 2926 hoc
2948 2870 3121 2926 solum
3171 2871 3316 2941 quod

1746 2971 1982 3028 dandum
2014 2970 2116 3026 sibi
2149 2969 2383 3024 credidit
2405 2968 2598 3032 ﬁlium,
2635 2975 2692 3022 et
2722 2981 2788 3022 ex
2819 2980 2882 3021 eo
2911 2963 3223 3036 progeniem
3247 2963 3317 3018 ad

1749 3051 2152 3118 multitudinem
2185 3063 2424 3116 siderum
2456 3059 2858 3130 propagandam
2889 3096 2906 3123 ,
2953 3056 3154 3111 dicitur
3185 3056 3314 3126 quia

1747 3163 1998 3224 reputata
2021 3161 2105 3207 est
2133 3153 2264 3207 ﬁdes
2295 3153 2413 3222 ejus
2438 3152 2505 3205 ad
2533 3149 2803 3221 justitiam
2839 3168 2852 3204 :
2885 3165 2952 3202 an
2993 3161 3092 3216 pro
3133 3146 3237 3202 hoc
3263 3155 3320 3202 et

1745 3261 1842 3318 pro
1867 3245 2121 3301 omnibus
2143 3259 2263 3314 qua:
2289 3242 2401 3312 jam
2427 3250 2553 3296 ante
2589 3240 2913 3296 crediderat.
2952 3237 3138 3307 Neque
3170 3237 3318 3290 enim

1745 3339 2043 3408 putandum
2084 3336 2225 3405 quod
2257 3335 2466 3403 absque
2501 3331 2609 3388 ﬁde
2637 3331 2804 3387 fuerit
2847 3330 3002 3396 illud,
3052 3339 3107 3384 ut
3141 3328 3319 3384 exiret

1745 3431 1813 3486 de
1853 3439 1999 3484 terra
2025 3443 2142 3492 sua,
2171 3437 2228 3482 et
2255 3429 2323 3480 de
2355 3426 2681 3495 cognatione
2711 3425 2877 3494 patris
2900 3423 3005 3484 sui,
3029 3430 3084 3476 et
3103 3421 3318 3475 veniret

1745 3521 1801 3576 in
1838 3530 2039 3576 terram
2060 3536 2220 3592 quam
2245 3519 2292 3573 ei
2322 3515 2945 3571 demonstraveratDeus
2959 3513 3028 3578 ἰς
3050 3512 3135 3568 vel
3162 3510 3316 3576 illud,

1745 3628 1868 3669 cum
1917 3619 2174 3682 separato
2216 3624 2246 3663 a
2289 3621 2348 3663 se
2399 3608 2521 3673 Lot,
2559 3607 2693 3663 dicit
2742 3606 2808 3661 ad
2846 3621 2971 3660 eum
3004 3603 3313 3659 Dominus:

1751 3723 1772 3759 ι
1810 3705 2007 3776 Aspice
2032 3703 2206 3759 oculis
2233 3703 2360 3767 tuis,
2387 3714 2440 3757 et
2459 3703 2580 3757 vide
2603 3717 2669 3756 ex
2698 3701 2802 3755 hoc
2823 3699 2941 3753 loco
2969 3699 3020 3753 in
3045 3710 3153 3767 quo
3177 3705 3315 3760 stas,

1745 3809 1801 3854 et
1829 3799 2045 3854 intuere
2089 3800 2156 3851 ad
2183 3795 2633 3866 septentrionem,
2665 3803 2718 3847 et
2743 3791 3125 3856 meridianum,
3151 3797 3221 3871 et,
3250 3788 3321 3841 ad

1746 3892 2122 3952 occidentem,
2176 3898 2339 3956 atque
2368 3889 2433 3942 ad
2467 3886 2756 3947 orientem,
2799 3883 2922 3954 quia
2961 3895 3178 3934 omnem
3205 3886 3320 3933 ter-

1749 4001 1866 4040 ram
1900 3984 2042 4040 hanc
2069 3997 2233 4051 quam
2263 3981 2414 4034 vides
2454 3979 2551 4034 tibi
2582 3977 2722 4032 dabo
2752 3991 2896 4037 eam,
2931 3986 2985 4029 et
3005 3972 3194 4028 semini
3225 3981 3319 4024 tuo

1746 4077 1800 4130 in
1831 4085 2091 4130 aeternum
2117 4073 2186 4125 ⁵⁸.
2211 4091 2230 4124 ›
2265 4073 2370 4126 Sed
2402 4080 2457 4125 et
2485 4069 2615 4124 illttd
2653 4068 2774 4137 quis
2804 4067 2947 4119 dicat
2972 4065 3181 4133 absque
3213 4061 3319 4116 ﬁde

1747 4167 1998 4232 factum,
2041 4165 2184 4232 quod
2238 4161 2463 4216 veniens
2517 4159 2796 4215 Abraham
2851 4154 3120 4212 habitavit
3172 4151 3319 4222 apud

1745 4273 2008 4326 quercum
2029 4257 2270 4312 Mambre
2301 4257 2352 4310 in
2386 4253 2625 4314 llebron,
2651 4259 2706 4305 et
2728 4249 3018 4303 aediﬁcavit
3041 4245 3111 4300 ibi
3143 4243 3320 4298 altare

1749 4352 1976 4407 Domino
2001 4352 2096 4406 ⁵⁸2
2127 4350 2410 4418 Quomodo
2445 4357 2627 4402 autem
2658 4355 2714 4398 et
2743 4344 2875 4398 illud
2905 4356 3012 4395 non
3044 4348 3164 4393 erat
3191 4335 3318 4391 ﬁdei

73 4448 373 4502 nominavit
393 4445 750 4500 Abraham".
777 4443 1035 4499 Gentium
1070 4444 1270 4499 etenim
1307 4445 1646 4514 paterAbra-
1678 4441 1722 4496 D
1749 4460 1886 4514 opus
1915 4485 1930 4512 ,
1967 4460 2089 4499 cum
2124 4441 2518 4497 Melchisedech
2564 4433 2844 4494 benedixit
2892 4431 3214 4495 Abraham,
3263 4435 3322 4482 et

71 4540 195 4594 ham
231 4540 534 4596 secundum
571 4540 729 4593 ﬁdem
754 4578 770 4604 ,
821 4553 926 4590 non
975 4536 1273 4590 secundum
1307 4551 1528 4590 carnem
1563 4536 1644 4589 vi-

72 4631 248 4686 detur.
301 4630 437 4684 Nam
488 4629 663 4700 ipsius
696 4629 912 4699 quidem
951 4627 1193 4698 Apostoli
1245 4637 1424 4697 potest
1450 4638 1507 4683 et
1557 4645 1644 4684 se-

71 4726 306 4780 cundum
337 4739 559 4779 carnem
597 4722 702 4778 dici
734 4740 748 4776 :
780 4737 848 4776 ex
895 4736 1096 4791 genere
1146 4721 1290 4777 enim
1343 4719 1644 4777 Israelitico

141 4887 186 4918 ⁸⁷
217 4885 423 4940 llabac.
457 4899 517 4951 tt,
547 4883 616 4948 ις
647 4880 812 4938 Hebr.
843 4897 897 4940 κ.
931 4879 1022 4934 58.

72 4957 158 5011 15.
255 4958 305 4989 ⁸¹
341 4959 495 5010 Rom.
525 4969 600 5023 tv,
635 4953 691 5008 '5.
787 4951 832 4984 ⁵³
865 4951 1004 5008 Gen.
1044 4966 1135 5018 xv,
1173 4951 1208 5005 5
1239 4967 1354 5020 seq.

73 5043 188 5094 xiv,
218 5028 312 5092 19,
344 5025 436 5080 20.

145 5141 262 5213 (‘25)
321 5141 416 5213 Sic
466 5154 597 5193 mss.
622 5147 711 5213 _et_
741 5136 1023 5190 Rabanus.
1059 5132 1201 5213 Editj
1224 5144 1490 5213 vero-hc
1524 5129 1652 5213 ipse

78 5199 220 5265 enim
243 5199 513 5280 'praevidet
543 5210 668 5279 quis
700 5210 753 5263 iu
803 5217 1129 5274 unoquoque
1168 5201 1291 5258 ﬁdei
1327 5200 1540 5255 habitat
1567 5199 1652 5252 af-

81 5285 272 5336 l‘ectus.
322 5300 340 5331 ι

145 5351 260 5422 (26)
289 5348 552 5422 Notitiam
572 5349 744 5422 habet.
764 5346 1119 5422 llaécdesunt
1151 5343 1204 5396 in
1245 5355 1404 5396 antea
1429 5340 1610 5396 editis.

147 5417 260 5491 (27)
296 5420 502 5475 Solum.
537 5421 592 5472 In
616 5417 1168 5491 editisdesideratur.

145 5481 255 5563 (28)
282 5493 429 5545 Sicut
465 5488 826 5563 e__contrn_ubi
850 5485 1171 5554 delinquitur
1195 5481 1533 5563 inﬁdelitatis
1556 5482 1638 5535 in.

77 5553 273 5614 diéiunt
319 5570 417 5612 est.
467 5561 563 5612 Sic
605 5558 730 5611 editi
761 5568 814 5611 et
855 5553 1011 5608 mss.’
1041 5554 1234 5607 nostri.
1285 5553 1414 5606 Mss.
1459 5563 1635 5604 tatuen

81 5648 216 5685 unus
247 5645 350 5700 pro
387 5629 469 5684 his
499 5626 680 5682 verbis
709 5627 907 5691 habet;
945 5642 966 5677 ς
1008 5623 1344 5682 iulldelitatis
1377 5622 1633 5677 iudicium

77 5714 161 5756 est
180 5703 270 5756 ubi
300 5709 577 5770 peccatur.
611 5715 630 5749 ι

1113 4878 1159 4911 ⁸⁸
1185 4879 1226 4932 ΙΙ
1251 4880 1378 4935 Cor.
1407 4896 1483 4940 νι,
1512 4880 1594 4943 Η,
1631 4879 1716 4934 15.
1815 4883 1836 4910 ⁸

1119 4991 1135 5006 .
1173 4951 1208 5005 5
1239 4967 1354 5006 Seu.
1447 4951 1493 4982 “
1522 4951 1657 5006 Geu.
1692 4949 1838 5006 x‘tlJ

1570 4969 1657 5005 eu.
1692 4966 1788 5018 xtt,
1812 4966 1862 5004 1.

1749 4538 1824 4592 ait
1854 4556 1868 4592 :
1902 4554 1921 4588 t
1953 4537 2279 4591 Benedictus
2302 4533 2580 4588 Abraham
2616 4528 2726 4583 Deo
2749 4525 2966 4582 excelso
2996 4522 3090 4593 qui
3113 4519 3321 4576 creavit

1751 4630 1952 4686 cmlum
1989 4637 2044 4682 et
2093 4637 2297 4682 terram
2333 4643 2348 4679 :
2386 4635 2442 4679 et
2491 4620 2812 4678 benedictus
2856 4614 3001 4671 Deus
3030 4612 3279 4668 excelsus
3301 4647 3320 4674 ,

1752 4721 1843 4792 qui
1883 4719 2105 4774 tradidit
2136 4717 2389 4772 inimicos
2419 4713 2537 4784 ejus
2560 4714 2614 4767 in
2645 4709 2893 4764 manibus
2917 4705 3034 4775 ejus
3060 4704 3106 4737 δ’
3134 4703 3160 4758 τ
3189 4722 3208 4756 ι
3239 4702 3320 4758 Ex

2444 4875 2491 4908 ⁸⁰
2517 4874 2675 4929 Rom.
2701 4885 2775 4933 tv,
2812 4869 2865 4922 1.
2958 4869 2980 4900 ⁵

2445 4990 2457 4996 -
2492 4947 2578 4996 15.
2675 4942 2723 4974 ⁸⁸
2751 4940 2880 4996 ibid.
2916 4938 2984 4993 18

2752 4956 2880 4995 ιυια.
2916 4956 3005 4993 ιδ.

2958 4869 3003 4900 ⁵⁸
3033 4867 3050 4921 Ι
3083 4867 3211 4922 (lor.
3241 4881 3320 4933 tv,

1815 4881 1859 4912 ’θ
1883 4877 2003 4934 Jac.
2033 4893 2091 4941 η,
2118 4878 2211 4938 2|.
2239 4877 2330 4932 εξ.
2444 4877 2491 4908 ⁸⁰
2517 4877 2675 4929 Rom.
2701 4885 2775 4933 tv,
2812 4877 2865 4922 1.
2958 4877 3003 4900 δι
3033 4877 3050 4921 I
3083 4877 3211 4922 t;or.
3241 4881 3319 4933 tv,

1815 4949 1836 4995 Ι
1965 4949 2010 4981 ⁵⁵
2050 4949 2188 4995 Gen-
2223 4963 2340 4995 xm.
2366 4946 2456 4995 LL
2492 4947 2578 4995 15.
2675 4942 2723 4974 ⁸⁸
2751 4940 2880 4995 ibid.
2916 4938 3005 4993 18.
3108 4939 3153 4970 ⁵⁷
3181 4938 3319 4995 Gen.

1965 4949 2010 4981 "
2050 4949 2188 5004 Gen.
2223 4963 2341 5013 λιιι,
2366 4946 2457 5014 14,
2492 4947 2578 5000 lii.

1829 5124 1943 5198 (29)
1997 5126 2137 5182 Editi
2173 5143 2186 5180 :
2221 5125 2312 5180 alii
2346 5145 2364 5177 ι
2395 5128 2686 5198 nominat,
2721 5141 2745 5198 ι
2785 5125 2875 5198 alii
2925 5141 2944 5176 ι
2986 5125 3316 5186 nominare.»

1753 5195 1964 5280 omisso
2013 5217 2033 5249 ι
2091 5198 2287 5280 potuit.
2331 5217 2348 5248 ι
2393 5195 2520 5278 Mss.
2559 5211 2698 5278 Inuus
2733 5196 2895 5251 habet
2927 5213 2946 5246 ι
2990 5197 3125 5249 solet
3165 5212 3183 5244 ι
3221 5209 3322 5262 pro

1761 5287 1783 5320 ί
1817 5270 2013 5339 potuit.
2051 5285 2070 5318 ι
2101 5268 2274 5332 Alter,
2302 5285 2320 5317 ι
2357 5268 2676 5320 nominavit.
2721 5285 2740 5318 ι

1761 5409 1771 5414 _
1828 5337 1943 5414 (50)
1972 5338 2117 5414 _Editi
2143 5377 2173 5414 ,Δ
2199 5356 2234 5414 Δι
2267 5353 2333 5390 ex
2374 5336 2783 5414 librisGenesis
2829 5333 3113 5414 sumitu_r_,_
3153 5345 3220 5388 ex
3253 5344 3322 5384 eo

1757 5404 1878 5464 loco
1895 5404 1984 5463 ubi
2011 5423 2118 5463 non
2147 5407 2376 5472 Abram,
2399 5407 2493 5461 sed
2522 5408 2797 5462 Abraham
2819 5404 2951 5458 dicit
2978 5405 3045 5457 ad
3077 5404 3268 5467 Deum,
3295 5420 3314 5448 ι

1743 5491 1849 5534 etc.
1882 5477 2042 5535 Male.

1814 5551 1930 5618 (5i)
1968 5549 2125 5618 Etim.
2157 5547 2315 5602 Deest
2353 5547 2406 5600 iu
2442 5545 2622 5599 editis.

1824 5605 1950 5691 (52)
2007 5615 2218 5672 Gratia.
2273 5617 2327 5670 ltt
2383 5627 2541 5670 antea
2601 5614 2760 5672 editis
2813 5611 3124 5667 emittitur.
3182 5605 3314 5668 AL.

1747 5709 1764 5742 Ι
1804 5705 1991 5745 causa.
2030 5707 2049 5740 ι
