3684 6148
288 224 386 282 9ιι1
1764 219 2083 279 ORIGENIS
3433 219 3539 275 952

290 344 398 402 Sed
424 341 550 400 etsi
582 341 706 413 quis
737 339 1065 413 peccaverit,
1086 339 1406 396 advocatum
1433 339 1693 396 habemus
1713 345 1857 410 apud
1888 343 1934 400 A
1956 341 2219 410 judicium
2268 349 2567 404 statuerat,
2617 355 2856 410 praesens
2903 338 3292 394 sustentationi
3340 347 3396 393 ct
3445 355 3540 407 pa.

287 435 530 502 Patrem,
556 431 738 488 .Iesum
771 431 1046 488 Christum
1066 431 1268 500 justum
1305 449 1318 485 :
1351 441 1406 486 et
1452 432 1568 500 ipse
1611 442 1693 485 est
1730 447 1858 501 pro-
1962 435 2168 490 tientia!
2195 434 2505 504 deputaret.
2548 431 2682 486 Nam
2717 434 2761 485 si
2800 432 3017 502 puniret
3064 433 3119 486 in
3153 434 3258 486 hoc
3287 442 3540 502 tempore

289 529 501 600 pitiatio
537 540 636 598 pro
666 526 904 597 peccatis
929 524 1128 582 nostris
1159 542 1174 590 ;
1214 541 1320 580 non
1352 524 1523 580 solum
1546 533 1724 580 autem
1758 541 1858 596 pro
1956 535 2299 596 peccatorem
2323 565 2338 588 ,
2357 523 2578 592 justum
2608 541 2710 577 non
2765 525 3041 578 videretur
3073 523 3189 597 (92)
3226 526 3431 579 iterum
3470 527 3536 579 ad

288 620 492 676 nostris
521 663 536 688 ,
572 620 667 675 sed
702 629 754 676 et
781 634 878 691 pro
917 618 1154 675 universi
1187 620 1369 673 mundi
1399 618 1465 676 θ’.
1499 638 1520 672 ι
1550 618 1669 676 Uno
1695 620 1858 690 igitur
1953 616 2216 687 judicium
2245 632 2402 686 quem
2441 617 2688 686 punierat
2712 631 2965 671 evocare.
3008 616 3061 671 Si
3094 633 3223 671 vero
3255 626 3535 672 sustentet

288 712 588 784 eodemque
605 725 768 768 sensu
789 709 1012 781 apostoli
1040 711 1557 781 «propitiatorinmu
1583 710 1665 766 vel
1689 729 1708 763 ι
1731 727 1858 782 pro-
1956 719 2011 764 et
2040 710 2277 778 patiatur
2301 709 2352 762 iu
2385 710 2631 776 praesenti
2671 707 2888 769 sarculo.
2921 719 3067 765 recte
3095 710 3201 763 erit
3230 710 3412 776 justus
3439 710 3533 779 ju-

286 804 649 874 pitiationem,
685 822 704 856 ι
737 803 846 869 vel,
873 813 933 859 ut
966 804 1020 859 in
1053 803 1268 860 Latinis
1297 803 1576 859 codicibus
1607 804 1857 873 frequen-
1958 800 2060 856 dex
2101 802 2152 855 in
2187 800 2386 857 futuro.
2428 801 2696 856 .Instiﬁcat
2727 817 2859 870 ergo
2887 816 3010 856 eum
3040 805 3131 874 qui
3181 795 3252 857 ex
3295 802 3401 858 ﬁde
3431 813 3538 865 est,

285 896 396 951 tius
419 894 711 963 invenitur,
732 914 752 948 ι
774 893 1192 964 Propitiatorem
1217 915 1237 948 ›
1266 895 1852 951 nominantChristum.
1959 895 2098 949 sicut
2142 896 2286 948 etde
2317 895 2588 947 Abraham
2623 895 2885 964 scriptum
2917 905 3034 960 est,
3076 897 3199 966 quia
3236 915 3255 947 ι
3303 897 3539 950 credidit

286 986 398 1042 Sed
449 986 584 1042 nihil
622 987 851 1042 interest
877 987 992 1041 sive
1037 1005 1056 1037 ι
1092 987 1445 1058 propitiator,
1483 1007 1501 1040 ι
1536 989 1650 1042 sive
1681 1006 1700 1038 ι
1730 1001 1855 1056 pro-
1957 985 2228 1038 Abraham
2262 985 2387 1048 Deo,
2420 977 2799 1054 et'repntatum
2823 996 2906 1041 est
2933 987 2980 1041 ei
3009 987 3074 1040 ad
3098 987 3372 1056 justitiam
3403 987 3474 1039 ”.
3515 1004 3536 1038 ι

284 1078 642 1148 pitiatorium,
675 1098 695 1132 ι
725 1079 838 1135 sive
868 1097 888 1131 ς
919 1080 1248 1149 propitiatio,
1287 1098 1304 1131 ι
1353 1080 1470 1134 sive
1499 1081 1662 1136 etiam
1709 1097 1728 1132 t
1768 1095 1857 1133 ex-
1959 1074 2110 1141 Quod
2137 1076 2180 1130 si
2214 1076 2488 1130 Abraham
2537 1076 2805 1141 credidit,
2836 1085 2890 1131 et
2929 1091 2996 1131 ex
3048 1075 3153 1130 ﬁde
3197 1075 3540 1144 justiﬁcatus

285 1173 462 1228 oratio
485 1191 505 1225 ι
542 1173 804 1243 scriptum
828 1173 921 1239 sit,
950 1189 1072 1228 cum
1105 1173 1244 1240 apud
1261 1171 1480 1229 Graecos
1513 1187 1618 1228 uno
1645 1187 1858 1243 semper
1957 1178 2060 1231 est,
2092 1181 2429 1236 consequens
2464 1169 2586 1222 sine
2614 1168 2781 1222 dubio
2810 1168 2916 1224 erit
2945 1179 3006 1222 ut
3033 1177 3088 1224 et
3114 1185 3257 1224 nunc
3281 1170 3378 1239 qui
3412 1185 3541 1225 cre-

282 1265 582 1336 .eodemque
631 1278 883 1321 sermone
905 1265 1231 1337 proferatur.
1273 1264 1387 1320 Nisi
1421 1264 1564 1321 forte
1606 1266 1858 1321 videatur
1958 1263 2036 1318 dit
2065 1260 2178 1334 (95)
2208 1264 2334 1326 Deo,
2371 1277 2467 1333 per
2490 1262 2646 1318 ﬁdem
2668 1260 2798 1319 Jesu
2821 1263 3024 1319 Christi
3043 1262 3383 1334 iustificetur
3409 1278 3538 1319 cum

287 1357 606 1428 quibusdam
646 1376 666 1410 ι
697 1357 1009 1428 propitiatio
1049 1374 1070 1409 ι
1102 1355 1215 1425 ipsa
1254 1355 1370 1426 ejus
1398 1355 1578 1410 divina
1608 1355 1856 1411 substan-
1959 1358 2099 1412 fideli
2138 1357 2412 1411 Abraham
2445 1356 2512 1412 ".

287 1449 402 1517 tia;
458 1464 479 1500 ι
511 1447 832 1518 prOpitiator
869 1466 887 1498 ι
925 1461 1089 1510 vero,
1144 1460 1266 1500 cum
1316 1446 1748 1515 dispensationes
1801 1445 1853 1500 in
2024 1448 2078 1504 9.
2125 1469 2144 1501 ι
2183 1448 2279 1504 Ubi
2306 1458 2388 1503 est
2420 1462 2550 1518 ergo
2582 1446 2835 1518 gloriatio
2871 1447 3000 1502 tua?
3025 1445 3258 1500 Exclusa
3287 1457 3395 1502 est.
3432 1445 3536 1500 Per

283 1537 596 1594 hominibus
625 1537 806 1608 explet
833 1535 966 1608 (89),
995 1536 1244 1606 intelligi.
1286 1536 1394 1594 Sed
1421 1547 1477 1593 et
1519 1537 1662 1607 quod
1719 1537 1856 1593 dixit
1955 1556 2117 1612 quam
2148 1540 2364 1609 legem?
2389 1537 2628 1607 Operum
2659 1537 2683 1589 ?
2715 1537 2832 1592 Non
2868 1555 2882 1592 :
2920 1539 3014 1592 sed
3050 1551 3145 1606 per
3172 1533 3346 1607 regem
3381 1538 3531 1595 ﬁdei.

282 1628 540 1697 Joannes,
561 1630 683 1699 quia
715 1649 734 1682 ι
761 1629 876 1700 ipse
896 1640 979 1686 est
1002 1631 1243 1686 exoratio
1266 1630 1403 1701 (sive
1433 1649 1451 1684 t
1475 1630 1786 1701 propitiatio
1806 1629 1852 1702 ι)
1888 1693 1924 1702 _
1956 1633 2304 1688 Arbitratnur
2355 1634 2502 1686 enim
2555 1629 2846 1698 justiﬁcari
2899 1629 3170 1684 hominem
3226 1645 3324 1698 per
3371 1631 3533 1683 ﬁdem

281 1735 382 1792 pro
409 1721 646 1792 peccatis
670 1723 871 1777 nostris
896 1738 914 1788 ;
939 1736 1044 1776 non
1081 1722 1258 1778 solum
1285 1733 1464 1778 autem
1491 1739 1587 1793 pro
1625 1723 1850 1790 nostris,
1888 1693 1926 1747 Β
1956 1726 2076 1781 sine
2103 1725 2360 1795 operibus
2393 1721 2527 1793 legis
2549 1722 2615 1775 ".
2656 1739 2675 1772 ι
2718 1720 2915 1774 lterum
2958 1736 3020 1774 ac
3047 1723 3246 1788 saepius
3279 1735 3533 1776 commo-

280 1813 376 1869 sed
404 1822 459 1868 et
499 1827 598 1886 pro
622 1813 859 1870 universi
896 1815 1116 1884 mundi,
1155 1833 1174 1868 ι
1220 1819 1466 1886 quaedam
1502 1819 1660 1873 nobis
1705 1818 1852 1871 intu—
1956 1832 2146 1871 nemus
2194 1830 2289 1871 eos
2318 1815 2409 1885 qui
2457 1813 2660 1883 scripta
2695 1811 2844 1866 Pauli
2879 1811 3193 1883 diligentius
3245 1816 3536 1870 advertere

282 1905 411 1961 lisse
450 1906 666 1962 videtur
699 1915 981 1977 augmenta
1006 1909 1277 1979 mysterii,
1304 1919 1365 1962 ut
1390 1911 1638 1965 ostendat
1665 1909 1851 1964 Jesum
1952 1908 2211 1978 cupiunt,
2244 1906 2646 1960 distinctionem
2680 1905 2852 1969 illam,
2877 1920 3038 1973 quam
3072 1919 3236 1974 supra
3263 1903 3532 1971 diximus,

282 1997 688 2066 propitiatorem
734 2014 854 2055 esse
889 2014 993 2056 non
1049 2000 1224 2056 solum
1257 2000 1622 2064 credentium,
1662 2016 1850 2057 verum
1951 1997 2249 2052 observare
2277 1997 2521 2051 tenacius
2547 2035 2562 2060 ,
2593 1996 2868 2064 quomodo
2897 1994 3009 2067 (94)
3039 2011 3182 2050 nunc
3227 1997 3531 2052 circumci-

280 2096 336 2142 θι
364 2089 530 2144 lolius
566 2091 783 2159 mundi;
821 2108 926 2146 non
970 2101 1150 2149 tamen
1200 2094 1354 2164 prius
1387 2092 1608 2158 mundi,
1637 2102 1693 2148 et
1725 2103 1851 2148 tunc
1951 2087 2122 2142 sionis
2150 2101 2404 2152 causam,
2436 2101 2581 2142 nunc
2608 2086 2881 2157 praeputii,
2917 2087 2967 2141 id
3001 2096 3083 2141 est
3108 2085 3420 2141 Iudaeorum
3445 2086 3531 2142 vel

281 2189 569 2247 nostrum;
608 2183 701 2237 sed
755 2185 906 2253 prius
930 2195 1203 2250 nostrum,
1231 2195 1287 2240 et
1319 2185 1390 2240 ita
1417 2185 1638 2240 demum
1689 2187 1852 2241 totius
1950 2179 2501 2250 gentilium,discreto
2537 2195 2752 2248 semper
2789 2181 3006 2234 tramite
3045 2190 3434 2250 prosequatur.
3471 2180 3528 2233 Si

280 2271 488 2328 tnundi.
511 2271 766 2340 Quamvis
785 2275 929 2330 enim
954 2276 1207 2331 ttniversa
1224 2285 1472 2332 creatura
1495 2277 1726 2347 gratiam
1746 2276 1850 2332 lie-
1948 2273 2092 2326 enim
2129 2269 2404 2341 paululum
2442 2272 2570 2341 quid
2606 2271 2803 2344 fugerit
2828 2273 3119 2343 legentem,
3143 2273 3406 2326 continuo
3429 2287 3529 2325 an-

279 2363 575 2433 dempturis
599 2375 901 2434 exspectet,
932 2367 1306 2436 unusquisque
1337 2376 1518 2424 tamen
1547 2369 1599 2424 in
1629 2384 1727 2424 suo
1758 2385 1848 2424 or.
1950 2373 2102 2434 gusta
2137 2366 2252 2418 haec
2281 2373 2338 2420 et
2381 2363 2538 2418 exilis
2588 2365 2960 2434 intelligentiae
3010 2364 3204 2418 semita
3250 2363 3369 2433 (95)
3403 2377 3529 2430 per-

277 2455 405 2510 dine
433 2455 613 2510 veniet
648 2459 714 2510 ad
739 2457 988 2513 salutem.
1022 2457 1134 2512 Hoc
1163 2458 1394 2513 indicari
1444 2460 1686 2517 arbitror
1707 2472 1761 2517 et
1792 2461 1845 2515 in
1951 2455 2280 2512 turbabitur.
2319 2454 2485 2527 igitur
2511 2473 2633 2511 cum
2666 2460 2917 2524 superius
2947 2455 2995 2488 ⁸³
3021 2459 3353 2511 ostendisset
3378 2457 3525 2527 Apo-

278 2545 518 2604 Levitico
534 2547 600 2612 ⁸³,
625 2548 712 2603 ubi
733 2549 1192 2622 reprOpitiationis
1220 2551 1407 2607 hostiae
1424 2552 1845 2622 perpontiﬁcem
1948 2548 2122 2602 stolus
2147 2548 2276 2617 quid
2319 2556 2465 2602 esset
2494 2547 2727 2616 amplius
2774 2545 2998 2611 ludam.
3035 2556 3130 2602 θυι
3167 2562 3290 2616 qua!
3320 2546 3526 2602 ιιιίιίιειε

280 2637 605 2693 mandantur
626 2637 831 2694 oﬁ‘erri.
872 2639 982 2696 Nec
1041 2650 1220 2696 tamen
1247 2642 1298 2697 in
1333 2643 1418 2698 his
1447 2644 1844 2700 sacriﬁciorum
1948 2640 2378 2696 circumcisionis
2408 2653 2422 2690 τ
2453 2647 2509 2694 et
2543 2639 2821 2694 docuisset
2855 2639 2980 2708 quia
3023 2638 3212 2708 primis
3261 2639 3370 2692 illis
3404 2653 3522 2693 cre-

277 2728 539 2785 confusus
569 2732 702 2786 ordo
739 2733 1088 2802 proponitur;
1121 2735 1214 2789 sed
1245 2736 1422 2804 primo
1463 2737 1685 2806 quidem
1715 2754 1732 2791 ι

2091 2744 2220 2788 sunt
2249 2733 2458 2802 eloquia
2494 2731 2622 2794 Dei,
2655 2739 2708 2786 et
2748 2744 2846 2798 per
2879 2729 2992 2784 haec
3026 2729 3174 2782 visus
3212 2727 3408 2782 fuisset
3430 2743 3524 2782 ex-

277 2835 398 2888 qua!
425 2823 497 2876 sit
539 2823 884 2892 propitiatio,
925 2837 979 2880 et
1020 2827 1195 2895 qualis
1230 2827 1441 2894 hostia,
1491 2829 1538 2884 si
1589 2829 1845 2886 sacerdos
1948 2825 2141 2881 tollere
2191 2841 2381 2880 eorum
2429 2823 2749 2893 jaetantiam
2797 2838 2903 2893 qua
2949 2823 3239 2878 adversum
3292 2823 3523 2892 gentiles

279 2911 615 2979 peccaverit,
645 2911 905 2969 offeratur
947 2914 1013 2967 “.
1047 2915 1330 2983 Secundo,
1365 2917 1409 2972 si
1458 2918 1637 2976 omnis
1666 2918 1843 2991 Syna-
1945 2919 2081 2990 erigi
2110 2919 2292 2973 solent
2318 2935 2333 2972 :
2358 2927 2412 2972 et
2438 2933 2648 2971 rursum
2671 2926 2862 2970 contra
2888 2916 3002 2969 haec
3026 2915 3078 2968 in
3109 2913 3525 2982 sequentibus“

277 3017 415 3101 goga
444 3003 729 3101 deliquerit
765 3021 861 3075 per
903 3006 1297 3078 ignorantiam,
1341 3009 1642 3079 cujusmodi
1688 3013 1848 3067 victi-
1874 3041 1918 3101 ρ
1950 3014 2240 3082 objecissnt
2259 3011 2528 3083 justitiam
2557 3010 2651 3065 Dei
2682 3025 2780 3080 per
2815 3008 2973 3062 ﬁdem
3011 3007 3136 3064 Jesu
3171 3007 3375 3062 Christi
3400 3023 3524 3061 esse

279 3095 382 3150 mis
419 3095 664 3166 placetur
698 3097 838 3152 Deus
863 3099 929 3153 ⁸⁸.
971 3099 1187 3166 Tertio,
1221 3101 1265 3156 si
1302 3103 1553 3171 princeps
1587 3116 1846 3172 peccave-
1882 3095 1918 3101 “
1953 3109 2003 3162 in
2033 3123 2224 3162 omnes
2247 3107 2338 3177 qui
2388 3108 2640 3168 credunt,
2678 3118 2851 3171 neque
2898 3101 3097 3156 habere
3134 3100 3376 3168 aliquam
3409 3101 3522 3155 dis-

280 3189 370 3255 rit,
405 3204 512 3254 quo
541 3189 731 3245 ordine
757 3191 1124 3260 puriﬁcandus
1146 3194 1498 3250 sitscribitur
1516 3197 1586 3250 ⁸⁸.
1617 3195 1844 3265 Quarto,
1952 3201 2261 3255 tinctionem
2284 3239 2299 3262 ,
2324 3199 2418 3253 sed
2467 3211 2659 3250 omnes
2703 3194 3000 3261 deliquisse
3029 3190 3246 3246 Iudaeos
3273 3203 3328 3245 et
3373 3190 3524 3245 Grec-

279 3280 323 3333 si
357 3280 536 3334 anima
569 3296 674 3336 una
710 3283 1039 3352 peccaverit,
1069 3284 1231 3339 etiam
1264 3284 1332 3339 de
1361 3285 1467 3341 hoc
1494 3287 1617 3356 quis
1645 3288 1716 3341 sit
1747 3302 1844 3342 ex-
1948 3309 2075 3359 cos,
2106 3303 2162 3347 et
2199 3306 2357 3362 egere
2387 3291 2554 3360 gloria
2581 3289 2673 3342 Dei
2700 3328 2715 3353 ,
2749 3298 2802 3340 et
2824 3287 3110 3354 justiﬁcari
3161 3301 3256 3355 per
3291 3285 3522 3354 gratiam

279 3376 458 3444 piandi
488 3375 625 3430 ritus
649 3376 942 3444 exponitur
973 3377 1038 3431 ⁸⁷.
1072 3377 1205 3445 Quae
1247 3378 1457 3449 singula
1487 3381 1719 3451 mystico
1764 3381 1846 3434 in-
1947 3402 2010 3440 ac
2041 3385 2468 3454 redemptionem
2500 3399 2620 3453 qua:
2653 3392 2737 3434 est
2767 3382 2819 3433 in
2851 3380 3070 3434 Christo
3107 3379 3231 3434 Jesn
3269 3399 3281 3432 :
3317 3380 3523 3446 ipsum-

277 3470 494 3525 tellectu
529 3469 766 3526 futuram
815 3469 1018 3524 Christi
1063 3471 1180 3542 (90)
1231 3473 1672 3542 propitiationem
1736 3488 1842 3528 non
1946 3495 2052 3549 que
2080 3494 2202 3532 ease
2235 3477 2672 3548 propitiatorinm
2709 3492 2805 3547 per
2835 3475 3017 3540 ﬁdem,
3053 3483 3104 3526 et
3127 3471 3419 3541 justiﬁcari
3454 3469 3523 3524 ab

275 3564 450 3618 solum
497 3579 595 3635 pro
643 3561 884 3633 peccatis
933 3563 1168 3630 nostris,
1219 3565 1313 3619 sed
1344 3574 1403 3620 et
1451 3580 1549 3635 pro
1589 3567 1844 3621 universo
1945 3583 2013 3621 eo
2049 3582 2267 3622 omnem
2313 3566 2427 3638 (96)
2481 3568 2574 3635 qui
2611 3582 2675 3620 ex
2734 3568 2839 3620 lide
2883 3573 3008 3618 est:
3044 3579 3187 3617 nunc
3221 3561 3331 3630 jam
3375 3563 3520 3614 velut

280 3657 480 3711 mundo
513 3655 681 3711 certis
709 3655 1019 3726 quibusque
1051 3656 1370 3722 ordinibus,
1408 3667 1463 3714 et
1514 3658 1691 3714 modis
1716 3675 1844 3714 cau-
1944 3659 2349 3714 conclusionem
2385 3661 2746 3713 assertionum
2796 3673 3016 3710 suarum
3063 3671 3268 3724 ponens
3302 3656 3358 3708 in
3409 3655 3512 3708 hoc

274 3750 458 3819 sisque
483 3749 767 3820 designant
801 3765 816 3802 :
850 3751 894 3804 si
925 3751 1051 3820 quis
1083 3759 1260 3806 tamen
1293 3751 1406 3806 haec
1434 3754 1734 3806 secundum
1781 3753 1840 3806 il-
1945 3753 2062 3806 loco
2090 3754 2220 3806 dicit
2257 3769 2271 3804 :
2306 3769 2324 3802 ι
2357 3750 2454 3806 Ubi
2489 3762 2572 3806 est
2603 3765 2734 3820 ergo
2773 3749 3024 3821 gloriatio
3054 3759 3144 3802 tua
3167 3748 3190 3801 ?
3212 3764 3231 3798 ι
3285 3746 3516 3801 Exclusa

277 3844 380 3896 lam
408 3842 788 3898 revelationetn
822 3857 941 3912 quae
974 3843 1145 3914 Moysi
1176 3844 1226 3898 in
1260 3853 1443 3898 monte
1471 3846 1841 3900 demonstrata
1942 3856 2045 3900 est.
2088 3844 2190 3898 Per
2213 3860 2372 3914 quant
2399 3841 2606 3913 legem?
2640 3841 2912 3910 Operum?
2956 3838 3070 3894 Non
3108 3856 3122 3892 :
3159 3841 3254 3909 sed
3297 3854 3394 3909 per
3443 3839 3518 3892 le-

271 3947 396 3989 esse
442 3933 672 3997 dicitur,
717 3943 906 3990 sancto
957 3932 1158 4005 Spiritu
1205 3935 1537 3990 illuminatus
1587 3938 1839 4006 aspiciat.
1945 3952 2064 4004 gem
2100 3935 2245 3990 tidei.
2277 3934 2622 3988 Arbitrantur
2647 3935 2790 3987 enim
2813 3934 3098 4002 justiﬁcari
3125 3932 3399 3985 hominem
3425 3944 3520 3996 per

272 4023 362 4078 Fit
385 4037 516 4094 ergo
541 4038 638 4093 per
662 4025 1155 4094 repropitiationetn
1203 4026 1485 4094 sanguinis
1522 4026 1726 4082 Christi
1753 4042 1840 4082 re-
1947 4031 2104 4082 tidem
2131 4027 2248 4080 sine
2273 4027 2525 4094 operibus
2557 4026 2688 4094 legis
2715 4026 2759 4059 ”
2788 4043 2803 4079 :
2833 4037 2885 4080 et
2914 4026 3043 4078 dicit
3066 4022 3325 4079 sufﬁcere
3349 4023 3519 4075 solius

271 4115 458 4170 missio
489 4134 507 4167 ι
539 4117 961 4184 ιιι-ωοθιίειιιὶιιιιι
989 4117 1332 4181 delictorum,
1365 4119 1417 4172 in
1443 4120 1842 4174 sustentatione
1946 4120 2643 4187 ﬁdeijustiﬁcationem,ita
2667 4123 2970 4174 utcredcns
2991 4117 3517 4188 quistantummodo,

272 4209 403 4276 Dei,
435 4211 501 4263 ad
543 4211 912 4266 ostensionem
937 4208 1163 4277 justitiae
1189 4225 1300 4265 suae
1325 4211 1392 4266 ⁸⁸.
1431 4230 1450 4262 ι
1499 4213 1840 4267 Sustentatio
1937 4211 2266 4280 justilicetur
2286 4253 2301 4273 ,
2329 4213 2542 4265 etiantsi
2591 4212 2724 4266 nihil
2761 4213 2830 4267 ab
2853 4227 2918 4265 eo
2939 4211 3121 4280 Operis
3143 4208 3312 4263 fuerit
3340 4209 3518 4276 exple.

269 4302 366 4357 Dei
403 4310 509 4367 est,
543 4304 632 4358 ubi
665 4313 920 4372 peccator
948 4319 1055 4360 non
1085 4305 1267 4360 statim
1297 4304 1520 4372 punitur
1541 4312 1600 4358 ut
1630 4315 1836 4373 peccat,
1947 4317 2080 4359 tum.
2111 4305 2360 4360 Imminet
2394 4306 2556 4375 igitur
2597 4306 2754 4359 nobis
2797 4304 2888 4374 qui
2921 4305 3180 4372 integram
3210 4316 3333 4377 esse
3369 4301 3517 4354 Scri-

269 4393 364 4447 sed
403 4396 701 4449 secundum
729 4394 873 4464 quod
907 4397 1104 4452 ibidem
1127 4396 1420 4465 Apostolus
1451 4397 1592 4451 dixit
1627 4397 1709 4463 3',
1741 4412 1839 4464 per
1874 4415 1915 4468 ι)
1948 4407 2158 4468 pturam
2189 4397 2348 4472 517
2374 4397 2615 4467 Apostoli
2646 4413 2907 4451 conamur
2936 4410 3203 4461 asserere,
3239 4406 3296 4449 et
3323 4396 3517 4449 ordine

269 4485 585 4554 patientiam
639 4486 731 4540 Dei
769 4487 1058 4542 adducitur
1105 4488 1172 4542 ad
1212 4489 1584 4556 pmnitentiam
1634 4507 1648 4544 :
1695 4499 1748 4544 et
1782 4491 1835 4544 in
1947 4506 2046 4545 suo
2077 4501 2272 4544 cuncta
2311 4499 2583 4554 constare,
2621 4499 2679 4542 ut
2712 4490 3053 4559 requiramus
3079 4488 3203 4558 quis
3241 4487 3363 4541 sine
3391 4501 3516 4554 ape-

269 4574 375 4630 boc
426 4577 714 4631 Ostendere
755 4577 954 4632 dicitur
990 4576 1260 4645 justitiam
1309 4592 1460 4633 suam
1497 4578 1658 4634 Deus.
1692 4578 1838 4634 Bene
1947 4583 2099 4635 ribus
2127 4579 2240 4636 sola
2289 4581 2393 4636 ﬁde
2433 4582 2763 4652 justilicatns
2799 4581 2892 4634 sit.
2947 4579 3221 4648 Quantum
3253 4579 3418 4650 igitur
3448 4579 3514 4631 ad

267 4676 447 4722 autem
477 4667 707 4733 addidit,
742 4686 762 4720 ι
791 4669 844 4724 in
876 4669 979 4724 hoc
1011 4681 1292 4740 tempore;
1328 4689 1348 4722 ›
1377 4671 1661 4738 praesentis
1692 4670 1835 4724 enim
1945 4671 2250 4740 exetttplum
2273 4675 2526 4742 pertinet,
2549 4674 2796 4728 sufﬁcere
2817 4674 3054 4728 arbitror
3076 4672 3226 4726 illum
3251 4672 3511 4726 latronem

268 4761 453 4816 saeculi
489 4772 730 4832 tempore
779 4767 834 4819 in
895 4767 1291 4822 sustentatione
1329 4775 1416 4819 est
1455 4765 1662 4833 justitia
1698 4765 1788 4819 Dei
1819 4783 1832 4825 ;
1945 4768 2036 4834 qui
2069 4780 2192 4818 cum
2241 4765 2458 4819 Christo
2491 4767 2785 4822 cruciﬁxus
2833 4767 3089 4822 clamavit
3118 4767 3167 4819 ei
3200 4766 3267 4820 de
3299 4781 3460 4820 cruce
3494 4783 3507 4816 :

265 4851 433 4912 futuri
482 4869 611 4910 vero
663 4856 714 4909 in
776 4859 1127 4912 retributione
1159 4857 1290 4927 (9i).
1352 4856 1564 4911 Justntn
1603 4871 1836 4925 namque
1950 4877 1967 4910 ι
2019 4858 2244 4913 Domine
2274 4859 2426 4923 Jesn,
2471 4872 2741 4915 memento
2778 4863 2882 4916 mei
2933 4877 3056 4917 cum
3094 4861 3313 4914 veneris
3345 4861 3393 4912 in
3425 4875 3508 4910 re-

264 4946 410 5017 apud
433 4945 600 5002 Deum
629 4947 800 5001 visum
827 4961 928 5013 est,
963 4960 1020 5003 ut
1040 4951 1163 5019 quia
1205 4949 1444 5003 futurum
1473 4949 1730 5004 saeculum
1766 4949 1833 5002 ad
1942 4967 2108 5021 gnum
2149 4962 2297 5006 tuutn
2321 4953 2387 5006 ³⁸.
2423 4971 2444 5004 ι
2483 4951 2593 5007 Nec
2644 4954 2790 5008 aliud
2833 4957 3128 5023 quidquam
3182 4955 3506 5008 describitur

336 5088 384 5120 ⁸³
415 5085 616 5161 Uttan.
646 5103 710 5152 ll,
743 5089 794 5149 l.
826 5089 906 5161 2.__
965 5089 1039 5161 ’ξ’
1066 5088 1238 5161 Levit.
1273 5105 1345 5155 tv,
1374 5089 1465 5144 20.
1504 5160 1509 5161 γ
1553 5089 1601 5122 ⁸⁸
1627 5087 1762 5161 ibid.
1786 5093 1818 5145 5
1845 5109 1960 5161 seq.
2053 5087 2112 5161 ξ’
2139 5087 2375 5161 ibid._15
2409 5103 2524 5161 seq.
2589 5087 2646 5161 A"
2670 5087 2806 5161 ibid.
2838 5088 2930 5147 22.
2967 5103 3080 5161 seq.
3113 5088 3215 5161 ﬂ"
3249 5089 3376 5161 ibid.
3411 5087 3495 5161 Ξῖ.

267 5173 384 5222 ch.
461 5156 508 5189 ⁸⁸
539 5157 694 5210 Rom.
730 5173 812 5223 tu,
838 5158 931 5223 25,
957 5158 1048 5212 26.
1124 5161 1170 5192 ⁸⁸
1198 5159 1356 5213 Rom.
1398 5176 1456 5225 II,
1486 5160 1539 5213 4.
1642 5160 1688 5193 ⁹⁰

2044 5157 2099 5211 6.
2209 5159 2254 5190 ⁹¹
2285 5158 2416 5213 ibid.
2455 5160 2508 5214 9.
2583 5159 2630 5191 θ’
2669 5157 2824 5212 Rom.
2859 5175 2939 5224 ιιι,
2972 5156 3065 5224 27,
3102 5159 3194 5214 28.
3297 5159 3344 5193 ⁸³
3370 5159 3488 5212 ibid.

268 5227 318 5286 1,
358 5227 415 5281 2.
488 5226 536 5260 “
560 5227 689 5283 ibid.
725 5228 912 5286 22-26.
987 5230 1181 5286 “ibid.
1207 5231 1299 5296 27,
1337 5231 1430 5286 28.
1535 5231 1583 5263 ³⁸
1610 5230 1718 5286 Luc

736 5228 912 5286 22-26.
987 5230 1181 5286 “ibid.
1207 5231 1299 5296 27,
1337 5231 1430 5286 28.
1535 5231 1583 5263 ⁹⁶
1610 5230 1740 5286 Luc.
1780 5251 1937 5298 χχιιι,
1975 5229 2067 5292 42.
2103 5229 2191 5283 45.

343 5319 924 5396 (8_9)_Dispensatio_nu
957 5361 972 5376 .
1011 5360 1024 5375 .
1055 5361 1073 5376 .
1103 5325 1292 5392 explet.
1333 5324 1428 5379 Sic
1468 5339 1656 5379 omnes
1703 5326 1833 5396 editi
2010 5325 2121 5396 (92)
2163 5323 2335 5396 Alias,
2373 5341 2393 5374 t
2423 5322 2670 5396 videtur,
2703 5341 2722 5375 ι
2758 5324 2916 5379 male.

269 5401 319 5440 et
355 5389 602 5464 plerique
633 5407 764 5464 mss.
792 5392 891 5448 Ms.
939 5404 1117 5449 tamen
1151 5389 1288 5450 unus
1310 5396 1496 5456 habet,
1528 5413 1546 5446 ι
1572 5411 1692 5449 cum
1723 5395 1836 5449 dis-
2009 5389 2121 5464 (93)
2157 5395 2303 5449 Alias
2323 5434 2338 5460 ,
2377 5410 2397 5443 ι
2429 5395 2678 5448 credidit.
2715 5414 2734 5446 ι

272 5460 641 5540 petusationem
690 5461 1044 5540 humanitatis
1102 5481 1155 5518 In
1199 5466 1509 5521 hominibus
1564 5465 1773 5536 explet;
1807 5486 1824 5518 ι
2009 5460 2122 5540 (94)
2161 5466 2329 5540 Alias.
2369 5481 2388 5514 σ
2419 5479 2526 5540 Ψιο
2554 5480 2724 5540 ,ιιιιιιρτ
2762 5483 2780 5515 ³

270 5530 587 5604 qutglectio
612 5536 810 5604 rectior
838 5535 1068 5593 videtur.
1634 5530 1650 5536 “
1761 5530 1767 5532 ’
2013 5530 2124 5604 (ςιὸ)
2167 5536 2335 5598 Alias.
2374 5553 2392 5585 ‹
2426 5530 2524 5588 hac
2554 5535 2926 5603 intelligentia:
2954 5537 3167 5592 semita.
3202 5555 3224 5591 ι

495 5598 634 5679 εἰςξίιὶ
657 5645 670 5665 ,
708 5621 727 5653 ι
760 5619 863 5679 per
898 5606 1124 5679 ﬁgurant
1151 5604 1375 5661 Christi.
1412 5625 1432 5658 ι
2009 5598 2119 5679 (96)
2161 5605 2400 5662 Omnem.
2445 5609 2601 5661 Deest
2629 5606 2678 5658 in
2711 5598 2886 5660 editis.

345 5666 459 5737 (91)
495 5669 668 5736 Alias,
708 5691 724 5724 ι
759 5666 810 5726 in
837 5666 1268 5731 retributionem.
1311 5694 1330 5728 ›
