3684 6148
62 256 186 315 355

1041 263 1398 322 COMMENT.
1435 267 1501 322 IN
1537 268 1756 326 EPIST.
1796 269 1888 324 AD
1919 270 2083 328 ROM.
2127 271 2258 328 LIB.
2296 269 2384 327 111.

3241 275 3349 332 954

65 372 212 429 boni
241 375 430 445 operis
452 375 570 446 ejus
602 379 656 433 in
693 379 1023 453 Evangeliis,
1048 386 1142 439 sed
1173 401 1272 454 pro
1307 387 1410 443 hac
1434 389 1545 443 sola
1571 390 1674 445 ﬁde
1699 395 1747 451 Α
1781 391 1868 444 Dei
1901 405 2024 460 qua:
2052 392 2182 447 mihi
2223 393 2346 448 data
2378 399 2483 453 est,
2531 390 2708 445 inanis
2738 405 2845 445 nan
2892 390 2994 446 fuit
3015 390 3057 448 δ.
3095 410 3116 445 3
3143 392 3347 450 Exclu-

62 468 154 521 ait
183 468 231 523 ei
258 467 422 524 Jesus
459 484 475 524 :
509 489 532 522 ι
580 473 748 526 Amen
780 473 902 528 dico
932 475 1029 530 libi
1062 491 1078 530 :
1107 476 1281 534 Hodie
1315 494 1525 534 mecum
1559 482 1669 536 eris

62 560 126 612 in
171 561 453 631 paradiso.
500 581 521 614 3
556 566 818 632 Aptemus
883 582 1052 630 nunc,
1110 569 1153 623 si
1205 571 1440 637 videtur,
1491 586 1668 628 causae

60 653 246 719 hujus
274 654 504 710 latronis
541 657 706 710 vt-rba
733 659 960 727 apostoli
994 660 1106 730 (97)
1131 661 1304 728 Pauli,
1341 675 1392 716 et
1421 664 1667 720 dicamus

61 749 136 800 ad
160 745 411 802 Judazum
440 765 456 804 :
495 767 514 800 ι
548 748 649 804 Ubi
688 760 772 805 est
799 766 930 821 ergo
957 752 1208 823 gloriatio
1243 764 1332 810 tua
1370 755 1452 810 ’⁷7
1481 777 1500 810 3
1533 757 1666 811 Cer-

62 847 192 891 tum
223 841 353 909 quia
384 841 604 896 exclusa
659 851 778 908 est;
831 844 1050 901 exclusa
1088 856 1269 901 autem
1318 863 1422 902 non
1461 865 1556 918 per
1588 849 1664 903 le-

57 942 196 995 gem
228 945 476 1000 operum,
511 932 604 987 sed
638 947 735 1001 per
757 933 950 1003 'legem
1001 935 1152 992 ﬁdei.
1188 936 1294 992 Per
1331 939 1486 994 ﬁdem
1515 941 1660 995 enim

51 1017 404 1086 justiﬁeatus
442 1032 528 1077 est
561 1023 650 1079 hic
689 1023 828 1077 latro
872 1025 989 1079 sine
1018 1028 1278 1096 operibus
1329 1029 1463 1100 legis
1493 1047 1508 1084 :
1533 1033 1659 1100 quia

57 1126 240 1178 super
265 1113 365 1169 hoc
391 1115 651 1171 Dominus
683 1133 787 1172 non
816 1119 1103 1188 requisivit
1135 1121 1263 1189 quid
1289 1111 1439 1190 prius
1469 1138 1660 1192 opera-

57 1211 159 1257 tus
187 1213 369 1270 esset;
406 1223 506 1262 nec
530 1210 868 1277 exspectavit
891 1211 1020 1278 quid
1046 1213 1224 1280 operis
1248 1227 1369 1265 cum
1395 1214 1660 1268 credidis-

57 1307 153 1350 set
197 1297 465 1366 expleret,
506 1301 599 1354 sed
647 1301 758 1354 sola
787 1300 1134 1358 cotiiessione
1154 1303 1521 1372 justiﬁcatum
1559 1320 1656 1362 co-

58 1388 266 1442 mitem
313 1390 414 1446 sibi
462 1405 608 1458 eum,
661 1394 978 1462 paradisum
1009 1395 1121 1466 (98)
1153 1397 1521 1466 ingressurus,
1567 1414 1656 1453 as-

55 1481 326 1550 sumpsit.
359 1480 466 1538 Sed
501 1493 557 1539 et
587 1485 781 1539 mulier
809 1486 896 1540 illa
933 1488 999 1542 de
1025 1504 1130 1557 qtta
1162 1489 1214 1542 in
1251 1489 1542 1559 Evangelio
1569 1505 1656 1546 se-

55 1575 314 1629 cundum
354 1575 554 1631 Lucam
600 1578 867 1643 refertur,
911 1581 1036 1648 quia
1083 1600 1102 1632 t
1147 1597 1268 1636 cum
1311 1583 1656 1652 cognovisset

55 1669 214 1734 quod
242 1666 402 1724 Jesus
431 1669 680 1724 recubuit
705 1671 756 1724 in
797 1672 956 1724 domo
988 1671 1284 1738 Pharisaei,
1323 1673 1515 1726 detulit
1557 1688 1652 1729 vas

1769 481 1913 535 ditur
1960 497 2092 550 ergo
2131 481 2309 537 omnis
2353 481 2606 552 gloriatio
2658 496 2780 550 quae
2815 497 2881 535 ex
2927 479 3061 552 legis
3088 484 3347 552 operibus

1769 572 1935 626 venit.
1967 571 2034 625 Et
2075 583 2135 627 ut
2163 575 2339 628 adhuc
2393 573 2736 627 manifestius
2769 572 2864 626 ﬁat
2896 575 3039 642 quod
3085 574 3344 640 dicimus,

1765 665 2070 734 exemplum
2102 665 2350 719 dabimus
2380 679 2445 718 ex
2482 665 2566 718 his
2592 679 2712 732 qua:
2735 664 2788 718 in
2818 665 3108 734 Evangelia
3137 667 3344 735 scripta

1765 765 1918 820 sunt,
1948 757 2040 810 ubi
2076 757 2319 811 ascendit
2340 756 2648 810 Phariszeus
2675 765 2730 809 et
2756 755 3086 811 Publicanus
3111 760 3177 811 ad
3207 769 3344 812 tem-

1766 847 1910 916 plum
1946 847 2072 913 Dei;
2106 858 2208 901 tet
2258 856 2432 913 stans,
2491 848 2684 916 inquit,
2742 847 3052 902 Pharisteus
3113 849 3165 902 iu
3227 865 3342 903 me-

1764 940 1876 1003 dio,
1909 940 2124 995 dicebat
2158 960 2171 996 :
2212 941 2376 1007 Deus,
2417 940 2621 1012 gratias
2665 956 2766 1010 ago
2801 941 2918 1005 tibi,
2951 943 3208 1010 quoniam
3234 956 3342 996 non

1762 1035 2058 1105 sum-sicut
2104 1033 2287 1088 caeteri
2326 1034 2596 1096 homines,
2635 1043 2905 1102 raptores,
2958 1033 3166 1099 iujusti,
3195 1035 3345 1090 adul-

1762 1125 1885 1188 teri,
1941 1125 2022 1180 vel
2069 1135 2129 1178 ιιι
2167 1125 2332 1180 etiam
2373 1126 2696 1196 publicanus
2737 1125 2882 1178 iste:
2921 1122 3108 1192 jejuno
3155 1125 3237 1179 bis
3287 1126 3340 1179 in

1761 1218 2041 1276 Sabhato;
2075 1217 2319 1271 decimas
2343 1219 2412 1270 tlo
2442 1217 2682 1270 omnium
2714 1230 2834 1284 qua:
2863 1215 3114 1284 possideo
3141 1215 3183 1280 ⁸,
3233 1235 3252 1267 3
3287 1226 3342 1271 et

1760 1311 1993 1379 reliqua.
2039 1311 2100 1364 Et
2150 1312 2262 1365 haec
2308 1309 2567 1365 fortassis
2596 1323 2724 1364 vere
2758 1309 2980 1374 dixerit,
3021 1310 3114 1364 sed
3148 1323 3342 1363 secun-

1757 1401 1885 1457 dum
1926 1403 2140 1457 Domini
2177 1404 2499 1458 sententiam
2523 1401 2801 1472 jactautiae
2826 1403 3016 1457 morbo
3049 1410 3341 1468 corruptus

1756 1509 1862 1548 non
1917 1495 2196 1550 descendit
2233 1494 2566 1563 justiﬁcatus
2615 1494 2681 1549 de
2743 1495 2966 1564 templo.
3007 1495 3158 1550 Talis
3210 1509 3341 1564 ergo

1754 1587 2012 1656 gloriatio
2060 1603 2180 1657 qua:
2209 1589 2462 1642 veniebat
2504 1603 2570 1641 ex
2613 1586 2870 1656 operibus
2917 1588 3070 1657 legis,
3101 1586 3343 1640 excludi-

1758 1689 1846 1734 tur
1880 1681 1979 1754 (l),
2005 1683 2133 1750 quia
2159 1697 2263 1735 non
2295 1680 2458 1736 habet
2487 1680 2848 1734 humilitatem
2880 1681 3061 1734 crucis
3090 1678 3336 1743 Christi;

57 1760 360 1828 unguenti.
400 1772 453 1815 et
501 1771 655 1816 stans
710 1773 858 1816 retro
892 1762 959 1816 ad
1000 1763 1165 1831 pedes
1193 1764 1332 1831 eius,
1375 1779 1441 1819 ac
1493 1764 1650 1830 ﬂens.
1682 1747 1725 1803 Β
1758 1775 1810 1828 in
1844 1747 1950 1844 qi.’
1979 1747 2068 1844 qui
2102 1774 2366 1844 gloriatur
2409 1777 2536 1828 audi
2561 1777 2689 1844 quid
2725 1775 2856 1829 dicit
2890 1792 2904 1828 ε
2942 1791 2960 1825 ι
2997 1773 3125 1828 Mihi
3154 1781 3337 1828 autem

56 1850 332 1923 lacrymis
366 1853 493 1907 lavit
543 1854 708 1922 pedes
765 1853 907 1923 ejus,
961 1866 1014 1910 et
1077 1855 1289 1925 capillis
1347 1856 1540 1924 capitis
1568 1856 1651 1912 sui

59 1944 326 2013 detersit,
374 1955 430 2000 et
472 1946 824 2001 osculabatur
861 1956 1029 2016 atque
1069 1949 1306 2018 tingebat
1351 1958 1650 2016 unguento.

63 2033 279 2090 \‘idens
307 2047 488 2091 autem
525 2037 832 2092 Pharisaeus
855 2038 949 2107 qui
983 2053 1108 2092 eum
1161 2049 1482 2106 vocaverat,
1517 2040 1654 2093 dixit

56 2127 216 2183 intra
262 2130 610 2199 semetipsum
665 2150 678 2186 :
722 2130 818 2186 Hic
865 2133 911 2186 si
948 2144 1095 2188 esset
1141 2133 1438 2202 propheta,
1484 2133 1654 2188 sciret

57 2222 264 2289 utique
297 2237 417 2291 quae
454 2233 508 2277 et
546 2222 724 2292 qualis
774 2234 860 2280 est
902 2225 1098 2279 mulier
1123 2240 1242 2295 qua:
1279 2225 1452 2295 tangit
1489 2225 1651 2294 pedes

55 2313 207 2380 ejus,
251 2315 378 2384 quia
423 2318 699 2384 peccatrix
744 2329 828 2372 est
852 2318 918 2374 "‘.
950 2339 969 2370 3
1004 2317 1164 2374 Jesus
1207 2328 1386 2374 autem
1417 2319 1649 2372 dixitad

54 2422 193 2461 eum
261 2409 570 2477 parabolam
641 2410 1063 2479 quingentorum
1116 2411 1201 2465 vel
1252 2411 1646 2481 quinquaginta

57 2500 451 2568 denariorum;
486 2513 542 2556 et
599 2520 668 2559 ex
719 2505 868 2560 nullo
897 2504 1032 2573 legis
1062 2519 1246 2574 opere,
1287 2504 1380 2558 sed
1411 2519 1508 2574 pro
1533 2503 1646 2558 sola

56 2591 175 2646 ﬁde
197 2593 276 2645 ait
303 2595 371 2648 ad
400 2609 555 2649 eam:
584 2615 604 2647 ι
634 2597 1005 2653 llemittttutur
1037 2597 1127 2651 tibi
1156 2607 1374 2666 peccata
1403 2597 1588 2663 tua”;
1622 2618 1642 2651 3

54 2694 116 2738 et
148 2686 348 2740 iterum
395 2703 408 2739 :
459 2705 479 2740 t
538 2687 700 2748 Fides
753 2700 842 2744 tua
892 2699 943 2744 te
987 2689 1193 2744 salvam
1239 2688 1387 2752 fecit,
1426 2691 1563 2747 vade
1593 2693 1645 2745 in

57 2792 206 2846 pace
239 2779 280 2832 ¹.
313 2798 333 2831 3
368 2777 474 2835 Sed
507 2791 562 2836 et
597 2784 648 2836 in
689 2783 872 2838 multis
899 2782 1178 2855 Evangelii
1228 2783 1362 2839 locis
1398 2785 1500 2839 hoc
1531 2800 1648 2839 ser-

56 2886 228 2926 mone
261 2887 414 2927 usum
451 2874 678 2943 legimus
701 2875 1062 2942 Salvatorem,
1093 2885 1152 2931 ut
1178 2879 1454 2933 credentis
1481 2877 1644 2933 ﬁdem

55 2981 287 3020 causam
315 2967 461 3022 dicat
488 2985 608 3023 esse
639 2971 833 3026 salutis
861 2971 997 3040 ejus.
1031 2971 1112 3025 Ex
1161 2973 1360 3042 quibus
1393 2973 1645 3028 omnibus

55 3058 235 3112 claret
277 3060 419 3129 quod
473 3071 619 3117 recte
662 3064 962 3119 arbitratur
1005 3066 1298 3134 Apostolus
1354 3065 1642 3135 justiﬁcari
1671 3097 1712 3153 ρ

57 3149 340 3203 hominem
380 3165 474 3219 per
509 3152 668 3206 ﬁdem
697 3155 817 3208 sine
864 3157 1122 3226 operibus
1155 3157 1289 3229 legis
1320 3159 1364 3212 ⁸.
1394 3157 1498 3212 Sed
1531 3157 1644 3212 for-

56 3243 226 3298 tassis
247 3242 359 3297 haec
381 3243 581 3314 aliquis
602 3247 832 3302 audiens
855 3249 1179 3313 resolvatur,
1202 3261 1256 3304 et
1287 3251 1421 3305 bene
1447 3251 1640 3321 agendi

54 3334 446 3406 negligentiam
502 3338 721 3407 capiat,
797 3341 1063 3410 siquidem
1129 3343 1196 3398 ad
1237 3342 1640 3410 justiﬁcandutn

56 3427 196 3482 ﬁdes
229 3427 344 3482 sola
397 3427 647 3486 suﬂiciat.
706 3431 788 3486 Ad
843 3447 1006 3502 quem
1056 3433 1302 3488 dicemus
1358 3437 1484 3503 quia
1518 3445 1642 3504 post

51 3519 504 3590 justiﬁcationem
561 3524 606 3578 si
661 3524 866 3594 injuste
919 3526 1042 3596 quis
1099 3537 1248 3596 agat,
1295 3527 1415 3582 sine
1473 3528 1638 3582 dubio

53 3616 470 3684 justiﬁeationis
499 3619 735 3687 gratiam
764 3620 991 3688 sprevit.
1026 3619 1212 3690 Neque
1254 3621 1397 3674 enim
1432 3619 1502 3674 ob
1539 3620 1641 3674 hoc

54 3708 180 3777 quis
225 3709 425 3778 accipit
471 3710 684 3764 veniam
735 3721 1110 3780 peccatorum,
1161 3719 1220 3764 ιιι
1269 3726 1482 3764 rursum
1535 3709 1638 3764 sibi

57 3809 210 3870 putet
243 3803 510 3868 peccandi
545 3803 822 3858 licentiam
871 3803 1076 3859 datam.
1123 3803 1457 3874 indulgentia
1488 3819 1640 3856 nam-

54 3909 161 3963 que
216 3909 325 3948 non
367 3892 696 3960 futurorum,
739 3896 831 3950 sed
886 3897 1288 3965 praeteritorum
1335 3895 1632 3950 criminum

55 3987 239 4041 datur.
280 3985 453 4057 Igitur
492 3997 550 4041 ut
576 3988 643 4041 ad
674 3989 1012 4058 propositum
1045 3988 1349 4054 redeamus,
1369 3988 1639 4060 justiﬁca-

58 4091 142 4135 tur
175 4083 342 4135 homo
369 4095 465 4149 per
497 4079 683 4140 ﬁdem,
705 4081 788 4134 cui
816 4081 1318 4147 adjustiﬁcautlum
1346 4083 1481 4136 nihil
1505 4098 1638 4137 cou-

55 4169 236 4225 feruut
265 4185 430 4237 opera
459 4171 612 4240 legis.
649 4168 748 4227 Ubi
779 4187 909 4226 vero
945 4171 1082 4227 ﬁdes
1129 4188 1232 4226 non
1258 4183 1343 4227 est
1365 4189 1486 4243 qum
1517 4189 1638 4229 cre-

55 4265 274 4317 dcutetn
311 4262 610 4332 justiﬁcet,
655 4262 871 4316 etiamsi
919 4278 1086 4331 opera
1134 4263 1260 4332 quis
1309 4264 1510 4318 habeat
1569 4280 1635 4320 ex

57 4355 188 4426 lege,
223 4365 403 4410 tamen
436 4355 565 4424 quia
606 4370 708 4408 non
749 4363 888 4424 sunt
921 4355 1190 4411 aediﬁcata
1232 4372 1397 4426 supra
1444 4357 1637 4411 l'unda-

1755 1865 1899 1920 absit
1936 1866 2184 1936 gloriari,
2233 1867 2335 1921 nisi
2376 1867 2428 1919 in
2481 1883 2646 1922 cruce
2695 1869 2906 1922 Domini
2940 1884 2959 1917 t
2996 1867 3100 1921 mei
3143 1885 3162 1918 3
3206 1863 3335 1922 Jesu

1755 1958 1982 2020 ChriSIi,
2015 1973 2112 2026 per
2153 1974 2312 2027 quem
2364 1960 2493 2012 mihi
2539 1960 2772 2014 mundus
2817 1957 3114 2013 cruciﬁxus
3145 1969 3250 2023 est,
3283 1967 3338 2013 et

1752 2065 1854 2120 ego
1904 2051 2103 2103 mundo
2135 2051 2176 2103 °.
2207 2069 2226 2103 3
2261 2051 2426 2105 Vides
2478 2051 2799 2121 Apostolutn
2847 2066 2955 2105 non
3011 2051 3334 2117 gloriantem

1753 2157 1916 2212 super
1967 2142 2176 2211 justitia
2227 2157 2347 2205 sua,
2396 2156 2573 2211 neque
2629 2157 2794 2210 super
2822 2143 3098 2206 castitate,
3153 2157 3330 2212 neque

1751 2250 1918 2303 super
1956 2236 2221 2306 sapientia
2244 2275 2258 2296 ,
2290 2249 2466 2304 neque
2497 2250 2660 2305 super
2685 2234 2899 2288 caeteris
2929 2234 3225 2288 virtutibus
3247 2233 3336 2288 vel

1751 2330 1965 2384 actibus
1990 2329 2127 2393 suis,
2156 2329 2250 2384 sed
2307 2328 2651 2398 apertissime
2691 2327 3134 2395 pronuntiantem
3171 2335 3224 2380 et
3256 2326 3336 2380 di-

1751 2431 1966 2475 centem
1996 2439 2011 2476 :
2049 2439 2068 2471 t
2113 2420 2215 2488 Qtti
2247 2421 2535 2490 gloriatur,
2586 2420 2639 2473 in
2670 2418 2901 2472 Domino
2928 2419 3196 2488 glorietur
3224 2419 3267 2474 ⁷.
3309 2438 3331 2474 3

1753 2513 1816 2568 Et
1841 2514 1922 2568 sic
1961 2513 2184 2568 exclusa
2214 2523 2298 2566 est
2324 2510 2545 2567 .ludaiea
2574 2512 2846 2579 gloriatio,
2879 2527 2983 2565 non
3012 2527 3108 2582 per
3149 2512 3324 2580 legem

1749 2620 1996 2674 Operum,
2028 2605 2122 2660 sed
2163 2618 2262 2674 per
2299 2604 2471 2675 legem
2518 2603 2639 2658 ﬁdei
2688 2604 2710 2634 ⁸
2758 2618 2877 2672 qua:
2913 2615 3000 2658 est
3023 2603 3074 2656 in
3111 2603 3332 2658 Christo

1748 2699 1897 2764 .lesu,
1933 2698 1986 2752 in
2011 2697 2169 2765 cujus
2191 2713 2354 2753 cruce
2383 2697 2647 2767 gloriatur
2673 2696 2986 2762 Apostolus.
3026 2695 3160 2762 Quis
3179 2697 3325 2750 enim

1753 2798 1898 2844 recte
1925 2788 2012 2844 vel
2041 2803 2208 2858 super
2231 2790 2487 2843 castitate
2517 2803 2610 2842 sua
2653 2787 3002 2857 gloriabitur,
3041 2802 3162 2841 cum
3191 2789 3330 2842 scri-

1749 2892 1899 2950 ptum
1957 2879 2116 2949 legat,
2147 2879 2273 2949 quia
2311 2897 2328 2930 t
2359 2879 2404 2933 si
2439 2879 2562 2948 quis
2611 2879 2888 2948 aspexerit
2922 2879 3205 2935 mulierem
3263 2883 3325 2934 ad

1748 2972 2246 3042 concupiscendum
2291 2986 2430 3036 eam,
2476 2969 2592 3040 jam
2623 2971 2942 3026 'mtechatus
2985 2981 3072 3026 est
3117 2987 3238 3025 eam
3275 2973 3324 3024 in

1747 3068 1913 3120 corde
1943 3081 2042 3119 suo
2076 3065 2134 3119 ’?
2171 3085 2188 3116 3
2221 3061 2376 3118 Unde
2402 3074 2456 3118 et
2489 3065 2751 3134 propheta
2780 3065 2949 3118 dicit:
2987 3081 3008 3114 ι
3047 3063 3330 3130 Quomodo

1745 3158 2068 3227 gloriabitur
2091 3159 2216 3227 quis
2238 3169 2447 3212 castum
2471 3172 2529 3210 se
2558 3156 2759 3210 habere
2785 3170 2880 3209 cor
2907 3155 2990 3208 '°?
3023 3173 3042 3206 3
3066 3156 3176 3208 Aut
3201 3155 3328 3223 quis

1745 3248 2068 3319 gloriabitur
2097 3263 2264 3317 super
2318 3247 2584 3316 sapientia
2607 3286 2623 3312 ,
2673 3261 2798 3301 cum
2828 3247 3088 3317 scriptum
3122 3247 3324 3312 videat,

1744 3340 1874 3410 quia
1910 3358 1930 3391 ι
1968 3339 2202 3394 mundus
2223 3354 2322 3408 per
2344 3338 2662 3406 sapientiam
2692 3354 2799 3392 non
2827 3338 3076 3408 cognovit
3112 3337 3279 3392 Deum
3306 3354 3322 3391 :

1741 3440 1796 3482 et
1822 3431 1942 3484 ideo
1979 3429 2182 3500 placuit
2216 3429 2323 3484 Deo
2348 3445 2442 3497 per
2469 3427 2756 3481 stultitiam
2784 3426 3190 3497 pricdicatiouis
3216 3427 3326 3482 sal-

1744 3540 1837 3576 vus
1875 3521 2055 3577 facere
2086 3523 2370 3577 credentes
2399 3520 2483 3573 “?
2516 3539 2536 3572 3
2570 3519 2641 3574 Et
2672 3521 2865 3574 iterum
2893 3539 2906 3572 :
2945 3539 2964 3571 ι
2995 3519 3125 3587 Qua:
3154 3521 3319 3575 stulta

1741 3625 1866 3667 sunt
1897 3615 2078 3668 tnundi
2103 3613 2264 3684 elegit
2292 3616 2453 3676 Deus,
2481 3621 2539 3665 ut
2567 3610 2865 3667 confundat
2891 3613 3163 3682 sapientes
3186 3613 3265 3668 “1'
3294 3632 3318 3668 3

1741 3707 1873 3771 Quis
1902 3715 2083 3758 autem
2112 3705 2194 3760 vel
2223 3721 2390 3774 super
2420 3704 2636 3772 justitia
2678 3719 2773 3757 sua
2815 3704 3158 3774 gloriabitur,
3195 3721 3320 3758 cum

1739 3801 1922 3853 audiat
1947 3800 2110 3854 Dcutn
2135 3814 2230 3867 per
2256 3799 2575 3867 prophetam
2601 3797 2895 3860 dicentem,
2928 3797 3053 3866 quia
3095 3814 3115 3847 t
3143 3799 3324 3850 omnis

1731 3891 1938 3960 justitia
1964 3901 2140 3946 vestra
2168 3891 2309 3944 sicut
2326 3905 2538 3960 pannus
2561 3887 2806 3943 mulieris
2831 3898 3178 3942 menstruatte
3204 3887 3277 3942 "'2
3295 3905 3315 3939 3

1741 3983 1864 4036 Sola
1901 3983 2229 4054 igiturjusta
2265 3981 2516 4050 gloriatio
2543 3991 2628 4034 est
2659 3980 2712 4032 itt
2751 3980 2854 4033 ﬁde
2879 3979 3064 4033 erucis
3090 3978 3318 4044 Christi,

1738 4091 1858 4144 quin
1889 4074 2129 4128 excludit
2156 4072 2321 4143 518
2342 4088 2560 4127 omnem
2599 4071 2743 4124 illam
2775 4071 3174 4140 gloriationetn,
3198 4086 3319 4138 qua:

1738 4167 2019 4220 descendit
2073 4182 2138 4218 ex
2171 4168 2425 4235 operibus
2482 4165 2635 4233 legis.
2677 4162 2803 4217 Hazc
2849 4173 3034 4217 autem
3082 4178 3112 4216 a
3165 4163 3321 4216 nobis

1739 4260 1882 4313 dicta
1909 4269 2039 4312 sunt
2067 4274 2164 4327 pro
2203 4274 2269 4311 eo
2299 4258 2443 4328 quod
2487 4269 2743 4326 tanquam
2782 4254 3167 4325 interrogantis
3212 4270 3322 4308 ser-
3353 4295 3356 4302 .

1739 4365 1899 4404 mone
1925 4351 2063 4404 dixit
2095 4349 2174 4420 (ἓ)
2204 4349 2496 4419 Apostolus
2531 4371 2543 4404 :
2589 4368 2608 4400 ι
2653 4347 2751 4403 Ubi
2791 4357 2875 4401 est
2904 4362 3036 4416 ergo
3065 4345 3319 4417 gloriatio

55 4458 291 4502 mentum
318 4447 460 4510 ﬁdei,
492 4446 743 4514 quamvis
767 4446 1058 4501 videantur
1085 4463 1207 4503 esse
1240 4449 1406 4511 bona,
1451 4457 1632 4503 tamen
1665 4457 1711 4516 ι)
1741 4451 1828 4496 tua
1861 4441 2002 4505 “‘U
2037 4442 2104 4495 El
2129 4444 2196 4496 ad
2234 4443 2351 4496 ilch
2388 4442 2489 4496 sibi
2526 4444 2640 4511 ipse
2673 4439 2952 4508 respondit
2982 4457 2995 4492 ε
3028 4457 3046 4490 ι
3087 4439 3314 4492 Exclusi!

55 4549 391 4610 aperatorem
418 4554 575 4594 suum
608 4538 1043 4610 (99)justiﬁcare
1073 4555 1180 4595 non
1212 4551 1460 4610 possunt,
1485 4541 1628 4610 quod

53 4634 124 4688 eis
152 4633 311 4689 deest
337 4632 492 4698 ﬁdes,
520 4647 643 4701 quae
671 4643 752 4687 est
779 4632 1117 4703 signaculum
1139 4647 1326 4686 eorum
1360 4635 1452 4703 qui
1477 4632 1633 4700 justi-

55 4724 287 4779 ﬁcantur
311 4740 341 4778 a
376 4725 509 4788 Deo,
535 4725 680 4780 sicut
709 4727 960 4795 superius
999 4725 1257 4790 tlixlmus,
1301 4727 1427 4796 quia
1457 4746 1476 4779 ι
1512 4742 1630 4781 cre-

56 4819 183 4871 didit
226 4818 502 4872 Abraham
544 4820 676 4882 Deo,
730 4829 783 4873 et
812 4828 1119 4887 reputatum
1152 4827 1240 4873 est
1277 4819 1325 4872 ei
1361 4819 1428 4871 ad
1464 4817 1626 4888 justi-

59 4911 176 4962 tiam
208 4911 250 4964 ³.
288 4929 307 4960 3
339 4910 575 4964 Tantum
611 4919 719 4975 est,
754 4917 812 4962 nt
837 4909 882 4964 is
903 4910 993 4978 qui
1017 4909 1352 4978 justiﬁeatur
1376 4923 1470 4977 per
1497 4924 1627 4976 gra-

59 5003 178 5056 tiam
221 5002 370 5071 ﬁdei,
402 5003 547 5057 dicat
586 5004 882 5058 secundum
927 4999 1184 5068 Paulum,
1232 5000 1358 5071 quia
1390 5020 1408 5052 ‹
1449 5002 1620 5070 gratia

113 5143 160 5175 ’⁷
185 5142 344 5198 Rom.
384 5158 470 5208 ιιι,
495 5141 586 5196 27.
663 5141 709 5173 ⁸⁸
737 5141 864 5197 Luc.
895 5157 994 5207 vn,
1025 5141 1094 5206 57
1121 5156 1236 5208 seq.
1311 5139 1357 5176 °°
1397 5140 1527 5194 ibid.
1555 5140 1644 5194 48.

59 5227 135 5272 xv,
172 5214 262 5268 10.
393 5215 416 5246 ⁸
451 5214 580 5268 Luc.
631 5229 782 5279 λνιιι,
827 5214 1008 5268 10-14.
1117 5213 1138 5243 ⁶
1176 5211 1355 5266 Galat.
1403 5227 1474 5277 vi,
1512 5213 1596 5265 14.

62 5283 96 5314 ’⁵
125 5284 282 5341 Prov.
309 5301 404 5354 xx,
437 5285 491 5340 9.
569 5283 610 5315 “
637 5284 654 5337 1
685 5285 813 5338 Cor.
857 5301 895 5352 ι,
925 5284 1016 5338 21.
1097 5284 1139 5315 ¹¹
1186 5283 1316 5338 ibid.
1351 5281 1445 5336 27.

123 5405 205 5479 (97
237 5407 406 5471 Editi,
448 5431 466 5458 ι
509 5408 770 5476 Aptemus
799 5423 960 5472 nunc,
988 5408 1032 5463 si
1088 5408 1319 5479 videtur,
1354 5409 1512 5479 hujus
1543 5409 1622 5464 la-

65 5478 219 5530 tronis
249 5479 413 5532 verba
444 5496 622 5532 causa:
647 5479 911 5546 Apostoli,
955 5499 971 5530 ι
1013 5492 1118 5532 etc.
1210 5477 1216 5483 ’

126 5547 230 5620 (987')
254 5549 397 5620 Editi
421 5589 438 5611 ,
475 5567 493 5600 ι
527 5550 891 5616 comitemque
929 5551 1030 5603 sibi
1083 5552 1419 5620 paradisum,
1456 5569 1474 5601 3
1509 5560 1617 5606 etc.

124 5619 227 5690 (99)
259 5619 422 5685 Etliti,
460 5639 478 5670 t
510 5621 647 5674 bona
681 5635 868 5688 opera,
901 5619 1244 5688 operatorcm
1280 5636 1475 5684 suum,
1513 5639 1532 5673 3
1565 5631 1622 5676 et

63 5692 306 5747 omittunt
332 5710 351 5744 t
387 5701 604 5756 tamen,
648 5711 666 5742 3
696 5691 924 5758 deinde,
961 5711 978 5742 t
1019 5693 1061 5746 si
1099 5694 1179 5748 eis
1224 5711 1242 5744 3
1279 5708 1376 5762 pro
1412 5710 1430 5744 t
1478 5691 1620 5764 quod

63 5773 149 5814 818.
187 5778 205 5812 ι

1736 4545 1842 4589 est.
1877 4555 1895 4586 3
1926 4534 1994 4588 Et
2035 4550 2250 4589 rursum
2297 4535 2452 4605 quasi
2506 4537 2616 4603 ipse
2648 4548 2706 4587 se
2735 4533 2812 4602 (5)
2847 4532 3146 4600 interroget
3183 4533 3261 4586 ait
3299 4548 3312 4582 :

1739 4646 1760 4679 ι
1792 4627 1896 4682 Per
1933 4644 2096 4696 quam
2151 4627 2366 4696 legem?
2414 4627 2691 4692 Operum?
2722 4646 2742 4678 3
2778 4626 2842 4679 Et
2895 4623 3170 4693 respondit
3211 4624 3314 4679 sibi

1734 4722 1835 4790 ipsi
1863 4739 1876 4775 :
1911 4741 1929 4773 t
1967 4721 2082 4775 Non
2117 4739 2131 4777 :
2164 4724 2257 4776 sed
2293 4737 2390 4792 per
2417 4721 2586 4789 legem
2622 4719 2764 4773 ﬁdei.
2796 4718 3144 4773 Arbitramur
3164 4718 3313 4773 enim

1729 4815 2012 4884 justilicari
2045 4815 2316 4869 hominem
2343 4829 2438 4882 per
2457 4815 2611 4866 Iidem
2633 4813 2750 4865 sine
2771 4811 3029 4879 operibus
3056 4810 3190 4880 legis
3208 4811 3308 4864 ".3

1735 4906 1809 4960 De
1845 4907 1926 4961 his
1949 4907 2061 4977 jam
2097 4906 2347 4975 superius
2374 4905 2612 4959 diximus
2648 4905 2748 4978 (4).
2801 4903 2953 4971 Quod
2981 4917 3110 4957 vero
3143 4903 3310 4957 etiam

1732 5000 1784 5054 in
1832 5000 2080 5069 pricseuti
2117 4999 2233 5058 loco
2267 5001 2495 5054 duarum
2545 4999 2722 5069 legum
2766 4996 2898 5051 facit
2931 4997 3126 5052 iterum
3156 5011 3310 5050 men-

1725 5141 1740 5171 ¹
1786 5141 1916 5195 ibid.
1961 5140 2051 5198 50.
2127 5142 2146 5172 ²
2180 5137 2549 5202 ιιοιιι.ιιι.28.
2627 5139 2648 5169 ³
2677 5137 2833 5195 Rom.
2866 5154 2938 5198 ιν.
2964 5137 3020 5192 3.
3093 5134 3304 5190 ‘lCor.

1713 5211 1777 5264 'l
1822 5215 1948 5267 (lor.
1992 5228 2032 5276 ι,
2065 5211 2154 5266 51.

1528 5283 1571 5314 ¹³
1603 5280 1702 5336 lsa.
1744 5297 1891 5350 ulv,
1921 5282 1974 5338 6.
2020 5275 2023 5276 ν
2055 5282 2100 5315 ³⁸⁵
2131 5284 2286 5336 Rom.
2318 5299 2398 5347 ιιι,
2433 5282 2524 5346 27,
2555 5280 2646 5336 ‘28.
2723 5281 2767 5314 ¹⁵
2797 5280 2926 5336 ibid.
2952 5279 3042 5340 29,
3069 5275 3159 5332 50.

2269 5212 2291 5242 ⁸
2339 5212 2496 5266 Rom.
2531 5226 2612 5270 Ill,
2650 5210 2741 5263 27.
2862 5211 2884 5242 ⁸
2914 5207 3102 5263 Matth.
3131 5221 3183 5270 ν,
3212 5209 3304 5261 28.

1761 5483 1770 5492 _
1804 5409 1879 5482 (1)
1922 5409 2262 5466 Excluditur.
2303 5408 2651 5464 Desideratur
2698 5409 2754 5463 in
2807 5407 2956 5462 libris
2993 5416 3151 5462 antea
3190 5409 3300 5464 edi-

1735 5490 1879 5618 us(‘2)
1917 5549 2088 5608 Alias,
2121 5567 2139 5598 ι
2175 5547 2522 5618 interroga",
2551 5548 2709 5602 dim,
2750 5562 2769 5596 .

1907 5620 2030 5686 Ipse
2074 5635 2149 5672 se.
2215 5618 2338 5671 ΙΙςιεε
2389 5611 2552 5671 Verba
2621 5618 2672 5668 in
2729 5614 2888 5670 editis
2938 5611 3268 5670 omittuntur

1804 5687 1880 5763 (At)
1909 5692 2018 5757 AL,
2053 5710 2071 5742 ι
2107 5690 2178 5744 De
2210 5690 2291 5742 his
2318 5691 2566 5760 superius
2592 5687 2743 5742 dixit.
2782 5703 2803 5738 3
