3684 6148
459 231 565 287 955

1929 223 2245 281 ORIGENIS
2960 228 2962 231 ’
3535 226 3598 280 956

459 349 687 413 tionem,
734 357 790 402 et
836 347 968 402 dicit
1019 347 1190 416 legem
1240 362 1461 419 operum
1493 359 1546 403 et
1569 349 1739 419 legem
1774 348 1897 403 ﬁdei
1927 347 2026 419 (5),
2057 351 2102 406 Α
2129 345 2427 415 sapientiae,
2483 343 2574 396 alii
2614 354 2794 396 sermo
2823 339 3064 396 scientiae
3110 339 3394 394 secundum
3424 343 3598 397 eumdem

459 440 742 492 considera
791 440 956 492 etiam
1005 439 1137 507 ipse,
1177 441 1266 509 qui
1319 441 1477 511 legis,
1529 451 1706 495 utrum
1754 441 1820 495 ad
1853 441 2023 509 legem

461 524 630 594 Moysi
665 539 720 580 et
769 527 940 596 legem
991 530 1288 583 naturalem
1321 546 1499 584 sermo
1523 531 1610 586 hic
1641 532 1834 585 debeat
1864 530 2024 585 incli-

462 616 617 679 nari;
644 631 712 670 an
751 618 817 672 ad
860 618 1030 688 legem
1061 619 1265 674 littera:
1296 631 1351 675 et
1397 621 1568 691 legem
1602 622 1824 690 spiritus
1857 638 1869 674 :
1898 622 2025 690 quia

459 703 544 757 lex
579 705 774 762 litterae
797 708 1018 773 occidit,
1043 718 1098 763 et
1123 718 1368 763 mortem
1394 721 1685 779 operatur;
1733 711 1818 766 lex
1846 719 2025 764 autem

459 793 685 863 spiritus
709 797 832 852 vitae
857 798 1052 854 liberat
1079 815 1108 853 a
1135 799 1252 870 lege
1285 802 1496 871 peccati
1531 811 1586 855 et
1615 801 1826 855 mortis.

529 887 618 942 10.
647 888 799 944 Unde
835 899 890 943 et
916 892 1304 946 convenienter
1347 893 1400 946 in
1435 895 1892 962 consequentibus
1932 908 2026 963 po-

459 977 541 1032 nit
576 995 589 1031 :
621 995 640 1028 ‹
681 981 760 1032 An
783 978 1087 1036 Judteorum
1119 983 1258 1037 Deus
1288 985 1536 1038 tantum?
1589 985 1776 1041 Nonne
1807 997 1861 1042 et
1891 1003 2024 1056 gen-

461 1070 629 1123 tium?
660 1069 770 1124 lmo
799 1078 853 1124 et
879 1076 1137 1141 gentium.
1168 1075 1432 1140 Quoniam
1462 1078 1680 1147 quidem
1711 1094 1848 1132 unus
1882 1080 2028 1133 Deus

460 1161 551 1226 qui
570 1158 836 1225 justiﬁcat
860 1163 1328 1218 circumcisionem
1361 1183 1425 1220 ex
1455 1168 1557 1221 ﬁde
1581 1207 1597 1230 ,
1625 1177 1681 1222 et
1709 1171 2024 1237 praeputium

460 1262 559 1316 per
589 1249 744 1303 ﬁdem
800 1250 864 1303 ¹⁸.
905 1269 923 1302 ι
965 1251 1058 1306 llis
1105 1255 1318 1322 quidem
1364 1258 1456 1325 qui
1500 1257 1662 1310 alium
1696 1258 2028 1314 voluntessc

461 1336 767 1394 Judaaorum
809 1341 996 1406 Deum,
1040 1352 1094 1396 et
1126 1345 1286 1396 alium
1313 1348 1578 1416 gentium,
1629 1348 1680 1402 id
1719 1359 1804 1403 est
1856 1350 2021 1403 alium

465 1428 644 1494 Legis,
675 1441 730 1486 et
772 1433 937 1487 alium
991 1435 1430 1506 Evangeliorum,
1483 1441 1617 1495 satis
1663 1440 1731 1496 de
1779 1443 1881 1496 hoc
1921 1443 2029 1497 erit

465 1531 692 1588 angusta
735 1535 790 1578 et
829 1537 978 1583 arcta
1029 1531 1330 1597 responsio,
1369 1533 1617 1600 apostolo
1646 1532 1812 1589 Paulo
1856 1536 2027 1589 abun-

465 1612 679 1667 dantius
727 1617 858 1672 satis
913 1620 1073 1674 dante
1105 1624 1431 1677 sententiam
1467 1640 1620 1679 suam
1649 1626 1723 1695 (6)
1754 1643 1876 1681 cum
1917 1643 2022 1681 non

2133 437 2418 506 Spiritum,
2458 435 2546 489 alii
2594 434 2728 488 ﬁdes
2761 433 2813 485 in
2847 433 3033 487 eodem
3077 431 3278 500 Spiritu
3308 432 3372 482 ιθ.
3413 448 3431 481 ι
3459 431 3510 484 Et
3535 450 3598 486 non

2130 527 2278 582 solus
2311 525 2509 579 Paulus
2541 522 2819 594 apostolus
2842 523 3029 575 barum
3060 519 3451 575 distinctionum
3484 522 3600 575 obser-

2129 618 2342 672 vantias
2390 623 2556 682 tenet,
2603 615 2699 671 sed
2741 625 2796 668 et
2839 612 3096 672 Joannes,
3128 611 3219 680 qui
3267 626 3383 664 cum
3408 611 3462 665 de
3488 611 3599 667 Verbo

2130 707 2227 760 Dei
2271 704 2416 760 dicat
2439 705 2564 774 quia
2605 721 2627 755 ς
2677 702 2860 757 omnia
2885 715 2981 770 per
3009 700 3178 769 ipsum
3231 696 3371 752 facta
3400 706 3503 753 sunt
3523 699 3596 764 ",i

2131 799 2294 851 vitam
2323 811 2430 850 non
2463 809 2557 864 per
2586 794 2785 864 ipsum,
2815 792 2910 846 sed
2932 792 2984 846 in
3012 791 3126 860 ipso
3157 790 3355 843 factam
3384 804 3485 843 esse
3502 799 3602 843 testa-

2135 899 2239 952 tur,
2261 887 2447 942 dicens
2478 904 2492 940 :
2523 904 2541 937 I
2570 884 2720 951 Quod
2744 884 2944 938 factum
2971 892 3075 948 est,
3097 883 3150 937 in
3181 883 3299 952 ipso
3317 881 3416 934 vita
3439 891 3527 935 erat
3541 885 3599 937 υ.»

2133 979 2198 1033 Et
2235 979 2490 1048 quoniam
2545 977 2770 1031 multum
2820 985 2904 1030 est
2952 985 3099 1030 utea
3126 989 3249 1043 quae
3281 987 3414 1027 nunc
3446 975 3604 1040 exempli

2133 1085 2295 1124 causa
2351 1069 2673 1140 protulimus
2702 1075 3065 1136 exponentur,
3117 1080 3333 1121 sensum
3359 1063 3517 1118 eorum
3547 1081 3606 1133 pro

2133 1171 2290 1230 captu
2325 1170 2514 1216 nostro
2543 1161 2782 1214 breviter
2807 1159 3144 1228 colligamus.
3178 1156 3314 1211 Cum
3344 1156 3608 1218 όίοἱιυτ,‹ει

2132 1255 2271 1324 ipso,
2308 1273 2328 1307 ι
2361 1253 2658 1323 principale
2690 1251 2893 1322 aliquid
2933 1250 3094 1318 hujus
3123 1249 3499 1318 praepositionis
3519 1248 3607 1301 indi-

2132 1346 2217 1400 cio
2267 1344 2478 1398 videtur
2510 1343 2742 1399 ostendi.
2780 1341 2917 1397 Cum
2947 1355 3076 1396 vero
3112 1357 3132 1390 ι
3163 1354 3262 1408 per
3311 1340 3464 1408 ipsum
3493 1357 3508 1390 i
3533 1340 3609 1392 dici-

2133 1445 2241 1499 tur,
2267 1434 2541 1503 sequentis
2569 1447 2768 1496 causae,
2797 1431 2848 1485 id
2888 1439 2971 1485 est
3025 1430 3146 1499 ejus
3179 1444 3302 1497 qua:
3330 1436 3440 1498 post
3475 1428 3610 1496 princi-

2133 1526 2305 1596 palem
2360 1535 2466 1588 est,
2524 1523 2876 1594 intelligentia
2930 1522 3246 1592 designatur
3276 1519 3402 1589 (11).
3427 1518 3484 1574 Ut
3510 1520 3609 1571 verbi

2133 1633 2298 1672 causa
2327 1617 2572 1672 dicamus
2601 1617 2742 1686 quod
2781 1615 2875 1679 ait,
2910 1634 2929 1667 ι
2960 1614 3036 1668 Ex
3063 1615 3202 1682 ipso,
3225 1622 3281 1666 et
3303 1627 3392 1681 per
3415 1613 3610 1676 ipsum.ct

465 1703 638 1756 solum
670 1721 830 1762 unum
879 1709 1022 1764 dicat
1068 1727 1189 1766 esse
1238 1713 1404 1768 Deum
1460 1714 1768 1771 Judaeorum
1808 1729 1863 1773 et
1893 1735 2024 1788 gen.
2056 1704 2098 1758 Β
2127 1709 2178 1762 in
2211 1709 2326 1776 ipso
2349 1714 2471 1762 sum
2509 1707 2688 1760 οιηηί³
2709 1706 2753 1737 ²¹
2775 1723 2788 1759 ε
2812 1721 2934 1756 ι-ί
2957 1719 3022 1756 εκ
3042 1705 3182 1772 ἱρεον
3205 1721 3224 1754 ι
3249 1703 3426 1771 Prii“ie
3450 1704 3611 1755 ετεπῖθ·

465 1792 624 1860 tium,
668 1797 760 1851 sed
791 1807 846 1852 et
892 1802 1052 1855 addat
1093 1805 1234 1871 quod
1281 1805 1420 1859 idem
1465 1817 1626 1876 atque
1673 1811 1786 1878 ipse
1827 1810 1898 1863 sit
1936 1811 2026 1878 qui

460 1879 720 1949 justiﬁcat
748 1887 1215 1945 circumcisioncm
1255 1908 1321 1948 cx
1349 1895 1473 1962 ﬁde,
1505 1906 1559 1951 et
1586 1900 1907 1968 praeputium
1935 1915 2030 1968 per

467 1973 652 2028 ﬁdem.
700 1977 851 2042 Quod
882 1989 936 2033 et
969 1983 1013 2034 si
1060 1983 1530 2040 circumcisionem
1580 2004 1678 2057 per
1712 1989 2027 2059 allegoriam

468 2066 746 2135 suscipere
798 2070 1087 2138 voluerint,
1145 2076 1216 2128 ita
1275 2086 1332 2129 ut
1391 2087 1610 2134 sanctos
1659 2090 1712 2134 et
1756 2082 2030 2150 Spiritales

467 2171 709 2225 quosque
743 2160 809 2214 ab
838 2175 904 2214 eo
925 2163 1389 2221 circumcisionetn
1415 2170 1597 2223 dicant
1625 2185 1745 2224 esse
1788 2174 2024 2241 appella-

469 2256 573 2311 tos,
604 2253 782 2304 statim
831 2256 881 2306 in
916 2258 1363 2324 consequentibus
1397 2260 1670 2316 invenient
1697 2264 1904 2317 obicem
1930 2264 2026 2334 (7).

471 2340 526 2392 Si
555 2344 695 2395 enim
729 2345 1194 2403 circumcisionem
1246 2366 1484 2418 sanctos,
1525 2355 1631 2422 vel,
1661 2365 1718 2408 ut
1749 2355 1822 2409 illi
1857 2359 2019 2410 nomi-

471 2439 619 2496 nant,
647 2435 916 2502 spiritales
963 2441 1266 2508 appellavit,
1301 2460 1634 2516 consequens
1684 2457 1765 2501 est
1799 2457 1853 2500 ut
1889 2463 2027 2516 pra:-

469 2523 676 2590 putium
730 2537 1042 2594 peccatores
1077 2535 1294 2598 dixerit,
1347 2552 1481 2602 quos
1529 2538 1605 2590 illi
1636 2540 1902 2594 animales
1933 2555 2027 2593 vo-

468 2625 592 2666 cant
621 2615 716 2686 (8).
750 2619 813 2671 Et
841 2626 1108 2686 «plenitudo
1140 2629 1442 2693 conveniet,
1474 2640 1529 2682 ut
1555 2632 1726 2684 bonus
1757 2633 1897 2686 Deus
1933 2649 2024 2702 pa-

391 2721 394 2726 '
471 2703 604 2756 riter
649 2709 918 2773 spiritales
961 2713 1333 2785 animalesque
1384 2721 1686 2788 justiﬁcet?
1738 2722 1845 2777 Illis
1899 2740 2028 2792 ergo

468 2791 523 2846 in
573 2796 655 2850 his
703 2799 941 2866 Apostoli
1001 2809 1347 2860 sermonibus
1393 2811 1566 2865 nodus
1631 2814 2028 2870 inextricabilis

469 2886 593 2938 erit.
644 2889 945 2944 Secundum
975 2911 1071 2948 nos
1100 2912 1248 2962 vero,
1283 2901 1372 2969 qui
1417 2903 1883 2960 circumcisionem
1936 2924 2028 2963 eos

469 2978 560 3045 qui
601 2993 664 3032 ex
692 2978 890 3038 Judaris
913 2988 1280 3058 crediderunt,
1313 3006 1364 3046 et
1412 2999 1729 3065 praeputium
1761 3001 2029 3055 nihilomi-

473 3081 574 3120 nus
601 3085 694 3122 eos
715 3073 802 3139 qui
839 3075 903 3127 ad
941 3076 1100 3132 ﬁdem
1135 3095 1199 3133 ex
1235 3083 1487 3147 gentibus
1532 3087 1704 3140 vocati
1743 3099 1867 3141 sunt
1905 3089 2030 3144 dici-
2055 3065 2097 3122 C

477 3173 618 3225 mus,
646 3161 801 3228 plana
827 3167 932 3220 erit
953 3179 1004 3221 et
1041 3169 1214 3224 facilis
1236 3177 1521 3242 expositio.
1569 3176 1710 3230 ldem
1741 3180 1887 3233 enim
1915 3181 2029 3250 ipse

472 3249 611 3305 Deus
637 3267 702 3305 ex
730 3263 952 3326 utroque
983 3263 1176 3329 populo
1199 3266 1480 3321 credentes
1510 3281 1614 3322 non
1651 3249 2026 3326 circumcisio-

471 3341 554 3393 :iis
588 3354 680 3394 ant
709 3350 954 3414 prwpnlii
985 3353 1288 3423 privilegio,
1311 3361 1401 3409 sed
1435 3358 1602 3413 solius
1631 3360 1752 3414 ﬁdei
1780 3372 2026 3416 contem-

469 3428 1003 3502 plationejustilicat.
1042 3442 1301 3511 Superest
1335 3457 1386 3499 et
1421 3449 1579 3502 unius
1616 3450 1838 3520 syllabae
1875 3453 2028 3506 diffe—

469 3523 662 3587 rentia,
691 3524 744 3578 in
777 3543 879 3595 qua
907 3533 1144 3588 variasse
1173 3536 1386 3590 videtur
1418 3540 1726 3607 Apostolus.
1782 3543 1897 3598 Non
1929 3560 2028 3602 nos

467 3611 638 3668 otiose
664 3628 948 3684 praetereat
973 3626 1113 3690 quod
1141 3626 1269 3680 dicit
1292 3628 1389 3700 (9),
1410 3633 1533 3700 quia
1562 3633 2028 3693 circumcisionem

468 3717 530 3756 ex
561 3705 662 3760 ﬁde
680 3707 940 3775 jnstiﬁcet
971 3716 1129 3780 Deus,
1165 3729 1220 3772 et
1255 3736 1358 3774 non
1391 3739 1486 3790 per
1515 3725 1672 3779 ﬁdem
1707 3729 1782 3792 “5;
1817 3745 2029 3799 prmpu-

469 3796 601 3848 tium
629 3812 758 3853 vero
778 3817 874 3869 per
903 3805 1081 3870 ﬁdem,
1116 3817 1168 3862 ct
1192 3825 1294 3862 non
1328 3828 1390 3864 ex
1425 3815 1544 3868 lide.
1574 3814 1688 3870 Non
1719 3796 1861 3871 enim
1897 3796 2028 3874 mihi

468 3887 682 3941 videtur
714 3895 1156 3964 superflua'apud
1183 3915 1305 3953 eum
1338 3903 1522 3956 haberi
1557 3905 1661 3958 ista
1696 3910 2030 3976 prazpositio-

469 3996 595 4032 num
623 3987 971 4040 commutatio
995 3990 1134 4060 (10),
1166 3992 1288 4059 quia
1336 3993 1637 4050 invenimus
1675 4001 1740 4051 ab
1782 4015 1846 4052 eo
1891 4010 1943 4053 et
1973 4002 2026 4054 in

468 4070 586 4124 aliis
611 4071 764 4137 locis,
791 4091 895 4129 non
925 4089 976 4130 ut
1007 4080 1152 4144 libet,
1181 4084 1273 4135 sed
1305 4085 1656 4139 observanter
1685 4089 1801 4143 haec
1836 4091 2025 4159 posita,

467 4171 523 4215 et
555 4169 860 4222 necessario
908 4170 1266 4225 diﬁercutiam
1315 4175 1680 4233 distinctionis
1721 4180 1882 4248 hujus
1909 4196 2027 4237 esse

467 4266 764 4323 servatam,
801 4261 940 4314 sicut
966 4278 1086 4316 cum
1118 4263 1184 4317 de
1210 4263 1320 4318 Deo
1353 4264 1579 4335 loquens
1611 4270 1742 4323 dicit
1777 4289 1790 4323 :
1828 4290 1846 4322 ι
1885 4271 2029 4338 Quo-

467 4345 628 4433 niam
664 4364 731 4402 ex
786 4351 920 4419 ipso,
985 4362 1042 4408 et
1098 4371 1195 4425 per
1242 4361 1502 4428 seipsum,
1536 4369 1591 4415 et
1639 4362 1691 4414 in
1749 4362 1865 4430 ipso
1901 4373 2026 4417 sunt

467 4441 649 4493 omnia
676 4441 739 4492 ".
788 4460 807 4494 ι
849 4444 913 4497 Et
960 4447 1156 4502 iterum
1213 4452 1337 4505 alibi
1400 4455 1572 4507 dicit:
1613 4472 1631 4504 t
1675 4453 1827 4508 Sicut
1878 4456 2021 4510 enim

469 4531 661 4586 mulier
703 4550 768 4590 cx
828 4535 965 4600 viro,
1005 4541 1083 4594 sic
1125 4551 1178 4596 et
1215 4543 1294 4594 vir
1351 4560 1444 4612 per
1489 4544 1766 4599 mulierem
1803 4548 2025 4600 :omnia

468 4634 645 4678 autem
671 4643 734 4682 ex
770 4631 872 4684 Deo
901 4633 962 4687 ‘3.
995 4650 1014 4684 ι
1051 4633 1178 4687 Tale
1210 4643 1287 4686 est
1340 4645 1394 4687 et
1449 4638 1588 4704 quod
1619 4637 1684 4690 ad
1718 4637 2027 4691 Corinthios

465 4709 652 4779 scribit
685 4729 698 4765 :
735 4734 752 4766 ι
785 4718 889 4771 Alii
944 4721 1158 4788 quidem
1217 4736 1311 4788 per
1366 4720 1623 4791 Spiritum
1654 4723 1813 4777 datur
1845 4740 2024 4780 sermo

541 4849 584 4881 ¹⁶
616 4851 768 4906 Rom.
804 4871 882 4920 Ill,
905 4857 993 4910 30.
1059 4858 1098 4888 ⁸⁷
1123 4859 1276 4917 Rom.
1311 4876 1384 4922 χι,
1413 4861 1499 4913 '56.

470 4934 546 4983 xu,
575 4922 665 4977 56.
741 4924 786 4954 ³³
814 4925 833 4978 1
869 4925 990 4981 Cor.
1023 4943 1101 4992 xl,
1132 4930 1218 4982 12.

536 5043 613 5114 (5)
638 5045 797 5111 Editi,
834 5063 853 5096 ι
891 5047 1004 5102 Dei.
1047 5067 1066 5100 ι

537 5113 613 5185 (6)
641 5115 730 5170 Sic
753 5132 939 5170 omnes
974 5134 1102 5173 mss.
1141 5122 1328 5176 nostri.
1381 5123 1520 5176 Editi
1553 5138 1699 5187 vero,
1734 5141 1756 5176 ι
1788 5125 1924 5179 satis
1955 5125 2023 5179 de

469 5184 571 5238 hoc
608 5195 835 5255 angusta
884 5196 938 5262 et
979 5199 1127 5241 arcta
1162 5193 1438 5262 responsio
1480 5195 1545 5248 ab
1584 5184 1826 5262 apostolo
1857 5195 2022 5250 Paulo

468 5264 754 5322 praestatur
782 5270 798 5307 ε
828 5259 966 5312 satis
997 5261 1232 5312 ostendit
1259 5264 1581 5316 sententiam
1612 5259 1785 5318 Suam.
1823 5283 1841 5315 ι

537 5324 613 5457 (ἔ)
639 5326 746 5387 ΑΙ.,
781 5345 800 5377 ι
835 5327 1070 5395 objicere
1092 5369 1106 5390 ,
1146 5349 1164 5380 ι
1196 5333 1355 5384 male.

599 5401 615 5457 )
643 5397 814 5457 Alias,
846 5413 864 5447 t
901 5413 1038 5457 quos
1061 5399 1150 5452 ille
1176 5401 1350 5453 anima

643 5397 814 5464 Alias,
846 5413 864 5447 ι
901 5413 1038 5465 quos
1061 5399 1150 5452 ille
1176 5401 1434 5455 animales
1460 5410 1635 5456 vocat.
1669 5420 1687 5452 ο

541 5465 617 5535 (9)
646 5467 752 5529 AL,
802 5485 826 5544 ε
879 5466 1138 5544 superest
1200 5477 1257 5522 ut
1307 5472 1532 5544 unius...
1563 5488 1698 5544 non
1748 5487 1844 5527 nos
1890 5472 2018 5544 [al.,

475 5550 493 5582 ι
526 5534 745 5607 necnos
776 5534 823 5607 ι]
854 5534 1025 5591 otiose
1050 5548 1337 5606 praatereat
1367 5542 1492 5607 quid
1522 5543 1670 5596 dicit.
1709 5561 1727 5593 ι

539 5605 650 5675 (10)
673 5604 782 5674 Al.,
804 5604 834 5657 ἰ
870 5604 1262 5677 ρτωυοὲίιίοιιίδ
1295 5629 1314 5662 ι
1344 5604 1483 5666 nunc
1529 5629 1546 5662 ι
1584 5613 1949 5669 commulatio.
1997 5633 2017 5664 ι

1315 4930 1361 4961 ’⁵
1390 4931 1562 4984 Galat.
1599 4948 1674 4997 tv,
1703 4933 1758 4986 4.

2132 1800 2216 1853 nis
2242 1799 2506 1863 omnium,
2535 1807 2590 1852 et
2622 1799 2724 1852 hoc
2751 1797 2927 1866 ipsum
2951 1796 3095 1865 quod
3124 1811 3250 1863 qua:
3285 1801 3421 1858 sunt,
3452 1808 3504 1846 ex
3540 1792 3608 1846 Deo

2130 1907 2252 1946 esse
2280 1900 2586 1961 coeperunt,
2615 1888 3033 1959 signiﬁcantiam
3063 1886 3252 1944 dedit:
3282 1905 3300 1937 ‹
3328 1900 3419 1953 per
3435 1885 3608 1953 ipsum.i

2130 1983 2268 2052 quod
2297 1998 2360 2037 ea
2390 1996 2509 2050 qua:
2551 1981 2700 2050 prius
2746 1978 2894 2034 facta
2936 1976 3171 2040 fuerant,
3211 1987 3458 2045 reguntur
3482 1984 3523 2028 et
3542 1975 3610 2028 die

2129 2084 2422 2143 pensantur
2463 2089 2558 2144 per
2582 2088 2702 2129 eum
2755 2088 2785 2126 a
2817 2085 2924 2140 quo
2975 2069 3309 2124 subsistendi
3343 2068 3524 2122 initium
3541 2077 3608 2119 tr:-

2129 2168 2296 2234 hunt;
2337 2186 2357 2218 ι
2393 2166 2446 2220 in
2501 2167 2637 2236 ipso,
2677 2185 2696 2218 ι
2737 2165 2877 2233 quod
2931 2161 2984 2217 hi
3046 2161 3136 2231 qui
3183 2159 3297 2229 jam
3356 2157 3545 2214 correcti
3579 2167 3610 2210 et

2129 2257 2397 2314 emendati
2427 2267 2570 2324 sunt,
2601 2257 2654 2311 in
2685 2257 2852 2327 ipsius
2881 2253 3217 2324 perfectione
3251 2252 3535 2307 consistunt.
3555 2249 3608 2301 Sic

2128 2364 2256 2420 ergo
2295 2351 2407 2404 haec
2454 2349 2779 2417 plenissima:
2835 2349 3061 2404 rationis
3113 2356 3302 2401 tenere
3358 2341 3610 2397 diﬁereutias

2128 2441 2578 2511 edocentur(12),
2639 2450 2696 2495 ut
2746 2441 2891 2510 quod
2943 2440 3310 2503 subsistimus,
3344 2454 3361 2488 ε
3393 2449 3453 2488 ex
3500 2432 3607 2485 Deo»

2130 2531 2329 2585 habere
2382 2531 2628 2586 dicamur
2677 2531 2868 2600 :quod
2918 2532 3298 2599 dispensamur
3344 2524 3609 2590 etregimur.

2135 2607 2155 2678 '.
2196 2640 2293 2696 per
2324 2626 2494 2695 ipsum
2520 2645 2538 2678 ι
2569 2625 2684 2679 ﬁeri
2714 2625 3055 2694 designetur:
3083 2624 3229 2691 quod
3260 2633 3383 2673 vero
3404 2617 3606 2669 iusumm:

2130 2717 2479 2785 perfectionis
2501 2717 2868 2782 consistimus,
2893 2734 2912 2766 ι
2950 2715 3002 2768 in
3031 2713 3149 2782 ipso
3175 2731 3194 2763 ι
3219 2725 3338 2766 esse
3358 2707 3607 2762 declaretur.

2130 2808 2316 2865 Potest
2345 2819 2399 2864 et
2429 2811 2481 2862 in
2523 2809 2777 2878 praesenti
2815 2807 2930 2862 loco
2971 2806 3095 2861 talis
3139 2803 3384 2874 quaedam
3409 2795 3608 2855 observari

2132 2901 2452 2968 differentia,
2470 2911 2526 2955 ut
2545 2901 2888 2956 circumcisio
2907 2914 3026 2969 quae
3042 2897 3190 2954 velut
3207 2897 3376 2967 primo
3393 2893 3489 2947 loco
3506 2900 3610 2943 etor-

2133 2994 2255 3048 dine
2266 2992 2614 3060 justiﬁcatur,
2628 3007 2694 3048 ex
2713 2992 2833 3055 ﬁde,
2852 3001 2905 3045 et
2928 3006 3031 3044 non
3051 3004 3146 3058 per
3173 2989 3331 3042 ﬁdem
3347 2980 3607 3054 justiﬁcand:

2132 3095 2461 3138 memoretur
2502 3100 2515 3136 :
2564 3084 2884 3154 praeputium
2933 3097 3060 3136 vero
3105 3081 3255 3150 quod
3293 3075 3501 3134 secundo
3533 3072 3608 3126 loco

2130 3177 2196 3228 ad
2247 3174 2689 3242 justiﬁcationem
2756 3174 3024 3239 trahitur,
3076 3189 3187 3226 non
3244 3187 3308 3226 ex
3374 3169 3490 3233 ﬁde,
3549 3163 3605 3217 sed

2130 3265 2293 3334 519
2319 3280 2414 3334 per
2440 3265 2596 3319 ﬁdem
2622 3265 3025 3336 jnstilicandum
3053 3265 3294 3320 dicatur.
3331 3264 3451 3318 Puto
3488 3265 3608 3310 autem

2129 3357 2274 3426 quod
2309 3364 2362 3410 et
2408 3356 2462 3411 in
2505 3371 2568 3412 ea
2623 3356 2950 3423 differentia,
2988 3372 3150 3426 quam
3205 3373 3362 3427 supra
3407 3353 3606 3408 diximus:

2137 3466 2155 3498 ι
2187 3447 2340 3502 Sicut
2365 3448 2509 3502 enim
2555 3449 2749 3504 mulier
2781 3465 2848 3504 ex
2879 3449 3016 3512 viro,
3052 3448 3125 3502 ita
3159 3458 3214 3503 et
3263 3449 3344 3501 vir
3375 3460 3456 3514 per
3480 3439 3609 3495 mulie-

2131 3554 2242 3592 rem
2261 3539 2372 3603 “,3
2419 3538 2628 3608 plenius
2667 3540 2770 3594 ista
2817 3539 3188 3608 designentur.
3255 3538 3423 3592 Primo
3470 3529 3609 3587 etenim

2129 3629 2248 3685 loco
2290 3630 2376 3684 vir
2407 3640 2510 3698 est,
2537 3646 2604 3685 ex
2653 3645 2760 3698 quo
2806 3630 3140 3685 descendere
3167 3630 3359 3683 mulier
3381 3624 3554 3681 dicitur,
3577 3626 3610 3669 et

2132 3737 2235 3776 non
2265 3736 2362 3791 per
2390 3722 2584 3775 virum.
2612 3720 2860 3776 Secundo
2883 3735 3010 3774 vero
3042 3721 3094 3774 in
3128 3719 3252 3774 loco
3289 3733 3378 3789 per
3404 3712 3607 3769 mulierem

2128 3815 2251 3880 vir;
2280 3813 2402 3883 quia
2454 3813 2649 3867 mulier
2701 3812 3010 3866 ministrare
3049 3807 3436 3880 quodannnodo
3462 3802 3610 3856 videtur

2131 3907 2338 3961 auctori
2369 3905 2507 3971 viro,
2538 3913 2594 3959 et
2642 3904 2764 3959 ideo
2805 3917 2901 3974 per
2935 3902 3219 3958 mulierem
3251 3903 3331 3955 vir
3367 3898 3532 3954 dicitur
3549 3904 3609 3944 na-

2131 4000 2227 4065 sei,
2247 4007 2300 4051 et
2330 4011 2434 4050 non
2455 4010 2520 4050 ex
2548 3994 2795 4048 muliere.
2817 3992 2923 4048 Sed
2950 3993 3198 4048 fortassis
3221 3997 3455 4047 occurrat
3477 3981 3609 4048 aliqui!

2133 4089 2254 4142 huic
2290 4088 2355 4141 de
2393 4086 2617 4139 muliere
2650 4093 2706 4138 et
2751 4083 2871 4139 viro
2901 4083 3232 4151 expositioni
3270 4090 3465 4138 nostrae,
3485 4081 3524 4127 et
3548 4068 3608 4121 οὺ·

2123 4180 2279 4247 jiciat
2309 4176 2459 4238 illud,
2489 4175 2632 4245 quod
2667 4175 2804 4229 dixit
2833 4174 3121 4245 Apostolus
3144 4174 3214 4227 de
3248 4171 3474 4227 Christo:

2129 4280 2274 4324 ctum
2305 4284 2371 4323 ex
2407 4267 2651 4334 muliere,
2685 4266 2886 4320 factum
2913 4265 3012 4319 sub
3040 4265 3154 4334 lege
3170 4264 3254 4328 “;
3284 4281 3302 4315 ι
3326 4271 3479 4316 etnon
3500 4253 3603 4311 dixit.

2131 4361 2333 4413 factum
2354 4373 2450 4427 per
2479 4357 2779 4413 mulierem.
2810 4356 2907 4411 Cui
2937 4357 3037 4410 hoc
3069 4356 3232 4410 modo
3257 4343 3604 4420 respondendum

2132 4461 2276 4522 puto.
2304 4450 2379 4506 De
2418 4451 2563 4505 omni
2603 4447 2817 4519 quidem
2851 4448 3067 4504 homine
3095 4447 3375 4503 conveniet
3403 4438 3488 4496 dici
3510 4430 3603 4503 quod

2130 4559 2224 4613 per
2251 4544 2528 4597 mulierem
2551 4543 2728 4597 factus
2751 4541 2840 4608 sit,
2858 4541 3113 4610 quoniam
3136 4539 3349 4607 quidem
3371 4535 3603 4601 priusquam

2129 4648 2226 4701 per
2253 4633 2530 4686 mulierem
2553 4642 2890 4696 nasceretur,
2915 4646 2977 4685 ex
3002 4632 3114 4684 viro
3141 4620 3600 4697 accepitexordium;

2129 4726 2381 4782 Christus
2414 4741 2561 4793 vero,
2599 4729 2688 4796 qui
2725 4742 2828 4781 non
2861 4742 2928 4782 ex
2959 4727 3166 4782 semine
3216 4724 3314 4779 viri
3354 4717 3503 4776 carnis
3531 4720 3606 4764 sum

1581 4863 1623 4894 ¹⁸
1651 4862 1812 4917 lCor.
1842 4879 1918 4928 xu,
1949 4865 2016 4918 l9.

2133 4867 2152 4897 ’
2180 4865 2199 4919 l
2228 4865 2352 4920 Cor.
2377 4882 2474 4932 χιι,
2497 4869 2552 4926 8.
2627 4868 2672 4898 ²⁰
2698 4866 2855 4922 Joan.
2889 4881 2927 4932 ι,
2961 4869 3017 4922 5.
3089 4867 3133 4899 ²¹
3167 4865 3293 4922 ibid.
3314 4863 3364 4917 Α,
3430 4858 3466 4888 ﬂ
3492 4853 3599 4906 item.

2130 5052 2407 5115 Rabanus,
2438 5069 2457 5100 ‹
2490 5050 2884 5117 praepositionis
2924 5070 2943 5101 ι
2973 5065 3069 5118 per
3095 5068 3114 5099 ι
3148 5045 3478 5104 commutatio.
3508 5057 3522 5089 ι

2199 5119 2310 5190 (11)
2339 5111 2515 5190 Codex
2549 5111 2890 5174 Ebroiccnsis
2928 5111 2987 5173 et
3036 5118 3308 5190 Merlinus,
3343 5134 3359 5166 ι
3394 5126 3506 5190 (λυτιξὶ
3521 5111 3599 5190 pes!

2131 5177 2426 5258 principale
2478 5197 2580 5254 est,
2633 5189 2988 5257 intelligentia
3037 5177 3372 5260 designatur;
3408 5177 3596 5260 Getic-

2129 5253 2358 5333 brardus
2400 5273 2549 5323 vero,
2585 5277 2616 5333 «Α
2657 5253 2938 5333 quaepost
2978 5253 3268 5333 principale
3310 5253 3594 5333 itttplliKcPll'fi

2131 5331 2395 5398 designat,
2433 5346 2452 5379 ι
2488 5324 2689 5384 rectius
2737 5324 2830 5382 alii
2875 5324 3010 5384 mss.
3057 5324 3228 5383 nos—tri
3285 5334 3339 5380 ut
3378 5324 3424 5377 in
3465 5324 3597 5371 nostro

2129 5409 2292 5453 textu.

2197 5468 2308 5535 (ίῖ)
2339 5467 2432 5521 Sic
2475 5468 2712 5536 potiores
2755 5483 2884 5525 mss.
2930 5469 3100 5524 nostri
3141 5478 3197 5524 et
3237 5465 3474 5522 Rabauus.
3520 5451 3593 5508 Al.

2131 5559 2149 5590 ι
2187 5540 2491 5594 cdoccmur.
2538 5557 2557 5590 ι
