3684 6148
105 274 251 360 931

1112 274 1468 336 COMMENT.
1499 275 1568 330 IN
1608 271 1826 329 EPIST.

1869 272 1975 327 AD.
2014 271 2180 329 ROM.
2216 272 2345 328 LIB.
2387 272 2476 330 Ill.
3294 274 3399 334 958

107 396 396 468 sumpsit
432 396 727 469 originem,
760 392 956 450 merito
990 414 1009 448 ι
1039 412 1105 452 ex
1136 398 1360 453 muliere
1382 414 1401 449 ι
1433 394 1608 452 factus
1637 395 1717 449 di-
1751 401 1797 455 Α
1826 392 2018 461 legem.
2056 392 2162 446 Sed
2197 400 2254 447 et
2302 391 2393 446 illa
2428 401 2773 463 nequaquam
2806 392 2969 449 nobis
3019 397 3395 463 praetereunda

112 492 330 546 citur.
365 490 467 561 ipsi
504 505 758 561 namque,
788 492 840 545 id
873 498 956 546 est
992 489 1227 555 mulieri,
1284 499 1341 545 et
1389 489 1501 559 ipsa
1537 489 1734 556 princi-

116 584 301 648 palis
334 584 486 654 origo
517 584 700 639 carnis
725 583 842 654 ejus
873 582 1185 645 ascribitur,
1223 591 1279 637 et
1324 591 1474 636 recte
1509 596 1613 635 nou
1641 595 1736 648 per

120 678 474 741 mulierem,
521 678 617 733 sed
670 698 690 730 ι
718 677 1092 749 ex_mnlierei
1141 679 1314 733 factus
1363 677 1434 732 ab
1480 674 1737 745 Apostolo

120 785 522 830 memoratur.
552 772 823 828 Justilicat
859 788 990 844 ergo
1035 789 1175 828 unus
1224 780 1386 841 atque
1416 772 1554 825 idem
1595 772 1736 825 Deus

124 866 637 922 circumcisionem
664 881 731 921 ex
756 866 883 929 fide,
916 875 969 921 et
999 865 1320 935 prmputium
1359 880 1457 934 per
1483 864 1641 919 fidem
1665 866 1728 917 ’⁸.

125 960 326 1027 Quod
372 961 415 1015 si
442 960 555 1030 (13)
593 960 839 1029 requirat
890 958 1088 1027 aliquis
1132 957 1426 1022 curiosius,
1466 957 1501 1010 ii
1547 958 1638 1027 qui
1669 972 1733 1011 ex

132 1053 263 1106 fide
291 1051 691 1122 justiﬁcantur,
715 1065 809 1119 per
828 1064 988 1117 quem
1012 1049 1418 1119 justificentur;
1444 1058 1499 1103 et
1521 1064 1734 1103 rursum

132 1143 175 1197 ii
218 1144 335 1212 qui
367 1158 463 1213 per
490 1141 651 1196 fidem
685 1139 1081 1210 justifieantur,
1113 1154 1181 1194 ex
1203 1138 1731 1209 quojustilicenlur:

130 1239 289 1293 licet
324 1237 577 1292 fortassis
615 1235 782 1290 multa
818 1235 870 1289 in
905 1235 1009 1290 hoc
1050 1234 1339 1291 curiositas
1363 1235 1630 1298 videatur,
1656 1245 1735 1288 ta-

131 1347 286 1386 men
340 1329 728 1385 convenienter
774 1326 958 1381 dicere
1000 1340 1306 1393 possumus,
1343 1325 1487 1394 quod
1523 1325 1612 1394 qui
1667 1340 1734 1380 ex

139 1426 265 1481 fide
290 1424 689 1493 justiﬁeantur,
716 1420 875 1475 initio
900 1434 969 1475 ex
994 1419 1102 1475 fide
1129 1427 1346 1489 sumpto
1368 1433 1464 1488 per
1480 1418 1738 1488 adimple-

138 1521 376 1573 tionem
400 1517 666 1572 bonorum
693 1522 918 1582 operum
952 1522 1425 1573 consummantur,
1449 1520 1500 1564 et
1528 1510 1618 1579 qui
1645 1525 1739 1579 per

142 1612 333 1667 ﬁdem
359 1609 748 1682 justificantur,
771 1622 801 1660 a
835 1606 994 1660 bonis
1016 1604 1273 1674 operibus
1300 1603 1481 1657 exorsi
1509 1601 1618 1672 (14)
1643 1618 1738 1671 per

143 1707 333 1761 fidem
372 1718 638 1759 summam
685 1699 1033 1771 perfectionis
1077 1699 1374 1766 accipiunt.
1410 1699 1482 1750 Ita
1526 1709 1732 1750 utrum-
1768 1741 1810 1794 Β

141 1811 263 1867 que
323 1795 431 1851 sibi
497 1793 781 1848 adhaerens
838 1792 1069 1846 alterum
1123 1805 1191 1845 ex
1251 1790 1424 1843 altero
1483 1801 1740 1843 consum-

144 1898 373 1944 matur.

223 1981 329 2037 H.
357 1980 427 2035 Et
461 1986 751 2050 propterea
787 1986 917 2048 puto
942 1975 1261 2046 Apostolum
1292 1978 1476 2031 statim
1516 1979 1570 2032 in
1603 1993 1737 2035 con-

143 2071 523 2141 sequentibus
542 2069 788 2140 posuisse
818 2085 832 2121 :
863 2085 883 2118 ι
911 2066 1109 2138 Legem
1137 2082 1269 2138 ergo
1291 2083 1617 2141 evacuamus
1646 2085 1742 2139 per

147 2136 375 2218 fidem?
421 2136 612 2226 Absit;
644 2159 737 2215 sed
797 2157 967 2228 legem
998 2136 1303 2213 statuimus
1320 2159 1384 2211 ".
1416 2177 1437 2211 ι
1472 2136 1739 2226 Quoniam

149 2256 207 2309 in
249 2251 632 2321 superioribus
664 2250 731 2305 ad
761 2251 918 2305 tidem
953 2261 1148 2307 cuncta
1168 2251 1320 2305 visus
1349 2261 1431 2306 est
1464 2266 1738 2319 revocare,

147 2348 279 2414 ipse
310 2344 421 2399 sibi
452 2341 597 2411 quod
628 2342 696 2397 ab
722 2340 831 2397 alio
854 2342 1079 2412 proponi
1113 2350 1294 2411 posset
1326 2342 1573 2396 obtendit
1604 2342 1736 2411 (l5),

151 2447 212 2490 et
247 2435 393 2491 dicit
420 2452 434 2489 :
464 2433 523 2489 Si
553 2446 651 2503 per
690 2432 853 2489 fidem
880 2432 1210 2501 justiticatur
1241 2432 1423 2497 homo,
1450 2440 1506 2486 et
1544 2447 1647 2485 non
1671 2447 1736 2487 ex

150 2528 430 2598 operibus
458 2524 613 2597 legis,
662 2533 717 2580 et
769 2524 815 2580 si
852 2526 991 2579 Deus
1024 2523 1498 2578 circumeisiouem
1528 2538 1592 2576 ex
1634 2523 1741 2576 fide

151 2615 868 2688 iustificat,et‘pra:putium
888 2631 986 2685 per
1010 2614 1190 2678 fidem,
1207 2614 1375 2686 legem
1397 2628 1527 2684 ergo
1551 2612 1738 2682 Moysi,

154 2726 192 2763 o
230 2708 425 2772 Paule,
460 2706 693 2762 destruis
725 2719 821 2774 per
862 2703 1066 2757 Iidem?
1112 2703 1220 2758 Sed
1265 2704 1333 2758 ad
1385 2704 1488 2758 hoc
1519 2702 1634 2772 ipse
1658 2717 1742 2757 re-

158 2803 448 2870 spondens
492 2800 623 2855 dicit
656 2815 671 2851 :
704 2816 722 2850 ι
744 2796 928 2861 Absit;
988 2796 1096 2850 imo
1150 2796 1339 2865 legem,
1376 2795 1687 2860 statuimus,
1716 2814 1735 2846 ι

162 2895 271 2951 hoc
299 2904 390 2949 est
414 2892 821 2948 conﬁrmamus.
854 2887 959 2944 Sed
983 2903 1158 2957 Opera:
1194 2886 1431 2956 pretium
1456 2895 1537 2940 est
1564 2886 1744 2941 videre

164 2986 447 3055 quomodo
487 2985 657 3054 legem
698 2997 757 3037 se
810 2979 1139 3036 conﬁrmare
1184 2979 1517 3049 pronuntiet,
1546 2977 1639 3047 qui
1689 2978 1741 3031 iu

164 3076 551 3149 superioribus
584 3075 803 3139 dixerit,
838 3072 962 3143 quia
994 3089 1098 3127 non
1138 3069 1469 3141 justificetur
1497 3072 1654 3123 homo
1677 3086 1743 3124 ex
1771 3077 1811 3132 c

165 3170 431 3241 operibus
469 3169 682 3240 legis".
719 3165 970 3221 Salvator
1010 3166 1063 3219 in
1099 3163 1411 3233 Evangeliis
1437 3162 1592 3225 dicit,
1620 3162 1745 3230 quia

174 3280 193 3313 ι
218 3260 441 3334 Moyses
481 3263 548 3315 de
588 3275 674 3315 tne
717 3258 935 3329 scripsit
953 3257 1019 3310 ’³.
1052 3275 1073 3309 ι
1105 3256 1205 3323 Qui
1240 3270 1371 3325 ergo
1418 3269 1523 3308 non
1573 3253 1746 3307 credit

168 3353 418 3418 Christo,
456 3353 523 3407 de
561 3366 672 3422 quo
707 3350 918 3422 Moyses
970 3349 1193 3418 scripsit
1241 3347 1293 3400 iu
1343 3347 1485 3413 lege,
1513 3345 1747 3400 destruit

169 3444 385 3515 legem;
421 3445 514 3514 qui
558 3456 738 3498 autem
776 3441 952 3496 credit
1000 3440 1240 3507 Christo,
1271 3439 1340 3493 de
1380 3454 1490 3508 quo
1534 3437 1746 3509 Moyses

169 3538 421 3607 scripsit,
450 3537 619 3607 legem
650 3536 936 3590 confirmat
965 3547 1062 3602 per
1103 3531 1285 3596 fidem,
1314 3529 1440 3600 quia
1481 3530 1657 3583 credit
1692 3529 1743 3581 in

168 3628 472 3685 Christum.
502 3626 689 3682 Fidem
724 3634 902 3680 autem
936 3625 1169 3680 dicimus
1197 3623 1250 3676 in
1282 3622 1529 3681 Patrem.
1557 3630 1610 3675 et
1651 3618 1742 3672 Fi-

173 3715 329 3786 lium,
354 3725 412 3771 et
441 3716 703 3787 Spiritum
751 3724 998 3770 sanctum
1037 3713 1325 3780 integram,
1358 3710 1595 3779 plenam,
1621 3725 1747 3780 per-

172 3811 402 3872 fectam,
435 3825 554 3880 qum
588 3807 699 3879 (16)
744 3807 878 3862 nihil
925 3808 1225 3871 diversum,
1258 3803 1390 3857 nihil
1432 3803 1747 3873 discrepans

178 3912 271 3956 aut
289 3911 610 3957 extraneum
636 3901 687 3954 in
707 3900 971 3954 Trinitatc
990 3897 1297 3966 profitetur.
1325 3895 1455 3949 Nam
1480 3894 1742 3956 Marcion,

176 3995 268 4065 qui
303 3995 471 4048 alium
516 3993 651 4048 dicit
697 3991 863 4047 Deum
890 3990 1053 4060 legis,
1078 3989 1240 4043 alium
1269 3988 1486 4043 Patrem
1518 3986 1744 4052 Christi,

179 4101 272 4153 per
307 4088 467 4141 tidem
497 4100 653 4139 suam
686 4099 791 4138 non
833 4082 1042 4148 statuit,
1086 4095 1262 4149 neque
1308 4079 1617 4142 conﬁrmat,
1653 4079 1746 4131 sed

179 4182 415 4236 destruit
446 4179 639 4248 legem.
675 4175 786 4231 Iloc
815 4185 869 4230 et
897 4175 1067 4229 Ebion
1112 4174 1278 4237 facit;
1312 4172 1416 4226 hoc
1454 4180 1510 4224 et
1558 4185 1749 4225 omnes

183 4274 271 4340 qui
304 4272 359 4326 in
406 4272 510 4325 fide
555 4268 821 4323 catholica
868 4265 1069 4334 aliquid
1123 4262 1488 4331 corruptionis
1515 4261 1748 4315 intersc-

185 4373 326 4422 runt.
353 4365 464 4434 Ego
495 4365 658 4418 etiam
699 4359 826 4415 illud
876 4359 1264 4441 convenienter
1295 4355 1570 4424 adjiciam,
1604 4351 1746 4422 quod

1833 484 2048 538 videtur
2071 483 2323 553 objectio,
2349 499 2512 555 quam
2538 483 2917 554 prolerrequis
2939 493 3201 554 potest,et
3221 486 3402 541 dicere

1834 577 1977 645 quod
2021 576 2298 631 contraria
2344 577 2449 632 sibi
2506 575 2754 631 scribere
2798 575 3050 631 videatur
3090 576 3398 646 Apostolus,

1834 683 1957 723 cum
1997 668 2052 722 in
2098 669 2352 738 praesenti
2384 668 2600 737 quidem
2635 668 2757 723 loco
2785 666 2917 722 dicit
2945 682 3052 721 non
3083 667 3287 722 destrui
3320 667 3401 721 Ie-

1834 776 1974 832 gem,
2008 768 2100 817 sed
2125 762 2435 816 conﬁrmari
2476 759 2618 834 (17);
2653 761 2707 815 in
2740 760 2977 814 secunda
3019 773 3154 815 vero
3185 760 3254 815 ad
3296 759 3400 814 Co—

1836 855 2063 909 rinthios
2110 855 2183 909 ita
2240 855 2428 910 scribit
2457 872 2470 908 :
2507 853 2701 922 «Quod
2733 852 2777 907 si
2814 851 3175 906 ministerium
3209 851 3401 905 mortis

1837 946 1889 1000 in
1942 945 2141 1000 litteris
2188 945 2481 1000 formatum
2531 944 2583 998 in
2625 944 2929 1013 lapidibus,
2965 941 3164 994 factum
3219 953 3303 994 est
3345 941 3397 994 in

1835 1037 2026 1108 gloria,
2072 1038 2145 1091 ita
2180 1047 2241 1091 ut
2276 1052 2385 1091 non
2420 1046 2642 1105 possent
2678 1035 2959 1090 intendere
3006 1033 3098 1087 lilii
3142 1032 3310 1088 israel
3344 1033 3397 1086 iu

1838 1131 2028 1187 faciem
2067 1131 2234 1202 Moysi
2277 1114 2496 1199 propter
2528 1128 2757 1199 gloriam
2788 1129 2969 1182 vultus
3009 1127 3127 1194 ejus
3157 1141 3282 1197 qua:
3302 1127 3399 1179 de-

1836 1223 2085 1286 struitur,
2117 1218 2387 1291 quomodo
2415 1235 2521 1274 non
2571 1218 2741 1288 magis
2776 1217 3133 1271 ministerium
3169 1216 3403 1285 Spiritus

1835 1314 1941 1369 erit
1989 1315 2043 1367 in
2088 1314 2254 1384 gloria
2286 1312 2369 1367 "‘l
2396 1331 2415 1364 ι
2457 1311 2521 1366 Βι
2545 1310 2709 1381 paulo
2755 1321 2915 1381 post:
2954 1330 2971 1362 ι
3001 1310 3058 1364 Si
3089 1310 3233 1362 enim
3257 1308 3402 1377 quod

1837 1405 2157 1471 destruitur,
2187 1420 2282 1475 per
2318 1405 2545 1475 gloriam
2572 1417 2692 1470 eet;
2724 1403 2893 1456 multo
2922 1402 3093 1471 magis
3113 1401 3257 1470 quod
3289 1414 3405 1452 ma-

1839 1505 1947 1560 net,
1989 1497 2040 1549 in
2075 1496 2245 1566 gloria
2273 1495 2434 1550 est”.
2471 1514 2491 1548 ›
2530 1495 2646 1550 Dici
2681 1509 2813 1563 ergo
2847 1502 3027 1560 potest
3062 1493 3193 1562 quia
3226 1490 3399 1560 gloria

1837 1588 2020 1643 vultus
2042 1588 2208 1659 Moysi
2239 1603 2357 1658 quae
2379 1587 2699 1652 destruitur,
2729 1598 2783 1642 et
2812 1587 2913 1640 hoc
2934 1586 3076 1654 quod
3100 1584 3231 1638 dicit
3260 1598 3273 1634 :
3299 1601 3318 1633 ι
3345 1582 3401 1635 Si

1838 1679 1981 1733 enim
1994 1680 2138 1747 quod
2164 1678 2487 1741 destruitur,
2503 1691 2599 1746 per
2623 1676 2849 1746 gloriam
2884 1683 2985 1739 est,
3019 1694 3038 1727 ι
3068 1674 3403 1729 contrarium

1839 1771 2010 1826 videri
2042 1771 2169 1826 huic
2197 1771 2481 1825 sententiae
2512 1784 2616 1838 qua
2650 1769 2996 1835 pronuntiat:
3021 1766 3140 1822 Non
3164 1767 3403 1822 destrui-

1840 1878 1958 1917 mus
2005 1861 2178 1933 legem
2217 1877 2314 1932 per
2364 1862 2544 1926 ﬁdem,
2583 1863 2677 1916 sed
2706 1861 2993 1916 statuimus
3019 1869 3075 1916 et
3104 1859 3399 1914 conﬁrma-

1842 1969 1960 2008 mus
1980 1952 2046 2007 ³¹.
2075 1953 2179 2007 Sed
2215 1953 2338 2006 vide
2382 1952 2428 2006 si
2464 1952 2735 2020 possimus
2758 1951 2871 2022 (18)
2906 1952 3010 2006 hoc
3057 1950 3219 2006 modo
3261 1951 3404 2019 quod

1840 2043 2142 2096 intentatur
2169 2040 2471 2095 absolvere.
2491 2039 2608 2095 Non
2638 2049 2722 2094 est
2748 2040 2890 2095 idem
2920 2041 3064 2109 quod
3096 2040 3233 2094 dixit
3264 2039 3398 2108 (19)’

1846 2133 2088 2202 «Legem
2141 2132 2492 2196 destruimus,
2522 2151 2543 2183 ι
2599 2141 2674 2196 et,
2722 2131 2809 2185 lex
2856 2131 3171 2186 destruitur.
3211 2129 3406 2184 Paulus

1841 2241 1973 2296 ergo
2010 2225 2064 2279 in
2094 2223 2348 2295 praasenti
2399 2223 2520 2278 loco
2558 2224 2662 2278 hoc
2694 2223 3033 2292 pronuntiat,
3057 2224 3198 2291 quod
3232 2220 3403 2292 legem

1843 2321 1954 2390 ipse
1987 2333 2093 2373 non
2118 2318 2381 2373 destruat.
2403 2315 2536 2369 Nam
2570 2325 2625 2369 et
2656 2315 2701 2370 si
2733 2314 3033 2369 destruitur
3053 2313 3136 2368 lex
3161 2329 3258 2383 per
3286 2326 3406 2366 eam

1841 2429 1960 2483 quae
1981 2412 2348 2483 supereminet
2379 2409 2634 2479 gloriam,
2668 2424 2773 2463 non
2804 2423 2900 2476 per
2933 2406 3184 2471 Paulum,
3236 2420 3409 2474 neque

1839 2519 1938 2573 per
1963 2503 2126 2556 alium
2158 2501 2396 2570 aliquem
2440 2510 2752 2555 sanctorum
2813 2497 3133 2553 destruitur.
3169 2496 3321 2552 Unde
3354 2506 3411 2551 et

1843 2597 1958 2665 ipse
1990 2594 2249 2649 Dominus
2291 2593 2546 2646 dicebat:
2580 2609 2600 2643 ι
2640 2591 2754 2645 Non
2785 2591 2905 2645 veni
2930 2589 3156 2669 ‘solvere
3207 2589 3407 2659 legem,

1842 2687 1936 2742 sed
1962 2685 2259 2755 adimplere
2279 2685 2343 2737 ²².
2370 2703 2389 2736 ι
2412 2683 2603 2738 Nullus
2622 2698 2750 2752 ergo
2777 2691 3109 2745 sanctorum,
3130 2699 3229 2736 nec
3245 2680 3411 2753 520

1843 2779 1959 2847 ipse
1995 2777 2250 2832 Dominus
2280 2776 2508 2831 destruit
2557 2776 2754 2845 legem,
2786 2774 2879 2828 sed
2913 2774 3084 2843 gloria
3116 2774 3233 2842 ejus
3268 2784 3406 2828 tem-

1844 2871 2046 2942 poralis
2076 2881 2131 2926 et
2161 2872 2534 2941 pertransiens
2580 2885 2606 2921 a
2641 2867 2812 2939 gloria
2854 2879 3056 2922 aeterna
3100 2876 3156 2921 et
3192 2880 3410 2936 perma-

1844 2970 2008 3017 nente
2061 2962 2362 3016 destruitur
2409 2970 2463 3015 et
2517 2968 2825 3029 superatur.
2879 2955 3029 3011 Unde
3079 2955 3201 3010 vide
3245 2968 3407 3025 quam

1845 3064 2001 3108 caute
2033 3061 2089 3107 et
2126 3052 2515 3122 perspicaciter
2554 3048 2866 3119 apostolicae
2884 3047 3120 3117 legendae
3147 3047 3255 3100 sint
3283 3045 3399 3099 Lit-

1852 3154 1998 3200 terae.
2057 3143 2172 3199 Non
2217 3143 2399 3198 dixit:
2433 3141 2659 3212 «Neque
2714 3143 2859 3196 enim
2913 3140 3270 3210 glorificatum
3324 3148 3410 3194 est

1846 3234 1990 3302 quod
2019 3233 2311 3304 gloriosum
2347 3242 2434 3286 est
2451 3231 2520 3297 ³³,
2543 3250 2561 3282 ι
2599 3239 2656 3286 ει
2704 3230 2886 3297 siluit;
2940 3230 3176 3300 alioquin
3211 3230 3406 3287 falsum

1847 3326 2122 3380 videretur
2157 3324 2453 3395 (quomodo
2486 3323 2630 3377 enim
2665 3323 2808 3393 quod
2850 3322 3146 3393 gloriosum
3188 3330 3407 3377 estnon

1845 3427 1989 3472 esset
2028 3415 2495 3487 gloriﬁcatuin‘l),
2541 3414 2637 3469 sed
2685 3413 2927 3468 addidit:
2970 3430 2989 3462 ι
3015 3411 3242 3483 Propter
3284 3426 3406 3467 eam

1846 3526 1966 3579 qua:
2019 3508 2386 3578 supereminet
2453 3506 2681 3577 gloriam
2715 3522 2768 3572 ;›
2803 3513 2859 3559 ιιι
2912 3502 3222 3560 ostenderet
3299 3518 3405 3558 non

1846 3618 1875 3657 a
1911 3616 2230 3672 quocunque
2285 3600 2489 3654 destrui
2535 3598 2789 3668 gloriam.
2816 3596 3009 3669 Moysi,
3037 3597 3089 3649 id
3135 3605 3219 3650 est
3249 3595 3406 3665 legis,

1846 3694 1964 3758 sed,
2007 3702 2064 3747 ut
2117 3692 2378 3754 diximus,
2411 3704 2477 3742 ex
2522 3688 2930 3758 comparatione
2965 3687 3189 3757 majoris
3220 3687 3409 3756 gloriae

1846 3799 1964 3853 quae
1994 3784 2046 3837 in
2072 3781 2291 3836 Christo
2318 3788 2425 3846 cst,
2453 3778 2630 3847 obtegi
2658 3788 2711 3832 et
2736 3777 3014 3832 obscurari
3044 3793 3161 3831 eam
3183 3776 3407 3844 gloriam

1846 3893 1965 3950 quae
1989 3878 2041 3931 in
2083 3875 2200 3945 lege
2227 3883 2337 3939 est;
2360 3882 2414 3925 et
2444 3872 2565 3926 ideo
2617 3871 2785 3925 dicit:
2821 3888 2839 3920 ι
2866 3870 2923 3925 Si
2951 3869 3094 3923 enim
3141 3868 3282 3937 quod
3313 3868 3410 3922 de-

1845 3974 2096 4034 struitur,
2128 3984 2224 4040 per
2249 3968 2476 4039 gloriam
2506 3973 2621 4029 est;
2654 3963 2822 4018 multo
2851 3963 3017 4033 magis
3042 3962 3183 4032 quod
3206 3972 3407 4025 manet,

1847 4066 1900 4119 in
1941 4063 2111 4135 gloria
2168 4060 2343 4117 est”.
2371 4078 2390 4111 ι
2419 4059 2640 4112 Manere
2688 4071 2806 4125 quae
2837 4054 3040 4109 Christi
3090 4063 3218 4108 sunt
3257 4054 3408 4118 dicit,

1847 4157 2048 4213 destrui
2079 4169 2199 4225 qua:
2229 4152 2398 4223 Moysi
2430 4161 2557 4206 sunt
2585 4165 2600 4204 :
2632 4149 2726 4203 sed
2776 4146 2977 4202 destrui
3018 4160 3123 4199 non
3171 4160 3266 4214 per
3314 4145 3412 4199 ho-

1846 4249 2070 4312 minem,
2095 4246 2190 4302 sed
2219 4259 2286 4299 ex
2322 4241 2752 4310 comparatione,
2780 4247 2837 4290 ut
2871 4237 3126 4300 diximus,
3153 4248 3412 4302 superve—

1849 4340 2050 4394 nientis
2078 4335 2190 4408 (20)
2216 4334 2434 4404 gloriae;
2460 4331 2715 4399 quoniam
2743 4329 2959 4398 quidem
2998 4345 3017 4378 ι
3048 4327 3131 4380 lex
3162 4326 3412 4395 paedago-

184 4460 356 4513 omnis
383 4457 476 4528 qui
506 4456 740 4512 credens
763 4451 978 4508 Christo
1010 4432 1147 4505 bene
1172 4449 1304 4518 agit,
1337 4457 1390 4501 et
1418 4446 1662 4500 continet
1690 4457 1742 4497 se

1927 4447 1950 4485 s
1981 4440 2166 4484 noster
2196 4427 2296 4480 fuit
2336 4425 2388 4477 in
2432 4423 2653 4478 Christo
2682 4438 2701 4470 ι
2730 4422 2901 4474 donec
2942 4417 3150 4470 veniret
3189 4433 3208 4466 ι
3235 4414 3411 4484 plenio-

188 4549 252 4603 ab
275 4549 422 4603 omni
455 4546 665 4602 macula
698 4543 926 4615 peccati,
954 4542 1041 4597 hic
1069 4542 1237 4610 legem
1266 4539 1355 4593 Dei
1385 4546 1530 4591 recte
1560 4535 1751 4590 viven-

189 4640 255 4695 do
280 4642 602 4706 continuat;
636 4640 728 4709 qui
779 4652 910 4691 vero
946 4648 1194 4705 praeceps
1230 4639 1571 4701 peccatorum
1605 4626 1751 4679 vitiis

190 4733 382 4801 agitur,
407 4742 461 4788 et
485 4730 601 4787 sine
626 4731 735 4784 ullo
767 4726 1066 4797 paenitendi
1105 4720 1405 4776 retinaculo
1437 4718 1752 4773 assiduitate

193 4826 457 4880 scelerum
507 4823 830 4886 maculatur,
866 4820 952 4874 hic
974 4818 1140 4873 etiam
1194 4812 1237 4867 si
1280 4813 1503 4865 credere
1533 4809 1750 4863 Christo

194 4914 456 4977 videatur.
489 4929 587 4983 per
614 4914 774 4966 fidem
806 4923 960 4964 suam
1011 4922 1116 4960 non
1153 4902 1367 4965 statuit,
1395 4899 1486 4954 sed
1522 4897 1757 4952 destruit-

849 5048 894 5079 ’⁸
918 5046 1053 5101 ibid.
1082 5045 1173 5099 3i.
1283 5041 1326 5072 ’τ
1362 5038 1520 5092 Ront.
1551 5050 1628 5098 tu,
1655 5034 1745 5087 20.

276 5058 322 5090 "
347 5058 505 5112 Rom.
537 5069 621 5116 ιιι,
649 5050 740 5105 50.
849 5050 894 5079 ⁸⁸
918 5050 1053 5101 ibid.
1082 5050 1173 5099 3|.
1283 5050 1324 5072 ³⁷·
1362 5050 1520 5092 ttom.
1551 5050 1628 5098 ιιι,
1655 5050 1745 5087 ‘zu.

276 5128 427 5179 Rom.
462 5141 547 5179 tu.
582 5125 672 5178 51.
752 5120 799 5152 ⁸²
826 5118 1019 5172 Matth.
1051 5130 1102 5179 v,
1143 5114 1229 5166 17.
1305 5111 1349 5141 ⁸³
1378 5107 1420 5162 ll
1453 5109 1579 5161 Cor.
1612 5121 1695 5168 ιιι,
1728 5103 1814 5158 10.

197 5125 237 5158 ⁸¹
274 5128 427 5183 Rom.
462 5141 547 5191 tu,
582 5125 672 5178 51.

264 5243 369 5312 (1⁸5)
398 5242 551 5308 Quod
589 5241 656 5302 si,
689 5248 797 5312 etc.
845 5235 979 5291 Vide
1021 5232 1465 5301 Origeuianorum
1548 5222 1640 5276 lib.
1680 5237 1742 5287 ιι,

202 5310 384 5380 quzest.
415 5313 471 5375 7,
502 5329 652 5366 num.
685 5310 771 5362 11.

267 5382 370 5453 (14)
404 5368 815 5453 Ceuebrardus.
847 5372 1166 5453 «extorsi,»
1202 5368 1361 5453 male.

406 5433 549 5506 ιἰιέίιὲ
580 5433 982 5523 Getlebrardtts,
1020 5461 1039 5494 ι
1060 5433 1319 5523 ostendit,
1348 5433 1612 5523 finaleng

406 5502 677 5578 'siémm’sé.
709 5527 774 5592 _et
816 5502 1088 5592 llabanus.
1130 5510 1278 5592 Etlili
1307 5520 1459 5592 vero,
1487 5523 1528 5592 υς
1556 5502 1749 5592 Pidere

207 5574 372 5646 autem
422 5574 655 5646 dicimus
709 5588 759 5640 in
826 5587 1039 5638 Patrem
1090 5593 1147 5636 et
1179 5578 1374 5633 Filium
1404 5586 1458 5628 et
1487 5574 1746 5646 Spiritum

208 5644 576 5730 sancrtnmﬁ,iqui
621 5662 883 5727 integram
917 5651 1299 5715 substantiam,
1329 5644 1750 5716 plcuam,peric-

210 5740 362 5799 ctam,
391 5734 523 5803 qui,»
560 5742 664 5786 ctc.

1848 4522 1982 4578 tudo
2017 4530 2318 4590 temporum
2332 4517 2412 4581 ³⁸;
2436 4533 2455 4567 ι
2484 4523 2559 4580 ει,
2590 4512 2729 4567 sicut
2760 4509 3014 4574 dicimus,
3047 4506 3410 4562 necessarium

1849 4630 1970 4670 esse
1993 4627 2131 4683 opus
2183 4607 2484 4681 paedagogi,
2512 4607 2681 4660 donec
2713 4600 2976 4671 parvulus
3005 4609 3087 4654 est
3117 4599 3164 4652 is
3188 4598 3281 4668 qui
3311 4597 3412 4650 sub

1850 4706 2139 4777 paedagogo
2171 4711 2275 4765 est,
2304 4698 2510 4754 destrui
2555 4705 2733 4749 autem
2767 4703 2822 4747 et
2871 4708 2976 4746 non
3007 4706 3130 4746 esse
3160 4704 3411 4745 necessa-

1852 4800 1991 4852 rium
2034 4795 2268 4849 ollicium
2309 4790 2602 4862 paedagogi,
2634 4802 2758 4842 cum
2794 4787 2861 4839 ad
2895 4784 3280 4854 perfectionem
3320 4795 3414 4834 ve-

1855 4892 1996 4947 nerit
2017 4890 2064 4945 is
2095 4887 2186 4958 qui
2216 4886 2314 4940 sub
2342 4884 2633 4953 paedagogo
2660 4880 2798 4945 fuit;
2828 4879 2902 4932 ita
2929 4877 3164 4932 dicimus
3208 4873 3414 4931 destrui

1851 5031 1898 5062 ³⁸
2115 5025 2285 5151 νίξρῦ.
2339 5094 2384 5127 ³⁸
2406 5020 2874 5149 ἓέιιὰῗοῖῐιιιὲὶἹ,
2905 5019 2959 5076 8.
3055 5012 3264 5070 “ibid.
3320 5011 3410 5068 11.

1985 5118 1998 5153 ι
2044 5116 2055 5152 ι
2102 5137 2116 5152 .
2223 5137 2238 5151 .
2514 5112 2523 5123 ε
2573 5133 2586 5146 .
2692 5130 2709 5154 ,
2811 5128 2826 5143 .

1985 5112 2116 5154 tbtd.
2150 5112 2238 5151 ιι.
2339 5112 2384 5127 ο*
2411 5112 2586 5149 uarat.
2622 5112 2709 5158 tu,
2737 5112 2826 5144 zu.

1927 5218 2040 5289 (17)
2060 5217 2152 5272 Sic
2173 5230 2312 5289 mss.
2334 5214 2405 5268 At
2437 5213 2711 5289 Rabanus,
2741 5226 2760 5261 ι
2782 5222 2910 5289 eum
2934 5206 2985 5289 in
3015 5200 3264 5289 praesenti
3282 5198 3415 5289 qui:

1856 5271 2114 5342 deluinon
2154 5288 2434 5339 destruere
2486 5284 2673 5351 legem,
2699 5271 2795 5333 sed
2847 5271 3244 5351 conlirinaren
3275 5271 3409 5351 editi

1854 5340 2017 5422 vero,
2049 5340 2208 5412 tcum
2242 5358 2293 5408 in
2327 5340 2573 5424 pra-senii
2602 5340 2817 5418 quidem
2850 5348 2967 5400 loco
2998 5345 3150 5409 dicit,
3182 5355 3286 5395 non
3314 5340 3411 5395 do-

1854 5428 2015 5482 struit
2047 5427 2236 5495 legem,
2271 5423 2363 5495 sed
2398 5423 2705 5495 conﬁrmat.
2738 5437 2757 5470 ι

1925 5480 2036 5566 (18)
2067 5480 2237 5558 Εἷιίιί,
2281 5513 2299 5546 ‹
2321 5493 2426 5566 Sed
2460 5493 2585 5547 inde
2617 5501 2922 5560 possumus,
2950 5504 2968 5535 ι
3006 5480 3163 5536 male.

1928 5565 2034 5637 (l9)
2066 5566 2235 5637 Alias,
2267 5584 2284 5614 ι
2312 5565 2460 5619 dicit.
2484 5581 2504 5613 ι
2556 5631 2568 5637 _

1928 5621 2042 5706 (20')
2079 5635 2171 5688 Sic
2222 5621 2355 5706 iuss.
2400 5631 2569 5689 nostri
2610 5642 2818 5685 omnes.
2865 5623 3033 5691 Alias,
3067 5621 3410 5693 «superemi-

1857 5707 2053 5773 ncntis,
2080 5723 2100 5756 ι
2136 5705 2292 5758 male.
