3684 6148
384 227 492 284 959

375 348 488 419 jam
513 360 647 416 opus
669 344 800 415 legis
833 363 853 393 σ
879 343 968 399 ubi
998 342 1221 400 advenit
1249 344 1530 415 plenitudo
1567 343 1825 412 temporis
1842 344 1908 407 ³⁸,
1932 359 1950 392 ι
1985 351 2029 405 Α
2058 346 2200 414 quod
2243 342 2370 400 alibi
2411 342 2614 398 dicitur
2658 362 2673 398 :

380 451 438 496 et
472 438 612 493 ﬁlius
636 437 729 508 qui
759 437 1048 507 aliquando
1083 437 1216 491 nihil
1260 438 1544 492 diﬁ‘erebat
1572 453 1600 490 a
1630 451 1809 502 servo,
1845 436 1954 490 hue-

381 547 472 587 res
501 530 676 585 factus
698 538 782 584 est
811 538 1050 599 paternae
1076 530 1414 584 substantiae.
1446 529 1598 594 Quod
1631 539 1813 584 autem
1837 528 1953 582 haec

381 626 456 680 ita
481 625 594 696 (2|)
625 625 862 678 debeant
897 622 1125 690 intelligi
1155 636 1277 691 quae
1330 621 1660 675 destruenda
1718 619 1954 689 appellat

379 715 693 786 Apostolus,
719 713 1168 768 consuetudinem
1199 712 1317 780 ejus
1359 726 1525 780 super
1559 711 1662 764 hoc
1693 711 1952 766 vocabulo

379 809 543 862 etiam
577 807 629 860 in
671 806 795 859 aliis
829 807 998 868 disce,
1029 806 1115 857 ubi
1165 805 1330 859 dicit:
1369 821 1388 854 ι
1417 804 1494 858 Ex
1539 812 1691 872 parte
1723 805 1948 870 scimus,

380 910 432 954 et
459 915 524 952 ex
561 907 715 968 parte
745 897 1156 966 prophetamus.
1184 895 1317 950 Cum
1349 907 1532 949 autem
1563 897 1770 950 venerit
1805 898 1949 966 quod

379 991 674 1060 perfectum
694 999 796 1055 est,
817 990 1163 1042 destruentnr
1187 1003 1252 1043 ea
1282 1003 1402 1057 quae
1429 1003 1493 1042 ex
1525 998 1680 1056 parte
1697 999 1825 1042 sunt
1845 989 1906 1042 ³⁷.
1925 1007 1943 1039 ι

377 1083 445 1136 Ει
468 1083 521 1136 in
559 1083 659 1136 hoc
687 1082 804 1136 loco
834 1081 1062 1137 scientia
1096 1080 1246 1135 Pauli
1289 1081 1373 1133 vel
1405 1081 1690 1150 prophetia
1743 1080 1946 1154 destrui

377 1173 579 1228 dicitur
601 1175 813 1243 absque
865 1173 1062 1241 injuria
1098 1172 1409 1240 apostolica:
1435 1175 1625 1243 gratia:
1654 1189 1667 1224 :
1701 1189 1809 1243 quo
1840 1174 1949 1228 sci-

376 1264 506 1319 licet
559 1265 928 1335 intelli'gamus
978 1265 1042 1318 ad
1096 1265 1556 1332 comparationem
1583 1264 1947 1334 perfectorum

374 1371 577 1412 vacare
605 1367 661 1410 et
691 1358 862 1412 otiosa
895 1371 1016 1411 esse
1054 1370 1116 1410 ea
1154 1371 1276 1424 qua:
1322 1356 1638 1426 imperfecta
1682 1366 1825 1411 sunt.
1870 1355 1946 1412 Ita

374 1461 504 1517 ergo
539 1457 594 1502 et
622 1448 675 1501 in
707 1448 962 1516 praesenti
1005 1463 1263 1504 sermone
1295 1447 1492 1502 Paulus
1524 1449 1742 1517 quidem
1776 1447 1946 1518 legem

375 1554 485 1594 non
521 1538 782 1600 destruit,
833 1539 928 1594 sed
979 1539 1286 1594 confirmat.
1319 1538 1503 1594 Gloria
1534 1552 1712 1594 autem
1743 1537 1946 1594 Christi

373 1647 495 1688 cum
518 1631 758 1686 revelata
795 1631 982 1694 fuerit.
1006 1648 1126 1687 eam
1158 1632 1390 1700 gloriam
1425 1646 1548 1702 quae
1590 1632 1850 1700 apparuit
1890 1631 1944 1686 in

1852 222 2170 278 ORIGENIS
3521 223 3595 278 960

2724 342 2915 398 illium
2960 350 3177 412 Oportet
3229 355 3497 402 crescere,
3534 362 3594 398 me

2060 451 2240 494 autem
2268 439 2434 492 minui
2456 437 2534 503 ’3;
2567 456 2588 490 ι
2621 446 2677 492 ει
2702 437 2845 506 quod
2875 436 2994 504 ipse
3026 435 3229 488 Paulus
3258 433 3396 487 dicit
3423 452 3434 487 :
3457 433 3591 490 (Cum

2059 540 2237 583 autem
2272 527 2449 582 factus
2483 544 2604 582 sunt
2649 529 2754 589 vir,
2787 528 3030 583 deStruxi
3071 543 3194 597 quae
3243 537 3406 580 erant
3445 542 3594 596 parvu-

2058 620 2219 674 1ί⁸⁹.ι
2259 618 2373 673 Hoc
2416 621 2656 674 ostendit
2698 629 2754 674 et
2795 619 3097 674 similitudo
3144 620 3456 690 pmdagogi,
3480 621 3593 692 Cujus

2057 727 2193 782 opus
2229 712 2526 766 destruitur
2549 722 2600 766 et
2630 721 2809 767 cessat
2837 727 2960 766 cum
2989 711 3056 765 ad
3080 713 3393 782 perfectam
3431 721 3595 765 atatem

2057 805 2275 859 venerit
2303 803 2586 873 parvulus.
2636 803 2932 874 Propterea
2968 819 3100 873 ergo
3132 803 3456 859 cautissime
3499 805 3599 859 dixit

2056 895 2396 965 Apostolus:
2455 913 2474 947 ι
2523 895 2694 965 legem
2734 911 2865 964 ergo
2913 895 3257 950 destrnimus
3305 910 3405 962 per
3449 893 3599 950 ﬁdem!

2055 988 2309 1044 Absit“!
2347 1007 2366 1040 ι
2400 996 2475 1052 ει,
2511 1003 2615 1041 non
2659 988 2834 1042 dixit:
2888 987 2976 1042 lex
3031 1003 3162 1056 ergo
3210 985 3513 1039 destruitur
3535 1003 3601 1050 per

2058 1081 2243 1144 ﬁdem,
2275 1083 2366 1136 sed
2404 1098 2416 1135 :
2486 1101 2504 1132 ι
2531 1081 2700 1149 legem
2728 1095 2860 1149 ergo
2893 1078 3278 1135 destruimus?
3309 1097 3330 1130 ι
3367 1077 3434 1131 Ει
3457 1094 3601 1134 rursus

2058 1173 2109 1227 in
2140 1173 2498 1241 sequentibus
2529 1191 2542 1226 :
2576 1190 2593 1222 ι
2622 1170 2770 1237 Νοιι;
2805 1173 2899 1226 sed
2931 1170 3100 1240 legem
3127 1171 3482 1225 statuimus.»
3503 1169 3600 1223 Nam

2055 1274 2110 1318 et
2141 1265 2185 1318 si
2227 1265 2526 1318 destruitur
2560 1263 2668 1328 lex,
2703 1279 2808 1316 non
2851 1278 2950 1332 per
2981 1260 3141 1317 ﬁdem
3183 1261 3511 1326 destruitur,
3536 1266 3601 1316 sed

2057 1371 2154 1425 per
2183 1356 2680 1424 supereminentem
2710 1354 2958 1423 gloriam.
2986 1353 3092 1410 Per
3123 1353 3300 1408 ﬁdem
3330 1363 3502 1406 autem
3523 1370 3599 1407 non

2055 1448 2231 1502 solum
2265 1463 2370 1503 non
2401 1449 2700 1504 destruitur
2729 1447 2836 1511 lex,
2867 1447 2960 1501 sed
3004 1446 3274 1500 statuitur
3299 1461 3397 1514 per
3427 1458 3602 1514 aposto-

2053 1538 2135 1594 los
2177 1549 2232 1594 et
2279 1540 2672 1594 conﬁrmatur:
2703 1538 2830 1607 quia
2883 1537 3165 1592 Christum
3221 1551 3391 1605 quem
3445 1536 3520 1590 lex
3566 1545 3603 1590 et

2055 1632 2338 1702 propheta
2389 1643 2681 1686 venturum
2747 1630 3142 1700 praedixerunt,
3182 1629 3279 1683 isti
3345 1631 3599 1697 praedicant

372 1723 580 1791 Moyse,
603 1731 661 1777 et
686 1737 750 1777 ex
780 1738 884 1791 qua
915 1722 1252 1792 gloriﬁcatus
1282 1723 1482 1786 fuerat,
1513 1724 1627 1791 ipsa
1657 1737 1946 1791 compara-
1979 1713 2021 1770 Β
2046 1723 2157 1792 jam
2185 1724 2404 1780 venisse
2437 1741 2451 1778 :
2483 1733 2538 1780 et
2559 1723 2906 1777 conﬁrmatio
2941 1721 3128 1791 utique
3181 1721 3494 1791 prophetia:
3536 1721 3597 1774 vel

375 1816 523 1868 tione
549 1815 633 1868 sui
669 1829 774 1884 qua
805 1814 1198 1880 supereminet,
1234 1824 1287 1868 et
1330 1815 1606 1879 confutat,
1643 1826 1700 1867 et
1741 1814 1942 1884 arguit,

373 1914 426 1958 et
451 1905 692 1959 ostendit
720 1920 818 1961 nec
843 1905 1072 1976 gloriam
1115 1909 1559 1975 computandam.
1612 1905 1744 1961 Tale
1774 1917 1859 1962 est
1889 1914 1946 1961 et

2051 1815 2189 1886 legis
2235 1826 2340 1880 est,
2371 1831 2493 1871 cum
2519 1829 2638 1884 qnaa
2663 1814 2925 1885 praedicta
2975 1811 3216 1880 fuerant,
3261 1821 3597 1868 monstrantur

2049 1904 2290 1973 impleta.

1493 2247 1847 2337 LIBER
1919 2241 2510 2346 QUARTUS.

443 2623 498 2680 1.
531 2642 550 2676 ι
580 2623 720 2693 Quid
751 2641 882 2696 ergo
910 2627 1155 2680 dicemus
1196 2625 1472 2681 invenisse
1519 2625 1791 2679 Abraham
1845 2641 1944 2694 pa-

370 2724 510 2770 trem
562 2727 807 2770 nostrum
860 2720 1156 2772 secundum
1205 2717 1464 2772 carnem?
1512 2715 1568 2771 Si
1601 2719 1745 2771 enim
1779 2719 1947 2770 Abra-

369 2805 495 2862 ham
543 2824 608 2862 ex
667 2809 926 2878 operibus
962 2807 1294 2877 justiﬁcatus
1338 2818 1450 2872 est,
1495 2809 1658 2864 habet
1688 2810 1938 2881 gloriam,

367 2899 464 2953 sed
511 2913 618 2952 non
658 2899 798 2967 apud
840 2903 1030 2956 Deum.
1064 2901 1206 2968 Quid
1249 2900 1396 2955 enim
1428 2899 1712 2971 Scriptura
1752 2901 1933 2956 dicit?

367 2987 610 3044 Credidit
641 2990 916 3045 Abraham
971 2992 1117 3058 Deo,
1173 3002 1230 3047 et
1281 3002 1587 3063 reputatqu
1637 3001 1722 3048 est
1768 2993 1842 3048 illi
1872 2992 1938 3046 ad

2047 2622 2185 2689 Quia
2215 2641 2233 2674 ‹
2275 2621 2512 2678 credidit
2537 2622 2815 2676 Abraham
2849 2623 2978 2687 Deo,
3009 2629 3064 2676 et
3093 2628 3410 2690 reputatum
3432 2629 3506 2673 est
3533 2619 3588 2672 ili

2047 2717 2112 2769 ad
2135 2715 2404 2783 justitiam
2434 2715 2504 2772 “.
2535 2737 2552 2768 ι
2584 2714 2736 2782 Quod
2767 2717 2810 2771 si
2850 2715 2990 2770 Deus
3025 2713 3301 2784 reputavit
3332 2711 3406 2767 illi
3431 2712 3495 2766 ad
3521 2711 3586 2779 ju-

2045 2807 2276 2872 stitiam,
2308 2808 2428 2862 sine
2455 2809 2621 2864 dubio
2669 2819 2726 2863 et
2769 2807 2938 2879 gloria
2967 2805 3090 2876 ejus
3126 2807 3275 2876 apud
3315 2805 3474 2859 Deum
3503 2814 3584 2858 est.

2043 2897 2337 2970 Propterea
2364 2915 2497 2970 ergo
2533 2901 2828 2970 Apostolus
2857 2900 3170 2955 testimonio
3208 2899 3344 2953 huic
3365 2898 3497 2968 quod
3517 2911 3584 2951 as-

2043 2993 2274 3062 sumpsit
2301 3009 2367 3047 εχ
2396 2992 2533 3048 libro
2555 2993 2784 3049 Genesis
2803 2993 3045 3064 adiungit
3075 3002 3128 3048 et
3155 3006 3466 3046 sermonem
3483 3004 3582 3059 pro-

361 3074 653 3145 justitiam.
685 3078 745 3134 Ei
783 3091 962 3136 autem
991 3083 1084 3152 qui
1111 3093 1391 3153 operatur,
1419 3099 1628 3139 merces
1675 3100 1781 3139 non
1837 3085 1939 3140 im—
1965 3070 2007 3128 C
2043 3084 2240 3152 prium,
2259 3093 2312 3138 et
2335 3083 2467 3138 dicit
2492 3084 2617 3152 quia
2641 3101 2660 3134 ι
2684 3085 2733 3137 ei
2757 3085 2846 3152 qui
2865 3095 3140 3153 Operatur,
3158 3097 3375 3137 merces
3391 3095 3485 3135 nou
3505 3079 3580 3132 int-

366 3181 589 3240 putatur
616 3175 912 3227 secundum
945 3177 1200 3246 gratiam,
1227 3177 1322 3232 sed
1351 3178 1650 3232 secundmn
1671 3178 1939 3232 debitum.

369 3262 428 3315 Ei
457 3278 584 3320 vero
612 3267 705 3334 qui
737 3282 842 3322 non
871 3281 1153 3339 operatur,
1179 3272 1352 3325 credit
1378 3282 1560 3325 autem
1597 3269 1650 3322 in
1684 3283 1811 3324 eum
1842 3270 1937 3342 qui

360 3354 624 3423 justiﬁcat
654 3358 899 3427 impium,
933 3370 1212 3430 reputatur
1243 3362 1377 3417 ﬁdes
1393 3363 1513 3431 ejus
1546 3363 1614 3416 ad
1642 3361 1934 3431 justitiam.

368 3445 519 3501 Sicut
539 3456 593 3503 et
623 3449 787 3506 David
810 3452 946 3507 dicit
970 3453 1359 3509 beatitudinem
1386 3454 1648 3518 hominis,
1681 3456 1768 3509 cui
1796 3454 1938 3509 Deus

365 3547 586 3608 accepto
609 3537 713 3596 fert
769 3541 1035 3611 justitiam
1082 3546 1200 3600 sine
1225 3547 1500 3616 operibus.
1523 3545 1675 3598 Beati
1706 3559 1934 3613 quorum

364 3629 603 3684 remissa:
632 3641 758 3684 sunt
806 3631 1143 3701 iniquitates,
1168 3641 1467 3703 etquorum
1494 3643 1633 3688 tecta
1667 3643 1936 3701 suntpec-

363 3729 509 3777 cata.
532 3720 734 3777 Beatus
768 3724 850 3774 vir
877 3725 964 3777 cui
992 3740 1098 3778 non
1125 3724 1412 3794 imputavit
1437 3723 1705 3779 Dominus
1739 3740 1936 3789 pecca-

365 3818 475 3864 tum
493 3811 557 3865 ".
573 3831 590 3864 ι
613 3813 743 3868 Cum
763 3817 1012 3884 superius
1027 3817 1072 3846 "
1092 3816 1231 3870 duas
1245 3818 1588 3885 proposuerit
1607 3817 1777 3886 leges,
1800 3831 1932 3884 qua-

365 3919 482 3958 rum
507 3922 671 3959 unam
689 3922 936 3976 opermn,
955 3909 1118 3961 aliam
1151 3909 1270 3962 lidei
1303 3908 1626 3974 nominavit,
1650 3923 1742 3978 per
1772 3924 1934 3977 quam

363 3997 537 4064 legem
571 3995 692 4051 ﬁdei
719 3999 931 4053 excludi
970 3999 1348 4066 gloriatiouem
1382 4000 1518 4054 dicit
1540 4015 1728 4054 eorum
1756 3999 1849 4070 qui
1883 4001 1934 4054 in

364 4088 499 4156 legis
554 4089 812 4158 operibus
867 4091 1201 4158 gloriantur;
1235 4101 1290 4147 et
1338 4091 1776 4162 pronuntiaverit
1829 4093 1935 4146 ﬁde.

363 4178 518 4248 521
542 4179 826 4248 justiﬁcari
866 4183 1135 4238 hominem
1158 4186 1276 4238 sine
1300 4185 1555 4253 operibus
1581 4184 1716 4252 legis
1746 4204 1758 4239 :
1787 4199 1925 4239 con-

363 4283 651 4340 sequenter
700 4289 845 4329 nunc
878 4286 936 4330 ut
969 4278 1082 4331 haac
1117 4278 1182 4331 de
1231 4275 1536 4345 Scripturis
1585 4286 1930 4337 asserantur,

360 4365 594 4420 Abrahae
626 4368 877 4434 producit
907 4370 1251 4438 exemplum,
1283 4378 1338 4423 et
1367 4370 1499 4424 dicit
1534 4369 1660 4438 quia
1702 4387 1720 4421 ι
1755 4369 1932 4423 Abra-

361 4459 504 4522 bam,
535 4461 578 4514 si
633 4477 698 4515 ex
745 4463 1002 4530 operibus
1045 4461 1376 4532 justiﬁcatns
1423 4471 1552 4524 est,
1605 4461 1769 4516 habet
1817 4460 1932 4528 glo-

361 4551 497 4604 riam
536 4551 670 4622 (22),
705 4555 799 4607 sed
841 4570 945 4608 non
981 4555 1121 4624 apud
1156 4553 1322 4608 Deum
1351 4553 1419 4606 η.
1451 4573 1469 4606 ι
1510 4554 1663 4617 Quod
1709 4553 1928 4622 quidem

361 4656 467 4694 non
500 4643 618 4696 sine
649 4655 766 4698 arte
789 4646 1076 4701 dialectica
1110 4646 1354 4700 disserit.
1381 4645 1517 4700 Nam
1552 4645 1598 4700 si
1662 4645 1709 4699 is
1744 4645 1834 4714 qui
1863 4658 1932 4697 ex

357 4733 613 4801 operibus
633 4734 981 4805 justiﬁcatnr,
1010 4755 1112 4792 nou
1157 4739 1320 4793 habet
1370 4738 1602 4807 gloriam
1631 4736 1752 4810 (25)
1788 4737 1931 4806 apud

357 4821 528 4878 Deum
561 4864 578 4889 ,
628 4828 901 4883 Abraham
957 4842 1139 4886 autem
1188 4840 1403 4886 constat
1441 4831 1642 4886 habere
1695 4830 1923 4901 gloriam

359 4917 499 4986 3Pud
526 4917 712 4982 Deum.
741 4937 870 4990 ergo
897 4939 999 4978 non
1034 4941 1099 4980 cx
1137 4928 1414 4996 operibus,
1452 4927 1548 4981 sed
1577 4940 1645 4979 ex
1695 4923 1798 4977 ﬁde
1830 4920 1924 4988 ju-

357 5009 621 5076 stiﬁcatus
664 5023 748 5065 est
777 5015 1049 5070 Abraham
1078 5058 1093 5080 ,
1124 5029 1182 5072 ut
1217 5019 1529 5073 necessario
1584 5015 1780 5070 habeat
1808 5014 1925 5084 glo-

358 5101 492 5155 riam
527 5105 668 5172 apud
705 5105 892 5162 Deum.
936 5107 1030 5164 Sic
1054 5111 1196 5165 enim
1237 5109 1519 5180 Scriptura
1553 5105 1868 5178 pronuntiat
1904 5123 1919 5159 :

2041 3183 2264 3244 putatur
2293 3173 2589 3228 secundum
2615 3175 2871 3244 gratiam,
2897 3175 2990 3229 sed
3010 3175 3313 3228 secundum
3333 3174 3574 3232 debitum;

2041 3269 2090 3322 ei
2114 3284 2245 3323 vero
2280 3269 2370 3338 qui
2404 3284 2511 3324 non
2535 3277 2818 3338 operatur,
2851 3269 3028 3324 credit
3058 3279 3238 3323 autem
3291 3269 3347 3322 in
3375 3282 3486 3322 ειιιη
3510 3264 3580 3333 qui

2034 3359 2304 3429 justiﬁeat
2355 3361 2607 3430 impium,
2668 3372 2952 3430 reputatur
2997 3361 3128 3415 ﬁdes
3165 3361 3296 3430 pejus
3344 3359 3411 3414 ad
3450 3356 3579 3426 justi-

2045 3453 2171 3506 tiam
2200 3451 2266 3506 “.
2300 3471 2319 3503 ι
2350 3451 2452 3506 Ρει·
2479 3467 2697 3507 οιιιιιειιι
2725 3452 2911 3522 itaque
2945 3453 3089 3507 hunc
3121 3452 3304 3506 locum
3334 3448 3578 3521 Apostolus

2040 3544 2141 3598 hoc
2177 3544 2392 3598 videtur
2419 3545 2733 3610 ostendere,
2759 3545 2903 3615 quod
2946 3545 3066 3599 duae
3100 3545 3351 3614 quaedam
3383 3544 3481 3597 sint
3508 3539 3576 3608 ju-

2039 3635 2422 3700 stiﬁcatiunes,
2469 3653 2696 3704 quarum
2734 3653 2897 3690 unam
2925 3651 2991 3690 ex
3034 3637 3302 3706 operibus
3335 3634 3570 3692 nominat,

2036 3726 2199 3781 aliam
2225 3743 2356 3781 vero
2388 3743 2452 3781 ex
2498 3727 2622 3781 lide.
2659 3727 2725 3780 Et
2756 3728 2899 3781 illam
2935 3729 3155 3797 quidem
3182 3743 3306 3798 quae
3329 3743 3393 3782 ex
3431 3723 3574 3795 operi-

2040 3819 2140 3872 bus
2167 3830 2269 3881 est,
2301 3820 2432 3873 dicit
2461 3819 2658 3872 habere
2681 3820 2896 3886 quidem
2923 3821 3174 3887 gloriam,
3202 3821 3298 3874 sed
3332 3821 3382 3873 in
3412 3824 3574 3872 semet-

2038 3909 2152 3977 ipsa
2180 3949 2196 3972 ,
2230 3919 2284 3964 et
2318 3926 2422 3963 non
2458 3914 2596 3979 apud
2643 3910 2811 3963 Deum
2853 3927 2867 3975 ;
2909 3914 3053 3965 illam
3084 3926 3212 3966 vero
3253 3925 3377 3980 qua:
3403 3923 3462 3962 ex
3493 3904 3572 3958 ﬁde

2037 4013 2144 4068 est,
2172 4003 2374 4058 habere
2405 4003 2632 4074 gloriam
2659 4005 2798 4072 apud
2833 4006 3021 4068 Deum,
3054 4013 3242 4073 utpote
3266 4002 3406 4074 apud
3433 3997 3570 4067 inspi-

2037 4095 2272 4148 cientem
2304 4095 2466 4148 corda
2505 4095 2811 4160 hominum,
2851 4106 2907 4150 et
2950 4097 3214 4150 scientem
3239 4097 3364 4167 quis
3394 4099 3467 4149 est
3499 4086 3567 4157 qui

2041 4185 2218 4239 credit
2254 4185 2308 4240 in
2343 4187 2559 4241 occulto
2589 4229 2603 4253 ,
2639 4197 2694 4242 et
2726 4189 2849 4257 quis
2901 4198 2985 4243 est
3019 4189 3112 4258 qui
3147 4203 3254 4242 non
3303 4187 3483 4243 credit.
3519 4180 3567 4233 Εί

2036 4275 2158 4330 ideo
2221 4280 2416 4332 merito
2481 4281 2621 4347 apud
2673 4280 2842 4333 solum
2895 4281 3060 4334 Deum
3116 4280 3282 4334 habet
3336 4276 3562 4349 gloriam.

2035 4369 2126 4437 qui
2159 4367 2408 4423 allectum
2457 4370 2578 4423 ﬁdei
2629 4371 2746 4439 ejus
2801 4373 3049 4442 pervidet
3095 4372 3207 4441 (24)
3244 4373 3300 4425 iu
3334 4368 3561 4425 occultis:

2035 4460 2127 4527 qui
2155 4475 2281 4514 vero
2309 4462 2758 4530 justiﬁcationem
2788 4479 2855 4517 ex
2885 4463 3142 4533 operibus
3186 4473 3392 4534 sperat,
3424 4467 3562 4530 ρυιεει

2030 4555 2145 4608 ﬁeri
2171 4565 2229 4608 ut
2267 4571 2428 4626 Opera
2461 4557 2578 4627 ejus
2609 4558 2774 4611 etiam
2803 4559 2871 4612 ab
2903 4557 3215 4613 hominibus
3248 4553 3562 4625 comproben-

2032 4657 2139 4700 tur.
2193 4645 2376 4702 Palam
2431 4663 2663 4718 namque
2714 4660 2830 4714 est,
2881 4660 2937 4704 et
2990 4649 3162 4704 videri
3218 4649 3387 4705 oculis
3419 4649 3557 4716 ροιεδι

2029 4739 2290 4809 quidquid
2317 4755 2482 4809 opere
2527 4740 2874 4796 manifestum
2905 4751 3032 4807 est;
3077 4751 3132 4795 et
3159 4740 3206 4795 si
3261 4741 3390 4795 ﬁdes
3420 4742 3465 4790 in
3489 4748 3557 4786 oc-

2033 4830 2178 4886 culto
2208 4841 2293 4885 est
2316 4873 2332 4898 ,
2364 4847 2528 4901 opera
2575 4843 2754 4886 autem
2798 4832 2974 4901 palam
3008 4844 3136 4886 sunt
3163 4871 3179 4895 ,
3224 4831 3487 4886 conveniet
3511 4823 3551 4875 in

2038 4922 2137 4975 hoc
2170 4923 2372 4976 assumi
2401 4923 2527 4976 illud
2554 4922 2694 4992 quod
2725 4924 2984 4993 scriptum
3015 4933 3101 4978 est
3131 4939 3147 4977 :
3185 4942 3204 4976 ι
3239 4924 3365 4990 Quae
3387 4918 3550 4976 occulta

2033 5024 2158 5067 sunt
2187 5013 2418 5067 Domino
2469 5015 2576 5068 Deo
2611 5024 2722 5078 tuo,
2749 5030 2871 5083 qua:
2903 5025 3086 5068 autem
3137 5015 3416 5068 mandesta
3452 5013 3549 5061 sunt

2032 5106 2187 5158 vobis
2216 5115 2270 5160 et
2316 5106 2440 5161 ﬁliis
2471 5108 2664 5160 vestris
2700 5106 2766 5160 ⁸⁸.
2814 5125 2832 5158 ι
2866 5107 2976 5160 Sed
3029 5116 3086 5160 et
3119 5106 3247 5159 illud
3279 5106 3362 5159 his
3401 5108 3548 5170 aptare

430 5269 676 5341 "iGalat.
701 5285 774 5336 tv,
808 5272 860 5327 4.
951 5273 993 5306 ³⁷
1025 5274 1040 5328 I
1077 5273 1205 5330 Cor.
1241 5289 1359 5341 xm,
1390 5277 1444 5340 9,
1475 5227 1563 5332 10.
1665 5275 1711 5308 ³⁸
1739 5273 1896 5330 Joan.

2059 5269 2149 5323 50.
2195 5267 2273 5341 _"
2306 5266 2482 5341 lgor.
2514 5283 2634 5331 xm,
2663 5266 2789 5341 ll.__
2826 5264 3056 5341 “item.
3093 5280 3176 5330 ιιι,
3206 5266 3294 5320 3i.
3329 5259 3542 5341 Af'llom-

360 5353 435 5403 tv,
462 5340 513 5406 l,
545 5341 597 5395 8.
674 5342 719 5374 “
745 5335 906 5399 Rom.
936 5360 1018 5410 ιιι,
1042 5345 1132 5410 27,
1161 5346 1253 5402 28.
1327 5335 1373 5379 ⁸³
1398 5335 1549 5403 Itoni.
1578 5362 1652 5413 Iv,
1679 5347 1738 5401 2.
1821 5343 1868 5376 δῖ
1898 5341 1931 5397 G

2061 5354 2147 5404 xv,
2185 5337 2238 5393 6.
2309 5338 2354 5369 “’
2381 5337 2536 5391 Itoni.
2565 5353 2639 5402 tv,
2667 5337 2722 5400 4,
2757 5335 2810 5392 5.
2888 5337 2934 5367 ⁸⁸
2961 5338 3116 5390 Deut.
3143 5351 3293 5402 uta,
3324 5335 3405 5390 29.

430 5493 542 5564 (2i)
575 5499 688 5552 tlta
714 5518 733 5551 ι
760 5501 909 5554 deest
935 5501 988 5555 in
1019 5501 1171 5558 libris
1197 5514 1356 5559 antea
1383 5505 1566 5559 editis.

571 5567 1016 5644 Editiperperant
1054 5573 1258 5629 habent
1295 5594 1314 5626 ι
1356 5575 1686 5631 mercedem.
1719 5591 1742 5626 ι

434 5637 548 5706 (35)
575 5637 750 5704 Editi,
779 5659 797 5691 ι
835 5637 968 5697 Nam
1000 5644 1043 5698 si
1092 5644 1417 5714 justiticatus
1457 5661 1562 5700 non
1615 5644 1777 5700 habet
1806 5643 1918 5715 glu-

2036 5506 2190 5566 t'iam,
2240 5523 2258 5555 ι
2281 5514 2386 5558 etc.

2102 5573 2217 5646 (24)
2254 5576 2422 5640 Alias,
2458 5590 2478 5624 ι
2509 5570 2788 5641 praevidet.
2825 5587 2851 5626 ι
