3684 6148
82 272 180 326 961

1037 276 1394 334 COMMENT.
1434 279 1498 334 IN
1535 278 1752 336 EP.ST.
1794 285 1885 340 AD
1919 284 2088 342 ROM.
2119 286 2247 344 LIB.
2290 287 2378 343 Ν.

3221 296 3329 352 962

79 385 378 480 conveniet
405 388 549 480 quod
578 388 844 480 scriptum
875 399 960 447 est
988 433 1004 458 ,
1035 393 1163 462 quia
1197 411 1216 445 ι
1252 393 1432 461 justus
1465 409 1529 448 ex
1560 395 1663 449 ﬁde
1691 399 1737 455 A
1762 398 1931 453 etiam
1989 402 2288 455 secundum
2349 415 2571 458 carnem
2623 411 2834 472 patrem
2882 404 3163 462 nominare
3213 407 3328 480 (29)

80 493 203 533 mea
237 479 383 534 vivet
406 479 473 534 ".
513 498 532 532 ι
569 478 952 552 Compctenter
1001 485 1166 554 igitur
1189 485 1423 540 dicimus
1449 487 1574 556 quia
1603 487 1659 541 bi

81 571 178 642 qui
231 573 528 627 secundum
569 573 885 630 interiorem
923 576 1197 632 hominem
1255 578 1661 632 circumcidun-

80 673 192 729 tur,
231 673 287 719 et
332 665 385 718 in
419 665 640 720 occulto
683 663 853 721 ειυάωί
885 676 1034 732 sunt,
1063 669 1282 738 spiritu,
1316 686 1421 724 non
1456 671 1656 736 littera,

79 758 280 812 horum
306 757 428 814 laus
449 768 507 813 et
537 760 712 830 gloria
749 775 856 814 non
901 761 1041 830 apud
1087 762 1355 829 homines,
1388 763 1482 818 sed
1515 766 1656 832 apud

82 850 255 906 Deum
283 861 388 906 est.
415 852 519 918 Qui
548 869 679 908 vero
712 867 782 908 ex
811 854 1069 922 operibus
1101 853 1492 921 justilicantur,
1525 870 1659 924 quo-

76 943 229 998 niam
255 944 430 1012 palam
463 954 591 999 sunt
621 954 676 999 et
715 945 1002 1000 manifesta
1043 962 1204 1016 opera
1239 961 1448 1012 eorum,
1481 959 1656 1017 potest

76 1047 204 1087 esse
232 1033 405 1104 gloria
429 1049 620 1088 eorum
653 1035 734 1090 vel
766 1035 907 1103 apud
955 1047 1177 1090 sanctos
1203 1050 1450 1106 quosque
1489 1048 1541 1091 et
1568 1037 1658 1105 jn-

78 1134 198 1180 slos
239 1127 330 1195 qui
374 1128 653 1196 accipiunt
691 1143 721 1182 a
758 1127 871 1183 Deo
920 1137 1247 1199 potestatem
1281 1129 1348 1183 de
1404 1129 1658 1186 humanis

75 1217 342 1282 Operibus
370 1217 680 1273 visibilibus
725 1218 1005 1288 iudicandi
1027 1258 1043 1283 ,
1078 1218 1161 1272 vel
1195 1219 1358 1274 etiam
1387 1219 1528 1289 apud
1559 1234 1658 1272 an-

80 1308 263 1377 gelos,
314 1319 660 1378 cteterasque
689 1311 946 1364 virtutmn
995 1310 1294 1365 caelestium
1338 1320 1654 1382 potestates.

75 1401 172 1469 qui
208 1402 396 1471 utique
419 1403 726 1472 glorilicare
758 1418 882 1457 emn
916 1403 1071 1473 cujus
1098 1417 1263 1472 opera
1289 1403 1657 1473 probaverunt

79 1503 332 1562 possunt.
368 1493 594 1548 Occulta
618 1509 747 1550 vero
770 1495 954 1549 cordis
986 1495 1238 1562 quoniam
1265 1493 1432 1548 solius
1455 1493 1545 1547 Dei
1572 1503 1656 1548 est

79 1599 336 1650 noscere,
357 1586 474 1654 ipse
507 1585 753 1655 pervidet
781 1585 824 1639 si
856 1587 907 1638 in
943 1600 1272 1654 unoquoque
1296 1584 1416 1639 ﬁdei
1447 1583 1657 1639 habitat

78 1677 284 1745 aliquis
313 1676 544 1732 aﬁ‘ectus
579 1677 692 1748 (25)
728 1695 741 1730 :
777 1689 832 1731 et
861 1677 983 1730 ideo
1012 1678 1101 1744 qui
1142 1692 1209 1731 ex
1249 1676 1353 1730 ﬁde
1381 1675 1650 1744 iustiﬁca-

1759 490 1938 561 potuit
1987 491 2307 559 Abraham;
2355 503 2568 550 caetera;
2609 511 2738 552 vero
2790 508 2977 566 gentes
3028 499 3082 553 in
3133 502 3326 571 spiritu

1757 596 1882 635 eum
1909 596 2138 652 patrem,
2171 598 2277 637 non
2311 585 2362 638 in
2393 600 2559 640 carne
2578 586 2934 641 nominabant
2964 606 2976 641 :
3013 587 3112 642 nisi
3140 600 3329 659 utpote

1759 673 1814 727 in
1845 671 1978 728 locis
2004 673 2079 726 ita
2114 674 2361 744 angustis
2387 675 2453 729 ad
2505 675 2809 744 allegoricae
2837 676 3204 748 intelligentia:
3249 680 3329 733 la-

1760 763 2045 818 titudinem
2091 775 2504 832 convertamur,
2542 767 2631 821 ubi
2680 777 2836 837 pater
2881 771 3171 823 secundum
3199 785 3327 824 car-

1757 870 1882 909 nem
1908 855 2077 925 accipi
2116 865 2292 926 potest
2322 858 2368 912 is
2413 859 2504 928 qui
2539 859 2802 913 doctrinte
2859 860 3120 925 carnalis,
3159 862 3209 916 id
3244 873 3329 916 est

1757 945 1892 1016 legis
1923 951 2216 1002 secundum
2251 949 2491 1004 litteram
2516 951 2686 1019 prima
2710 952 2978 1007 elementa
3015 953 3323 1022 tradiderit,

1756 1051 1812 1093 et
1844 1041 2104 1108 magister
2147 1040 2202 1093 in
2247 1041 2429 1095 divina
2484 1041 2603 1110 lege
2635 1041 2823 1110 prima:
2851 1043 3204 1097 institutionis
3228 1059 3326 1097 ex-

1755 1128 1977 1184 stiterit.
2014 1128 2166 1196 Quod
2214 1141 2395 1187 autem
2431 1134 2676 1202 magistri
2723 1133 2888 1188 etiam
2937 1145 3119 1204 patres
3161 1133 3322 1205 522

1755 1219 2097 1287 appellentur
2143 1231 2198 1274 et
2248 1222 2527 1289 apostolus
2573 1223 2772 1278 Paulus
2826 1224 2996 1289 dicit,
3046 1227 3174 1295 quia
3207 1243 3225 1276 ι
3271 1229 3324 1280 in

1755 1307 1972 1362 Christo
2023 1307 2152 1364 Jesu
2194 1325 2291 1379 per
2326 1311 2673 1380 Evangelium
2706 1329 2808 1381 ego
2858 1328 2952 1369 vos
2986 1316 3144 1384 genui
3193 1316 3261 1370 ".
3299 1335 3318 1368 ι

1757 1399 1862 1454 Sed
1887 1411 1942 1454 et
1972 1410 2026 1454 tu
2055 1403 2143 1470 qui
2178 1401 2332 1471 legis.
2364 1418 2429 1456 ex
2458 1403 2655 1459 divinis
2683 1402 3057 1460 Voluminibus
3084 1407 3199 1474 ipse
3227 1406 3323 1462 tibi

1758 1491 2066 1546 testimonia
2097 1493 2148 1545 in
2197 1493 2298 1547 hoc
2361 1493 2681 1563 aspicientia
2709 1505 3055 1566 congregato.
3087 1497 3324 1553 Additur

1757 1583 1811 1636 in
1841 1585 2298 1653 consequentibus
2337 1602 2350 1638 :
2393 1603 2412 1636 ‹
2452 1584 2697 1641 Credidit
2750 1589 3028 1642 Abraham
3079 1587 3192 1646 Deo
3217 1629 3233 1656 ,
3267 1598 3325 1646 et

1760 1681 2065 1742 reputatum
2109 1681 2193 1728 est
2224 1673 2298 1728 illi
2342 1675 2410 1730 ad
2433 1675 2695 1745 justitiam
2735 1677 2800 1732 ".
2838 1696 2859 1729 ι
2893 1678 2992 1733 Hic
3034 1695 3214 1734 sermo
3259 1696 3329 1735 ex

79 1779 195 1833 tur,
229 1767 370 1837 apud
404 1768 576 1822 solum
613 1767 784 1821 Deum
815 1767 980 1822 habet
1009 1767 1234 1838 gloriam
1271 1768 1364 1837 qui
1407 1768 1654 1823 occulto—
1685 1765 1727 1820 Β
1758 1763 1896 1820 libro
1932 1765 2155 1820 Genesis
2200 1766 2459 1832 sumitur,
2500 1783 2565 1823 eo
2602 1783 2670 1822 ex
2710 1769 2830 1824 loco
2869 1770 2960 1824 ubi
2999 1787 3109 1826 non
3159 1770 3331 1826 Abra-

76 1875 202 1914 rum
255 1861 506 1915 notitiam
553 1861 715 1914 habet
757 1859 909 1930 (26),
943 1869 998 1914 et
1045 1858 1167 1914 tidei
1197 1859 1346 1915 solus
1381 1860 1655 1928 inspector

75 1961 184 2005 est.
222 1951 388 2020 Igitur
429 1960 484 2006 et
522 1969 541 2002 ι
575 1951 850 2004 Abraham
892 1951 934 2004 si
988 1965 1054 2003 ex
1091 1949 1348 2018 operibus
1374 1990 1390 2017 ,
1442 1951 1652 2020 inquit,

70 2043 409 2112 justiﬁcatus
435 2052 537 2100 est.
570 2043 734 2096 habet
767 2061 785 2092 ι
819 2042 1038 2111 quidem
1073 2060 1092 2092 ι
1128 2041 1357 2110 gloriam
1390 2059 1410 2093 ι
1434 2056 1498 2095 ex
1521 2055 1653 2110 ope-

77 2133 233 2184 ribus
266 2132 596 2196 venientem,
637 2149 654 2182 I
687 2133 781 2184 sed
829 2145 936 2184 non
986 2149 1006 2182 ι
1040 2130 1183 2184 illam
1223 2145 1344 2200 quin
1389 2148 1408 2182 ι
1452 2133 1590 2199 apud
1627 2150 1648 2184 ι

73 2223 257 2277 solum
289 2221 403 2294 (27)
431 2241 449 2272 ι
487 2220 656 2276 Deum
701 2240 720 2273 ι
754 2233 836 2276 est
862 2237 877 2287 ;
903 2233 954 2276 at
995 2233 1205 2277 certum
1247 2231 1332 2276 est
1361 2223 1641 2277 Abraham

75 2322 221 2388 apud
249 2319 420 2373 solum
448 2319 616 2373 Deum
650 2320 848 2374 habere
865 2319 1092 2388 gloriam
1124 2338 1139 2374 ε
1171 2335 1508 2390 consequens
1525 2337 1653 2392 ergo

80 2421 168 2464 est
201 2421 394 2465 utnon
423 2427 490 2464 ex
539 2413 816 2480 operibus,
843 2413 937 2466 sed
967 2427 1032 2466 ex
1066 2412 1170 2466 ﬁde
1197 2413 1525 2483 justilicatus
1559 2418 1652 2469 sit.

76 2502 194 2558 Non
251 2513 428 2556 autem
455 2512 611 2571 putes
659 2504 801 2572 quod
831 2504 875 2558 si
911 2506 1034 2572 quis
1070 2507 1264 2561 habeat
1296 2507 1454 2560 talem
1493 2509 1650 2561 tidem

77 2612 146 2652 ex
177 2612 286 2664 qua
311 2597 638 2666 justilicatus
667 2597 863 2651 habeat
895 2599 1119 2666 gloriam
1144 2600 1286 2666 apud
1318 2598 1511 2663 Deum,
1536 2615 1656 2668 pos-

76 2690 342 2764 sit‘simul
377 2704 500 2742 cum
538 2704 601 2743 ea
634 2688 838 2743 habere
866 2699 923 2742 et
960 2688 1298 2758 injustitiam.
1330 2687 1486 2743 Nulla
1507 2691 1652 2745 enim

75 2798 206 2851 pars
239 2789 323 2835 est
368 2781 488 2834 ﬁdei
521 2779 686 2834 simul
723 2796 848 2834 cum
879 2779 1221 2844 inﬁdelitate,
1251 2781 1397 2834 nulla
1423 2780 1654 2850 justitia:

74 2891 198 2928 cmn
237 2875 520 2942 iniquitate
549 2873 878 2938 communio,
907 2875 1052 2927 sicut
1085 2887 1185 2927 nec
1218 2872 1324 2926 luci
1354 2888 1476 2926 cum
1509 2882 1654 2927 tene-

79 2967 191 3020 bris
242 2976 416 3034 potest
466 2979 588 3019 esse
635 2965 869 3019 societas
909 2964 974 3018 ⁸⁸.
1009 2965 1066 3018 Si
1102 2964 1247 3018 enim
1303 2981 1323 3016 ι
1359 2965 1450 3035 qui
1478 2967 1654 3021 credit
1692 2986 1694 2988 ν

78 3060 223 3128 quod
252 3059 416 3112 Jesus
461 3068 546 3114 est
577 3059 826 3114 Christus
854 3097 870 3121 ,
918 3073 985 3112 ex
1030 3057 1139 3112 Deo
1173 3067 1334 3113 natus
1369 3068 1490 3124 est,
1521 3077 1542 3109 ι
1573 3069 1649 3120 et,

81 3168 98 3201 ι
137 3150 229 3219 qui
259 3165 326 3203 ex
364 3152 473 3203 Deo
505 3158 662 3203 natus
694 3156 816 3212 est,
851 3164 955 3200 non
989 3157 1199 3215 peccat,
1246 3165 1266 3200 ο
1302 3147 1645 3202 manifestum

78 3255 156 3297 est
185 3243 313 3312 Quia
346 3244 437 3310 qui
466 3241 638 3296 credit
667 3239 793 3294 Jesu
833 3239 1072 3304 Christo,
1107 3254 1212 3294 non
1244 3249 1436 3310 peccat
1466 3238 1649 3308 :quod

76 3334 119 3388 si
148 3342 362 3403 peccat,
395 3342 602 3388 certum
632 3342 717 3387 est
743 3333 871 3402 quia
899 3347 1004 3386 non
1057 3333 1230 3386 credit
1257 3334 1334 3388 ei.
1381 3331 1648 3386 Indicium

78 3425 243 3495 igitur
278 3438 422 3478 vera:
471 3423 599 3479 ﬁdei
652 3431 736 3479 est
801 3423 890 3477 ubi
927 3438 1032 3478 non
1086 3424 1442 3494 delinquitur,
1507 3425 1651 3479 sicut

77 3527 305 3572 econtra
326 3517 412 3571 ubi
430 3514 764 3585 delinquitur
781 3515 1116 3571 inﬁdelitatis
1131 3511 1493 3571 indicium‘est
1511 3514 1647 3588 (28).

77 3608 369 3680 Propterea
400 3624 529 3680 ergo
559 3618 614 3663 et
645 3609 699 3662 in
731 3606 840 3663 alio
878 3607 1176 3675 Scriptura:
1225 3607 1347 3662 loco
1374 3607 1420 3640 ⁸³
1451 3608 1653 3663 dicitur

77 3703 142 3755 de
179 3703 504 3765 Abraham,
539 3701 682 3770 quod
728 3714 799 3754 ex
856 3701 1113 3769 operibus
1160 3699 1282 3754 ﬁdei
1313 3699 1650 3768 justiﬁcatus

77 3795 143 3849 sit
176 3809 193 3847 :
224 3795 354 3864 quia
405 3803 615 3848 certum
649 3803 734 3848 est
763 3807 888 3847 eum
941 3793 1030 3862 qui
1067 3806 1196 3848 vere
1244 3795 1420 3849 credit
1447 3833 1464 3860 ,
1512 3809 1650 3865 Opus

79 3888 223 3954 ﬁdei,
252 3897 312 3943 et
331 3887 580 3955 justitia,
609 3894 665 3940 et
699 3887 870 3942 totius
908 3885 1168 3940 bonitatis
1197 3887 1439 3954 operari,
1474 3898 1530 3942 et
1559 3903 1651 3943 ca-

82 3998 264 4050 pacem
306 3979 422 4035 ﬁeri
469 3980 757 4049 utriusque
799 3979 1004 4048 gloriae,
1043 3989 1150 4032 tam
1201 3979 1316 4048 ejus
1342 3997 1462 4051 qua:
1507 3989 1651 4051 apud

84 4075 244 4128 Deum
284 4073 338 4127 in
363 4074 580 4127 occulto
622 4088 729 4138 est,
761 4088 923 4143 quam
954 4073 1119 4127 etiam
1160 4069 1278 4140 ejus
1321 4089 1441 4143 quae
1472 4074 1648 4143 palam

81 4175 183 4229 est,
211 4175 265 4218 et
301 4179 409 4218 non
434 4163 608 4218 solum
644 4168 783 4232 apud
819 4162 986 4215 Deum
1011 4172 1114 4216 est.
1154 4161 1255 4219 His
1284 4164 1356 4217 ita
1390 4180 1487 4234 pro
1517 4164 1650 4218 viri-

78 4259 177 4313 bus
210 4256 542 4328 explanatis,
582 4258 746 4312 etiam
793 4257 920 4312 illud
954 4259 1394 4326 praitereundum
1427 4257 1650 4312 minime

80 4351 292 4405 videtur
336 4350 482 4420 quod
533 4358 739 4418 patrem
791 4361 1037 4404 nostrum
1090 4350 1388 4405 secundum
1429 4364 1648 4403 carnem

1759 1857 1906 1920 ham,
1931 1856 2025 1910 sed
2047 1854 2246 1910 Abram
2267 1856 2396 1911 dicit
2423 1859 2489 1913 ad
2515 1858 2800 1913 Dominum
2825 1861 2934 1931 (50)
2965 1877 2980 1912 :
3013 1881 3032 1913 α
3061 1863 3325 1928 Quoniam

1753 1966 1862 2006 non
1891 1949 2089 2007 dediin
2133 1951 2265 2005 mihi
2299 1965 2511 2014 semen,
2544 1952 2632 2005 hic
2657 1950 2982 2005 vernaculus
3014 1965 3165 2004 meus
3213 1951 3326 2005 Ιππ-

1755 2043 2011 2097 reditabit
2043 2057 2148 2098 me.
2200 2042 2264 2096 Et
2293 2043 2434 2097 dixit
2466 2043 2726 2097 Dominus
2760 2043 2826 2096 ad
2869 2055 2992 2097 eum
3026 2041 3182 2098 :Non
3219 2042 3327 2098 erit

1754 2137 1930 2192 hieres
1959 2147 2083 2191 tuus
2113 2137 2239 2201 iste,
2275 2139 2369 2191 sed
2398 2139 2492 2206 qui
2521 2138 2718 2192 exierit
2769 2139 2836 2190 de
2869 2145 2942 2201 te,
2971 2137 3060 2190 hic
3089 2137 3195 2191 erit
3216 2136 3327 2190 ha!-

1755 2245 1844 2284 res
1877 2239 2025 2283 tuus.
2058 2229 2124 2282 Et
2152 2228 2367 2291 eduxit,
2403 2227 2577 2297 inquit
2607 2267 2623 2292 ,
2655 2243 2777 2282 eum
2806 2226 2920 2300 (5i)
2947 2226 3094 2282 foras
3118 2267 3138 2292 ,
3165 2237 3218 2282 et
3243 2226 3328 2281 di-

1755 2325 1919 2376 xitad
1950 2337 2072 2376 eum
2107 2339 2120 2375 :
2155 2321 2384 2392 ltespice
2406 2323 2472 2374 ad
2509 2320 2732 2385 C(Bitltll,
2772 2330 2828 2373 et
2863 2335 3089 2374 numera
3119 2317 3325 2383 stellas,

1752 2417 1797 2470 si
1834 2417 2078 2484 potueris
2130 2415 2482 2469 dinumerare
2528 2430 2642 2469 eas.
2687 2414 2750 2468 Et
2798 2413 2875 2467 ait
2909 2413 2972 2467 ad
3025 2429 3194 2469 eum:
3231 2411 3326 2468 Sic

1753 2509 1858 2563 erit
1889 2524 2075 2562 semen
2106 2517 2280 2562 tuum.
2309 2507 2372 2560 Et
2397 2507 2634 2560 credidit
2668 2507 2798 2569 Deo,
2825 2516 2880 2560 et
2907 2515 3211 2574 reputatum
3237 2515 3324 2559 est

1753 2600 1804 2654 ei
1831 2600 1897 2654 ad
1925 2599 2193 2665 justitiam
2219 2597 2292 2651 ⁸⁸.
2327 2616 2346 2648 ι
2386 2596 2570 2652 Latius
2618 2598 2735 2652 loca
2765 2597 2880 2668 ipsa
2915 2596 3145 2667 exempli
3193 2611 3324 2667 gra-

1757 2693 1830 2747 tia
1867 2691 1980 2764 (52)
2017 2693 2084 2747 de
2137 2691 2278 2744 libro
2305 2689 2538 2745 Genesis
2568 2687 2941 2758 repetivimus,
2980 2696 3039 2743 ut
3079 2703 3198 2755 qua:
3235 2684 3330 2757 ju-

1754 2784 2100 2840 stiﬁcationls
2159 2782 2320 2851 hujus
2363 2795 2525 2835 causa
2561 2779 2721 2834 fuerit
2769 2793 3136 2834 nosceremus.
3173 2777 3327 2835 Unde

1752 2886 1808 2934 et
1834 2875 2017 2931 acrius
2043 2875 2434 2929 intendendum
2479 2880 2583 2938 est,
2632 2872 2677 2926 si
2711 2873 2784 2927 ob
2818 2873 2919 2926 hoc
2955 2870 3127 2925 solum
3177 2870 3322 2940 quod

1753 2971 1987 3026 dandum
2020 2968 2122 3025 sibi
2155 2969 2389 3024 credidit
2411 2968 2604 3032 ﬁlium,
2641 2975 2699 3022 et
2728 2981 2795 3021 ex
2825 2980 2888 3020 eo
2917 2963 3230 3036 progeniem
3253 2963 3324 3018 ad

1756 3050 2157 3117 multitudinem
2190 3062 2429 3116 siderum
2463 3059 2865 3130 propagandam
2895 3096 2912 3122 ,
2959 3057 3160 3111 dicitur
3191 3055 3320 3126 quia

1755 3163 2004 3223 reputata
2027 3162 2111 3206 est
2139 3152 2270 3206 ﬁdes
2301 3151 2418 3220 ejus
2444 3151 2510 3205 ad
2539 3149 2810 3220 justitiam
2845 3168 2858 3203 :
2891 3164 2958 3202 an
2999 3161 3098 3216 pro
3140 3147 3243 3202 hoc
3270 3154 3327 3201 et

1751 3259 1848 3316 pro
1873 3245 2126 3300 omnibus
2149 3259 2270 3313 qua:
2295 3241 2407 3312 jam
2433 3249 2559 3295 ante
2596 3240 2919 3296 crediderat.
2959 3237 3144 3306 Neque
3176 3237 3324 3290 enim

1751 3337 2048 3408 putandum
2090 3336 2230 3404 quod
2262 3333 2472 3402 absque
2507 3331 2615 3388 ﬁde
2643 3331 2810 3386 fuerit
2853 3330 3007 3396 illud,
3059 3338 3113 3384 ut
3147 3328 3326 3384 exiret

1752 3431 1819 3485 de
1859 3439 2005 3484 terra
2031 3442 2148 3492 sua,
2177 3436 2234 3481 et
2261 3428 2329 3479 de
2361 3426 2687 3494 cognatione
2717 3425 2883 3494 patris
2906 3422 3011 3484 sui,
3035 3429 3090 3476 et
3109 3419 3324 3475 veniret

1751 3520 1807 3575 in
1844 3529 2045 3575 terram
2066 3535 2226 3590 quam
2250 3518 2299 3572 ei
2328 3517 2794 3570 demonstraverat
2811 3515 2951 3569 Deus
2965 3512 3033 3577 ἐς
3056 3512 3142 3567 vel
3168 3509 3322 3576 illud,

1751 3627 1874 3668 cum
1923 3619 2180 3682 separato
2222 3623 2252 3662 a
2294 3621 2354 3662 se
2405 3607 2527 3672 Lot,
2565 3605 2699 3663 dicit
2749 3606 2814 3661 ad
2852 3620 2977 3661 eum
3010 3603 3318 3658 Dominus:

1757 3723 1778 3758 ‹
1816 3704 2013 3775 Aspice
2038 3702 2213 3759 oculis
2239 3703 2365 3766 tuis,
2392 3713 2446 3756 et
2465 3703 2586 3756 vide
2609 3716 2674 3755 ex
2704 3700 2807 3754 hoc
2829 3699 2947 3754 loco
2974 3699 3026 3752 in
3051 3710 3159 3766 quo
3183 3705 3320 3760 stas,

1751 3808 1807 3854 et.
1835 3798 2051 3852 intuere
2095 3799 2162 3851 ad
2189 3795 2639 3864 septentrionem,
2671 3803 2724 3847 et
2749 3791 3130 3855 meridianum,
3157 3797 3227 3871 et.
3255 3787 3326 3841 ad

1751 3891 2128 3950 occidentem,
2182 3898 2345 3956 atque
2374 3888 2438 3940 ad
2473 3886 2761 3946 orientem,
2805 3883 2927 3953 quia
2967 3895 3184 3934 omnem
3211 3886 3326 3933 ter-

1754 4000 1871 4039 ram
1906 3984 2047 4038 hanc
2075 3996 2239 4050 quam
2269 3980 2420 4034 vides
2459 3979 2557 4034 tibi
2588 3977 2728 4032 dabo
2757 3991 2901 4037 eam,
2936 3985 2991 4028 et
3010 3972 3200 4027 semini
3231 3981 3325 4024 tuo

1752 4076 1806 4129 in
1837 4084 2097 4129 aeternum
2123 4073 2192 4125 ⁸⁵.
2217 4091 2236 4124 ι
2271 4072 2376 4125 Sed
2407 4079 2463 4124 et
2490 4069 2620 4124 illud
2658 4068 2779 4136 quis
2809 4066 2953 4119 dicat
2977 4064 3187 4133 absque
3218 4061 3325 4116 ﬁde

1753 4166 2003 4232 factum,
2047 4165 2191 4232 quod
2243 4160 2468 4216 veniens
2522 4159 2802 4214 Abraham
2856 4154 3125 4212 habitavit
3178 4151 3325 4222 apud

1751 4272 2013 4325 quercum
2035 4256 2277 4311 Mambre
2307 4256 2358 4309 in
2392 4253 2630 4314 liebron,
2657 4259 2712 4304 et
2734 4248 3024 4304 aediﬁcavit
3047 4245 3117 4300 ibi
3149 4243 3326 4298 altare

1754 4351 1982 4406 Domino
2006 4352 2053 4383 ⁵⁸
2078 4351 2101 4406 ?
2133 4350 2416 4417 Quomodo
2451 4357 2632 4401 autem
2663 4354 2719 4398 et
2749 4344 2880 4397 illud
2910 4355 3017 4395 non
3049 4348 3169 4393 erat
3197 4335 3323 4391 ﬁdei

83 4447 379 4501 nominavit
399 4445 668 4499 Abraham
688 4443 755 4496 ⁵⁸.
783 4442 1040 4498 Gentium
1075 4442 1276 4497 etenim
1312 4445 1652 4513 paterAbra-
1683 4440 1727 4495 Ι)
1755 4459 1892 4513 opus
1921 4484 1935 4510 ,
1972 4459 2095 4498 cum
2130 4440 2523 4497 Melchisedech
2569 4433 2849 4494 benedixit
2898 4430 3175 4485 Abraham
3202 4468 3220 4495 ,
3268 4435 3327 4482 et

82 4537 202 4592 ham
236 4538 539 4595 secundum
576 4538 734 4592 ﬁdem
759 4576 775 4603 ,
826 4552 931 4589 non
981 4535 1278 4589 secundum
1312 4550 1533 4589 carnem
1568 4535 1649 4588 vi-

84 4629 253 4684 detur.
305 4629 442 4683 Nam
493 4627 668 4698 ipsius
702 4627 917 4698 quidem
956 4626 1198 4696 Apostoli
1249 4636 1430 4696 potest
1455 4637 1512 4682 et
1562 4644 1650 4682 se-

83 4725 310 4778 cundum
342 4737 564 4777 carnem
602 4721 707 4776 dici
739 4738 753 4775 :
785 4735 854 4775 ex
899 4735 1101 4790 genere
1151 4720 1296 4776 enim
1348 4718 1648 4776 Israelitico

151 4884 194 4915 ⁸⁷
224 4883 428 4938 Hahae.
462 4897 522 4950 ιι,
553 4881 622 4946 ις
652 4878 817 4936 Hebr.
848 4895 902 4938 ι.
935 4878 1027 4933 '58.

85 4955 166 5008 15.
262 4957 310 4987 ³³
345 4949 605 5021 l’tom.tv,
640 4951 696 5006 '5.
791 4950 838 4982 ⁸³
870 4950 1008 5006 Gen.
1050 4965 1140 5016 xv,
1178 4949 1212 5003 5
1244 4965 1359 5019 seq.

86 5039 196 5092 xw,
225 5026 317 5091 i9,
349 5024 440 5079 20.

155 5138 268 5211 (25)
325 5139 418 5211 Sic
470 5145 716 5211 mss._et_
746 5134 1028 5189 Rabanus.
1063 5130 1495 5211 EditAi-veroLt
1539 5127 1656 5211 ipse

91 5198 228 5263 enim
250 5198 518 5278 praevidet
548 5208 673 5276 quis
705 5208 758 5261 in
808 5215 1134 5272 unoquoque
1172 5200 1296 5256 ﬁdei
1331 5199 1544 5253 habitat
1571 5198 1657 5252 af-

95 5280 278 5333 fectus.
325 5298 344 5329 ι

155 5349 266 5420 (26)
295 5347 556 5420 Notitiam
577 5346 749 5420 habet.
769 5343 1125 5420 Hmcdesunt
1157 5341 1210 5394 in
1251 5354 1409 5394 antea
1433 5339 1615 5395 editis.

157 5414 266 5486 (2³1)
301 5418 506 5473 Solum.
541 5419 598 5471 In
621 5416 784 5470 editis
807 5414 1174 5486 desideratur.

156 5480 261 5560 (28)
287 5490 433 5543 Sicut
469 5486 831 5560 eacontraubi
855 5483 1176 5552 delinquitur
1200 5480 1538 5560 inﬁdelitatis
1561 5480 1642 5533 in-

93 5551 278 5611 dicium
324 5569 420 5611 est.
475 5558 568 5610 Sic
610 5556 735 5608 editi
765 5566 819 5609 et
859 5551 1015 5606 mss.
1046 5552 1239 5605 nostri.
1290 5551 1418 5604 Mss.
1464 5561 1640 5602 tamen

97 5643 224 5680 Ullus
255 5643 354 5697 pro
388 5628 473 5682 his
503 5624 685 5680 verbis
715 5626 912 5688 habet;
950 5640 970 5675 ς
1013 5622 1349 5679 inﬁdelitatis
1382 5621 1637 5676 indicium

92 5710 172 5751 est
189 5699 276 5753 ubi
303 5708 582 5768 peccatur.
617 5712 637 5746 ι

1118 4877 1164 4910 ⁸⁸
1189 4877 1230 4931 ll
1257 4878 1383 4934 Cor.
1413 4895 1488 4939 νι.
1516 4879 1600 4942 ill,
1636 4879 1722 4933 l5.
1820 4883 1842 4910 ⁸

1124 4990 1140 5005 .
1178 4949 1212 5003 5
1244 4965 1359 5005 seu.
1453 4949 1498 4981 “
1527 4950 1662 5005 Gen.
1697 4948 1843 5005 sttJ

1575 4967 1662 5004 en.
1697 4962 1793 5016 sti,
1817 4962 1868 5004 1.

1755 4537 1830 4591 ait
1860 4555 1873 4591 :
1907 4553 1926 4588 ι
1958 4536 2284 4590 Benedictus
2308 4533 2586 4587 Abraham
2621 4527 2732 4582 Deo
2754 4524 2971 4581 excelso
3001 4521 3095 4592 qui
3118 4519 3327 4575 ereavit

1757 4629 1957 4685 coelum
1995 4637 2049 4682 et
2098 4635 2302 4680 terram
2339 4642 2353 4678 :
2391 4635 2447 4678 et
2497 4619 2817 4677 benedictus
2860 4613 3006 4670 Deus
3035 4611 3284 4667 excelsus
3307 4647 3326 4674 ,

1757 4721 1849 4791 qui
1887 4718 2111 4773 tradidit
2141 4717 2394 4771 inimicos
2425 4712 2542 4783 ejus
2565 4713 2619 4766 in
2649 4709 2898 4764 manibus
2922 4704 3040 4774 ejus
3065 4703 3110 4736 "
3139 4702 3165 4757 τ
3194 4721 3213 4755 ι
3244 4702 3327 4757 Ex

2449 4875 2496 4907 ⁸ο
2521 4873 2680 4928 Boni.
2705 4885 2780 4932 Iv,
2817 4868 2871 4922 1.
2963 4869 2985 4899 ⁵

2449 4989 2462 4995 -
2496 4945 2582 4995 l5.
2680 4941 2728 4973 “
2756 4939 2886 4995 ibid.
2921 4937 2988 4993 18

2756 4956 2886 4994 ιυιιι.
2921 4956 3010 4993 ιδ.

2963 4869 3008 4900 εί
3039 4867 3054 4920 Ι
3087 4867 3216 4921 Cor.
3247 4881 3326 4933 tv,

1820 4880 1864 4911 ⁸⁸
1888 4877 2008 4933 Jac.
2037 4893 2096 4941 ιι,
2123 4877 2216 4938 21.
2245 4875 2335 4931 22.
2449 4875 2496 4907 ⁸ο
2521 4875 2680 4928 Rom.
2705 4885 2780 4932 Iv,
2817 4875 2871 4922 1.
2963 4875 3008 4900 δι
3039 4875 3054 4920 l
3087 4875 3216 4921 Cor.
3247 4881 3323 4933 tv,

1820 4948 1865 4994 l,
1969 4949 2016 4980 ⁸⁸
2055 4949 2192 4994 Geni-
2228 4963 2345 4994 xm.
2371 4945 2462 4994 LL
2496 4945 2582 4994 15.
2680 4941 2728 4973 ⁸⁵
2756 4939 2886 4994 ibid.
2921 4937 3010 4993 18.
3113 4939 3158 4970 ⁵⁷
3187 4937 3323 4994 Gen.

1969 4949 2016 4980 ⁸⁸
2055 4949 2192 5004 Gen.
2228 4963 2346 5012 aut,
2371 4945 2462 5014 14,
2496 4945 2582 4999 15.

1834 5123 1947 5197 (29)
2002 5126 2142 5181 Editi
2177 5142 2190 5179 :
2226 5125 2316 5197 alii
2351 5145 2369 5177 ι
2400 5127 2692 5197 nominat,
2725 5141 2750 5178 ι
2789 5125 2880 5197 alii
2929 5141 2949 5176 ι
2991 5124 3321 5185 nominare.»

1758 5195 1969 5280 omisso
2019 5216 2038 5248 ι
2096 5196 2291 5280 potuit.
2336 5216 2353 5247 ο
2397 5195 2524 5278 Mss.
2563 5211 2702 5278 unus
2738 5196 2900 5251 habet
2931 5213 2951 5246 ι
2995 5197 3130 5248 solet
3169 5212 3188 5244 ι
3226 5208 3326 5263 pro

1767 5286 1788 5319 ι
1822 5269 2018 5339 putuit.
2056 5285 2074 5318 ι
2106 5267 2279 5332 Alter,
2307 5284 2324 5316 ι
2361 5267 2681 5320 nominavit.
2726 5285 2745 5317 ι

1767 5408 1776 5415 _
1833 5337 2238 5415 (50)Ε‹1ἰιὶ,ῌ‹
2272 5352 2337 5389 ex
2378 5335 2788 5415 librisCenesis
2834 5332 3119 5415 sumitur,
3159 5346 3227 5389 ex
3259 5344 3328 5385 eo

1761 5404 1882 5463 loco
1900 5404 1988 5462 ubi
2015 5423 2123 5462 non
2152 5407 2381 5471 Abram,
2403 5406 2498 5460 sed
2527 5408 2802 5462 Abraham
2824 5404 2955 5458 dicit
2982 5404 3050 5456 ad
3083 5404 3273 5469 Deum,
3299 5420 3319 5449 ι

1747 5491 1854 5533 etc.
1886 5477 2046 5534 Male.

1819 5549 1934 5618 (51)
1972 5549 2130 5618 Eum.
2161 5547 2320 5618 Deest
2358 5546 2410 5599 in
2446 5545 2626 5599 editis.

1829 5609 1955 5690 (52⁷)
2012 5614 2223 5671 Gratia.
2279 5617 2332 5670 In
2388 5627 2546 5670 antea
2605 5613 2764 5671 editis
2816 5609 3132 5666 emittitur.
3190 5609 3322 5670 AL.

1752 5708 1769 5741 I
1809 5704 1995 5744 causa.
2035 5706 2053 5739 ι
