3684 6148
444 253 546 309 963

445 368 645 438 quibus
665 368 913 423 omnibus
938 367 1210 438 colligitur
1238 372 1380 438 quod
1411 373 1464 424 in
1489 370 1574 425 his
1612 369 1840 440 singulis
1879 370 2012 422 lides

446 462 662 530 quidem
689 459 1130 524 iueritAbralnr,
1163 464 1342 518 scdex
1390 473 1584 532 parte;
1631 463 1684 515 in
1714 477 1779 516 co
1826 473 2008 515 autem

449 550 536 603 ubi
591 551 811 613 dicitur,
840 551 965 618 quia
1013 550 1145 605 ﬁdes
1175 556 1292 620 ejus
1320 563 1561 622 reputata
1603 562 1686 606 est
1731 551 1798 606 ad
1845 551 2008 618 justi-

449 642 576 692 tiam
609 639 678 704 ⁸⁸,
704 639 834 692 ﬁdes
869 639 1102 706 perfecta
1130 641 1452 695 declaretur.
1484 641 1634 696 Sicut
1663 643 1807 696 enim
1831 643 2010 696 scien-

451 732 580 784 tiam
618 739 672 785 et
717 730 1058 800 pmpbetiam
1097 747 1160 786 ex
1205 742 1355 800 parte
1386 733 1511 786 dicit
1550 746 1669 786 esse
1701 731 2010 801 Apostolus,

448 835 505 879 et
540 839 755 877 rursum
789 823 920 877 dicit
941 838 1072 876 esse
1099 823 1394 892 perfectam
1421 823 1473 876 in
1503 838 1567 876 eo
1593 838 1714 876 cum
1733 821 1970 877 scribit"
1994 839 2008 875 :

456 934 475 966 ι
514 917 587 969 Ex
619 924 772 984 parte
800 915 1020 986 scimus,
1059 927 1114 969 et
1146 930 1209 968 ex
1244 925 1399 984 parte
1437 916 1857 983 prophetamus;
1888 932 2008 970 cum

450 1017 628 1061 autem
658 1007 868 1060 venerit
919 1006 1062 1071 quod
1107 1006 1404 1072 perfectura
1448 1008 1921 1068 est,destruentur
1949 1022 2010 1061 ea

450 1115 571 1167 qua:
595 1113 660 1152 ex
692 1108 847 1166 parte
897 1107 1025 1150 sunt
1076 1098 1229 1166 (53):
1269 1115 1288 1148 ›
1323 1097 1394 1150 ita
1435 1105 1490 1150 et
1535 1099 1692 1151 ﬁdem
1728 1113 2012 1166 possumus

459 1190 760 1259 intelligere
802 1192 921 1242 esse
969 1187 1258 1256 aliquando
1300 1204 1364 1240 ex
1415 1199 1567 1256 parte
1593 1229 1605 1250 ,
1643 1199 1696 1242 et
1725 1188 2012 1258 aliquando

452 1280 776 1350 perfectam.
836 1281 905 1334 Ut
959 1290 1138 1332 autem
1189 1280 1333 1348 quod
1383 1279 1614 1332 dicimus
1665 1279 1786 1333 aiiis
1838 1280 2013 1334 adhuc

452 1373 749 1440 Seripturae
797 1380 1000 1425 sanctae
1058 1369 1386 1424 testimoniis
1434 1369 1737 1433 muniatur,
1776 1369 1900 1422 audi
1958 1370 2011 1422 in

451 1463 742 1532 Evangelio
772 1462 838 1514 ad
883 1461 1170 1517 Dominum
1201 1460 1449 1514 dicentes
1483 1460 1762 1527 apostolos
1794 1477 1808 1513 :
1852 1477 1870 1509 ι
1912 1459 2014 1512 Do-

451 1558 619 1620 mine,
650 1569 786 1623 auge
817 1553 972 1606 nobis
1001 1553 1229 1605 ﬁdem“.
1266 1571 1285 1602 ι
1322 1549 1507 1604 Nonne
1533 1565 1630 1618 per
1661 1550 1775 1604 haec
1796 1551 2012 1604 eviden-

451 1658 536 1702 ter
566 1648 860 1701 ostendunt
887 1645 1088 1698 habere
1116 1658 1174 1696 se
1200 1643 1419 1710 quidem
1473 1642 1629 1696 ﬁdem
1649 1682 1664 1702 ,
1709 1643 1804 1696 sed
1851 1641 2009 1695 talem

447 1755 566 1808 qua:
599 1748 779 1806 egeret
813 1735 1147 1806 augmento?
1179 1733 1282 1788 Sed
1315 1743 1370 1788 et
1415 1734 1530 1803 ipse
1560 1735 1835 1802 apostolus
1871 1733 2009 1786 Pau-

446 1833 534 1887 lus
573 1846 694 1886 cum
740 1829 891 1894 dicit,
933 1847 950 1879 ‹
998 1826 1056 1880 Si
1105 1825 1332 1879 habeam
1366 1839 1579 1878 omnem
1613 1826 1794 1889 ﬁdem,
1833 1825 1904 1876 ita
1953 1832 2011 1877 ut

447 1933 661 1978 montes
693 1920 1018 1976 transferam
1053 1921 1118 1984 °‘,
1152 1939 1170 1970 ι
1202 1935 1419 1974 omnem
1449 1932 1569 1971 cum
1602 1915 1754 1980 dicit,
1790 1932 1850 1970 ex
1885 1932 2010 1985 par-

449 2014 591 2067 tibus
624 2020 791 2064 totam
821 2010 977 2064 docet
1029 2023 1150 2063 esse
1198 2008 1576 2075 compositam.
1630 2003 1814 2072 Neque
1865 2005 2008 2058 enim

447 2120 607 2160 omne
642 2110 819 2172 potest
848 2101 1139 2166 nominari,
1167 2099 1256 2153 ubi
1289 2097 1683 2167 autqualitatis
1716 2105 1806 2151 aut
1839 2113 2010 2164 quan-

450 2196 620 2250 litatis
647 2193 935 2248 diversitas
964 2207 1070 2246 non
1125 2190 1242 2262 (54)
1276 2197 1385 2245 est.
1414 2190 1641 2243 Videtur
1668 2203 1797 2257 ergo
1846 2188 2008 2241 etiam

447 2288 500 2342 in
537 2263 791 2357 praesenti
823 2283 941 2338 loco
968 2298 1086 2337 cum
1125 2280 1304 2336 multa:
1338 2281 1468 2333 ﬁdes
1504 2277 1733 2360 Abrahae
1769 2293 2006 2348 praeces-

449 2378 617 2435 serint
645 2391 740 2444 per
770 2373 978 2444 singula
1029 2386 1256 2442 quaeque
1307 2385 1425 2440 qua:
1467 2385 1534 2423 ex
1585 2378 1736 2438 parte
1763 2369 2012 2437 superius

449 2467 890 2530 memoravimus,
926 2466 978 2518 in
1011 2466 1115 2519 hoc
1147 2477 1286 2516 nunc
1312 2461 1558 2516 universa
1592 2462 1724 2516 ﬁdes
1752 2461 1869 2530 ejus
1892 2476 2013 2515 esse

449 2561 703 2622 collecta,
739 2568 793 2613 et
819 2559 892 2612 ita
943 2556 994 2610 ei
1029 2556 1094 2609 ad
1124 2553 1392 2622 justitiam
1433 2563 1703 2621 reputata.
1732 2553 1852 2608 .lam
1880 2569 2011 2608 sane

448 2649 837 2714 considerabis,
873 2649 1015 2702 sicut
1051 2646 1118 2700 de
1150 2644 1257 2698 ﬁde
1288 2645 1487 2698 dictum
1512 2652 1593 2698 est
1618 2643 1742 2713 quia
1766 2653 2008 2712 reputata

447 2751 531 2796 est
555 2743 602 2795 ei
639 2742 706 2795 ad
758 2740 1024 2804 justitiam
1052 2777 1067 2800 ,
1098 2738 1170 2790 ita
1221 2746 1275 2790 et.
1321 2735 1386 2790 de
1416 2735 1538 2787 aliis
1581 2735 1870 2789 virtutibus
1907 2735 2008 2788 dici

448 2832 625 2903 possit
654 2833 778 2901 quia
806 2871 822 2896 ,
871 2830 1019 2884 verbi
1057 2829 1228 2897 gratia
1255 2867 1270 2889 ,
1307 2827 1680 2880 misericordia
1719 2826 2012 2895 unicuique

448 2925 690 2994 reputari
709 2931 884 2993 potest
909 2923 974 2976 ad
995 2922 1284 2991 justitiam,
1308 2931 1398 2974 aut
1427 2919 1713 2989 sapientia,
1730 2928 1821 2972 aut
1839 2919 2013 2972 scien-

456 3019 552 3082 tia,
585 3027 679 3070 aut
710 3014 1088 3078 mansuetudo,
1120 3023 1175 3067 et
1202 3012 1500 3074 humilitas,
1531 3010 1614 3064 vel
1653 3019 1803 3064 certe
1829 3009 1874 3062 si
1898 3024 2012 3063 om-

451 3111 506 3164 ni
534 3109 774 3164 credenti
811 3108 941 3161 ﬁdes
987 3105 1052 3160 ad
1094 3105 1365 3172 justitiam
1416 3113 1721 3172 reputetur.
1755 3099 1862 3155 Sed
1891 3115 2012 3155 cum

449 3203 520 3256 ad
559 3200 871 3270 Scripturas
901 3199 1082 3262 redeo,
1113 3212 1218 3250 non
1261 3195 1514 3250 omnibus
1548 3191 1894 3248 credentibus
1929 3191 2015 3244 in-

447 3293 609 3349 venio
643 3290 787 3361 quod
834 3289 966 3343 ﬁdes
1017 3289 1080 3340 ad
1125 3287 1392 3355 justitiam
1443 3291 1738 3353 reputetur.
1773 3281 2014 3350 Denique

452 3386 715 3454 scriptum
746 3384 916 3436 estde
952 3380 1076 3434 ﬁliis
1114 3377 1303 3443 Israel,
1333 3377 1458 3446 quia
1494 3395 1510 3426 ι
1547 3373 2015 3430 credideruntDo—

450 3479 617 3539 mino,
644 3485 698 3530 et
730 3473 932 3528 famulo
968 3474 1083 3542 cjns
1110 3471 1297 3540 Moysi,
1327 3470 1373 3502 θ’
1403 3488 1420 3520 ι
1455 3483 1553 3522 nec
1584 3477 1764 3521 tamen
1799 3465 2016 3520 additur

449 3567 594 3637 quod
622 3567 691 3622 de
733 3565 1006 3619 Abraham
1053 3563 1313 3628 scriptum
1353 3568 1458 3623 est,
1485 3558 1610 3626 quia
1642 3564 1885 3624 reputata
1932 3562 2017 3606 est

451 3660 557 3714 illis
593 3659 660 3713 ad
687 3655 976 3725 justitiam.
1016 3653 1098 3708 0b
1139 3653 1245 3707 hoc
1294 3650 1550 3713 arbitror,
1585 3647 1729 3716 quod
1754 3661 1857 3701 non
1909 3645 2015 3699 illis

450 3758 593 3816 erat,
625 3749 766 3804 sicut
801 3748 853 3802 in
878 3745 1146 3801 Abraham
1180 3741 1480 3805 docuimus,
1515 3756 1579 3793 ex
1615 3737 1803 3792 multis
1849 3738 2014 3807 parti-

453 3843 555 3898 bus
585 3841 706 3897 ﬁdei
753 3841 804 3893 in
843 3853 1007 3893 unum
1038 3843 1359 3892 coacervata
1388 3832 1673 3900 perfectio,
1697 3846 1817 3899 quae
1842 3845 2016 3884 mere-

458 3946 610 3991 retur
635 3934 701 3988 ad
720 3932 987 4002 justitiam
1015 3927 1277 4000 reputari.
1302 3926 1454 3994 Quod
1483 3934 1658 3979 autem
1693 3924 1828 3978 dicit
1859 3940 1874 3977 :
1903 3941 1920 3973 ε
1957 3923 2015 3976 Ei

454 4041 582 4082 vero
613 4024 706 4094 qui
738 4031 1017 4094 operatur.
1061 4033 1272 4075 merces
1318 4033 1426 4072 non
1477 4017 1778 4084 imputatur
1821 4028 2014 4068 secun-

453 4120 581 4173 dum
632 4117 899 4187 gratiam,
959 4114 1052 4168 sed
1100 4110 1397 4166 secundum
1446 4109 1683 4163 debitmn
1723 4123 1738 4172 ;
1772 4105 2011 4160 credenti

453 4219 630 4266 autem
664 4210 717 4264 in
747 4222 869 4262 eum
890 4206 980 4276 qui
1004 4203 1260 4275 justiﬁcat
1283 4201 1528 4271 impium,
1563 4207 1841 4266 reputatur
1867 4197 2008 4249 ﬁdes

455 4303 520 4358 ad
559 4301 828 4372 justitiam
855 4299 900 4330 ⁸³
939 4319 950 4353 ;
987 4315 1006 4349 ι
1040 4295 1250 4348 videtur
1296 4292 1584 4348 ostendere
1611 4290 1764 4360 quasi
1820 4290 1871 4342 in
1913 4287 2015 4340 ﬁde

452 4397 670 4467 quidem
703 4393 876 4464 gratia
915 4391 986 4445 sit
1038 4387 1387 4455 justiﬁcantis
1412 4425 1426 4449 ,
1480 4387 1530 4437 in
1579 4397 1740 4454 Opere
1771 4398 1900 4437 vero
1925 4382 2013 4450 jn—

454 4487 601 4542 stitia
635 4484 984 4540 retribnentis
1007 4482 1144 4550 (35).
1181 4480 1286 4534 Sed
1315 4493 1413 4548 ego
1437 4493 1560 4532 cum
1595 4475 1876 4529 considero
1899 4489 2013 4527 scr-

457 4579 633 4632 monis
662 4578 1010 4633 eminentiam
1043 4613 1058 4637 ,
1108 4588 1212 4640 qua
1264 4570 1400 4624 dicit
1430 4567 1673 4637 operanti
1719 4565 2009 4620 secundum

455 4669 696 4725 debitum
740 4667 911 4732 reddi,
944 4665 1030 4718 vix
1068 4663 1198 4717 mihi
1225 4661 1428 4715 suadeo
1467 4657 1608 4726 quod
1641 4656 1814 4725 possit
1844 4654 2008 4708 ullum

455 4773 592 4828 opus
629 4772 788 4822 esse,
838 4755 978 4824 quod
1032 4769 1095 4807 ex
1149 4751 1330 4805 debito
1369 4746 1858 4802 remunerationem
1917 4744 2008 4798 Dei

455 4852 730 4918 deposcat,
765 4864 884 4901 cum
917 4847 1079 4901 etiam
1115 4846 1214 4898 hoc
1247 4843 1416 4909 ipsum
1449 4841 1591 4909 quod
1619 4851 1780 4906 agere
1808 4836 2008 4903 aliquid

455 4955 759 5010 possumus,
790 4938 868 4991 vel
897 4939 1135 5006 cogitare
1156 4974 1170 4997 ,
1204 4931 1289 4986 vel
1337 4929 1581 5000 proloqui
1612 4968 1627 4993 ,
1667 4926 1837 4997 ipsius
1869 4926 2010 4980 dono

526 5122 572 5152 ⁸³
608 5122 762 5175 Rom.
795 5135 870 5179 iv,
894 5120 942 5173 5.
1023 5118 1109 5171 "l
1140 5117 1265 5171 Cor.
1305 5131 1399 5169 xm
1423 5155 1437 5174 .
1471 5114 1526 5177 9,
1565 5112 1651 5166 10.
1721 5112 1764 5142 ⁸ο
1799 5109 1927 5164 Luc.
1958 5128 1984 5162 κ

1872 5183 1918 5210 ⁶δ
1959 5181 2086 5234 Luc.
2121 5191 2235 5241 xm,
2264 5176 2355 5240 27;
2385 5175 2576 5229 Matth.
2612 5191 2703 5237 VII,
2733 5176 2827 5229 25.

459 5209 530 5253 tv,
564 5193 620 5254 4,
654 5190 705 5244 5.
780 5191 825 5220 “
851 5189 1038 5241 Matth.
1068 5205 1140 5252 vr,
1169 5188 1259 5241 ΤΞ.
1336 5187 1380 5217 ⁸⁵
1417 5185 1546 5254 Luc.
1582 5199 1677 5242 vn.
1707 5181 1795 5234 41.

457 5252 670 5317 "Luc.
702 5276 774 5325 Vt,
806 5258 1118 5323 58;Matth.
1154 5274 1246 5323 vn,
1290 5257 1346 5311 2.
1444 5255 1488 5285 "°
1517 5253 1671 5307 Juan.
1737 5266 1819 5316 Ill,
1871 5252 1957 5304 54.

526 5455 640 5522 (35)
690 5453 789 5508 llis.
841 5468 1018 5515 unus,
1075 5468 1094 5501 ι
1153 5449 1506 5505 evacuabitur
1547 5448 1691 5516 quod
1736 5461 1802 5502 ex
1857 5454 2011 5516 parte

456 5535 638 5660 €52.54.)
681 5591 824 5649 Non.
857 5592 913 5647 In
950 5590 1110 5647 editis
1138 5587 1592 5658 praetermittitur.

529 5663 641 5732 (55)
677 5665 843 5730 Alias,
884 5682 901 5714 ε
941 5663 1249 5717 tribuentis.
1283 5678 1306 5714 ι

1907 250 2224 308 ORIGENIS

3528 262 3592 318 965

2041 373 2086 427 Α
2115 377 2168 420 et
2200 365 2487 434 largitione
2519 364 2804 420 faciamus.
2842 367 2994 434 Quod
3045 382 3176 438 ergo
3207 367 3313 422 erit
3346 368 3592 428 debitumit

2115 456 2239 518 lius,
2268 456 2422 522 cujus
2450 471 2575 526 erga
2620 473 2717 510 nos
2763 457 2918 512 fenus
2949 459 3232 528 praecessit
3272 459 3420 530 (36)?
3450 461 3499 514 Et
3521 465 3593 517 idro

2114 543 2401 596 videndum
2433 544 2603 614 magis
2641 557 2725 599 est
2768 560 2835 599 ne
2875 545 3017 602 forte
3055 549 3198 616 quod
3231 550 3380 613 dixit,
3409 570 3425 601 ι
3460 552 3503 605 Ei
3536 571 3592 606 au-

2115 643 2220 688 tem
2251 636 2340 702 qui
2369 647 2645 704 operatur,
2682 651 2888 692 merces
2921 638 3223 694 secundum
3259 640 3474 694 debitum
3498 659 3594 712 repu-

2120 728 2341 789 tabitur,
2382 747 2399 778 l
2432 727 2637 782 sinistri
2688 729 2860 798 magis
2907 731 3089 799 operis
3140 731 3516 801 intelligendum
3554 739 3595 790 sit

2113 818 2378 873 debitum.
2407 819 2595 873 Debita
2629 822 2826 874 etenim
2865 833 3083 890 peccata
3123 824 3234 877 dici
3267 825 3318 876 in
3344 825 3509 882 divinis
3535 829 3598 885 Vo-

2112 909 2404 964 luminibus
2462 911 2777 978 frequenter
2812 911 3095 978 invenies,
3145 922 3209 967 ut
3257 914 3369 981 ipse
3418 915 3599 976 Dominus

2113 1001 2165 1054 in
2212 1002 2458 1055 oratione
2515 1018 2615 1056 nos
2655 1002 2838 1056 docuit
2866 1002 2910 1033 “
2945 1003 3169 1057 dicere:
3210 1023 3230 1054 ‹
3269 1003 3468 1060 Dimitte
3501 1014 3600 1066 nobis

2114 1092 2272 1162 523
2306 1094 2481 1146 debita
2514 1103 2733 1156 nostra,
2760 1095 2906 1148 sicut
2947 1106 3002 1148 et
3037 1109 3135 1149 nos
3171 1096 3477 1153 dimittimus
3503 1102 3602 1155 debi-

2115 1183 2318 1234 toribus
2363 1182 2562 1236 nostris
2598 1201 2610 1235 :
2651 1201 2669 1233 ι
2701 1193 2756 1236 et
2799 1184 2996 1237 iterum
3024 1200 3148 1238 cum
3188 1187 3322 1240 dicit
3354 1187 3454 1256 ipse
3487 1191 3604 1242 Denti-

2114 1286 2214 1324 nus
2247 1272 2329 1323 ‘5:
2369 1289 2387 1320 ι
2427 1272 2652 1326 Cuidam
2700 1271 3080 1341 patrifamilias
3115 1285 3281 1330 erant
3328 1278 3424 1332 duo
3459 1280 3605 1333 debito-

2114 1374 2202 1412 res
2233 1379 2246 1412 :
2276 1375 2412 1415 unus
2463 1362 2690 1415 debebat
2745 1363 2998 1418 denarios
3045 1365 3394 1432 quingentos,
3439 1379 3484 1421 et
3521 1371 3605 1423 alius

2113 1451 2503 1520 quinquaginta
2539 1471 2551 1506 :
2588 1472 2605 1504 ι
2645 1453 2823 1507 ethoc
2846 1454 2912 1508 de
2951 1457 3197 1522 peccatis
3228 1458 3334 1512 dici
3365 1458 3467 1527 ipse
3492 1460 3605 1514 inter-

2114 1552 2357 1608 pretatus
2386 1555 2491 1599 est.
2520 1543 2596 1597 Ne
2615 1545 2757 1599 forte
2787 1557 2988 1615 ergoet
3019 1549 3072 1600 in
3099 1548 3204 1602 hoc
3235 1547 3351 1603 loco
3373 1552 3604 1605 mercedem

2113 1633 2298 1700 operis
2333 1649 2451 1702 qum
2491 1634 2790 1688 secundum
2823 1636 3060 1688 debitum
3101 1638 3382 1704 redditur,
3416 1643 3472 1693 ad
3512 1640 3604 1694 hunc

2115 1739 2353 1790 sensum,
2387 1739 2543 1791 quem
2571 1740 2737 1793 supra
2761 1726 3020 1788 diximus,
3048 1730 3343 1795 Apostolus
3374 1733 3606 1785 traxeritde

2116 1814 2198 1868 his
2241 1818 2332 1884 qui
2382 1817 2452 1868 ita
2487 1824 2778 1885 operantur
2821 1818 2962 1872 sicut
3013 1829 3068 1872 et
3121 1821 3258 1874 Cain
3310 1832 3527 1890 operatus
3555 1835 3605 1877 est

2115 1913 2314 1960 terram
2349 1925 2361 1959 :
2395 1915 2449 1960 et
2507 1907 2647 1961 sicut
2691 1907 2820 1962 alibi
2886 1910 3062 1964 dicit:
3112 1929 3134 1962 ‹
3205 1913 3457 1966 Discedite
3493 1929 3604 1979 ama,

2115 1997 2348 2064 operarii
2384 1997 2682 2065 iniquitatis
2704 1997 2749 2028 ⁸⁸
2774 2015 2789 2052 :
2829 2017 2849 2050 ι
2876 2000 3073 2068 quibus
3097 2002 3294 2071 utique
3321 2005 3457 2072 quasi
3483 2003 3604 2060 debila

2115 2101 2270 2158 pinna
2301 2101 2397 2156 pro
2429 2087 2674 2142 mercede
2699 2087 3002 2159 iniquitatis
3036 2091 3355 2147 exsolvitur.
3379 2093 3604 2149 Uudeidem

2115 2179 2401 2248 Apostolus
2431 2180 2480 2231 in
2513 2179 2622 2234 alio
2649 2180 2769 2236 loco
2794 2182 2838 2213 ⁸⁷
2874 2200 2889 2236 :
2937 2201 2956 2233 ‹
2993 2182 3301 2254 Stipendia,
3331 2187 3503 2256 inquit,
3529 2202 3606 2255 pec-

2115 2272 2220 2326 cati
2259 2287 2440 2335 mors;
2485 2291 2503 2324 I
2538 2282 2593 2326 et
2641 2289 2744 2327 non
2793 2275 3001 2329 addidit
3035 2287 3093 2329 ut
3138 2279 3400 2332 similiter
3434 2280 3605 2333 diceret:

2119 2361 2392 2432 Stipendia
2426 2364 2841 2430 autemjustitize
2859 2369 2963 2419 vita
2989 2377 3219 2433 aeterna,
3243 2370 3340 2424 sed
3360 2371 3462 2423 ait:
3488 2368 3605 2423 «Gra-

2118 2455 2190 2508 tia
2224 2466 2402 2510 autem
2431 2455 2522 2511 Dei
2551 2458 2666 2511 vita
2691 2467 2894 2512 aeterna
2923 2457 2968 2490 ⁸⁸
2998 2478 3010 2513 :
3053 2477 3072 2511 ι
3105 2469 3165 2514 ιιι
3193 2461 3500 2530 Stipendium
3514 2462 3606 2528 quod

2117 2545 2302 2615 utique
2334 2545 2514 2600 debito
2555 2557 2611 2601 et
2642 2548 2879 2603 mercedi
2914 2549 3090 2604 simile
3116 2559 3232 2616 est,
3270 2551 3603 2606 retributionem

2117 2648 2289 2705 paenae
2315 2651 2433 2691 esse
2457 2637 2675 2693 doceret
2710 2647 2764 2693 et
2801 2639 3021 2706 mortis,
3060 2640 3228 2695 vitam
3269 2655 3396 2697 vero
3418 2650 3604 2695 aeternam

2117 2729 2217 2784 soli
2245 2731 2430 2800 gratiae
2463 2731 2828 2801 consignaret.
2865 2731 3178 2787 Secundum
3216 2735 3359 2788 hunc
3386 2721 3605 2788 sensuriret

2118 2821 2248 2874 illud
2291 2821 2434 2889 quod
2481 2822 2533 2874 in
2577 2822 2871 2891 Evangelia
2898 2822 3177 2891 scribitur,
3213 2842 3234 2876 ‹
3286 2825 3396 2892 Qua
3426 2838 3606 2878 mensura

2118 2915 2290 2967 mensi
2319 2914 2552 2980 fueritis,
2588 2915 2774 2970 eadem
2794 2917 3108 2971 remetietur
3151 2917 3312 2974 vobis
3342 2919 3410 2984 '9,
3446 2937 3463 2970 ι
3489 2919 3538 2972 de
3559 2917 3604 2970 si-

2118 3004 2304 3059 nistris
2347 3005 2604 3074 operibus
2655 3006 3030 3076 accipiendum
3085 3017 3242 3076 puto.
3304 3007 3473 3078 Neque
3511 3009 3604 3062 enim

2115 3094 2304 3164 gratiae
2332 3110 2444 3150 suae
2491 3111 2798 3150 mensuram
2839 3098 3027 3152 statuit
3063 3099 3230 3164 Deus,
3266 3116 3383 3156 cum
3417 3103 3604 3168 srripmm

2115 3187 2184 3239 sit
2212 3205 2224 3240 :
2251 3204 2268 3236 ι
2289 3186 2402 3240 Non
2421 3190 2565 3241 enim
2587 3188 2652 3240 ad
2678 3203 2982 3242 mensuram
3004 3189 3095 3243 dat
3118 3190 3266 3246 Deus
3290 3193 3508 3263 spiritum
3524 3192 3602 3243 ".t

2117 3277 2172 3330 Si
2208 3292 2336 3346 ergo
2369 3278 2479 3330 haec
2515 3286 2773 3345 putantur
2805 3287 2952 3332 recte
2981 3277 3258 3345 discussa,
3290 3287 3606 3350 consequenter

2116 3369 2296 3437 utique
2327 3384 2388 3421 ea
2419 3383 2537 3436 quae
2571 3370 2848 3425 cohaerent
2871 3371 3200 3426 videbuntur
3229 3373 3604 3442 intelligenda,ut

2113 3461 2360 3528 Oper-aliti
2385 3461 2598 3529 quidem
2628 3476 2789 3530 opera
2816 3463 3117 3531 iniquitatis
3140 3479 3359 3519 merces
3380 3464 3605 3519 secundum

2116 3553 2318 3622 peccati
2355 3553 2593 3607 debitum
2631 3556 2990 3622 rependatur;
3025 3558 3274 3611 credenti
3303 3571 3420 3610 vero
3448 3556 3492 3610 in
3523 3568 3605 3607 eum

2115 3644 2204 3711 qui
2233 3643 2492 3713 justilicat
2527 3646 2770 3714 impium,
2800 3645 2932 3700 ﬁdes
2963 3645 3029 3699 ad
3052 3646 3318 3713 justitiam
3355 3657 3604 3716 reputetur:

2116 3737 2159 3790 si
2217 3735 2435 3805 quidem
2485 3738 2620 3791 bene
2667 3737 3012 3792 meminimus
3042 3740 3347 3807 superiora,
3393 3741 3440 3793 in
3467 3739 3604 3807 quibus

2116 3828 2450 3881 ostendimus
2481 3842 2586 3881 non
2612 3828 2660 3881 ei
2691 3828 2780 3896 qui
2816 3842 2882 3882 ex
2910 3837 3084 3896 parte,
3117 3831 3213 3884 sed
3240 3834 3331 3900 qui
3351 3846 3411 3885 ex
3432 3831 3605 3897 integro,

2116 3930 2173 3974 et
2200 3921 2290 3989 qui
2322 3920 2561 3988 perfecte
2594 3921 2787 3986 credit,
2814 3921 2971 3974 ﬁdem
2999 3935 3159 3990 posse
3190 3925 3258 3978 ad
3291 3923 3522 3994 justitiam
3548 3933 3603 3972 re-

2116 4011 2292 4081 putari
2321 4026 2335 4063 :
2365 4027 2484 4081 quae
2507 4015 2639 4069 ﬁdes
2681 4025 2826 4070 tanta
2864 4028 2968 4083 est,
2994 4030 3051 4072 ιιι
3074 4015 3336 4088 jnstiﬁret
3360 4016 3500 4070 etiam
3523 4025 3603 4062 eum

2117 4104 2204 4170 qui
2235 4103 2430 4171 impius
2458 4103 2641 4172 fuerit,
2669 4118 2728 4160 ut
2753 4107 2893 4160 ultra
2920 4107 3028 4176 jam
3066 4123 3169 4162 non
3195 4108 3269 4162 sit
3296 4106 3489 4174 impius,
3511 4104 3602 4154 sicut

2118 4191 2205 4244 ille
2242 4191 2378 4245 latro
2416 4194 2506 4261 qui
2556 4195 2820 4262 pendebat
2859 4197 2911 4250 in
2954 4211 3121 4250 cruce
3151 4206 3209 4250 et
3253 4193 3602 4263 blaspltemalut.

2117 4282 2209 4335 sed
2240 4284 2310 4336 sit
2338 4282 2479 4336 sicut
2504 4271 2592 4338 ille
2613 4285 2704 4352 qui
2731 4287 3090 4340 conﬁtebatur
3113 4295 3167 4340 et
3201 4287 3445 4340 dicebat:
3481 4300 3498 4333 ‹
3536 4282 3602 4332 υο·

2050 4397 2092 4450 ι)
2123 4375 2265 4428 mine
2291 4372 2438 4436 Jesu,
2484 4385 2754 4430 memento
2797 4377 2902 4431 mei
2939 4393 3060 4431 cum
3114 4379 3327 4432 veneris
3358 4377 3405 4430 in
3440 4384 3601 4444 regnum

2123 4477 2268 4520 tuum
2311 4467 2380 4519 τι.
2431 4467 2557 4522 Post
2601 4471 2713 4524 haec
2758 4470 2904 4524 velut
2937 4471 3001 4523 ad
3045 4471 3489 4525 conﬁrmationem
3526 4463 3600 4534 (57)

2119 4559 2383 4613 sermonis
2419 4560 2502 4613 sui
2538 4576 2696 4628 quem
2745 4563 2958 4616 dixerat
2993 4580 3005 4614 :
3036 4579 3055 4612 ι
3101 4562 3161 4616 Εἰ
3209 4571 3382 4617 autem
3423 4560 3498 4628 qui
3531 4571 3601 4608 non

2117 4659 2390 4716 operatur,
2409 4652 2581 4704 credit
2606 4662 2782 4705 autem
2807 4653 2857 4705 in
2875 4667 2995 4706 eum
3026 4655 3118 4720 qui
3144 4653 3396 4723 justiﬁeat
3415 4647 3600 4718 impium.

2121 4751 2400 4808 reputatur
2445 4740 2577 4796 ﬁdes
2611 4744 2677 4796 ad
2709 4742 2974 4811 juSIitiam
3001 4744 3068 4808 π,
3115 4764 3136 4796 ι
3167 4745 3390 4800 assumit
3417 4740 3599 4796 testimo-

2119 4833 2265 4884 nium
2300 4833 2366 4887 de
2401 4833 2658 4897 Psalmis,
2693 4848 2748 4889 et
2785 4836 2915 4890 dicit
2950 4852 2966 4891 :
3001 4854 3020 4886 ε
3061 4835 3215 4891 Sicut
3245 4846 3297 4890 et
3338 4833 3482 4890 David
3511 4827 3599 4882 dicit

2120 4927 2504 4983 beatitudinem
2549 4929 2799 4992 hominis,
2835 4933 2923 4982 cui
2955 4927 3094 4983 Deus
3125 4937 3343 4999 accepto
3370 4921 3598 4990 iertjusti-

2045 1709 2086 1764 Β

3420 5101 3456 5132 ⁵³
3485 5095 3594 5148 lium.

2269 5107 2311 5137 ει
2338 5106 2356 5159 l
2385 5107 2512 5159 Cor.
2539 5120 2656 5168 xtu.
2687 5105 2742 5159 2.
2839 5105 2884 5136 θ’
2915 5105 3084 5159 Exod.
3126 5119 3236 5168 xtv,
3267 5105 3352 5158 3|.
3420 5105 3456 5132 ⁵³
3485 5105 3594 5170 Itum.

2269 5176 2352 5218 e7-
2386 5175 2574 5218 Matth-
2612 5191 2700 5218 ur
2733 5176 2826 5218 ex-
2925 5177 2969 5208 ετ
3013 5177 3164 5218 nm..-
3191 5191 3260 5218 νι,
3291 5173 3371 5218 es-
3439 5168 3475 5199 ιε
3506 5161 3595 5218 ibid.

2839 5104 2884 5136 θ’
2915 5105 3084 5159 Exod.
3126 5119 3236 5168 xtv,
3267 5104 3352 5158 3|.

2925 5177 2969 5208 ⁵⁷
3012 5177 3164 5230 ιὶοιυ.
3191 5191 3262 5239 vt,
3291 5173 3371 5227 25.

2036 5252 2076 5281 ⁷¹
2120 5249 2249 5301 Luc.
2304 5262 2466 5310 xxm,
2498 5245 2588 5298 42.
2663 5248 2706 5277 ⁷⁸
2733 5247 2890 5300 Rern.
2936 5260 3010 5311 tv,
3042 5245 3095 5300 5.

2191 5441 2305 5507 (56)
2347 5439 2440 5494 Sic
2465 5453 2656 5493 omnes
2686 5453 2814 5491 mss.
2850 5436 3025 5490 nostri
3053 5451 3068 5499 ;
3115 5434 3240 5490 editi
3270 5444 3401 5494 vero,
3440 5441 3456 5476 ι
3485 5416 3593 5487 cui”

2123 5514 2297 5581 gratia
2331 5524 2432 5581 nos
2454 5509 2748 5577 praecessit.
2784 5527 2801 5581 ρ

2194 5581 2303 5651 (57)
2345 5580 2510 5645 Alias,
2546 5597 2564 5629 ς
2606 5579 2977 5632 ιίι·ιιι.ιιίοιιθηὶ.
3021 5593 3044 5630 ι
