3684 6148
63 305 179 362 965

1035 311 1390 368 COMMENT.
1424 313 1490 368 IN
1531 312 1746 369 EPIST.
1785 316 1875 369 AD
1910 315 2078 372 ROM.
2119 317 2245 373 LIB.
2283 317 2373 374 IV.

3215 321 3320 379 966

65 423 206 476 tiam
238 421 360 478 sine
391 425 647 494 operibus
677 427 724 459 "
757 443 772 482 :
803 428 954 483 Beati
989 445 1216 498 quorum
1255 433 1499 486 remissa:
1531 442 1657 486 sunt
1686 440 1731 494 Α
1761 437 2033 504 nequitim,
2063 436 2136 489 ibi
2154 435 2266 504 jam
2292 448 2500 490 summa
2527 435 2777 504 perfecta:
2804 435 3155 490 beatitudinis
3185 453 3317 508 pro-

66 516 420 585 iniquitates,
470 527 525 572 et
553 534 782 588 quorum
831 530 966 574 tecta
997 532 1122 575 sunt
1167 534 1387 591 peccata
1415 540 1429 576 :
1463 525 1652 579 beatus

66 609 158 661 vir
183 612 400 663 cuinon
432 609 718 680 imputavit
741 613 998 667 Dominus
1028 625 1305 682 peccatum
1327 615 1394 668 ⁷⁵.
1432 634 1450 666 ι
1486 613 1651 668 Vides

65 715 170 771 per
195 701 303 754 hos
322 716 602 756 sermones
622 715 1019 774 consequenter
1035 707 1316 774 approbari
1339 721 1495 775 posse
1512 705 1657 776 quod

1759 529 2023 594 mittatur,
2091 544 2214 582 cum
2275 528 2481 582 nullum
2527 528 2697 596 possit
2751 529 3005 582 Dominus
3052 530 3319 599 imputare

1755 632 2057 689 peccatum.
2091 621 2356 690 lniquitas
2385 635 2517 675 sane
2549 636 2579 673 a
2605 629 2824 688 peccato
2851 622 2990 674 hanc
3019 621 3184 675 habet
3212 621 3318 675 dif-

1759 711 2064 776 ferentiam,
2090 713 2234 782 quod
2269 713 2525 781 iniquitas
2549 713 2600 765 itt
2628 713 2709 766 his
2733 713 2950 772 dicitur.
2982 727 3102 780 qua:
3126 723 3317 768 contra

66 800 366 859 reputetur
397 792 599 844 homini
646 793 849 860 iustitia
888 795 1003 848 sine
1030 796 1303 865 operibus.
1333 796 1488 852 Unde
1524 796 1659 850 mihi
1755 803 1923 872 legem
1948 807 2400 860 committuntur;
2428 805 2566 858 unde
2586 804 2872 858 etGrtecus
2895 805 3316 875 sermodvopiav

64 885 294 938 videtur
317 886 423 940 hoc
449 878 780 940 intellexisse
812 887 1122 957 Apostolus,
1157 890 1282 958 quia
1313 890 1649 958 impossibile

65 977 138 1029 sit
174 978 231 1028 in
263 977 502 1042 homine,
551 978 635 1031 cui
675 976 785 1045 jam
820 994 918 1047 per
960 989 1170 1033 aetatem
1207 982 1552 1035 discernendi
1582 984 1648 1036 de

67 1069 214 1120 bono
249 1079 310 1121 et
359 1069 501 1120 ntalo
548 1067 702 1122 adest
744 1068 1067 1132 intellectus,
1115 1086 1290 1139 neque
1327 1072 1643 1141 iujustitiatu

68 1160 274 1223 inesse,
309 1175 482 1224 neque
505 1158 791 1227 justitiam.
827 1159 978 1226 Quod
1002 1163 1048 1216 si
1093 1163 1164 1215 ita
1199 1174 1303 1228 Est,
1338 1165 1454 1219 siue
1475 1168 1645 1220 altero

64 1264 97 1303 e
125 1249 348 1304 duobus
373 1251 604 1304 inveniri
639 1241 815 1304 anima
847 1268 952 1306 non
989 1264 1198 1321 potest;
1239 1266 1287 1310 et
1328 1266 1532 1311 certum
1563 1269 1644 1312 est

67 1341 113 1395 si
132 1341 370 1396 desierit
395 1340 505 1411 ('58)
541 1356 570 1395 a
617 1341 794 1406 malis,
831 1345 976 1411 quod
1004 1345 1112 1412 jam
1138 1346 1444 1402 inveniatur
1475 1350 1525 1402 in
1552 1351 1641 1404 bo-

67 1431 172 1486 uis.
208 1431 268 1485 In
304 1432 463 1485 malis
492 1440 672 1486 autem
708 1447 814 1487 non
846 1443 928 1488 est
959 1435 1051 1489 illa
1083 1438 1287 1502 anima,
1313 1440 1466 1510 cujus
1505 1457 1528 1492 ι
1560 1457 1644 1495 re-

69 1524 250 1578 missae
279 1535 410 1577 sunt
433 1523 766 1593 iniquitates,
797 1544 816 1577 ι
855 1535 910 1580 et
941 1527 1098 1596 cujus
1129 1547 1148 1579 r
1200 1538 1339 1584 tecta
1368 1541 1493 1586 sunt
1520 1547 1644 1601 pec-

73 1627 251 1684 cata,»
284 1627 339 1672 et
365 1636 384 1668 ι
422 1619 508 1671 cui
544 1633 650 1672 non
686 1619 973 1688 imputavit
1008 1622 1118 1693 (59)
1155 1623 1414 1680 Dominus
1454 1641 1646 1694 pecca-

69 1719 182 1763 tum
223 1711 270 1742 '"‘
305 1731 316 1764 :
347 1729 367 1762 ι
402 1713 732 1765 conveniens
770 1727 899 1781 ergo
925 1724 1009 1767 est
1043 1716 1184 1770 utsit
1215 1716 1266 1769 in
1293 1716 1644 1772 bonis.Com-

1753 897 1988 964 appellat
2041 897 2409 964 iniquitatem,
2448 898 2548 950 hoc
2586 907 2689 959 est,
2717 898 2856 965 quod
2891 898 3004 952 sine
3045 899 3160 967 lege
3200 899 3315 969 (45)

1752 990 2141 1055 committitur;
2170 989 2332 1062 52ἇΙ
2375 1001 2652 1059 peccatum
2682 1003 2810 1041 vero
2844 990 3006 1042 etiam
3044 990 3173 1043 illud
3211 991 3316 1045 dici

1753 1086 1950 1146 potest,
1985 1079 2027 1131 si
2054 1089 2240 1131 contra
2273 1094 2439 1147 quam
2471 1089 2663 1133 natura
2687 1079 2863 1142 docet,
2894 1089 2948 1133 et
2979 1078 3314 1135 conscientia

1751 1167 1948 1236 arguit,
1984 1167 2349 1236 deliuquatur.

1817 1259 1874 1312 2.
1929 1276 1948 1310 ι
2003 1259 2286 1314 Beatitudo
2325 1276 2454 1329 ergo
2498 1261 2610 1316 haec
2650 1261 2702 1316 in
2733 1260 3146 1316 circumcisione
3176 1259 3316 1330 (44),

1751 1361 1819 1400 an
1851 1349 2013 1402 etiam
2051 1349 2100 1402 in
2143 1350 2707 1417 pr:uptttio?Dicimus
2739 1352 2882 1404 enim
2917 1351 3317 1420 quiareputata

1749 1449 1834 1493 est
1855 1439 2088 1494 Abrahae
2119 1441 2252 1495 ﬁdos
2283 1444 2347 1494 ad
2369 1441 2658 1509 justitiam.
2679 1442 2959 1508 Quomodo
2983 1455 3112 1512 ergo
3147 1457 3316 1512 repu-

1753 1541 1864 1584 tata
1908 1532 2196 1587 est?Cum-
2221 1532 2274 1584 in
2309 1533 2724 1588 circumcisione
2756 1544 2935 1598 esset,
2988 1550 3056 1588 an
3095 1550 3217 1588 cum
3259 1535 3316 1589 in

1750 1623 2008 1691 prteputio
2033 1622 2311 1695 (45)?Non
2342 1625 2392 1678 in
2426 1626 2863 1690 circumcisione,
2890 1626 2984 1682 sed
3019 1628 3072 1680 in
3104 1641 3317 1697 praepu-

1753 1715 1845 1767 tio.
1874 1715 1939 1768 Et
1965 1716 2174 1786 signum
2201 1718 2412 1784 accepit
2443 1719 2940 1784 circumcisionem,
2977 1719 3311 1788 signaculum

66 1811 314 1870 potenter
384 1804 547 1873 igitur
607 1808 673 1859 ad
740 1808 1116 1862 remissionem
1176 1808 1519 1878 iuiquitatum
1590 1821 1644 1864 et
1677 1803 1717 1856 Β
1742 1805 1970 1876 justitia:
1997 1809 2141 1873 ﬁdei,
2171 1824 2294 1878 qua:
2323 1818 2408 1863 est
2439 1810 2490 1862 in
2519 1811 2786 1878 prteputio
2811 1827 2826 1864 :
2855 1822 2912 1865 ut
2934 1813 3008 1865 sit
3029 1822 3180 1881 pater
3205 1828 3314 1866 om-

69 1896 433 1950 obtectionem
485 1910 854 1967 peccatorum,
901 1910 958 1956 et
996 1903 1062 1954 ad
1102 1901 1153 1955 id
1195 1904 1337 1970 quod
1379 1917 1485 1956 non
1529 1902 1641 1973 (40)

69 1989 296 2058 imputat
345 1992 607 2046 Dominus
650 2004 952 2062 peccatum,
1002 1995 1132 2048 dicit
1175 1993 1466 2065 Apostolus
1500 1998 1642 2064 quod

72 2081 273 2134 homini
300 2081 524 2150 iustitia:
556 2093 838 2154 reputetur
859 2085 929 2152 ⁷⁸,
955 2086 1079 2140 licet
1101 2089 1341 2140 nondum
1365 2101 1528 2156 opera
1556 2087 1644 2157 ju-

71 2175 226 2228 stitiae
257 2177 464 2246 egerit,
514 2179 607 2233 sed
636 2194 736 2247 pro
772 2194 838 2234 eo
875 2188 1082 2234 tantum
1121 2181 1263 2250 quod
1299 2181 1536 2235 credidit
1585 2180 1639 2234 in

71 2281 186 2321 eum
219 2271 310 2336 qui
351 2267 618 2335 justiﬁcat
651 2270 896 2337 impium.
938 2271 1154 2324 lnitittm
1183 2286 1416 2341 namque
1440 2260 1641 2340 justiﬁ-

78 2357 187 2411 cari
219 2373 246 2409 a
277 2358 412 2426 Deo,
446 2361 576 2415 ﬁdes
599 2371 678 2416 est
703 2377 822 2431 quae
853 2363 1026 2416 credit
1057 2363 1108 2416 in
1129 2361 1544 2430 justiﬁcantem.
1576 2368 1642 2422 Et

74 2450 182 2503 haec
208 2449 345 2504 ﬁdes
377 2465 496 2504 cum
519 2451 815 2521 justiﬁcata
843 2452 1028 2517 fuerit,
1065 2462 1318 2522 tanquam
1356 2456 1502 2510 radix
1537 2457 1639 2510 im-

71 2539 162 2592 bre
184 2552 442 2608 suscepto
475 2543 643 2596 haeret
664 2543 715 2596 in
745 2543 942 2596 animae
970 2543 1107 2608 solo,
1129 2553 1186 2595 ut
1215 2558 1336 2597 cum
1356 2559 1452 2612 per
1471 2545 1638 2615 legem

77 2629 162 2683 Dei
193 2632 372 2684 excoli
405 2633 658 2698 ceperit,
691 2643 916 2703 surgant
949 2634 1001 2687 in
1035 2649 1096 2688 ea
1127 2634 1264 2688 rami
1307 2635 1398 2702 qui
1435 2634 1641 2690 fructus

71 2735 286 2787 Operum
335 2722 536 2776 ferant.
582 2721 698 2776 Non
731 2737 861 2791 ergo
903 2738 967 2776 ex
1017 2725 1272 2792 operibus
1307 2724 1456 2779 radix
1485 2722 1640 2790 justi-

74 2815 173 2876 tiaz,
202 2815 293 2869 sed
324 2830 393 2868 ex
435 2816 621 2869 radice
651 2817 877 2884 justitize
904 2817 1115 2873 fructus
1150 2833 1373 2886 operum
1410 2819 1634 2883 crescit,

79 2908 161 2960 illa
189 2910 397 2964 scilicet
438 2911 620 2964 radice
657 2909 918 2977 juStitiaz,
961 2925 1066 2978 qua
1104 2911 1241 2965 Deus
1282 2920 1506 2980 accepto
1536 2909 1640 2964 fert

75 3000 326 3068 justitiam
361 3001 482 3055 sine
518 3004 774 3070 operibus
799 3002 866 3056 ⁷⁷.
913 3002 1064 3057 Unde
1103 3013 1390 3071 propterea
1432 3013 1558 3072 pulo
1585 3011 1639 3056 et

79 3095 235 3146 David
282 3095 559 3148 tricesimo
601 3095 776 3163 primo
819 3094 932 3164 (41)
975 3095 1202 3161 psalmo,
1249 3109 1409 3164 quem
1442 3110 1636 3164 super-

81 3187 305 3254 scripsit,
326 3207 343 3239 ι
372 3187 682 3243 Intellectus
716 3186 944 3255 David,»
973 3187 1190 3241 dedisse
1222 3186 1362 3240 istud
1396 3187 1635 3249 initium,

81 3278 362 3334 admonens
385 3295 484 3349 per
506 3281 677 3348 ipsam
716 3280 1237 3350 superscriptionem
1263 3279 1513 3333 altiorem
1539 3279 1634 3332 de-

85 3370 200 3422 bere
229 3372 426 3440 requiri
476 3371 810 3426 intellectum
859 3373 912 3426 in
953 3373 1037 3426 his
1075 3387 1193 3440 qua:
1217 3373 1461 3425 dicturus
1494 3379 1632 3436 erat,

80 3463 194 3529 quia
231 3480 251 3513 ι
284 3464 428 3518 beati
456 3479 685 3532 quorum
728 3465 1080 3519 remittuntur
1115 3465 1429 3534 iniquitates
1467 3482 1480 3518 :
1517 3483 1536 3515 ι
1565 3465 1633 3518 de

80 3555 281 3623 quibus,
315 3567 478 3626 prout
503 3558 814 3625 potuimus,
855 3557 1122 3620 diximus,
1151 3571 1271 3610 cum
1307 3555 1376 3609 de
1407 3555 1634 3611 Psalmis

80 3661 167 3716 per
187 3650 430 3704 ordinem
462 3650 813 3704 dictaretnus.
846 3650 952 3704 Sed
978 3657 1262 3717 promovet
1291 3664 1392 3703 nos
1423 3649 1634 3703 ordinis

82 3738 236 3808 ipsius
254 3740 577 3805 diﬁ'erentia,
617 3741 760 3809 quod
787 3741 962 3808 primo
984 3739 1140 3803 dixit,
1177 3756 1195 3789 ι
1226 3737 1376 3792 Beati
1401 3753 1629 3808 quorum

84 3835 303 3886 remissae
335 3831 818 3900 suntiniquitates;
857 3847 878 3880 ι
919 3829 1178 3893 secundo,
1218 3845 1234 3878 ι
1275 3829 1514 3893 Quorum
1555 3838 1633 3880 te-

83 3929 155 3974 cta
178 3932 296 3976 sunt
326 3930 545 3993 peccata
576 3940 588 3975 :
629 3941 647 3972 »
678 3922 857 3980 tertio,
895 3937 914 3968 ι
944 3919 1043 3974 Cui
1073 3933 1179 3972 non
1210 3919 1493 3987 imputavit
1519 3919 1629 3991 (42)

85 4010 322 4068 Dominus
349 4023 633 4082 peccatum
665 4012 731 4065 ⁷⁸.
768 4030 786 4062 ι
817 4012 880 4064 Et
911 4012 1031 4063 vide
1063 4010 1105 4064 si
1135 4009 1274 4063 forte
1305 4020 1488 4077 potest
1527 4011 1631 4064 iste

83 4103 202 4157 ordo
224 4103 273 4157 in
299 4105 480 4158 anima
512 4119 617 4158 una
649 4095 952 4170 eademque
975 4101 1198 4171 intelligi
1231 4119 1244 4155 :
1280 4109 1335 4154 ut
1365 4101 1490 4170 quia
1524 4101 1630 4154 ini-

85 4191 202 4245 tium
243 4204 323 4249 est
369 4194 740 4250 conversionis
783 4193 978 4248 animm
1032 4191 1170 4246 mala
1229 4191 1627 4259 derelinquere,

84 4296 171 4350 pro
213 4285 310 4340 hoc
350 4287 696 4356 iniquitatem
747 4285 1122 4340 remissionem
1164 4291 1436 4338 mereatur
1488 4284 1629 4338 acci-

87 4388 196 4439 pere
220 4391 234 4429 :
260 4382 376 4431 cuin
405 4389 587 4432 autem
611 4380 840 4448 coeperit
859 4378 1000 4432 bona
1027 4377 1226 4441 facere,
1253 4377 1397 4431 velut
1415 4377 1626 4448 singula

1749 1899 1895 1952 nium
1929 1900 2261 1954 credentium
2309 1916 2404 1969 per
2453 1904 2798 1970 praeputium,
2845 1912 2904 1956 ut
2949 1912 3230 1972 reputetur
3257 1912 3315 1958 et

1722 1989 1853 2044 illis
1881 1991 1948 2043 ad
1988 1991 2280 2058 justitiam,
2317 2001 2371 2045 ct
2412 1991 2484 2045 sit
2519 2002 2674 2062 pater
2704 1993 3171 2059 circumcisionis,
3200 2011 3306 2049 non

1745 2083 1830 2137 his
1866 2092 2071 2136 tantum
2119 2085 2210 2154 qui
2250 2094 2376 2139 sunt
2420 2085 2473 2138 in
2506 2084 2946 2154 circumcisione,
2993 2087 3088 2143 sed
3120 2097 3173 2142 et
3204 2089 3314 2144 illis

1744 2177 1834 2246 qui
1864 2186 2137 2231 sectantur
2165 2177 2390 2247 vestigia
2416 2175 2534 2244 ejus
2563 2191 2686 2246 qua:
2707 2187 2791 2232 est
2816 2177 2870 2232 in
2897 2180 3160 2249 praeputio
3187 2180 3309 2234 ﬁdei

1743 2269 1913 2339 patris
1952 2270 2122 2322 nosui
2161 2269 2391 2323 Abrahae
2415 2269 2484 2322 '9.
2520 2286 2540 2320 ι
2577 2251 2709 2323 Cum
2759 2270 2985 2325 dixisset
3027 2273 3312 2340 superius,

1742 2360 1866 2428 quia
1895 2377 1914 2409 ι
1949 2359 2180 2414 credidit
2213 2359 2489 2413 Abraham
2541 2358 2667 2421 Deo,
2703 2369 2758 2413 et
2795 2369 3098 2429 reputatum
3147 2371 3231 2415 est
3263 2363 3311 2416 ei

1743 2451 1808 2502 ad
1834 2449 2096 2517 justitiam
2125 2449 2192 2514 ⁸ο,
2226 2469 2244 2501 ι
2272 2459 2327 2503 et
2351 2451 2722 2518 hujuscemodi
2760 2452 2894 2507 ﬁdes
2921 2451 3049 2520 quid
3089 2451 3314 2507 haberet

1741 2539 2092 2593 beatitudinis
2144 2541 2471 2595 ostendisset
2516 2556 2584 2595 ex
2635 2540 2722 2594 his
2769 2556 2891 2610 quae
2933 2542 2985 2597 in
3037 2543 3313 2598 tricesimo

1741 2623 1915 2701 primo
1960 2631 2072 2704 (46)
2111 2634 2310 2702 scripta
2345 2643 2469 2689 sunt
2519 2635 2751 2704 psalmo,
2789 2635 2921 2704 quia
2953 2635 3027 2689 ita
3065 2637 3306 2691 credenti

1741 2741 1845 2778 non
1875 2735 2147 2793 reputaret
2175 2725 2435 2781 Dominus
2463 2736 2744 2796 peccatum
2771 2727 2840 2792 δι,
2882 2728 3139 2798 proponit
3165 2743 3310 2782 nunc

1741 2815 2239 2884 interrogationem,
2264 2830 2333 2869 ex
2375 2816 2529 2883 cujus
2553 2817 2906 2884 responsione
2932 2817 3127 2872 doceat
3161 2817 3308 2888 (47),

1739 2917 1792 2961 et
1815 2923 1878 2960 ex
1922 2908 2036 2976 ipsa
2062 2917 2366 2976 temporum
2410 2909 2636 2974 ratione,
2672 2912 2813 2978 quod
2855 2910 3128 2965 beatitudo
3153 2911 3310 2981 justi-

1741 2997 2008 3052 ﬁcationis
2045 2999 2277 3052 Abrahae
2309 3015 2416 3052 non
2455 3001 2508 3053 in
2533 3000 2966 3067 circumcisione,
2998 3005 3092 3057 sed
3128 3004 3308 3060 adhuc

1741 3091 1794 3145 iu
1828 3091 2088 3159 praaputio
2125 3092 2300 3157 posito
2329 3093 2450 3145 data
2481 3103 2586 3147 est.
2623 3093 2778 3159 Quod
2809 3095 2853 3147 si
2887 3095 3160 3149 Abraham
3185 3112 3306 3150 cum

1739 3191 1883 3236 esset
1914 3182 2090 3236 adhuc
2119 3182 2172 3234 in
2203 3184 2467 3252 praeputio
2493 3199 2560 3237 ex
2594 3185 2697 3238 ﬁde
2719 3185 3049 3253 justiﬁcatus
3080 3198 3182 3251 est,
3208 3204 3308 3258 po-

1741 3282 1846 3327 test
1881 3284 1935 3326 et
1965 3275 2140 3328 onmis
2178 3275 2270 3343 qui
2310 3275 2490 3330 credit
2534 3275 2645 3331 Deo
2682 3275 2968 3343 justiﬁcari
3004 3295 3102 3348 per
3129 3282 3306 3343 Iidem,

1737 3366 1946 3420 etiamsi
1976 3367 2048 3420 sit
2077 3366 2128 3420 in
2158 3373 2444 3436 prmputto,
2469 3377 2525 3421 et
2549 3367 2825 3436 pertinere
2846 3368 3007 3422 etiam
3039 3371 3105 3423 ad
3134 3371 3305 3438 ipsum

1737 3459 1851 3513 haec
1880 3458 2158 3514 beatitudo
2189 3461 2256 3511 de
2279 3473 2382 3526 qua
2407 3458 2606 3511 dicitur
2636 3458 2747 3528 (48)
2777 3476 2790 3513 :
2827 3477 2844 3510 ι
2873 3459 3070 3516 Beatus
3097 3464 3181 3517 cui
3203 3479 3307 3516 non

1737 3550 2024 3620 imputavit
2076 3549 2334 3603 Dominus
2388 3558 2670 3617 peccatum
2715 3550 2781 3603 ³⁸.
2825 3568 2845 3602 ι
2889 3551 3140 3607 Ostendit
3177 3569 3310 3623 ergo

1735 3639 1858 3706 quia
1903 3653 2012 3691 non
2046 3637 2270 3691 cuilibet
2304 3637 2567 3692 Dominus
2607 3652 2713 3692 non
2746 3640 2977 3707 imputet
3001 3652 3306 3712 peccatum,

1735 3732 1827 3782 sed
1877 3730 1926 3784 ei
1964 3729 2053 3798 qui
2098 3730 2391 3784 crediderit
2430 3741 2655 3799 propter
2681 3731 2840 3786 ﬁdem
2889 3749 3040 3789 suam
3084 3747 3300 3803 peccata

1735 3835 1841 3873 nou
1888 3829 2117 3887 reputet.
2161 3819 2315 3874 Sicut
2345 3822 2488 3875 enim
2515 3822 2750 3879 Abrahae
2778 3836 3037 3895 ,reputata
3063 3838 3146 3882 est
3177 3828 3310 3883 ﬁdes

1733 3912 1798 3963 ad
1820 3912 2109 3980 justitiam,
2137 3912 2209 3965 ita
2237 3923 2292 3966 et
2321 3914 2467 3968 omni
2497 3916 2740 3970 credenti
2772 3918 2862 3971 cui
2895 3918 3027 3973 ﬁdes
3049 3920 3118 3973 ad
3143 3918 3304 3988 justi-

1735 4004 1865 4056 tiam
1922 4013 2217 4073 reputatur,
2279 4015 2500 4073 peccata
2559 4007 2748 4075 utique
2792 4022 2898 4062 non
2946 4008 3303 4078 imputantur.

1731 4093 1916 4164 Neque
1939 4095 2080 4149 enim
2100 4095 2167 4149 de
2189 4095 2352 4164 justis
2375 4096 2508 4152 dicit
2531 4099 2659 4167 quia
2687 4108 2968 4168 reputatur
2985 4103 3064 4156 eis
3089 4101 3220 4156 ﬁdes
3237 4105 3303 4157 ad

1727 4188 2014 4258 justitiam.
2050 4189 2204 4255 Quod
2249 4191 2290 4245 si
2338 4190 2410 4243 ita
2465 4199 2682 4259 putetur
2717 4190 2854 4262 (49),
2887 4208 3007 4262 qua:
3035 4193 3307 4248 videbitur

1731 4283 1902 4352 gratia
1945 4283 2096 4352 justo
2172 4282 2681 4352 reptttarthtstitia
2733 4285 2799 4337 ad
2851 4283 3300 4352 justitiam?Sed

1731 4374 1917 4444 urique
1948 4373 2021 4427 illi
2053 4374 2183 4428 dicit
2220 4375 2377 4428 ﬁdem
2422 4385 2722 4442 reputatam
2759 4391 2881 4430 esse
2917 4376 2982 4428 ad
3006 4376 3300 4444 justitiam,

87 4481 291 4537 quque
327 4487 446 4541 qua,
491 4481 880 4541 μτωρθεεθτηηι
925 4470 1062 4525 mam
1114 4471 1272 4526 bonis
1312 4471 1626 4526 recentibus
1657 4497 1702 4556 υ
1731 4465 1822 4533 qui
1862 4474 2150 4534 antequam
2201 4465 2428 4519 haberet
2466 4465 2608 4519 hanc
2653 4466 2839 4531 ﬁdem,
2872 4465 3144 4534 justitiam
3194 4481 3299 4523 non

87 4567 342 4633 obtegens,
364 4577 420 4621 et
457 4565 907 4620 abundantiorem
945 4579 1227 4619 numerum
1260 4564 1626 4619 bonorumin-

91 4655 352 4713 trodueens
377 4671 537 4728 quam
561 4657 712 4725 prius
741 4657 918 4710 fuerat
945 4657 1210 4712 malorum
1231 4696 1248 4723 ,
1291 4665 1470 4726 tegere
1495 4670 1624 4726 pec-

89 4754 194 4799 cata
220 4747 420 4803 dicatur
458 4751 594 4806 :ubi
638 4764 765 4803 vero
799 4747 910 4815 jam
956 4747 1024 4802 ad
1056 4745 1352 4816 perfectum
1395 4746 1622 4811 venerit,

91 4832 155 4887 ita
169 4845 224 4892 ut
251 4841 422 4896 omnis
447 4841 514 4896 de
541 4855 604 4895 ea
635 4839 854 4894 malitiae
877 4838 1030 4892 radix
1055 4837 1274 4908 penitus
1289 4843 1628 4910 amputetur,

91 4941 146 4980 ρο
171 4945 326 5000 usque
360 4944 419 4987 ut
448 4935 654 4987 nullum
699 4935 748 4986 in
782 4948 844 4986 ea
874 4931 1156 5002 vestigium
1187 4928 1361 4997 possit
1391 4927 1622 4981 inveniri

150 5025 190 5056 ⁷³
239 5025 388 5082 Rom.
413 5042 485 5088 ιν,
511 5025 563 5082 6.
639 5029 684 5060 ⁷⁸⁵
717 5028 860 5084 Psal.
897 5043 1050 5092 xxxi,
1097 5028 1154 5091 1,
1186 5027 1240 5078 2-.
1317 5025 1362 5056 ⁷⁵
1396 5022 1552 5076 Rom.
1578 5038 1614 5075 tt

164 5093 293 5144 Psal-
342 5117 483 5144 κιαι,
517 5103 566 5144 1,
600 5101 655 5144 ἓ-
757 5100 802 5130 ⁷³
842 5099 998 5144 an-
1051 5114 1123 5144 Iv-
1156 5099 1190 5144 Ω
1215 5112 1331 5144 son-
1445 5093 1490 5125 ⁸⁰
1538 5094 1608 5144 ibi

1791 5024 1822 5085 l;
1859 5020 1999 5073 Psal.
2034 5035 2179 5077 XXXI.
2206 5018 2330 5084 1,2.

1871 5091 1915 5121 ⁸¹
1969 5091 2099 5144 ibid.
2150 5094 2204 5142 ὅ.
2314 5090 2330 5118 ⁸

93 5090 132 5167 ἶξ
164 5093 293 5149 Psal.
341 5117 485 5164 XXXI,
517 5103 570 5167 1,
600 5101 655 5153 2.

92 5161 132 5195 ³³
177 5167 293 5222 ibid.
325 5170 375 5233 6,
409 5170 459 5225 7.

154 5258 255 5328 (58)
280 5262 440 5328 Alias,
476 5283 493 5315 ι
528 5273 584 5317 et
619 5279 742 5317 cum
770 5277 889 5316 esse
920 5261 1160 5315 desierit.
1211 5279 1229 5312 ι

151 5327 252 5400 (ξξὶ)
282 5327 440 5396 Alias,
472 5353 491 5385 ι
525 5334 825 5400 imputabit.
867 5350 886 5382 ι

288 5402 450 5467 Alias,
485 5423 503 5456 ι
540 5396 826 5469 θῑίιιίιιιιίἀ
849 5399 990 5470 quod
1019 5417 1145 5454 non.
1181 5419 1200 5450 ι

154 5469 254 5535 (tl)
294 5471 489 5526 Primo.
527 5473 688 5527 Deest
721 5474 774 5524 iu
807 5469 963 5525 antea
991 5472 1173 5526 editis.

276 5541 434 5611 Alias,
467 5563 486 5594 ι
525 5542 826 5611 imputabit.
858 5560 878 5593 ι

154 5607 252 5678 (45)
288 5609 375 5665 Sic
429 5629 529 5669 ms.
586 5607 743 5668 unus.
791 5611 979 5666 Caneri
1027 5624 1156 5666 vero
1193 5625 1322 5664 mss.
1369 5620 1422 5663 et
1465 5609 1617 5670 editi,

104 5688 120 5721 ε
151 5681 274 5750 quod
304 5685 670 5746 committitur,
696 5701 712 5732 ι
741 5683 954 5736 omissis
985 5681 1205 5736 vocibus
1228 5698 1246 5729 ι
1275 5681 1390 5733 sine
1419 5681 1550 5750 lego.
1594 5699 1612 5731 ι

163 5747 259 5818 (44)
297 5749 383 5806 Sic
416 5771 540 5809 mss.
567 5754 709 5808 Editi
731 5767 878 5820 vero,
919 5770 936 5803 ι
975 5757 1025 5807 iu
1059 5747 1615 5806 circuutcisiotte'tau-

757 5100 802 5130 ⁷³
842 5099 998 5153 Rom.
1051 5114 1124 5164 tv,
1156 5099 1190 5152 9
1215 5112 1331 5167 seq.

1445 5093 1490 5125 ⁸ο
1538 5094 1669 5148 ibid.

1731 4554 1998 4619 habebat:
2037 4564 2094 4611 et
2131 4555 2230 4610 iste
2272 4566 2353 4610 est
2395 4558 2580 4626 utique
2622 4557 2849 4622 beatus,
2890 4558 2976 4612 cui
3024 4558 3167 4612 Deus
3203 4572 3298 4612 ac-

1733 4660 1892 4718 cepto
1929 4649 2035 4704 fert
2068 4649 2334 4720 justitiam
2367 4650 2486 4703 sine
2527 4649 2814 4718 Operibus,
2857 4659 2911 4703 et
2941 4650 3026 4704 cui
3059 4665 3164 4705 nou
3194 4651 3299 4704 im-

1731 4751 1952 4812 putatur
1982 4752 2286 4809 peccatum,
2323 4739 2408 4794 cui
2449 4740 2614 4794 etiam
2658 4741 2900 4795 remissae
2938 4751 3069 4795 sunt
3108 4741 3304 4812 iniqui-

1735 4841 1904 4899 tates,
1951 4843 2006 4885 et
2049 4831 2259 4886 obtecta
2293 4830 2337 4884 si
2381 4844 2486 4898 qua
2525 4838 2685 4882 antea
2734 4831 2948 4883 l’uerant
2977 4843 3198 4900 peccata
3227 4831 3294 4886 ⁸³.

1734 4925 1904 4980 Simul
1963 4935 2142 4978 autem
2187 4931 2242 4978 et
2291 4925 2482 4976 edocet
2528 4935 2628 4976 nos
2667 4921 2980 4992 diligentius
3023 4923 3298 4978 intendere

2476 5017 2524 5048 ⁷⁵
2559 5016 2712 5069 Rom.
2745 5033 2816 5078 tv,
2861 5017 2914 5074 5.
2990 5020 3036 5052 ’⁷⁷
3076 5018 3204 5072 ibid.
3239 5018 3294 5071 6.

2314 5089 2359 5119 ⁸³
2401 5087 2542 5143 Psal.
2593 5104 2744 5153 χχχι,
2778 5088 2846 5154 2;
2883 5089 3035 5144 lium.
3097 5104 3171 5151 tv,
3237 5090 3292 5142 8.

1733 5263 1843 5308 tum
1879 5261 2080 5306 monet.
2127 5272 2146 5304 ι

1801 5324 1913 5394 (45)
1956 5323 2115 5394 ξιιίιὶ,
2147 5341 2166 5373 ι
2205 5322 2256 5375 in
2289 5320 2723 5394 circumcisione,
2750 5334 2816 5372 an
2852 5317 2902 5370 in
2930 5313 3234 5387 prmputio?
3266 5332 3286 5366 ι

1801 5392 1912 5465 (46)
1954 5392 2116 5465 Editi,
2148 5412 2166 5443 ι
2200 5393 2448 5465 septimo.
2492 5409 2511 5441 ι

1801 5459 1912 5536 (47)
1951 5463 2118 5536 Alias,
2159 5483 2177 5515 ι
2205 5463 2482 5523 doceatur,
2516 5479 2534 5510 ι
2574 5460 2668 5536 al._,
2699 5477 2717 5510 ί
2751 5459 3124 5536 doceantur.)

1800 5525 1912 5604 (48)
1954 5535 2044 5604 Sic
2089 5525 2218 5587 mss.
2272 5548 2444 5595 unus;
2486 5531 2665 5584 cazteri
2711 5542 2835 5580 vero
2875 5540 3004 5578 mss.
3039 5533 3094 5578 et
3126 5525 3288 5591 editi,

1721 5625 1752 5670 ¹ι
1787 5622 1904 5673 qua:
1931 5603 2080 5657 dicit.
2119 5622 2139 5655 ι
2222 5672 2236 5674 _
2345 5672 2354 5674 _
2426 5671 2435 5674 _
2940 5664 2974 5674 ,κ
3017 5664 3027 5674 .

1802 5664 1911 5745 (49)
1953 5674 2117 5733 Alias,
2159 5692 2177 5725 ι
2207 5672 2356 5738 Quod
2395 5671 2447 5745 si_
2473 5675 2828 5745 reputaretu‘r.
2877 5664 3140 5745 [Deinde
3165 5680 3286 5721 om.

1730 5734 1825 5802 nes
1859 5734 2016 5812 lliSS.,
2057 5734 2329 5808 mendose,
2369 5761 2386 5793 ι
2422 5734 3088 5800 JustitiamadJUstitiatu.
3130 5755 3151 5788 ι
