3684 6148
382 235 487 291 967

1831 237 1947 294 0R!

2128 240 2157 294 5
3566 246 3651 300 θα

379 350 642 418 lectioni,
683 366 806 407 cum
857 363 967 407 tam
1007 351 1296 423 vigilanter
1327 365 1550 411 enarrat
1578 371 1640 411 ea
1678 372 1798 425 qum
1829 360 1967 413 scri-
1995 388 2042 445 Α
2071 358 2343 423 videatur,
2377 358 2429 413 id
2452 368 2554 426 est,
2593 377 2613 412 ι
2649 361 2896 430 signum,
2925 380 2946 413 ι
2970 371 3024 416 et
3060 380 3082 414 ι
3108 361 3464 432 signaculum
3486 365 3649 434 (58).»

379 455 469 514 pta
507 454 634 500 sunt
663 446 731 498 de
755 446 1064 511 Abraham,
1109 449 1234 516 quia
1273 466 1292 500 ι
1330 460 1576 520 reputata
1625 463 1710 505 est
1741 452 1790 505 ei
1833 451 1969 506 ﬁdes

381 536 770 606 adojustitiam.
828 557 847 591 ι
907 535 1032 593 Vult
1089 554 1119 592 a
1181 540 1335 595 nobis
1402 543 1738 598 considerari
1800 545 1968 598 etiam

378 629 594 697 quando
611 628 728 702 (50)
753 639 998 698 reputata
1023 632 1117 696 sit,
1143 648 1251 702 quo
1274 645 1331 687 et
1356 636 1616 705 temporis
1641 637 1780 691 ratio
1807 639 1858 693 in
1884 639 1970 694 bis

377 739 498 793 qua:
538 725 741 794 scripta
794 735 920 777 sunt
961 725 1280 794 colligatur,
1313 738 1567 782 utrumne
1617 729 1669 782 in
1702 731 1967 800 praeputio

376 817 552 870 adhuc
605 825 748 870 esset
808 832 934 871 cum
997 818 1100 871 ista
1139 817 1282 871 dicta
1328 827 1490 880 sunt,
1542 835 1610 873 an
1677 822 1968 878 transisset

378 909 484 979 jam
523 906 638 979 (51)
685 911 750 962 ad
803 910 1318 974 circnmcisionem;
1347 921 1403 965 et
1446 913 1526 966 ait
1563 931 1576 968 :
1617 931 1635 963 ί
1685 913 1966 981 Quomodo

377 1018 508 1072 ergo
538 1013 784 1071 reputata
820 1016 904 1058 est
931 1005 1065 1058 lides
1085 1005 1201 1070 ejus
1235 1006 1302 1059 ad
1323 1004 1593 1072 justitiam
1623 1007 1802 1063 ?Cum
1820 1019 1969 1065 esset

377 1095 433 1147 in
467 1095 913 1160 circumcisione,
945 1112 1012 1151 an
1039 1112 1160 1151 cum
1190 1106 1335 1152 esset
1370 1099 1423 1152 in
1461 1099 1724 1169 praeputio
1745 1101 1830 1154 “‘2
1858 1120 1878 1154 ι
1908 1101 1965 1157 Si

375 1188 521 1241 enim
552 1187 746 1242 luisset
773 1189 822 1241 id
845 1189 1112 1259 temporis
1137 1191 1191 1243 in
1215 1190 1658 1256 circumcisione,
1686 1191 1968 1248 videretur

377 1281 568 1349 utique
601 1295 631 1333 a
685 1281 807 1335 ﬁdei
852 1279 1013 1350 hujus
1060 1281 1235 1351 gratia
1272 1283 1555 1337 exclusura
1599 1298 1723 1338 esse
1749 1299 1961 1355 praepu-

379 1369 534 1424 tiut.
577 1369 731 1425 Nunc
761 1387 895 1425 vero
925 1372 1189 1438 ostendit,
1227 1375 1371 1442 quod
1402 1375 1458 1428 in
1487 1376 1753 1445 praeputio
1785 1377 1965 1432 adlmc

376 1463 553 1530 posito
583 1472 830 1531 reputata
860 1471 947 1518 est
983 1463 1114 1519 ﬁdes
1143 1465 1209 1519 ad
1245 1464 1536 1533 justitiam,
1566 1476 1622 1521 et
1665 1467 1786 1523 ideo
1833 1483 1963 1538 pro-

2071 449 2179 505 Sed
2225 451 2355 504 mihi
2409 460 2642 520 uterque
2686 468 2866 508 sermo
2907 453 3139 508 multam
3185 455 3336 509 inter
3366 470 3431 510 se
3459 457 3648 513 videtur

2071 542 2234 613 525
2259 543 2464 598 habere
2493 542 2877 598 diﬁ‘erentiam.
2900 545 3133 615 Signum
3163 560 3410 616 namque
3443 548 3649 614 dicitur,

2067 650 2192 688 cum
2247 649 2344 702 per
2390 634 2495 689 hoc
2531 636 2674 704 quod
2712 636 2928 691 videtur
2971 637 3120 690 aliud
3176 637 3396 706 aliquid
3455 639 3644 697 indica-

2071 733 2204 778 tur:
2241 725 2383 780 sicut
2430 739 2594 788 cum,
2639 724 2790 780 verbi
2838 726 3047 793 gratia,
3099 725 3237 781 dicit
3276 727 3548 783 Dominus
3603 733 3646 784 is

2069 816 2363 886 Evangelia
2400 837 2412 872 :
2453 834 2473 868 ι
2503 816 2798 872 Generatio
2826 818 2942 874 haec
2970 818 3188 887 signum
3219 821 3429 886 quarit
3457 839 3472 876 :
3511 833 3562 876 et
3587 827 3651 877 si-

2069 921 2234 974 gmtm
2265 923 2373 961 non
2403 905 2620 961 dabitur
2650 907 2700 961 ei
2730 948 2745 970 ,
2779 909 2880 960 nisi
2912 909 3129 976 signum
3164 909 3330 964 Jona
3370 915 3650 980 prophetae.

2071 995 2224 1050 Sicut
2273 998 2418 1052 enim
2453 998 2551 1051 l‘nil
2590 997 2760 1052 Jonas
2786 1001 2837 1052 in
2871 1011 3063 1055 ventre
3088 1003 3218 1056 ceti
3254 1005 3446 1058 tribus
3491 1006 3653 1062 diebus

2070 1098 2124 1142 et
2159 1090 2334 1144 tribus
2393 1090 2652 1145 noetibns
2677 1131 2693 1153 ,
2736 1092 2810 1143 ita
2840 1102 2894 1145 et
2945 1093 3141 1148 Filium
3179 1095 3439 1151 hominis
3467 1111 3654 1166 oportet

2066 1195 2190 1236 esse
2223 1183 2275 1236 in
2301 1184 2464 1237 corde
2491 1195 2650 1238 terrae
2684 1183 2800 1256 (δῦ)
2828 1185 3005 1240 tribus
3032 1189 3232 1242 diebus
3260 1199 3326 1242 et
3374 1189 3556 1244 tribu
3579 1207 3655 1244 ne-

2069 1275 2248 1330 ctibus
2276 1274 2344 1328 3’.
2385 1295 2406 1328 ι
2445 1273 2560 1330 Hoc
2585 1284 2667 1329 est
2701 1292 2834 1345 ergo
2863 1277 3080 1346 signum
3107 1279 3201 1331 ubi
3244 1278 3432 1333 Jonas
3462 1281 3654 1335 videba-

2069 1380 2180 1434 tur,
2210 1381 2266 1425 ct
2293 1371 2549 1426 Christus
2578 1371 3013 1439 intelligebatur.
3052 1373 3341 1430 Similiter
3371 1386 3433 1430 et
3463 1376 3534 1430 de
3563 1378 3651 1443 ipsa

2069 1463 2296 1518 Domino
2328 1465 2380 1518 in
2429 1463 2722 1535 Evangelio
2751 1464 2958 1519 dicitur
2991 1482 3006 1520 :
3046 1483 3067 1515 ι
3105 1465 3254 1520 Ecce
3309 1466 3411 1521 hic
3473 1469 3653 1537 positus

377 1552 611 1616 nuntiat,
641 1554 765 1622 quia
786 1569 909 1606 cum
945 1554 1220 1609 Abraham
1247 1555 1302 1609 in
1338 1557 1604 1626 praeputio
1635 1558 1843 1628 positus
1869 1575 1966 1629 per
2066 1566 2144 1612 est
2180 1557 2233 1610 in
2261 1558 2472 1610 ruinam
2501 1565 2557 1612 et
2592 1559 2643 1611 in
2670 1558 3130 1616 resurrectionem
3157 1559 3501 1624 multorum,
3531 1570 3585 1614 et
3613 1563 3650 1613 in

379 1646 538 1700 tidem
566 1645 901 1712 jnstilicatus
931 1649 1038 1714 sit,
1087 1649 1206 1702 sine
1237 1650 1405 1703 dubio
1445 1650 1699 1719 princeps
1730 1661 1786 1706 et
1811 1661 1965 1720 pater
2065 1647 2276 1716 Signum
2300 1650 2386 1702 Cui
2415 1647 2826 1702 contradicetlll‘
2846 1647 2914 1703 ⁹⁰.
2942 1668 2961 1700 ι
2987 1647 3509 1704 Contradicebat!"
3535 1652 3649 1705 enim

379 1738 573 1790 merito
603 1737 807 1791 dicitur
830 1741 1074 1793 omnium
1105 1741 1444 1793 credentium
1484 1754 1580 1808 per
1620 1743 1961 1811 praeputium.
1998 1740 2038 1794 Β
2069 1739 2226 1806 signo
2252 1739 2304 1793 in
2332 1753 2444 1808 quo
2478 1737 2731 1794 Christus
2762 1751 3008 1808 venerat,
3045 1741 3175 1810 quia
3214 1741 3379 1795 aliud
3415 1743 3472 1796 in
3503 1757 3568 1796 eo
3594 1744 3652 1793 vi-

375 1831 528 1897 Quud
561 1848 690 1887 vero
723 1843 844 1903 post
881 1833 1040 1888 ﬁdem
1074 1850 1198 1901 (ωδε
1229 1834 1330 1889 fuit
1357 1835 1408 1889 in
1450 1836 1717 1904 praeputio
1751 1838 1966 1906 accepit
2071 1831 2322 1895 debalur,
2351 1841 2407 1884 et
2439 1831 2586 1884 aliud
2635 1831 3054 1900 intelligebatur.
3087 1833 3236 1887 Caro
3289 1834 3648 1894 cernebatur.

377 1925 878 1985 circumcisionem.
907 1934 1308 1994 consequenter
1339 1941 1564 1980 causam
1595 1941 1700 1996 qua
1735 1929 1969 1983 circum-
2069 1933 2124 1980 et
2156 1923 2298 1979 Deus
2346 1925 2690 1980 credebatur.
2737 1923 2831 1980 Sic
2871 1941 3000 1996 ergo
3029 1929 3246 1996 accepit
3293 1939 3360 1983 et
3394 1930 3645 1982 Abraham

375 2019 514 2072 cisio
541 2019 594 2072 ei
622 2020 749 2072 data
785 2017 955 2072 fuerit
975 2019 1220 2087 exponit.
1254 2019 1324 2075 Ut
1353 2030 1516 2085 esset,
1549 2021 1748 2090 inquit,
1779 2023 1966 2092 signa-

373 2107 556 2163 culum
593 2108 712 2174 ejus
747 2109 871 2164 ﬁdei
901 2125 1069 2178 quam
1111 2110 1298 2165 habuit
1337 2113 1389 2166 in
1441 2113 1702 2183 praeputio
1735 2115 1965 2184 positus,

376 2211 440 2256 ut
465 2217 564 2271 per
591 2204 694 2257 hoc
727 2220 746 2255 t
784 2206 855 2257 sit
886 2214 1045 2271 pater
1065 2203 1307 2258 omnium
1337 2208 1680 2261 credentium
1713 2222 1810 2278 per
1827 2222 1968 2276 prte-

379 2293 616 2363 putium,
647 2302 704 2349 ut
733 2304 1016 2362 rcputetur
1048 2295 1157 2350 illis
1183 2299 1249 2350 ad
1277 2296 1544 2364 justitiam
1564 2337 1579 2362 ,
1620 2307 1676 2352 et
1713 2298 1783 2353 sit
1815 2307 1970 2368 pater

379 2386 834 2453 circumcisionis.
873 2402 977 2442 non
1004 2389 1088 2443 his
1113 2399 1322 2442 tantum
1346 2389 1437 2458 qui
1470 2401 1598 2444 sunt
1621 2405 1691 2445 ex
1717 2391 1966 2444 circnm-

379 2477 608 2540 cisione,
643 2480 738 2533 sed
767 2489 822 2532 et
854 2479 962 2534 illis
983 2480 1075 2548 qui
1105 2492 1413 2549 sequuntur
1452 2481 1680 2551 vestigia
1705 2480 1823 2552 ejus
1848 2497 1970 2552 qua:

378 2579 462 2624 est
489 2571 541 2622 in
571 2571 834 2639 praeputio
854 2571 974 2624 ﬁdei
1001 2571 1172 2640 patris
1201 2571 1367 2624 nostri
1398 2570 1634 2626 Abrahae
1657 2571 1724 2625 ⁸³.
1758 2589 1778 2622 υ
1815 2571 1968 2638 Quod

377 2663 423 2716 si
454 2664 731 2718 Abraham
777 2679 901 2718 cum
946 2672 1091 2719 esset
1138 2664 1317 2717 adhuc
1353 2665 1406 2716 in
1448 2665 1732 2733 praputio,
1767 2679 1831 2718 ex
1863 2664 1969 2718 tide

371 2753 708 2824 justilicatus
744 2767 862 2821 est,
894 2768 1074 2824 potest
1110 2758 1224 2812 ﬁeri
1258 2758 1420 2811 etiam
1460 2768 1611 2826 pater
1629 2757 1744 2829 (52)
1776 2775 1967 2814 eorum

378 2849 470 2917 qui
513 2850 566 2902 in
605 2850 1027 2904 circumcisione
1059 2859 1356 2906 nascuntur
1379 2889 1394 2912 ,
1431 2849 1476 2904 si
1521 2859 1700 2905 tamen
1723 2851 1791 2904 ad
1822 2851 1967 2905 illam

380 2941 542 2995 tidem
578 2943 890 3009 pertineant
919 2959 1040 3013 quae
1087 2944 1142 2997 in
1176 2945 1446 3013 praeputio
1484 2944 1720 3012 positum
1760 2944 1967 3014 justiﬁ-

378 3034 546 3087 cavit.
582 3034 649 3087 Et
681 3035 938 3104 quoniam
978 3037 1031 3088 in
1071 3037 1334 3105 prmpntio
1381 3036 1616 3106 positum
1645 3037 1969 3106 justlticavit

2069 2017 2285 2082 signum
2321 2035 2335 2070 :
2375 2026 2431 2072 et
2459 2017 2603 2086 quod
2642 2025 2790 2074 esset
2835 2018 3050 2089 signum
3085 2019 3136 2072 in
3189 2023 3646 2089 consequentum

2069 2109 2207 2163 dicit
2240 2128 2254 2164 :
2292 2127 2310 2160 ι
2349 2108 2860 2175 Circumcisionem,
2904 2131 2923 2163 ι
2976 2112 3203 2180 inquit:
3259 2129 3400 2181 qua:
3433 2115 3645 2169 circum-

2071 2200 2206 2254 cisio
2231 2210 2378 2255 esset
2407 2219 2424 2252 ι
2460 2202 2800 2271 signaculum
2829 2203 3053 2272 justititc
3079 2203 3202 2256 tidei
3233 2205 3278 2236 ⁹¹
3319 2223 3341 2255 ι
3379 2221 3546 2273 quam
3581 2207 3648 2260 ba-

2071 2291 2188 2346 buit
2211 2301 2503 2362 antequam
2525 2293 3034 2348 circumcideretur.
3061 2293 3211 2348 Bene
3247 2310 3401 2365 ergo
3428 2297 3645 2351 circurn-

2069 2387 2330 2440 cisionem
2379 2385 2596 2455 signum
2647 2385 2940 2455 appellavit
2993 2385 3046 2439 in
3076 2387 3400 2450 Abraham,
3436 2389 3564 2456 quia
3606 2400 3645 2440 et

2071 2478 2186 2546 ipsa
2220 2477 2364 2530 aliud
2397 2477 2716 2540 videbatur,
2778 2488 2834 2531 et
2892 2477 3036 2531 aliud
3091 2477 3526 2548 intelligebatur
3564 2490 3646 2542 ;et

2070 2571 2308 2625 Ostendit
2337 2571 2462 2639 quia
2487 2569 2600 2638 jam
2636 2581 2766 2624 tunc
2796 2571 3037 2625 carnalis
3063 2571 3156 2624 illa
3187 2570 3563 2626 circumcisio
3589 2576 3644 2626 si-

2069 2677 2235 2732 gnum
2273 2673 2392 2716 erat
2429 2662 2694 2731 spiritalis
2748 2661 3226 2728 circumcisionis,
3281 2678 3420 2732 quae
3453 2679 3559 2717 non
3605 2665 3641 2715 i

2070 2768 2236 2808 carne
2281 2751 2612 2820 suscipitur,
2639 2755 2736 2808 sed
2790 2752 2844 2806 in
2915 2752 3103 2807 corde.
3155 2749 3316 2817 Quod
3350 2767 3493 2807 vero
3536 2753 3644 2807 dixit

2076 2862 2096 2897 ι
2139 2844 2513 2914 signaculum,
2553 2862 2574 2896 ι
2625 2844 2698 2898 ita
2740 2843 3146 2912 intelligendum
3177 2852 3337 2913 puto.
3399 2841 3643 2914 Signata-

2072 2938 2181 2991 lum
2211 2936 2413 2991 dicitur
2441 2950 2565 2992 cum
2594 2935 2761 2990 alicui
2800 2935 2879 2990 rei
2932 2935 3221 2989 servanda:
3273 2949 3387 3002 pro
3421 2945 3642 3004 tempore

2071 3028 2317 3084 custodia
2358 3028 2680 3096 imponitur,
2713 3027 2858 3096 quod
2889 3041 3050 3081 nemo
3080 3025 3221 3080 alius
3251 3026 3367 3080 nisi
3425 3028 3550 3096 ipse
3567 3029 3639 3096 qui

378 3125 676 3190 Abraham,
701 3128 935 3182 etlicitnr
960 3143 1091 3196 ergo
1122 3127 1410 3198 utriusque
1435 3129 1651 3198 generis
1678 3139 1856 3198 pater,
1882 3131 1952 3184 hi:

2129 3120 2351 3189 ipressit
2380 3094 2579 3175 debeat
2601 3094 2900 3189 resignare.
2931 3116 3036 3172 Per
3058 3117 3201 3172 istud
3227 3131 3370 3189 ergo
3407 3094 3642 3190 signacu-

378 3221 471 3290 qui
504 3230 632 3274 sunt
664 3222 715 3274 in
747 3221 1013 3291 praeputio
1045 3236 1146 3290 per
1184 3221 1372 3283 ﬁdem,
1401 3235 1456 3276 et
1496 3223 1580 3277 his
1609 3223 1700 3292 qui
1740 3232 1870 3277 sunt
1912 3223 1965 3276 in

379 3314 800 3369 circumcisione
827 3330 923 3382 per
956 3328 1178 3368 carnem
1217 3331 1232 3368 :
1269 3323 1324 3367 et
1347 3323 1469 3384 post
1493 3315 1968 3370 circumcisionem

376 3417 606 3477 generat
639 3408 814 3472 primo
845 3407 1025 3470 Isaac,
1067 3418 1231 3478 atque
1260 3407 1329 3462 ab
1365 3409 1481 3476 ipso
1515 3408 1835 3475 auspicatur
1865 3425 1966 3478 og-

379 3499 568 3554 doadis
602 3499 852 3564 initium,
899 3497 948 3552 id
984 3509 1102 3562 est,
1145 3501 1325 3554 octavi
1358 3500 1464 3554 diei
1513 3500 1567 3552 in
1617 3499 1738 3568 ipso
1769 3515 1966 3554 conse-

380 3600 606 3644 crantur
639 3589 815 3658 prima
848 3592 1131 3660 mysteria,
1160 3599 1214 3643 et
1236 3589 1431 3644 exinde
1457 3590 1647 3659 incipit
1673 3593 1969 3660 posteritas

380 3679 617 3734 Abrahze
641 3677 840 3748 duplici
866 3693 1090 3732 currere
1107 3688 1473 3732 sacramento.
1499 3678 1814 3733 Sicutenim
1834 3681 1968 3734 lides

381 3782 569 3825 natura
601 3773 685 3825 sui
729 3771 874 3824 aliud
920 3785 1040 3825 esse
1087 3771 1424 3839 intelligitur,
1475 3785 1530 3827 et
1578 3775 1724 3828 aliud
1759 3771 1965 3840 jnstitia

379 3880 499 3934 qua:
531 3865 579 3916 ei
617 3879 712 3930 per
743 3864 902 3916 ﬁdem
943 3876 1188 3932 reputate
1214 3873 1321 3929 est;
1371 3865 1443 3917 ita
1470 3875 1524 3919 et
1558 3865 1661 3919 alia
1688 3866 1810 3933 ejus
1848 3879 1968 3919 esse

381 3957 434 4009 ln
468 3956 754 4024 praeputio,
789 3954 892 4008 alia
933 3955 987 4010 in
1028 3957 1454 4010 circumcisione
1491 3957 1802 4026 posteritas.
1833 3955 1964 4010 Nam

378 4061 476 4100 eos
497 4047 587 4113 qni
621 4045 984 4101 incircumcisi
1023 4057 1183 4111 sunt,
1222 4049 1368 4114 ipsos
1400 4062 1526 4102 esse
1560 4047 1765 4116 lapides
1796 4059 1962 4117 puto,

383 4137 450 4190 de
507 4138 710 4203 quibus
775 4151 935 4206 posse
1016 4138 1216 4192 dicitur
1277 4139 1422 4193 Deus
1497 4141 1766 4193 suscitare
1829 4138 1966 4192 ﬁlios

380 4229 614 4284 Abrahae
643 4229 712 4295 ⁸⁸,
745 4228 796 4282 in
831 4229 1029 4299 quibus
1072 4238 1127 4284 et
1157 4230 1286 4284 illud
1315 4232 1619 4302 completur
1649 4232 1794 4301 quod
1831 4233 1969 4287 scri-

379 4330 533 4390 ptum
568 4329 652 4374 est
682 4338 694 4373 :
727 4319 866 4386 Quia
895 4338 914 4372 t
949 4321 1343 4374 benedicentur
1388 4323 1441 4375 in
1491 4332 1541 4375 te
1573 4336 1764 4376 omnes
1795 4323 1966 4376 tribus

383 4420 543 4467 terra:
561 4402 630 4467 ".
671 4431 689 4465 ι
727 4410 832 4467 Sed
861 4410 1172 4482 repetamus
1201 4415 1379 4468 adhuc
1404 4413 1549 4482 quod
1574 4415 1704 4467 dicit
1729 4413 1774 4446 ⁸⁸
1811 4433 1827 4469 :
1857 4433 1876 4466 ε
1898 4414 1963 4468 Ει

389 4499 600 4570 signum
627 4504 834 4573 accepit
866 4504 1358 4571 circumcisionem,
1397 4524 1415 4557 ›
1455 4505 1792 4580 signaculum
1815 4505 1966 4576 justi-

389 4591 480 4648 tiaa
517 4592 670 4658 ﬁdei,
709 4610 828 4663 qua:
865 4603 950 4649 est
989 4595 1043 4648 in
1085 4598 1349 4666 praeputio
1391 4597 1502 4670 (55)
1541 4615 1606 4654 ac
1640 4599 1963 4670 profundam

387 4684 439 4738 in
489 4685 575 4739 his
615 4684 772 4740 Pauli
813 4687 1134 4756 sapientiam
1181 4689 1636 4758 contemplemur.
1684 4688 1960 4744 Fortassis

384 4779 528 4830 enim
560 4776 831 4856 aliquibus
861 4783 1113 4836 eumdem
1158 4795 1465 4836 sermonem
1505 4783 1741 4835 secundo
1779 4783 1962 4836 dicere

491 4892 537 4924 ⁸⁸
577 4893 731 4948 Rom.
777 4911 848 4959 tv,
883 4896 970 4952 l0.
1076 4897 1122 4930 ⁸⁵
1151 4899 1281 4953 ibid.
1311 4896 1397 4953 1‘2.

385 4960 477 5024 59.
503 4965 592 5018 40.
668 4966 713 4997 ⁹⁰
750 4966 880 5022 Luc.
917 4984 955 5021 ll
987 5009 1000 5034 ,
1053 4969 1145 5025 54.
1219 4970 1264 5001 ⁰¹
1297 4969 1452 5022 Rom.
1490 4984 1562 5032 ιν,
1594 4972 1678 5022 ll.

456 5075 573 5146 (50)
610 5076 781 5150 Alias,
808 5096 828 5129 ί
865 5094 986 5134 cum
1035 5091 1143 5134 tam
1180 5080 1474 5150 vigilanter
1512 5096 1571 5134 ea
1595 5097 1715 5150 quae
1751 5081 1952 5148 scripta

387 5157 510 5200 sunt
534 5149 599 5201 ότι
624 5149 970 5204 Abraham...
1001 5149 1388 5206 commendans
1415 5152 1574 5204 vulta
1613 5149 1770 5205 nobis
1821 5168 1954 5206 con-

386 5217 614 5272 siderari
633 5221 793 5272 etiam
827 5224 1116 5288 quomodo,
1147 5238 1166 5270 ›
1207 5229 1312 5276 etc.
1335 5221 1424 5278 Al.
1449 5222 1603 5276 deest
1634 5232 1690 5276 et
1735 5237 1756 5273 ι
1787 5237 1953 5276 enar-

388 5297 490 5348 rat,
527 5298 582 5342 et
607 5292 1011 5345 commendans.
1048 5309 1067 5342 ι

456 5358 568 5429 (51)
609 5356 700 5414 Sic
731 5375 860 5413 mss.
918 5366 1122 5424 nostri;
1171 5363 1302 5415 edit.
1334 5377 1484 5423 vero,
1524 5385 1542 5413 ι
1598 5371 1852 5417 utrumne
1900 5361 1952 5414 in

387 5432 648 5506 praeputio
672 5431 904 5486 Abralnc
932 5433 1030 5488 ista
1057 5433 1202 5487 dicta
1229 5444 1393 5498 sunt,
1437 5448 1503 5486 an
1533 5447 1655 5486 cum
1689 5433 1953 5488 transiret

378 5512 510 5564 jam.
558 5519 576 5551 ι
612 5510 716 5555 etc.

457 5569 570 5638 (Si)
604 5571 695 5624 Sic
727 5586 828 5626 ms.
854 5587 992 5627 unus
1021 5569 1221 5640 Regius
1246 5588 1394 5624 num.
1422 5572 1580 5628 l6'59.
1607 5571 1798 5629 Cteteri
1826 5588 1954 5627 vero

389 5653 517 5712 tuss.
550 5641 785 5712 etpediti,
819 5660 839 5694 t
877 5655 937 5697 ut
961 5659 1056 5712 per
1081 5645 1184 5696 hoc
1217 5656 1368 5712 pater
1400 5645 1552 5696 lieret
1582 5648 1949 5698 etiameorutn

387 5708 478 5774 qui
501 5710 554 5762 in
580 5708 994 5770 circumcisione
1027 5708 1322 5769 nascuntur
1361 5731 1373 5766 :
1403 5715 1446 5770 si
1475 5723 1653 5770 tanien
1693 5713 1760 5768 ad
1807 5713 1953 5768 illam

1503 4897 1550 4929 ⁸⁵
1591 4897 1777 4950 Matth.
1826 4915 1916 4957 III,
1956 4898 2008 4954 9.

1758 4969 1803 5000 ⁵³
1841 4972 2086 5034 ttont.xt,
2113 4967 2208 5034 ‘25,
2237 4969 2326 5021 26.
2400 4968 2446 4999 ⁸³
2467 4966 2627 5024 Rom.
2663 4981 2740 5030 tv,
2767 4965 2855 5020 12.

2072 3211 2203 3276 lum,
2238 3221 2298 3265 ut
2328 3212 2548 3281 exponit
2585 3210 2878 3281 Apostolus
2899 3249 2916 3278 ,
2941 3209 3152 3281 justitia
3176 3209 3307 3265 ﬁdei
3337 3209 3466 3280 (56)
3503 3226 3642 3280 quam

2071 3304 2124 3358 in
2157 3304 2425 3372 prchntio
2461 3305 2671 3373 positus
2697 3303 2972 3358 Abraham
3000 3301 3252 3370 accipere
3276 3304 3494 3359 meruit
3522 3305 3643 3358 ludi-

2069 3406 2244 3461 catur,
2267 3409 2326 3451 et
2351 3406 2506 3467 pater
2533 3411 2657 3452 esse
2689 3394 2983 3449 multarum
3029 3395 3272 3464 gentium
3299 3412 3314 3448 :
3355 3396 3511 3464 quod
3535 3407 3641 3449 tunc

2069 3488 2342 3542 credimus
2372 3488 2757 3558 resignandnm
2787 3503 2910 3543 cum
2950 3487 3232 3558 plenitudo
3265 3488 3524 3556 gentium
3569 3488 3639 3539 in-

2071 3579 2282 3634 troierit
2305 3618 2322 3644 ,
2351 3588 2407 3633 et
2438 3580 2618 3633 onmis
2655 3578 2824 3633 Israel
2853 3579 3162 3635 salvabitur
3197 3579 3268 3633 θ’.
3301 3577 3472 3634 Tunc
3515 3580 3638 3633 enim

2068 3670 2162 3726 ﬁet
2187 3671 2332 3739 quod
2369 3670 2503 3724 dicit
2533 3670 2828 3740 Apostolus
2857 3671 2940 3736 ³³,
2994 3686 3102 3726 non
3153 3669 3329 3726 solum
3363 3673 3636 3741 gentium,

2067 3764 2161 3818 sed
2185 3764 2348 3818 etiam
2379 3764 2817 3819 circumcisionis
2845 3779 2942 3833 per
2972 3764 3130 3819 tidem
3162 3775 3318 3833 pater
3342 3766 3636 3819 Abraham.

2069 3853 2135 3908 Et
2179 3854 2360 3909 adhuc
2393 3854 2639 3923 apertius
2678 3855 2745 3907 de
2780 3854 2937 3925 signo
2970 3863 3025 3909 et
3075 3854 3359 3924 signaculo
3414 3855 3634 3909 dissera-

2068 3961 2209 4002 mus.
2241 3947 2374 4001 Cum
2405 3947 2618 4014 signum
2645 3945 2736 4012 sit,
2769 3957 2828 4001 ut
2849 3948 3107 4009 diximus,
3122 3947 3214 4000 ubi
3247 3944 3536 4001 indicatur
3555 3948 3636 4000 ali-

2067 4040 2198 4106 quid
2224 4055 2319 4105 per
2345 4040 2446 4092 hoc
2500 4039 2644 4106 quod
2681 4039 2896 4093 videtur
2923 4077 2939 4103 ,
2997 4038 3344 4109 signaculum
3404 4055 3537 4095 vero
3562 4039 3633 4092 uti

2067 4129 2414 4184 concluditur
2452 4144 2550 4196 pro
2577 4139 2824 4198 tempore
2851 4129 3058 4198 aliquid
3099 4141 3154 4184 et
3186 4145 3294 4184 non
3322 4138 3502 4199 patet,
3543 4147 3624 4199 po-

2070 4233 2176 4278 test
2198 4224 2360 4278 etiatn
2409 4223 2483 4276 ita
2539 4220 2792 4294 intelligi,
2823 4225 2965 4293 quod
2993 4224 3248 4294 mysteria
3283 4240 3414 4294 qua:
3453 4226 3508 4280 in
3535 4226 3632 4294 lege

2068 4326 2125 4372 et
2158 4317 2486 4386 patrial-citis
2545 4316 3063 4381 adumbrabantur,
3123 4315 3438 4385 huiusmodi
3491 4327 3630 4373 erant

2067 4423 2186 4475 qua:
2211 4420 2268 4461 et
2295 4407 2467 4477 signis
2498 4407 2784 4462 imlicanda
2817 4416 3022 4470 essent,
3051 4417 3107 4461 et
3129 4407 3442 4476 signaculis
3468 4410 3631 4462 obser-

2068 4500 2260 4552 vanda.
2296 4499 2451 4565 Quod
2483 4514 2618 4570 ergo
2675 4499 2848 4571 signis
2877 4499 3168 4554 indicanda
3207 4511 3369 4554 erant
3403 4501 3459 4555 in
3509 4500 3627 4569 (ὅδ’)

2067 4598 2152 4652 his
2174 4597 2266 4666 qui
2315 4599 2612 4652 credebant
2641 4612 2710 4651 ex
2747 4596 3024 4668 gentibus,
3051 4597 3268 4666 signum
3299 4597 3516 4666 cepisse
3562 4597 3628 4649 di-

2067 4691 2209 4742 citur
2233 4688 2549 4743 Abraham:
2582 4686 2725 4757 quod
2749 4701 2878 4741 vero
2907 4687 2989 4742 his
3015 4688 3106 4756 qui
3131 4686 3184 4739 in
3215 4686 3625 4742 circumcisione

2069 4797 2175 4834 non
2209 4789 2366 4834 erant
2400 4778 2686 4843 credituri,
2715 4776 3021 4833 obseranda
3047 4787 3206 4832 erant
3225 4786 3284 4832 et
3307 4779 3623 4848 obtegeuda.

2115 4899 2159 4929 ³⁷
2191 4897 2326 4952 Gen.
2357 4911 2456 4959 xu,
2495 4896 2548 4948 Ei.
2653 4894 2703 4927 ⁸⁸
2733 4893 2892 4948 Rom.
2927 4909 3000 4961 tv,
3031 4894 3116 4948 ll.
3215 4893 3262 4928 “
3297 4891 3494 4949 Matth.
3537 4908 3622 4954 In,

2061 5080 2220 5135 iidem
2242 5075 2552 5150 pertineant
2579 5092 2704 5150 qua:
2731 5078 2784 5150 in
2809 5077 3072 5149 praeputio
3097 5078 3424 5148 justiticavit
3465 5080 3617 5135 Abra-

2062 5151 2208 5206 ham.
2230 5149 2482 5221 AEllicitur
2518 5149 2648 5220 ergo
2676 5149 2956 5221 utriusque
2989 5151 3205 5219 generis
3239 5161 3421 5221 pater,
3465 5171 3484 5204 ι
3525 5165 3613 5206 etc.

2132 5220 2246 5288 (55)
2286 5221 2454 5286 Alias,
2489 5237 2508 5270 α
2544 5220 3003 5274 circumcisionis.
3047 5238 3066 5271 ι

2134 5221 2225 5288 (55
2286 5221 2454 5286 Alias,
2489 5237 2508 5270 α
2544 5219 3003 5274 circumcisionis.
3047 5238 3066 5271 ι
3240 5219 3257 5221 “

2134 5219 2247 5364 (ὄόζ
2285 5291 2450 5364 Editi,
2488 5308 2507 5341 ε
2537 5291 2588 5344 id
2613 5300 2699 5345 est
2719 5289 3073 5360 signaculum,
3110 5309 3130 5342 ι
3157 5292 3380 5349 omissis
3415 5293 3496 5348 Itis
3516 5307 3609 5344 ver-

2062 5363 2169 5421 bis,
2205 5381 2222 5410 ἰ
2252 5363 2483 5429 signum.
2523 5380 2541 5413 ι
2577 5370 2684 5416 etc.

2136 5431 2250 5502 (55)
2301 5429 2452 5485 Alias
2483 5471 2498 5497 ,
2556 5451 2575 5483 ε
2615 5432 2688 5486 ita
2745 5432 2849 5485 erit
2892 5429 3064 5485 Filius
3099 5432 3340 5490 hominis
3377 5432 3432 5488 in
3465 5433 3601 5490 corde

2062 5512 2242 5569 terrae,
2280 5520 2298 5554 ι
2333 5511 2438 5556 etc.

2132 5572 2244 5642 (56)
2279 5573 2447 5642 Alias,
2480 5592 2497 5623 t
2525 5571 2749 5637 jttstititc
2780 5571 2958 5637 ﬁdei,»
2992 5582 3097 5627 etc.

2135 5641 2274 5716 (ὅδ’)
2305 5641 2393 5698 In.
2425 5644 2584 5699 Deest
2619 5644 2673 5698 in
2704 5646 2886 5700 editio.
