3684 6148
53 300 205 357 909

1062 298 1418 356 COMMENT.
1459 298 1524 354 ΙΝ
1559 297 1780 354 Εριδτ.
1813 299 1903 353 AD
1935 299 2103 356 ROM.
2146 299 2274 356 LIB.
2318 300 2408 357 IV.

3259 296 3364 355 970

57 414 450 487 signaculum
479 413 678 470 dicitur
714 409 1018 481 accepisse.
1054 412 1210 480 Quod
1239 413 1574 483 signaculum
1594 414 1685 467 illo
1714 421 1759 476 Α
1787 415 2120 470 existimatio
2146 416 2322 485 potius
2350 415 2554 470 incerta
2583 425 2666 474 est
2696 429 2856 484 quam
2891 414 3047 469 ﬁrma
3089 421 3363 486 approba-

58 511 298 580 Inique
328 511 379 563 in
407 519 651 576 tempore
696 505 1088 574 resignabitur,
1116 520 1238 558 cum
1273 507 1324 559 in
1376 505 1685 559 novissimis

56 602 298 655 diebus
323 601 609 669 postquam
670 595 988 666 plenitudo,
1015 603 1074 648 ut
1102 595 1337 650 diximus
1367 639 1381 663 ,
1441 597 1682 667 gentium

60 693 401 755 introierit,
425 692 604 746 omnis
631 690 792 745 Israel
821 690 1002 745 salvus
1056 689 1168 744 ﬁet.
1217 689 1426 744 Idcirco
1451 690 1686 759 denique

67 796 242 843 ante
260 785 532 840 Abraham
567 782 900 852 iustiﬁcatur
930 784 1046 854 (57)
1073 784 1128 839 in
1169 783 1276 838 ﬁde
1331 783 1459 836 dum
1509 784 1684 838 adhuc

66 889 264 935 esset
295 878 750 944 incircumcisus,
799 887 854 932 et
895 887 1083 948 postea
1119 875 1533 932 circumciditur
1559 914 1577 944 ,
1626 884 1686 929 ut

62 973 491 1028 ostenderetur
551 972 730 1041 primo
784 979 942 1040 pater
973 971 1188 1024 futurus
1217 969 1513 1024 multarum
1547 985 1683 1039 gen-

61 1063 266 1128 tium,
292 1073 346 1118 et
385 1072 573 1134 postea
601 1076 791 1118 eorum
822 1064 912 1133 qui
952 1078 1018 1117 ex
1053 1062 1473 1118 circumcisione
1500 1064 1685 1117 credi-

67 1157 203 1210 turi
237 1165 387 1212 sunt.
425 1155 611 1225 Neque
635 1157 781 1212 enim
811 1157 862 1210 hi
888 1158 982 1226 qui
1017 1159 1309 1214 secundum
1327 1173 1549 1213 carnem
1583 1173 1683 1211 na-

59 1259 336 1302 scuntur
362 1262 430 1302 ex
457 1247 758 1312 Abraham,
791 1248 882 1302 lilii
927 1249 1206 1305 Abraham
1260 1249 1474 1305 dicendi
1511 1260 1679 1315 sunt,

65 1341 196 1395 nisi
235 1341 398 1396 ﬁdem
433 1348 488 1396 et
510 1354 675 1410 opera
699 1341 939 1396 habeant
963 1343 1218 1396 Ahrahm.
1272 1341 1403 1397 lude
1445 1343 1682 1407 denique

60 1444 132 1488 et
162 1433 440 1489 Dominus
482 1435 536 1488 in
570 1433 869 1503 Evangelio
925 1435 1059 1489 dicit
1107 1435 1172 1489 ad
1201 1434 1439 1500 .ludaros,
1469 1436 1561 1506 qui
1622 1451 1682 1492 se

61 1527 380 1597 iactabant
410 1526 550 1583 ﬁlios
585 1543 705 1583 esse
741 1527 1018 1582 Abrahae:
1053 1547 1077 1580 ‹
1117 1529 1173 1583 Si
1203 1529 1297 1582 lilii
1325 1530 1561 1583 Abrahae
1592 1544 1679 1584 es-

62 1621 251 1688 setis,
287 1634 452 1690 opera
485 1620 672 1690 utique
719 1620 954 1675 Abraba:
1011 1620 1266 1675 faceretis
1292 1621 1361 1674 ".
1401 1641 1421 1674 ι
1452 1619 1548 1676 Vis
1575 1637 1678 1675 au-

69 1725 196 1768 tem
231 1722 295 1769 et
339 1728 403 1768 ex
457 1714 626 1768 veteri
663 1713 947 1782 Scriptura
1008 1715 1293 1784 perdoceri
1333 1715 1474 1783 quod
1532 1715 1678 1769 ﬁlius

1791 506 1887 571 tio,
1914 523 2011 560 nos
2037 506 2477 575 compendiosius
2524 510 2950 576 respondeamus
2987 511 3130 578 quod
3169 511 3362 566 obser-

1789 613 1920 654 vans
1945 599 2233 668 Apostolus
2262 602 2584 656 sententiam
2613 602 2703 654 Dei
2733 603 2823 670 qui
2860 603 3016 666 dixit,
3051 623 3072 656 ι
3098 603 3216 659 Jam
3253 622 3361 662 non

1787 689 2012 754 Abram,
2037 691 2131 745 sed
2162 691 2439 744 Abraham
2467 692 2574 745 erit
2608 707 2802 745 nomen
2843 701 2991 747 tuum
3027 693 3071 759 ³,
3099 713 3118 746 ι
3180 697 3364 765 appel-

1790 780 1923 833 lavit
1961 796 2102 835 nunc
2132 795 2256 834 eum
2289 796 2392 834 non
2422 781 2586 852 526
2617 790 2672 834 ut
2711 782 2764 834 in
2797 781 2916 837 loco
2965 782 3197 839 Genesis
3231 787 3361 840 srri-

1787 881 1937 941 ptum
1972 883 2080 936 est,
2109 875 2203 928 sed
2241 884 2302 928 ut
2342 875 2409 930 de
2438 889 2504 929 eo
2543 877 2980 944 pronuntiaverit
3039 876 3195 932 Deus.
3227 877 3362 944 Quae

1786 965 1933 1018 enim
1989 966 2249 1022 divinitus
2291 971 2636 1032 sanciuntur,
2667 967 2950 1022 observari
2983 970 3034 1022 in
3078 979 3359 1038 posterum

1783 1060 2057 1114 convenit.
2089 1059 2232 1126 ﬂare,
2264 1072 2423 1130 prout
2449 1065 2747 1132 potuimus,
2779 1063 2830 1117 in
2868 1064 3007 1119 locis
3038 1073 3146 1118 tam
3171 1065 3360 1120 arduis

1785 1162 1973 1206 ettam
2006 1153 2312 1209 diﬁicilibus
2347 1157 2557 1224 prolata
2587 1156 2724 1229 (58),
2756 1159 2799 1212 si
2854 1158 2979 1226 quis
3019 1158 3159 1214 forte
3192 1159 3362 1214 animi

1785 1247 1955 1300 nostri
1981 1246 2215 1301 studium
2244 1248 2577 1312 consideret,
2609 1250 2862 1318 amplecti
2890 1251 3108 1318 poterit.
3139 1248 3193 1304 Si
3229 1264 3360 1304 vero

1786 1337 2156 1392 inﬁrmitatem
2186 1355 2379 1394 sensus
2409 1341 2580 1394 nostri
2619 1351 2811 1396 notare
2841 1343 2990 1404 velit,
3021 1344 3235 1396 veniam
3271 1357 3361 1412 pe-

1786 1432 1970 1497 timus,
2005 1441 2062 1487 et
2091 1433 2138 1487 ei
2162 1433 2254 1502 qui
2303 1433 2498 1488 melius
2521 1434 2590 1488 de
2619 1434 2702 1488 his
2749 1435 3022 1490 disserere
3059 1435 3142 1490 vel
3164 1437 3357 1504 explao

1783 1537 1915 1576 nare
1969 1523 2208 1591 potuerit
2240 1563 2256 1589 ,
2311 1523 2543 1580 libenter
2590 1528 2854 1581 cedimus.
2884 1525 2994 1580 Nos
3032 1542 3160 1583 vero
3192 1529 3258 1582 ad
3292 1544 3360 1584 ea

1780 1627 1902 1682 quia!
1928 1627 2232 1684 sequuntur
2285 1616 2438 1686 segni
2474 1617 2604 1671 licet
2644 1632 2834 1687 gressu
2859 1620 3233 1676 convertimus
3269 1637 3362 1692 pe-

1780 1705 1924 1763 dem.

62 1807 210 1878 quis
242 1806 444 1860 dicitur
495 1821 603 1859 non
653 1781 862 1860 tantum
893 1781 1020 1874 eius
1044 1807 1111 1860 de
1145 1807 1301 1872 cuius
1335 1806 1517 1861 carnal

1904 1837 1905 1843 η
1953 1813 1971 1845 ι
2003 1794 2120 1851 Νοιι
2142 1798 2286 1852 enim
2319 1813 2416 1867 per
2439 1799 2610 1868 legem
2642 1802 2931 1872 promissio
2957 1805 3190 1860 Abrahae
3211 1848 3228 1874 ,
3264 1817 3359 1863 ant

69 1896 237 1950 mine
265 1895 566 1960 descendit,
601 1896 694 1950 sed
724 1905 781 1950 et
817 1895 935 1961 eius
967 1897 1124 1966 cujus
1152 1907 1309 1951 actus
1341 1899 1587 1951 imitatur
1615 1909 1675 1953 ct

66 2005 257 2059 opera
280 1988 306 2042 ?
332 1989 469 2043 Audi
505 1987 692 2043 Daniel
718 1989 846 2058 quid
879 1989 1114 2043 dicatad
1142 2005 1304 2042 unum
1337 2005 1405 2043 ex
1445 1989 1553 2044 illis
1589 2006 1676 2044 se-

70 2083 340 2137 nioribus
367 2096 500 2152 quos
526 2081 710 2154 arguit
746 2081 998 2136 adulterii
1043 2099 1057 2135 :
1113 2099 1134 2134 ι
1191 2084 1410 2149 Semen,
1457 2083 1670 2153 inquit,

67 2173 376 2239 Chanaan,
406 2183 462 2227 et
499 2187 604 2226 non
623 2172 782 2237 Juda,
806 2174 1016 2242 species
1055 2173 1268 2228 seduxit
1303 2184 1378 2239 te,
1435 2185 1488 2228 et
1539 2191 1674 2230 con-

72 2265 429 2333 cupiscentia
455 2265 776 2320 evertitcor
827 2275 976 2319 tuum
1000 2266 1068 2317 ’⁸.
1112 2285 1131 2318 ι
1196 2264 1361 2322 Vides
1400 2281 1524 2323 eum
1575 2269 1670 2338 qui

69 2360 393 2416 carnaliter
437 2361 502 2414 de
537 2373 737 2431 genere
768 2358 907 2415 Jnda
957 2360 1338 2426 descenderat,
1390 2363 1576 2431 negari
1611 2364 1673 2418 ﬁ-

72 2452 219 2506 lium
245 2465 370 2507 esse
412 2449 546 2506 Juda
571 2490 592 2518 ,
627 2451 723 2506 sed
773 2450 1060 2516 Chanaan,
1095 2451 1214 2520 ejus
1244 2452 1456 2508 scilicet
1511 2454 1672 2524 cuius

75 2556 246 2600 actus
275 2555 330 2599 et
365 2559 529 2613 opera
569 2545 921 2614 sequebatur.
971 2543 1048 2598 Ita
1099 2559 1232 2616 ergo
1271 2555 1325 2600 et
1366 2546 1420 2600 hi
1471 2546 1564 2615 qui
1603 2550 1670 2602 de

77 2639 326 2692 Abrahre
365 2636 572 2692 semine
595 2637 893 2691 secundum
929 2651 1152 2692 carnem
1216 2654 1386 2708 genus
1420 2639 1668 2705 ducunt,

76 2745 194 2784 non
231 2731 492 2784 dicuntur
543 2728 635 2782 ﬁlii
666 2729 900 2784 Abrahae
928 2769 943 2794 ,
988 2730 1033 2784 si
1069 2731 1186 2798 eius
1226 2745 1332 2783 non
1368 2729 1569 2785 habent
1606 2730 1672 2785 ﬁ-

79 2824 232 2879 dem.
268 2823 364 2878 Sic
391 2824 627 2892 denique
659 2831 714 2876 et
745 2825 1007 2892 propheta
1035 2823 1168 2878 dicit
1195 2823 1261 2878 ad
1289 2838 1383 2878 eos
1408 2840 1424 2877 :
1454 2841 1473 2874 ι
1503 2823 1666 2878 Pater

79 2927 211 2973 tuus
236 2917 610 2980 Amorrhaaus,
655 2925 710 2971 et
760 2925 935 2972 mater
982 2929 1072 2971 tua
1101 2916 1316 2973 Cethaea
1345 2917 1445 2983 ",i
1472 2918 1667 2988 quibus

81 3012 281 3079 utique
305 3025 414 3064 non
438 3023 533 3064 eos
578 3009 930 3064 necessitudo
955 3011 1195 3079 generis,
1225 3011 1320 3064 sed
1346 3025 1558 3065 morum
1593 3011 1668 3066 si-

83 3101 334 3156 militudo
384 3102 666 3172 iungebat.
721 3117 741 3153 ι
785 3099 857 3155 Ut
890 3111 1037 3156 esset
1081 3115 1231 3170 ergo,
1277 3101 1472 3173 inquit,
1513 3111 1667 3171 pater

80 3195 330 3247 omnium
364 3193 708 3248 credentium
754 3207 856 3262 per
895 3191 1219 3260 plmputium
1247 3231 1262 3256 ,
1301 3203 1358 3248 ut
1392 3201 1670 3263 reputetur

83 3284 192 3339 illis
216 3285 286 3340 ad
310 3282 612 3351 justitiam,
651 3292 708 3338 et
756 3283 830 3337 sit
855 3292 1011 3351 pater
1043 3283 1484 3339 circumcisionis
1511 3326 1526 3348 ,
1560 3297 1666 3338 non

83 3375 172 3430 his
201 3385 412 3431 tantum
446 3375 540 3446 qui
571 3385 700 3430 sunt
730 3389 799 3431 ex
855 3375 1298 3442 circumcisione,
1351 3378 1447 3432 sed
1475 3386 1530 3432 et
1559 3377 1670 3432 illis

81 3469 176 3535 qui
217 3478 528 3538 sequuntur
549 3469 779 3540 vestigia
815 3469 933 3538 ejus
967 3485 1089 3541 quae
1115 3480 1200 3526 est
1229 3471 1280 3524 in
1315 3471 1584 3541 praeputio
1613 3471 1672 3525 ﬁ-

83 3559 172 3613 dei
213 3560 392 3628 patris
417 3560 586 3615 nostri
621 3561 856 3616 Abrahae
882 3561 953 3614 ’⁷.
985 3580 1005 3612 ι
1041 3562 1097 3617 ln
1128 3576 1238 3632 quo
1263 3561 1552 3616 evidenter
1600 3579 1666 3618 ex

87 3661 326 3722 utroque
351 3653 565 3723 populo,
591 3653 734 3708 sicut
767 3654 1018 3724 superius
1047 3655 1314 3720 diximus,
1350 3657 1671 3723 pronuntiat

89 3757 192 3798 non
222 3746 411 3800 carnis
437 3746 704 3816 originem
727 3785 742 3811 ,
774 3751 869 3802 sed
896 3747 1294 3801 notabilitatem
1328 3747 1448 3801 ﬁdei
1483 3747 1667 3816 requi-

89 3839 338 3891 rendam.
369 3837 444 3892 De
465 3837 901 3893 circumcisionis
924 3847 1104 3893 autem
1130 3851 1478 3894 sacramento
1501 3840 1667 3895 latius

85 3924 196 3995 iam
232 3927 286 3980 iu
318 3928 698 3997 superioribus
749 3928 1007 3994 diximus,
1037 3929 1133 3984 sed
1167 3938 1224 3983 et
1263 3929 1316 3984 in
1342 3931 1464 3984 aliis
1499 3932 1668 4000 pluri-

90 4016 188 4072 bus
217 4017 358 4072 locis
387 4033 506 4088 qum
527 4035 625 4088 pro
664 4034 720 4074 re
750 4028 806 4073 et
835 4034 933 4088 pro
965 4028 1206 4089 tempore
1230 4034 1523 4075 occurrere
1548 4022 1666 4077 visa

92 4117 212 4162 sunt
250 4110 632 4178 exposuimus.
692 4107 798 4165 Sed
829 4109 1145 4178 diligentem
1175 4110 1458 4176 lectorem,
1501 4127 1663 4181 quem

93 4198 198 4252 iota
225 4217 393 4254 unum
417 4211 514 4257 aut
535 4217 673 4257 unus
702 4217 839 4272 apex
862 4203 930 4258 de
950 4203 1066 4269 lege
1095 4217 1202 4259 non
1234 4205 1475 4271 praeterit
1495 4205 1567 4266 οδ,
1597 4220 1664 4260 ne

95 4290 220 4346 illud
242 4293 466 4363 quidem
493 4293 664 4349 latere
694 4295 880 4359 debet,
905 4296 1030 4364 quia
1056 4295 1160 4350 hoc
1190 4296 1335 4366 quod
1365 4298 1662 4368 Apostolus

95 4383 246 4445 dixit.
287 4405 309 4438 ι
337 4385 610 4455 Reputata
656 4395 742 4442 est
785 4386 1019 4442 Abrahae
1063 4387 1197 4444 ﬁdes
1246 4389 1365 4459 ejus
1397 4392 1464 4444 ad
1495 4392 1664 4462 justi-

1781 1889 1974 1943 semini
2004 1889 2144 1960 ejus,
2178 1899 2238 1943 ut
2261 1889 2436 1946 haeres
2481 1901 2631 1946 esset
2685 1897 2870 1948 mundi
2899 1914 2913 1951 :
2943 1897 3035 1949 sed
3061 1912 3161 1966 per
3191 1897 3357 1967 justi-

1785 1983 1912 2038 tiam
1969 1983 2092 2038 ﬁdei
2124 1983 2165 2040 ⁸.
2207 2003 2227 2036 ι
2281 1983 2393 2039 Hoc
2447 1985 2499 2039 in
2541 1985 2662 2041 loco
2710 1988 2845 2042 mihi
2882 1990 3099 2044 videtur
3134 1991 3200 2045 de
3236 1991 3358 2063 lege

1781 2075 1956 2146 Moysi
2001 2075 2297 2146 Apostolus
2325 2079 2626 2146 disputare,
2658 2087 2714 2132 et
2749 2094 2999 2135 asserere
3033 2082 3176 2150 quod
3229 2099 3358 2153 pro-

1781 2169 1970 2223 missio
1997 2183 2121 2238 qute
2165 2168 2307 2224 facta
2354 2179 2441 2224 est
2472 2171 2538 2224 ad
2568 2170 2840 2225 Abraham
2875 2180 2934 2226 nt
2977 2173 3354 2230 hereditatem

1781 2262 1994 2325 ntundi,
2031 2262 2082 2316 id
2113 2273 2198 2316 est
2241 2273 2400 2316 terra:
2428 2261 2592 2317 totius
2623 2263 2897 2331 acciperet
2918 2265 3033 2334 ipse
3055 2268 3138 2320 vel
3165 2281 3354 2322 semen

1779 2353 1920 2428 eius.
1951 2369 2056 2408 non
2084 2370 2150 2410 ex
2177 2355 2347 2426 Moysi
2379 2354 2494 2424 lege
2529 2365 2824 2411 constaret.
2852 2359 2991 2412 Ante
3017 2358 3161 2412 enim
3187 2373 3350 2428 quam

1779 2426 1990 2516 Moyses
2015 2445 2293 2516 legislator
2325 2447 2641 2509 exsisteret,
2669 2449 2819 2502 visus
2844 2459 2962 2514 est,
3013 2426 3221 2520 inquit,
3250 2451 3357 2505 Do-

1778 2540 1956 2592 minus
1994 2538 2245 2603 Abrahae,
2274 2549 2329 2593 et
2353 2539 2489 2593 dixit
2518 2538 2584 2592 ad
2612 2555 2734 2594 eum
2768 2539 2916 2610 (59):
2943 2560 2961 2592 ι
2991 2541 3090 2596 Exi
3116 2544 3182 2598 de
3209 2552 3352 2599 terra

1777 2637 1893 2693 tua,
1927 2638 1982 2684 et
2013 2631 2080 2684 de
2109 2631 2431 2700 cognatione
2459 2641 2570 2695 tua,
2592 2639 2647 2685 et
2679 2632 2747 2686 de
2773 2633 2934 2687 domo
2965 2635 3137 2703 patris
3162 2636 3262 2701 tui,
3294 2646 3352 2691 et

1773 2725 1899 2778 veni
1941 2723 1994 2778 in
2027 2731 2226 2778 terram
2257 2739 2419 2794 quam
2449 2725 2741 2780 ostendero
2771 2726 2867 2780 tibi
2900 2738 2916 2780 :
2963 2738 3020 2782 et
3070 2726 3265 2782 faciam
3300 2739 3352 2783 te

1778 2817 1830 2870 in
1857 2825 2071 2886 gentem
2103 2830 2375 2886 magnam,
2407 2824 2464 2870 et
2511 2817 2824 2872 benedicam
2865 2827 2917 2872 te
2942 2858 2959 2882 ,
2999 2827 3056 2874 et
3107 2821 3352 2892 magniﬁ-

1775 2909 1916 2964 cabo
1938 2921 2134 2961 nomen
2165 2915 2338 2971 tuum,
2363 2916 2421 2962 et
2481 2907 2592 2962 eris
2645 2908 2964 2964 benedictus
2998 2927 3013 2964 :
3043 2920 3098 2966 et
3133 2912 3354 2966 benedi-

1775 3013 1894 3053 cam
1929 2999 2308 3054 benedicentes
2344 3009 2417 3063 te,
2481 3007 2538 3053 et
2590 2997 2908 3055 maledicam
2959 3003 3352 3059 maledicentes

1778 3101 1850 3157 te,
1880 3098 1935 3145 et
1963 3091 2358 3146 benedicentur
2407 3091 2461 3145 in
2519 3099 2574 3144 te
2614 3106 2804 3146 omnes
2847 3093 3022 3149 tribus
3069 3105 3228 3151 terra:
3254 3099 3297 3151 '.
3329 3118 3348 3150 ι

1769 3184 1924 3252 Quod
1950 3198 2082 3255 ergo
2109 3185 2263 3248 dicit,
2301 3204 2320 3235 ι
2361 3183 2761 3240 Benedicentur
2792 3187 2845 3240 in
2886 3195 2936 3241 te
2955 3203 3146 3243 omnes
3181 3191 3355 3246 trilms

1775 3287 1952 3344 terrze,
2001 3295 2021 3329 ι
2053 3276 2157 3332 hoc
2178 3287 2260 3331 est
2283 3277 2552 3332 heredem
2575 3275 2776 3332 factum
2799 3294 2922 3334 esse
2953 3281 3118 3334 totius
3141 3282 3352 3337 mtmdi.

1770 3371 1901 3437 Quae
1928 3368 2116 3439 utique
2145 3369 2435 3438 promissio
2468 3369 2535 3424 ad
2569 3369 2846 3425 Abraham
2881 3382 3042 3427 antea
3077 3372 3218 3428 facta
3242 3385 3350 3439 est.

1770 3478 1932 3532 quam
1960 3477 2058 3533 per
2089 3461 2307 3533 Moysen
2337 3462 2404 3517 de
2431 3463 2570 3534 legis
2593 3464 2942 3520 observantia
2973 3469 3349 3524 mandaretur.

1772 3559 1864 3614 Sic
1897 3574 2027 3630 ergo
2052 3573 2154 3614 non
2184 3567 2267 3614 est
2293 3573 2360 3613 ex
2399 3560 2520 3630 lege
2566 3561 2859 3629 promissio
2890 3562 3150 3626 Abrahae,
3178 3579 3352 3633 neque

1771 3651 1965 3706 semini
1985 3649 2126 3720 ejus,
2156 3660 2214 3704 ut
2243 3651 2416 3706 haeres
2447 3652 2520 3706 sit
2549 3653 2757 3712 mundi.
2791 3654 2888 3708 sed
2934 3669 3030 3724 per
3077 3655 3348 3723 justitiam

1771 3746 1913 3800 ﬁdei.
1943 3743 2072 3812 Quae
2102 3754 2186 3800 est
2206 3746 2309 3799 ista
2340 3743 2553 3812 iustitia
2586 3745 2707 3800 ﬁdei
2731 3745 2756 3799 τ
2780 3745 2854 3800 De
2875 3761 2982 3815 qua
3021 3747 3134 3820 (60)
3169 3751 3221 3803 in
3254 3765 3351 3804 su-

1771 3838 2078 3909 perioribus
2100 3837 2364 3892 scribitur
2392 3836 2529 3909 (61),
2563 3845 2622 3890 ιιι
2641 3852 2784 3908 saepe
2801 3838 2915 3909 iam
2941 3839 3199 3907 diximus,
3223 3844 3352 3911 quia

1773 3947 1794 3980 ‹
1832 3929 2063 3984 credidit
2098 3928 2377 3982 Abraham
2411 3928 2550 3991 Deo,
2601 3938 2660 3983 et
2719 3939 3028 3998 reputatum
3061 3942 3147 3988 est
3173 3933 3246 3987 illi
3276 3935 3350 3990 ad

1764 4021 2026 4092 justitiam
2059 4020 2103 4078 ⁸.
2139 4039 2158 4072 ι
2203 4019 2315 4074 Nec
2341 4019 2656 4075 immerito:
2704 4021 2841 4089 legis
2870 4021 3014 4076 enim
3052 4024 3354 4079 observan?

1769 4115 1842 4167 tia
1880 4128 2097 4183 poenam
2126 4113 2497 4168 tantummodo
2521 4113 2746 4184 eﬁ‘ugit;
2782 4113 2904 4169 ﬁdei
2934 4130 3069 4170 vero
3090 4118 3344 4172 meritum

1768 4204 1881 4275 (62)
1913 4221 2062 4275 spem
2095 4205 2540 4274 repromissionis
2566 4216 2849 4274 exspectat
2887 4225 2902 4262 :
2928 4219 2982 4262 et
3008 4220 3343 4279 praeceptum

1767 4298 1941 4352 servis
1968 4297 2208 4366 ponitur,
2250 4296 2386 4352 ﬁdes
2415 4299 2682 4367 quaaritnr
2715 4299 2784 4353 ab
2819 4299 3032 4355 amicis.
3069 4300 3176 4355 Sed
3220 4311 3274 4355 et
3299 4303 3346 4357 si

1768 4391 2062 4445 secundum
2097 4405 2159 4444 ea
2205 4405 2326 4460 quae
2358 4391 2411 4444 in
2451 4390 2828 4459 superioribus
2866 4393 3244 4459 disseruimus,
3279 4397 3347 4450 de

97 4477 218 4532 tiam
244 4481 317 4545 θ’,
356 4500 374 4532 ι
399 4481 488 4534 illo
507 4491 754 4551 tempore
774 4495 900 4535 cum
932 4480 999 4535 de
1023 4494 1092 4534 eo
1120 4481 1384 4550 scriptum
1413 4483 1660 4552 estquod
1693 4506 1737 4560 υ
1767 4480 1884 4550 lege
1917 4479 2146 4533 naturali
2204 4479 2402 4536 Paulus
2437 4481 2553 4534 haec
2604 4481 2787 4535 dicere
2815 4482 3180 4554 intelligatur,
3235 4503 3364 4542 nozr

101 4573 388 4628 crediderit
424 4574 555 4638 Deo,
590 4584 645 4628 et
681 4585 987 4642 repntatum
1022 4577 1093 4631 sit
1124 4579 1174 4630 ei
1221 4579 1288 4630 ad
1318 4575 1583 4645 justitiam
1615 4577 1658 4641 ‘,

99 4665 328 4718 nondum
357 4665 628 4720 Abraham
662 4667 984 4731 vocabatur,
1035 4668 1130 4722 sed
1164 4667 1365 4722 Abram
1395 4676 1516 4722 erat
1561 4682 1654 4722 no-

99 4767 212 4807 men
235 4756 373 4826 ejus.
408 4758 596 4813 Adhuc
621 4760 770 4812 enim
814 4759 1236 4815 incircumcisus
1272 4761 1547 4826 manebat,
1600 4771 1660 4814 ut

103 4844 476 4916 interpretatur
523 4849 814 4918 Apostolus
847 4852 890 4903 ‘.
926 4851 1004 4906 De
1047 4867 1157 4921 quo
1193 4851 1465 4922 aliquibus
1513 4850 1655 4906 forte

103 4939 358 4996 videbitur
381 4958 536 4997 error
564 4944 615 4997 in
651 4944 1057 5016 exemplaribus
1087 4945 1296 5008 haberi,
1322 4946 1467 5014 quod
1497 4945 1655 4998 facile

103 5030 359 5087 Abraham
396 5048 492 5102 pro
518 5033 718 5088 Abram
750 5035 915 5090 scribi
952 5036 1209 5105 potuerit.
1243 5035 1349 5090 Sed
1379 5035 1503 5106 quia
1536 5034 1653 5088 haec

1765 4573 1871 4626 erit
1898 4573 2228 4627 contrarium
2261 4572 2563 4627 rationibus
2595 4575 2841 4642 superius
2865 4575 3107 4634 redditis.
3140 4579 3344 4644 Quam-

1765 4665 1850 4718 vis
1877 4664 2020 4718 enim
2050 4664 2138 4718 lex
2189 4673 2397 4719 natura:
2429 4666 2494 4720 de
2526 4666 2666 4724 bono
2711 4675 2767 4720 et
2793 4667 2935 4720 malo
2965 4670 3335 4725 testimonium

1769 4757 1958 4813 reddat
1986 4758 2283 4813 secundum
2313 4758 2575 4828 judicium
2608 4760 2980 4826 conscientiae,
3020 4773 3199 4817 tamen
3233 4764 3334 4834 legi

1766 4849 1888 4905 ﬁdei
1941 4866 2046 4904 non
2096 4859 2277 4919 potest
2318 4852 2620 4919 exzrquari,
2657 4866 2763 4920 qua
2819 4852 2929 4908 Deo
2961 4855 3076 4925 (65)
3111 4857 3344 4912 credidit

1758 4942 2058 5004 Abraham.
2083 4953 2138 4996 et
2180 4940 2470 5010 iustiﬁcari
2510 4944 2711 4998 meruit
2767 4953 2931 5014 atque
2976 4947 3213 5017 amicus
3246 4947 3342 5002 Dei

1759 5033 2014 5104 appellari
2040 5035 2085 5086 ".
3001 5021 3018 5042 ⁸

165 5193 208 5225 ’⁸
240 5195 392 5252 Joan.
445 5214 563 5264 vm,
596 5199 686 5253 59.
767 5201 812 5232 ⁸³
835 5201 965 5254 Dan.
995 5217 1116 5264 xm,
1150 5199 1238 5253 56.
1303 5200 1349 5232 ³⁵
1379 5198 1576 5253 Ezech.
1626 5213 1734 5260 xvt,
1771 5198 1822 5251 5.
1902 5199 1946 5230 ³⁷
1973 5197 2130 5250 Rom.
2181 5213 2252 5258 tv,
2303 5197 2496 5259 ll,l‘2.
2563 5197 2816 5252 “Matth.
2865 5197 3027 5252 v.l8.
3104 5194 3334 5249 "Rom.

105 5276 171 5340 1!.
193 5265 244 5320 9.
295 5269 311 5299 ι
344 5269 477 5324 Ge".
512 5285 601 5340 κγ,
639 5273 692 5324 6,
769 5272 791 5300 ⁸
823 5270 976 5325 Rom.
1002 5287 1075 5337 tv,
1109 5271 1168 5325 l0
1195 5285 1310 5340 secl-

105 5332 227 5390 G’en.
251 5354 337 5404 xv,
372 5343 425 5394 6.
505 5342 524 5372 ⁷
559 5339 676 5394 Jac.
703 5356 766 5404 ιι,
793 5341 883 5394 '23.

169 5475 272 5549 (~57)
300 5481 468 5548 Alias,
502 5501 521 5532 ι
545 5481 896 5549 instiﬁcatns.
937 5491 954 5534 ι

301 5545 470 5630 Alias,
508 5545 811 5630 (probare.
853 5574 872 5605 ι

173 5619 274 5690 (59)
301 5619 395 5677 Ms.
429 5619 590 5684 unus,
627 5641 644 5674 ι
688 5624 901 5686 videns,
935 5623 1129 5694 inquit,
1165 5624 1424 5679 Dominus
1479 5624 1654 5677 Abra-

111 5679 239 5747 ham,
271 5693 398 5746 dixit
425 5695 492 5745 ad
526 5707 670 5747 eum.
706 5713 724 5745 ι
751 5704 856 5747 etc.

172 5727 879 5828 (arta-nr:ream.
932 5763 1142 5830 ιυειίιίιι
1177 5765 1298 5818 mei
1323 5805 1338 5830 ν
1368 5765 1435 5820 de
1625 5782 1645 5814 υ

402 5854 674 5916 Parnm“
723 5855 838 5916 Gn.
887 5856 974 5916 XI
991 5855 1058 5917 V.

1387 5270 1408 5300 ³
1437 5268 1576 5324 Gen.
1606 5269 1803 5334 xvu,5.
1879 5268 1900 5299 ⁸
1928 5269 2084 5323 Rom.
2112 5286 2185 5334 ιν,
2221 5269 2304 5322 l5.
2377 5270 2399 5299 ⁸
2427 5269 2863 5337 Gen.xtt,l,scq.
2900 5266 2920 5298 ⁵
2947 5269 3102 5320 Itoni.
3145 5282 3220 5329 Iv,
3265 5265 3336 5332 ὃς

1762 5488 1948 5616 elc(at)
1977 5546 2145 5608 Alias,
2183 5562 2201 5593 ι
2240 5543 2392 5598 dixit.
2436 5561 2455 5592 ι

1858 5618 1947 5684 6‘2)
1979 5617 2144 5677 Alias,
2176 5634 2194 5664 ι
2228 5616 2493 5684 meritam.
2537 5632 2555 5662 ι

1858 5624 1947 5684 62)
1979 5624 2144 5677 Alias,
2176 5634 2194 5664 ι
2228 5625 2492 5666 meritam.
2537 5632 2555 5662 ι

1832 5624 1948 5759 ὶϋὸ)
1971 5688 2142 5749 Alias,
2175 5704 2194 5736 ι
2226 5683 2522 5754 adaquari,
2549 5684 2677 5752 quia
2715 5683 2838 5745 Deo,
2879 5699 2897 5729 ι
2923 5690 3034 5736 etc.

2935 5843 3016 5908 31
