3684 6148
316 246 421 305 ντί

1797 237 2120 298 ORIGENIS

3472 237 3581 293 973

391 371 448 426 4.
481 387 501 421 ι
540 366 598 424 Si
629 365 771 423 enim
799 362 891 435 qui
931 375 997 416 ex
1027 359 1163 432 lege,
1209 360 1262 416 hi
1301 357 1416 432 (64)
1455 358 1698 416 haeredes
1727 371 1854 417 sum
1877 402 1894 430 ,
1924 367 1970 423 Α
1999 363 2074 416 tio
2103 359 2262 431 527
2311 358 2436 414 erit.
2473 377 2492 410 ι
2541 356 2903 426 Requiramus
2929 369 3062 426 ergo
3095 356 3168 412 ab
3193 355 3283 412 eis
3329 372 3346 409 :
3385 353 3446 410 Si
3487 359 3575 411 ubi

321 462 600 518 exinanita
631 468 717 514 est
743 459 897 524 ﬁdes,
929 469 984 513 et
1013 463 1274 513 evacuata
1311 453 1423 525 (65)
1460 462 1545 508 est
1581 453 1892 524 promissio.

324 558 436 613 Lex
475 555 619 610 enim
663 552 800 606 iram
831 559 1114 621 operatur.
1143 549 1243 605 Ubi
1275 559 1456 602 autem
1491 561 1594 600 non
1645 555 1728 600 est
1759 547 1840 600 lex
1872 586 1892 611 ,

326 664 426 704 nec
457 644 833 716 praevaricatio
857 641 904 693 ⁸.
943 659 964 693 ι
991 640 1076 704 Si,
1126 639 1343 710 inquit,
1376 653 1486 694 non
1518 652 1588 692 ex
1615 635 1735 707 lege
1766 653 1896 708 pro-

325 741 512 797 missio
543 740 666 794 data
699 746 784 792 est
819 735 1056 789 Abrahae
1082 743 1144 788 ut
1172 735 1346 788 haeres
1377 740 1522 788 esset
1552 732 1761 798 mundi,
1793 731 1888 786 sed

322 849 422 904 per
450 832 610 886 ﬁdem
651 843 771 899 qute
798 828 849 883 ei
889 827 954 882 ad
977 826 1252 894 justitiam
1286 834 1536 895 reputate
1561 836 1666 892 est,
1696 839 1890 880 conse-

320 939 498 996 quens
523 923 641 978 sine
663 920 827 975 dubio
855 919 980 984 erit,
1023 927 1082 972 ut
1123 927 1178 972 et
1201 932 1390 972 omnes
1421 917 1512 987 qui
1541 925 1761 987 sperant
1784 917 1886 972 sibi

323 1029 354 1068 a
393 1014 502 1068 Deo
526 1011 792 1082 justitiam
828 1008 1182 1077 reputandam
1211 1051 1228 1075 ,
1266 1024 1370 1063 non
1419 1023 1515 1078 per
1569 1009 1763 1079 legem,
1797 1007 1891 1063 sed

324 1121 423 1176 per
456 1104 614 1158 ﬁdem
649 1110 890 1170 sperent.
913 1099 980 1154 Et
1002 1109 1062 1153 ut
1092 1100 1194 1155 hoc
1221 1101 1529 1155 evidentius
1552 1101 1891 1166 ostenderet,

323 1195 530 1250 addidit
569 1215 579 1248 :
613 1192 694 1261 Si,
727 1191 925 1261 inquit,
953 1193 1005 1245 hi
1042 1192 1133 1262 qui
1160 1207 1228 1246 ex
1260 1191 1377 1262 lege
1405 1201 1553 1257 sunt,
1578 1191 1678 1261 ipsi
1719 1193 1894 1246 haere—

323 1289 421 1344 des
458 1295 619 1341 erunt
643 1284 1083 1354 repromissionis
1119 1283 1264 1338 illius
1289 1298 1450 1353 quam
1475 1298 1572 1353 per
1602 1282 1760 1337 ﬁdem
1781 1296 1896 1336 me-

322 1381 434 1436 ruit
461 1378 759 1441 Abraham,
782 1377 1138 1432 evacuabitur
1174 1376 1305 1432 illud
1331 1377 1477 1446 quod
1506 1391 1575 1431 ex
1604 1376 1708 1430 ﬁde
1729 1376 1892 1446 justi-

324 1470 517 1524 ﬁcatus
542 1477 625 1523 est
649 1469 924 1522 Abraham
952 1484 970 1521 :
1009 1481 1131 1521 cum
1179 1467 1366 1536 utique
1390 1466 1440 1521 si
1461 1481 1528 1522 ex
1567 1465 1688 1536 lege
1709 1465 1895 1521 futura

322 1571 470 1616 esset
491 1561 794 1626 haereditas,
819 1561 1124 1630 oportuerit
1153 1567 1208 1614 et
1235 1559 1508 1614 Abraham
1536 1559 1712 1630 legem
1742 1559 1901 1631 prius

1994 453 2076 507 lex
2125 461 2245 518 est,
2300 462 2355 506 et
2394 449 2775 520 praevaricatio
2823 449 2930 503 erit
2987 459 3355 517 transgressae
3414 447 3578 517 legis;

1992 559 2124 614 ergo
2151 552 2207 599 et
2235 544 2328 598 ubi
2361 543 2494 597 ﬁdes
2522 551 2603 597 est
2622 579 2637 605 ,
2688 551 3040 610 transgressa:
3070 539 3193 594 ﬁdei
3244 540 3578 609 prevarica-

1994 638 2070 692 tio
2095 637 2224 691 erit.
2266 635 2324 691 Si
2360 635 2504 690 enim
2537 633 2925 703 pra-varicator
2950 631 3182 687 etiicitur
3213 632 3311 698 qui
3337 631 3577 686 declinat

1993 743 2022 783 a
2045 728 2183 799 lege,
2226 727 2343 782 sine
2374 727 2538 780 dubio
2571 735 2625 778 et
2658 723 2746 778 ille
2772 725 3160 792 praevaricator
3191 723 3312 793 (7i)
3364 732 3454 776 est
3487 725 3580 792 qui

1991 822 2228 877 declinat
2259 836 2289 874 a
2316 819 2424 875 .ﬁde
2448 837 2463 874 :
2487 831 2544 874 et
2573 819 2619 874 si
2646 819 3076 889 praevaricationi
3108 818 3184 872 illi
3216 832 3349 887 qua:
3383 817 3438 870 in
3467 817 3580 886 lege

1991 924 2075 969 est
2103 913 2188 967 lex
2219 914 2333 982 ipsa
2368 912 2422 966 in
2450 925 2610 965 causa
2640 917 2745 977 est,
2777 911 2941 964 etiam
2973 910 3426 979 prmvaricationi
3458 909 3582 962 huic

1991 1019 2112 1074 quae
2162 1005 2214 1057 in
2255 1004 2358 1057 ﬁde
2395 1012 2479 1056 est
2527 1002 2661 1058 ﬁdes
2709 1003 2763 1057 in
2810 1016 2978 1056 causa
3026 1017 3149 1057 esse
3195 1002 3476 1056 creditur.
3527 1000 3586 1054 Si

1992 1110 2124 1149 vero
2167 1093 2278 1165 (72)
2328 1094 2624 1148 absurdum
2654 1103 2739 1148 est
2766 1094 2948 1148 dicere
2975 1093 3102 1163 quia
3136 1093 3278 1148 ﬁdes
3319 1093 3381 1146 in
3413 1106 3583 1146 causa

1992 1197 2076 1242 est
2107 1196 2164 1242 ut
2193 1187 2316 1257 quis
2347 1186 2736 1256 prmvaricelur
2773 1202 2801 1240 a
2835 1186 2937 1241 ﬁde
2957 1225 2977 1250 ,
3004 1193 3058 1241 et
3078 1186 3124 1242 si
3161 1203 3271 1242 non
3307 1188 3590 1241 accessis-

1993 1291 2078 1336 set
2111 1281 2179 1335 ad
2224 1280 2382 1333 ﬁdem
2412 1319 2428 1344 ,
2473 1281 2859 1350 praevaricator
2905 1279 3032 1334 ﬁdei
3076 1294 3181 1333 non
3237 1276 3478 1344 fuisset;
3515 1278 3590 1330 ita

1995 1373 2285 1428 absurdum
2311 1374 2415 1427 erit
2434 1372 2934 1442 praevaricationem
2965 1369 3100 1441 legis
3121 1385 3188 1425 ex
3227 1384 3298 1424 eo
3323 1370 3587 1436 accipere

1993 1460 2137 1528 quod
2186 1460 2485 1528 susceperit
2525 1461 2646 1530 quis
2699 1459 3100 1514 observantiam
3149 1458 3307 1530 legis.
3372 1457 3490 1512 Sed
3533 1468 3590 1512 et

1996 1553 2126 1608 illud
2156 1554 2421 1607 addamus
2459 1552 2593 1623 (75).
2635 1552 2774 1619 Quid
2818 1551 3004 1606 dicent
3051 1551 3208 1605 uobis
3255 1554 3326 1605 de
3366 1550 3461 1603 his
3493 1550 3586 1618 qui

323 1651 572 1723 implere,
615 1661 671 1706 et
707 1653 783 1706 ita
817 1653 1189 1708 haereditatem
1217 1651 1445 1722 iustitia:
1470 1653 1793 1722 promereri.
1829 1651 1897 1707 Et
1931 1720 1944 1723 _
1997 1655 2128 1700 aute
2153 1645 2324 1715 legem
2361 1643 2528 1715 Moysi
2563 1645 2616 1698 in
2647 1642 3092 1712 praevaricatione
3122 1641 3252 1696 facti
3285 1641 3470 1696 sunt?
3527 1640 3585 1694 Si

325 1720 666 1802 ut‘ostendat
693 1745 841 1801 nullo
868 1746 1029 1802 modo
1055 1745 1158 1799 hoc
1192 1720 1269 1800 ita
1313 1745 1428 1800 ﬁeri
1463 1720 1728 1815 potuisse,
1763 1744 1895 1799 dicit

2092 1752 2139 1791 m
2186 1735 2368 1790 nullus
2421 1745 2545 1790 ante
2605 1734 2821 1806 Moysen
2879 1735 3274 1804 praevaricator
3339 1735 3585 1797 exstitit,

325 1839 470 1908 quod
494 1836 579 1892 lex
616 1837 753 1891 iram
783 1845 1060 1907 operatur.
1107 1835 1211 1891 Uhi
1266 1846 1446 1891 autem
1482 1837 1564 1892 ira
1587 1845 1692 1901 est,
1721 1837 1902 1892 haere-

327 1930 472 1986 ditas
498 1945 606 1985 non
639 1939 757 1996 est;
781 1938 834 1983 et
862 1928 1106 1983 addidit:
1141 1945 1162 1979 c
1193 1927 1296 1983 Ubi
1326 1938 1505 1983 autem
1538 1944 1644 1984 non
1668 1939 1752 1985 est
1783 1928 1896 1995 lex,

327 2035 430 2077 nec
459 2020 859 2092 praevaricatio.
894 2041 914 2072 ι
953 2017 1058 2075 Sed
1092 2029 1408 2090 repetamus
1442 2021 1721 2091 paululum
1757 2020 1892 2094 (66),

323 2120 380 2168 et
411 2112 690 2167 videamus
712 2112 778 2166 de
811 2125 918 2180 qua
943 2111 1060 2182 lege
1089 2113 1190 2168 ista
1231 2113 1512 2168 dicantur.
1557 2114 1614 2169 In
1651 2116 1897 2186 superio-

326 2202 478 2256 ribus
509 2200 726 2270 quidem
774 2200 864 2254 ubi
914 2200 1068 2266 dicit,
1101 2218 1122 2253 t
1162 2199 1221 2255 Si
1259 2202 1405 2256 enim
1455 2203 1546 2270 qui
1568 2218 1635 2258 ex
1669 2204 1810 2274 lege,
1841 2207 1894 2260 hi

327 2293 571 2347 ltmredes
601 2301 750 2357 sunt,
782 2293 1062 2348 exinanita
1118 2301 1202 2348 est
1252 2292 1411 2360 ﬁdes,
1435 2303 1492 2349 et
1515 2307 1776 2351 evacuata
1810 2306 1898 2353 est

325 2385 640 2455 promissio,
679 2404 697 2437 ι
727 2395 906 2457 p0test
941 2393 999 2440 et
1027 2385 1095 2439 ad
1129 2385 1300 2456 Moysi
1337 2385 1532 2456 legem.
1565 2397 1622 2443 et
1644 2390 1712 2443 ad
1740 2399 1898 2444 natu-

328 2476 496 2531 ralem
527 2475 741 2532 referri.
791 2475 1012 2532 Certum
1065 2485 1154 2532 est
1201 2477 1347 2531 enim
1400 2476 1542 2546 quod
1589 2477 1636 2533 si
1688 2495 1755 2535 ex
1782 2479 1901 2549 lege

327 2569 496 2641 Moysi
515 2579 806 2642 praestatur
824 2569 1133 2635 haereditas,
1156 2581 1455 2626 evacuatur
1475 2572 1587 2642 (67)
1607 2570 1734 2626 illud
1755 2572 1898 2638 quod

326 2663 610 2732 scribitur,
637 2663 915 2718 Abraham
946 2660 1071 2716 ﬁdei
1105 2661 1431 2718 credulitate
1461 2664 1726 2718 meruisse
1748 2663 1898 2733 (68):

325 2767 384 2812 et
406 2771 620 2812 rursum
661 2756 708 2811 si
741 2757 810 2811 ad
854 2755 1161 2810 naturalem
1210 2754 1381 2824 legem
1415 2764 1774 2810 convertatur
1813 2755 1902 2808 iu-

327 2847 650 2920 telligentia,
677 2849 792 2902 haec
819 2846 926 2903 dici
957 2856 1188 2918 possunt
1241 2845 1353 2919 (69)
1379 2862 1394 2902 :
1423 2846 1483 2902 Si
1522 2848 1768 2904 suliicere
1807 2864 1903 2917 po-

327 2939 522 2994 tuisset
548 2938 633 2994 lex
679 2940 943 2993 naturalis
967 2939 1036 2993 ad
1080 2937 1242 2993 ﬁdem
1272 2979 1292 3006 ,
1327 2936 1661 3008 superﬂuum
1689 2939 1901 2994 videre-

328 3039 418 3088 tur
436 3031 580 3101 quod
626 3030 827 3084 dictum
852 3039 938 3086 est
979 3018 1047 3086 ad
1089 3030 1408 3086 Abraham:
1451 3048 1471 3082 ι
1506 3030 1605 3085 Exi
1637 3032 1704 3086 de
1751 3041 1897 3086 terra
1926 3069 1969 3127 C

328 3135 445 3192 tua,
467 3133 522 3178 et
549 3123 616 3179 de
636 3124 960 3192 cognatione
982 3131 1096 3186 tua,
1139 3133 1196 3178 et
1221 3122 1288 3178 de
1315 3123 1474 3177 domo
1495 3123 1669 3192 patris
1694 3124 1792 3190 tui,
1846 3134 1901 3178 et

325 3216 452 3271 veni
493 3216 548 3270 in
591 3224 796 3272 terram
847 3229 1012 3285 quam
1057 3215 1350 3270 ostendero
1404 3215 1502 3270 tibi
1530 3217 1574 3270 °.
1633 3234 1654 3269 ›
1700 3215 1902 3286 thuid

326 3309 474 3362 enim
503 3307 678 3363 exiret
705 3309 771 3364 de
803 3317 950 3364 terra
974 3323 1098 3374 sua,
1118 3317 1177 3362 et
1201 3308 1266 3364 de
1300 3310 1460 3364 domo
1495 3324 1616 3376 sua,
1647 3309 1694 3364 si
1739 3309 1790 3364 ei
1813 3309 1903 3363 lex

330 3398 605 3455 sulliceret
636 3401 926 3466 naturalis,
955 3416 1118 3472 quam
1145 3403 1338 3470 utique
1365 3411 1422 3455 et
1441 3401 1494 3454 in
1519 3408 1663 3456 terra
1689 3415 1788 3456 sua
1802 3415 1904 3470 po-

329 3489 468 3544 situs
491 3490 689 3544 habere
713 3497 768 3544 et
794 3490 1072 3546 custodire
1120 3492 1432 3561 potuisset?
1457 3492 1563 3548 Sed
1589 3508 1732 3548 nunc
1757 3493 1904 3548 velut

331 3583 422 3639 illa
450 3585 629 3638 minus
660 3582 964 3639 suﬂiciente
990 3583 1216 3653 iubetur
1247 3585 1416 3656 legem
1438 3584 1563 3640 ﬁdei
1587 3586 1768 3656 sequi,
1787 3586 1906 3642 sine

329 3691 434 3746 qua
464 3674 575 3750 (70)
600 3691 699 3729 nec
723 3676 895 3732 haeres
923 3691 1045 3732 esse
1067 3676 1250 3731 mundi
1271 3677 1384 3747 ipse
1406 3675 1491 3732 vel
1516 3667 1702 3732 semen
1722 3691 1909 3744 suum,

331 3782 433 3823 nec
459 3768 667 3822 amicus
689 3765 783 3822 Dei
813 3767 1252 3838 poteratappella
1263 3769 1304 3822 ri
1331 3785 1350 3822 :
1375 3769 1456 3824 sic
1476 3784 1609 3840 ergo
1635 3779 1812 3841 potest
1837 3771 1906 3826 ab

330 3869 564 3928 utraque
592 3859 709 3930 lege
743 3860 1084 3915 subtractum
1139 3861 1206 3915 ad
1247 3861 1417 3916 solam
1460 3863 1583 3918 ﬁdei
1617 3863 1788 3934 legem
1821 3879 1910 3918 re-

328 3953 544 4020 spicere
565 3951 709 4020 quod
742 3953 908 4008 dicit:
947 3969 968 4004 ι
1007 3953 1064 4007 Si
1099 3953 1244 4008 enim
1275 3955 1364 4024 qui
1394 3968 1464 4009 ex
1496 3953 1635 4025 lege,
1689 3955 1742 4009 hi
1805 3956 1910 4010 ha:-

331 4043 490 4098 redes
514 4049 659 4107 sunt,
697 4043 979 4097 exinanita
1006 4051 1092 4099 est
1126 4042 1281 4110 ﬁdes,
1309 4055 1364 4099 et
1383 4055 1640 4100 evacuata
1673 4054 1757 4100 est
1781 4061 1910 4114 pro-

334 4133 542 4187 missio.
569 4151 588 4183 ι
612 4131 732 4186 Jam
773 4149 904 4188 vero
930 4136 980 4190 in
1015 4135 1120 4190 hoc
1143 4137 1260 4192 loco
1281 4138 1542 4202 ubidicit,
1574 4160 1592 4190 ι
1628 4137 1738 4194 Lex
1762 4139 1910 4194 enim

333 4226 471 4278 iram
502 4233 779 4294 operatur,
815 4244 836 4278 ›
868 4226 1182 4296 diligentius
1201 4229 1514 4285 intuendum
1541 4239 1625 4285 est
1653 4231 1721 4285 ad
1745 4246 1909 4300 quam

333 4313 506 4384 legem
541 4316 820 4384 respicere
854 4320 1102 4374 videatur
1130 4320 1221 4374 hic
1251 4335 1433 4376 sermo
1459 4339 1474 4389 ;
1502 4322 1595 4377 sed
1623 4331 1676 4376 et
1704 4321 1792 4378 ille
1816 4323 1909 4392 qui

1996 1843 2159 1884 nemo
2184 1828 2580 1884 condemnatus
2612 1837 2717 1893 est,
2754 1841 2912 1881 nemo
2938 1826 3181 1896 punitus.
3218 1824 3369 1892 Quid
3399 1827 3582 1881 dicent

1995 1921 2062 1976 de
2093 1919 2431 1975 Sodomitis?
2477 1920 2605 1989 quid
2653 1920 2720 1974 de
2749 1922 2832 1975 his
2854 1921 2944 1990 qui
2975 1921 3027 1975 in
3071 1921 3281 1976 diluvio
3311 1921 3582 1976 condem-

1995 2013 2106 2069 nati
2166 2015 2332 2068 sunt?
2387 2012 2515 2083 quid
2561 2013 2630 2068 de
2669 2012 2846 2068 Cain?
2900 2013 3028 2083 quid
3074 2013 3144 2069 de
3189 2013 3316 2083 ipso
3360 2014 3587 2069 Adam?

1996 2107 2128 2176 quid
2156 2107 2221 2160 de
2247 2106 2356 2160 Eva
2388 2107 2813 2176 respondebunt,
2845 2107 2912 2162 de
2939 2121 3050 2176 qua
3071 2105 3377 2174 Apostolus
3406 2106 3580 2160 dicit:

2002 2219 2022 2253 ι
2072 2200 2263 2255 Mulier
2313 2209 2492 2254 autem
2556 2200 2778 2255 seducta
2825 2200 2880 2254 in
2929 2201 3383 2269 praevaricatione
3441 2199 3583 2255 facta

1997 2303 2080 2347 est
2112 2292 2192 2346 ὀἳ
2233 2311 2252 2344 ι
2299 2291 2355 2346 Si
2386 2291 2505 2346 sine
2544 2289 2664 2358 lege
2709 2289 2876 2360 Moysi
2922 2305 3027 2344 non
3055 2300 3139 2344 est
3167 2290 3586 2359 praevaricatio,

1999 2384 2142 2438 unde
2173 2383 2382 2445 Adam,
2426 2382 2570 2436 unde
2598 2381 2707 2434 Eva
2740 2382 3187 2450 praevaricatores
3217 2381 3290 2435 ab
3317 2382 3590 2452 Apostolo

1998 2475 2390 2530 nominantur?
2423 2475 2648 2539 Verum,
2668 2482 2726 2528 ut
2749 2474 2912 2527 etiam
2945 2475 3001 2528 in
3035 2473 3419 2543 superioribus
3446 2489 3585 2542 saepe

1993 2567 2105 2636 jam
2154 2567 2426 2634 diximus,
2461 2565 2705 2621 diversas
2737 2565 2792 2618 in
2826 2565 2930 2620 hac
2971 2563 3210 2635 Epistola
3253 2565 3414 2636 leges
3445 2566 3590 2634 Apo-

2000 2661 2174 2716 stolus
2219 2659 2545 2725 introducit,
2581 2669 2637 2714 et
2677 2674 2818 2712 nunc
2846 2658 2914 2712 de
2955 2659 3074 2727 lege
3103 2658 3277 2728 Moysi
3312 2659 3584 2728 loquitur,

2002 2765 2146 2806 nunc
2181 2749 2352 2821 legem
2396 2749 2520 2803 ﬁdei
2567 2749 2832 2812 nominat,
2868 2748 3010 2802 sicut
3041 2764 3165 2803 cum
3193 2750 3332 2804 dicit
3362 2765 3382 2803 :
3421 2769 3442 2800 ε
3485 2749 3583 2806 Ubi

2003 2854 2086 2898 est
2110 2857 2238 2911 ergo
2264 2841 2516 2911 gloriatio
2544 2848 2633 2893 tua
2658 2839 2680 2892 ?
2732 2839 2966 2895 Exclusa
2993 2850 3098 2895 est.
3154 2839 3260 2895 Per
3299 2858 3474 2911 quam
3506 2843 3585 2896 le—

2002 2935 2164 3006 gem?
2196 2935 2472 3005 Operam?
2510 2938 2662 3005 Non;
2697 2943 2790 2995 sed
2823 2957 2916 3011 per
2941 2943 3115 3011 legem
3149 2941 3275 2998 ﬁdei
3310 2944 3382 2996 “.
3424 2963 3448 2997 ι
3503 2945 3590 2998 Ιη-

2003 3027 2149 3081 ducit
2171 3039 2434 3096 praeterea
2465 3039 2519 3086 et
2549 3031 2683 3086 alias
2709 3033 2872 3104 leges,
2890 3035 2956 3088 de
2981 3037 3184 3104 quibus
3200 3036 3336 3090 dicit
3362 3054 3382 3090 :
3415 3055 3437 3088 ι
3458 3036 3590 3092 Com

2004 3119 2246 3176 delector
2279 3113 2423 3176 enim
2455 3123 2560 3194 legi
2601 3121 2698 3178 Dei
2727 3127 3027 3188 secundum
3057 3127 3376 3183 interiorem
3414 3129 3583 3184 homi-

2005 3225 2127 3264 nem
2160 3227 2174 3264 :
2211 3211 2366 3268 video
2397 3222 2578 3268 autem
2620 3213 2782 3268 aliam
2816 3215 2988 3286 legem
3029 3217 3083 3272 in
3127 3220 3400 3273 membris
3428 3221 3588 3287 meis,

2004 3315 2394 3373 repugnantem
2429 3304 2533 3374 legi
2566 3307 2762 3361 mentis
2791 3323 2945 3375 meat,
2978 3319 3034 3364 et
3056 3311 3334 3380 captivum
3363 3327 3456 3365 me
3485 3312 3586 3365 du-

2004 3403 2215 3448 centem
2249 3393 2301 3447 in
2333 3396 2450 3464 lege
2480 3399 2688 3467 peccati
2733 3400 2814 3464 “;
2848 3418 2868 3450 ›
2907 3409 2962 3455 ει
3007 3401 3080 3455 ita
3123 3402 3190 3455 de
3217 3417 3326 3455 una
3354 3402 3427 3455 ad
3456 3402 3590 3456 alte-

2005 3500 2123 3539 ram
2174 3487 2347 3556 legem
2385 3494 2613 3557 transit,
2654 3501 2714 3546 ut
2759 3493 2862 3546 nisi
2903 3505 3097 3547 sensus
3144 3491 3384 3570 vigilans
3417 3504 3477 3548 et
3509 3494 3588 3546 in-

2009 3584 2188 3634 tentus
2221 3579 2291 3634 sit
2313 3620 2332 3644 ,
2369 3580 2777 3650 deprehendere
2815 3601 2945 3641 eum
2973 3595 3029 3639 et
3065 3587 3219 3656 sequi
3267 3587 3361 3641 vix
3391 3588 3589 3659 possit-

2012 3668 2308 3726 Videndum
2337 3684 2422 3728 est
2441 3690 2572 3745 ergo
2595 3692 2664 3732 ne
2686 3677 2826 3732 forte
2845 3677 2935 3732 illa
2963 3678 3050 3732 lex
3076 3694 3196 3748 quae
3216 3690 3304 3736 est
3335 3679 3393 3736 in
3419 3697 3585 3736 mem-

2007 3767 2126 3823 bris
2153 3770 2352 3824 nostris
2383 3768 2521 3840 (74),
2557 3780 2613 3826 ει
2643 3772 2892 3840 captivos
2918 3787 3018 3827 nos
3045 3773 3194 3829 ducit
3225 3775 3284 3829 in
3314 3775 3440 3846 lege
3464 3791 3587 3846 pec-

2006 3859 2152 3923 cati,
2201 3859 2316 3928 ipsa
2353 3859 2427 3914 sit
2469 3861 2553 3915 lex
2596 3876 2759 3931 quam
2791 3861 3082 3928 Apostolus
3111 3863 3248 3918 iram
3279 3865 3420 3920 dicit
3460 3882 3588 3936 ope-

2008 3953 2142 4006 rari.
2183 3952 2455 4023 Operatur
2482 3955 2631 4008 enim
2663 3956 2784 4010 sine
2805 3955 2971 4010 dubio
3009 3956 3148 4010 iram
3173 3958 3263 4022 ei,
3291 3972 3462 4026 quem
3494 3974 3585 4012 ca-

2007 4048 2214 4114 ptivum
2249 4046 2468 4101 duxerit
2499 4048 2553 4101 in
2588 4047 2704 4118 lege
2735 4054 2967 4118 peccati.
3024 4048 3128 4104 Ubi
3157 4059 3350 4104 autem
3376 4051 3465 4106 lex
3490 4053 3586 4106 ista

2010 4154 2116 4194 non
2163 4139 2363 4206 fuerit,
2393 4150 2602 4195 certum
2653 4150 2737 4196 est
2777 4141 2918 4210 quod
2965 4141 3038 4195 ibi
3072 4156 3170 4196 uec
3199 4143 3590 4212 praevaricatio

2011 4232 2138 4286 erit.
2179 4233 2282 4300 Qui
2311 4248 2438 4286 vero
2471 4233 2573 4288 sub
2609 4233 2715 4288 ista
2756 4233 2873 4302 lege
2898 4233 3138 4300 fuerint,
3185 4246 3591 4304 consequenter

2013 4338 2114 4379 nec
2139 4324 2379 4379 haeredes
2405 4333 2591 4378 erunt.
2650 4324 2802 4392 Quod
2833 4334 2887 4380 et
2909 4326 2953 4380 si
2989 4326 3056 4380 de
3089 4326 3205 4396 lege
3235 4326 3411 4398 Moysi
3446 4345 3591 4384 eom—

332 4410 600 4477 sequitur.
639 4429 660 4462 ι
706 4405 808 4466 Ubi
839 4415 986 4467 enim
1018 4429 1124 4468 non
1153 4423 1240 4468 est
1292 4414 1403 4480 lex,
1433 4430 1537 4470 nec
1577 4415 1907 4484 praevarica-
1940 4415 1986 4472 D
2018 4417 2314 4470 memorari
2348 4417 2470 4485 quis
2497 4416 2651 4482 velit,
2689 4427 2743 4470 et
2769 4415 2954 4471 dicere
2978 4420 3104 4486 quia
3138 4419 3275 4472 iram
3307 4429 3584 4489 Operatur,

337 4502 430 4556 tio.
443 4521 464 4556 ο
492 4503 599 4558 Sed
617 4505 928 4574 priusquam
944 4520 976 4558 a
1001 4505 1156 4561 nobis
1172 4505 1380 4575 plenior
1397 4504 1706 4575 explanatio
1729 4505 1908 4576 requi-

336 4603 510 4662 ratur,
527 4596 595 4648 ad
618 4596 703 4649 illa
723 4597 960 4652 breviter
978 4598 1426 4666 respondeamus,
1446 4613 1568 4666 quae
1589 4599 1657 4652 de
1671 4599 1775 4653 hoc
1789 4598 1908 4655 loco

339 4686 578 4741 haeretici
604 4689 760 4743 nobis
780 4688 954 4742 solent
977 4689 1298 4742 obtendere.
1327 4688 1496 4743 Aiunt
1512 4690 1686 4744 enim:
1720 4709 1738 4742 ι
1771 4691 1909 4748 Ecce

342 4777 612 4847 quomodo
638 4780 926 4849 Apostolus
955 4780 1088 4835 dicit
1118 4781 1244 4850 quia
1287 4781 1372 4836 lex
1407 4780 1579 4852 Moysi
1611 4783 1748 4837 iram
1775 4799 1910 4854 ope-

338 4879 524 4936 ratur,
551 4871 642 4926 ubi
656 4887 784 4927 vero
805 4872 889 4928 lex
910 4873 1001 4927 illa
1026 4889 1131 4928 non
1154 4874 1342 4939 fuerit,
1367 4874 1437 4930 ibi
1464 4891 1565 4930 nec
1584 4879 1912 4944 praevarica-

2013 4524 2114 4579 pro
2155 4523 2222 4562 eo
2265 4507 2516 4563 fortassis
2559 4509 2678 4564 solo
2723 4508 2828 4564 hoc
2874 4510 3078 4578 poterit
3128 4509 3404 4567 afﬁrmare
3453 4515 3590 4585 quod

2014 4606 2327 4670 peccantem
2355 4599 2406 4653 in
2437 4613 2498 4654 se
2525 4599 2637 4669 (75)
2663 4612 2759 4654 aut
2787 4600 3014 4670 Iapidari
3038 4603 3325 4670 continuo,
3358 4614 3456 4659 aut
3478 4621 3588 4660 cre-

2017 4691 2155 4746 mari
2204 4692 2418 4761 ignibus
2457 4690 2650 4759 jubet,
2683 4693 2767 4747 vel
2809 4693 2857 4747 si
2889 4693 3031 4762 quod
3064 4693 3209 4748 aliud
3239 4697 3588 4764 peccantibus

2017 4784 2331 4840 decernitur
2380 4785 2432 4837 in
2475 4783 2594 4854 lege
2625 4784 2947 4853 supplicium
2998 4801 3015 4840 :
3053 4793 3111 4840 ut
3136 4800 3298 4856 paena
3329 4788 3452 4858 ipsa
3477 4803 3586 4857 qua:

2018 4877 2267 4947 peccanti
2299 4875 2530 4932 infertur
2562 4893 2630 4931 ex
2665 4877 2810 4946 lege,
2839 4878 2917 4932 ira
2951 4895 3095 4934 nunc
3117 4881 3187 4933 ab
3209 4880 3473 4949 Apostolo
3493 4897 3585 4935 no-

409 5037 434 5071 ⁶
464 5037 620 5092 Rom.
658 5052 733 5101 tv,
788 5037 896 5106 Μ,
940 5037 1029 5094 15.
1102 5041 1127 5070 ⁹
1159 5039 1297 5096 Gen.
1333 5056 1434 5110 xu,
1468 5045 1526 5100 Ι.
1595 5041 1640 5073 ¹⁶
1673 5041 1694 5097 l
1724 5042 1864 5099 Tim.
1899 5060 1912 5100 ι

2168 5002 2225 5076 V"
2259 5042 2418 5098 Rom.
2452 5059 2535 5105 ιιι.
2567 5043 2658 5099 27.
2759 5045 2801 5077 ¹²
2839 5044 2996 5102 Rom.
3024 5059 3122 5108 VII.
3143 5044 3237 5111 22,
3269 5044 3368 5102 9-3-

408 5190 524 5264 (ει)
559 5187 652 5264 [ιε.
689 5188 856 5244 Deest
888 5190 940 5246 in
965 5201 1134 5264 antea
1166 5194 1349 5249 editis.

437 5259 526 5328 65)
555 5259 623 5312 Et
642 5269 916 5317 evacuata.
947 5262 1032 5316 Al.
1069 5280 1088 5313 ι
1124 5273 1180 5317 et
1209 5265 1434 5322 abolita.
1467 5287 1488 5321 ι

438 5333 527 5402 66)
552 5331 738 5402 Alias,
775 5349 794 5382 ‹
826 5332 930 5386 Sed
967 5343 1276 5402 repetamus
1301 5335 1546 5393 Paulum.
1589 5356 1611 5391 ι

386 5403 532 5471 .(67)
563 5401 705 5456 Editi
739 5419 754 5455 :
789 5419 808 5452 ι
855 5410 914 5454 ut
939 5401 1253 5457 evacuetur.
1282 5423 1302 5456 ›

415 5474 527 5541 (68)
555 5471 656 5526 Ms.
688 5485 868 5526 unus:
902 5490 922 5524 ί
962 5487 1061 5543 per
1096 5474 1222 5529 fidei
1267 5476 1642 5533 credulitatem
1686 5479 1912 5536 meruis-

347 5557 439 5606 se;
490 5561 509 5592 ι
545 5543 616 5594 al.
653 5543 805 5596 deest
837 5560 856 5592 ι
893 5558 1008 5611 per.
1050 5562 1070 5595 ι

568 5611 710 5687 Editi
743 5629 757 5665 :
801 5629 819 5662 ι
844 5613 1200 5687 iutelligentia
1235 5615 1371 5687 haec,
1401 5616 1510 5671 dici
1541 5628 1738 5687 potest.
1777 5637 1799 5672 ι

416 5679 530 5750 (Ἱυ)
564 5679 688 5735 Sine
716 5697 840 5750 qua.
866 5679 1046 5751 Editi,
1061 5702 1082 5736 ι
1119 5686 1298 5757 quasi,
1333 5679 1364 5738 ιθ
1393 5679 1555 5744 ηιίιιεζ

2095 5198 2208 5275 (71)
2249 5199 2470 5275 Editi,__c
2502 5201 2865 5275 quideclinat
2895 5217 2924 5255 a
2956 5201 3080 5267 ﬁde,
3111 5213 3166 5258 et
3195 5204 3242 5258 si
3274 5209 3576 5275 praevarica-

2022 5269 2236 5345 tioui,_'_i
2263 5280 2368 5324 etc.
2411 5269 2574 5345 Multa
2605 5272 2786 5340 itaque
2807 5275 3006 5328 omissa
3033 5284 3192 5330 erant
3213 5269 3341 5345 qua:
3365 5292 3434 5332 ex
3463 5294 3574 5331 mss.

2019 5341 2303 5395 codicibus
2335 5342 2713 5395 restituuntur.

2091 5408 2205 5480 (7‘2)
2243 5409 2412 5472 Alias,
2453 5429 2472 5460 ι
2509 5411 2666 5464 Sicut
2698 5427 2848 5467 vero.
2881 5432 2902 5466 ι

2091 5414 2184 5480 (72
2243 5414 2412 5472 Alias,
2453 5429 2472 5460 ι
2509 5414 2666 5464 Sicut
2698 5427 2848 5467 vero.
2881 5432 2902 5466 ι

2089 5414 2205 5551 (7'5;
2240 5482 2423 5550 Alias,
2466 5498 2486 5533 ι
2524 5481 2594 5535 Ει
2641 5481 2774 5538 ill'ud
2815 5483 3096 5554 addimus;
3134 5504 3154 5539 ι
3207 5486 3314 5554 aL,
3360 5507 3382 5540 ι
3433 5489 3574 5543 διιὼ-

2020 5567 2163 5606 mus.
2199 5570 2218 5601 ι

2093 5620 2206 5687 (Ἠ)
2243 5621 2410 5686 Alias,
2449 5641 2468 5674 ι
2501 5622 2657 5678 meis.
2692 5641 2710 5674 ι

2116 5625 2206 5687 fit)
2243 5625 2410 5686 Alias,
2449 5641 2468 5674 ι
2501 5625 2657 5678 meis.
2692 5641 2710 5674 ι

2091 5625 2206 5762 (75)
2236 5693 2418 5764 Alias,
2453 5710 2473 5744 ι
2505 5703 2822 5764 peccantem
2856 5709 2937 5753 se.
2970 5714 2991 5748 ι
