3684 6148
100 262 217 316 975

1062 255 1414 314 COMMENT.
1450 255 1516 310 IN
1548 255 1765 313 EPIST.
1799 257 1890 310 AD
1925 254 2090 312 ltOM.
2124 256 2249 312 LIB.
2284 256 2371 312 LV.

3242 264 3348 319 97‘

102 378 316 430 minata
344 375 612 430 videatur.
659 374 926 431 Similiter
951 385 1008 432 et
1038 376 1106 432 de
1127 375 1595 446 prrevaricatione,
1623 383 1680 430 ut
1707 381 1755 437 Α
1784 376 1940 444 pulus
1984 377 2094 431 Deo
2115 415 2129 441 ,
2184 387 2238 430 et
2282 377 2452 446 Moysi
2499 375 2700 433 famqu
2744 379 2860 445 eius
2895 381 2972 448 ¹⁸;
3011 401 3032 435 ο
3063 392 3120 438 et
3148 383 3346 442 iterum

103 486 218 523 non
271 482 488 523 onmem
538 465 1048 536 praevaricationem
1102 470 1426 540 generaliter
1474 471 1526 525 in
1575 469 1680 524 hoc

105 561 236 614 loco
259 561 503 615 adstruat
532 560 874 630 appellatam,
907 562 1000 616 sed
1044 562 1161 627 ejus
1181 565 1273 632 qui
1304 565 1357 617 iu
1389 563 1508 633 lege
1536 562 1682 632 posi-

103 660 199 705 tus
247 651 543 722 deliquerit
589 667 605 708 :
643 661 702 705 ut
730 653 951 723 gravius
981 653 1236 709 delictum
1277 653 1526 708 videatur
1565 653 1681 722 ejus

104 743 200 807 qui
255 757 349 812 per
384 743 554 813 legem
592 744 894 814 prohibitus
939 756 1127 815 peccat
1171 743 1322 814 (76),
1365 760 1526 816 quam
1565 746 1682 812 ejus

103 835 202 902 qni
260 833 403 887 nulla
453 835 617 889 fuerit
650 835 768 903 lege
810 836 1195 892 commonitus.
1235 835 1339 891 Sed
1367 837 1572 890 etillud
1601 838 1681 888 vi-

105 926 348 980 dendum
381 932 487 989 est,
518 926 645 994 quia
671 943 778 982 non
813 927 952 981 dixit
977 926 1269 996 Apostolus
1297 928 1438 996 quod
1470 927 1559 982 ubi
1593 927 1682 982 lex

105 1016 300 1079 fuerit,
328 1016 400 1070 ibi
425 1023 480 1070 et
505 1017 899 1083 prtevaricatio,
917 1018 1012 1073 sed
1042 1017 1116 1072 ait
1146 1035 1160 1070 :
1196 1037 1215 1069 ί
1239 1015 1341 1073 Ubi
1368 1032 1546 1073 autem
1576 1033 1680 1072 non

105 1115 196 1160 est
225 1105 339 1167 lex,
371 1122 472 1162 nec
495 1107 875 1176 pmvaricatio
895 1107 958 1162 ¹³.
994 1127 1014 1159 ›
1055 1105 1112 1161 1η
1139 1122 1245 1178 quo
1271 1108 1508 1163 ostendit
1537 1109 1680 1177 quod

107 1199 488 1267 praevaricatio
527 1200 744 1269 quidem
791 1215 914 1255 esse
940 1201 1163 1256 omnino
1192 1215 1298 1256 non
1330 1201 1539 1270 possit,
1577 1200 1679 1256 nisi

106 1288 194 1342 lex
223 1288 419 1356 fuerit;
455 1304 561 1344 non
596 1297 775 1344 tamen
809 1289 855 1345 si
880 1289 964 1345 lex
997 1289 1086 1355 sit,
1115 1288 1263 1344 omni
1293 1305 1494 1360 genere
1519 1291 1679 1345 etiam

107 1381 493 1450 praevaricatio
535 1381 661 1436 erit.
721 1379 905 1436 Potest
933 1382 1080 1436 enim
1112 1380 1228 1436 ﬁeri
1275 1390 1335 1435 ut
1375 1381 1446 1436 sit
1476 1381 1595 1446 lex,
1627 1390 1682 1438 et

107 1469 492 1538 praevaricatio
537 1484 646 1525 non
693 1470 762 1524 sit
807 1487 821 1526 :
859 1485 963 1524 non
1009 1479 1185 1540 potest
1235 1481 1409 1525 tamen
1460 1468 1574 1524 ﬁeri
1623 1481 1682 1526 ut

107 1559 491 1628 praevaricatio
517 1561 624 1626 sit,
660 1561 751 1616 ubi
796 1560 881 1616 lex
913 1576 1019 1616 non
1052 1573 1158 1617 est.
1197 1562 1328 1617 Nam
1357 1571 1411 1617 et
1438 1563 1484 1617 si
1515 1561 1679 1633 Moysi

108 1653 285 1723 legem
321 1639 636 1724 ponamus,
662 1669 770 1706 non
817 1653 1074 1708 continuo
1099 1652 1212 1726 (77)
1243 1669 1432 1710 omnes
1455 1655 1547 1725 qui
1580 1654 1680 1711 sub

1786 467 2042 522 Dominus
2065 470 2118 524 in
2147 465 2437 541 Evangelia
2465 471 2612 526 dicat
2640 492 2654 527 :
2694 491 2713 524 ι
2743 473 2800 528 Si
2825 478 3123 533 crederetis
3153 477 3346 551 Moysi.

1779 561 2077 616 crederetis
2125 563 2311 631 utique
2359 571 2413 618 et
2458 562 2587 618 mihi
2642 578 2659 619 :
2705 567 2772 621 de
2799 583 2884 622 me
2912 569 3056 624 enim
3089 571 3177 626 ille
3211 575 3350 628 scri-

1780 652 1887 721 psit
1916 652 1978 706 '7.
2011 672 2030 704 ι
2063 651 2346 709 Videbitur
2364 654 2510 711 enim
2543 657 2684 712 sicut
2703 660 2770 712 de
2789 674 2847 715 se
2868 659 3026 727 dixit,
3051 665 3177 731 quia
3210 683 3229 715 ‹
3253 668 3350 735 qui

1781 745 1952 800 credit
1983 746 2034 800 in
2075 761 2194 810 me,
2221 748 2393 803 credit
2426 757 2480 804 et
2528 751 2580 804 in
2633 764 2756 804 eum
2789 753 2879 822 qui
2911 753 3056 808 misit
3087 771 3171 809 me
3205 757 3281 820 ¹³,
3320 777 3340 810 ι

1783 835 1856 888 ita
1885 845 1939 892 et
1965 837 2030 891 de
2062 837 2244 910 Moyse
2274 839 2474 905 dicere,
2508 841 2649 910 quod
2687 861 2706 893 ‹
2737 843 2781 901 si
2820 845 3119 902 crederetis
3149 846 3341 918 Moysi,

1781 925 2078 981 crederetis
2133 927 2318 998 utique
2361 938 2417 983 et
2449 929 2602 984 mihi.
2647 949 2666 984 ι
2711 930 2792 985 Ad
2821 933 2962 1002 quod
2995 937 3346 1003 respondebi-

1781 1030 1922 1079 mus,
1953 1014 2078 1085 quia
2113 1015 2242 1069 illttd
2273 1017 2415 1086 quod
2442 1018 2646 1072 dictum
2673 1028 2756 1074 est
2787 1020 2840 1075 itt
2877 1020 3090 1077 deserto
3113 1065 3128 1090 ,
3168 1043 3188 1078 ‹
3215 1025 3346 1082 Cre-

1781 1105 1918 1160 didit
1944 1107 2172 1177 p0pulus
2202 1106 2334 1174 Deo,
2369 1117 2422 1164 et
2448 1107 2618 1182 Moysi
2648 1111 2846 1167 famulo
2879 1112 3014 1182 ejus,
3048 1135 3066 1165 ι
3104 1119 3346 1173 narratio

1781 1206 1902 1262 est,
1950 1213 2054 1266 qua
2101 1200 2405 1254 ostenditur
2451 1199 2593 1270 quod
2628 1218 2722 1272 per
2751 1203 3120 1260 ministerium
3174 1205 3344 1278 Moysi

1779 1301 1890 1355 quo
1933 1288 2081 1358 signa
2113 1297 2164 1344 et
2191 1289 2459 1345 mirabilia
2497 1291 2861 1359 ministravit,
2892 1295 3121 1365 populus
3163 1301 3342 1354 credi-

1781 1379 1859 1434 dit
1901 1380 2009 1434 Deo
2043 1396 2059 1434 :
2098 1380 2149 1433 in
2195 1381 2298 1436 hoc
2342 1384 2508 1438 verbo
2555 1385 2643 1440 ubi
2695 1386 2858 1455 dicit,
2899 1405 2920 1440 ‹
2953 1387 3013 1444 Si
3051 1392 3343 1448 crederetis

1780 1467 1974 1540 Moysi,
2007 1471 2300 1526 crederetis
2341 1474 2525 1543 utique
2553 1484 2605 1530 et
2635 1474 2788 1543 mihi,
2822 1495 2842 1529 ι
2895 1480 3075 1549 arguit
3109 1480 3340 1537 inﬁdeli-

1785 1568 1947 1616 tatem
1975 1576 2165 1616 eorum
2193 1564 2285 1632 qui
2321 1564 2448 1618 dum
2479 1567 2583 1620 sibi
2615 1583 2720 1622 non
2766 1569 3017 1638 credunt,
3049 1575 3344 1631 ostendunt

1781 1666 1838 1706 se
1871 1666 1974 1707 nec
2013 1652 2184 1724 Moysi
2229 1654 2426 1711 litteris
2452 1659 2676 1714 credere
2708 1660 2762 1714 in
2792 1661 2986 1730 quibus
3019 1663 3085 1719 de
3110 1666 3338 1721 adventu

110 1745 281 1817 Moysi
317 1745 429 1816 lege
457 1745 732 1809 vixerunt,
767 1745 819 1799 in
849 1747 1296 1814 praevaricatione
1339 1746 1466 1801 facti
1499 1753 1627 1800 sunt
1661 1763 1675 1799 :
1710 1734 1750 1790 Β
1779 1741 1979 1796 Christi
2006 1745 2305 1814 prophetali
2339 1760 2592 1804 sermone
2615 1752 3063 1821 comprehensum
3089 1765 3213 1811 est:
3250 1757 3340 1813 ubi

112 1837 356 1906 alioquin
386 1837 544 1891 simul
577 1845 632 1890 et
654 1837 988 1906 prophetas,
1024 1845 1079 1890 et
1100 1851 1291 1894 omnes
1325 1834 1501 1903 justos
1527 1836 1676 1890 vide-

111 1945 232 1982 mttr
263 1926 581 1982 involvere:
605 1927 708 1982 nisi
731 1926 873 1982 forte
900 1929 1044 1982 dicat
1070 1927 1264 1997 aliquis
1285 1927 1463 1998 justos
1491 1943 1678 1984 omnes

108 2029 166 2074 et
193 2019 487 2089 prophetas
526 2034 631 2074 non
664 2030 771 2073 tam
803 2019 903 2073 sub
937 2019 1056 2090 lege
1076 2060 1091 2086 ,
1123 2034 1282 2088 quam
1333 2019 1433 2075 sub
1463 2019 1567 2075 ﬁde
1599 2021 1679 2075 vi-

112 2110 291 2176 xisse;
351 2119 661 2179 peccatores
706 2122 837 2164 vero
888 2119 942 2164 et
992 2107 1219 2178 injustos
1273 2108 1408 2178 legis
1450 2110 1679 2165 vinculis

109 2201 281 2257 (uisse
311 2203 655 2269 constrictos,
681 2202 820 2257 sicut
855 2210 909 2257 et
935 2201 1224 2270 Apostolus
1251 2201 1472 2258 dicit“:
1496 2221 1516 2253 ι
1543 2202 1677 2270 Quia

106 2293 254 2361 justo
279 2295 362 2349 lex
396 2310 500 2349 non
545 2303 628 2350 est
654 2295 851 2364 posita,
895 2294 989 2349 sed
1023 2293 1236 2363 injustis
1265 2305 1321 2349 et
1357 2309 1464 2350 non
1495 2293 1678 2350 subdi-

114 2392 216 2452 tis,
265 2389 447 2458 impiis
493 2397 544 2443 et
586 2389 1003 2457 peccatoribus,
1053 2388 1299 2443 scelestis
1336 2397 1391 2444 et
1415 2387 1674 2458 profanis,

113 2482 401 2550 patricidis
435 2489 490 2535 et
517 2480 852 2544 matricidis,
881 2480 1204 2543 homicidis,
1235 2479 1676 2543 l'ornicatoribus,

117 2573 481 2627 masculorum
515 2572 978 2635 concubitoribus,
1011 2572 1434 2643 plagiatoribtts,
1460 2571 1680 2625 menda-

116 2666 293 2730 cibus,
324 2664 579 2735 perjuris,
615 2674 670 2719 et
694 2665 737 2718 si
767 2665 900 2735 quid
934 2663 1076 2717 aliud
1123 2677 1266 2718 same
1295 2663 1554 2717 doctrina;
1583 2663 1673 2715 ad-

116 2768 389 2812 versatur.
423 2776 442 2809 ι
488 2757 639 2823 Quod
672 2756 716 2811 si
747 2755 946 2811 talibus
976 2755 1060 2810 lex
1086 2756 1258 2827 posita
1287 2765 1390 2818 est,
1435 2770 1539 2808 non
1581 2751 1677 2808 tibi

118 2849 284 2904 multo
334 2848 591 2904 meliores
635 2848 712 2902 illi
755 2847 1081 2902 videbuntur
1108 2848 1174 2901 de
1198 2847 1396 2915 quibus
1433 2846 1676 2901 dicitur:

121 2959 141 2992 ε
171 2940 303 2996 Cum
331 2940 476 2996 enim
507 2932 715 3011 gentes,
758 2953 878 3008 quae
904 2937 1075 3008 legem
1105 2952 1211 2992 non
1259 2937 1478 3001 habent,
1525 2945 1680 2990 natu-

121 3032 306 3086 raliter
332 3045 453 3101 quae
479 3031 611 3100 legis
635 3039 765 3085 sunt
793 3027 1019 3096 l‘aciunt,
1043 3027 1347 3095 huiusmodi
1376 3027 1545 3098 legem
1573 3041 1676 3081 non

120 3123 404 3187 habentes,
435 3122 535 3190 ipsi
563 3121 666 3176 sibi
693 3129 820 3175 sunt
850 3121 959 3198 lex,
990 3119 1080 3189 qui
1123 3120 1418 3174 ostendunt
1442 3133 1577 3187 opus
1601 3117 1679 3172 le-

116 3215 199 3283 gis
221 3215 484 3284 scriptum
516 3216 570 3267 in
594 3212 850 3268 cordibus
871 3214 1005 3274 suis,
1032 3212 1394 3266 testimonium
1422 3211 1679 3264 reddente

118 3308 196 3362 eis
234 3306 566 3362 conscientia
599 3305 664 3358 η.
698 3323 717 3357 ι
773 3304 838 3358 Ει
868 3313 1173 3358 statuamus
1220 3312 1345 3356 ante
1377 3301 1562 3357 oculos
1585 3342 1600 3365 ,
1633 3301 1676 3354 si

123 3402 337 3456 videtur
361 3441 376 3465 ,
415 3401 547 3455 duos
596 3398 835 3467 aliquos,
871 3395 1019 3452 verbi
1050 3395 1223 3464 gratia
1246 3435 1261 3460 ,
1297 3395 1388 3463 qui
1418 3409 1536 3448 cum
1569 3409 1680 3445 ma-

120 3491 282 3547 sculis
318 3507 424 3545 non
468 3490 880 3544 concubuerunt
922 3487 1211 3541 concubitu
1247 3484 1495 3540 muliebri
1523 3485 1674 3554 (78);

121 3599 283 3639 unum
314 3599 381 3638 ex
413 3583 498 3636 bis
538 3591 806 3651 praecepto
849 3579 983 3646 legis
1030 3578 1391 3647 prohibitum,
1443 3576 1601 3644 cujus
1633 3575 1677 3630 si

124 3683 325 3729 metum
360 3688 467 3728 nou
499 3672 802 3734 habuisset,
835 3669 1065 3724 fortasse
1102 3667 1322 3723 fecisset
1369 3685 1382 3720 :
1432 3676 1488 3721 et
1514 3665 1676 3719 alium

122 3767 209 3836 qui
241 3765 472 3835 propriae
504 3763 700 3819 mentis
738 3759 942 3830 judicio
989 3758 1356 3826 hujuscemodi
1401 3757 1678 3824 contagio-

123 3873 238 3912 nent
268 3872 337 3911 ne
364 3854 718 3925 cogitationes
741 3853 954 3921 quidem
991 3865 1120 3906 suas
1150 3850 1301 3905 adire
1329 3850 1636 3919 permiserit
1661 3865 1676 3902 :

122 3961 290 4001 nonne
339 3947 508 4000 multo
540 3945 687 3997 illum
719 3942 982 4012 praeferas
1026 3941 1116 4010 qui
1155 3940 1300 3994 nulla
1337 3941 1468 4010 legis
1511 3941 1679 3995 inter-

122 4037 413 4092 minatione
437 4034 748 4096 deterritus,
785 4034 1080 4086 immunem
1111 4046 1170 4086 se
1199 4048 1228 4085 a
1265 4029 1454 4102 ﬂagitii
1482 4041 1676 4087 conta-

123 4129 414 4183 minatione
479 4125 754 4182 servavit?
807 4124 1076 4179 Similiter
1140 4124 1302 4179 etiam
1355 4125 1420 4178 de
1465 4123 1678 4178 caeteris

123 4222 360 4290 peccatis
389 4221 432 4274 si
464 4219 724 4274 habeatur
745 4232 993 4272 examen.
1022 4217 1085 4270 Et
1109 4217 1228 4271 ideo
1252 4217 1364 4272 sive
1393 4217 1560 4287 Moysi
1591 4216 1677 4270 lex

45 4308 49 4315 ’
123 4313 487 4383 intelligatur,
531 4312 647 4366 sive
675 4313 838 4366 etiam
863 4325 928 4363 ea
955 4324 1076 4378 quae
1107 4309 1161 4363 in
1191 4309 1390 4364 nostris
1417 4308 1677 4362 membris

1779 1849 1908 1888 vero
1940 1835 2086 1899 dicit,
2124 1854 2143 1888 ι
2177 1836 2278 1903 Qui
2323 1840 2497 1894 credit
2545 1841 2597 1894 in
2633 1858 2739 1910 me,
2783 1846 2954 1901 credit
2999 1847 3054 1901 in
3095 1861 3214 1903 eum
3247 1849 3341 1920 qui

1780 1921 1924 1976 misit
1947 1937 2050 1984 me,
2085 1942 2107 1978 ι
2144 1940 2293 1996 spem
2322 1929 2654 1986 credentium
2687 1932 2862 1988 elevat
2892 1952 3060 2006 usque
3084 1939 3150 1993 ad
3173 1940 3338 1995 Deum

1777 2010 2094 2080 Patrem,ut
2119 2017 2260 2072 sicut
2288 2013 2410 2089 quis
2437 2035 2559 2075 cum
2590 2022 2739 2078 videt
2766 2024 2876 2098 (79)
2908 2026 3120 2097 Filium,
3139 2033 3341 2090 vidisse

1779 2117 1838 2158 se
1867 2104 2003 2158 sciat
2027 2114 2079 2158 et
2103 2103 2320 2163 Patrem
2354 2111 2433 2173 ¹⁰,
2470 2110 2540 2165 ita
2573 2126 2694 2167 cum
2741 2117 2915 2170 credit
2953 2115 3128 2187 Filio,
3164 2124 3340 2178 credi-

1779 2194 1922 2250 disse
1954 2209 2013 2250 se
2035 2194 2150 2269 (80)
2172 2200 2310 2254 sciat
2333 2208 2387 2254 et
2411 2199 2579 2257 Patri.

1850 2285 1904 2344 5.
1952 2307 1971 2339 ι
2008 2288 2132 2344 Ideo
2168 2305 2235 2344 ex
2263 2291 2386 2357 ﬁde,
2412 2301 2472 2345 ut
2499 2294 2794 2351 secundum
2827 2300 3056 2366 gratiam
3087 2301 3240 2360 ﬁrma
3272 2307 3345 2360 sit

1780 2379 2066 2443 promissio
2109 2380 2254 2435 omni
2309 2383 2537 2446 semini,
2579 2400 2684 2439 non
2730 2386 2779 2440 ei
2809 2387 2920 2458 (8i)
2955 2392 3097 2460 quod
3126 2407 3193 2446 ex
3225 2391 3343 2464 lege

1778 2482 1860 2524 est
1887 2479 2116 2536 tantum,
2152 2473 2249 2527 sed
2278 2472 2399 2528 etei
2432 2473 2543 2545 (82)
2568 2476 2710 2544 quod
2747 2491 2812 2531 ex
2847 2479 2951 2532 ﬁde
2973 2490 3055 2535 est
3084 2482 3339 2552 Abrahm,

1779 2563 1869 2630 qui
1905 2571 1990 2617 est
2017 2570 2168 2632 pater
2188 2563 2429 2617 omnium
2469 2575 2714 2619 nostrum
2741 2568 2904 2634 (sicut
2926 2571 3184 2640 scriptum
3217 2584 3338 2630 est:

1779 2653 1914 2720 Quia
1949 2664 2154 2724 patrem
2191 2654 2478 2710 multarum
2514 2657 2752 2727 gentium
2778 2661 2927 2728 posui
2959 2660 3031 2735 te)
3065 2673 3190 2718 ante
3216 2680 3340 2722 cum

1779 2747 1864 2799 cui
1898 2746 2128 2800 credidit
2161 2745 2276 2816 (8‘5)
2309 2747 2510 2812 Deum,
2563 2749 2653 2817 qui
2700 2751 2935 2804 vivilicat
2983 2762 3260 2821 mortuos,
3287 2765 3344 2809 et

1780 2848 1937 2891 vocat
1959 2851 2020 2892 ea
2045 2853 2166 2908 quae
2198 2854 2304 2894 non
2335 2849 2492 2904 sunt,
2527 2848 2780 2914 tauquam
2813 2859 2874 2898 ea
2903 2860 3025 2914 quae
3053 2857 3178 2902 sunt
3207 2846 3276 2905 ³³.
3317 2867 3336 2899 ι

1781 2929 1837 2984 1η
1893 2929 2264 3000 superioribus
2311 2931 2714 2989 distinctionem
2777 2935 2926 2991 dedit
2973 2939 3236 2993 mercedis
3286 2951 3342 2995 et

1780 3021 1986 3090 gratiae,
2024 3021 2212 3075 dicens
2240 3023 2542 3076 mercedem
2568 3038 2682 3078 rem
2724 3024 2889 3080 debiti
2922 3041 3075 3091 esse;
3113 3029 3339 3097 gratiam

1781 3122 1961 3167 autem
1994 3113 2191 3169 nullius
2220 3127 2337 3168 esse
2369 3115 2569 3180 debiti,
2596 3115 2688 3171 sed
2722 3115 3105 3172 benevolentia:
3133 3120 3340 3174 beneﬁ-

1781 3203 1946 3257 cium.
2007 3203 2071 3259 Et
2116 3205 2169 3259 in
2202 3205 2454 3274 praesenti
2499 3221 2627 3276 ergo
2677 3207 2798 3262 loco
2832 3212 3120 3264 Ostendere
3158 3214 3343 3269 volens

1780 3293 1948 3350 Deum
1992 3295 2358 3350 hereditatem
2410 3299 2829 3367 promissionum
2881 3318 2985 3356 non
3041 3319 3106 3358 ex
3139 3303 3341 3370 debito,

1780 3389 1875 3442 sed
1905 3403 1999 3458 per
2028 3389 2255 3458 gratiam
2299 3388 2431 3444 dare
2451 3429 2466 3453 ,
2518 3391 2649 3445 dicit
2691 3393 2818 3462 quia
2868 3393 3156 3450 baereditas
3178 3413 3206 3449 a
3233 3397 3341 3455 Deo

1783 3478 1867 3532 his
1889 3479 1983 3547 qui
2015 3482 2274 3548 credunt,
2307 3495 2413 3534 non
2442 3494 2508 3534 ex
2546 3483 2811 3538 mercedis
2846 3483 3061 3551 debito,
3093 3487 3186 3541 sed
3221 3489 3341 3543 ﬁdei

1781 3587 2005 3626 munere
2030 3571 2378 3626 concedatur.
2437 3570 2596 3627 Sicut
2634 3575 2778 3629 enim
2808 3574 2888 3646 (ut
2916 3579 3143 3648 exempli
3179 3596 3341 3634 causa

1781 3663 2033 3733 dixerim)
2070 3665 2172 3719 hoc
2197 3665 2338 3732 quod
2386 3665 2726 3721 subsistimus
2776 3682 2881 3722 non
2913 3679 3089 3738 potest
3119 3673 3341 3744 intelligi

1781 3757 1933 3826 quasi
1972 3756 2084 3826 (84)
2124 3771 2188 3811 ex
2230 3757 2411 3826 operis
2452 3759 2619 3813 nostri
2665 3763 2912 3816 mercede
2963 3765 3342 3836 subsistamus,

1781 3850 1874 3904 sed
1909 3850 2191 3904 evidenter
2221 3849 2310 3903 Dei
2359 3866 2555 3906 munus
2587 3853 2836 3921 estquod
2871 3870 3086 3919 sumus,
3139 3868 3193 3910 et
3218 3875 3341 3928 gra-

1784 3943 1854 3997 tia
1875 3939 2180 3998 Conditoris
2201 3981 2217 4007 ,
2259 3943 2349 4010 qui
2388 3956 2510 3998 esse
2537 3959 2632 3997 nos
2660 3944 2825 3998 voluit
2856 3963 2870 4000 :
2909 3949 2980 4002 ita
3009 3957 3062 4003 et
3095 3950 3141 4004 si
3170 3952 3343 4007 luere-

1781 4033 2003 4088 ditatem
2032 4033 2450 4103 promissionum
2483 4033 2573 4090 Dei
2600 4037 2873 4105 capiamus
2892 4079 2908 4104 ,
2940 4039 3134 4096 divina:
3157 4047 3344 4113 gratia:

1782 4133 1884 4184 est,
1921 4139 2025 4176 non
2055 4123 2281 4191 alicujus
2312 4125 2480 4179 debiti
2512 4136 2604 4179 aut
2626 4128 2805 4196 operis
2842 4145 3067 4185 merces.
3111 4133 3262 4198 Quod
3297 4135 3344 4188 si

1782 4213 1921 4268 forte
1941 4213 2186 4267 videatur
2217 4213 2318 4268 hoc
2354 4213 2526 4282 ipsum
2558 4217 2700 4284 quod
2729 4217 2926 4272 dicitur
2953 4235 3018 4272 ex
3054 4220 3190 4285 ﬁde,
3237 4238 3343 4276 non

1781 4322 1902 4362 esse
1926 4308 2127 4377 gratis,
2163 4307 2358 4376 quippe
2406 4308 2451 4362 si
2496 4307 2768 4364 offerenda
2817 4312 2888 4365 sit
2927 4311 3062 4368 ﬁdes
3097 4315 3245 4382 prius
3278 4316 3343 4369 ab

122 4415 218 4468 est,
245 4415 300 4458 et
324 4405 463 4458 iram
493 4413 767 4473 operatur,
791 4417 896 4456 non
921 4409 1147 4470 possunt
1171 4401 1264 4470 qui
1287 4416 1354 4455 ex
1383 4400 1499 4470 ipsa
1527 4407 1675 4463 sunt,
1709 4418 1754 4472 ι)
1782 4400 2020 4465 homine,
2049 4409 2105 4454 et
2133 4401 2202 4453 ita
2229 4414 2259 4452 a
2292 4399 2401 4454 Deo
2425 4403 2598 4469 gratia
2624 4405 2980 4470 promerenda
3016 4423 3029 4458 :
3061 4408 3181 4460 audi
3207 4424 3342 4476 qutu-

123 4497 355 4551 haeredes
383 4511 507 4550 esse
528 4538 542 4559 ,
580 4495 674 4550 sed
703 4493 775 4548 illi
804 4494 892 4562 qui
927 4502 1054 4548 sunt
1080 4508 1146 4547 ex
1177 4493 1293 4564 lege
1319 4491 1438 4546 ﬁdei
1466 4509 1480 4546 :
1514 4490 1679 4560 528

125 4588 238 4644 ﬁdei
268 4598 448 4642 autem
480 4587 622 4640 illius
654 4601 722 4640 ex
745 4601 850 4656 qua
891 4583 1218 4653 justiﬁcatus
1265 4593 1348 4638 est
1383 4582 1676 4637 Abraham.

125 4680 224 4733 Sed
257 4680 485 4735 fortasse
523 4679 766 4744 requirat
811 4677 1012 4748 aliquis
1063 4675 1331 4743 quomodo
1360 4690 1464 4729 non
1505 4684 1559 4728 et
1587 4673 1678 4742 qui

125 4769 218 4824 sub
254 4771 371 4841 lege
403 4770 570 4844 Moysi
623 4778 738 4830 est.
788 4773 890 4822 sub
939 4768 1054 4836 lege
1102 4766 1225 4820 ﬁdei
1258 4779 1380 4821 esse
1409 4765 1677 4830 videatur,

127 4876 242 4916 cum
275 4864 532 4934 scriptum
563 4864 636 4918 sit
679 4862 731 4916 in
759 4860 947 4916 Exodo
981 4878 994 4914 :
1036 4877 1057 4912 ι
1086 4858 1327 4914 Credidit
1375 4867 1554 4910 autem
1581 4871 1679 4926 po-

193 4999 236 5030 ¹³
262 5001 515 5064 Ronmv',
548 5002 634 5055 15.
709 4999 753 5031 η
785 4998 803 5052 l
834 4999 974 5056 Tim.
1001 5015 1038 5055 ι.
1072 5000 1128 5060 9,
1161 4997 1249 5052 10.
1326 4996 1368 5029 ¹⁸
1398 4995 1549 5049 Rom.
1592 5010 1652 5061 tt,

193 5086 220 5120 l.
265 5072 354 5120 44.
455 5073 497 5103 ³⁵
530 5069 686 5120 Joan.
721 5085 833 5120 xiv.
865 5072 919 5120 9.
1019 5069 1063 5101 ³⁸
1099 5069 1257 5120 Rom.
1294 5082 1370 5120 Iv.
1398 5066 1486 5120 16.
1521 5065 1610 5120 17.

1851 4995 1900 5050 5.
1998 4995 2041 5024 ⁸⁵
2070 4995 2141 5046 Ex

1851 5065 1954 5120 lor.
1979 5078 2082 5120 xu.
2108 5062 2141 5116 8

129 5084 220 5134 xit,
265 5072 354 5126 44.
455 5073 497 5103 ³³
530 5069 686 5125 Joan.
721 5085 833 5134 xiv,
865 5072 919 5125 9.
1019 5069 1063 5144 ’ξ
1099 5069 1257 5123 Rom.
1294 5066 1486 5134 tv,16,
1521 5065 1610 5120 17.

191 5186 299 5255 (76)
337 5187 501 5250 Editi,
538 5205 557 5238 ι
591 5189 908 5256 prolnoetur
934 5195 990 5240 et
1018 5192 1229 5254 peccat.
1261 5203 1280 5236 ι

194 5251 301 5326 (71)
341 5260 431 5311 Sic
479 5251 671 5311 omnes
718 5272 889 5321 mss.,
941 5251 1200 5326 llabanus
1237 5264 1293 5308 et
1336 5251 1676 5308 Salodiauus.

130 5323 312 5380 Cameri
335 5342 464 5381 vero
493 5328 645 5394 editi,
682 5327 835 5380 «Non
861 5325 964 5380 etsi
990 5324 1159 5394 Moysi
1192 5325 1363 5394 legem
1394 5335 1679 5393 ponamus,

131 5397 397 5460 continuo,
429 5416 447 5447 ι
487 5406 593 5452 etc.

455 5073 497 5103 “
530 5069 686 5125 Joan.
721 5085 833 5134 xiv,
865 5072 919 5125 9.

195 5464 303 5534 (78)
343 5467 416 5519 Ita
459 5465 752 5530 Rabanus;
793 5464 925 5517 editi
969 5479 1103 5518 vero
1138 5473 1213 5534 fet
1260 5477 1390 5516 mss.
1437 5461 1678 5534 nitidam,

138 5549 153 5580 ι
187 5533 285 5587 nou
338 5536 595 5603 petierint
647 5534 992 5588 concubitum
1042 5533 1378 5603 muliebrem.
1415 5551 1434 5582 ι
1490 5533 1678 5586 Cazta-rf

136 5617 252 5655 mss.
290 5601 482 5668 nostri,
523 5624 540 5654 ι
577 5620 679 5655 non
709 5603 1136 5669 concupiverunt
1169 5623 1186 5654 ι
1218 5601 1339 5673 [al.,
1377 5620 1394 5653 ι
1434 5618 1536 5657 non
1561 5618 1680 5655 cou-

134 5674 411 5734 cupieriutl
447 5674 791 5728 concubitum
821 5674 1162 5727 muliebrem.
1202 5693 1220 5723 ι

1780 4492 1940 4545 modo
1976 4493 2028 4545 in
2073 4491 2195 4545 aliis
2223 4490 2387 4544 etiam
2423 4492 2488 4545 de
2520 4491 2622 4546 hoc
2656 4492 2795 4546 idem
2822 4494 3115 4562 Apostolus
3163 4497 3341 4555 docet.

1781 4583 1988 4637 Etenim
2039 4581 2128 4636 ubi
2171 4595 2452 4637 enumerat
2496 4585 2634 4638 dona
2682 4585 2921 4652 Spiritus
2945 4587 3026 4648 ²¹,
3060 4602 3180 4655 qua:
3215 4588 3342 4641 dicit

1778 4673 2078 4726 secundum
2110 4687 2415 4726 mensuram
2453 4673 2570 4726 ﬁdei
2597 4675 2945 4728 credentibus
2969 4676 3084 4728 dari
3106 4717 3120 4739 ,
3160 4677 3230 4730 ibi
3268 4677 3342 4730 iu.

1779 4771 1860 4816 ter
1889 4773 2086 4817 caetera
2123 4763 2285 4816 etiam
2321 4763 2516 4816 donum
2549 4763 2670 4817 ﬁdei
2716 4766 2912 4819 asserit
2957 4780 3052 4835 per
3083 4767 3341 4835 Spiritum

1780 4864 2023 4909 sanctum
2067 4853 2250 4908 tribui.
2307 4853 2435 4910 Post
2485 4854 2650 4908 multa
2681 4870 2912 4924 namque
2963 4859 3036 4911 ita
3084 4861 3247 4911 etiam
3281 4861 3348 4912 de

1998 4992 2041 5024 ¹⁶
2070 4993 2238 5046 Exod.
2265 5007 2380 5057 xiv,
2420 4991 2513 5046 '51.
2607 4993 2649 5028 ¹⁷
2679 4991 2836 5048 Joau.
2868 5008 2922 5058 v,
2951 4993 3040 5048 46.
3117 4993 3158 5026 ιθ
3187 4992 3344 5048 .loan.

1851 5176 1965 5246 (79)
2002 5177 2176 5243 Alias,
2207 5194 2227 5227 ι
2261 5177 2349 5244 qui
2379 5175 2544 5228 videt.
2580 5195 2599 5228 ι

1847 5244 1961 5317 (80)
1999 5247 2090 5302 Se.
2127 5249 2286 5301 Deest
2313 5249 2363 5299 iu
2395 5255 2553 5299 antea
2580 5244 2763 5300 editis.

1848 5317 1960 5456 (Si)
1999 5317 2168 5381 A‘lias,
2211 5336 2229 5367 ι
2266 5317 2381 5384 qui.
2423 5333 2442 5366 ι

1874 5389 1962 5450 8⁸2.)
2003 5387 2172 5448 Alias,
2214 5404 2232 5437 ι
2268 5387 2381 5454 qui.
2407 5404 2436 5456 Vr

1874 5389 1962 5450 8‘2)
2003 5387 2172 5448 Alias,
2214 5404 2232 5437 ι
2268 5387 2381 5454 qui.
2419 5404 2436 5434 ι

1850 5451 1960 5529 (83)
1997 5457 2166 5522 Alias,
2202 5476 2220 5508 ι
2243 5451 2369 5512 ante
2396 5455 2560 5508 Deum
2586 5455 2672 5509 cui
2703 5453 2976 5508 credidisti
2999 5472 3042 5517 ;y
3065 5451 3158 5515 al.,
3193 5466 3347 5511 scre-

1780 5529 1936 5581 didil.
1968 5547 1986 5578 ι

1853 5599 1962 5664 (84)
2005 5595 2140 5647 Etliti
2172 5605 2238 5675 .ct
2272 5611 2401 5649 mss.
2438 5595 2637 5664 plures,
2679 5615 2694 5645 ι
2730 5597 2852 5662 quia
2887 5613 2927 5644 ι.
2964 5591 3181 5647 [lectius
3212 5609 3350 5652 mss.

1784 5685 1940 5728 unus.
1976 5687 1992 5717 ς
2030 5682 2203 5729 quasi.
2239 5686 2257 5715 ι
