3684 6148
306 261 414 320 975

1807 240 1969 299 OPth
1979 238 2135 295 ENIS
3467 229 3558 284 976

303 387 413 439 hoc
457 380 632 437 dicit:
676 397 693 430 ι
735 377 833 433 Alii
883 376 1016 431 ﬁdes
1063 375 1114 429 in
1163 373 1350 428 eodem
1401 371 1605 441 Spiritu
1641 371 1731 422 "z

2100 381 2153 434 fe
2185 389 2370 434 nostro
2403 377 2674 445 descripta
2704 383 2852 442 sunt,
2900 374 3047 428 sicut
3090 372 3237 425 idem
3276 372 3396 441 ipse
3425 375 3555 438 Apo-

307 477 560 532 ostendat
591 471 717 543 quia
747 471 914 525 etiam
941 469 1073 523 tldes
1107 484 1202 538 per
1228 467 1457 536 gratiam
1485 466 1662 518 datur.
1692 461 1797 516 Sed
1826 471 1881 515 et

309 566 437 620 alibi
489 564 630 620 idem
680 561 968 634 Apostolus
1015 560 1176 614 docet
1221 560 1446 615 dicens:
1491 576 1508 608 ι
1537 556 1673 623 Quia
1709 571 1738 609 a
1771 555 1880 609 Deo

308 657 464 713 vobis
491 658 671 711 datum
697 663 781 710 est
809 667 917 708 non
947 652 1121 708 solum
1147 659 1206 704 ut
1231 650 1468 706 credatis
1501 647 1551 702 in
1579 647 1878 711 Christum,

310 752 402 806 sed
431 751 594 807 etiam
635 759 694 803 ut
726 745 1004 818 patiamini
1039 759 1137 814 pro
1165 744 1253 798 illo
1283 743 1349 797 ”.
1387 760 1406 795 ι
1447 739 1661 794 lnvenis
1694 741 1797 794 hoc
1825 747 1881 792 et

311 845 363 898 in
398 843 704 912 Evangeliis
751 839 1060 909 designari,
1106 837 1192 891 ubi
1244 836 1468 904 apostoli
1515 835 1879 902 ittlelligentes

309 936 452 1006 quod
497 950 558 990 ea
607 950 725 1002 qua!
751 950 815 988 ex
846 934 1067 988 homine
1102 943 1176 986 cst
1215 932 1382 994 ﬁdes,
1419 945 1522 983 non
1556 937 1732 997 potest
1761 941 1881 982 esse

311 1028 572 1096 perfecta,
595 1027 697 1080 nisi
730 1027 908 1080 addita
935 1025 1097 1080 fuerit
1122 1026 1286 1079 etiam
1313 1039 1375 1078 ea
1406 1038 1526 1092 quae
1548 1038 1610 1076 ex
1645 1022 1751 1075 Deo
1775 1030 1879 1084 est,

309 1122 499 1174 dicunt
527 1119 592 1174 ad
618 1117 949 1172 Salvatorem
983 1135 995 1169 :
1035 1135 1054 1169 ι
1083 1116 1235 1188 Auge
1281 1113 1434 1170 nobis
1461 1113 1619 1167 ﬁdem
1655 1111 1718 1166 ".
1749 1129 1767 1163 ι
1805 1109 1880 1164 Ex

309 1209 506 1278 quibus
531 1207 785 1262 omnibus
810 1207 1156 1276 apertissime
1197 1207 1584 1274 comprobatur
1613 1203 1757 1274 quod
1793 1203 1882 1257 hic

308 1301 446 1357 dicit
466 1299 758 1369 Apostolus
787 1316 802 1353 :
847 1317 865 1350 ι
901 1298 1024 1352 Ideo
1067 1312 1132 1352 ex
1166 1297 1296 1361 ﬁde,
1334 1307 1393 1350 ut
1423 1295 1721 1350 secundum
1752 1309 1880 1362 gra-

307 1395 440 1448 tiam
473 1393 626 1449 ﬁrma
659 1392 729 1448 sit
757 1392 1043 1461 promissio
1069 1392 1114 1423 "
1146 1409 1160 1446 :
1205 1409 1224 1444 ι
1257 1391 1384 1459 quia
1417 1390 1579 1443 etiam
1607 1387 1742 1442 ﬁdes
1767 1388 1877 1455 ipsa

309 1502 414 1554 qua
453 1485 679 1541 credere
714 1485 965 1540 videmur
999 1484 1145 1548 Deo,
1192 1483 1333 1537 dono
1379 1481 1432 1535 in
1492 1481 1647 1536 nobis
1695 1480 1882 1548 gratiae

311 1576 690 1631 conﬁrmatur.
753 1575 879 1630 Haec
908 1583 1088 1628 autem
1126 1583 1208 1629 est
1235 1572 1408 1643 gratia
1440 1587 1602 1641 quam
1636 1569 1882 1625 invenire

309 1671 450 1725 sicut
499 1670 811 1724 thesaurum
847 1682 1101 1739 magnum
1153 1674 1392 1721 meretur
1443 1667 1488 1720 si
1537 1666 1662 1736 quis
1694 1666 1881 1721 beatus

309 1773 396 1818 est
419 1763 486 1815 ".
550 1761 701 1816 Hanc
745 1761 956 1816 invenit
991 1758 1133 1826 Noe;
1170 1766 1224 1813 et
1253 1759 1374 1812 ideo
1420 1758 1680 1827 scriptum
1706 1757 1883 1811 estde

311 1869 376 1908 eo
404 1871 417 1907 :
456 1871 476 1905 ι
506 1851 620 1907 Noe
649 1863 828 1907 autem
860 1851 1067 1906 invenit
1107 1851 1336 1921 gratiam
1375 1849 1428 1904 in
1457 1860 1747 1920 conSpectu
1776 1850 1881 1904 Do-

312 1945 443 1999 mini
477 1945 570 2000 Dei
598 1944 666 1998 '7.
705 1963 724 1996 ι
759 1942 911 1997 Hanc
962 1927 1244 1996 invenerat
1291 1942 1520 2012 gratiam
1551 1950 1607 1996 et
1636 1941 1879 2013 Moyses;

311 2045 367 2090 et
398 2036 518 2090 ideo
550 2034 760 2089 dicebat
791 2033 856 2086 ad
884 2032 1051 2086 Deum
1107 2046 1122 2083 :
1177 2049 1196 2082 ι
1231 2030 1288 2085 Si
1336 2031 1518 2085 inveni
1563 2032 1792 2102 gratiam
1828 2030 1880 2084 in

309 2136 600 2195 conspectu
639 2135 731 2180 tuo
760 2124 828 2176 ”.
863 2142 882 2175 ι
932 2121 1246 2176 luvenimus
1300 2133 1476 2177 tamen
1515 2123 1722 2191 aliquos
1754 2137 1886 2177 sano

311 2229 522 2273 ctorum
545 2259 560 2282 ,
591 2232 698 2271 non
727 2216 900 2270 solum
949 2215 1002 2270 in
1035 2223 1329 2284 conspectu
1364 2213 1576 2268 Domini
1607 2213 1696 2267 Dei
1732 2214 1883 2269 inve-

313 2311 459 2365 nisse
506 2310 770 2380 gratiam,
817 2307 911 2363 sed
960 2307 1129 2372 etiam
1161 2309 1212 2362 in
1241 2317 1534 2378 conspectu
1579 2307 1878 2362 hominum.

312 2402 552 2470 Denique
575 2401 641 2455 de
671 2401 834 2455 beato
863 2397 1062 2467 Ioseph
1111 2399 1372 2468 scriptum
1416 2407 1494 2454 est
1527 2417 1543 2452 :
1581 2417 1600 2450 ‹
1637 2397 1705 2452 Ει
1730 2397 1883 2454 inve-

311 2495 392 2549 nit
431 2491 628 2560 Joseph
667 2491 907 2560 gratiam
965 2492 1018 2546 in
1071 2500 1361 2560 conspectu
1391 2491 1592 2545 domini
1623 2491 1706 2545 sui
1742 2491 1808 2546 '9.
1856 2509 1877 2541 ι

312 2585 420 2640 Sed
450 2584 552 2638 ista
586 2583 759 2654 gratia
793 2598 914 2653 quae
961 2582 1014 2638 in
1044 2593 1336 2652 conspectu
1366 2582 1642 2638 hominum
1673 2581 1882 2637 inveni-

313 2686 433 2741 tur,
485 2676 596 2729 Deo
631 2673 896 2743 largiente
928 2674 1270 2729 conceditur.
1311 2674 1400 2728 Sic
1445 2675 1588 2729 enim
1621 2675 1880 2744 scriptum

310 2777 395 2822 est
438 2765 504 2821 de
543 2766 732 2820 eodem
760 2764 956 2834 Joseph
988 2783 1002 2819 :
1042 2784 1064 2817 ι
1095 2766 1161 2819 Ει
1188 2774 1310 2820 erat
1350 2766 1610 2821 Dominus
1637 2781 1759 2820 cum
1787 2763 1882 2820 Jo-

310 2857 472 2926 seph,
506 2867 561 2912 et
590 2854 785 2912 infudit
817 2871 981 2926 super
1003 2873 1125 2913 eum
1163 2858 1620 2924 misericordiam,
1652 2866 1708 2912 et
1731 2858 1902 2915 dedit.

310 2949 388 3003 illi
435 2948 667 3019 gratiam
718 2948 771 3002 in
817 2957 1110 3019 conspectu
1149 2949 1410 3019 principis
1457 2948 1700 3005 carceris
1745 2948 1812 3004 '°.
1856 2967 1878 3001 ι

1983 476 2153 530 stolus
2202 473 2452 528 minister
2500 472 2662 541 hujus
2707 473 2892 540 gratia:
2927 470 2980 522 in
3016 467 3143 522 aliis
3175 467 3465 535 designat,
3510 477 3557 522 et

1983 568 2160 621 dicit:
2200 583 2219 615 ι
2258 563 2498 632 Epistula
2546 574 2730 617 nostra
2783 574 2878 615 vos
2925 561 3085 623 estis,
3140 557 3412 626 inscripta
3464 575 3556 612 non

1983 657 2424 722 atramento,scd
2449 657 2654 724 Spiritu
2681 654 2773 709 Dei
2800 653 2944 718 vivi;
2987 669 3092 706 non
3120 651 3176 704 in
3214 649 3419 704 tabulis
3443 649 3561 720 lapi-

1983 751 2120 814 duis,
2147 750 2240 804 sed
2279 751 2329 802 in
2370 749 2567 804 tabulis
2601 747 2783 802 cordis
2818 745 3130 801 carnalibus
3156 743 3227 799 ³⁵.
3273 761 3295 795 ι
3360 743 3480 804 deo,
3513 753 3560 796 ut

1985 843 2116 896 mihi
2157 843 2394 905 videtur,
2451 840 2696 893 ﬁrmiora
2747 837 2877 893 dicit
2908 853 2972 890 ea
3020 851 3143 905 qme
3188 850 3292 904 per
3341 836 3562 904 gratiam

1983 953 2144 1004 quam
2175 950 2236 988 ca
2265 949 2385 1003 qua:
2412 949 2476 986 ex
2504 931 2615 1001 lege
2638 941 2784 997 sunt,
2819 931 2944 1000 quia
2977 929 3065 982 illa
3091 939 3251 984 extra
3292 944 3395 982 nos
3428 939 3565 992 sant,

1983 1036 2036 1079 et
2068 1025 2185 1079 hazc
2228 1023 2367 1077 intra
2403 1039 2502 1076 nos
2535 1041 2546 1074 :
2581 1032 2635 1076 et
2671 1021 2760 1074 illa
2799 1021 2850 1073 in
2878 1019 3056 1090 fragili
3089 1018 3332 1072 materia
3391 1019 3565 1072 consi-

1985 1126 2158 1181 stunt,
2211 1114 2284 1168 ita
2329 1123 2388 1166 ιιι
2429 1112 2586 1167 facile
2636 1113 2848 1181 possint
2895 1112 3262 1166 exolescere:
3295 1112 3417 1164 hzec
3448 1125 3569 1164 vero

1984 1210 2074 1263 Dei
2103 1208 2308 1278 Spiritu
2342 1208 2630 1276 inscripta,
2656 1218 2709 1262 et
2743 1207 2794 1261 in
2835 1208 3027 1260 animae
3060 1207 3450 1275 penetralibus
3479 1206 3572 1257 im-

1985 1312 2198 1366 pressa,
2236 1297 2552 1352 ﬁrmitatem
2579 1299 2952 1368 perpetuitatis
2993 1299 3302 1353 obtineant.
3357 1297 3572 1351 Talibus

1982 1403 2112 1458 ergo
2131 1389 2324 1443 litteris
2345 1389 2723 1459 promissionis
2738 1390 3051 1445 inscribitur
3066 1390 3250 1442 anima
3267 1404 3400 1458 qua:
3419 1390 3572 1443 ﬁdem

1983 1497 2131 1534 suam
2153 1483 2262 1536 Deo
2292 1482 2437 1535 velut
2465 1497 2620 1536 ceras
2641 1482 2898 1536 obtulerit
2923 1493 3262 1551 praaparatas
3283 1482 3431 1552 (85),
3451 1484 3570 1536 utin

1983 1575 2071 1629 his
2101 1573 2192 1628 Dei
2217 1575 2390 1646 gratia
2418 1575 2708 1644 dignanter
2739 1575 2910 1643 possit
2935 1575 3276 1630 inscribi:et
3323 1576 3451 1628 ideo
3480 1577 3577 1628 bu-

1981 1667 2222 1732 jusmodi
2274 1669 2408 1722 ﬁdes
2445 1676 2728 1736 reputatur
2769 1669 2834 1722 ad
2886 1666 3199 1737 justitiam,
3243 1683 3378 1738 quae
3408 1682 3573 1734 capax

1986 1761 2176 1828 gratia:
2200 1759 2444 1814 ccelestis
2474 1759 2766 1814 exstiterit.
2804 1758 2918 1814 Hoc
2951 1769 3134 1814 autem
3168 1760 3457 1831 contingit
3489 1776 3572 1814 se-

1985 1851 2115 1904 mini
2146 1851 2398 1912 Abraltaz,
2424 1865 2528 1905 non
2582 1850 2630 1904 ei
2678 1858 2882 1903 tantum
2908 1849 3050 1916 quod
3082 1865 3147 1902 ex
3177 1850 3297 1917 lege
3321 1859 3412 1903 est
3441 1848 3576 1914 (86),

1983 1945 2151 1997 sedet
2187 1943 2236 1995 ei
2268 1942 2412 2011 quod
2434 1956 2502 1995 ex
2528 1941 2628 1994 ﬁde
2658 1950 2773 1998 est.
2803 1938 2969 1994 Multo
3007 1942 3153 1996 enim
3191 1941 3446 1994 Abrahae
3483 1957 3575 1994 no-

1983 2033 2143 2089 bilior
2170 2047 2235 2088 ex
2268 2033 2374 2087 ﬁde
2423 2043 2526 2099 est,
2559 2047 2720 2101 quam
2753 2047 2820 2087 ex
2850 2048 3014 2087 carne
3067 2033 3379 2094 successio,
3445 2033 3573 2100 quia

1983 2142 2088 2181 non
2119 2142 2184 2182 ex
2213 2142 2400 2191 carne,
2428 2128 2521 2180 sed
2543 2139 2611 2180 ex
2644 2125 2748 2180 ﬁde
2769 2124 3101 2192 justiﬁeatus
3138 2140 3265 2180 esse
3297 2141 3574 2180 memora-

1985 2229 2087 2274 tur.
2124 2219 2180 2275 Si
2202 2219 2345 2274 enim
2388 2235 2492 2274 non
2518 2233 2583 2272 ex
2615 2215 2740 2281 ﬁde,
2765 2217 2856 2273 sed
2889 2233 2956 2272 ex
2985 2220 3194 2272 semine
3223 2217 3415 2271 danda
3453 2234 3575 2272 sue-

1983 2313 2160 2366 cessio
2187 2321 2291 2374 est,
2313 2310 2644 2366 conveniens
2668 2310 2776 2365 erit
2802 2321 2857 2364 et
2878 2308 3127 2365 lsmaelis
3156 2310 3574 2378 posteritatem,

1983 2410 2037 2455 et
2065 2416 2158 2456 eos
2179 2401 2272 2471 qui
2297 2417 2361 2456 ex
2403 2401 2641 2456 Cethura
2659 2401 3010 2466 descendunt,
3031 2401 3096 2454 ad
3131 2401 3567 2471 promissionum

1970 2483 2325 2546 sacramenta
2347 2493 2588 2562 perduci.
2616 2491 2770 2559 Quod
2799 2493 2988 2562 utique
3016 2508 3123 2547 non
3154 2493 3452 2563 recipitur,
3480 2497 3572 2549 sed

1982 2584 2094 2640 sola
2132 2583 2266 2654 legis
2299 2599 2363 2639 ac
2413 2584 2535 2639 ﬁdei
2590 2585 2884 2654 posteritas
2934 2586 3320 2639 introducitur.
3362 2585 3568 2641 Verum

1983 2690 2089 2730 non
2139 2690 2239 2730 nos
2289 2675 2842 2744 prmtereatApostoﬁ
2877 2675 2927 2727 in
2965 2675 3069 2728 hoc
3093 2674 3213 2728 loco
3245 2675 3569 2730 nutabunda

1982 2769 2225 2838 qnzcdam
2246 2767 2564 2837 etambigue
2583 2766 2787 2837 prolata
2804 2767 3024 2820 locutio.
3045 2766 3196 2832 Quod
3231 2767 3386 2820 enim
3413 2769 3565 2829 dixit,

1989 2879 2008 2912 ι
2049 2861 2116 2917 Ut
2149 2861 2303 2915 ﬁrma
2331 2863 2404 2915 sit
2437 2860 2729 2925 promissio
2758 2859 2906 2913 omni
2939 2858 3155 2922 semini,
3195 2874 3304 2912 non
3338 2859 3392 2912 ei
3423 2860 3566 2929 quod

1983 2968 2048 3008 ex
2074 2953 2194 3023 lege
2225 2963 2310 3007 est
2335 2963 2566 3017 tantum,
2604 2952 2696 3008 sed
2720 2961 2776 3007 et
2801 2952 2849 3007 ei
2873 2953 3014 3020 quod
3038 2967 3103 3005 ex
3130 2951 3235 3005 ﬁde
3252 2959 3341 3005 est
3361 2950 3432 3016 ³³,
3478 2970 3498 3002 ι
3525 2952 3568 3004 si

312 3040 560 3110 Amplius
590 3040 768 3093 adhuc
790 3037 992 3106 aliquid
1026 3039 1090 3092 de
1120 3038 1425 3108 huiusmodi
1458 3039 1631 3110 gratia
1658 3039 1713 3094 in
1743 3038 1882 3094 divi—
1907 3077 1950 3136 C
1985 3045 2058 3098 ita
2086 3042 2420 3112 intelligatur
2449 3042 2603 3112 quasi
2650 3041 2795 3096 aliud
2825 3056 2889 3096 ex
2921 3038 3038 3107 lege
3077 3054 3291 3108 semen,
3330 3050 3393 3095 et
3428 3040 3568 3094 aliud

313 3131 400 3186 nis
443 3129 640 3184 litteris
673 3141 1006 3182 memoratur
1049 3127 1118 3182 de
1165 3131 1321 3182 beata
1351 3129 1565 3186 Esther.
1604 3129 1695 3184 Sic
1734 3129 1880 3186 enim

308 3223 391 3275 ait
441 3238 456 3274 :
497 3221 631 3287 Quia
675 3237 694 3272 ι
728 3229 849 3276 erat
891 3220 1093 3276 Esther
1139 3220 1422 3276 inveniens
1466 3222 1694 3292 gratiam
1741 3223 1884 3293 apud

308 3327 502 3372 Omnes
533 3315 626 3384 qui
656 3315 914 3370 videbant
942 3329 1063 3369 eam
1095 3313 1159 3368 ³¹.
1194 3331 1212 3364 ι
1241 3313 1407 3368 Paulo
1435 3325 1558 3385 post
1578 3315 1710 3370 dicit
1732 3315 1885 3371 Scri-

313 3413 469 3475 ptura
503 3425 517 3460 :
560 3423 578 3456 ι
612 3404 826 3460 Invenit
873 3406 1102 3477 gratiam
1134 3405 1332 3460 Esther
1361 3421 1524 3474 super
1545 3420 1740 3461 omnes
1779 3421 1884 3462 caa-

315 3508 461 3551 teras
494 3495 734 3565 virgines
754 3535 770 3561 ,
821 3506 876 3550 et
921 3497 1179 3566 imposuit
1206 3496 1256 3550 ei
1287 3510 1381 3550 rex
1413 3496 1659 3550 diadema
1688 3496 1884 3551 mulie-

313 3591 414 3646 bre
441 3591 508 3646 ³².
541 3609 561 3642 ι
597 3591 720 3647 Haec
751 3600 934 3646 autem
981 3606 1088 3644 non
1122 3590 1428 3658 importune
1451 3629 1466 3655 ,
1510 3590 1781 3655 arbitror,
1817 3589 1885 3644 de

312 3682 617 3750 Scripturis
654 3683 859 3738 sanctis
899 3681 1283 3751 requisivimus
1316 3681 1384 3733 ad
1414 3680 1882 3735 conﬁrmationem

313 3774 595 3844 apostolici
630 3774 793 3838 dicti,
844 3772 899 3827 in
947 3785 1054 3841 quo
1083 3772 1150 3826 de
1175 3770 1282 3826 ﬁde
1316 3781 1373 3825 et
1401 3773 1576 3840 gratia
1621 3770 1882 3840 disputat.

311 3865 404 3920 Ait
449 3879 583 3935 ergo
632 3882 647 3919 :
703 3882 722 3915 ι
756 3862 880 3917 Ideo
912 3878 980 3917 ex
1040 3860 1179 3924 ﬁde,
1225 3871 1284 3914 ut
1311 3861 1608 3916 secundum
1653 3863 1883 3932 gratiam

312 3954 470 4006 ﬁrma
534 3951 606 4006 sit
657 3951 944 4022 promissio
986 3951 1051 4004 ³³.
1093 3968 1113 4001 ι
1181 3949 1288 4005 Sed
1336 3960 1389 4005 et
1434 3953 1542 4007 hoc
1589 3952 1882 4007 notandum

310 4055 394 4100 est
435 4045 581 4114 quod
625 4045 732 4112 ait,
788 4061 808 4096 ι
841 4043 966 4098 [deo
1019 4057 1082 4097 ex
1128 4043 1272 4107 ﬁde,
1307 4052 1368 4097 ut
1415 4043 1710 4098 secundum
1761 4059 1886 4116 gra-

311 4138 444 4206 tiam
492 4135 647 4190 ﬁrma
700 4138 773 4191 sit
817 4134 1145 4205 promissio,
1179 4152 1199 4187 ι
1249 4133 1407 4203 quasi
1456 4135 1747 4190 ostendere
1789 4149 1882 4188 vo-

314 4227 430 4282 lens
463 4229 606 4296 quod
652 4227 698 4281 si
739 4242 808 4281 ex
854 4227 968 4296 lege
1010 4235 1189 4290 esset,
1221 4237 1277 4280 et
1322 4241 1426 4280 non
1457 4241 1520 4280 ex
1553 4225 1723 4294 gratia
1760 4239 1887 4294 pro-

312 4318 532 4382 missio,
564 4319 718 4374 ﬁrma
750 4334 856 4374 uou
880 4330 1064 4390 esset;
1095 4338 1236 4377 nunc
1269 4333 1447 4375 autem
1482 4321 1686 4374 idcirco
1725 4318 1878 4373 ﬁrma

1982 3149 2050 3188 ex
2080 3133 2184 3188 ﬁde
2213 3135 2431 3200 dixerit,
2457 3145 2516 3188 ut
2542 3144 2798 3203 tanquam
2841 3133 2910 3188 ab
2936 3142 3166 3201 utroque
3190 3135 3409 3188 semine
3446 3149 3571 3204 pro-

1986 3226 2171 3281 missio
2204 3226 2540 3280 baereditatis
2572 3223 2684 3298 (87)
2711 3226 2905 3280 debeat
2925 3225 3254 3293 exspectari,
3289 3225 3570 3280 invenitur

1985 3318 2263 3378 contraria
2313 3317 2495 3372 dicere
2541 3317 2626 3372 bis
2657 3331 2780 3386 qua:
2831 3317 3084 3386 superius
3137 3317 3389 3385 scripsit,
3443 3333 3563 3370 cum

1984 3409 2060 3461 ait
2079 3407 2154 3462 ⁸⁶ε
2179 3427 2198 3460 ι
2231 3406 2348 3462 Non
2380 3408 2524 3462 enim
2545 3408 2704 3477 hiqui
2724 3423 2791 3462 ex
2816 3407 2959 3478 lege,
2984 3407 3224 3461 bteredes
3242 3417 3374 3461 sunt
3394 3407 3564 3477 (88);»

1985 3498 2113 3553 item
2153 3498 2279 3553 alibi
2303 3498 2391 3550 ’τε
2433 3515 2452 3549 ι
2499 3497 2848 3551 Arbitramur
2889 3495 3034 3551 enim
3061 3496 3361 3563 iustiﬁcari
3401 3499 3570 3551 Ιιοιιιὶι

1984 3604 2107 3644 nem
2139 3604 2235 3658 per
2265 3588 2426 3644 ﬁdem
2465 3589 2583 3642 sine
2608 3586 2870 3657 operibus
2893 3587 3062 3657 legis;
3091 3606 3110 3639 ι
3147 3598 3205 3642 et
3239 3589 3559 3642 rursum":

1989 3701 2008 3733 ‹
2047 3680 2104 3736 Si
2133 3683 2276 3735 enim
2326 3682 2380 3736 hi
2427 3681 2517 3751 qui
2564 3696 2632 3736 ex
2660 3680 2798 3748 lege,
2829 3679 3075 3735 haeredes
3108 3692 3261 3745 sunt,
3299 3694 3566 3736 evacuate

1984 3781 2070 3828 est
2098 3773 2252 3828 ﬁdes.
2287 3791 2305 3824 ι
2345 3771 2560 3827 Etenim
2596 3771 2640 3826 si
2665 3786 2735 3826 ex
2766 3772 2870 3826 ﬁde
2893 3769 3230 3839 justiﬁeatur
3253 3771 3422 3826 homo
3451 3774 3567 3828 sine

1984 3865 2240 3932 operibus
2269 3863 2424 3934 legis,
2462 3874 2517 3919 et
2549 3865 2792 3919 haeredes
2816 3879 2921 3918 non
2958 3863 3095 3918 ﬁunt
3129 3863 3244 3935 (89)
3285 3865 3339 3919 hi
3379 3866 3475 3936 qui
3501 3880 3566 3919 ex

1985 3955 2102 4026 lege
2124 3965 2276 4021 sunt,
2309 3958 2579 4024 quomodo
2612 3972 2717 4011 non
2743 3960 3082 4012 contrarium
3107 3958 3390 4013 videbitur
3423 3961 3566 4028 quod

1987 4047 2041 4100 in
2075 4046 2179 4101 hoc
2227 4046 2347 4101 loco
2399 4047 2556 4112 dicit,
2609 4047 2823 4102 ﬁrmam
2871 4063 2990 4103 esse
3017 4049 3445 4120 promissionem
3475 4064 3567 4120 per

1985 4139 2236 4207 gratiam,
2289 4153 2398 4192 non
2433 4138 2486 4194 ei
2534 4147 2746 4192 tantum
2781 4141 2978 4195 semini
3012 4141 3156 4211 quod
3201 4156 3270 4196 ex
3309 4141 3432 4212 lege
3461 4154 3563 4205 est,

1983 4231 2078 4284 sed
2104 4239 2161 4284 et
2187 4231 2237 4284 ei
2271 4231 2414 4300 quod
2456 4246 2524 4284 ex
2561 4231 2666 4287 ﬁde
2704 4235 2826 4288 est?
2853 4234 3069 4289 Etcum
3098 4234 3151 4288 in
3188 4235 3566 4302 superioribus

1984 4322 2179 4390 eosqui
2207 4337 2274 4375 ex
2300 4322 2420 4388 lege
2441 4332 2569 4378 sunt
2601 4325 2864 4394 repulisse
2889 4325 3159 4390 videatur,
3192 4325 3282 4378 hic
3305 4338 3404 4380 eos
3429 4341 3564 4393 quo-

309 4411 415 4476 sit,
467 4413 592 4481 quia
639 4429 743 4468 non
783 4429 851 4469 ex
899 4415 1050 4485 lege,
1101 4417 1202 4472 sed.
1243 4430 1338 4483 per
1367 4413 1618 4483 gratiam.
1669 4410 1727 4466 In
1771 4426 1880 4482 quo
1909 4431 1955 4486 υ
1986 4411 2143 4464 modo
2167 4420 2413 4479 exsequat
2442 4413 2524 4466 bis
2552 4427 2689 4482 quos
2725 4427 2788 4468 ex
2829 4415 2931 4468 ﬁde
2957 4429 3182 4483 sperare
3211 4416 3450 4480 gratiam
3481 4415 3563 4466 di-

309 4518 410 4573 ego
462 4515 592 4574 puto
641 4507 786 4576 quod
839 4507 945 4561 tale
996 4508 1198 4577 aliquid
1256 4506 1480 4578 intelligi
1528 4505 1694 4570 velit,
1751 4505 1879 4575 quia

306 4611 430 4665 qua:
475 4611 542 4650 ex
589 4597 708 4664 lege
755 4609 913 4664 sunt,
964 4608 1118 4655 extra
1169 4614 1267 4654 nos
1313 4607 1439 4655 sunt
1482 4617 1497 4651 :
1547 4612 1668 4666 qua:
1697 4606 1878 4650 autem

312 4703 410 4754 per
460 4689 726 4758 gratiam,
777 4691 920 4744 intra
971 4705 1070 4746 nos
1109 4690 1396 4746 habentur.
1472 4687 1629 4744 Verbi
1690 4702 1882 4752 causa,

315 4777 481 4848 529
517 4793 638 4848 qua:
679 4781 732 4834 in
766 4779 886 4850 lege
920 4781 1127 4851 scripta
1163 4789 1326 4844 sunt,
1377 4778 1590 4833 calamo
1629 4789 1686 4831 et
1734 4787 1882 4830 atra-

314 4882 498 4926 mento
525 4873 578 4926 in
599 4874 929 4928 membranis
949 4875 1031 4929 vel
1061 4875 1327 4930 chartulis
1348 4873 1549 4939 scripta
1573 4879 1733 4935 sunt;
1761 4884 1882 4939 quae

343 4971 490 5019 utem
521 4978 589 5020 ex
621 4965 796 5035 gratia
847 4967 1209 5035 descendunt,
1254 4983 1349 5038 per
1398 4963 1662 5034 Spiritum
1698 4963 1792 5018 Dei
1825 4962 1877 5016 in

1987 4503 2101 4558 cit?
2134 4502 2241 4557 Sed
2275 4503 2410 4558 mihi
2451 4505 2667 4559 videtur
2697 4507 2840 4576 quod
2877 4507 3031 4572 dicit,
3065 4523 3084 4558 ι
3126 4505 3289 4560 Omni
3331 4507 3564 4571 semini,

1989 4609 2094 4648 non
2131 4595 2181 4648 ei
2219 4595 2363 4664 quod
2401 4611 2467 4650 ex
2511 4596 2629 4667 lege
2659 4605 2740 4652 est
2770 4607 2999 4664 tantum,
3049 4598 3140 4651 sed
3167 4598 3294 4652 etei
3327 4600 3474 4667 quod
3500 4613 3564 4651 ex

1990 4689 2094 4744 ﬁde
2135 4699 2218 4744 est
2244 4690 2312 4757 ",
2345 4709 2364 4743 ι
2404 4690 2572 4761 legem
2610 4692 2722 4756 hic,
2762 4692 2903 4745 sicut
2945 4704 3086 4758 saepe
3129 4687 3243 4757 jam
3297 4689 3560 4751 diximus,

1989 4781 2230 4836 indicare
2259 4783 2586 4846 naturalem,
2629 4791 2683 4838 et
2712 4782 2813 4836 hoc
2853 4795 3126 4847 asserere,
3167 4780 3314 4850 quod
3340 4797 3448 4834 non
3481 4781 3561 4835 bis

1987 4871 2078 4939 qui
2107 4885 2174 4926 ex
2213 4871 2330 4943 lege
2370 4873 2601 4928 naturali
2649 4874 2825 4927 solum
2853 4873 3100 4936 veniunt,
3139 4872 3294 4925 ﬁrma
3341 4873 3418 4927 sit
3447 4888 3561 4941 pro.

1987 4962 2302 5026 missio,sed
2326 4974 2381 5018 et
2404 4965 2487 5018 his
2512 4964 2604 5032 qui
2633 4979 2696 5018 ex
2727 4963 2830 5017 ﬁde
2861 4963 2966 5032 legi
2991 4962 3300 5016 addiderint
3323 4962 3558 5017 naturali

413 5145 459 5177 "
490 5144 505 5198 I
537 5143 662 5199 Cor.
690 5160 786 5206 xu,
822 5144 875 5199 9.
955 5144 1000 5176 ³³
1029 5143 1224 5214 Philip.
1257 5161 1294 5204 I.
1324 5145 1422 5200 29.”
1489 5144 1537 5176 ’θ
1566 5143 1698 5196 Luc.
1742 5157 1868 5214 xvn.

2094 5142 2301 5214 διιοω.
2357 5159 2429 5203 tv,
2492 5142 2581 5196 16.
2653 5142 2880 5197 "Prov.
2936 5158 3018 5208 ιιι,
3054 5142 3268 5214 71545.
3327 5143 3392 5214 ξ’
3422 5141 3549 5196 Gen.

314 5221 385 5271 Vl.
411 5215 464 5270 8.
558 5216 604 5246 ⁸⁸
633 5215 800 5270 Exod.
835 5231 1004 5268 xxxrtt

309 5294 384 5344 IV.
422 5285 508 5341 16.
549 5286 595 5318 ³⁸
618 5285 661 5338 ll
681 5286 810 5340 Cor.
834 5301 919 5352 ιιι,
950 5289 1004 5340 5.

558 5216 604 5246 ⁸⁸
633 5215 800 5270 Exod.
835 5231 1031 5279 xxxm,
1065 5218 1151 5270 15.

382 5429 493 5499 (85)
533 5430 644 5495 AL,
678 5448 698 5482 ι
739 5432 880 5485 ceris
899 5430 1156 5485 obtulerit
1181 5431 1561 5499 praeparatis.»

373 5471 493 5622 $865
530 5471 658 5555 Mss.
692 5501 894 5570 plures,
924 5519 943 5552 ι
967 5517 1073 5555 non
1097 5503 1147 5556 ei
1181 5471 1390 5554 {ant'um
1418 5503 1514 5570 qui
1547 5514 1611 5554 ex
1637 5499 1751 5570 lege
1771 5508 1874 5564 est,

439 5571 488 5620 ei
510 5572 601 5622 aui
628 5587 694 5622 ex
725 5573 829 5622 lide
860 5580 962 5622 est.
996 5591 1014 5622 ι

312 5571 405 5623 sed
439 5571 488 5639 ei
510 5572 601 5639 qui
628 5587 694 5623 ex
725 5573 829 5625 ﬁde
860 5580 962 5626 est.
996 5591 1014 5622 ι

382 5637 496 5712 (δη
529 5637 915 5712 ᾘ-ιετεάὲιωὶεη
935 5641 1091 5696 Deest
1124 5641 1176 5694 iu
1193 5640 1382 5712 editis.

391 5707 505 5776 (88)
547 5707 667 5762 Non
696 5711 832 5763 enim
861 5711 916 5763 hi
961 5713 1050 5781 qui
1084 5727 1147 5767 ex
1183 5711 1313 5781 lege,
1343 5711 1575 5765 Iucmles
1609 5721 1750 5763 sunt.
1782 5708 1875 5765 Sic

1248 5217 1292 5247 ³⁸
1327 5216 1459 5270 Gen.
1505 5229 1692 5276 xxxix,
1741 5212 1794 5266 4.
1870 5212 1914 5243 ³ο
1945 5211 2076 5269 ibid.
2121 5213 2213 5268 21.

1103 5286 1147 5317 ³⁵
1173 5286 1332 5340 Rom.
1358 5301 1431 5351 tv,
1460 5284 1546 5339 16.
1623 5284 1667 5316 ³⁸
1697 5285 1832 5338 ibid.
1876 5283 1963 5338 M.
2042 5283 2084 5315 ³⁷
2116 5283 2274 5338 llom.
2309 5298 2389 5349 ιιι,
2415 5284 2486 5337 28

2116 5283 2274 5338 llom.
2309 5298 2389 5349 ιιι,
2415 5284 2486 5337 28
2559 5284 2604 5315 ³⁸
2626 5284 2784 5339 Rom.
2822 5297 2898 5350 Iv,
2929 5283 3015 5337 M.
3090 5284 3134 5317 ³³
3167 5286 3325 5338 lium.
3363 5299 3436 5351 tv,
3471 5283 3547 5335 16.

2303 5214 2346 5245 ³¹
2393 5214 2590 5267 Esther
2638 5215 2818 5276 11,15.
2915 5215 2958 5244 ³³
2996 5213 3130 5273 ibid.
3157 5213 3244 5266 17.
3321 5213 3368 5244 ³³
3401 5214 3550 5268 Rulli.

1978 5442 2168 5482 omnes
2191 5441 2325 5480 mss.
2357 5427 2530 5481 nostri
2575 5437 2630 5480 et
2677 5428 2844 5494 editi;
2887 5435 3125 5481 attamen
3156 5428 3441 5497 tegendum
3476 5425 3544 5476 vi-

1978 5500 2160 5560 detur,
2194 5515 2213 5549 ι
2247 5497 2360 5552 Non
2415 5500 2561 5552 enim
2608 5513 2702 5568 per
2756 5499 2926 5567 legem
2959 5498 3258 5564 promissro
3295 5497 3535 5553 Ahrabte.

1979 5578 2073 5621 aut
2103 5569 2293 5622 semini
2329 5569 2469 5636 ejus,
2518 5577 2577 5621 ut
2633 5571 2808 5623 haeres
2844 5579 2991 5622 esset
3041 5570 3227 5622 mundi
3258 5585 3274 5634 ;
3310 5571 3404 5622 sed
3456 5579 3540 5635 per

1973 5639 2240 5709 justitiam
2261 5638 2407 5692 ﬁdei.
2442 5659 2459 5689 ι

2053 5708 2164 5778 (89)
2200 5707 2363 5776 Editi,
2392 5727 2419 5767 ,ι
2448 5724 2554 5764 non
2583 5708 2806 5775 iuerint,
2844 5708 3057 5781 “nale.
