3684 6148
94 351 219 408 977

1075 355 1434 415 COMMENT.
1478 358 1544 412 IN
1588 359 1804 417 EPIST.
1841 361 1934 415 AD
1973 359 2142 418 ROM.
2184 360 2313 415 LIB.
2349 359 2440 416 1V.

3275 364 3382 420 978

92 494 234 533 eam
272 478 430 534 ﬁdem
485 494 648 548 quam
699 479 892 535 habuit
950 459 1226 536 Abraham
1263 493 1419 552 pater
1459 493 1688 540 noster:
1721 497 1768 550 Α
1796 484 1923 539 bum
1966 483 2086 547 Dei,
2140 499 2316 554 neque
2367 497 2590 538 suavem
2641 482 2866 540 odorem
2922 483 3109 552 capiat
3147 482 3377 548 Christi,

98 583 163 625 ut
205 588 314 626 non
368 574 504 625 duos
535 571 789 640 populos,
822 588 989 627 unum
1019 589 1085 629 ex
1123 575 1258 637 lide,
1312 584 1368 629 et
1415 574 1579 628 alimn
1629 591 1692 630 ex

97 665 229 736 lege
265 665 508 718 indicare
555 665 828 731 videatur,
859 667 956 719 sed
1003 682 1169 720 unum
1218 675 1386 737 atque
1420 666 1696 731 eumdem,

98 755 201 826 qui
238 771 344 810 non
376 756 550 810 solmn
578 771 645 810 ex
673 757 791 828 lege
818 759 1058 812 naturali
1093 775 1198 830 qua
1224 773 1419 814 omnes
1450 760 1698 814 homines

97 860 362 913 utuntur,
397 851 490 904 sed
523 866 588 904 ex
615 851 717 906 ﬁde
751 851 905 920 cujus
933 853 1207 908 Abraham
1249 864 1446 908 auctor
1465 851 1694 919 exstitit,

97 941 323 1010 placeat
347 942 457 997 Deo
493 965 504 998 :
541 957 649 1011 quo
698 943 908 999 scilicet
961 947 1238 1012 ostendat,
1289 947 1437 1016 quod
1486 947 1530 1001 si
1563 947 1691 1016 quis

98 1034 312 1089 haheat
342 1021 553 1105 integra
585 1036 766 1090 omnia
801 1052 920 1107 qua:
953 1037 1037 1092 lex
1080 1040 1270 1095 edocet
1303 1041 1592 1107 naturalis,
1640 1049 1697 1096 et

99 1125 157 1178 in
192 1124 348 1179 nullo
383 1140 508 1180 eum
559 1126 770 1193 peccati
798 1129 1137 1183 conscientia
1171 1130 1549 1199 reprehendat,
1587 1145 1693 1184 non

101 1228 292 1271 tamen
326 1218 531 1272 habeat
562 1219 732 1272 etiam
781 1218 905 1273 ﬁdei
938 1220 1196 1288 gratiam,
1227 1236 1331 1274 non
1378 1237 1536 1292 posse
1571 1235 1693 1276 eum

93 1309 419 1380 iustiﬁcari.
448 1310 612 1365 Fides
652 1312 794 1366 enim
825 1322 932 1380 est,
951 1328 1072 1382 qua:
1099 1315 1164 1368 ad
1191 1315 1458 1385 justitiam
1482 1327 1695 1386 reputa-

101 1413 216 1460 tur.
250 1403 322 1457 Et
351 1405 454 1458 hoc
502 1404 665 1460 modo
716 1404 903 1459 habita
963 1405 1246 1462 distinctio
1279 1408 1459 1464 reddit
1493 1410 1696 1464 intelli-

99 1497 350 1566 gentiam
373 1496 673 1568 planiorem
709 1516 721 1552 :
755 1509 919 1567 atque
953 1515 1016 1553 ea
1035 1515 1155 1570 quae
1179 1502 1454 1555 contraria
1497 1512 1692 1572 putan-

97 1599 212 1653 tur,
243 1603 486 1644 consona
508 1607 628 1646 esse
656 1591 826 1646 etsibi
847 1591 1079 1645 invicem
1099 1592 1483 1648 concordantia
1502 1595 1693 1664 depre-

101 1684 440 1739 henduntur.
464 1683 538 1737 De
569 1685 882 1739 diversitate
906 1693 1082 1738 autem
1112 1684 1312 1755 legum,
1341 1687 1484 1755 quod
1518 1687 1569 1740 in
1591 1687 1691 1744 hac

107 1775 392 1844 praecipue
418 1773 656 1844 Epistola
676 1791 818 1843 saepe
841 1775 1135 1844 Apostolus
1159 1775 1324 1828 etiam
1352 1776 1587 1832 latenter
1634 1788 1692 1832 et

99 1864 287 1918 subito
302 1865 370 1918 ab
387 1863 489 1918 alia
508 1865 576 1920 ad
588 1865 746 1919 aliam
768 1866 937 1934 legem
957 1866 1224 1920 sermonis
1239 1867 1484 1922 ordinem
1501 1881 1690 1937 mutet,

99 1956 422 2026 frequenter
445 1959 806 2040 ostendimus,
837 1971 889 2014 et
912 1959 1101 2014 eadem
1131 1961 1336 2016 iterare
1352 1962 1690 2031 superﬂuum

98 2058 208 2103 est.
239 2048 392 2103 Bene
413 2057 593 2103 autem
628 2050 694 2104 de
737 2049 1010 2104 Abraham
1041 2066 1148 2105 non
1176 2051 1311 2106 dixit
1349 2070 1362 2106 :
1395 2051 1556 2106 Pater
1577 2068 1694 2107 om-

99 2140 291 2206 nium;
342 2140 437 2195 sed
480 2141 599 2195 ait:
639 2160 659 2193 ι
694 2141 855 2197 Pater
895 2144 1136 2198 omnium
1175 2152 1425 2198 nostrum
1453 2144 1532 2212 ⁸ος
1576 2164 1594 2197 ι
1637 2145 1691 2201 id

100 2242 210 2299 est,
248 2247 359 2286 non
391 2233 483 2302 qui
518 2248 586 2288 ex
622 2233 740 2303 lege
775 2234 1199 2303 descendimus,
1239 2237 1334 2292 sed
1372 2237 1465 2307 qui
1493 2252 1558 2291 ex
1587 2237 1694 2293 ﬁde

102 2339 132 2375 a
167 2323 292 2394 lege
323 2323 673 2380 succedimus
718 2325 854 2397 (90).
916 2326 984 2380 Et
1026 2327 1157 2397 quia
1198 2328 1440 2383 omnium
1471 2331 1562 2400 qui
1590 2330 1692 2385 hu-

99 2415 338 2486 jusmodi
365 2422 494 2470 sunt
517 2424 671 2483 pater
698 2425 806 2484 est,
837 2420 1036 2472 merito
1072 2420 1450 2488 promissionis
1495 2423 1692 2478 divinae

105 2509 443 2564 sententiam
473 2508 525 2562 in
554 2511 1024 2578 consequentibus
1043 2513 1223 2580 posuit
1248 2513 1434 2570 dicens
1459 2530 1514 2568 τι
1537 2515 1692 2573 Sicut

106 2603 370 2671 scriptum
400 2609 523 2657 est:
552 2600 689 2668 Quia
713 2613 920 2674 patrem
949 2605 1242 2660 multarum
1264 2609 1505 2674 gentium
1535 2611 1690 2680 posui

108 2700 181 2754 te,
205 2700 334 2745 ante
367 2704 490 2744 eum
528 2691 616 2746 cui
649 2692 882 2769 credidit
917 2692 1086 2747 Deum
1109 2693 1180 2748 “.
1225 2715 1244 2748 ι
1283 2696 1340 2751 Si
1379 2713 1510 2768 ergo
1534 2709 1692 2769 pater

109 2782 326 2837 futurus
380 2797 503 2838 esse
557 2783 899 2854 promittitur
962 2785 1255 2841 multarum
1288 2790 1552 2859 gentium,
1581 2808 1689 2848 non

109 2875 386 2930 immerito
412 2886 572 2947 pater
595 2885 649 2931 et
688 2891 879 2932 eorum
908 2879 1001 2948 qui
1031 2894 1100 2935 ex
1125 2882 1399 2951 gentibus,
1426 2891 1479 2938 et
1499 2899 1688 2940 eorum

109 2966 199 3035 qui
225 2983 290 3021 ex
310 2968 739 3024 circumcisione
766 2970 1025 3038 veniunt,
1074 2974 1408 3029 nominatur.
1433 2975 1501 3031 Et
1537 2987 1690 3032 recte

109 3059 314 3115 addidit
339 3075 406 3115 ex
455 3076 554 3116 sua
605 3063 1062 3134 interpretatione
1114 3065 1407 3137 Apostolus
1443 3085 1455 3122 :
1491 3087 1510 3121 ‹
1549 3071 1692 3127 Ante

111 3167 231 3206 cum
265 3152 354 3208 cui
393 3153 626 3208 credidit
676 3155 890 3209 Deum:
935 3172 954 3209 ι
991 3155 1096 3211 hoc
1122 3166 1228 3224 est,
1270 3169 1428 3229 pater
1480 3162 1688 3228 positus

1805 591 1980 646 neque
2020 585 2201 645 gustet
2236 579 2435 632 bonum
2467 575 2560 631 Dei
2604 577 2828 631 verbum
2851 575 2921 642 ⁸⁸,
2954 592 3133 647 neque
3183 593 3383 633 manus

1803 666 1920 735 ejus
1946 676 2282 736 pertractent
2319 667 2386 721 de
2407 666 2570 722 verbo
2601 669 2725 721 vitae
2750 667 2818 735 ",
2847 667 3159 736 hujusmodi
3203 669 3381 723 homi-

1805 773 1900 814 nes
1934 759 2125 812 tnerito
2182 759 2379 813 mortui
2437 759 2793 829 appellantur.
2842 758 3004 814 Tales
3047 761 3249 815 invenit
3281 776 3379 816 nos

1803 851 2069 904 adventus
2101 850 2324 915 Christi,
2361 851 2455 906 sed
2481 851 2773 905 viviﬁcavit
2801 866 2898 920 per
2925 849 3163 920 gratiam
3198 867 3376 918 suam,

1803 941 1946 995 sicut
1984 949 2037 994 et
2064 940 2194 996 alibi
2225 941 2356 994 dicit
2387 941 2529 995 idem
2568 939 2868 1010 Apostolus
2898 958 2912 994 :
2951 960 2968 992 ι
3002 940 3070 996 Ει
3102 956 3203 996 nos
3253 958 3373 996 cum

1804 1032 2002 1087 mortui
2055 1036 2299 1087 essemus
2352 1032 2566 1088 delictis
2613 1042 2671 1087 et
2694 1033 2928 1102 peccatis
2957 1035 3181 1098 nostris,
3213 1034 3374 1088 simul

1801 1141 1923 1180 cum
1956 1124 2046 1180 illo
2080 1124 2421 1179 resuscitavit
2454 1139 2553 1178 nos
2583 1124 2652 1178 ".
2695 1143 2713 1178 ι
2747 1123 2836 1178 Vis
2863 1133 3042 1178 autem
3076 1126 3171 1180 tibi
3226 1135 3281 1181 et
3309 1127 3377 1182 de

1803 1218 2100 1288 Scripturis
2135 1217 2470 1288 propheticis
2524 1217 2815 1287 approbari
2853 1219 2998 1288 quod
3041 1233 3234 1274 omnes
3282 1219 3374 1289 qui

1803 1313 1945 1368 idola
1971 1313 2177 1376 colunt,
2202 1319 2257 1366 et
2281 1312 2564 1367 conﬁdunt
2590 1313 2644 1366 in
2667 1311 2770 1376 eis,
2821 1311 3020 1365 mortui
3051 1309 3222 1366 sunt?
3249 1312 3376 1367 audi

1800 1404 1970 1460 David
1997 1386 2271 1474 quomodo
2301 1403 2473 1458 dicit:
2506 1422 2527 1455 ι
2560 1401 2861 1457 Simulacra
2898 1402 3138 1474 gentium
3175 1418 3374 1471 argen-

1802 1508 1913 1551 tum
1931 1507 1986 1552 et
2008 1510 2222 1559 aurum,
2249 1508 2409 1565 opera
2437 1510 2693 1549 manuum
2721 1495 3024 1550 hominum.
3049 1495 3122 1550 Os
3145 1495 3373 1561 habent,

1798 1593 1855 1639 et
1876 1600 1983 1640 non
2015 1585 2312 1654 loquentur
2341 1600 2355 1636 :
2385 1583 2572 1640 oculos
2599 1584 2822 1650 habent,
2851 1595 2908 1640 et
2941 1601 3046 1640 non
3079 1585 3368 1641 videbunt:

1799 1694 1962 1734 aures
1995 1679 2215 1745 habent,
2257 1687 2314 1732 et
2349 1693 2454 1732 non
2491 1677 2713 1732 audient
2734 1679 2807 1732 δ’.
2837 1697 2855 1730 ι
2887 1677 2956 1734 Ει
2980 1686 3100 1746 post
3125 1679 3373 1749 aliquan-

1800 1782 1891 1826 ta:
1937 1789 1957 1822 ι
1999 1752 2461 1841 Similem-inquit,
2502 1770 2636 1824 ﬁant
2673 1771 2754 1826 eis
2797 1772 2888 1841 qui
2927 1771 3138 1827 faciunt
3169 1787 3256 1838 ea,
3309 1779 3369 1828 et

1724 1865 1768 1921 Β
1798 1878 1990 1918 omnes
2016 1863 2106 1932 qui
2140 1863 2420 1918 conﬁdunt
2446 1861 2500 1916 in
2525 1865 2625 1918 eis.
2657 1881 2677 1916 ι
2697 1861 2860 1919 Vides
2883 1873 3124 1919 mortuos
3149 1879 3288 1930 esse,
3317 1872 3374 1920 et

1798 1955 2006 2011 similes
2035 1955 2349 2011 simulacris
2370 1953 2594 2010 edectos
2617 1968 2712 2009 eos
2759 1955 2852 2025 qui
2880 1956 3068 2010 colunt
3091 1970 3154 2010 ea
3189 1965 3246 2010 et
3276 1956 3372 2026 qui

1796 2050 2082 2106 conﬁdunt
2135 2050 2188 2104 in
2246 2049 2347 2105 eis.
2380 2049 2538 2105 Unde
2576 2050 2890 2119 diligentius
2946 2051 3262 2106 intueamur
3320 2051 3369 2106 si

1796 2142 1939 2198 forte
1971 2143 2116 2198 sicut
2159 2143 2213 2196 hi
2254 2142 2347 2212 qui
2381 2141 2567 2196 colunt
2593 2141 2738 2196 idola
2769 2149 2824 2195 et
2853 2139 3129 2195 conﬁdunt
3158 2142 3213 2195 in
3263 2143 3368 2206 eis,

1795 2235 1999 2292 similes
2029 2235 2109 2290 eis
2137 2234 2252 2290 ﬁeri
2283 2233 2668 2289 dicunturzita
2702 2245 2756 2288 et
2785 2233 2836 2287 hi
2864 2232 2953 2302 qui
2985 2248 3169 2288 verum
3199 2233 3367 2288 Deum

1794 2329 2003 2392 colunt,
2036 2336 2092 2383 et
2138 2328 2415 2383 conﬁdunt
2439 2327 2494 2381 in
2525 2341 2610 2392 eo,
2645 2326 2851 2382 similes
2879 2327 2928 2380 ei
2970 2327 3124 2382 ﬁant.
3152 2327 3219 2382 Et
3266 2327 3368 2383 hoc

1793 2431 1878 2478 est
1907 2421 2160 2478 fortassis
2191 2418 2333 2490 quod
2364 2421 2420 2472 in
2471 2419 2639 2474 initiis
2671 2417 2853 2484 homo,
2883 2433 3005 2474 cum
3032 2419 3367 2488 propositum

1794 2512 1986 2568 fuisset
2031 2520 2091 2566 ut
2117 2511 2185 2566 ad
2216 2511 2502 2583 imaginem
2535 2521 2593 2566 et
2620 2511 3031 2568 similitudinem
3062 2513 3155 2568 Dei
3190 2516 3366 2580 ﬁeret,

1793 2603 1862 2659 ad
1914 2603 2204 2673 imaginem
2245 2602 2463 2672 quidem
2493 2601 2668 2657 lactus
2696 2611 2803 2670 est,
2855 2604 3153 2658 similitudo
3185 2615 3366 2660 autem

1793 2695 1959 2749 dilata
1984 2703 2071 2749 est
2100 2695 2171 2749 ob
2199 2693 2305 2748 hoc
2334 2701 2394 2747 ut
2421 2692 2570 2761 prius
2595 2693 2897 2748 conﬁderet
2925 2693 2980 2748 in
3005 2694 3192 2759 Deum,
3216 2702 3272 2748 et
3292 2694 3368 2748 ita

1793 2786 1949 2841 ﬁeret
1993 2785 2188 2842 similis
2226 2785 2298 2851 ei,
2334 2793 2389 2840 et
2420 2785 2534 2853 ipse
2559 2784 2774 2839 audiret
2799 2784 2927 2854 quia
2972 2783 3166 2839 similis
3199 2786 3248 2838 ei
3276 2785 3370 2839 ﬁet
3430 2815 3435 2820 ~

1796 2879 1979 2935 omnis
2032 2880 2128 2950 qui
2178 2877 2408 2934 conﬁdit
2456 2877 2511 2930 in
2559 2892 2704 2932 eum.
2752 2875 2879 2932 Haec
2929 2891 3023 2946 per
3079 2890 3364 2931 excessum

1792 2972 2080 3042 quemdam
2108 2971 2430 3027 sociavimus
2453 2972 2537 3026 his
2569 2985 2688 3039 quae
2713 2971 2780 3024 de
2808 2969 2999 3024 mortis
3033 2981 3236 3039 genere
3255 2968 3369 3021 dis-

1793 3065 2094 3129 seruimus,
2128 3073 2189 3117 ut
2242 3061 2588 3118 manifestius
2615 3063 2768 3117 ﬁeret
2798 3061 2997 3131 quibus
3027 3060 3200 3114 modis
3224 3059 3366 3114 Deus

1793 3155 2040 3210 viviﬁcat
2082 3164 2345 3210 mortuos.
2389 3155 2497 3210 Sed
2525 3163 2581 3208 et
2622 3154 2764 3224 quod
2806 3153 2862 3208 in
2898 3152 3360 3222 consequentibus

109 3253 192 3298 est
222 3245 518 3300 multarum
558 3247 802 3314 gentium
831 3257 957 3302 ante
995 3248 1171 3318 ipsum
1202 3250 1370 3306 Deum
1393 3253 1481 3308 cui
1505 3255 1687 3311 credi-
1714 3246 1758 3305 C
1791 3249 1943 3314 dicit,
1982 3267 2000 3300 ι
2037 3249 2105 3303 Ει
2133 3257 2296 3304 vocat
2325 3262 2388 3301 ea
2414 3262 2534 3316 quae
2559 3262 2666 3301 non
2693 3255 2841 3311 sunt,
2877 3255 3131 3314 tanquam
3159 3260 3222 3299 ea
3245 3260 3365 3314 qua:

113 3337 208 3403 dit,
232 3338 389 3407 cujus
431 3341 846 3408 promissiones,
879 3354 934 3396 et
972 3360 1000 3398 a
1028 3361 1135 3414 quo
1179 3346 1518 3416 signaculum
1563 3348 1688 3404 ﬁdei

114 3429 164 3483 in
181 3432 594 3488 circumcisione
608 3436 867 3504 suscepit.
892 3435 1176 3503 Quomodo
1195 3455 1324 3509 ergo
1347 3441 1688 3496 circumcisio

114 3530 317 3588 patrem
363 3523 468 3578 sibi
518 3527 735 3594 proprie
788 3527 1032 3584 defendit
1085 3530 1363 3586 Abraham
1392 3533 1528 3603 (91),
1565 3548 1687 3588 cum

117 3612 201 3667 ille
230 3615 344 3684 ipse
379 3614 542 3680 Deus,
571 3619 658 3686 qui
690 3619 738 3672 ei
776 3620 1246 3676 circumcisionem
1280 3624 1448 3690 dedit,
1490 3625 1690 3681 multa-

117 3719 229 3759 rum
259 3721 385 3761 eum
412 3710 655 3778 gentium
685 3712 1198 3782 posueritpatrem?
1238 3713 1390 3781 Quod
1414 3716 1458 3769 si
1492 3717 1688 3786 aliquis

118 3796 217 3852 hoc
245 3799 310 3852 ad
342 3799 588 3854 lsmaelis
627 3802 1000 3870 posteritatem
1038 3803 1271 3858 voluerit
1320 3805 1402 3859 vel
1433 3806 1688 3861 Cethurae

118 3901 451 3956 convertere,
481 3895 794 3949 occurritei
826 3897 976 3966 quod
1020 3879 1281 3968 seriptum
1318 3909 1404 3953 est
1431 3899 1518 3954 ηδ
1550 3899 1686 3967 Quia

124 4001 142 4032 ι
163 3983 550 4041 benedicentur
574 3987 625 4040 in
657 3996 708 4041 te
739 4002 930 4044 omnes
956 3990 1129 4044 tribus
1149 4000 1358 4045 terra.)
1384 3990 1497 4046 Hoc
1519 3995 1684 4047 etiam

120 4073 170 4127 in
202 4075 492 4147 Evangelio
522 4077 762 4134 Joannes
812 4081 1029 4136 diccbat
1087 4081 1237 4154 (92):
1269 4100 1288 4134 ι
1318 4083 1457 4150 Quia
1493 4094 1686 4152 potens

121 4176 200 4220 est
222 4165 360 4224 Deus
380 4170 447 4224 de
470 4170 736 4240 lapidibus
755 4171 871 4226 istis
883 4172 1154 4228 suscitare
1181 4173 1317 4228 ﬁlios
1336 4173 1680 4228 Abrahaz“.s

121 4255 328 4312 Addidit
361 4268 544 4314 autem
579 4261 632 4315 in
657 4260 1114 4331 subsequentibus
1135 4263 1218 4318 δτι
1256 4284 1277 4316 σ
1311 4265 1412 4331 Qui
1445 4265 1687 4320 viviﬁcat

125 4346 274 4419 530
298 4362 560 4417 mortuos,
587 4361 640 4406 et
671 4365 831 4410 vocat
861 4371 924 4411 ea
964 4372 1084 4425 qua:
1109 4372 1215 4412 non
1240 4366 1388 4423 sunt,
1426 4366 1684 4427 tanquam

122 4453 181 4492 ea
217 4457 333 4510 qua:
364 4453 513 4498 sunt.
552 4462 572 4496 ι
607 4444 848 4501 Mortuos
885 4447 972 4502 hic
999 4449 1296 4504 secundum
1330 4449 1528 4503 anima:
1559 4463 1688 4516 pee-

126 4544 290 4588 catutn
345 4533 716 4606 intelligimus,
750 4540 1006 4608 quoniam
1043 4559 1062 4591 ι
1096 4540 1298 4606 anima,
1331 4540 1527 4610 inquit,
1560 4556 1682 4610 qua:

126 4636 322 4696 peccat,
357 4630 714 4689 morietur“.
762 4651 781 4684 ›
832 4632 985 4687 Sicut
1013 4634 1160 4688 enim
1192 4636 1245 4687 in
1277 4644 1452 4690 morte
1488 4648 1683 4703 corpo-

129 4716 218 4770 rali
244 4730 472 4787 pereunt
503 4735 716 4787 sensus,
740 4732 797 4775 ut
820 4738 886 4777 ne
909 4723 1031 4792 quis
1055 4722 1191 4776 ultra
1211 4739 1307 4792 per
1335 4737 1554 4792 corpus,
1589 4738 1683 4777 ne-
1738 4780 1750 4787 ,

128 4820 224 4876 que
237 4811 497 4877 auditum,
515 4827 688 4880 neque
708 4815 950 4878 odorem,
966 4820 1286 4884 autgustunt
1307 4813 1533 4883 recipiat
1546 4813 1683 4884 (95),

131 4900 204 4953 vel
229 4911 424 4956 tactum
457 4920 473 4958 :
515 4905 590 4958 ita
620 4915 674 4960 et
728 4907 820 4975 qui
857 4908 1134 4975 spiritales
1165 4922 1360 4962 sensus
1397 4906 1448 4960 in
1503 4907 1685 4960 anima

132 4992 430 5059 perdiderit,
457 5006 516 5048 ut
547 5012 655 5049 non
689 4997 868 5052 videat
907 4999 1098 5066 Deum,
1127 5013 1306 5066 neque
1340 4998 1523 5052 audiat
1557 5013 1681 5052 ver-

196 5085 238 5115 ⁴⁶
266 5084 420 5143 Rom.
455 5105 530 5148 tv.
567 5089 655 5146 16.

204 5152 362 5229 βριη,
399 5175 470 5222 γι,
510 5160 562 5214 5,
641 5161 684 5193 ⁸⁷
714 5161 735 5215 1
769 5162 925 5218 Joan.
961 5181 1000 5229 I,
1051 5164 1102 5221 1.

135 5222 175 5254 ⁸²
203 5225 219 5277 1
245 5227 363 5281 Cor.
399 5244 471 5294 vt,
509 5230 596 5284 17.

200 5316 416 5392 (90)“lta
447 5322 602 5377 editi.
631 5322 754 5377 Mss.
792 5337 946 5386 vero,
988 5339 1007 5373 ι
1039 5323 1130 5380 sed
1155 5323 1244 5391 qui
1274 5337 1338 5376 ex
1363 5322 1469 5378 ﬁde
1489 5338 1553 5377 ac
1579 5324 1693 5392 lege

141 5390 484 5461 succedimus.
519 5413 538 5445 ι
575 5393 674 5447 Ms.
712 5409 870 5454 unus,
906 5409 923 5440 ι
957 5395 1051 5445 sed
1082 5390 1184 5461 qui
1214 5409 1279 5446 ex
1323 5394 1447 5447 ﬁdei
1496 5411 1524 5446 a
1571 5390 1692 5460 lege

141 5460 498 5532 succedimus;
535 5482 552 5515 ι
591 5479 711 5532 quae
737 5463 902 5515 verba
927 5463 1008 5515 sic
1031 5463 1392 5516 emendantur
1419 5465 1470 5516 in
1501 5466 1690 5516 eodem

141 5526 341 5602 codice,
370 5549 388 5580 ι
423 5526 518 5586 sed
545 5526 637 5602 qui
686 5533 808 5587 ﬁdei
840 5549 906 5586 ex
939 5534 1053 5600 lege
1094 5535 1457 5586 succedimus.
1504 5552 1522 5584 ι
1559 5532 1685 5586 For-

145 5597 608 5671 las‘s‘elegendum,
637 5605 766 5657 «sed
797 5605 888 5669 qui
933 5597 1015 5655 exw
1032 5601 1135 5656 (ide
1161 5603 1262 5671 legi
1295 5604 1685 5656 succedimus.»

209 5664 312 5742 g9!)
350 5664 634 5727 Abraham.
683 5664 839 5726 Deesi.
879 5674 930 5726 in
972 5684 1133 5725 antea
1170 5664 1352 5736 editis,
1382 5674 1473 5740 qui
1506 5686 1688 5742 postea

147 5732 351 5860 mgni,
387 5758 404 5790 ι
442 5755 565 5796 ειιιιι
600 5745 713 5813 ipse
750 5744 892 5799 Deus
931 5744 1023 5813 qui
1055 5758 1173 5798 eam
1217 5732 1688 5800 circumcisionem

237 5821 254 5858 t
283 5844 299 5860 .
325 5826 344 5860 ι
363 5821 464 5860 etc.

237 5821 299 5874 ιι,
325 5826 344 5860 ι
363 5821 464 5866 etc.

1196 5163 1241 5196 ⁸⁸
1266 5163 1466 5233 Ephes.
1512 5177 1576 5226 ιι,
1610 5164 1663 5220 5.
1738 5164 1932 5221 "Psal.
1957 5181 2114 5230 cxut,
2137 5164 2171 5218 4
2195 5179 2314 5232 seq.

1791 3351 1919 3397 sunt
1945 3341 2012 3409 ³⁸,
2054 3361 2074 3394 ι
2107 3343 2382 3412 quomodo
2410 3339 2636 3410 intelligi
2664 3338 2880 3404 debeat,
2904 3339 3209 3394 videamus.
3233 3335 3367 3390 Fre-

1793 3442 2024 3502 quenter
2051 3433 2182 3488 etin
2207 3432 2328 3487 aliis
2361 3432 2711 3502 exposuimus
2741 3430 2883 3499 quod
2916 3429 3061 3486 Deus
3083 3431 3230 3485 solus
3277 3439 3364 3484 est

1788 3527 1881 3597 qui
1913 3526 2081 3582 dicit:
2115 3544 2135 3578 ι
2165 3525 2278 3595 Ego
2312 3541 2429 3582 sum
2461 3525 2552 3594 qui
2590 3540 2709 3579 sum
2736 3525 2816 3589 ⁵¹;
2858 3543 2877 3577 ι
2909 3533 2965 3578 ει
2999 3538 3104 3578 una
3141 3533 3226 3578 est
3272 3523 3363 3578 illa

1789 3619 1883 3674 Dei
1915 3618 2222 3674 substantia
2250 3633 2370 3687 quae
2401 3632 2617 3688 semper
2646 3627 2762 3684 est;
2796 3618 2879 3670 cui
2909 3616 2953 3672 si
2999 3619 3122 3685 quis
3168 3632 3227 3670 se
3261 3616 3361 3669 ad-

1784 3711 2051 3783 iunxerit,
2083 3726 2220 3765 unus
2249 3710 2310 3765 ﬁt
2349 3726 2473 3765 cum
2507 3724 2572 3766 eo
2605 3709 2828 3778 spiritus
2847 3711 2916 3776 ",
2968 3720 3024 3764 et
3067 3723 3163 3778 per
3209 3706 3363 3762 illum

1788 3807 1881 3874 qui
1935 3819 2154 3874 semper
2179 3813 2284 3870 est,
2322 3804 2488 3858 etiam
2539 3803 2655 3872 ipse
2692 3815 2815 3858 esse
2845 3801 3065 3856 dicitur.
3103 3798 3204 3866 Qui
3231 3813 3362 3852 vero

1787 3895 1946 3966 longe
1964 3906 2047 3951 est
2075 3895 2141 3950 ab
2162 3909 2248 3960 eo,
2268 3908 2367 3948 nec
2395 3893 2737 3962 participium
2765 3892 2882 3962 ejus
2910 3891 3098 3957 sumit,
3131 3905 3197 3944 ne
3241 3902 3364 3945 esse

1788 3989 2010 4058 quidem
2041 3987 2264 4053 dicitur,
2293 3987 2438 4041 sicut
2467 3999 2686 4040 eramus
2708 4000 2810 4038 nos
2835 3995 3024 4054 gentes
3045 3979 3356 4055 priusquam

1787 4080 1854 4133 ad
1884 4079 2216 4148 agnitionem
2253 4079 2499 4134 veritatis
2548 4079 2744 4132 divina:
2773 4076 3112 4144 veniremus;
3139 4085 3193 4132 et
3237 4077 3361 4132 ideo

1787 4169 1986 4224 dicitur
2017 4167 2163 4224 Deus
2192 4183 2389 4223 vocare
2423 4186 2443 4221 ι
2478 4181 2539 4221 ea
2570 4182 2690 4237 qute
2715 4181 2819 4220 non
2836 4176 2984 4232 sunt,
3017 4176 3271 4236 tanquam
3295 4182 3361 4224 ea

1787 4277 1908 4331 quas
1933 4270 2079 4316 sunt.
2126 4280 2144 4312 ι
2183 4259 2329 4314 Ιιιιει·
2349 4276 2444 4315 eos
2471 4260 2616 4314 enim
2649 4260 2738 4330 qui
2767 4270 2914 4324 sunt,
2943 4259 2995 4312 id
3014 4267 3099 4313 est
3122 4260 3213 4328 qui
3239 4273 3364 4328 par-

1789 4353 2158 4423 ticipationem
2191 4354 2395 4408 habent
2422 4353 2541 4423 ejus
2555 4353 2645 4423 qui
2675 4352 3155 4417 est,Abraham,et
3186 4351 3360 4419 Isaac,

1787 4453 1841 4499 et
1881 4443 2075 4509 Jacob,
2119 4456 2175 4499 et
2225 4446 2413 4500 caeteri
2461 4449 2637 4501 sancti
2679 4457 3064 4501 numerantur.
3108 4444 3263 4512 Quod
3312 4445 3359 4498 si

1788 4547 1985 4608 gentes
2019 4537 2288 4592 credendo
2336 4540 2390 4591 in
2423 4538 2580 4592 ﬁdem
2621 4539 2844 4591 veniunt
2872 4537 3126 4600 Abrahae,
3165 4549 3361 4590 conse-

1788 4641 2021 4701 quenter
2049 4632 2372 4700 pronuntiat
2395 4631 2692 4701 Apostolus
2718 4632 2864 4700 quod
2909 4631 3053 4684 Deus
3085 4629 3363 4683 vocaverit

1791 4742 1810 4774 ‹
1842 4739 1905 4778 ea
1934 4737 2055 4791 quae
2083 4737 2193 4776 non
2225 4731 2370 4787 sunt,
2405 4733 2663 4791 tanquam
2691 4736 2755 4775 ea
2790 4735 2914 4790 quae
2939 4729 3086 4776 sunt.
3122 4738 3142 4772 ι
3175 4717 3364 4772 Potest

1790 4828 1970 4871 tamen
2001 4817 2166 4871 etiam
2204 4814 2338 4869 illud
2370 4815 2605 4878 adverti,
2631 4825 2689 4867 ut
2714 4815 2767 4868 in
2808 4815 2912 4869 hoc
2940 4813 3061 4867 loco
3085 4829 3214 4881 erga
3240 4812 3360 4868 lano-

1788 4907 1883 4961 des
1915 4905 2008 4960 Dei
2034 4907 2324 4975 Apostolus
2347 4905 2508 4960 latius
2537 4906 2786 4961 videatur
2809 4906 3032 4970 eﬂ'usus,
3064 4914 3121 4960 et
3146 4904 3360 4958 initium

1789 4999 1978 5067 prima:
2004 4995 2119 5064 ejus
2161 5006 2431 5052 creaturae
2461 5013 2582 5050 cum
2613 4997 2973 5052 admiratione
2998 5009 3358 5057 memorasse,

731 5091 774 5122 “
809 5092 942 5148 ibid.
969 5094 1056 5147 l7.
1133 5092 1176 5125 δ’
1199 5092 1338 5147 Gen.
1371 5108 1474 5158 xu,
1499 5093 1552 5147 3.
1627 5094 1673 5124 ⁸³

1867 5112 1897 5147 ι.
1936 5111 2014 5158 ιιι,
2049 5093 2104 5148 9.
2175 5093 2222 5126 “
2253 5094 2408 5147 Rom.
2431 5107 2503 5155 Iv,
2537 5093 2624 5147 17.
2701 5091 2747 5125 ⁸⁵
2775 5093 2970 5147 Ειεειι.
2999 5108 3155 5156 xvm,
3183 5091 3238 5156 4,
3264 5091 3357 5145 20.

2387 5163 2433 5195 '°
2457 5163 2616 5220 Rom.
2641 5179 2724 5228 ιν,
2753 5165 2842 5218 17.
2893 5165 2938 5195 ⁵¹
2959 5164 3127 5218 Exod.
3159 5176 3242 5226 nt,
3270 5161 3354 5216 l6.

1868 5323 1980 5396 (92)
2022 5324 2113 5380 Sic
2141 5342 2240 5380 ms.
2275 5343 2436 5383 unus.
2460 5327 2652 5382 Cmtert
2681 5343 2810 5382 vero
2839 5345 2967 5381 mss.
3003 5336 3058 5380 et
3083 5324 3349 5381 Salodiani

1792 5397 1958 5449 editio
1990 5395 2255 5472 habent;
2290 5399 2549 5472 Dominus
2581 5399 2858 5472 dicebat.»
2888 5397 3166 5472 hierlinus,
3189 5396 3358 5449 Eras-

1795 5482 1915 5518 inus
1944 5477 1996 5517 et
2032 5465 2442 5536 Getiebt'ardus,
2467 5487 2484 5518 ι
2517 5469 2752 5536 Baptista
2779 5469 3013 5522 dicebat.
3049 5485 3068 5517 ι

1867 5536 1980 5605 (95)
2023 5535 2113 5589 Sic
2154 5536 2432 5591 Rabanus.
2477 5534 2608 5593 Mss.
2657 5553 2784 5590 vero
2828 5538 3019 5600 nostri,
3045 5554 3065 5587 ι
3099 5551 3199 5589 nec
3232 5534 3355 5603 quis

1797 5605 1918 5676 [al.,
1951 5615 2118 5658 etnec
2168 5612 2326 5676 quis;
2359 5608 2457 5669 al.,
2491 5621 2538 5659 et
2570 5625 2663 5660 nec
2686 5605 2834 5676 quid]
2861 5608 2996 5659 ultra
3035 5620 3129 5674 per
3155 5620 3355 5674 carpus

1798 5676 2008 5743 recipil,
2033 5694 2050 5725 ι
2076 5685 2181 5729 ειε.
2210 5676 2350 5729 Etliti
2377 5679 2646 5738 sitniltler,
2675 5694 2695 5728 ι
2723 5687 2778 5730 ει
2807 5692 2905 5728 uec
2937 5677 3092 5744 quis;
3121 5695 3139 5727 ι
3163 5677 3355 5729 deinde

1798 5747 2053 5799 Omittunt
2085 5763 2104 5795 ι
2148 5762 2240 5814 per
2275 5765 2294 5797 ι
2333 5755 2457 5799 ante
2505 5766 2523 5798 t
2561 5763 2774 5817 corpus,
2807 5765 2824 5798 ι
2853 5754 2909 5799 ει
2941 5749 3139 5803 habent
3169 5765 3188 5800 t
3224 5748 3354 5803 0601'

1802 5824 1977 5870 ratum
2010 5835 2028 5868 ι
2061 5831 2158 5884 pro
2193 5834 2212 5868 ι
2246 5817 2485 5872 odorem.
2523 5836 2544 5873 ο
