3684 6148
3535 256 3621 311 κδ

359 359 622 428 lectioni,
663 375 784 416 cum
837 372 946 416 tam
985 360 1275 432 vigilanter
1306 373 1528 420 enarrat
1556 379 1618 420 ea
1656 381 1777 434 qua».
1807 369 1946 422 scri-
1974 397 2021 454 Δ
2049 368 2322 432 videatur,
2355 367 2408 422 id
2431 379 2534 436 est,
2571 387 2592 420 ι
2629 370 2876 440 signum,
2905 389 2926 423 ι
2949 381 3004 426 et
3037 391 3058 424 ι
3083 371 3435 442 signaculum
3457 375 3580 445 (δι).
3603 397 3619 430 ι

359 463 449 523 pta
487 463 614 509 sunt
643 454 710 508 de
733 455 1043 520 Abraham,
1087 457 1214 525 quia
1251 475 1271 509 ι
1308 469 1554 529 reputata
1604 471 1688 514 est
1720 460 1769 514 ei
1813 460 1948 515 ﬁdes
2051 458 2158 514 Sed
2204 460 2334 514 mihi
2388 469 2621 530 uterque
2665 477 2846 517 sermo
2887 464 3115 518 multam
3160 466 3311 520 inter
3343 480 3405 521 se
3431 467 3622 524 videtur

360 545 749 614 ald-justitiam.
807 567 826 600 ι
885 544 1010 602 Vult
1068 563 1098 602 a
1159 549 1313 604 nobis
1381 552 1716 606 considerari
1779 554 1945 608 etiam
2050 551 2212 622 525
2238 551 2443 608 habere
2473 551 2858 608 diﬁ‘erentiam.
2880 555 3110 625 Signum
3140 571 3386 626 namque
3415 558 3621 625 dicitur,

357 638 574 706 quando
591 636 707 711 (50)
731 648 976 706 reputata
1001 641 1096 705 sit,
1121 657 1230 712 quo
1252 653 1310 696 et
1335 645 1594 714 temporis
1619 645 1758 700 ratio
1785 648 1836 702 in
1863 647 1948 703 bis
2046 659 2170 698 cum
2226 659 2323 711 per
2368 644 2474 699 hoc
2509 645 2653 714 quod
2692 645 2908 700 videtur
2951 647 3098 700 aliud
3151 648 3371 716 aliquid
3425 649 3615 707 indica-

357 748 478 802 quaa
519 733 720 802 scripta
772 743 899 786 sunt
939 733 1258 803 colligatur,
1292 746 1545 790 utrumne
1596 739 1647 791 in
1680 739 1946 809 praeputio
2049 742 2138 787 tur
2168 751 2183 787 :
2219 734 2362 789 sicut
2409 748 2572 798 cum,
2617 733 2768 790 verbi
2819 736 3026 802 gratia,
3076 735 3214 791 dicit
3251 738 3514 794 Dominus
3570 741 3616 794 in

356 825 532 878 adhuc
583 834 727 880 esset
787 841 912 879 cum
975 827 1079 880 ista
1117 827 1260 880 dicta
1306 837 1468 889 sunt.
1521 844 1587 882 an
1656 831 1947 887 transisset
2048 825 2340 896 Evangelia
2378 847 2390 881 :
2432 844 2451 878 ι
2481 825 2778 882 Generatio
2806 828 2920 883 hare
2949 829 3165 896 signum
3195 831 3441 896 quzerit:
3478 836 3621 888 etsi-

357 918 464 987 jam
501 916 617 988 (51)
664 920 728 971 ad
781 919 1256 972 circumcisionem
1281 935 1296 984 ;
1325 929 1381 974 et
1424 921 1504 975 ait
1541 941 1554 976 :
1595 940 1613 973 ι
1663 922 1945 990 Quomodo
2047 931 2212 984 gnum
2244 932 2352 970 non
2381 916 2599 970 dabitur
2629 917 2679 970 ei
2709 957 2724 980 ,
2758 918 2859 970 nisi
2891 918 3109 986 signum
3142 919 3300 974 Jona:
3341 926 3619 991 prophetae.

357 1028 488 1082 ergo
517 1022 763 1080 reputant
799 1026 882 1067 est
909 1014 1042 1068 ﬁdes
1062 1014 1179 1079 ejus
1213 1015 1280 1068 ad
1301 1013 1572 1081 justitiam
1602 1017 1947 1074 ἳουιηεεεθι
2049 1005 2202 1060 διειιι
2251 1007 2396 1062 enim
2431 1008 2529 1061 ftlil
2569 1006 2739 1061 Jonas
2765 1010 2816 1062 in
2849 1021 3042 1065 ventre
3067 1012 3172 1065 ceti
3229 1015 3415 1068 tribus
3458 1015 3622 1071 diebus

356 1103 412 1156 in
447 1104 891 1169 circumcisione,
923 1121 989 1160 an
1017 1121 1138 1160 cum
1168 1115 1313 1161 esset
1349 1107 1401 1161 in
1439 1110 1702 1178 praeputio
1723 1111 1808 1164 ⁸ιῖ

2166 1100 2312 1153 rilms
2369 1099 2629 1155 noctibus
2655 1141 2670 1162 ,
2715 1102 2788 1153 ita
2819 1111 2873 1154 et
2924 1102 3122 1157 Filium
3157 1105 3408 1161 hominis
3434 1121 3621 1177 oportet

353 1197 500 1250 enim
531 1197 725 1251 luisset
751 1197 800 1250 id
824 1199 1089 1268 temporis
1114 1200 1168 1252 in
1193 1199 1637 1266 circumcisione,
1664 1201 1946 1258 videretur
2045 1205 2168 1245 8558
2202 1193 2253 1246 ίη
2279 1193 2441 1247 οοιίίθ
2468 1204 2628 1248 lem?
2662 1192 2779 1266 (55)
2806 1195 2983 1249 "ibus
3011 1198 3206 1252 diebus
3235 1208 3294 1251 el
3342 1199 3520 1254 tribus
3543 1217 3621 1254 no-

355 1290 548 1358 utique
579 1304 610 1342 a
663 1289 784 1344 ﬁdei
830 1288 991 1359 hujus
1037 1290 1213 1360 gratia
1250 1291 1533 1346 exclusum
1578 1307 1701 1348 esse
1728 1308 1810 1364 pra

2166 1299 2226 1337 us
2253 1283 2321 1337 ⁸9.
2363 1304 2383 1337 ι
2423 1282 2537 1339 Hoc
2563 1293 2646 1338 est
2679 1301 2812 1354 ergo
2841 1287 3058 1356 signum
3085 1288 3176 1341 ubi
3217 1288 3399 1343 Jonas
3428 1291 3621 1345 videba-

357 1378 514 1433 tium.
555 1378 709 1434 Nunc
739 1395 872 1434 vero
903 1381 1166 1447 ostendit,
1205 1383 1348 1450 quod
1380 1384 1435 1437 in
1465 1385 1731 1454 praeputio
1763 1387 1944 1441 adhuc
2047 1389 2157 1442 tur,
2188 1389 2244 1434 et
2271 1379 2527 1436 Christus
2556 1381 2992 1449 intelligebatur.
3031 1382 3306 1440 Similiter
3335 1395 3398 1440 et
3427 1386 3495 1440 de
3524 1387 3618 1454 ipso

354 1472 532 1539 posito
561 1481 808 1540 reputata
838 1479 925 1527 est
961 1473 1092 1528 ﬁdes
1121 1474 1186 1528 ad
1222 1473 1514 1542 justitiam,
1543 1485 1599 1530 et
1643 1476 1764 1532 ideo
1811 1492 1940 1547 pro-
2047 1471 2274 1527 Domino
2306 1474 2358 1527 in
2406 1473 2700 1544 Evangelia
2729 1473 2937 1528 dicitur
2970 1492 2985 1529 :
3025 1492 3045 1525 ‹
3083 1475 3228 1530 Ecce
3279 1477 3376 1530 hic
3434 1479 3618 1547 positus

355 1561 589 1625 nuntiat,
619 1563 742 1630 quia
763 1578 887 1615 cum
923 1563 1198 1617 Abraham
1224 1565 1280 1618 in
1315 1567 1581 1634 praeputio
1612 1567 1821 1637 positus
1846 1584 1943 1638 per
2043 1574 2122 1620 est
2158 1565 2210 1619 in
2239 1567 2449 1620 ruinam
2479 1575 2534 1621 et
2570 1567 2622 1620 in
2649 1567 3109 1623 resurrectionem
3136 1568 3462 1634 multorum,
3490 1579 3544 1624 et
3574 1572 3614 1624 in

357 1654 516 1709 ﬁdem
545 1653 878 1721 justilicatus
909 1657 1016 1722 sit,
1064 1657 1184 1712 sine
1214 1659 1382 1712 dubio
1423 1659 1677 1728 princeps
1707 1670 1764 1716 et
1788 1670 1943 1729 pater
2043 1655 2254 1726 signum
2277 1660 2364 1712 cui
2392 1657 2804 1712 contradieetur
2823 1657 2892 1713 ὀ.
2919 1677 2938 1710 ι
2964 1657 3468 1715 Contradicebatur
3493 1663 3614 1715 enim

356 1746 551 1798 merito
581 1745 785 1799 dicitur
807 1749 1051 1801 oumium
1082 1749 1421 1802 credentium
1461 1763 1558 1816 per
1598 1751 1938 1820 prteputiutn.
1975 1749 2016 1803 Β
2047 1748 2203 1815 signo
2229 1749 2281 1802 iu
2309 1764 2421 1818 quo
2454 1747 2710 1804 Christus
2740 1760 2986 1817 venerat,
3024 1751 3152 1820 quia
3189 1751 3342 1806 aliud
3376 1753 3432 1807 in
3463 1767 3526 1807 eo
3553 1754 3617 1805 vi-

354 1839 506 1905 Quod
539 1856 668 1895 vero
701 1851 822 1910 post
858 1841 1018 1896 ﬁdem
1052 1858 1174 1910 quae
1207 1843 1307 1898 fuit
1333 1843 1386 1898 in
1427 1845 1694 1912 prteputio
1728 1847 1944 1914 accepit
2049 1841 2299 1905 debatur,
2329 1851 2384 1895 et
2415 1841 2564 1894 aliud
2613 1841 3034 1911 intelligebatur.
3066 1842 3210 1897 Caro
3260 1845 3578 1899 cernebatur
3599 1887 3612 1907 ,

355 1933 856 1994 circumcisionem,
884 1943 1285 2003 consequenter
1316 1949 1541 1990 causam
1571 1951 1677 2006 qua
1712 1937 1947 1992 circum-
2047 1944 2102 1990 et
2133 1934 2276 1989 Deus
2323 1935 2668 1990 credebatur.
2715 1934 2808 1990 Sic
2847 1951 2978 2006 ergo
3007 1938 3220 2006 accepit
3265 1949 3323 1993 et
3355 1940 3607 1993 Abraham

352 2027 492 2080 cisio
517 2026 571 2080 ei
599 2028 726 2080 data
761 2025 1197 2096 fueritexponit.
1231 2027 1301 2084 Ut
1329 2039 1494 2094 esset,
1526 2029 1724 2100 inquit,
1756 2032 1943 2102 signa-
2047 2027 2262 2092 signum
2298 2045 2312 2080 :
2351 2036 2409 2081 et
2437 2027 2580 2096 quod
2619 2035 2768 2084 esset
2813 2028 3029 2099 signum
3063 2029 3115 2082 in
3166 2033 3609 2098 consequentibus

351 2116 534 2171 culum
571 2116 689 2183 ejus
725 2117 849 2173 ﬁdei
878 2133 1046 2187 quam
1088 2119 1275 2174 habuit
1314 2122 1366 2174 in
1418 2123 1680 2192 praeputio
1712 2125 1942 2193 positus,
2046 2118 2183 2173 dicit
2217 2137 2230 2174 :
2269 2137 2288 2169 ι
2326 2118 2836 2186 Circumcisionem,
2881 2141 2900 2173 ι
2953 2122 3132 2191 inquit
3163 2137 3179 2176 :
3234 2139 3362 2191 qua:
3393 2124 3607 2179 circum-

355 2219 417 2264 ut
442 2225 541 2280 per
569 2213 672 2265 hoc
704 2229 724 2264 ι
761 2214 833 2266 sit
863 2223 1023 2280 pater
1042 2212 1284 2267 omnium
1315 2217 1656 2271 credentium
1690 2231 1787 2287 per
1805 2232 1945 2286 praa-
2047 2210 2183 2265 cisio
2208 2220 2354 2265 esset
2383 2230 2401 2262 ι
2437 2211 2777 2281 signaculum
2805 2213 3031 2282 jnstitia:
3057 2214 3178 2267 ﬁdei
3207 2215 3254 2247 ει
3287 2233 3306 2265 ι
3341 2231 3503 2284 quam
3537 2217 3613 2271 ha-

357 2302 593 2371 putium,
624 2311 681 2357 ut
711 2313 993 2372 reputetur
1025 2304 1134 2359 illis
1161 2307 1226 2359 ad
1255 2305 1556 2374 justitiam,
1597 2317 1653 2362 et
1691 2308 1760 2362 sit
1792 2316 1946 2377 pater
2047 2301 2164 2356 bnit
2187 2311 2479 2372 antequam
2501 2303 3012 2359 circumcideretur.
3039 2303 3186 2358 Bene
3221 2321 3362 2376 ergo
3389 2306 3607 2361 circum-

356 2394 812 2462 circumcisiouis,
851 2411 954 2452 non
981 2397 1064 2452 his
1090 2407 1299 2451 tantum
1323 2399 1414 2468 qui
1447 2411 1668 2455 suntex
1695 2401 1944 2454 circum-
2046 2397 2307 2450 cisionem
2354 2395 2572 2465 signum
2624 2395 2916 2465 appellavit
2970 2396 3023 2449 in
3055 2397 3362 2460 Abraham,
3396 2400 3521 2467 quia
3563 2411 3610 2452 et

356 2485 586 2548 cisione,
620 2488 715 2541 sed
744 2497 799 2541 et
831 2488 939 2542 illis
960 2489 1052 2557 qui
1081 2502 1390 2558 sequuntur
1429 2491 1656 2561 vestigia
1681 2491 1800 2562 ejus
1826 2507 1947 2561 qua:
2048 2488 2163 2556 ipsa
2197 2486 2340 2541 aliud
2373 2487 2694 2549 videbatur,
2755 2499 2812 2541 et
2869 2487 3013 2540 aliud
3070 2488 3483 2558 intelligebatur
3521 2508 3533 2553 ;
3563 2499 3611 2544 et

355 2587 440 2632 est
466 2579 518 2630 in
549 2579 810 2646 praeputio
831 2580 952 2633 iidei
978 2581 1149 2649 patris
1178 2581 1344 2634 nostri
1375 2580 1611 2636 Abraba:
1633 2580 1702 2635 ⁸³.
1735 2599 1755 2632 ι
1792 2580 1946 2648 Quod
2047 2581 2284 2634 Ostendit
2314 2581 2439 2650 quia
2464 2579 2576 2648 jam
2612 2592 2744 2634 tunc
2773 2580 3015 2635 carnalis
3040 2581 3135 2634 illa
3167 2581 3522 2637 circumcisio
3547 2585 3610 2637 si-

355 2671 400 2725 si
431 2671 708 2725 Abraham
755 2687 878 2726 cum
923 2681 1069 2727 esset
1115 2673 1294 2726 adhuc
1329 2674 1382 2725 in
1425 2674 1709 2743 praeputio,
1743 2688 1808 2728 ex
1841 2674 1946 2728 lide
2045 2687 2212 2742 gnum
2251 2683 2368 2726 erat
2405 2672 2670 2740 spiritalis
2725 2671 3203 2739 circumcisionis,
3257 2688 3382 2742 qua:
3414 2689 3517 2728 non
3566 2675 3607 2727 in

347 2761 685 2832 justiiicatus
721 2776 839 2830 est,
871 2777 1051 2832 potest
1087 2767 1202 2821 ﬁeri
1235 2767 1398 2820 etiam
1437 2777 1588 2836 pater
1605 2767 1720 2838 (52)
1753 2784 1944 2822 eorum
2047 2777 2212 2818 carne
2257 2761 2588 2830 suscipitur,
2616 2764 2712 2817 sed
2767 2762 2822 2816 in
2892 2762 3080 2817 corde.
3134 2759 3289 2828 Quod
3317 2777 3452 2816 vero
3495 2763 3612 2818 dixit

355 2857 446 2924 qui
490 2857 543 2910 in
583 2859 1005 2913 circumcisione
1035 2868 1334 2913 nascuntur
1355 2899 1371 2921 ,
1407 2858 1452 2912 si
1497 2869 1676 2914 tamen
1701 2861 1768 2914 ad
1799 2862 1810 2912 i

2154 2853 2490 2924 iguaculum,
2529 2871 2551 2907 ι
2601 2854 2674 2908 ita
2716 2853 3124 2922 intelligendum
3155 2863 3308 2923 puto.
3364 2852 3609 2923 Signacu-

357 2949 519 3003 ‘illem
555 2951 867 3017 pertineant
897 2967 1018 3022 qua;
1063 2953 1119 3006 in
1153 2953 1422 3021 praeputio
1461 2953 1696 3021 positum
1737 2953 1943 3023 jttstiﬁ-
2049 2947 2158 3000 lum
2187 2946 2390 3001 dicitur
2418 2960 2541 3002 cum
2571 2945 2738 3000 alicui
2777 2945 2856 3000 rei
2910 2945 3198 2999 servanda:
3249 2959 3353 3013 pro
3385 2955 3609 3014 tempore

355 3042 522 3095 cavit.
559 3041 626 3095 Et
658 3043 914 3112 quoniam
955 3045 1008 3097 in
1049 3045 1310 3114 praeputio
1359 3045 1593 3114 positum
1622 3045 1810 3115 justilit

2149 3038 2293 3092 todia
2335 3037 2656 3106 imponitur,
2689 3037 2834 3106 quod
2867 3051 3027 3091 nemo
3057 3034 3198 3090 alios
3227 3036 3336 3090 nisi
3389 3038 3509 3106 ipse
3526 3038 3604 3106 qui

355 3134 654 3198 Abraham,
679 3136 911 3190 ellicitur
937 3151 1068 3204 ergo
1099 3136 1387 3206 utriusque
1411 3138 1628 3207 generis
1654 3149 1810 3208 pater

2153 3129 2327 3185 iressit
2356 3103 2556 3185 debeat
2577 3103 2878 3199 resignare.
2909 3126 3012 3182 Per
3035 3128 3180 3182 istud
3204 3141 3338 3199 ergo
3373 3103 3608 3199 signacu-

355 3229 448 3298 qui
481 3237 610 3282 sunt
641 3230 692 3282 in
725 3229 990 3298 praeputio
1023 3245 1123 3299 per
1163 3230 1349 3292 ﬁdem,
1377 3241 1433 3284 et
1473 3231 1557 3286 his
1586 3232 1677 3300 qui
1717 3248 1810 3286 sun

2152 3241 2180 3286 ι,
2215 3231 2274 3275 ιιι
2305 3221 2526 3290 exponit
2561 3220 2856 3291 Apostolus
2876 3259 2893 3288 ,
2918 3219 3130 3290 justitia
3155 3219 3284 3275 ﬁdei
3310 3219 3431 3290 (56)
3465 3235 3607 3290 quam

356 3323 777 3377 circumcisione
803 3338 900 3390 per
932 3337 1154 3376 carnem
1194 3340 1209 3376 :
1245 3332 1300 3376 et
1323 3332 1446 3392 post
1471 3325 1811 3379 circumcisio

2154 3313 2401 3382 Il‘lllptllio
2436 3314 2648 3383 positus
2673 3313 2948 3368 Abraham
2976 3311 3229 3380 accipere
3253 3313 3458 3368 meruit
3485 3314 3609 3367 ludi.

354 3425 583 3485 generat
615 3416 791 3481 primo
823 3416 1002 3480 Isaac,
1043 3426 1208 3486 atque
1237 3416 1306 3470 ab
1341 3417 1458 3485 ipso
1492 3417 1809 3484 auspicatur

2153 3422 2220 3472 tr,
2244 3418 2302 3460 et
2326 3417 2482 3476 pater
2509 3421 2634 3462 esse
2665 3405 2959 3459 multarum
3005 3406 3248 3474 gentium
3276 3422 3292 3458 :
3327 3405 3474 3474 quod
3498 3415 3607 3458 tunc

357 3507 545 3561 doadis
579 3507 830 3573 initium,
877 3506 926 3561 id
961 3518 1079 3571 est,
1121 3509 1302 3562 octavi
1335 3509 1440 3563 diei
1490 3509 1544 3561 iu
1593 3508 1714 3578 ipso
1745 3524 1809 3563 co

2151 3498 2318 3551 dimus
2348 3498 2734 3568 resignaudum
2763 3514 2886 3552 cum
2926 3498 3210 3568 plenitudo
3242 3497 3488 3566 gentium
3533 3497 3606 3549 iu-

357 3609 583 3652 crautur
617 3597 792 3666 prima
825 3600 1108 3668 mysteria,
1136 3607 1190 3652 et
1212 3599 1408 3653 exinde
1434 3598 1624 3668 incipit
1650 3602 1944 3670 posteritas
2047 3588 2259 3644 l-I'Oiel‘il
2281 3627 2297 3653 ο
2327 3597 2383 3642 ει
2415 3590 2594 3643 omnis
2631 3588 2800 3643 Israel
2830 3589 3140 3645 SﬁlVabin’
3177 3589 3243 3644 "-
3279 3587 3439 3644 Ταυε
3479 3589 3608 3643 ﬂii"!

356 3687 594 3742 Abrahae
618 3686 817 3757 duplici
843 3701 1067 3740 currere
1084 3697 1449 3742 sacramento.
1475 3686 1811 3741 Sicutenim:

2163 3680 2309 3749 quod
2345 3679 2479 3734 dicit
2509 3680 2804 3750 Apostolus
2834 3681 2917 3746 νδ,
2970 3697 3079 3736 non
3130 3680 3306 3737 solum
3336 3683 3604 3751 gentium,

358 3791 546 3833 natura
579 3782 662 3834 sui
706 3779 851 3832 aliud
897 3793 1016 3834 esse
1063 3779 1401 3849 intelligitur,
1451 3793 1506 3836 et
1555 3784 1702 3837 aliud
1737 3780 1940 3849 jnstitia
2043 3773 2137 3827 sed
2160 3774 2324 3828 etiam
2356 3774 2793 3829 circumcisionis
2822 3789 2918 3843 per
2948 3775 3108 3829 ﬁdem
3139 3783 3296 3843 pater
3317 3775 3606 3829 Abraham.

355 3888 476 3942 quae
507 3873 555 3926 ei
593 3888 689 3939 per
720 3873 878 3925 ﬁdem
920 3884 1164 3941 reputata
1190 3883 1297 3939 est;
1348 3873 1420 3926 ita
1446 3883 1501 3928 et
1535 3874 1638 3928 alia
1665 3875 1786 3942 ejus
1825 3889 1944 3928 esse
2045 3863 2111 3918 Ει
2155 3865 2336 3918 adhuc
2369 3864 2616 3934 apertius
2654 3866 2722 3918 de
2756 3865 2914 3936 signo
2947 3872 3001 3919 et
3051 3865 3332 3934 signaculo
3384 3864 3604 3920 dissen-

357 3965 410 4018 i"
445 3965 730 4032 prmpulio,
765 3963 869 4017 alia
909 3963 964 4018 it;
1005 3965 1432 4019 circumcisione
1467 3967 1779 4035 posteritas,
1810 3965 1940 4019 Nam
2044 3971 2184 4012 mus.
2217 3957 2351 4011 Cum
2380 3957 2594 4024 signum
2621 3955 2713 4022 Sil,
2745 3967 2804 4011 ut
2825 3958 3083 4020 diximus,
3099 3956 3192 4010 ubi
3224 3955 3505 4010 indicatur
3523 3957 3606 4010 ali-

354 4071 452 4109 eos
473 4056 564 4122 qui
597 4055 961 4110 incirctttncisi
1000 4065 1159 4120 sunt,
1199 4058 1344 4123 ipsos
1376 4072 1502 4111 esse
1537 4057 1742 4126 lapides
1772 4068 1938 4127 puto,
2043 4049 2173 4116 quid
2200 4065 2295 4115 per
2321 4050 2422 4102 hoc
2476 4049 2620 4117 quod
2657 4049 2872 4103 videtur
2899 4088 2915 4114 ,
2972 4048 3320 4120 signaculum
3373 4065 3506 4104 vero
3530 4047 3603 4100 ubi

358 4146 426 4198 de
482 4147 686 4212 quibus
751 4161 911 4215 posse
993 4147 1192 4200 dicitur
1255 4148 1398 4203 Deus
1473 4150 1743 4202 suscitare
1805 4147 1942 4202 ﬁlios
2043 4139 2390 4194 concluditur
2427 4154 2526 4205 pro
2552 4149 2800 4208 tempore
2827 4140 3033 4209 aliquid
3074 4151 3131 4194 et
3161 4155 3269 4195 non
3297 4148 3471 4208 patet,
3511 4155 3594 4208 po-

356 4237 590 4293 Abraha‘.
619 4238 689 4304 ³⁸,
721 4237 772 4291 in
807 4238 1005 4308 quibus
1049 4247 1104 4292 et
1133 4239 1262 4293 illud
1291 4241 1596 4311 completur
1625 4241 1770 4310 quod
1807 4242 1944 4295 scri-
2045 4243 2151 4288 test
2173 4234 2336 4288 etiam
2383 4233 2458 4287 ita
2513 4231 2768 4303 intelligi.
2799 4235 2941 4303 quod
2969 4234 3225 4304 mysteria
3257 4250 3384 4304 qua:
3421 4235 3477 4289 in
3503 4235 3601 4302 lese

355 4339 509 4398 ptum
543 4337 629 4383 est
658 4347 670 4382 :
703 4327 842 4394 Quia
872 4347 890 4380 t
925 4330 1318 4384 benedicentur
1364 4333 1416 4384 in
1467 4342 1518 4384 te
1549 4345 1740 4384 omnes
1771 4332 1942 4385 tribus
2043 4335 2100 4381 et
2133 4326 2462 4396 patriai-citis
2521 4325 2996 4382 adumbrabantur
3023 4368 3039 4391 ,
3098 4325 3408 4395 huiusmodi
3459 4335 3598 4382 erant

359 4428 518 4476 terra:
537 4411 606 4476 "L
647 4440 666 4474 ι
703 4419 807 4476 Sed
837 4420 1148 4490 repetamus
1177 4425 1356 4477 adhuc
1381 4423 1525 4491 quod
1550 4423 1680 4476 dicit
1705 4423 1750 4455 ⁸³
1787 4441 1802 4478 :
1833 4440 1852 4473 ι
1872 4423 1939 4478 Ει
1971 4468 2013 4522 D
2043 4433 2162 4484 qua:
2187 4430 2243 4471 et
2270 4417 2442 4486 signis
2473 4416 2760 4471 iudicanda
2793 4426 2996 4480 essent.
3027 4426 3082 4471 et
3104 4417 3412 4486 signaculis
3438 4419 3600 4471 obsero

366 4507 576 4579 signum
603 4513 810 4582 accepit
842 4513 1334 4579 circumcisionem,
1373 4533 1391 4565 ι
1431 4514 1768 4588 signaculum
1791 4513 1941 4584 justi.
1971 4507 2011 4522 υ
2043 4509 2235 4561 vanda.
2271 4508 2425 4574 Quod
2457 4523 2594 4579 ergo
2651 4509 2824 4580 signis
2854 4510 3145 4565 indicanda
3183 4521 3342 4564 erant
3373 4511 3428 4565 in
3479 4508 3595 4579 (56‘)

365 4599 456 4656 tia:
493 4601 647 4668 ﬁdei,
684 4619 804 4672 quae
841 4612 926 4657 est
965 4603 1018 4656 iu
1061 4607 1325 4676 praeputio
1367 4607 1476 4678 (55)
1517 4623 1580 4662 ac
1615 4606 1938 4678 profundam
2043 4607 2127 4660 his
2149 4606 2241 4675 qui
2290 4607 2588 4661 credebant
2617 4621 2685 4660 ex
2723 4606 3000 4676 gentibus,
3026 4607 3244 4676 signum
3275 4607 3486 4676 cepisse
3530 4606 3595 4657 di-

363 4692 415 4746 iu
465 4694 551 4747 his
592 4693 748 4748 Pauli
789 4697 1110 4764 sapientiam
1156 4697 1611 4767 contemplemur.
1659 4696 1935 4752 Fortassis
2041 4700 2183 4751 citur
2208 4696 2526 4752 Abraham:
2558 4695 2702 4766 quod
2725 4710 2854 4750 vero
2883 4697 2966 4751 his
2990 4696 3160 4766 quiin
3190 4695 3593 4751 circumcisione

361 4787 505 4838 enim
536 4785 807 4866 aliquibus
837 4790 1088 4844 eumdem
1133 4804 1440 4844 sermonem
1481 4791 1716 4844 secundo
1754 4790 1936 4844 dicere
2045 4805 2150 4843 nott
2184 4798 2341 4842 erant
2373 4787 2662 4853 credituri,
2691 4786 2997 4843 obseranda
3022 4797 3181 4842 erant
3200 4797 3258 4842 et
3281 4787 3589 4856 obtegeuda.

467 4901 513 4932 ”
552 4902 706 4957 Rom.
752 4920 824 4967 tv,
857 4905 946 4960 10.
1052 4905 1098 4937 ⁸⁸
1127 4906 1256 4961 ibid.
1286 4906 1372 4962 ιι.
1479 4907 1526 4938 ⁸⁶
1565 4905 1752 4959 Matth.
1802 4923 1892 4966 ιιι.

2132 4908 2134 4915 ’
2166 4905 2301 4961 Gen.
2331 4920 2430 4967 ιιι,
2469 4905 2523 4957 5.
2629 4904 2678 4937 ⁸⁸
2707 4903 2868 4958 Rom.
2904 4919 2975 4971 tv,
3006 4903 3091 4958 ll.
3190 4903 3238 4937 ³⁸
3271 4901 3462 4957 Matth.
3505 4913 3587 4960 xu,

360 4968 452 5033 59,
479 4973 568 5026 40.
644 4975 689 5006 ⁹⁰
725 4975 856 5031 Luc.
892 4992 931 5029 ιι
962 5016 977 5042 ,
1029 4977 1120 5032 54.
1195 4978 1238 5009 ⁹¹
1273 4977 1427 5030 Ιὶοιιι.
1465 4993 1538 5041 ιν,
1571 4981 1653 5030 ll.
1732 4979 1778 5008 ⁸³

1375 4993 1427 5030 ιι.
1465 4993 1538 5041 ιν,
1571 4981 1653 5030 ll.
1732 4979 1778 5008 ⁸³
1815 4980 2060 5042 ιίιιιιι.ιι,
2087 4976 2182 5043 25,
2211 4977 2301 5030 26.
2374 4977 2420 5008 ⁹³
2442 4975 2602 5033 Rom.
2639 4990 2715 5040 tv,
2742 4975 2830 5029 12.

431 5083 548 5159 (50)
586 5084 757 5159 Alias,
784 5105 802 5138 ι
841 5103 962 5142 cum
1009 5099 1118 5142 tam
1157 5089 1449 5158 vigilanter
1487 5104 1546 5142 ea
1570 5105 1690 5158 quae
1727 5091 1926 5157 scripta
2036 5088 2195 5144 ﬁdem
2217 5085 2527 5156 pertineant
2555 5103 2679 5159 quae
2706 5088 2759 5142 in
2785 5087 3047 5159 praeputio
3073 5087 3391 5158 justiﬁcavit
3431 5088 3581 5142 Abra-

363 5165 486 5240 suttt
509 5157 946 5237 deoAbrahatn...
977 5157 1550 5240 commendans-vulta
1588 5157 1745 5213 nobis
1796 5177 1928 5215 con-
2035 5159 2457 5240 batul‘Eﬁicitur
2493 5157 2624 5240 ergo
2651 5157 2932 5240 utriusque
2966 5157 3180 5229 generis
3214 5171 3386 5231 pater,
3428 5177 3448 5211 ι
3487 5170 3578 5212 etc.

362 5225 590 5280 siderari
608 5229 768 5281 etiam
803 5232 1092 5297 quomodo,
1122 5246 1141 5279 ι
1182 5237 1287 5284 etc.
1310 5229 1400 5289 Al.
1423 5230 1578 5286 deest
1609 5241 1665 5285 et
1711 5246 1731 5282 ι
1761 5245 1927 5285 enar-
2107 5229 2220 5297 (53)
2261 5229 2428 5294 Alias,
2464 5246 2483 5279 ι
2520 5225 2992 5284 (ιῖιοιιιιιοῑείὐιιίεῖ
3022 5249 3042 5282 ι

363 5305 484 5372 rut,“
498 5306 558 5372 et
583 5301 987 5372 commendans.
1023 5316 1042 5349 ι
1200 5371 1225 5372 ﬂ
1875 5370 1885 5372 _
2044 5371 2047 5372 ν
2109 5299 2222 5372 (54)
2262 5300 2425 5362 Editi,
2463 5317 2482 5350 ι
2512 5300 2564 5354 itl
2589 5310 2675 5354 est
2693 5299 3048 5370 signaculum,
3085 5319 3105 5352 ι
3132 5301 3345 5358 omissis
3377 5299 3454 5355 his
3474 5312 3575 5349 rer-

431 5366 544 5438 (5l)
585 5365 675 5422 Sic
707 5384 835 5422 mss.
893 5374 1098 5433 nostri;
1145 5371 1277 5424 edit.
1308 5386 1459 5431 Vero.
1499 5393 1517 5422 ι
1573 5380 1826 5426 utrumne
1874 5370 1926 5423 itt
2036 5365 2143 5429 bis.
2179 5365 2458 5438 (signum,
2498 5389 2517 5422 ι
2553 5379 2659 5425 ctc.

362 5440 624 5514 praeputio
647 5440 879 5494 Abt-alue
907 5441 1006 5496 ista
1033 5440 1178 5495 dicta
1204 5453 1368 5506 sunt,
1412 5457 1478 5494 an
1508 5456 1630 5495 cum
1663 5442 1927 5497 transiret
2110 5440 2224 5510 (55)
2275 5439 2426 5495 Alias
2458 5481 2473 5505 ,
2531 5459 2551 5493 ι
2590 5441 2663 5495 ita
2721 5442 2825 5495 erit
2868 5439 3038 5495 Filius
3075 5441 3307 5499 hominis
3340 5440 3390 5496 in
3421 5439 3569 5496 corde

384 5523 486 5567 am,
534 5527 552 5559 ι
587 5519 692 5562 etc.
2036 5519 2217 5567 terrae.
2254 5529 2273 5563 ι
2307 5519 2412 5565 etc.

355 5520 486 5572 ,Ιιηηι
534 5527 552 5559 θ
587 5520 692 5562 θιε-
2036 5520 2217 5578 terrae,
2254 5529 2273 5563 ι
2307 5520 2412 5565 etc.

433 5577 546 5646 (δί)
579 5578 803 5651 Sicutns.
829 5595 966 5635 unus
996 5578 1196 5648 Regius
1221 5596 1368 5634 num.
1397 5581 1556 5636 l6'59.
1583 5581 1773 5638 Cteteri
1801 5597 1928 5636 vero
2106 5581 2218 5651 (56)
2253 5581 2422 5651 Alias,
2455 5601 2471 5633 ι
2500 5581 2725 5646 iustitia:
2755 5581 2933 5646 ﬁdem
2967 5592 3073 5637 etc.

365 5660 493 5724 mss.
525 5649 760 5724 et_editi,
794 5667 814 5724 ι
847 5663 912 5724 _ut
936 5667 1030 5720 per
1056 5653 1159 5705 hoc
1191 5664 1344 5719 pater
1375 5654 1528 5705 ﬁeret
1557 5657 1923 5724 etlameorum
2109 5649 2249 5724 (δύ’)
2281 5650 2368 5708 1η.
2400 5654 2559 5709 Deest
2593 5654 2648 5708 in
2679 5655 2862 5710 editis.

362 5716 530 5780 quiin
555 5716 969 5778 circumcisione
1001 5716 1298 5776 nascuntur
1336 5739 1348 5774 :
1379 5723 1421 5778 si
1449 5732 1628 5779 tamen
1667 5721 1734 5778 ad
1780 5722 1926 5777 illam
