3684 6148
363 239 468 300 97!

1843 231 2168 292 ORIGENIS
3487 234 3571 290 972

438 365 494 420 4.
527 381 548 416 ι
587 361 646 418 Si
675 361 818 417 enim
846 356 938 430 qui
977 369 1043 410 ex
1074 354 1210 427 lege,
1255 354 1310 410 hi
1349 352 1463 427 (64)
1503 353 1744 410 Ιιαποάεε
1775 365 1901 411 sunt
1923 396 1941 423 ,
1970 361 2016 416 Α
2046 357 2121 409 tio
2149 352 2310 424 527
2359 353 2483 408 erit.
2520 371 2539 404 ι
2588 349 2952 420 Requiramns
2979 364 3108 420 ergo
3141 350 3218 406 ab
3242 349 3327 406 eis
3369 367 3384 404 :
3415 350 3466 406 Si
3499 357 3568 409 ubi

368 456 647 513 exinanita
678 463 763 508 est
789 453 944 518 ﬁdes,
975 464 1030 508 et
1059 457 1322 507 evacuata
1359 447 1471 519 (65)
1507 457 1592 502 cst
1627 447 1940 518 promissio.

371 553 482 608 Lex
521 549 666 604 enim
711 547 846 600 iram
877 553 1160 614 operatur.
1190 542 1290 599 Ubi
1323 553 1504 597 autem
1537 555 1641 594 non
1691 549 1774 594 est
1806 540 1886 594 lex
1919 579 1936 605 ,

373 659 472 699 nec
503 638 880 711 praevaricatio
904 635 950 688 ⁸.
989 654 1012 687 ι
1037 635 1124 698 Si,
1174 633 1391 704 inquit,
1423 647 1532 688 non
1565 646 1635 686 ex
1661 630 1782 702 lege
1812 647 1944 702 pro-

371 736 558 792 missio
589 734 713 788 data
746 741 830 786 est
867 729 1102 784 Abrahae
1129 737 1191 782 ut
1220 730 1393 782 haeres
1423 735 1568 782 esset
1597 727 1806 792 mundi,
1840 725 1934 781 sed

369 844 468 898 per
497 827 656 881 ﬁdem
698 838 817 893 qua:
844 823 896 878 ei
935 822 1001 877 ad
1024 821 1300 889 justitiam
1335 829 1583 890 reputata
1607 830 1712 886 est,
1742 833 1936 874 conse-

367 934 545 991 quens
569 918 687 972 sine
710 915 873 970 dubio
902 913 1026 979 erit,
1070 921 1129 966 ut
1171 921 1225 967 et
1249 927 1438 966 omnes
1467 911 1560 982 qui
1587 920 1807 982 sperant
1830 911 1934 966 sibi

370 1025 400 1063 a
439 1009 548 1062 Deo
573 1006 840 1077 justitiam
876 1003 1228 1072 reputandam
1259 1046 1275 1070 ,
1313 1019 1418 1057 non
1465 1018 1562 1072 per
1615 1003 1810 1073 legem,
1843 1001 1938 1057 sed

371 1116 470 1171 per
503 1099 662 1154 ﬁdem
696 1105 936 1165 sperent.
959 1094 1026 1148 Et
1049 1104 1108 1148 ut
1138 1095 1240 1150 hoc
1268 1095 1575 1149 evidentius
1598 1095 1938 1162 ostenderet,

369 1190 577 1246 addidit
615 1209 626 1244 :
661 1187 742 1255 Si,
775 1185 972 1256 inquit,
999 1187 1052 1240 hi
1089 1187 1180 1256 qui
1207 1201 1276 1241 ex
1307 1185 1423 1257 lege
1450 1196 1600 1251 sunt,
1625 1186 1725 1255 ipsi
1765 1187 1941 1240 luere-

370 1285 468 1338 des
504 1290 666 1336 erunt
690 1279 1130 1348 repromissionis
1165 1277 1311 1332 illius
1336 1293 1496 1348 quam
1522 1292 1618 1347 per
1649 1277 1808 1331 ﬁdem
1828 1291 1942 1330 me-

369 1375 481 1432 ruit
508 1372 806 1436 Abraham,
829 1371 1185 1426 evacuabitur
1221 1371 1352 1427 illud
1379 1371 1524 1441 quod
1553 1386 1621 1426 ex
1651 1370 1755 1424 ﬁde
1777 1370 1940 1441 justi-

372 1464 564 1519 ticatus
589 1473 672 1518 est
695 1463 1016 1516 Abraham:
1056 1476 1178 1516 cum
1226 1461 1412 1530 utique
1436 1461 1486 1516 si
1507 1476 1574 1516 ex
1613 1460 1733 1531 lege
1756 1459 1942 1516 futura

369 1565 516 1611 esset
539 1555 842 1620 haereditas,
865 1555 1171 1624 oportuerit
1200 1561 1255 1608 et
1282 1554 1554 1609 Abraham
1582 1554 1758 1625 legem
1789 1555 1948 1626 prius

2041 447 2124 501 lex
2172 455 2292 512 est,
2347 456 2402 499 et
2441 443 2823 514 praevaricatio
2871 442 2980 498 erit
3036 453 3392 511 transgressae
3439 443 3569 514 legis;

2039 553 2171 608 ergo
2197 546 2254 593 et
2281 538 2376 592 ubi
2408 537 2542 591 ﬁdes
2570 545 2651 591 est
2670 574 2685 598 ,
2737 545 3088 605 transgressa:
3116 534 3245 588 ﬁdei
3293 537 3568 604 pmvarica-

2041 632 2118 686 tio
2143 631 2272 686 erit.
2313 629 2370 685 Si
2407 629 2552 684 enim
2585 628 2973 697 praevaricator
2999 625 3233 681 efﬁcitur
3265 626 3357 692 qui
3379 626 3569 682 declinat

2039 737 2069 776 a
2093 721 2230 792 lege,
2273 721 2391 776 sine
2422 720 2586 774 dubio
2620 729 2674 772 et
2707 718 2794 772 ille
2820 719 3212 786 praevaricator
3244 717 3358 787 (7l)
3401 729 3473 772 est
3499 723 3570 788 qui

2037 817 2276 871 declinat
2306 830 2336 869 a
2363 813 2472 869 .ﬁde
2495 831 2510 868 :
2535 825 2592 868 et
2622 814 2668 868 si
2695 814 3123 883 praevaricationi
3157 812 3238 867 illi
3270 827 3389 881 qua:
3417 812 3461 866 in
3484 813 3571 883 lege

2038 919 2122 963 est
2150 907 2235 962 lex
2267 909 2380 976 ipsa
2415 906 2470 960 in
2497 920 2660 959 causa
2689 911 2795 972 est,
2826 905 2990 959 etiam
3021 905 3453 973 pmvaricatioui
3477 905 3570 958 huic

2039 1014 2160 1069 quae
2209 1000 2262 1052 in
2303 999 2406 1051 ﬁde
2443 1006 2527 1051 est
2575 997 2710 1052 ﬁdes
2759 998 2812 1051 in
2859 1010 3026 1051 causa
3075 1011 3201 1051 esse
3250 997 3492 1050 creditur.
3531 997 3576 1051 Si

2039 1105 2170 1144 vero
2215 1089 2326 1160 (72)
2376 1088 2673 1143 absurdum
2703 1098 2788 1142 est
2814 1088 2997 1142 dicere
3024 1087 3152 1158 quia
3187 1087 3328 1142 ﬁdes
3367 1087 3417 1141 in
3443 1101 3574 1142 causa

2039 1192 2123 1237 est
2153 1191 2211 1236 ut
2241 1182 2364 1252 quis
2395 1181 2785 1251 prmvaricetur
2821 1197 2849 1234 a
2883 1180 2986 1235 ﬁde
3006 1220 3026 1244 ,
3053 1188 3107 1235 et
3127 1181 3173 1236 si
3213 1197 3322 1235 non
3357 1183 3578 1236 accessis-

2040 1286 2126 1332 set
2158 1277 2226 1331 ad
2272 1275 2430 1328 ﬁdem
2460 1315 2476 1339 ,
2521 1277 2908 1346 praevaricator
2953 1273 3079 1329 ﬁdei
3125 1288 3235 1327 non
3291 1271 3494 1339 fuisset;
3522 1275 3579 1325 ita

2043 1369 2333 1423 absurdum
2359 1369 2463 1422 erit
2483 1367 2982 1438 praevaricationem
3013 1364 3149 1436 legis
3171 1379 3242 1418 ex
3281 1378 3350 1417 eo
3371 1365 3579 1430 accipere

2041 1455 2184 1523 quod
2233 1455 2534 1524 susceperit
2574 1456 2694 1526 quis
2747 1453 3150 1509 observantiam
3200 1452 3356 1524 legis.
3410 1452 3504 1506 Sed
3537 1465 3580 1506 et

2044 1548 2174 1602 illud
2205 1549 2469 1602 addamus
2508 1547 2642 1618 (75).
2683 1546 2823 1614 Quid
2866 1545 3052 1601 dicent
3100 1546 3264 1600 nobis
3309 1547 3374 1599 de
3407 1545 3481 1598 his
3508 1545 3579 1613 qui

370 1646 618 1718 implere,
661 1656 717 1700 et
753 1647 830 1701 ita
863 1646 1236 1702 baereditatem
1263 1646 1491 1717 iustitiae
1516 1647 1840 1716 promereri.
1876 1646 1944 1702 Et
1977 1714 1992 1718 Α
2044 1648 2176 1694 aute
2202 1640 2372 1710 legem
2409 1639 2576 1710 Moysi
2611 1639 2664 1692 in
2695 1637 3142 1708 praevaricatione
3172 1635 3304 1690 facti
3335 1635 3489 1689 sunt?
3533 1636 3577 1689 Si

373 1714 711 1796 ut'ostendat
740 1739 888 1796 nullo
914 1741 1076 1796 modo
1102 1740 1207 1794 hoc
1239 1714 1316 1794 ita
1361 1739 1474 1795 ﬁeri
1509 1714 1775 1810 potuisse,
1809 1738 1943 1794 dicit
1975 1714 2187 1786 "enim
2235 1730 2416 1785 nullus
2469 1739 2594 1785 ante
2653 1729 2870 1801 Moysen
2926 1729 3325 1799 praevaricator
3385 1729 3580 1790 exstitit,

373 1833 518 1903 quod
540 1831 626 1887 lex
662 1831 800 1886 iram
830 1840 1109 1902 operatur.
1155 1830 1259 1887 Ubi
1314 1841 1494 1886 autem
1529 1832 1611 1888 ira
1634 1839 1738 1896 est,
1769 1832 1946 1888 bere-

375 1925 519 1981 ditas
545 1939 653 1979 non
685 1935 804 1991 est;
827 1933 882 1978 et
909 1923 1154 1978 addidit:
1188 1940 1208 1974 ‹
1241 1921 1344 1979 Ubi
1373 1932 1552 1978 autem
1585 1939 1691 1979 non
1715 1935 1799 1980 est
1830 1923 1942 1990 lex,

376 2029 477 2072 nec
505 2016 906 2087 praevaricatio.
941 2036 962 2068 υ
999 2013 1106 2070 Sed
1139 2024 1455 2086 repetamus
1489 2016 1769 2086 paululum
1804 2016 1940 2090 (66),

371 2114 428 2162 et
459 2107 738 2161 videamus
760 2108 825 2162 de
859 2121 966 2176 qua
990 2107 1108 2178 lege
1136 2108 1237 2163 ista
1279 2109 1560 2163 dicantur.
1604 2109 1662 2164 In
1697 2111 1946 2180 superio-

373 2196 526 2251 ribus
557 2195 774 2265 quidem
821 2196 912 2250 ubi
961 2196 1116 2261 dicit,
1149 2213 1170 2248 ι
1210 2194 1268 2250 Si
1306 2197 1452 2252 enim
1503 2199 1592 2266 qui
1615 2213 1682 2254 ex
1717 2199 1858 2270 lege,
1889 2201 1942 2256 bi

374 2287 619 2342 bteredes
649 2297 798 2353 sunt,
830 2288 1111 2343 exinanita
1165 2296 1250 2343 est
1300 2288 1458 2355 ﬁdes,
1483 2299 1539 2344 et
1562 2302 1824 2346 evacuata
1858 2301 1946 2348 est

373 2379 687 2450 promissio,
726 2399 745 2433 ι
774 2390 953 2452 potest
988 2389 1047 2435 et
1075 2380 1142 2434 ad
1177 2380 1347 2451 Moysi
1384 2381 1579 2452 legem.
1613 2392 1669 2438 et
1691 2386 1758 2438 ad
1788 2394 1946 2438 natu-

375 2472 544 2526 ralem
576 2470 790 2527 referri.
837 2470 1060 2526 Certum
1112 2480 1202 2527 est
1247 2472 1394 2526 enim
1447 2471 1589 2541 quod
1637 2473 1682 2528 si
1735 2490 1802 2530 ex
1830 2473 1948 2545 lege

375 2563 544 2636 Moysi
563 2574 854 2637 praestatur
871 2563 1181 2630 haereditas,
1203 2576 1502 2620 evacuatur
1523 2566 1634 2637 (67)
1654 2565 1781 2621 illud
1802 2567 1946 2634 quod

374 2658 659 2726 scribitur,
687 2657 962 2712 Abraham
995 2655 1118 2711 ﬁdei
1152 2657 1478 2713 credulitate
1509 2658 1774 2714 meruisse
1795 2658 1946 2728 (68):

373 2761 432 2807 et
454 2765 669 2806 rursum
709 2750 755 2806 si
788 2752 858 2806 ad
902 2750 1209 2806 naturalem
1257 2748 1428 2819 legem
1461 2758 1822 2805 convertatur
1861 2750 1949 2803 iu-

374 2842 697 2914 telligentia,
725 2843 840 2896 haec
866 2840 973 2898 dici
1005 2850 1235 2912 possunt
1288 2840 1400 2914 (69)
1425 2857 1441 2896 :
1470 2841 1530 2897 Si
1569 2842 1815 2898 sullicere
1855 2858 1950 2912 po-

375 2933 570 2989 tuisset
595 2932 681 2990 lex
727 2934 990 2988 naturalis
1015 2933 1083 2988 ad
1128 2931 1290 2988 ﬁdem
1319 2974 1340 3000 ,
1374 2931 1708 3002 superﬂuum
1736 2933 1949 2988 videre-

2044 1839 2207 1880 nemo
2233 1823 2628 1879 condemnatus
2660 1833 2765 1888 est,
2801 1837 2960 1876 nemo
2986 1821 3234 1892 punitus.
3272 1818 3410 1886 Quid
3433 1821 3576 1874 dicent

2042 1917 2111 1972 de
2141 1915 2478 1970 Sodomitis?
2525 1915 2653 1985 quid
2701 1915 2767 1968 de
2798 1917 2881 1970 his
2903 1916 2992 1986 qui
3023 1915 3075 1970 in
3120 1915 3331 1971 diluvio
3359 1915 3576 1970 condem-

2043 2009 2155 2064 nati
2215 2010 2380 2063 sunt?
2435 2007 2563 2078 quid
2609 2008 2677 2064 de
2717 2008 2894 2064 Caiu‘l
2947 2009 3076 2079 quid
3123 2009 3194 2063 de
3241 2008 3363 2078 ipso
3401 2009 3579 2063 Adam?

2045 2101 2176 2171 quid
2204 2102 2270 2155 de
2295 2101 2404 2156 Eva
2436 2101 2860 2171 respondebunt,
2893 2101 2960 2156 de
2986 2115 3097 2170 qua
3120 2100 3416 2170 Apostolus
3439 2100 3573 2154 dicit:

2049 2215 2070 2247 ι
2120 2195 2312 2250 Mulier
2361 2203 2540 2248 autem
2604 2195 2825 2249 seducta
2873 2195 2928 2248 in
2978 2194 3420 2264 praevaricatione
3465 2193 3574 2248 facta

2044 2296 2128 2342 est
2160 2286 2241 2340 ὀἳ
2283 2305 2302 2338 ι
2347 2286 2404 2340 Si
2435 2285 2553 2341 sine
2593 2284 2712 2352 lege
2757 2283 2924 2355 Moysi
2971 2300 3076 2338 non
3103 2295 3188 2338 est
3218 2283 3579 2354 praevaricatio,

2046 2379 2190 2432 unde
2222 2377 2430 2440 Adam,
2475 2377 2618 2430 unde
2645 2375 2755 2428 Eva
2788 2376 3239 2445 prmvaricatores
3271 2375 3339 2429 ab
3364 2375 3579 2445 Apostolo

2046 2469 2438 2525 nominantur!
2471 2469 2696 2532 Verum,
2716 2477 2774 2522 ut
2796 2468 2960 2521 etiam
2993 2469 3049 2522 in
3083 2467 3449 2537 superioribus
3470 2481 3578 2533 saepe

2041 2561 2152 2631 jam
2202 2561 2474 2628 diximus,
2509 2559 2754 2614 diversas
2785 2559 2840 2612 in
2874 2559 2977 2614 hac
3019 2557 3264 2630 Epistola
3306 2559 3444 2629 leges
3468 2558 3578 2625 Apo-

2047 2655 2222 2711 stolus
2266 2653 2594 2719 introducit,
2629 2663 2686 2707 et
2725 2668 2866 2707 nunc
2895 2651 2962 2706 de
3004 2652 3122 2722 lege
3151 2652 3327 2723 Moysi
3360 2652 3576 2720 loquitur,

2049 2759 2194 2800 nunc
2228 2743 2400 2815 legem
2443 2742 2568 2798 ﬁdei
2615 2741 2881 2806 nominat,
2917 2742 3059 2797 sicut
3089 2758 3214 2798 cum
3246 2744 3418 2798 dicit:
3448 2761 3465 2792 ι
3500 2741 3574 2796 Ubi

2050 2850 2133 2892 est
2158 2851 2286 2905 ergo
2311 2835 2564 2906 gloriatio
2593 2842 2682 2887 tua
2707 2834 2730 2887 Ἰ
2781 2834 3014 2889 Exelusa
3041 2844 3146 2889 est.
3202 2833 3312 2890 Per
3347 2850 3490 2904 quam
3517 2834 3574 2886 le-

2049 2929 2211 3000 gem?
2243 2929 2520 2999 Operum?
2558 2932 2712 3000 Non;
2747 2937 2838 2989 sed
2871 2951 2965 3005 per
2989 2937 3163 3006 legem
3197 2937 3324 2992 ﬁdei
3356 2937 3418 2990 ¹¹.
3451 2955 3469 2988 ›
3512 2935 3578 2989 Ιη-

376 3035 466 3082 tur
484 3025 628 3121 quod
674 3025 985 3121 dictuttrest
1027 3013 1094 3080 ad
1137 3025 1455 3121 Abraham:
1497 3042 1518 3076 ε
1552 3025 1652 3079 Exi
1671 3026 1751 3121 de
1798 3035 1944 3121 terra
1973 3063 2016 3121 Ο
2051 3021 2482 3121 ducitpraterea
2504 3034 2568 3121 et
2593 3025 2920 3121 ali—asleges,
2939 3029 3005 3083 de
3029 3031 3236 3100 quibus
3253 3030 3380 3085 dicit
3403 3047 3418 3083 :
3445 3026 3577 3082 (Con—

376 3129 492 3187 tua,
514 3127 570 3172 et
597 3118 664 3173 de
684 3118 1008 3187 cognatione
1031 3126 1144 3180 tua,
1187 3127 1243 3172 et
1267 3116 1336 3172 de
1362 3117 1521 3171 domo
1543 3119 1716 3186 patris
1741 3118 1839 3184 tui,
1893 3129 1949 3172 et
1977 3108 2016 3121 ’⁸
2051 3112 2295 3170 delector
2327 3108 2471 3170 énim
2503 3117 2608 3188 legi
2650 3117 2746 3173 Dei
2775 3122 3075 3184 secundum
3105 3121 3412 3177 interiorem
3442 3121 3571 3175 homi-

373 3211 499 3265 veni
541 3211 596 3264 in
639 3219 844 3266 terram
895 3224 1059 3279 quam
1105 3209 1398 3264 ostendero
1451 3209 1548 3264 tibi
1577 3211 1621 3264 θ.
1680 3228 1702 3263 ›
1748 3209 1949 3280 Ulquid
2053 3219 2175 3258 nem
2208 3222 2222 3258 :
2259 3206 2416 3262 video
2447 3216 2626 3263 autem
2669 3208 2830 3263 aliam
2865 3210 3036 3281 legem
3077 3211 3132 3267 in
3176 3213 3431 3267 membris
3453 3211 3574 3278 meis,

374 3303 522 3356 enim
551 3302 726 3358 exiret
753 3302 818 3358 de
851 3311 998 3358 terra
1022 3317 1144 3368 sua,
1167 3302 1313 3357 etde
1347 3305 1508 3358 domo
1543 3317 1663 3370 sua,
1694 3303 1740 3358 si
1787 3303 1837 3358 ei
1861 3303 1950 3358 lex
2051 3310 2442 3367 repugnantem
2477 3299 2582 3368 legi
2615 3301 2810 3356 ιηεηιίε
2839 3318 2994 3369 mea.
3027 3314 3083 3358 ei
3105 3306 3375 3374 capiin
3401 3318 3472 3357 me
3496 3302 3571 3355 δυ’

378 3392 654 3450 sulliceret
684 3395 974 3460 naturalis,
1003 3410 1166 3466 quam
1193 3397 1385 3464 utique
1413 3396 1542 3449 etin
1566 3403 1710 3450 terra
1737 3409 1835 3451 sua
1849 3410 1951 3464 po-

2069 3398 2264 3442 :entem
2298 3388 2350 3442 in
2383 3391 2499 3460 lege
2529 3394 2736 3462 peccati
2781 3395 2860 3459 ";
2896 3412 2916 3445 ›
2954 3403 3010 3449 et
3056 3395 3129 3450 ita
3172 3396 3241 3450 de
3269 3411 3370 3448 una
3393 3393 3452 3447 ad
3475 3391 3574 3444 alle-

377 3483 517 3540 situs
539 3484 737 3539 habere
761 3493 816 3538 et
842 3485 1119 3541 custodire
1167 3487 1479 3556 potuisset?
1505 3486 1610 3542 Sed
1636 3503 1779 3543 nunc
1803 3488 1952 3543 velut
2053 3495 2171 3534 ram
2221 3481 2396 3550 legem
2434 3489 2662 3551 transit,
2703 3495 2762 3541 ut
2806 3487 2910 3541 nisi
2951 3501 3146 3542 sensus
3193 3485 3417 3564 vigilans
3442 3493 3488 3540 et
3513 3484 3571 3535 iu-

378 3578 470 3634 illa
499 3579 678 3633 minus
708 3577 1013 3634 sufﬁciente
1037 3578 1263 3648 jubetur
1294 3580 1463 3651 legem
1487 3579 1610 3635 ﬁdei
1634 3580 1954 3650 sequi,sine
2055 3580 2236 3628 ῑθηῑυε
2269 3574 2340 3628 Sil
2362 3615 2380 3640 ο
2418 3576 2825 3646 deprehendere
2863 3596 2994 3636 eum
3023 3590 3078 3634 el
3114 3582 3272 3651 δθίιυί
3317 3581 3398 3635 ViX
3422 3576 3573 3650 Ρ⁰⁵⁵ίιο

377 3685 482 3741 qua
512 3669 624 3744 (70)
647 3685 747 3724 nec
771 3671 942 3727 haeres
970 3685 1092 3727 esse
1114 3671 1298 3726 mundi
1318 3672 1432 3742 ipse
1453 3670 1538 3726 vel
1563 3685 1750 3727 semen
1769 3687 1956 3739 suum,
2059 3663 2357 3722 Videndum
2387 3678 2471 3724 est
2490 3685 2621 3740 ergo
2643 3687 2712 3726 ne
2734 3671 2873 3728 forte
2893 3672 2983 3727 illa
3013 3673 3100 3727 lex
3124 3689 3246 3743 quae
3268 3684 3350 3730 est
3374 3673 3423 3729 in
3443 3686 3570 3727 ment-

379 3777 481 3817 nec
507 3763 714 3817 amicus
737 3761 830 3817 Dei
861 3771 1076 3832 poterat
1090 3762 1351 3834 appellari
1379 3780 1398 3817 :
1422 3763 1504 3819 sic
1523 3778 1656 3834 ergo
1682 3774 1860 3835 potest
1884 3766 1954 3820 ab
2055 3762 2174 3818 bris
2200 3765 2401 3820 nostris
2432 3763 2569 3834 (74),
2606 3775 2661 3821 et
2691 3767 2940 3836 captivos
2966 3782 3066 3822 nos
3094 3769 3244 3824 ducit
3277 3770 3332 3824 in
3357 3768 3459 3838 lege
3479 3778 3572 3834 pec-

379 3863 612 3924 utraque
640 3854 758 3925 lege
791 3855 1132 3910 subtractum
1186 3856 1253 3910 ad
1294 3856 1464 3910 solam
1507 3857 1630 3912 ﬁdei
1664 3857 1836 3928 legem
1869 3873 1956 3913 re-
2054 3854 2200 3918 cati,
2249 3855 2364 3924 ipsa
2401 3854 2476 3909 sit
2517 3857 2602 3910 lex
2645 3871 2806 3926 quam
2839 3855 3131 3922 Apostolus
3160 3857 3299 3913 iram
3327 3857 3443 3914 dicit
3474 3869 3571 3923 ope.

377 3947 592 4014 spicere
613 3947 757 4016 quod
790 3948 957 4003 dicit:
995 3964 1016 3999 ι
1055 3947 1111 4002 Si
1147 3948 1292 4003 enim
1323 3949 1412 4019 qui
1441 3963 1510 4003 ex
1542 3948 1682 4020 lege,
1737 3950 1790 4004 bi
1852 3950 1957 4005 lue-
2056 3948 2190 4002 rari.
2231 3948 2503 4018 Operatur
2530 3949 2679 4002 enim
2712 3951 2831 4005 siue
2853 3949 3020 4005 dubio
3058 3951 3197 4005 iram
3222 3953 3312 4017 ei,
3337 3963 3475 4020 quem
3499 3961 3569 3998 ca-

380 4038 538 4094 redes
562 4044 708 4103 sunt,
746 4038 1027 4092 exinanita
1054 4046 1140 4094 est
1174 4037 1328 4105 ﬁdes,
1357 4049 1410 4094 et
1430 4050 1688 4095 evacuata
1721 4049 1806 4095 est
1828 4056 1958 4110 pro-
2054 4044 2262 4110 ptivum
2297 4041 2515 4096 duxerit
2547 4043 2600 4096 in
2636 4041 2752 4112 lege
2783 4048 3016 4114 peccati.
3074 4043 3176 4100 Ubi
3207 4055 3384 4098 autem
3407 4042 3476 4096 lex
3495 4039 3568 4091 ista

381 4129 591 4182 missio.
617 4147 637 4179 ι
660 4126 780 4182 Jam
821 4144 952 4184 vero
977 4131 1028 4185 in
1063 4130 1167 4185 boc
1190 4131 1306 4187 loco
1329 4133 1588 4198 uhidicit,
1621 4155 1639 4186 ι
1676 4133 1786 4188 Lex
1810 4135 1958 4189 enim
2057 4149 2164 4189 non
2211 4133 2412 4200 fuerit,
2440 4145 2651 4190 certum
2700 4144 2786 4190 est
2824 4137 2968 4206 quod
3015 4136 3087 4190 ibi
3120 4151 3219 4191 uec
3249 4131 3570 4207 praevaricatio

382 4221 519 4273 iram
550 4228 826 4289 operatur,
863 4239 884 4274 ι
917 4221 1562 4291 diligentiusiutuendum
1589 4235 1673 4280 est
1702 4227 1770 4280 ad
1793 4242 1956 4296 quam
2059 4227 2185 4282 erit.
2227 4228 2329 4295 Qui
2359 4243 2486 4282 vero
2519 4228 2620 4283 sub
2657 4228 2763 4282 ista
2804 4227 2921 4298 lege
2946 4228 3188 4296 fuerint,
3233 4232 3570 4295 consequenter

382 4308 554 4379 legem
589 4311 868 4379 respicere
902 4315 1149 4369 videatur
1177 4315 1269 4369 hic
1299 4331 1481 4370 sermo
1506 4334 1522 4384 ;
1550 4317 1643 4372 sed
1671 4325 1724 4371 et
1752 4317 1840 4373 ille
1865 4318 1957 4388 qui
2060 4333 2160 4374 nec
2187 4319 2427 4374 haaredes
2453 4327 2640 4374 erunt.
2698 4319 2852 4387 Quod
2883 4329 2936 4375 et
2958 4320 3001 4374 si
3038 4321 3105 4375 de
3137 4321 3253 4391 lege
3283 4319 3433 4392 Moysi
3459 4329 3570 4370 com-

381 4405 649 4472 sequitur,
687 4423 708 4457 ι
754 4405 856 4461 Ubi
887 4410 1033 4462 enim
1065 4424 1171 4463 non
1201 4418 1287 4463 est
1340 4409 1450 4475 lex,
1481 4425 1585 4465 nec
1625 4410 1955 4479 praevarica-
1989 4409 2033 4466 D
2065 4413 2362 4464 memorari
2395 4412 2517 4480 quis
2545 4411 2699 4476 velit,
2738 4421 2792 4464 et
2819 4409 3002 4466 dicere
3027 4415 3152 4480 quia
3186 4415 3322 4467 iram
3349 4415 3563 4481 cperatur.

386 4498 512 4551 tio.»
541 4498 647 4553 Sed
665 4499 1755 4570 priusquamanobispleniorexplanatio
1777 4501 1957 4570 requi-
2060 4518 2162 4574 pro
2202 4517 2268 4557 eo
2313 4502 2563 4558 fortassis
2606 4503 2726 4558 solo
2771 4503 2876 4558 hoc
2923 4505 3127 4573 poterit
3177 4505 3427 4560 aliirmare
3463 4498 3567 4572 quod

385 4591 643 4656 ratur,ad
665 4591 752 4644 illa
771 4592 1008 4647 breviter
1027 4593 1474 4660 respondeamus,
1493 4607 1616 4661 quae
1637 4593 1705 4647 de
1719 4593 1823 4648 boc
1838 4593 1957 4649 loco
2062 4601 2374 4664 peccantem
2403 4594 2454 4648 in
2485 4608 2546 4648 se
2572 4594 2685 4664 (75)
2710 4606 2807 4648 aut
2836 4595 3063 4664 lapidari
3087 4598 3362 4663 continuo,
3389 4602 3465 4648 aut
3483 4606 3565 4644 cre-

387 4681 628 4736 bazretici
653 4684 808 4738 nobis
828 4683 1002 4738 solent
1025 4683 1344 4738 obtendere.
1375 4683 1544 4738 Aiunt
1560 4685 1734 4738 enim:
1768 4704 1787 4737 ς
1819 4685 1957 4742 Ecce
2065 4686 2202 4740 mari
2252 4687 2465 4756 ignibus
2504 4686 2698 4754 jubet,
2731 4687 2816 4742 vel
2859 4687 2906 4742 si
2938 4687 3080 4756 quod
3113 4687 3258 4742 aliud
3286 4683 3566 4758 peccantibus

390 4772 660 4841 quomodo
687 4775 974 4843 Apostolus
1003 4775 1136 4829 dicit
1166 4776 1291 4845 quia
1334 4776 1420 4830 lex
1454 4775 1628 4848 Moysi
1659 4779 1796 4831 iram
1823 4793 1957 4848 ope-
2064 4778 2378 4834 decernitur
2427 4779 2479 4832 in
2523 4779 2641 4850 lege
2673 4778 2996 4848 supplicium
3047 4796 3064 4834 :
3102 4788 3161 4834 ut
3186 4795 3342 4851 pteua
3367 4780 3462 4849 ipsa
3481 4784 3565 4841 qua?

388 4874 574 4931 ratur,
601 4865 833 4922 ubivero
854 4866 937 4922 lex
959 4868 1050 4923 illa
1074 4884 1179 4922 non
1201 4869 1388 4934 fuerit,
1414 4869 1484 4925 ibi
1511 4885 1612 4924 nec
1632 4873 1960 4938 praavarica-
2067 4871 2314 4941 peccauti
2347 4870 2576 4926 infertur
2609 4887 2678 4926 ex
2713 4872 2858 4941 lege,
2887 4873 2966 4926 ira
2999 4889 3144 4928 nunc
3167 4875 3236 4928 ab
3257 4868 3564 4943 Apostolono'

459 5033 483 5066 ⁸
513 5031 669 5087 Rom.
707 5047 782 5096 tv,
839 5032 902 5086 l4
925 5070 944 5101 ,
988 5033 1077 5088 l5.
1149 5035 1174 5066 ⁴³
1207 5033 1345 5090 Gen.
1379 5051 1481 5105 xtl,
1516 5040 1573 5095 Ι.
1643 5036 1687 5068 ⁸⁸
1720 5035 1743 5092 l
1771 5036 1912 5093 Tim.
1947 5054 1960 5094 ι

2078 5038 2134 5093 .t.
2218 4997 2273 5070 ἰι
2307 5037 2466 5092 Rom.
2501 5038 2706 5100 "1.27.
2807 5040 2850 5072 ιι
2886 5039 3046 5097 Rom.
3073 5039 3284 5106 mea,
3315 5038 3397 5094 es.

457 5185 573 5258 (6i)
607 5182 700 5258 gi.
739 5183 904 5238 Deest
936 5185 989 5240 in
1025 5195 1182 5258 antea
1214 5189 1396 5244 editis.

486 5253 575 5322 65)
603 5253 964 5311 Etevacuatu.
995 5257 1081 5310 Al.
1118 5275 1136 5308 t
1171 5268 1227 5312 et
1257 5260 1482 5317 abolita.
1515 5281 1536 5315 ι

487 5327 576 5395 66)
601 5325 788 5397 Alias,
823 5343 842 5376 t
874 5326 978 5380 Sed
1014 5337 1323 5397 repetamus
1347 5330 1594 5388 Paulum.
1637 5351 1658 5386 a

434 5395 581 5465 .(67)
609 5395 754 5465 Etliti
787 5412 802 5448 :
838 5414 856 5446 ι
904 5405 962 5450 ut
987 5395 1300 5452 evacuetur.
1330 5417 1350 5451 ›

463 5464 576 5536 (68)
604 5464 704 5538 Ms.
737 5479 916 5520 unus:
950 5484 970 5519 ι
1010 5481 1109 5538 per
1145 5468 1269 5523 ﬁdei
1314 5471 1690 5528 credulitatem
1733 5474 1960 5532 meruis-

395 5552 488 5607 se;
539 5556 557 5587 ι
595 5537 665 5589 al.
701 5538 852 5607 deest
885 5554 904 5588 ι
941 5537 1056 5607 per.
1099 5557 1118 5590 ι

470 5606 584 5682 (:39)
617 5606 758 5682 Editi
793 5625 805 5660 :
849 5624 868 5656 ί
892 5606 1248 5682 intelligentia
1282 5609 1418 5682 lucc,
1448 5611 1558 5682 dici
1590 5623 1786 5682 potest.
1825 5632 1847 5668 ι

465 5677 579 5745 (70)
613 5674 736 5730 Sine
765 5693 888 5745 qua.
915 5674 1094 5746 Ειιὶιὶξ
1110 5697 1130 5732 t
1167 5680 1346 5752 quasi,
1381 5674 1412 5733 ιθ
1441 5674 1602 5739 male.

2143 5192 2256 5269 (Π)
2296 5193 2518 5269 Edili.__t
2551 5195 2912 5269 qvideclinat
2943 5211 2973 5250 a
3005 5196 3130 5262 ﬁde,
3161 5207 3217 5252 et
3244 5199 3289 5253 si
3318 5192 3559 5269 praevarica-

2069 5263 2284 5340 tioui,_'_r
2311 5275 2416 5318 etc.
2459 5263 2622 5340 Multa
2653 5267 2834 5335 itaque
2855 5269 3056 5322 omissa
3083 5280 3242 5324 erant
3263 5263 3374 5340 qua:
3393 5281 3447 5321 ex
3469 5274 3559 5315 IN-

2067 5335 2351 5389 codicibus
2382 5337 2761 5389 restituuntur.

2139 5403 2253 5474 (72)
2291 5404 2460 5468 Alias,
2501 5424 2520 5455 ς
2557 5406 2714 5460 Sicut
2746 5422 2896 5461 vero.
2928 5426 2950 5460 ι

2137 5471 2252 5546 (75)
2287 5477 2472 5545 Alias,
2514 5493 2535 5528 ί
2572 5475 2642 5529 Et
2689 5477 2821 5532 ill'ttd
2863 5478 3146 5548 addimus;
3184 5499 3204 5534 ι
3256 5481 3355 5547 aL,
3389 5495 3406 5530 ι
3443 5471 3557 5528 πάθ’

2067 5561 2210 5601 lllllS.
2248 5564 2266 5597 ι

2141 5615 2254 5684 (74)
2293 5616 2459 5680 Alias,
2498 5636 2517 5669 ι
2549 5616 2705 5672 meis.
2739 5636 2758 5668 ι

2139 5685 2254 5756 (75)
2284 5687 2466 5758 Alias,
2501 5705 2522 5739 ι
2554 5698 2870 5759 peccantem
2904 5704 2985 5747 se.
3019 5708 3040 5744 ι
3152 5757 3159 5761 ξ
