3684 6148
11 255 183 310 Βῗδ
1062 253 1414 311 COMMENT.
1450 253 1516 308 IN
1549 253 1653 310 ΕΡΙ

1845 255 1890 306 D
1924 253 2090 311 ltOM.
2124 255 2249 310 LIB.
2284 255 2371 312 LV.
3242 265 3348 321 974

11 373 306 424 ruinata
337 369 612 425 videatur.
659 370 926 428 Similiter
951 383 1008 429 et
1038 373 1106 428 de
1127 373 1594 443 praevaricatione,
1623 381 1679 427 ut
1707 379 1755 435 Α
1783 374 1940 442 pulus
1985 375 2094 430 Deo
2114 414 2128 439 ,
2183 386 2238 430 ct
2282 375 2452 445 Moysi
2499 376 2700 433 famulo
2745 379 2860 445 eius
2895 381 2972 449 “;
3011 401 3032 436 ο
3055 394 3120 439 et
3148 385 3347 445 iterum

11 480 192 518 non
252 477 487 518 omnem
538 461 1047 532 praevaricationem
1101 467 1426 537 generaliter
1473 468 1525 523 in
1574 467 1679 522 hoc
1785 465 2117 523 Dominusin
2146 463 2437 540 Evangelia
2465 471 2654 527 dicat:
2693 491 2712 524 ‹
2743 473 2799 528 Si
2825 478 3122 534 crederetis
3153 479 3346 553 Moysi.

17 554 213 609 loco
239 556 503 610 adstruat
532 556 874 626 appellatam,
906 559 1000 613 sed
1043 558 1160 624 ejus
1180 561 1272 628 qui
1303 561 1356 614 iu
1388 560 1507 630 lege
1535 559 1682 630 posi-

13 653 175 699 lus
227 646 542 716 deliquerit
588 663 604 703 :
643 658 700 701 ut
730 649 950 719 gravius
979 649 1234 705 delictum
1276 650 1525 705 videatur
1564 651 1680 720 ejus

20 737 179 800 qui
237 753 344 806 per
382 738 554 808 legem
591 740 894 809 prohibitus
937 752 1126 811 peccat
1169 740 1320 811 (76),
1364 757 1526 814 quam
1565 743 1682 810 ejus

20 830 184 895 qui
246 828 402 882 nulla
452 830 616 885 fuerit
650 831 767 899 lege
809 833 1194 888 commonitus.
1233 832 1338 888 Sed
1366 834 1571 888 etillud
1601 835 1680 886 vi-

30 920 344 975 demtum
378 928 486 986 est,
517 922 644 990 quia
671 939 776 978 non
811 923 950 978 dixit
976 922 1268 992 Apostolus
1295 925 1438 993 quod
1468 925 1557 980 ubi
1592 925 1680 980 lex

31 1010 292 1074 fuerit,
322 1011 398 1066 ibi
424 1020 480 1066 et
504 1013 897 1079 praevaricatio,
916 1015 1011 1069 sed
1040 1014 1114 1069 ait
1145 1031 1158 1067 :
1195 1033 1213 1066 ‹
1238 1011 1340 1070 Ubi
1367 1029 1546 1071 autem
1574 1030 1678 1070 non

35 1110 180 1154 est.
213 1100 334 1162 lex.
368 1117 471 1157 nec
493 1104 873 1172 pmvaricatio
893 1103 957 1158 ³⁸.
992 1123 1012 1156 ›
1053 1103 1110 1158 ln
1137 1119 1244 1174 quo
1269 1105 1506 1160 ostendit
1536 1107 1679 1175 quod

41 1195 487 1260 praevaricatio
525 1195 742 1265 quidem
789 1211 912 1252 esse
938 1197 1161 1253 omnino
1190 1212 1296 1253 non
1328 1198 1537 1267 possit,
1575 1197 1677 1252 nisi

35 1283 174 1336 \ex
213 1284 418 1351 fuerit;
453 1300 560 1340 non
595 1293 773 1340 tamen
806 1286 854 1342 si
878 1285 962 1342 lex
995 1285 1084 1352 sit,
1113 1285 1260 1340 omni
1291 1302 1492 1357 genere
1517 1288 1677 1342 etiam

44 1376 492 1443 praevaricatio
533 1375 658 1432 erit.
719 1375 902 1432 Potest
931 1378 1077 1432 enim
1109 1377 1226 1433 ﬁeri
1272 1388 1332 1432 ut
1373 1379 1444 1434 sit
1473 1379 1592 1444 lex,
1625 1387 1680 1435 et

48 1464 489 1533 praevaricatio
536 1480 644 1520 non
690 1465 760 1520 sit
805 1481 960 1523 :non
1007 1476 1182 1536 potest
1231 1477 1407 1522 tamen
1457 1466 1571 1522 ﬁeri
1619 1478 1680 1524 ut

51 1555 488 1623 pra-varicatio
515 1556 622 1622 sit,
657 1555 748 1612 ubi
793 1556 877 1612 lex
910 1573 1016 1613 non
1049 1570 1155 1614 est.
1193 1558 1326 1614 Nam
1354 1569 1408 1614 et
1436 1560 1480 1614 si
1513 1559 1676 1631 Moysi

51 1649 280 1718 tegem
316 1636 634 1720 ponamus,
660 1665 766 1703 non
814 1650 1071 1704 continuo
1096 1649 1208 1723 (77)
1240 1667 1430 1707 omnes
1453 1653 1544 1722 qui
1577 1651 1677 1708 sub

1779 559 2077 616 crederetis
2124 562 2310 631 utique
2358 570 2413 618 et
2457 562 2587 618 mihi
2641 578 2658 619 :
2704 567 2772 621 de
2799 584 2884 623 me
2912 570 3056 624 enim
3088 572 3177 627 ille
3211 577 3350 629 scri-

1781 650 1887 720 psit
1915 650 1977 705 ¹⁷.
2011 671 2029 704 ι
2062 650 2344 708 Videbitur
2363 653 2509 710 enim
2541 656 2683 712 sicut
2703 661 2769 712 de
2789 674 2847 715 se
2867 660 3026 728 dixit,
3051 665 3177 731 quia
3209 685 3228 717 ι
3253 669 3349 736 qui

1779 743 1950 798 credit
1982 745 2032 798 in
2074 760 2192 810 me,
2219 747 2392 802 credit
2425 757 2479 803 et
2527 751 2578 804 in
2631 763 2755 805 eum
2788 753 2879 822 qui
2910 754 3055 809 misit
3087 772 3171 810 me
3204 758 3246 790 ³⁸
3267 799 3280 821 ,
3319 779 3340 811 ι

1782 833 1855 887 ita
1884 843 1938 890 et
1964 836 2028 889 de
2061 835 2243 910 Moyse
2273 837 2473 904 dicere,
2506 841 2648 909 quod
2686 861 2705 893 ‹
2736 843 2780 900 si
2820 845 3119 903 crederetis
3148 847 3341 920 Moysi,

1780 923 2076 980 crederetis
2131 925 2316 996 utique
2359 937 2416 982 et
2447 929 2600 983 mihi.
2645 949 2664 982 ο
2709 931 2791 985 Ad
2819 933 2962 1002 quod
2995 939 3346 1004 respondebi-

1780 1028 1920 1076 mus,
1951 1013 2077 1082 quia
2111 1013 2240 1068 illud
2272 1017 2413 1084 quod
2441 1017 2644 1072 dictum
2672 1028 2754 1075 est
2786 1020 2839 1076 iu
2875 1022 3088 1078 deserto
3111 1066 3126 1091 ,
3167 1044 3187 1078 ι
3214 1027 3345 1084 Cre-

1779 1103 1916 1158 didit
1942 1105 2170 1175 p0pulus
2201 1104 2332 1173 Deo,
2367 1117 2420 1162 et
2447 1107 2616 1181 Moysi
2646 1110 2845 1168 famulo
2878 1113 3012 1182 ejus,
3047 1135 3065 1165 ι
3103 1121 3344 1173 narratio

1779 1203 1900 1260 est,
1948 1212 2052 1264 qua
2099 1199 2403 1253 ostenditur
2449 1198 2591 1269 quod
2627 1217 2720 1271 per
2749 1203 3118 1260 ministerium
3172 1207 3342 1280 Moysi

1777 1299 1888 1353 quo
1931 1286 2079 1356 signa
2110 1295 2162 1342 et
2189 1287 2457 1343 mirabilia
2495 1291 2859 1359 ministravit,
2890 1296 3120 1366 populus
3161 1301 3340 1356 credi-

1779 1377 1857 1431 dit
1900 1378 2007 1432 Deo
2041 1395 2056 1433 :
2096 1379 2146 1432 in
2193 1379 2296 1435 hoc
2339 1383 2506 1438 verbo
2553 1385 2641 1439 ubi
2693 1385 2856 1456 dicit,
2898 1406 2917 1440 ε
2950 1388 3010 1446 Si
3048 1392 3341 1450 crederetis

1778 1465 1971 1538 Moysi,
2004 1469 2298 1526 crederetis
2339 1473 2523 1542 utique
2551 1483 2604 1530 et
2632 1473 2786 1543 mihi,
2820 1495 2840 1530 ι
2893 1481 3073 1550 arguit
3106 1481 3338 1538 inﬁdeli-

1782 1565 1944 1614 tatem
1973 1574 2162 1614 eorum
2190 1563 2283 1631 qui
2320 1562 2446 1617 dum
2477 1566 2580 1621 sibi
2613 1583 2717 1622 non
2764 1569 3014 1639 credunt,
3047 1577 3342 1632 ostendunt

1778 1664 1836 1704 se
1868 1665 1972 1706 nec
2011 1651 2182 1723 Moysi
2226 1652 2424 1711 litteris
2450 1658 2673 1714 credere
2706 1660 2759 1714 in
2790 1661 2984 1730 quibus
3016 1664 3082 1720 de
3107 1667 3336 1722 adventu

59 1739 277 1812 Moysi
313 1741 426 1811 lege
455 1741 730 1805 vixerunt,
763 1741 816 1795 in
846 1744 1292 1811 praevaricatione
1337 1743 1463 1799 lacti
1495 1751 1623 1797 sunt
1657 1761 1671 1797 :
1707 1732 1747 1788 Β
1776 1738 1976 1794 Christi
2003 1743 2302 1812 prophetali
2336 1760 2590 1804 sermone
2612 1753 3060 1821 comprehensum
3086 1766 3168 1812 est
3195 1775 3210 1812 :
3247 1759 3337 1814 ubi

63 1833 352 1901 alioquin
383 1832 541 1886 simul
575 1841 629 1885 et
651 1833 984 1902 prophetas,
1020 1842 1075 1887 et
1097 1848 1288 1891 omnes
1321 1831 1498 1901 iustos
1524 1833 1672 1887 vide-

65 1939 228 1978 mur
260 1922 538 1978 involvere
562 1940 576 1977 :
602 1923 704 1978 nisi
729 1922 869 1978 forte
896 1925 1041 1978 dicat
1067 1924 1261 1994 aliquis
1281 1925 1459 1995 justos
1487 1941 1674 1982 omnes

60 2024 140 2069 et.
175 2014 484 2084 prophetas
522 2030 628 2070 non
660 2026 768 2069 tam
799 2015 900 2070 sub
933 2016 1086 2088 lege,
1119 2031 1278 2085 quam
1329 2017 1429 2072 sub
1459 2017 1563 2072 lide
1595 2019 1674 2073 vi-

69 2105 288 2170 xisse;
348 2115 658 2174 peccatores
703 2119 833 2160 vero
884 2115 938 2160 et
987 2104 1215 2175 injustos
1269 2105 1403 2176 legis
1446 2108 1676 2163 vinculis

64 2197 280 2252 fuisse
308 2198 651 2265 constrictos,
678 2198 816 2253 sicut
851 2206 905 2253 et
931 2197 1219 2267 Apostolus
1247 2198 1435 2254 dicit“
1453 2207 1512 2255 τι
1539 2200 1672 2268 Quia

63 2289 252 2356 justo
277 2290 359 2344 lex
393 2306 497 2344 non
541 2299 624 2346 est
650 2291 846 2360 posita,
891 2290 985 2345 sed
1019 2290 1232 2359 injustis
1261 2302 1316 2346 et
1353 2307 1459 2347 non
1491 2291 1675 2348 subdi-

73 2387 203 2448 tis,
263 2384 444 2454 impiis
489 2393 541 2438 et
583 2385 998 2454 peccatoribus,
1048 2385 1294 2440 scelestis
1331 2394 1386 2441 et
1411 2385 1670 2456 profanis,

75 2493 158 2546 pa
173 2477 398 2532 tricidis
431 2485 486 2531 et
513 2476 847 2540 matricidis,
877 2476 1198 2540 homicidis,
1230 2476 1670 2541 fornicatoribus,

79 2568 476 2623 masculorum
510 2568 972 2631 concubitorihus,
1007 2568 1428 2639 plagialorihtts,
1455 2569 1674 2623 menda-

81 2662 292 2726 cibus,
323 2659 574 2730 perjuris,
610 2669 664 2715 et
689 2661 732 2714 si
762 2661 894 2731 quid
928 2660 1071 2713 aliud
1117 2674 1262 2715 sanae.
1290 2660 1549 2714 doctrinm
1577 2661 1668 2713 ad-

82 2763 385 2808 versatur.
418 2771 437 2804 ι
483 2752 634 2818 Quod
667 2752 711 2807 si
741 2751 940 2807 talibus
969 2751 1054 2806 lex
1080 2753 1252 2824 posita
1281 2762 1384 2816 est,
1430 2767 1533 2806 non
1576 2750 1672 2806 tibi

87 2845 283 2900 multo
331 2844 585 2900 meliores
629 2844 706 2898 illi
750 2844 1075 2898 videbuntur
1103 2845 1168 2898 de
1192 2845 1390 2912 quibus
1428 2843 1670 2899 dicitur:

91 2956 115 2988 ε
152 2936 301 2991 Cum
328 2936 470 2991 enim
501 2928 709 3006 gentes,
752 2949 872 3004 quae
898 2933 1068 3005 legem
1099 2949 1204 2988 non
1253 2935 1472 2999 habent,
1519 2944 1674 2988 natu-

94 3028 303 3081 raliter
328 3041 447 3096 quae
473 3026 605 3096 legis
629 3035 759 3080 sunt
787 3023 1013 3092 l‘aciuut,
1037 3025 1341 3092 hujusmodi
1371 3025 1539 3095 legem
1568 3040 1670 3080 non

92 3120 398 3182 habentes,
429 3117 528 3185 ipsi
557 3117 659 3172 sibi
686 3125 814 3171 sunt
844 3117 952 3195 lex,
983 3117 1073 3185 qui
1117 3117 1411 3172 ostendunt
1436 3130 1571 3186 Opus
1595 3115 1673 3171 le-

90 3211 186 3279 gis
210 3210 477 3279 scriptum
510 3211 563 3262 in
587 3208 843 3264 cordibus
865 3210 999 3270 suis,
1025 3209 1388 3263 testimonium
1416 3208 1673 3262 reddente

92 3304 181 3358 cis
225 3302 560 3357 conscientia
593 3300 657 3354 ³⁸.
691 3318 710 3352 ι
767 3300 832 3354 Et
861 3309 1166 3354 statuamus
1213 3308 1337 3354 ante
1370 3299 1556 3355 oculos
1578 3340 1593 3363 ,
1627 3299 1670 3352 si

100 3397 333 3451 videtur
356 3436 371 3459 ,
409 3396 540 3451 duos
589 3394 828 3463 aliquos,
864 3392 1012 3448 verbi
1042 3391 1215 3461 gratia
1239 3432 1254 3456 ,
1290 3392 1381 3460 qui
1411 3407 1530 3446 cum
1562 3407 1673 3443 ma-

97 3487 279 3542 sculis
314 3502 417 3540 non
461 3486 873 3540 concubueruut
915 3483 1204 3537 concubitu
1239 3481 1488 3537 muliebri
1516 3483 1667 3550 (78);

100 3595 280 3634 unum
310 3594 375 3633 ex
407 3578 491 3632 his
531 3586 799 3647 praecepto
842 3575 976 3642 legis
1022 3575 1384 3643 prohibitum,
1436 3573 1594 3642 cujus
1626 3573 1670 3628 si

104 3679 322 3724 metum
355 3684 459 3722 non
492 3667 794 3730 habuisset,
827 3665 1058 3720 fortasse
1095 3664 1314 3720 fecisset
1361 3682 1374 3717 :
1425 3673 1480 3718 et
1507 3663 1669 3717 alium

105 3763 198 3832 qui
233 3761 464 3831 promise
497 3759 692 3814 mentis
730 3755 935 3827 judicio
981 3755 1349 3822 hujuscemodi
1393 3755 1671 3822 contagio-

105 3869 230 3907 nem
262 3867 332 3906 ne
359 3849 710 3920 cogitationes
733 3849 946 3917 quidem
983 3862 1113 3902 suas
1142 3847 1293 3902 adire
1322 3847 1628 3916 permiserit
1653 3863 1668 3901 :

106 3957 285 3996 nonne
335 3942 500 3996 multo
533 3940 679 3993 illum
712 3939 974 4008 praeferas
1018 3938 1108 4007 qui
1147 3937 1292 3992 nulla
1329 3938 1460 4008 legis
1502 3939 1671 3993 inter-

107 4033 404 4087 miuatione
429 4029 740 4092 deterritus,
776 4030 1071 4083 immunem
1102 4043 1162 4084 se
1191 4045 1220 4082 a
1255 4027 1446 4100 ﬂagitii
1474 4039 1668 4084 conta-

110 4125 405 4178 minatione
472 4121 746 4178 servavit?
799 4121 1068 4175 Similiter
1132 4122 1294 4176 etiam
1346 4122 1412 4175 de
1457 4122 1670 4176 czcteris

110 4217 352 4285 peccatis
380 4215 424 4270 si
455 4215 715 4270 habeatur
737 4229 985 4268 examen.
1014 4213 1078 4266 Et
1101 4213 1220 4268 ideo
1244 4214 1356 4269 sive
1384 4213 1552 4286 Moysi
1583 4214 1669 4268 lex

30 4303 34 4310 ’
111 4308 478 4378 intelligatur,
523 4308 638 4362 sive
666 4309 830 4362 etiam
855 4321 919 4360 ea
946 4321 1068 4374 quae
1099 4305 1153 4360 in
1183 4307 1382 4361 nostris
1408 4305 1669 4360 membris

1775 1848 1906 1886 vero
1937 1833 2084 1898 dicit,
2121 1853 2140 1887 ι
2174 1834 2275 1902 Qui
2319 1839 2494 1894 credit
2542 1840 2594 1894 in
2629 1857 2736 1910 me,
2780 1845 2951 1901 credit
2997 1847 3051 1902 in
3091 1863 3210 1904 eum
3244 1851 3337 1922 qui

1777 1920 1921 1974 misit
1944 1936 2046 1983 me,
2083 1941 2104 1976 ι
2141 1939 2290 1995 Spem
2319 1928 2652 1985 credentium
2684 1932 2860 1988 elevat
2889 1952 3057 2006 usque
3081 1940 3146 1993 ad
3170 1920 3335 1996 Deum

1773 2009 2014 2079 Patrem,
2033 2025 2090 2069 ut
2115 2015 2256 2071 sicut
2285 2011 2406 2088 quis
2433 2034 2556 2074 cum
2587 2022 2735 2078 videt
2763 2024 2873 2099 (79)
2905 2027 3116 2097 Filium,
3135 2033 3337 2090 vidisse

1774 2115 1834 2156 se
1863 2103 1999 2157 sciat
2023 2113 2075 2158 et
2099 2103 2316 2162 Patrem
2351 2109 2429 2172 ³⁸,
2467 2110 2536 2164 ita
2570 2126 2690 2166 cum
2737 2117 2911 2171 credit
2950 2116 3124 2187 Filio,
3160 2125 3336 2179 credi-

1775 2192 1918 2248 disse
1950 2208 2009 2249 se
2031 2193 2146 2267 (80)
2168 2199 2305 2253 sciat
2329 2207 2382 2254 et
2407 2198 2575 2257 Patri.

1845 2284 1900 2342 5.
1948 2307 1967 2337 ‹
2005 2287 2128 2343 Ideo
2164 2303 2230 2343 ex
2259 2291 2382 2357 lide,
2408 2301 2468 2345 ut
2496 2294 2790 2350 secundum
2823 2300 3052 2366 gratiam
3083 2301 3236 2361 firma
3267 2307 3340 2362 sit

1775 2378 2062 2442 promissio
2105 2379 2250 2434 omni
2305 2383 2533 2446 semini,
2575 2399 2680 2438 non
2725 2386 2774 2440 ei
2804 2387 2916 2458 (81)
2951 2392 3188 2460 quodex
3220 2392 3338 2465 lege

1773 2480 1856 2522 est
1882 2477 2112 2535 tantum,
2147 2473 2244 2526 sed
2274 2481 2327 2528 et
2347 2472 2395 2527 ei
2428 2473 2539 2544 (82)
2563 2476 2705 2544 quod
2742 2491 2808 2531 ex
2843 2479 2946 2532 lide
2968 2491 3050 2536 est
3079 2482 3334 2553 Abrahae,

1775 2561 1864 2628 qui
1900 2570 1985 2615 est
2012 2569 2164 2632 pater
2184 2562 2424 2616 omnium
2464 2574 2709 2618 nostrum
2736 2568 2899 2634 (sicut
2921 2572 3178 2640 scriptum
3212 2585 3332 2630 est:

1774 2651 1909 2717 Quia
1944 2663 2150 2722 patrem
2186 2653 2474 2709 multarum
2509 2657 2748 2726 gentium
2773 2661 2922 2728 posui
2954 2661 3026 2735 te)
3059 2673 3184 2719 ante
3211 2681 3336 2722 cum

1774 2745 1859 2797 cui
1893 2745 2123 2799 credidit
2155 2745 2271 2816 (85)
2304 2745 2470 2802 Deum
2491 2787 2506 2811 ,
2558 2749 2648 2817 qui
2695 2751 2930 2804 vivilicat
2977 2763 3255 2822 mortuos,
3282 2766 3338 2810 et

1775 2847 1932 2890 vocat
1954 2850 2016 2891 ea
2040 2852 2161 2908 qua:
2193 2853 2298 2893 non
2330 2849 2488 2903 sunt,
2522 2848 2775 2913 tanquam
2807 2860 2868 2898 ea
2898 2861 3020 2916 qua:
3048 2858 3174 2902 sunt
3203 2847 3270 2907 ⁸⁸.
3311 2868 3331 2900 ι

1775 2927 1831 2982 In
1888 2928 2260 2999 superioribus
2306 2929 2708 2988 distinctionem
2772 2935 2920 2991 dedit
2966 2941 3230 2994 mercedis
3280 2953 3337 2996 et

1774 3019 1980 3088 gratiae,
2019 3019 2207 3074 dicens
2235 3022 2537 3076 mercedem
2562 3037 2676 3078 rem
2718 3023 2884 3081 debiti
2916 3041 3069 3091 esse;
3107 3030 3333 3098 gratiam

1775 3120 1956 3166 autem
1989 3112 2185 3168 nullius
2214 3127 2332 3168 esse
2363 3114 2564 3180 debiti,
2590 3115 2683 3170 sed
2717 3116 3098 3173 benevolentia:
3127 3120 3333 3175 beneli-

1775 3201 1940 3255 cium.
2001 3202 2064 3258 Et
2110 3203 2163 3258 in
2197 3205 2447 3272 praesenti
2493 3220 2622 3276 ergo
2671 3207 2792 3262 loco
2826 3213 3114 3265 Ostendcre
3152 3215 3336 3270 volens

1773 3292 1942 3348 Deum
1986 3293 2352 3350 hereditatem
2405 3299 2822 3366 promissionum
2875 3319 2978 3357 non
3034 3320 3098 3359 ex
3132 3305 3335 3371 debito,

1773 3387 1868 3441 sed
1899 3401 1993 3456 per
2022 3387 2248 3457 gratiam
2292 3387 2424 3444 dare
2445 3429 2460 3454 ,
2512 3389 2643 3445 dicit
2685 3393 2811 3463 quia
2862 3393 3148 3451 hmreditas
3171 3415 3199 3450 a
3227 3398 3334 3457 Deo

1776 3477 1860 3530 his
1883 3477 1976 3545 qui
2007 3481 2268 3546 credunt,
2301 3494 2406 3534 non
2437 3494 2502 3534 ex
2540 3482 2804 3538 mercedis
2840 3484 3054 3551 debito,
3086 3488 3179 3542 sed
3214 3489 3334 3544 ﬁdei

1775 3585 1998 3625 munere
2024 3571 2371 3626 concedatur.
2431 3569 2589 3627 Sicut
2627 3575 2771 3628 enim
2801 3574 2882 3646 (ut
2909 3580 3136 3648 exempli
3171 3596 3334 3636 causa

1774 3661 2026 3732 dixerim)
2063 3664 2166 3718 hoc
2191 3665 2332 3732 quod
2379 3665 2719 3720 subsistimus
2769 3681 2874 3722 non
2905 3680 3081 3739 potest
3112 3673 3334 3745 intelligi

1773 3756 1926 3824 quasi
1965 3755 2078 3826 (84)
2117 3771 2182 3810 ex
2223 3757 2404 3826 operis
2446 3759 2612 3813 nostri
2659 3762 2905 3816 mercede
2955 3765 3334 3836 subsistamus,

1773 3848 1867 3903 sed
1902 3849 2184 3903 evidenter
2215 3848 2303 3902 Dei
2352 3865 2547 3905 munus
2580 3861 2662 3904 est
2689 3853 2829 3921 quod
2863 3870 3079 3920 sumus,
3132 3868 3186 3912 et
3210 3875 3334 3929 gra-

1777 3942 1846 3996 tia
1867 3939 2173 3996 Conditoris
2193 3980 2210 4006 ,
2252 3942 2342 4010 qui
2381 3956 2502 3997 esse
2529 3958 2624 3997 nos
2652 3944 2817 3998 voluit
2848 3964 2862 4000 :
2902 3949 2972 4002 ita
3001 3957 3054 4004 et
3087 3950 3133 4005 si
3162 3952 3336 4008 haere-

1774 4032 1996 4087 ditatem
2024 4033 2442 4102 promissionum
2475 4033 2566 4090 Dei
2592 4037 2864 4105 capiamus
2884 4079 2899 4104 ,
2932 4041 3126 4097 divinae
3149 4047 3336 4113 gratia;

1773 4131 1876 4183 est,
1912 4138 2017 4175 non
2048 4123 2274 4189 alicujus
2305 4123 2472 4178 debiti
2504 4136 2595 4179 aut
2618 4128 2797 4196 operis
2834 4145 3059 4186 merces.
3103 4133 3253 4200 Quod
3289 4136 3336 4189 si

1773 4212 1914 4266 forte
1933 4212 2178 4266 videatur
2209 4213 2309 4267 hoc
2345 4213 2517 4282 ipsum
2550 4217 2691 4284 quod
2721 4217 2918 4272 dicitur
2945 4236 3010 4272 ex
3046 4220 3181 4285 lide,
3229 4239 3334 4277 non

1773 4320 1894 4361 esse
1918 4307 2118 4375 gratis,
2155 4307 2349 4375 quippe
2397 4307 2442 4361 si
2487 4307 2760 4364 oll‘ercuda
2809 4312 2880 4365 sit
2919 4312 3054 4368 fides
3089 4317 3236 4382 prius
3270 4317 3335 4370 ab

111 4410 210 4463 est,
239 4409 295 4453 et
317 4401 454 4453 iram
485 4408 758 4468 operatur,
782 4414 887 4452 non
912 4405 1138 4466 possunt
1163 4398 1255 4467 qui
1278 4413 1346 4452 ex
1375 4397 1490 4468 ipsa
1519 4406 1667 4460 sunt,
1701 4417 1746 4470 ι)
1773 4398 2011 4463 homine,
2041 4407 2096 4452 et
2125 4399 2194 4452 ita
2221 4413 2250 4451 a
2283 4398 2392 4452 Deo
2417 4403 2590 4468 gratia
2616 4405 2971 4470 promerenda
3008 4423 3020 4458 :
3052 4409 3173 4461 audi
3198 4425 3334 4478 qun-

114 4491 349 4546 hzeredes
375 4507 498 4546 esse
519 4533 534 4554 ,
572 4491 666 4546 sed
694 4489 766 4544 illi
795 4491 883 4559 qui
917 4499 1045 4545 sunt
1071 4505 1136 4544 ex
1169 4490 1285 4561 lege
1311 4489 1429 4544 ﬁdei
1457 4507 1470 4543 :
1505 4487 1671 4559 528

117 4582 232 4638 ﬁdei
262 4593 439 4637 autem
471 4583 613 4635 illius
646 4597 712 4636 ex
737 4597 841 4652 qua
882 4579 1208 4650 justiﬁcatus
1255 4590 1339 4636 est
1374 4579 1668 4634 Abraham.

119 4673 219 4727 Sed
251 4675 476 4730 fortasse
513 4675 757 4741 requirat
802 4673 1003 4744 aliquis
1054 4672 1322 4740 quomodo
1351 4687 1454 4727 non
1496 4681 1550 4725 et
1578 4671 1669 4740 qui

119 4764 213 4818 sub
248 4766 363 4836 lege
393 4766 560 4840 Moysi
613 4775 729 4826 est.
780 4770 880 4819 sub
931 4765 1045 4832 lege
1094 4763 1216 4817 lldei
1249 4776 1370 4818 esse
1401 4762 1667 4828 videatur,

123 4870 237 4910 cum
269 4860 523 4928 scriptum
553 4859 626 4914 sit
669 4858 721 4912 in
750 4857 938 4912 Exodo
972 4875 986 4911 :
1026 4873 1048 4909 ι
1077 4855 1318 4910 Credidit
1365 4864 1545 4908 autem
1571 4869 1669 4923 po-

188 4993 230 5024 “
258 4995 409 5052 Rom.
431 5012 505 5060 tv,
537 4998 624 5052 15.
699 4996 742 5028 ³⁸
775 4995 794 5048 l
825 4995 965 5052 Tim.
991 5011 1028 5051 ι.
1062 4996 1118 5057 9,
1151 4994 1239 5049 10.
1316 4993 1359 5026 ³⁸
1389 4991 1540 5046 Rom.
1583 5007 1643 5059 ιι,
1679 4993 1768 5056 14,
1802 4994 1890 5048 15.
1988 4992 2031 5023 ³⁸
2060 4992 2131 5046 Ex

188 5079 217 5119 I.
260 5067 347 5119 44.
445 5068 487 5098 ³⁸
520 5065 676 5119 Joan.
711 5082 824 5119 xlv.
855 5068 909 5119 9.
1009 5065 1053 5097 ⁸⁸
1089 5065 1246 5119 Rom.
1284 5078 1360 5119 tv.
1389 5063 1476 5119 16.
1512 5062 1600 5116 17.
1701 5064 1742 5094 ⁸³
1777 5062 1944 5119 lCor.
1968 5077 2072 5119 xu.
2097 5061 2131 5115 8

128 5076 217 5128 xu,
260 5067 347 5120 44.
445 5068 487 5098 ³⁸
520 5065 676 5122 Joan.
711 5082 824 5130 xiv,
855 5068 909 5122 9.
1009 5065 1053 5138 ’ξ
1089 5065 1246 5120 Rom.
1284 5078 1360 5130 tv,
1389 5063 1476 5128 l6,
1512 5062 1600 5116 17.

188 5179 293 5250 (76)
331 5183 492 5245 Editi,
528 5201 547 5234 ί
581 5184 898 5251 prolunetur
924 5191 980 5236 et
1008 5190 1219 5251 peccat.
1251 5200 1270 5232 ι

193 5248 296 5321 (71)
335 5255 421 5307 Sic
469 5248 660 5307 omnes
708 5267 880 5317 mss.,
931 5248 1185 5305 ltabanus
1227 5259 1282 5305 et
1325 5248 1666 5305 Salodianus.

131 5315 306 5374 Crateri
329 5338 452 5377 vero
481 5323 636 5389 editi,
672 5322 825 5376 «Non
851 5315 953 5376 etsi
979 5321 1148 5391 Moysi
1181 5321 1353 5391 legem
1384 5333 1669 5390 ponamus,

133 5391 386 5455 continuo,
418 5412 435 5442 ι
475 5401 583 5447 etc.

195 5457 298 5527 (78)
335 5462 406 5514 lta
448 5461 742 5525 Rabanus;
783 5461 914 5513 editi
958 5476 1092 5515 vero
1147 5470 1203 5514 et
1249 5475 1379 5513 mss.
1427 5459 1669 5522 nitidam,

142 5540 156 5568 ι
188 5541 280 5579 non
330 5532 584 5597 petierint
637 5530 980 5584 concubitum
1031 5531 1368 5584 muliebrem.
1403 5548 1424 5579 ι
1480 5531 1667 5583 Caztcrf

141 5608 250 5670 ωδε.
286 5601 470 5670 nostri,
512 5619 530 5650 ι
567 5615 669 5670 non
699 5599 1125 5665 concupiverunt
1155 5620 1175 5651 ι
1207 5599 1328 5670 [al.,
1366 5618 1383 5650 ε
1424 5615 1526 5654 non
1551 5615 1669 5652 cou-

140 5666 400 5728 ιειιιιὶρτίιιιι
435 5669 781 5723 concubitum
810 5670 1150 5724 muliebrem.
1191 5691 1209 5720 ι

445 5068 487 5098 ³⁸
520 5065 676 5122 Joan.
711 5082 824 5130 xiv,
855 5068 909 5122 9.

1771 4491 1931 4543 modo
1967 4491 2019 4543 in
2065 4490 2187 4544 aliis
2215 4489 2378 4543 etiam
2415 4491 2478 4545 de
2511 4491 2613 4546 hoc
2647 4491 2785 4546 idem
2813 4494 3107 4562 Apostolus
3154 4498 3333 4556 docet.

1771 4581 1979 4636 Etenim
2031 4579 2119 4635 ubi
2162 4594 2442 4636 enumerat
2487 4584 2625 4637 dona
2673 4584 2912 4653 Spiritus
2937 4587 3017 4649 ⁸³,
3051 4603 3171 4656 quae
3206 4589 3333 4642 dicit

1768 4671 2068 4725 secundum
2101 4686 2406 4725 mensuram
2444 4673 2561 4726 lidei
2587 4675 2936 4729 credentibus
2960 4676 3110 4740 dari,
3151 4679 3220 4730 ibi
3259 4678 3332 4731 iu.

1769 4769 1850 4814 ter
1879 4772 2076 4816 czetera
2113 4762 2275 4815 etiam
2311 4763 2506 4815 donum
2539 4763 2660 4817 tidei
2707 4766 2903 4819 asserit
2947 4781 3043 4836 per
3074 4768 3332 4837 Spiritum

1770 4863 2013 4907 sanctum
2058 4852 2241 4907 tribui.
2298 4851 2426 4909 Post
2475 4855 2640 4908 multa
2671 4870 2904 4925 namque
2954 4860 3025 4912 ita
3075 4862 3238 4913 etiam
3271 4861 3338 4914 de

1988 4992 2031 5023 ³⁸
2060 4992 2228 5046 Exod.
2255 5006 2370 5056 xrv,
2410 4991 2503 5045 51.
2597 4993 2640 5027 ³⁷
2669 4991 2827 5049 Joan.
2860 5008 2912 5059 γ,
2943 4994 3030 5049 46.
3107 4995 3149 5027 ³⁸
3178 4994 3333 5050 Joan.

1841 5175 1955 5246 (79)
1993 5177 2165 5246 Alias,
2197 5193 2216 5226 ι
2251 5177 2338 5244 qui
2370 5175 2534 5228 videt.
2570 5195 2589 5228 ι

1837 5244 1950 5314 (80)
1989 5245 2079 5300 Se.
2117 5249 2276 5301 Deest
2302 5249 2353 5298 iu
2385 5255 2543 5298 antea
2570 5244 2753 5300 editis.

1838 5316 1950 5386 (81)
1989 5316 2158 5380 A'Iias,
2201 5335 2218 5366 ι
2255 5317 2370 5384 qui.
2413 5333 2432 5366 ι

1839 5387 1951 5456 (82)
1993 5387 2160 5448 Alias,
2203 5404 2222 5436 ί
2257 5386 2426 5456 (μή.)

1839 5453 1949 5528 (85)
1988 5456 2155 5522 Alias,
2191 5475 2209 5507 ι
2232 5453 2357 5512 ante
2385 5455 2550 5508 Deum
2575 5455 2662 5509 cui
2693 5454 2966 5508 credidiSti
2989 5473 3032 5519 ;›
3054 5453 3148 5517 al.,
3183 5467 3336 5513 rere-

1769 5528 1925 5580 (lidit.
1957 5546 1976 5577 ι

1842 5598 1952 5663 (84)
1993 5594 2129 5647 Editi
2175 5605 2228 5647 ct
2261 5610 2391 5649 mss.
2427 5595 2626 5664 plures,
2667 5617 2683 5646 ι
2719 5597 2841 5663 quia
2877 5614 2916 5645 ›.
2953 5593 3170 5649 [tectius
3201 5611 3339 5654 ηις..

1773 5684 1928 5728 unus,
1965 5687 1980 5717 ς
2019 5667 2192 5728 quasi.
2229 5686 2246 5714 ι
