3684 6148
341 250 450 309 975

1843 227 2171 289 ORIGENIS
3463 225 3539 280 976

339 376 449 428 hoc
494 369 669 427 dicit:
713 386 730 419 ι
771 366 870 422 Alii
920 365 1052 420 ﬁdes
1099 364 1150 418 in
1199 362 1386 417 eodem
1437 360 1641 430 Spiritu
1677 361 1767 412 “z
1811 376 1828 410 ι
1865 367 1909 408 ιιι

2024 371 2188 424 corde
2221 378 2405 423 nostro
2439 367 2710 434 descripta
2740 373 2889 432 sunt,
2937 363 3079 418 sicut
3124 363 3267 416 idem
3303 363 3406 432 ipse
3430 369 3537 432 Apo.

343 465 596 521 ostendat
628 461 753 532 quia
783 460 951 514 etiam
977 458 1109 512 ﬁdes
1143 473 1238 527 per
1264 456 1492 526 gratiam
1521 456 1697 508 datur.
1728 451 1833 504 Sed
1862 461 1916 504 et

345 555 473 609 alibi
526 553 667 609 idem
717 550 1004 623 Apostolus
1051 549 1212 603 docet
1257 549 1482 604 dicens:
1527 565 1544 597 ι
1573 545 1709 612 Quia
1745 561 1774 598 a
1807 544 1916 598 Deo

345 646 500 702 vobis
528 647 707 700 datum
734 652 818 699 est
845 657 953 696 non
983 641 1157 697 solum
1183 647 1242 693 ut
1267 639 1504 694 credatis
1537 637 1588 691 in
1614 636 1914 700 Christum,

345 741 438 795 sed
467 741 630 796 etiam
671 747 730 792 ut
762 734 1040 807 patiamini
1076 748 1173 804 pro
1201 733 1289 787 illo
1319 731 1385 786 ’⁸.
1423 749 1442 784 ι
1483 728 1697 784 lnvenis
1730 730 1833 784 hoc
1861 737 1916 781 et

348 835 399 887 in
434 831 740 902 Evangeliis
787 827 1096 898 designari,
1142 826 1228 879 ubi
1279 825 1504 894 apostoli
1551 824 1915 890 iutelligeules

345 925 488 994 quod
533 939 594 979 ea
643 939 762 991 qua!
787 939 852 977 ex
882 923 1103 977 homine
1138 931 1212 976 est
1251 921 1418 982 ﬁdes,
1455 935 1558 972 non
1592 927 1768 986 potest
1796 931 1917 971 esse

348 1017 608 1086 perfecta,
631 1015 734 1069 nisi
766 1016 944 1070 addita
971 1015 1133 1069 fuerit
1158 1015 1322 1068 etiam
1349 1028 1411 1068 ea
1442 1027 1562 1081 qua:
1584 1027 1646 1066 ex
1681 1011 1786 1064 Deo
1811 1019 1916 1074 est,

345 1111 535 1163 dicunt
563 1108 628 1162 ad
654 1106 985 1161 Salvatorem
1019 1125 1031 1158 :
1071 1125 1090 1158 (
1120 1106 1271 1177 Auge
1317 1103 1471 1159 nobis
1496 1103 1655 1157 ﬁdem
1690 1100 1754 1155 ’⁵.
1785 1119 1803 1153 ι
1840 1099 1916 1154 Ex

346 1198 542 1267 quibus
567 1197 822 1252 omnibus
847 1195 1191 1265 apertissime
1233 1197 1620 1263 comprobatur
1650 1192 1793 1263 quod
1829 1192 1918 1246 hic

344 1290 482 1346 dicit
502 1288 795 1358 Apostolus
824 1304 838 1342 :
883 1307 902 1339 ι
938 1287 1060 1341 ideo
1103 1301 1168 1340 ex
1203 1286 1333 1350 ﬁde,
1370 1297 1428 1339 ut
1460 1284 1756 1339 secundum
1788 1299 1916 1352 gra-

343 1385 476 1438 tiam
509 1382 663 1438 ﬁrma
696 1381 766 1436 sit
795 1381 1080 1450 promissio
1105 1381 1150 1412 ’⁸
1183 1399 1196 1435 :
1241 1399 1260 1432 ι
1293 1380 1421 1448 quia
1453 1379 1614 1432 etiam
1644 1377 1777 1431 ﬁdes
1802 1377 1913 1445 ipsa

345 1491 450 1543 qua
489 1474 716 1531 credere
751 1474 1001 1529 videmur
1035 1473 1180 1537 Deo,
1228 1473 1369 1526 dono
1415 1470 1468 1524 in
1527 1469 1682 1525 nobis
1731 1469 1917 1538 gratia

347 1565 726 1620 conﬁrmatur.
789 1565 916 1619 Haec
944 1572 1124 1616 autem
1162 1572 1244 1617 est
1271 1561 1445 1632 gratia
1476 1575 1637 1630 quam
1672 1557 1918 1614 invenire

345 1660 486 1714 sicut
535 1660 847 1713 thesaurum
883 1671 1137 1727 magnum
1188 1663 1429 1710 meretur
1479 1656 1523 1708 si
1572 1655 1697 1725 quis
1730 1655 1917 1710 beatus

346 1761 432 1806 est
455 1752 522 1804 ".
586 1750 737 1804 Hane
781 1750 992 1805 invenit
1027 1747 1169 1815 Noe;
1206 1755 1261 1801 et
1289 1747 1410 1802 ideo
1456 1747 1716 1816 scriptum
1741 1755 1826 1800 est
1854 1746 1918 1800 de

347 1858 412 1898 eo
440 1860 454 1897 :
493 1861 512 1894 ι
543 1840 656 1896 Noe
685 1852 865 1896 autem
896 1840 1103 1896 invenit
1143 1840 1372 1910 gratiam
1412 1838 1464 1893 in
1493 1848 1783 1910 conspectu
1812 1839 1916 1894 Do-

349 1934 480 1988 mini
513 1934 606 1989 Dei
634 1934 702 1987 ’⁷.
741 1952 760 1985 ι
795 1931 947 1987 Hanc
998 1917 1280 1985 invenerat
1328 1931 1556 2002 gratiam
1586 1939 1642 1986 et
1671 1930 1914 2002 Moyses;

347 2034 403 2079 et
434 2025 554 2078 ideo
587 2023 796 2078 dicebat
827 2023 892 2076 ad
921 2021 1087 2075 Deum
1143 2035 1158 2073 :
1213 2038 1232 2071 ι
1266 2019 1324 2075 Si
1371 2020 1554 2074 inveni
1598 2021 1827 2090 gratiam
1864 2020 1916 2073 in

345 2124 636 2185 conspectu
677 2124 767 2168 tuo
797 2113 864 2166 ’⁸.
899 2131 918 2164 ι
967 2111 1282 2166 Invenimus
1336 2122 1512 2166 tamen
1551 2113 1758 2180 aliquos
1790 2127 1922 2166 san-

347 2219 559 2263 ctorum
581 2247 596 2270 ,
627 2221 735 2260 non
763 2205 936 2260 solum
985 2205 1039 2258 in
1071 2212 1366 2273 conspectu
1399 2203 1612 2257 Domini
1643 2203 1733 2257 Dei
1768 2203 1919 2258 iuve-

349 2301 495 2354 nisse
542 2300 806 2370 gratiam,
854 2297 948 2352 sed
998 2297 1164 2361 etiam
1198 2299 1248 2351 in
1277 2306 1570 2367 conspectu
1615 2297 1914 2351 hominum.

348 2391 589 2459 Denique
612 2391 677 2444 de
709 2389 871 2444 beato
900 2386 1098 2456 Ioseph
1147 2389 1408 2456 scriptum
1452 2397 1530 2442 est
1563 2405 1579 2441 :
1617 2405 1637 2439 ι
1674 2387 1741 2442 Ει
1766 2386 1919 2442 inve-

347 2484 427 2538 nit
467 2481 664 2550 .loseph
702 2480 944 2550 gratiam
1001 2481 1054 2534 in
1106 2489 1397 2549 conspectu
1427 2479 1628 2534 domini
1659 2480 1742 2533 sui
1778 2479 1844 2534 ”.
1891 2498 1913 2530 ι

348 2574 456 2630 Sed
487 2573 589 2627 ista
623 2573 795 2644 gratia
829 2587 950 2642 quas
997 2571 1050 2626 in
1080 2582 1371 2641 conspectu
1401 2571 1678 2627 hominum
1709 2569 1918 2625 inveni-

349 2676 469 2732 tur,
522 2665 631 2718 Deo
666 2663 932 2732 largiente
963 2663 1304 2718 conceditur.
1345 2663 1436 2718 Sic
1480 2664 1622 2718 enim
1657 2663 1914 2732 scriptum

346 2766 431 2812 est
474 2755 540 2810 de
581 2755 767 2809 eodem
796 2753 992 2822 Joseph
1024 2773 1039 2808 :
1078 2773 1100 2806 ι
1131 2754 1197 2808 Ει
1224 2763 1345 2809 erat
1387 2755 1646 2810 Dominus
1672 2769 1795 2809 cum
1822 2751 1918 2808 Jo-

346 2847 509 2916 seph,
542 2856 597 2901 et
625 2843 820 2901 infudit
853 2860 1016 2914 super
1038 2861 1162 2902 eum
1199 2847 1655 2913 misericordiam,
1687 2855 1743 2901 et
1767 2847 1938 2905 dedit.

346 2939 424 2992 illi
470 2937 702 3008 gratiam
753 2937 806 2991 in
853 2946 1145 3008 conspectu
1185 2938 1446 3008 principis
1493 2937 1736 2994 carceris
1781 2937 1848 2993 ³⁸.
1891 2956 1914 2990 ο

2019 465 2190 519 stolus
2238 463 2488 517 minister
2537 461 2698 530 hujus
2743 463 2928 530 gratia)
2965 460 3017 512 in
3051 457 3182 512 aliis
3210 457 3462 527 designat,
3498 474 3537 517 et

2019 557 2197 610 dicit:
2235 572 2254 604 ι
2294 552 2534 622 Epistola
2583 564 2766 606 nostra
2818 564 2914 604 vos
2963 551 3123 612 estis,
3179 549 3420 618 inscripta
3462 569 3536 605 non

2018 656 2348 711 atramento,
2367 647 2458 701 sed
2485 646 2690 713 Spiritu
2718 644 2809 699 Dei
2836 643 2982 708 vivi;
3023 658 3131 696 non
3160 640 3215 694 in
3251 640 3427 696 tabulis
3445 642 3539 714 lapi-

2019 741 2155 804 dvis,
2183 739 2276 793 sed
2314 740 2365 792 in
2405 738 2603 793 tabulis
2636 737 2819 791 cordis
2854 735 3171 791 carnalibus
3196 733 3264 789 ".
3305 753 3324 785 ι
3378 735 3476 797 deo,
3501 749 3540 790 ut

2021 833 2151 886 mihi
2193 833 2429 894 videtur,
2485 829 2732 882 ﬁrmiora
2784 827 2914 882 dicit
2945 842 3009 880 ea
3056 841 3185 894 quze
3227 840 3322 894 per
3363 829 3539 895 gratiam

2019 941 2180 994 quam
2211 940 2272 978 ea
2300 939 2420 992 qua:
2447 938 2511 975 ex
2539 921 2651 990 lege
2674 931 2821 986 sunt,
2854 920 2982 990 quia
3014 919 3103 971 illa
3131 929 3289 973 extra
3323 935 3409 973 nos
3435 933 3542 986 sunt,

2019 1025 2072 1069 et
2104 1014 2221 1069 haec
2263 1012 2402 1066 intra
2438 1027 2538 1065 nos
2570 1030 2582 1064 :
2617 1021 2672 1065 et
2708 1010 2796 1063 illa
2835 1011 2887 1063 in
2915 1009 3094 1080 fragili
3129 1008 3357 1062 materia
3405 1012 3542 1064 cousi-

2021 1115 2193 1170 stunt,
2247 1103 2320 1158 ita
2365 1113 2423 1156 ut
2464 1102 2621 1157 facile
2672 1103 2884 1171 possint
2932 1102 3258 1155 exolescere
3287 1122 3299 1155 :
3328 1101 3427 1156 [nec
3451 1118 3544 1157 vero

2020 1199 2110 1252 Dei
2139 1197 2343 1268 Spiritu
2377 1197 2667 1266 inscripta,
2692 1207 2746 1250 et
2779 1197 2831 1251 in
2871 1197 3064 1250 animae
3098 1196 3452 1265 penetralibus
3474 1197 3546 1248 im-

2021 1302 2233 1356 pressa,
2271 1286 2588 1342 ﬁrmitatem
2614 1287 2990 1358 perpetuitatis
3030 1289 3334 1342 obtineant.
3378 1287 3546 1343 Talibus

2018 1391 2147 1447 ergo
2166 1378 2360 1432 litteris
2381 1378 3091 1448 promissionisinscribitur
3106 1379 3289 1432 anima
3305 1393 3413 1447 qua:
3428 1380 3545 1435 ﬁdem

2019 1486 2166 1524 suam
2189 1471 2298 1525 Deo
2328 1471 2471 1524 velut
2500 1487 2655 1526 ceras
2676 1471 2936 1526 obtulerit
2961 1481 3300 1541 praeparatas
3317 1472 3543 1542 (85),utin

2019 1564 2106 1618 his
2136 1563 2228 1616 Dei
2253 1565 2424 1635 gratia
2453 1564 2744 1633 dignanter
2777 1564 2947 1632 possit
2972 1564 3313 1618 inscribizet
3352 1565 3453 1619 ideo
3476 1568 3548 1618 liu-

2017 1656 2258 1722 jusmodi
2309 1658 2442 1710 ﬁdes
2481 1665 2764 1725 reputatur
2805 1658 2870 1710 ad
2924 1655 3240 1726 justitiam,
3282 1672 3395 1726 qua:
3419 1672 3544 1724 capax

2022 1751 2211 1818 gratiae
2236 1749 2479 1804 ccelestis
2510 1749 2802 1804 exstiterit.
2841 1747 2955 1803 [loc
2988 1758 3176 1803 autem
3211 1750 3458 1820 contingit
3481 1765 3543 1803 se-

2021 1840 2150 1894 mini
2181 1841 2433 1902 Abrahae,
2459 1855 2563 1894 non
2617 1839 2666 1893 ei
2715 1847 2918 1893 tantum
2945 1838 3090 1906 quod
3122 1854 3190 1892 ex
3220 1840 3330 1906 lege
3349 1848 3423 1892 est
3445 1838 3544 1903 (86),

2019 1935 2112 1985 sed
2131 1941 2186 1986 et
2223 1933 2272 1984 ei
2305 1931 2447 2000 quod
2469 1945 2537 1985 ex
2563 1930 2665 1983 ﬁde
2695 1939 2777 1984 est
2796 1973 2810 1988 .
2839 1928 3008 1984 Multo
3044 1931 3196 1985 enim
3235 1930 3450 1983 Abrahae
3476 1947 3545 1983 no-

2019 2023 2178 2078 bilior
2206 2038 2271 2077 ex
2304 2021 2409 2076 ﬁde
2457 2032 2562 2088 est,
2594 2037 2757 2090 quam
2789 2037 2857 2076 ex
2887 2037 3052 2076 carne
3107 2022 3396 2083 successio,
3448 2023 3543 2089 quia

2019 2132 2124 2170 non
2155 2131 2220 2172 ex
2248 2130 2435 2180 carne,
2463 2117 2556 2169 sed
2579 2129 2647 2169 ex
2681 2115 2784 2169 ﬁde
2805 2113 3142 2182 justiﬁcatus
3180 2129 3302 2169 esse
3331 2130 3544 2169 memora-

2020 2219 2123 2263 tur.
2160 2209 2215 2263 Si
2237 2209 2380 2264 enim
2423 2225 2528 2263 non
2553 2222 2620 2262 ex
2651 2205 2777 2272 ﬁde,
2801 2206 2893 2262 sed
2926 2223 2992 2261 ex
3023 2209 3236 2262 semine
3262 2206 3423 2260 danda
3453 2222 3542 2260 suc-

2018 2302 2195 2356 cessio
2223 2310 2326 2363 est,
2349 2299 2680 2354 conveniens
2705 2299 2811 2354 erit
2839 2310 2893 2353 et
2915 2298 3170 2354 lsmaelis
3199 2299 3542 2368 posteritatem,

2017 2399 2073 2444 et
2100 2405 2194 2445 eos
2215 2389 2308 2460 qui
2333 2405 2397 2445 ex
2438 2389 2676 2445 Cethura
2695 2391 3048 2455 descendunt,
3068 2391 3136 2443 ad
3172 2390 3536 2461 promissionum

2018 2490 2361 2534 sacramenta
2383 2482 2625 2551 perduci.
2651 2480 2806 2549 Quod
2835 2482 3025 2551 utique
3053 2497 3164 2536 non
3196 2482 3454 2550 recipitur,
3474 2483 3541 2536 sed

2017 2572 2128 2628 sola
2168 2572 2302 2643 legis
2335 2589 2399 2627 ac
2449 2573 2571 2628 ﬁdei
2626 2574 2920 2642 posteritas
2971 2575 3348 2628 introducitur.
3383 2573 3537 2628 Verum

2019 2679 2124 2718 non
2176 2679 2275 2719 uos
2325 2664 2878 2734 praztereatApostoli
2913 2665 2964 2716 in
3002 2664 3107 2717 hoc
3133 2663 3254 2718 loco
3282 2663 3540 2717 nutabunda

2018 2757 2261 2827 quaedam
2282 2766 2337 2811 et
2351 2756 2599 2826 ambigue
2620 2755 2823 2826 prolata
2839 2755 3062 2810 locutio.
3082 2755 3237 2822 Quod
3269 2755 3400 2810 enim
3421 2755 3535 2815 dixit,

2025 2868 2043 2901 ι
2086 2850 2152 2906 Ut
2185 2850 2339 2904 ﬁrma
2367 2852 2439 2904 sit
2473 2849 2764 2915 promissio
2793 2847 2941 2902 omni
2976 2849 3196 2913 semini,
3236 2862 3336 2901 non
3363 2846 3407 2899 ei
3431 2845 3537 2915 quod

2019 2958 2084 2998 ex
2110 2942 2230 3011 lege
2261 2952 2346 2997 est
2371 2951 2601 3006 tantum,
2639 2941 2732 2996 sed
2755 2949 2811 2996 et
2837 2941 2884 2996 ei
2908 2942 3050 3010 quod
3074 2957 3145 2994 ex
3172 2941 3273 2994 ﬁde
3288 2937 3436 3003 est“,
3472 2937 3537 2989 »εἰ

348 3029 596 3098 Amplius
625 3029 803 3082 adhuc
826 3026 1028 3096 aliquid
1063 3028 1127 3081 de
1156 3026 1460 3096 hujusmodi
1493 3028 1667 3098 gratia
1693 3028 1749 3082 in
1778 3027 1918 3083 divi-
1943 3066 1987 3125 ο
2021 3034 2094 3086 ita
2122 3031 2456 3102 intelligatur
2484 3031 2637 3100 quasi
2685 3030 2830 3084 aliud
2860 3045 2925 3085 ex
2958 3027 3075 3098 lege
3116 3044 3322 3096 semen,
3357 3038 3406 3082 et
3433 3025 3538 3079 aliud

349 3119 436 3174 nis
478 3118 676 3172 litteris
708 3129 1042 3171 memoratur
1085 3115 1154 3172 de
1201 3119 1357 3171 beata
1385 3117 1601 3174 Esther.
1639 3117 1730 3174 Sic
1769 3118 1917 3174 enim
1949 3115 1987 3125 '
2017 3137 2086 3176 ex
2116 3122 2220 3177 ﬁde
2249 3123 2466 3189 dixerit,
2493 3134 2551 3177 ut
2577 3134 2834 3192 tanquam
2877 3122 2946 3177 ab
2974 3132 3207 3190 utroque
3231 3122 3417 3175 semine
3445 3135 3538 3188 pro-

344 3212 426 3264 ait
476 3227 491 3263 :
533 3210 666 3276 Quia
710 3227 730 3261 ι
764 3218 885 3264 erat
927 3209 1129 3265 Esther
1174 3210 1457 3265 inveniens
1501 3210 1729 3281 gratiam
1777 3213 1920 3282 apud

344 3317 538 3360 omnes
568 3304 662 3374 qui
692 3304 950 3358 videbant
978 3319 1098 3358 eam
1131 3302 1194 3357 ἰ.
1229 3321 1248 3353 ι
1277 3302 1442 3357 Paulo
1470 3313 1594 3374 post
1613 3304 1744 3359 dicit
1767 3304 1920 3360 Scri-

349 3403 505 3464 ptura
539 3413 553 3448 :
595 3411 614 3445 ι
647 3393 861 3449 Invenit
909 3395 1138 3466 gratiam
1169 3394 1368 3449 Esther
1396 3409 1560 3462 super
1581 3409 1775 3450 omnes
1814 3411 1920 3450 cae-

351 3497 496 3539 teras
529 3485 769 3554 virgines
790 3524 805 3550 ,
856 3495 912 3539 et
958 3485 1214 3554 imposuit
1241 3485 1291 3539 ei
1322 3499 1417 3539 rex
1447 3484 1694 3538 diadema
1724 3485 1919 3540 mulie-

350 3580 449 3634 bre
476 3579 544 3634 ³².
577 3598 596 3631 ι
631 3579 756 3635 Haec
787 3589 969 3635 autem
1017 3595 1124 3633 non
1159 3579 1463 3646 importune
1486 3618 1500 3644 ,
1545 3578 1817 3644 arbitror,
1853 3577 1920 3632 de

348 3671 652 3739 Scripturis
690 3673 895 3727 sanctis
933 3670 1318 3740 requisivimus
1351 3669 1418 3722 ad
1449 3668 1917 3724 conﬁrmationem

349 3763 631 3833 apostolici
666 3763 829 3827 dicti,
880 3761 934 3816 in
982 3774 1090 3830 quo
1118 3760 1186 3815 de
1210 3759 1318 3814 ﬁde
1351 3769 1408 3814 et
1435 3761 1611 3829 gratia
1656 3759 1918 3828 disputat.

347 3853 439 3908 Ait
484 3867 619 3924 ergo
669 3871 683 3908 :
739 3871 758 3904 ι
792 3851 916 3906 Ideo
948 3867 1016 3906 ex
1076 3849 1214 3912 ﬁde,
1260 3859 1318 3903 ιιι
1347 3851 1642 3905 secundum
1689 3851 1918 3920 gratiam

349 3943 505 3995 ﬁrma
569 3941 642 3995 sit
692 3940 980 4010 promissio
1021 3940 1086 3993 ³³.
1128 3957 1148 3990 ι
1216 3938 1322 3993 Sed
1371 3948 1424 3994 et
1469 3941 1577 3995 hoc
1625 3940 1918 3996 notandum

345 4044 430 4089 est
471 4034 616 4103 quod
661 4034 768 4101 ait,
824 4051 843 4085 ι
876 4032 1002 4087 Ideo
1054 4046 1118 4086 ex
1163 4031 1307 4095 ﬁde,
1343 4041 1402 4085 ut
1450 4032 1745 4087 secundum
1795 4047 1921 4104 gra-

347 4127 479 4194 tiam
528 4124 683 4180 ﬁrma
735 4127 808 4180 sit
853 4122 1180 4194 promissio,
1214 4141 1234 4176 ι
1284 4122 1442 4192 quasi
1491 4124 1782 4179 03tendere
1823 4137 1917 4176 vo-

350 4216 465 4270 lans
499 4218 642 4286 quod
688 4217 734 4269 si
775 4232 843 4271 ex
889 4216 1004 4286 lege
1045 4223 1224 4279 esset,
1256 4226 1312 4269 et
1357 4230 1461 4268 non
1491 4230 1555 4269 ex
1588 4214 1758 4283 gratia
1795 4228 1922 4282 pro-

348 4307 568 4371 missio,
601 4308 754 4363 ﬁrma
785 4324 891 4364 uou
916 4320 1098 4379 esset;
1131 4327 1271 4366 nunc
1303 4322 1482 4365 autem
1516 4310 1721 4364 idcirco
1760 4307 1914 4362 ﬁrma

2022 3215 2206 3270 missio
2240 3214 2576 3270 haereditatis
2607 3213 2719 3286 (87)
2747 3215 2941 3269 debeat
2962 3214 3289 3283 exspectari,
3321 3213 3538 3265 invenitur

2020 3307 2299 3367 contraria
2349 3306 2531 3361 dicere
2576 3307 2662 3361 his
2693 3319 2815 3376 quae
2867 3306 3124 3374 superius
3178 3304 3401 3374 scripsit.
3442 3318 3531 3354 cum

2020 3395 2189 3450 ait“:
2215 3415 2234 3448 ι
2266 3395 2384 3450 Non
2416 3397 2559 3451 enim
2581 3397 2740 3466 hiqui
2760 3412 2826 3452 ex
2851 3397 2997 3466 lege,
3022 3397 3262 3450 literedes
3278 3391 3532 3462 sunt(88);v

2019 3486 2148 3542 item
2188 3487 2315 3542 alibi
2339 3487 2427 3540 δτι
2469 3505 2488 3538 ι
2535 3486 2883 3540 Arbitramur
2925 3485 3072 3541 enim
3099 3485 3380 3554 iustiﬁcari
3409 3481 3534 3536 homi-

2019 3593 2142 3633 nem
2175 3592 2270 3646 per
2301 3577 2462 3632 ﬁdem
2501 3578 2619 3631 sine
2644 3575 2907 3647 operibus
2930 3577 3100 3646 legis;
3131 3596 3150 3629 ι
3188 3587 3243 3632 et
3275 3572 3527 3629 rursum“:

2025 3689 2043 3721 ι
2083 3668 2140 3724 Si
2169 3671 2312 3723 enim
2363 3671 2416 3725 hi
2463 3671 2552 3741 qui
2599 3685 2667 3724 ex
2697 3669 2834 3738 lege,
2865 3669 3113 3724 haeredes
3147 3681 3293 3732 sunt,
3325 3675 3530 3721 evacuau

2019 3769 2106 3816 est
2134 3761 2288 3816 ﬁdes.
2323 3780 2341 3813 ι
2382 3761 2596 3816 Etenim
2631 3761 2676 3816 si
2701 3775 2771 3816 ex
2802 3761 2907 3815 ﬁde
2929 3759 3265 3828 justiﬁcatur
3286 3759 3424 3813 homo
3447 3756 3532 3809 sine

2019 3854 2276 3921 operibus
2305 3852 2460 3923 legis,
2498 3862 2553 3907 et
2585 3854 2827 3908 lueredes
2852 3868 2958 3906 nou
2995 3853 3132 3908 ﬁunt
3169 3853 3277 3924 (89)
3312 3852 3359 3906 hi
3390 3849 3464 3920 qui
3483 3860 3529 3900 ex

2020 3944 2138 4014 lege
2159 3954 2311 4010 sunt,
2345 3947 2614 4013 quomodo
2647 3961 2752 4001 non
2779 3950 3119 4002 contrarium
3145 3946 3398 4002 videbitur
3424 3939 3528 4010 quod

2023 4034 2077 4089 iu
2111 4035 2215 4090 hoc
2263 4035 2383 4090 loco
2435 4036 2592 4101 dicit,
2645 4036 2860 4090 ﬁrmam
2908 4053 3026 4092 esse
3053 4037 3438 4109 promissionem
3460 4043 3528 4101 per

2020 4127 2272 4196 gratiam,
2325 4142 2434 4181 nou
2469 4127 2521 4182 ei
2569 4136 2782 4182 tantum
2817 4129 3014 4184 semini
3049 4131 3196 4201 quod
3236 4144 3299 4184 ex
3331 4127 3428 4195 lege
3451 4131 3525 4182 est.

2018 4221 2114 4273 sed
2140 4228 2197 4273 et
2223 4220 2274 4273 ei
2307 4220 2451 4289 quod
2492 4235 2560 4274 ex
2596 4220 2703 4276 ﬁde
2740 4224 2862 4277 est?
2889 4223 2956 4278 Et
2983 4239 3106 4278 cum
3136 4223 3190 4277 in
3225 4216 3524 4290 superioribus

2019 4323 2114 4364 eos
2127 4311 2214 4379 qui
2243 4326 2310 4364 ex
2335 4311 2455 4377 lege
2477 4321 2604 4366 sunt
2637 4314 2901 4382 repulisse
2925 4314 3198 4379 videatur,
3229 4313 3310 4366 hic
3328 4323 3406 4365 eos
3425 4319 3524 4373 quo-

345 4400 451 4464 sit,
503 4403 628 4470 quia
675 4419 778 4458 nou
819 4419 886 4458 ex
935 4405 1085 4475 lege,
1136 4407 1234 4461 sed
1277 4420 1372 4472 per
1402 4402 1653 4472 gratiam.
1704 4399 1761 4454 in
1806 4416 1914 4470 quo
1945 4420 1990 4476 ι)
2021 4400 2178 4453 modo
2203 4409 2449 4468 exaequat
2477 4401 2560 4455 bis
2587 4417 2725 4471 quos
2761 4416 2824 4456 ex
2864 4404 2967 4457 ﬁde
2993 4417 3219 4472 sperare
3245 4400 3440 4468 gratiam
3463 4391 3521 4443 di-

345 4507 446 4560 ego
497 4503 627 4562 puto
677 4496 821 4564 quod
874 4496 979 4550 tale
1031 4497 1233 4566 aliquid
1290 4496 1514 4566 intelligi
1562 4494 1728 4558 velit,
1787 4493 1913 4564 quia

343 4599 465 4652 qua:
510 4600 577 4639 ex
625 4585 743 4652 lege
791 4598 948 4653 sunt,
999 4597 1153 4644 extra
1204 4603 1302 4643 nos
1348 4597 1473 4643 sunt
1516 4605 1531 4640 ε
1582 4601 1702 4655 qua:
1732 4594 1913 4639 autem

347 4691 447 4741 per
496 4677 761 4746 gratiam,
811 4679 956 4733 intra
1006 4694 1106 4735 nos
1143 4679 1430 4734 habentur.
1507 4675 1664 4733 Verbi
1724 4691 1916 4740 causa,

351 4766 516 4837 529
551 4781 672 4836 quae
714 4769 768 4822 in
802 4769 921 4839 lege
955 4770 1163 4838 scripta
1198 4777 1360 4832 sunt,
1412 4767 1625 4822 calamo
1663 4778 1721 4820 et
1769 4777 1917 4820 atra-

351 4871 533 4914 mento
561 4861 613 4914 in
634 4863 964 4917 membranis
984 4864 1066 4917 vel
1095 4864 1362 4918 chartulis
1383 4861 1585 4928 scripta
1608 4868 1768 4924 sunt;
1796 4873 1917 4928 qua

378 4960 526 5008 tatem
557 4967 625 5008 ex
656 4953 830 5023 gratia
882 4956 1243 5024 descendunt,
1289 4972 1384 5026 per
1433 4953 1696 5023 Spiritum
1733 4952 1827 5007 Dei
1859 4951 1913 5005 in

2023 4491 2136 4546 cit?
2170 4491 2276 4546 Sed
2311 4492 2445 4547 mihi
2487 4493 2703 4548 videtur
2734 4495 2876 4565 quod
2913 4497 3068 4562 dicit,
3102 4512 3121 4547 ι
3163 4492 3314 4550 Omni
3347 4483 3522 4546 semini.

2025 4598 2129 4637 nou
2166 4583 2217 4637 ei
2254 4585 2399 4653 quod
2436 4600 2503 4639 ex
2547 4585 2665 4657 lege
2695 4595 2776 4641 est
2806 4595 3036 4654 tantum,
3085 4588 3178 4642 sed
3203 4585 3317 4640 etei
3343 4578 3520 4650 quodex

2026 4678 2130 4733 ﬁde
2171 4689 2254 4734 est
2279 4679 2347 4747 ³³,
2380 4697 2399 4732 ι
2439 4679 2608 4750 legem
2646 4681 2758 4745 hic,
2797 4681 2939 4735 sicut
2980 4694 3123 4749 sazpe
3165 4677 3272 4747 jam
3319 4671 3518 4727 diximus.

2025 4771 2266 4826 iudicare
2295 4773 2622 4837 naturalem,
2664 4782 2720 4828 et
2747 4772 2849 4826 hoc
2888 4785 3162 4836 asserere,
3203 4766 3434 4839 quodnon
3458 4757 3517 4811 liis

2023 4860 2114 4928 qui
2143 4875 2210 4915 ex
2249 4861 2366 4933 lege
2405 4863 2637 4918 naturali
2685 4864 2860 4917 solum
2889 4863 3136 4926 veniunt,
3176 4863 3316 4915 ﬁrma
3353 4855 3412 4910 sit
3433 4862 3517 4919 pro!

2022 4952 2338 5017 missio,sed
2361 4964 2416 5007 et
2440 4954 2523 5008 his
2547 4953 2639 5023 qui
2667 4969 2732 5008 ex
2763 4953 2866 5007 ﬁde
2897 4953 3001 5022 legi
3027 4951 3321 5005 addiderint
3339 4935 3512 5000 naturali

449 5133 494 5164 ²¹
525 5133 541 5186 Ι
572 5132 697 5187 Cor.
725 5148 821 5195 xtt,
857 5133 910 5188 9.
991 5133 1036 5165 ³³
1064 5132 1258 5203 Philip.
1291 5151 1329 5194 ι.
1359 5133 1456 5189 29.
1525 5133 1572 5165 "‘
1601 5133 1732 5186 Luc.
1776 5147 1909 5203 xvu.

2019 5174 2029 5184 .
2077 5132 2336 5203 _"‘ltom.
2392 5149 2464 5192 tv.
2527 5133 2616 5186 16.
2689 5133 2914 5187 “Prov.
2972 5147 3054 5198 ιιι,
3113 5130 3293 5188 15-15.
3336 5119 3507 5203 faceti.

351 5209 421 5259 Vl,
447 5203 499 5258 8,

345 5283 420 5333 ιν,
457 5274 544 5329 16.
584 5274 844 5329 “llCor.
869 5290 954 5340 ιιι,
986 5277 1040 5330 5.

593 5204 640 5235 ’⁸
669 5203 835 5258 Exod.
871 5219 1066 5268 xxxm,
1100 5207 1187 5258 15.

440 5416 528 5488 85)
567 5419 679 5482 AL,
713 5436 733 5470 ι
773 5420 915 5474 ceris
935 5419 1190 5474 obtulerit
1216 5419 1596 5488 praeparatisu

440 5488 528 5560 86)
566 5491 694 5543 Mss.
727 5489 929 5558 plures,
959 5508 977 5541 ι
1003 5506 1108 5544 nou
1133 5491 1183 5544 ei
1216 5499 1426 5544 tantum
1453 5491 1548 5560 qui
1582 5503 1646 5542 ex
1671 5488 1786 5559 lege
1807 5497 1909 5553 est,

348 5559 440 5611 sed
475 5559 523 5627 ei
545 5561 636 5627 qui
663 5575 729 5611 ex
760 5561 864 5614 lide
895 5569 997 5614 est.
1031 5579 1050 5610 ι

419 5626 532 5702 (8])
566 5626 950 5702 ’l_1_wredit_atis.
971 5630 1126 5702 Deest
1159 5630 1212 5683 iu
1226 5629 1417 5702 editis.

427 5696 541 5765 (883)
582 5696 702 5751 Non
731 5700 868 5753 enim
897 5700 952 5752 lii
996 5701 1086 5770 qui
1119 5716 1182 5756 ea:
1218 5699 1348 5770 lege,
1378 5700 1610 5754 Ita'redes
1645 5709 1786 5752 sunt.
1818 5697 1909 5753 Sic

1283 5207 1327 5237 ²⁹
1362 5205 1495 5259 Gen.
1541 5219 1727 5266 xxxix,
1776 5202 1829 5256 4.
1905 5207 1909 5231 ⁵

2019 5201 2112 5258 ιίιΙ.
2157 5203 2248 5258 21.
2339 5203 2382 5235 ³¹
2428 5203 2626 5257 Esther
2674 5204 2853 5266 11,15.
2950 5205 2993 5234 ³³
3031 5203 3271 5262 ibitl.l7.
3335 5201 3493 5267 "Itum

1138 5275 1182 5306 ³⁸
1207 5275 1366 5330 Rom.
1393 5290 1466 5340 tv,
1496 5274 1582 5328 16.
1658 5261 1867 5328 “ibid.

2078 5273 2119 5304 ³⁷
2151 5273 2309 5328 Itom.
2344 5287 2425 5338 ιιι,
2451 5273 2521 5327 28
2593 5274 2639 5305 ³⁸
2661 5261 2820 5329 Rom.
2858 5288 2933 5340 Iv,
2964 5273 3050 5327 14.
3126 5261 3171 5308 ³⁵
3201 5276 3339 5327 ltum.
3367 5279 3423 5328 IV,
3449 5261 3506 5309 “5-

2339 5203 2382 5235 ³¹
2428 5203 2626 5257 Esther
2674 5204 2853 5266 11,15.
2950 5205 2993 5234 ³³
3031 5193 3271 5262 ibim”.
3335 5193 3506 5266 "item.

2013 5431 2204 5471 omnes
2227 5431 2360 5470 mss.
2393 5417 2566 5471 nostri
2611 5427 2666 5471 et
2712 5419 2880 5482 editi;
2923 5425 3161 5471 attamen
3190 5398 3504 5485 regenduuqti'

2013 5489 2194 5550 detur,
2229 5505 2248 5538 ι
2283 5486 2396 5540 Νοιι
2451 5489 2596 5542 enim
2643 5503 2739 5557 per
2792 5472 2961 5557 legent
2995 5472 3282 5553 promissio
3313 5472 3500 5557 Aliraltﬁ

2014 5567 2108 5610 aut
2139 5557 2328 5610 semini
2365 5557 2505 5624 ejus,
2553 5566 2612 5610 ut
2643 5550 3026 5612 'haeres'esset
3076 5559 3294 5620 mundi;
3323 5550 3396 5605 sed
3436 5550 3502 5609 Pcr

2008 5627 2275 5697 justitiam
2297 5626 2443 5680 ﬁdei.
2477 5647 2495 5678 ι

2087 5696 2199 5766 (89)
2235 5694 2398 5765 Editi,
2428 5715 2455 5755 ¹ι
2484 5712 2590 5752 non
2619 5696 2841 5763 iuerint,
2880 5697 3093 5770 i‘male.
