3684 6148
25 383 185 439 977

1045 389 1404 448 COMMENT.
1450 392 1515 446 IN
1555 393 1775 451 EPIST.
1812 394 1904 448 AD
1943 393 2112 452 ROM.
2154 394 2284 448 LIB.
2319 393 2411 450 Ν.

3246 399 3353 455 978

24 525 207 566 eam
244 513 400 568 ﬁdem
455 527 619 582 quam
669 512 864 568 habuit
921 493 1197 570 Abraham
1233 527 1390 585 pater
1429 527 1658 573 noster:
1691 531 1738 583 Α
1767 518 1893 572 bmn
1936 517 2056 581 Dei,
2110 533 2287 588 neque
2338 531 2560 572 suavem
2611 516 2837 574 odorem
2893 517 3080 588 capiat
3119 516 3348 583 Christi,

33 615 114 656 ut
170 622 286 659 non
339 609 474 659 duos
505 605 760 674 populos,
793 622 960 660 unum
990 622 1056 662 ex
1094 609 1228 671 lide,
1282 618 1338 662 ct
1385 608 1549 662 alium
1599 625 1663 664 ex

31 696 202 768 lege
235 699 478 752 indicare
525 699 799 765 videatur,
830 701 927 754 sed
974 716 1139 753 unum
1188 709 1356 770 atque
1390 700 1665 764 eumdem,

34 787 166 857 qui
211 805 315 843 non
347 789 520 843 solum
548 805 616 844 ex
645 791 762 862 lege
789 792 1028 846 naturali
1063 807 1168 863 qua
1194 807 1389 848 omnes
1420 793 1669 847 homines

34 893 333 947 utuntur,
369 884 460 938 sed
493 899 558 937 ex
585 885 687 939 ﬁde
721 885 876 954 cujus
904 887 1177 942 Abraham
1220 898 1415 941 auctor
1435 886 1664 953 exstitit,

35 974 295 1042 placeat
320 975 427 1030 Deo
463 999 475 1030 ;
512 990 619 1044 quo
667 977 879 1032 scilicet
931 981 1208 1045 ostendat,
1260 980 1406 1050 quod
1456 981 1500 1035 si
1533 980 1661 1050 quis

37 1066 284 1122 haheat
314 1067 522 1138 integra
555 1069 736 1123 omnia
771 1085 890 1140 quae
923 1071 1007 1126 lex
1050 1073 1241 1128 edocet
1273 1074 1562 1140 naturalis,
1610 1083 1667 1130 et

39 1158 112 1210 in
157 1157 319 1212 nullo
353 1173 478 1213 eum
529 1160 740 1226 peccati
769 1162 1107 1217 conscientia
1141 1164 1519 1232 reprehendat,
1557 1179 1663 1218 non

41 1251 500 1306 tamen‘habeat
532 1252 702 1306 etiam
751 1251 875 1306 ﬁdei
908 1255 1166 1322 gratiam,
1196 1270 1301 1308 non
1347 1271 1506 1325 posse
1541 1270 1664 1310 eum

33 1343 389 1412 iustiﬁcari.
419 1343 582 1399 Fides
622 1346 764 1400 enim
796 1355 1042 1416 est,qu:e
1069 1347 1134 1402 ad
1161 1348 1428 1418 justitiam
1452 1360 1666 1419 reputa-

42 1445 186 1494 tur.
222 1436 292 1491 Et
321 1438 424 1492 hoc
473 1438 635 1494 modo
686 1438 872 1492 habita
933 1439 1216 1496 distinctio
1249 1442 1429 1497 reddit
1463 1443 1666 1498 intelli-

42 1529 320 1599 gentiam
344 1530 643 1601 planiorem
679 1550 692 1585 :
725 1542 889 1601 atque
923 1548 986 1586 ea
1005 1549 1125 1602 qua:
1148 1535 1424 1589 contraria
1467 1546 1663 1606 putan-

41 1631 182 1686 tur,
215 1635 456 1677 cousona
478 1639 598 1679 esse
626 1625 796 1680 etsibi
817 1625 1048 1679 invicem
1069 1626 1453 1681 concordantia
1473 1629 1664 1698 depre-

46 1717 410 1771 henduntur.
434 1715 509 1770 De
539 1718 852 1772 diversitate
875 1726 1052 1771 autem
1081 1717 1282 1788 legum,
1311 1721 1454 1789 quod
1488 1721 1539 1775 in
1561 1721 1661 1778 hac

53 1808 364 1877 praecipue
387 1806 626 1877 Epistola
646 1823 788 1876 saepe
810 1809 1104 1878 Apostolus
1129 1809 1294 1862 etiam
1322 1810 1557 1867 latenter
1604 1822 1662 1866 et

1776 625 1951 680 neque
1990 619 2172 679 gustet
2207 613 2406 666 bonum
2438 609 2531 665 Dei
2575 611 2799 665 verbum
2821 609 2891 677 “,
2925 627 3103 681 neque
3154 628 3354 667 manus

1773 700 1891 769 ejus
1917 709 2252 771 pertractent
2289 701 2357 755 de
2377 700 2540 755 verbo
2572 703 2695 755 vitae
2721 700 2788 769 "',
2818 701 3130 771 huiusmodi
3174 703 3352 758 homi-

1775 807 1871 848 nes
1904 793 2095 846 merito
2153 793 2349 847 mortui
2407 793 2764 863 appellantur.
2813 793 2975 848 Tales
3016 796 3219 849 invenit
3251 811 3349 851 nos

1773 885 2039 938 adventus
2071 884 2294 950 Christi,
2332 885 2426 940 sed
2452 885 2744 939 viviﬁcavit
2771 900 2869 954 per
2895 884 3134 954 gratiam
3169 901 3346 952 suam,

1773 975 1916 1028 sicut
1954 982 2008 1028 et
2034 973 2164 1029 alibi
2195 974 2326 1028 dicit
2357 975 2500 1030 idem
2539 974 2838 1044 Apostolus
2869 992 2882 1028 :
2921 993 2938 1026 ι
2973 975 3040 1029 Et
3073 990 3174 1030 nos
3223 992 3343 1030 cum

1773 1066 1972 1120 mortui
2025 1070 2270 1120 essemus
2322 1066 2537 1122 deliCtis
2583 1076 2641 1122 et
2664 1067 2899 1136 peccatis
2928 1069 3152 1132 nostris,
3183 1068 3345 1122 simul

1771 1174 1893 1213 cum
1926 1158 2016 1212 illo
2049 1158 2392 1213 resuscitavit
2425 1173 2524 1213 nos
2553 1158 2622 1212 ⁸⁸.
2666 1177 2683 1212 »
2717 1157 2806 1213 Vis
2833 1167 3012 1213 autem
3047 1159 3141 1214 tibi
3195 1170 3251 1214 et
3279 1161 3347 1217 de

1773 1251 2070 1322 Scripturis
2105 1251 2440 1322 propheticis
2494 1251 2786 1321 approbari
2824 1253 2968 1322 quod
3011 1267 3204 1309 omnes
3252 1255 3345 1324 qui

1773 1347 1916 1402 idola
1941 1346 2148 1411 colunt,
2172 1354 2228 1400 et
2252 1346 2534 1401 conﬁdunt
2560 1347 2614 1400 in
2637 1345 2741 1411 eis,
2792 1345 2991 1400 mortui
3021 1344 3193 1401 sunt?
3219 1347 3345 1402 audi

1770 1439 1940 1494 David
1968 1421 2242 1508 quomodo
2271 1438 2443 1492 dicit:
2477 1456 2497 1490 ‹
2530 1436 2831 1492 Simulacra
2868 1437 3108 1508 gentium
3145 1452 3344 1506 argen-

1772 1541 1884 1586 tum
1901 1541 1956 1586 et
1979 1545 2193 1594 aurum,
2219 1542 2379 1598 opera
2407 1544 2664 1583 manuum
2691 1529 2994 1584 hominum.
3019 1529 3093 1585 Os
3114 1529 3343 1596 habent,

1769 1627 1954 1674 etnon
1985 1618 2282 1688 loquentur
2311 1634 2326 1670 :
2355 1619 2542 1674 oculos
2569 1619 2792 1684 habent,
2821 1628 2878 1674 et
2911 1635 3016 1674 non
3049 1620 3337 1676 videbunt:

1769 1728 1932 1769 aures
1966 1713 2185 1779 habent,
2227 1721 2284 1767 et
2319 1727 2424 1766 non
2461 1711 2683 1766 audient
2705 1713 2777 1766 δ’.
2807 1731 2826 1764 ι
2856 1711 2926 1768 Et
2950 1720 3069 1780 post
3095 1713 3344 1784 aliquan-

1769 1815 1861 1860 ta:
1907 1823 1927 1856 ‹
1969 1785 2430 1876 δὶιηίιθεξίιιᾳυὶι,
2472 1805 2606 1858 ﬁant
2643 1805 2725 1860 eis
2767 1807 2859 1875 qui
2897 1805 3107 1862 faciunt
3139 1821 3226 1872 ea,
3279 1813 3339 1863 et

43 1896 258 1951 subito
273 1898 340 1952 ab
358 1897 458 1952 alia
478 1897 546 1953 ad
558 1899 716 1952 aliam
738 1899 906 1967 legem
926 1899 1195 1953 sermonis
1209 1901 1454 1957 ordinem
1472 1914 1658 1972 mutet,

1835 1912 1960 1951 anes
1985 1897 2076 1966 qui
2110 1897 2390 1952 conlidunt
2415 1895 2470 1950 in
2494 1899 2596 1951 eis.
2626 1915 2647 1950 ι
2666 1895 2830 1953 Vides
2853 1908 3095 1953 mortuos
3120 1913 3258 1964 esse,
3287 1907 3344 1955 et

44 1989 392 2059 frequenter
415 1991 776 2073 ostendimus,
807 2003 858 2047 et
882 1992 1071 2047 eadem
1101 1996 1307 2050 iterare
1323 1996 1660 2065 superﬂuum

44 2092 173 2136 est.
211 2081 362 2136 Bene
383 2091 562 2136 autem
597 2083 664 2137 de
707 2083 980 2138 Abraham
1011 2099 1118 2138 non
1146 2084 1282 2139 dixit
1319 2104 1332 2140 :
1365 2084 1527 2140 Pater
1547 2101 1663 2141 om-

45 2173 264 2239 nium;
313 2173 406 2228 sed
449 2174 569 2228 ait:
609 2193 629 2226 ‹
664 2175 825 2230 Pater
865 2177 1106 2231 omnium
1145 2185 1394 2232 nostrum
1424 2178 1503 2244 ⁸⁰;
1546 2197 1564 2230 ι
1607 2179 1661 2234 id

47 2275 177 2332 est,
219 2281 330 2320 non
361 2266 452 2335 qui
487 2281 555 2321 ex
591 2266 709 2336 lege
745 2267 1168 2337 descendimus,
1209 2271 1303 2326 sed
1342 2271 1434 2341 qui
1463 2285 1528 2324 ex
1557 2270 1664 2327 ﬁde

49 2373 84 2408 a
125 2356 265 2427 lege
295 2356 644 2413 succedimus
688 2358 824 2431 (90).
886 2359 954 2414 Et
996 2361 1127 2431 quia
1168 2361 1410 2416 omnium
1441 2365 1531 2433 qui
1559 2364 1662 2419 hu-

46 2449 310 2518 jusmodi
335 2457 464 2504 sunt
487 2458 640 2517 pater
667 2459 776 2517 est,
807 2454 1006 2506 merito
1041 2454 1420 2522 promissionis
1465 2457 1662 2512 divina:

54 2542 414 2597 sententiam
442 2541 494 2596 in
523 2545 994 2612 consequentibus
1012 2547 1192 2615 posuit
1218 2547 1404 2604 dicens
1429 2565 1483 2602 τε
1507 2549 1661 2606 Sicut

55 2636 342 2704 scriptum
371 2643 454 2690 est
477 2649 494 2691 :
521 2634 659 2702 Quia
682 2647 890 2707 patrem
919 2639 1211 2694 multarum
1235 2643 1475 2708 gentium
1504 2645 1658 2713 posui

58 2733 143 2788 te,
172 2733 306 2778 ante
338 2737 459 2777 eum
497 2725 585 2780 cui
619 2726 852 2803 credidit
887 2726 1056 2780 Deum
1079 2727 1150 2782 ⁸³.
1194 2749 1214 2782 ›
1252 2730 1310 2785 Si
1349 2746 1479 2802 ergo
1504 2743 1661 2803 pater

59 2816 298 2870 futurus
349 2830 473 2871 esse
526 2817 869 2888 promittitur
931 2819 1224 2874 multarum
1258 2824 1522 2892 gentium,
1551 2842 1658 2882 non

60 2908 356 2964 immerito
383 2919 542 2980 pater
566 2919 618 2964 et
658 2924 848 2965 eorum
878 2913 970 2982 qui
1001 2928 1069 2969 ex
1094 2916 1368 2985 gentibus,
1396 2925 1657 2973 eteorum

60 2999 163 3069 qui
193 3016 263 3054 ex
283 3001 708 3058 circumcisione
735 3003 994 3072 veniunt,
1043 3008 1378 3063 nominatur.
1403 3010 1471 3064 Et
1506 3020 1660 3067 recte

61 3093 288 3148 addidit
311 3107 378 3148 ex
425 3109 524 3150 sua
574 3096 1031 3167 interpretatione
1083 3100 1377 3170 Apostolus
1412 3119 1425 3155 :
1461 3121 1480 3155 ι
1519 3105 1660 3160 Ante

63 3200 200 3240 cum
238 3185 325 3240 cui
363 3186 596 3242 credidit
645 3189 813 3242 Deum
844 3205 859 3242 :
904 3206 924 3242 ι
960 3189 1065 3244 hoc
1091 3199 1198 3257 est,
1240 3203 1397 3262 pater
1450 3196 1657 3262 positus

1768 1989 1976 2044 similes
2005 1988 2319 2044 simulacris
2339 1987 2564 2044 effectos
2586 2003 2682 2043 eos
2729 1989 2822 2059 qui
2850 1990 3038 2045 colunt
3061 2004 3124 2044 ea
3159 2001 3216 2045 et
3245 1991 3342 2060 qui

1765 2084 2052 2140 conﬁdunt
2105 2084 2158 2137 in
2216 2083 2317 2139 eis.
2350 2083 2507 2140 Unde
2546 2084 2860 2153 diligentius
2916 2085 3232 2140 intueamur
3291 2085 3338 2140 si

1765 2176 1908 2232 forte
1940 2177 2085 2232 sicut
2128 2177 2182 2231 hi
2224 2176 2316 2246 qui
2351 2175 2536 2231 colunt
2562 2175 2707 2230 idola
2739 2183 2794 2230 et
2822 2174 3098 2230 conﬁdunt
3129 2177 3182 2230 in
3232 2177 3337 2241 eis,

1764 2269 1969 2326 similes
1997 2269 2078 2324 eis
2106 2269 2221 2324 ﬁeri
2253 2268 2638 2324 dicunturzita
2672 2279 2726 2323 et
2754 2267 2807 2322 hi
2834 2267 2924 2337 qui
2955 2283 3138 2322 verum
3169 2269 3337 2323 Deum

1763 2363 1972 2426 colunt,
2006 2371 2061 2417 et
2108 2362 2384 2417 conﬁdunt
2409 2361 2464 2415 in
2495 2375 2580 2426 eo,
2614 2360 2822 2417 similes
2848 2362 2898 2415 ei
2939 2361 3094 2416 ﬁant.
3122 2361 3189 2416 Et
3236 2362 3338 2418 hoc

1762 2465 1848 2512 est
1877 2455 2129 2511 fortassis
2160 2453 2303 2524 quod
2335 2455 2389 2507 in
2440 2453 2609 2508 initiis
2640 2452 2823 2518 homo,
2853 2468 2975 2508 cum
3002 2454 3336 2522 propositum

1764 2546 1956 2601 fuisset
2001 2555 2060 2601 ut
2087 2545 2154 2600 ad
2186 2545 2472 2617 imaginem
2505 2555 2563 2601 et
2590 2546 3000 2602 similitudinem
3032 2548 3125 2602 Dei
3159 2550 3335 2615 ﬁeret,

1763 2638 1832 2693 ad
1883 2636 2172 2707 imaginem
2214 2637 2433 2706 quidem
2462 2635 2638 2700 lactus
2666 2646 2773 2704 est,
2825 2638 3122 2693 similitudo
3154 2649 3335 2695 autem

1763 2728 1928 2783 dilata
1954 2737 2040 2782 est
2069 2729 2140 2782 ob
2168 2727 2273 2782 hoc
2303 2735 2363 2781 ut
2391 2727 2540 2795 prius
2565 2728 2867 2782 conﬁderet
2895 2729 2949 2783 in
2974 2729 3162 2794 Deum,
3186 2736 3241 2783 et
3261 2729 3338 2783 ita

1763 2819 1918 2874 ﬁeret
1962 2819 2158 2876 similis
2195 2819 2268 2885 ei,
2303 2828 2358 2874 et
2390 2820 2504 2888 ipse
2528 2819 2744 2873 audiret
2769 2818 2897 2889 quia
2941 2818 3136 2874 similis
3168 2821 3217 2874 ei
3245 2819 3340 2874 ﬁet
3399 2850 3405 2855 -

1765 2913 1948 2968 omnis
2002 2913 2096 2984 qui
2147 2911 2378 2969 conﬁdit
2425 2911 2480 2964 in
2528 2927 2674 2966 eum.
2721 2909 2848 2967 Hac
2898 2926 2993 2981 per
3049 2925 3334 2966 excessum

1761 3006 2049 3076 quemdam
2077 3005 2400 3062 sociavimus
2423 3006 2506 3060 his
2539 3019 2658 3074 qua:
2683 3005 2750 3059 de
2777 3004 2969 3059 mortis
3002 3016 3204 3074 genere
3225 3003 3338 3056 dis-

1763 3099 2063 3163 seruimus,
2097 3107 2158 3152 ut
2211 3096 2558 3152 manifesﬁus
2584 3097 2738 3151 ﬁeret
2767 3096 2967 3165 quibus
2996 3095 3169 3149 modis
3193 3095 3336 3148 Deus

1762 3190 2010 3244 viviﬁcat
2051 3198 2314 3244 mortuos.
2359 3189 2466 3244 Sed
2494 3197 2550 3243 et
2591 3188 2733 3258 quod
2776 3188 2832 3242 in
2868 3187 3329 3256 consequentibus

62 3286 154 3332 est
189 3278 488 3332 multarum
527 3281 771 3348 gentium
800 3290 926 3336 ante
965 3281 1139 3351 ipsum
1171 3284 1340 3340 Deum
1363 3287 1450 3342 cui
1474 3289 1656 3344 credi-
1683 3281 1727 3340 ϐ
1761 3283 1913 3347 dicit,
1951 3301 1970 3335 ι
2007 3282 2074 3337 Et
2103 3291 2264 3338 vocat
2295 3296 2358 3336 ea
2383 3297 2504 3350 qna:
2528 3297 2634 3336 non
2663 3289 2810 3346 sunt,
2846 3289 3100 3349 tanquam
3129 3295 3191 3334 ea
3214 3294 3334 3348 qua:

65 3372 172 3437 dit,
201 3371 359 3439 cujus
401 3374 816 3441 promissioues,
848 3387 902 3430 et
941 3393 969 3432 a
997 3395 1104 3449 quo
1147 3380 1488 3450 signaculum
1533 3382 1658 3438 ﬁdei

67 3463 122 3517 in
141 3465 564 3521 circumcisione
578 3469 836 3537 suscepit.
862 3468 1144 3536 Quomodo
1163 3488 1294 3544 ergo
1316 3474 1658 3531 circumcisio

66 3565 291 3623 patrem
333 3556 438 3611 sibi
487 3560 704 3627 proprie
757 3561 1002 3618 defendit
1053 3564 1332 3620 Abraham
1361 3567 1497 3637 (9i),
1534 3582 1657 3622 cum

71 3647 164 3701 ille
195 3649 316 3718 ipse
349 3646 512 3713 Deus,
539 3652 628 3720 qui
659 3652 708 3706 ei
745 3654 1214 3710 circumcisionem
1249 3658 1417 3725 dedit,
1459 3659 1660 3715 multa-

71 3754 194 3793 rum
232 3755 355 3794 eum
382 3743 624 3810 gentium
655 3746 1166 3816 posueritpatrem?
1207 3747 1358 3815 Quod
1383 3750 1427 3803 si
1461 3750 1658 3820 aliquis

72 3831 180 3886 hoc
213 3832 283 3886 ad
313 3831 557 3888 lsmaelis
597 3835 969 3904 posteritatem
1007 3837 1240 3892 voluerit
1288 3838 1372 3893 vel
1402 3839 1656 3895 Cethura:

71 3935 420 3990 convertere,
450 3928 763 3982 occurritei
795 3930 946 3999 quod
989 3913 1250 4001 scriptum
1286 3943 1372 3987 est
1401 3933 1486 3988 ηε
1519 3933 1655 4001 Quia

78 4036 97 4067 ‹
120 4017 520 4073 benedicentur
543 4021 594 4074 iu
627 4030 678 4075 te
708 4036 899 4078 omnes
925 4024 1098 4077 tribus
1118 4033 1327 4078 terram
1353 4023 1466 4080 Hoc
1488 4029 1653 4081 etiam

73 4108 126 4162 "in
163 4111 461 4180 Evangelia
492 4111 732 4168 Joannes
781 4114 998 4169 diccbat
1056 4115 1206 4187 (92):
1238 4133 1257 4166 ι
1287 4117 1425 4183 Quia
1462 4128 1655 4185 potens

74 4212 159 4255 est
185 4201 331 4257 Deus
351 4203 416 4257 de
439 4204 705 4274 lapidibus
724 4205 840 4258 istis
853 4206 1122 4261 suscitare
1150 4207 1286 4262 lilios
1305 4207 1536 4262 Abrahae
1551 4208 1648 4261 ⁸³.»

74 4291 299 4346 Addidit
333 4302 512 4348 autem
548 4294 601 4349 in
627 4294 1083 4364 subsequentibus
1103 4296 1186 4351 ’δε
1225 4317 1246 4348 σ
1280 4298 1381 4365 Qui
1414 4299 1656 4354 viviﬁcat

81 4381 242 4454 53o
267 4397 528 4450 mortuos,
556 4395 608 4440 et
640 4399 800 4442 vocat
829 4405 892 4444 ea
933 4405 1052 4458 qua:
1078 4405 1184 4445 non
1208 4399 1356 4457 sunt,
1395 4400 1652 4461 tanquam

78 4489 142 4527 ea
179 4492 304 4545 quae
335 4487 481 4532 sunt.
520 4495 540 4530 ι
576 4478 818 4534 Mortuos
853 4481 941 4536 hic
967 4482 1275 4552 secundum
1299 4482 1497 4536 animae
1527 4497 1656 4550 pec-

81 4579 258 4622 catum
315 4566 685 4640 intelligimus,
719 4573 976 4642 quoniam
1012 4593 1030 4624 ι
1064 4574 1267 4640 anima,
1301 4574 1495 4643 inquit,
1529 4590 1651 4644 qua:

82 4671 290 4729 peccat,
327 4663 682 4723 morietur“.
730 4685 749 4717 ›
799 4666 954 4721 Sicut
982 4667 1129 4722 enim
1160 4670 1214 4721 in
1246 4677 1420 4723 morte
1457 4683 1652 4737 corpo-

85 4753 180 4806 rali
207 4763 440 4822 pereunt
472 4769 684 4821 sensus,
708 4766 766 4809 ut
789 4771 854 4810 ne
878 4756 1000 4826 quis
1024 4756 1160 4810 ultra
1180 4773 1276 4826 per
1304 4771 1523 4827 corpus,
1557 4772 1652 4811 ne-

85 4857 186 4910 que
200 4844 466 4910 auditum,
484 4860 656 4914 neque
676 4849 919 4912 odorem,
935 4854 1255 4918 autgustum
1275 4846 1652 4918 rccipiat(95),

87 4936 164 4989 vel
191 4946 394 4990 tactum
427 4953 442 4991 :
485 4939 558 4993 ita
589 4949 642 4993 et
696 4941 788 5009 qui
826 4941 1103 5009 spiritales
1134 4957 1328 4996 sensus
1365 4940 1417 4994 in
1471 4941 1653 4994 anima

89 5028 400 5092 perdiderit,
427 5041 484 5082 ut
515 5045 624 5083 non
657 5031 837 5086 videat
876 5033 1067 5099 Deum,
1096 5047 1275 5100 neque
1308 5032 1492 5086 audiat
1525 5047 1649 5086 ver-

1760 3385 1887 3430 sunt
1913 3375 1981 3443 ⁵⁸,
2023 3395 2042 3428 ι
2077 3377 2351 3446 quomodo
2379 3374 2604 3444 intelligi
2633 3373 2848 3439 debeat,
2873 3374 3178 3428 videamus.
3202 3370 3337 3426 Fre-

1761 3477 1994 3536 quenter
2020 3467 2151 3522 etin
2175 3467 2298 3521 aliis
2331 3466 2680 3537 exposuimus
2711 3465 2853 3534 quod
2886 3464 3030 3520 Deus
3052 3465 3199 3520 solus
3247 3473 3334 3518 est

1757 3561 1850 3630 qui
1882 3560 2050 3615 dicit:
2085 3578 2104 3612 ς
2134 3560 2247 3628 Ego
2282 3575 2398 3616 sum
2430 3558 2522 3629 qui
2559 3574 2678 3612 sum
2705 3559 2785 3624 ἰς
2827 3578 2846 3611 ι
2879 3568 2934 3613 et
2969 3573 3074 3612 una
3111 3567 3195 3613 est
3241 3558 3332 3612 illa

1759 3653 1852 3708 Dei
1885 3652 2191 3708 substantia
2219 3667 2339 3720 qua:
2369 3667 2586 3722 semper
2616 3661 2732 3718 est;
2765 3652 2848 3705 cui
2878 3651 2922 3706 si
2968 3653 3091 3720 quis
3137 3667 3196 3705 se
3229 3651 3330 3704 ad-

1753 3745 2019 3817 iunxerit,
2052 3760 2190 3799 unus
2218 3745 2280 3799 ﬁt
2318 3760 2442 3799 cum
2477 3759 2541 3800 eo
2574 3743 2886 3812 spiritus",
2938 3754 2993 3798 et
3036 3758 3132 3812 per
3178 3740 3331 3796 illum

1757 3841 1850 3908 qui
1904 3854 2124 3909 semper
2148 3847 2253 3905 est,
2291 3838 2456 3892 etiam
2507 3837 2624 3907 ipse
2661 3850 2784 3892 esse
2813 3835 3035 3890 dicitur.
3072 3833 3172 3900 Qui
3199 3847 3330 3887 vero

1757 3929 1915 4000 longe
1933 3939 2016 3984 est
2043 3929 2110 3984 ab
2131 3943 2217 3994 eo,
2237 3943 2336 3983 nec
2364 3928 2706 3997 participium
2734 3927 2851 3996 ejus
2879 3925 3068 3991 sumit,
3100 3939 3166 3980 ne
3209 3937 3333 3978 esse

1757 4023 1979 4091 quidem
2009 4021 2234 4088 dicitur,
2263 4021 2407 4076 sicut
2437 4034 2655 4074 eramus
2677 4034 2778 4072 nos
2804 4030 2993 4088 gentes
3013 4013 3325 4090 priusquam

1756 4114 1822 4167 ad
1853 4113 2185 4182 agnitionem
2223 4113 2468 4168 veritatis
2517 4113 2713 4166 divina:
2741 4110 3080 4178 veniremus;
3108 4121 3162 4167 et
3206 4111 3330 4167 ideo

1757 4203 1955 4258 dicitur
1987 4201 2132 4258 Deus
2161 4217 2358 4257 vocare
2393 4220 2412 4255 ι
2447 4215 2507 4256 ea
2539 4217 2658 4271 quin
2684 4215 2787 4255 non
2805 4211 2952 4266 sunt,
2986 4211 3240 4270 tanquam
3263 4217 3329 4258 ea

1755 4310 1876 4365 quae
1902 4304 2048 4350 sunt.
2094 4314 2114 4346 ι
2152 4293 2298 4348 lnter
2318 4311 2414 4350 eos
2440 4295 2585 4349 enim
2617 4295 2707 4365 qui
2736 4305 2883 4358 sunt,
2911 4293 2964 4346 id
2982 4302 3067 4348 est
3091 4295 3182 4364 qui
3207 4308 3333 4363 par-

1758 4387 2127 4457 ticipationem
2159 4388 2363 4443 habent
2391 4387 2613 4458 ejusqni
2644 4386 3124 4451 est,Abraham,et
3154 4387 3328 4454 lsaac,

1755 4487 1810 4533 et
1850 4477 2044 4544 Jacob,
2088 4490 2144 4534 et
2194 4480 2382 4534 caeteri
2430 4483 2605 4536 sancti
2648 4493 3032 4536 numerantur.
3076 4479 3231 4547 Quod
3280 4480 3328 4534 si

1757 4581 1954 4642 gentes
1988 4571 2257 4626 credendo
2305 4574 2360 4625 in
2392 4572 2550 4626 Iidem
2589 4574 2813 4626 veniunt
2841 4572 3094 4636 Abrahae,
3133 4584 3330 4626 conse-

1756 4675 1989 4735 quenter
2017 4667 2340 4734 pronuntiat
2364 4665 2660 4734 Apostolus
2687 4667 2832 4734 quod
2879 4665 3022 4718 Deus
3053 4664 3332 4718 vocaverit

1707 4814 1719 4822 ,
1759 4775 1779 4808 ‹
1811 4773 1874 4812 ea
1903 4771 2024 4826 qua:
2053 4771 2161 4810 non
2195 4765 2338 4821 sunt,
2373 4767 2631 4824 tanquam
2659 4771 2723 4810 ea
2758 4770 2882 4825 quae
2907 4763 3055 4810 sunt.
3091 4773 3111 4806 ι
3144 4751 3332 4807 Potest

1759 4862 1939 4905 tamen
1970 4851 2135 4905 etiam
2173 4848 2306 4904 illud
2339 4849 2574 4912 adverti,
2599 4859 2657 4902 ut
2683 4849 2735 4902 in
2777 4849 2880 4903 hoc
2908 4848 3030 4902 loco
3053 4863 3182 4916 erga
3209 4847 3326 4902 lau—

1757 4940 1852 4995 des
1884 4939 1977 4994 Dei
2003 4941 2293 5009 Apostolus
2315 4939 2475 4994 latius
2506 4941 2755 4995 videatur
2777 4940 3000 5004 eﬁ'usus,
3032 4949 3089 4994 et
3115 4939 3327 4992 initium

1758 5033 1947 5100 primae
1973 5029 2088 5098 ejus
2129 5041 2399 5085 creaturae
2429 5047 2550 5084 cum
2581 5031 2941 5086 admiratione
2966 5044 3326 5091 memorasse,

157 5122 208 5192 ‘1
230 5119 390 5176 Rom.
424 5139 499 5180 tv.
535 5123 623 5180 16.
699 5125 741 5157 ⁸⁸
777 5126 910 5182 ibid.
937 5127 1026 5181 l7.
1101 5126 1145 5158 δ’
1168 5126 1307 5180 Gen.
1341 5142 1442 5191 xu,
1468 5127 1521 5181 ’5.
1595 5128 1642 5158 ⁸⁸

1835 5145 1866 5181 I.
1905 5145 1982 5192 lli,
2017 5128 2071 5182 9.
2143 5127 2189 5159 “
2221 5127 2377 5180 Rom.
2400 5142 2471 5189 Iv,
2505 5127 2592 5182 l7.
2669 5125 2716 5160 “
2743 5127 2938 5181 Ezech.
2967 5142 3123 5190 xvm,
3151 5125 3206 5190 4,
3232 5125 3324 5179 20.

92 5187 133 5263 to
165 5189 330 5263 Hebr,
369 5208 439 5256 τι,
479 5194 531 5247 5.
610 5195 703 5249 "1
737 5196 894 5252 Joan.
929 5215 969 5263 t,
1020 5199 1071 5254 1ο

91 5259 134 5292 ⁸³
163 5262 179 5314 I
207 5263 332 5316 Cor.
368 5278 440 5328 vt,
477 5264 564 5318 17.

161 5353 387 5427 (90)]ιθ
417 5356 572 5410 editi.
599 5357 722 5412 Mss.
759 5371 915 5420 vero,
956 5374 976 5407 ς
1007 5357 1098 5413 sed
1123 5357 1212 5425 qui
1243 5371 1307 5410 ex
1331 5355 1438 5412 ﬁde
1458 5372 1521 5412 ac
1547 5357 1661 5427 lege

98 5425 452 5479 succedimus.
488 5446 507 5479 ι
543 5427 642 5481 Ms.
680 5443 838 5488 unus,
873 5443 892 5475 ι
926 5429 1019 5479 sed
1051 5430 1140 5495 qui
1182 5443 1247 5480 ex
1291 5428 1415 5481 lidei
1464 5445 1492 5480 a
1540 5425 1660 5495 lege

100 5495 468 5566 succedimus;
503 5516 522 5548 ι
561 5513 679 5566 qua:
705 5497 870 5548 verba
895 5497 975 5549 sic
1000 5497 1360 5550 emendantur
1387 5499 1439 5550 in
1470 5500 1659 5550 eodem

100 5565 306 5635 codice,
337 5583 356 5615 ι
392 5567 487 5619 sed
515 5565 606 5635 qui
654 5567 777 5620 ﬁdei
808 5582 875 5619 ex
908 5568 1022 5633 lege
1063 5569 1424 5620 succedimus.
1473 5586 1491 5618 ι
1526 5566 1653 5619 For-

105 5640 242 5706 tasse
270 5634 578 5706 legendum,
607 5639 735 5690 «sed
765 5638 856 5702 qui
901 5651 968 5688 ex
1000 5635 1103 5690 ﬁde
1129 5637 1231 5705 legi
1263 5638 1653 5690 succedimus.)

169 5703 276 5776 (91)
315 5703 602 5761 [lbra/tam.
652 5707 808 5760 Deest
847 5707 898 5759 in
940 5717 1101 5759 antea
1138 5703 1320 5770 editis,
1351 5709 1441 5775 qui
1475 5719 1656 5776 postea

106 5771 314 5897 323cm,
352 5792 370 5824 ι
409 5789 535 5829 cum
568 5778 682 5846 ipse
719 5777 860 5832 Deus
899 5777 992 5848 qui
1023 5792 1142 5832 eam
1185 5771 1655 5833 circumcisioncin

197 5854 260 5897 tt.
287 5863 306 5896 ι
326 5855 433 5897 etc.

197 5854 260 5912 tt,
287 5863 306 5896 ι
326 5855 433 5901 etc.

1165 5197 1210 5229 ⁸⁸
1235 5196 1434 5266 Ephes.
1481 5211 1545 5259 tt,
1578 5198 1632 5253 5.
1707 5198 1899 5255 “Psal.
1925 5214 2082 5264 cxut,
2105 5198 2139 5253 4
2163 5212 2282 5266 seq.

2354 5197 2401 5229 ⁸⁰
2425 5197 2584 5254 Rom.
2610 5213 2692 5262 ιν,
2721 5199 2810 5252 17.
2860 5199 2905 5229 ⁵³
2927 5199 3095 5252 Exod.
3127 5210 3210 5260 Ill,
3238 5195 3322 5250 l6.

1836 5357 1948 5429 (92)
1990 5358 2080 5413 Sic
2109 5376 2208 5414 ms.
2243 5377 2404 5416 unus.
2429 5362 2619 5416 Cmtert
2649 5377 2778 5416 vero
2806 5379 2935 5415 mss.
2972 5371 3026 5414 et
3051 5359 3316 5416 Salodiani

1760 5431 1926 5482 editio
1959 5429 2223 5506 habent):
2257 5433 2517 5506 Dominus
2549 5433 2826 5506 dicebat.)
2856 5431 3134 5506 Merlinus,
3156 5429 3326 5484 Eras-

1763 5516 1883 5552 lltllS
1911 5511 1965 5552 et
2002 5500 2410 5570 Getiebrardus,
2435 5521 2453 5552 ι
2484 5503 2721 5570 Baptista
2747 5504 2980 5556 dicebat.
3017 5520 3035 5551 ι

1835 5570 1948 5640 (95)
1991 5569 2081 5623 Sic
2122 5571 2400 5625 Rabanns.
2445 5569 2576 5626 Mss.
2625 5587 2753 5625 vero
2795 5573 2986 5634 nostri,
3013 5589 3032 5620 ο
3066 5585 3166 5624 nec
3200 5569 3323 5638 quis

1765 5638 1886 5712 [al.r,
1918 5638 1968 5712 et
1993 5657 2084 5692 nec
2136 5646 2294 5712 quis;
2327 5642 2424 5703 al.,
2459 5655 2506 5694 et
2539 5659 2631 5695 nec
2654 5640 2803 5712 quid]
2830 5643 2963 5694 ultra
2984 5653 3096 5712 per
3122 5655 3322 5712 corpus

1767 5710 1976 5777 recipit,
2001 5728 2018 5758 ι
2043 5720 2149 5763 etc.
2177 5711 2318 5763 Editi
2345 5712 2613 5772 similiter,
2642 5728 2664 5762 ί
2690 5722 2746 5764 et
2777 5710 2875 5763 hcc
2905 5710 3058 5779 quis;
3088 5729 3106 5760 ι
3129 5711 3322 5764 deinde

1766 5781 2021 5833 Omittunt
2053 5797 2071 5828 ι
2115 5796 2208 5848 per
2243 5798 2262 5831 ›
2301 5789 2425 5833 ante
2473 5801 2491 5832 ι
2529 5797 2742 5850 corpus,
2775 5801 2794 5833 ι
2823 5790 2878 5836 et
2909 5783 3105 5835 habent
3135 5799 3154 5834 ι
3191 5783 3322 5838 υόοτ

1770 5857 1946 5903 ratum
1977 5869 1995 5902 ι
2029 5864 2126 5918 pro
2161 5869 2179 5902 ι
2213 5850 2453 5906 odorem.
2491 5870 2512 5906 ι
