3684 6148
1802 225 2128 282 ()RIGENIS

351 340 572 397 lectioni
598 382 613 408 ,
654 355 777 396 cum
829 353 938 396 tam
978 340 1266 412 vigilanter
1297 353 1520 400 enarrat
1548 359 1610 401 ea
1648 361 1768 414 qum
1799 348 1938 402 scri-
1965 377 2013 433 Α
2042 347 2314 411 videatur,
2347 347 2400 401 id
2423 357 2525 414 est,
2563 365 2584 399 ι
2620 349 2867 418 signum,
2897 367 2916 401 υ
2939 359 2994 404 et
3026 369 3047 403 ι
3071 350 3420 420 signaculum
3443 354 3572 424 (ει).
3595 376 3614 410 ι

351 444 440 504 pta
478 444 606 490 sunt
634 434 702 487 de
726 435 1035 499 Abraham,
1080 437 1205 504 quia
1243 454 1262 489 ι
1299 449 1545 508 reputata
1595 451 1680 494 est
1711 440 1760 494 ei
1803 439 1939 495 ﬁdes

352 525 741 595 ad-justitiam.
799 546 818 580 ι
878 524 1002 582 Vult
1059 543 1090 582 a
1151 529 1306 584 nobis
1371 532 1708 586 considerari
1771 533 1938 587 etiam

349 617 566 686 quando
583 618 699 690 (50)
723 628 969 686 reputate
993 621 1088 684 sit,
1113 637 1222 691 quo
1244 634 1301 676 et
1327 625 1586 694 temporis
1612 625 1749 680 ratio
1777 627 1828 681 in
1855 627 1940 682 his

349 728 470 783 quae
510 713 712 782 scripta
765 723 891 766 sunt
931 713 1250 783 colligatur,
1284 726 1536 770 utrumne
1587 718 1639 770 in
1671 719 1938 788 przepntio

348 805 524 858 adhuc
575 814 720 860 esset
779 821 904 859 cum
967 807 1071 860 ista
1109 807 1253 860 dicta
1298 816 1460 870 sunt,
1512 825 1580 862 au
1647 811 1939 866 transisset

349 897 456 968 jam
493 896 609 967 (51)
656 899 721 952 ad
774 899 1374 963 circnmcisionem;et
1417 901 1496 954 ait
1533 920 1546 956 :
1588 920 1604 952 t
1655 901 1937 970 Quomodo

349 1008 480 1062 ergo
509 1002 755 1060 reputata
791 1005 875 1047 est
902 994 1036 1047 lides
1055 993 1172 1059 ejus
1205 995 1272 1047 ad
1293 993 1563 1061 justitiam
1594 997 1616 1051 ?
1640 996 1773 1052 Cum
1791 1009 1940 1054 esset

348 1083 404 1136 in
438 1084 884 1149 circumcisione,
915 1101 982 1140 an
1009 1100 1131 1140 cum
1160 1095 1305 1141 esset
1341 1087 1394 1141 in
1432 1089 1695 1158 praputio
1717 1089 1800 1144 “‘1'
1829 1110 1848 1144 ι
1879 1090 1936 1146 Si

346 1177 492 1231 enim
523 1176 717 1232 fuisset
743 1177 792 1230 id
815 1179 1082 1248 temporis
1107 1179 1161 1232 in
1186 1179 1629 1246 circumcisione,
1656 1181 1939 1237 videretur

348 1270 539 1338 utique
571 1285 601 1322 a
655 1269 777 1324 ﬁdei
822 1269 984 1339 hujus
1030 1270 1205 1340 gratia
1243 1271 1526 1326 exclusum
1570 1287 1694 1328 esse
1721 1288 1932 1344 prapu-

349 1358 504 1413 tium.
547 1359 701 1414 Nunc
731 1375 864 1414 vero
895 1361 1160 1427 ostendit,
1198 1363 1342 1431 quod
1373 1363 1428 1417 in
1458 1365 1724 1434 praeputio
1756 1367 1936 1420 adlmc

347 1453 524 1520 posito
553 1460 800 1520 reputata
831 1461 917 1508 est
953 1452 1085 1508 lldes
1113 1455 1180 1508 ad
1215 1453 1507 1522 justitiam,
1536 1465 1592 1510 et
1637 1455 1757 1512 ideo
1803 1471 1934 1527 pro-

347 1541 582 1605 nuntiat,
611 1543 735 1611 qnia
757 1558 880 1595 cum
915 1543 1191 1598 Abraham
1217 1544 1274 1598 in
1309 1546 1574 1614 praeputio
1605 1547 1814 1617 positus
1839 1563 1936 1618 per

349 1635 509 1689 tidem
537 1634 872 1702 jnstilicatns
902 1637 1009 1703 sit,
1058 1637 1177 1691 sine
1207 1639 1376 1692 dubio
1415 1639 1670 1708 princeps
1701 1650 1756 1695 et
1781 1651 1936 1709 pater

2043 437 2150 493 Sed
2196 439 2326 493 mihi
2381 449 2612 508 uterque
2657 455 2837 496 sermo
2879 441 3103 496 multam
3148 444 3288 498 inter
3323 459 3388 501 se
3416 447 3616 504 videtur

2042 530 2204 602 525
2229 531 2434 587 habere
2464 530 2848 587 dill‘erentiam.
2872 533 3099 604 Signum
3127 549 3367 606 namque
3400 537 3612 606 dicitur,

2038 639 2162 678 cum
2217 639 2315 691 per
2361 623 2466 679 hoc
2501 624 2645 693 quod
2683 625 2900 679 videtur
2941 625 3089 679 aliud
3141 626 3354 695 aliquid
3411 628 3607 687 indica-

2041 721 2175 767 tur:
2211 714 2353 768 sicut
2401 728 2564 777 cum,
2608 712 2760 768 verbi
2809 714 3017 782 gratia,
3067 714 3200 770 dicit
3235 717 3501 774 Dominus
3559 721 3606 775 in

2041 805 2334 875 Evangelia
2370 827 2382 861 :
2423 823 2443 856 ι
2473 804 2769 861 Generatio
2797 807 2913 861 haac
2941 807 3154 875 signum
3183 811 3385 875 quaerit
3411 828 3426 865 :
3463 821 3516 866 et
3541 814 3612 868 ai-

2040 911 2205 963 guum
2236 912 2344 950 non
2373 895 2591 949 dabitur
2621 895 2670 950 ei
2701 937 2715 959 ,
2749 897 2851 949 nisi
2883 897 3099 965 signum
3132 897 3284 952 Jonte
3325 905 3610 970 prophetat.

2042 985 2194 1040 Sicut
2243 987 2389 1042 enim
2424 987 2521 1040 fuit
2561 985 2731 1040 Jonas
2757 990 2808 1041 in
2841 1000 3032 1044 ventre
3059 991 3163 1044 ceti
3218 994 3400 1047 tribus
3444 995 3614 1052 diebus

2041 1087 2096 1131 et
2129 1079 2305 1132 tribus
2363 1079 2622 1134 noctibus
2647 1120 2663 1142 ,
2706 1081 2780 1133 ita
2811 1091 2865 1133 et
2916 1081 3111 1136 Filium
3148 1084 3392 1140 hominis
3421 1099 3613 1156 oportet

2037 1184 2161 1225 esse
2195 1172 2246 1225 in
2271 1172 2435 1226 corde
2461 1183 2620 1227 terra:
2654 1171 2770 1245 (55)
2798 1173 2975 1228 tribus
3002 1177 3196 1230 diebus
3224 1186 3280 1230 et
3329 1178 3505 1233 tribus
3529 1195 3612 1233 no-

2040 1264 2219 1318 ctibus
2247 1262 2314 1316 3’.
2356 1283 2376 1316 ι
2416 1262 2530 1318 Hoc
2555 1273 2638 1317 est
2671 1280 2804 1334 ergo
2834 1265 3050 1334 signum
3079 1267 3168 1320 ubi
3207 1267 3385 1322 Jonas
3414 1270 3612 1325 videba-

2039 1369 2152 1421 tur,
2182 1369 2238 1413 et
2264 1359 2520 1414 Christus
2549 1359 2984 1428 intelligebatur.
3023 1361 3294 1418 Similiter
3325 1374 3386 1418 et
3415 1365 3481 1418 de
3511 1366 3608 1434 ipso

2040 1451 2268 1506 Domino
2299 1454 2351 1506 in
2400 1451 2694 1523 Evangelio
2721 1453 2930 1507 dicitur
2962 1471 2978 1508 :
3017 1471 3038 1504 ι
3075 1453 3218 1509 Ecce
3267 1455 3363 1510 hic
3422 1457 3608 1526 positus

2036 1554 2115 1600 est
2151 1545 2204 1599 in
2232 1547 2442 1599 ruinam
2473 1553 2527 1600 et
2563 1547 2615 1600 in
2641 1545 3100 1604 resurrectionem
3127 1547 3450 1612 multorum,
3479 1558 3534 1603 et
3562 1549 3606 1603 in

2037 1635 2247 1706 signum
2271 1639 2357 1691 cui
2386 1636 2797 1691 contradicetur
2817 1635 2886 1691 ⁹⁰.
2912 1656 2931 1690 ›
2957 1635 3456 1693 Contradicebatur
3480 1641 3604 1694 enim

349 1726 544 1778 merito
575 1726 778 1780 dicitur
801 1729 1044 1782 omnium
1075 1729 1415 1782 credentium
1455 1743 1551 1797 per
1591 1731 1931 1800 prmputium.
1969 1729 2010 1783 Β
2039 1728 2197 1795 signo
2223 1728 2274 1782 in
2303 1743 2415 1798 quo
2449 1726 2702 1784 Christus
2733 1739 2979 1795 venerat,
3016 1729 3144 1799 quia
3181 1729 3332 1784 aliud
3367 1731 3421 1785 in
3450 1745 3515 1786 eo
3543 1731 3608 1784 vi-

347 1820 499 1886 Qoud
531 1837 662 1876 vero
693 1832 815 1892 post
851 1821 1010 1876 iidem
1045 1838 1168 1891 quae
1200 1823 1380 1878 fuitin
1420 1824 1687 1893 praeputio
1721 1827 1937 1894 accepit

349 1914 849 1974 circumcisionem.
877 1924 1278 1984 consequenter
1309 1930 1534 1970 causam
1564 1930 1670 1986 qua
1705 1917 1940 1972 circum-

345 2007 484 2061 cisio
509 2007 564 2061 ei
593 2009 720 2061 data
754 2006 925 2061 fuerit
945 2009 1190 2076 exponit.
1225 2008 1295 2064 Ut
1323 2019 1486 2074 esset,
1520 2009 1718 2080 inquit,
1749 2012 1935 2082 signa-

344 2097 527 2152 culum
563 2097 682 2164 ejus
717 2099 842 2154 ﬁdei
871 2114 1039 2168 quam
1081 2100 1268 2155 habuit
1307 2103 1359 2155 in
1411 2103 1672 2173 praeputio
1705 2105 1936 2173 positus,

347 2201 410 2246 ut
435 2206 534 2261 per
563 2193 664 2246 hoc
696 2210 716 2246 σ
753 2195 826 2247 sit
857 2204 1015 2262 pater
1035 2193 1277 2248 omnium
1307 2198 1650 2252 credentium
1683 2211 1780 2267 per
1797 2213 1938 2266 prae-

350 2284 586 2353 putium,
617 2292 674 2339 ut
704 2295 985 2353 reputetur
1018 2285 1127 2340 illis
1153 2289 1219 2340 ad
1247 2286 1549 2355 justitiam,
1589 2297 1646 2343 et
1683 2288 1752 2343 sit
1785 2297 1940 2357 pater

350 2376 805 2442 circnmcisionis,
844 2393 948 2432 non
974 2379 1058 2434 his
1083 2388 1292 2432 tantum
1316 2379 1407 2448 qui
1440 2391 1568 2434 sunt
1591 2395 1660 2436 ex
1688 2381 1937 2435 circnm-

349 2467 580 2529 cisione,
613 2470 708 2522 sed
737 2479 793 2522 et
825 2469 932 2523 illis
954 2469 1046 2538 qui
1075 2481 1383 2538 sequuntur
1423 2469 1650 2542 vestigia
1674 2471 1793 2542 ejus
1819 2487 1941 2542 qua:

349 2569 434 2613 est
459 2560 512 2612 in
541 2561 805 2628 prmputio
825 2561 945 2614 lidei
971 2561 1142 2629 patris
1171 2561 1338 2614 nostri
1369 2560 1604 2616 Abrahae
1627 2560 1695 2615 ⁸⁸.
1729 2578 1749 2613 ι
1785 2560 1939 2628 Quod

348 2652 394 2706 si
426 2654 702 2707 Abraham
749 2669 871 2707 cum
916 2661 1062 2708 esset
1109 2654 1288 2706 adhuc
1323 2654 1376 2706 in
1418 2654 1703 2723 praeputio,
1737 2669 1801 2708 ex
1834 2653 1940 2707 lide

341 2743 679 2814 justilicatns
715 2757 833 2810 est,
865 2758 1044 2813 potest
1080 2747 1195 2802 ﬁeri
1229 2747 1392 2800 etiatu
1430 2757 1582 2816 pater
1599 2747 1714 2818 (Si)
1746 2764 1937 2803 eorum

349 2840 440 2906 qui
483 2839 536 2892 in
576 2839 998 2893 circmncisione
1029 2849 1327 2894 nascuntur
1349 2878 1365 2901 ,
1401 2838 1446 2892 si
1492 2848 1670 2894 tanton
1694 2841 1761 2893 ad
1792 2840 1937 2894 illam

351 2931 513 2984 tidem
549 2933 860 2998 pertineant
890 2947 1012 3002 qua:
1057 2933 1112 2986 in
1147 2933 1416 3001 praeputio
1455 2933 1690 3002 positum
1731 2933 1937 3002 justiﬁ-

349 3024 516 3077 cavit.
553 3023 619 3077 Et
651 3024 908 3094 quoniam
949 3026 1002 3077 in
1042 3026 1304 3094 praeputio
1352 3025 1587 3094 positum
1616 3025 1939 3095 justilicavit

349 3116 647 3179 Abraham,
671 3117 905 3171 etlicitnr
931 3132 1062 3186 ergo
1093 3117 1381 3187 utriusque
1405 3118 1621 3186 generis
1649 3128 1826 3186 pater,
1852 3119 1936 3173 his

348 3211 442 3280 qui
474 3219 603 3263 sunt
635 3211 686 3264 in
718 3211 984 3280 praeputio
1017 3225 1117 3279 per
1156 3211 1342 3272 ﬁdem,
1371 3223 1427 3264 et
1467 3211 1551 3265 his
1580 3211 1670 3281 qui
1710 3221 1840 3266 sunt
1882 3211 1935 3264 in

349 3304 771 3358 circumcisione
797 3319 894 3371 per
926 3317 1149 3357 carnem
1189 3320 1204 3356 :
1240 3313 1440 3372 etpost
1464 3304 1938 3359 circumcisionem

347 3406 577 3466 generat
609 3397 785 3462 primo
816 3397 996 3460 Isaac,
1038 3407 1202 3466 atque
1231 3396 1300 3450 ab
1336 3397 1452 3465 ipso
1486 3397 1805 3464 auspicatur
1835 3413 1936 3467 og-

350 3489 538 3543 doadis
573 3488 823 3553 initimn,
871 3487 920 3541 id
956 3499 1073 3552 est,
1116 3489 1296 3542 octavi
1329 3489 1435 3543 diei
1484 3489 1538 3541 in
1587 3488 1708 3558 ipso
1739 3503 1936 3543 conse-

351 3589 577 3632 crantur
610 3579 786 3648 prima
819 3581 1102 3650 mysteria,
1131 3588 1184 3632 et
1207 3579 1402 3634 exinde
1428 3578 1618 3648 incipit
1643 3581 1938 3648 posteritas

350 3669 588 3723 Abrahae
612 3667 810 3738 duplici
837 3682 1061 3721 currere
1078 3677 1444 3721 sacramento.
1469 3666 1624 3721 Sicut
1639 3670 1785 3721 enim
1803 3670 1937 3723 lldcs

353 3772 540 3814 natura
573 3763 656 3815 sui
700 3761 844 3814 aliud
891 3775 1010 3814 esse
1057 3760 1395 3828 intelligitur,
1446 3773 1500 3816 et
1549 3763 1695 3816 aliud
1729 3759 1934 3828 justitia

350 3869 470 3923 qua:
501 3855 550 3906 ei
588 3868 683 3920 per
714 3853 872 3905 [idem
913 3865 1158 3921 reputata
1185 3862 1292 3918 est;
1342 3853 1413 3906 ita
1440 3863 1494 3907 et
1529 3853 1632 3908 alia
1658 3854 1780 3922 ejus
1818 3868 1938 3908 esse

351 3946 405 3998 in
439 3945 725 4013 praeputio,
759 3943 863 3996 alia
903 3944 958 3998 iu
999 3945 1425 3999 circumcisione
1461 3946 1773 4014 posteritas.
1803 3944 1934 3998 Nam

349 4051 447 4090 eos
467 4036 558 4102 qui
591 4035 955 4090 incircmncisi
994 4045 1153 4099 sunt,
1193 4038 1338 4102 ipsos
1370 4051 1496 4090 esse
1531 4035 1736 4106 lapides
1766 4047 1932 4106 puto,

353 4126 420 4179 tle
477 4128 680 4192 quibus
745 4141 906 4194 posse
986 4126 1186 4180 dicitur
1248 4127 1392 4182 Deus
1467 4129 1736 4182 suscitare
1799 4127 1936 4181 [ilius

351 4217 584 4272 Abrahae
613 4217 683 4284 ⁸⁸,
715 4217 767 4270 in
801 4217 999 4287 quibus
1043 4227 1098 4272 et
1127 4218 1256 4273 illud
1286 4219 1590 4290 completur
1620 4220 1764 4290 quod
1801 4221 1939 4275 scri-

350 4319 504 4378 ptum
538 4317 624 4363 est
653 4327 665 4361 :
697 4307 836 4374 Quia
865 4327 884 4360 ι
919 4310 1313 4364 benedicentur
1359 4312 1411 4364 in
1461 4321 1512 4364 te
1543 4325 1734 4364 omnes
1765 4311 1936 4365 tribus

354 4409 514 4456 terra:
532 4391 601 4455 λ’.
641 4419 660 4453 ι
698 4398 803 4456 Sed
831 4399 1142 4471 repetamus
1172 4404 1350 4457 adhuc
1375 4402 1520 4472 quod
1545 4403 1674 4456 dicit
1699 4401 1744 4434 ⁸⁸
1781 4421 1797 4458 :
1827 4421 1846 4454 ι
1868 4402 1934 4457 Et

360 4487 570 4560 signum
597 4492 806 4562 accepit
837 4493 1329 4560 circumcisionem,
1368 4513 1386 4546 ι
1426 4495 1762 4568 signaculum
1786 4493 1936 4564 justi-

360 4580 450 4636 tiaa
488 4581 641 4647 ﬁdei,
679 4598 799 4652 quae
836 4592 921 4638 est
959 4583 1014 4636 in
1055 4586 1320 4655 praeputio
1361 4585 1472 4658 (55)
1512 4603 1575 4642 ac
1611 4586 1934 4658 profundam

357 4673 410 4726 in
459 4674 546 4728 his
586 4673 743 4728 Pauli
784 4676 1104 4744 sapientiam
1151 4677 1606 4746 contemplemur.
1655 4675 1930 4732 Fortassis

355 4767 499 4819 enim
531 4766 802 4846 aliquibus
831 4771 1083 4824 eumdem
1127 4783 1436 4824 sermonem
1475 4771 1711 4824 secando
1748 4770 1931 4824 dicere

462 4881 508 4913 ⁸⁸
548 4883 702 4937 Rom.
747 4901 818 4948 Iv,
853 4885 940 4940 10.
1047 4885 1092 4918 ⁸⁵
1122 4886 1252 4940 ibid.
1282 4885 1368 4941 ιθ.

355 4949 447 5014 59,
473 4953 562 5007 40.
639 4955 683 4986 ⁹⁰
720 4955 850 5011 Luc.
887 4972 926 5010 ιι
957 4996 971 5021 ,
1024 4957 1116 5012 54.
1190 4957 1234 4989 ⁸⁸
1268 4957 1423 5010 llotn.
1461 4972 1533 5020 tv,
1567 4960 1648 5010 Il.

426 5064 543 5134 (50)
581 5064 752 5129 Alias,
778 5085 797 5118 t
835 5083 956 5121 cum
1005 5078 1114 5123 tam
1153 5068 1445 5138 vigilanter
1482 5085 1541 5122 ea
1564 5085 1685 5138 quae
1721 5071 1921 5137 scripta

357 5146 482 5189 sunt
504 5138 570 5190 de
595 5138 940 5192 Abraham...
972 5140 1359 5194 commendans
1386 5139 1545 5192 vulta
1583 5141 1740 5193 nobis
1791 5157 1924 5195 cou-

357 5207 584 5261 siderari
603 5210 763 5262 etiam
798 5212 1087 5277 quomodo,
1117 5225 1136 5258 ι
1178 5216 1283 5263 θὶς.
1306 5209 1395 5267 ΑΙ.
1419 5211 1574 5265 deest
1604 5220 1660 5264 et
1705 5225 1726 5261 ι
1757 5225 1923 5264 enar-

359 5287 461 5337 rat,
498 5287 553 5330 et
577 5280 981 5332 commendans.
1019 5297 1037 5329 ι

427 5347 539 5418 (51)
579 5346 670 5402 Sic
701 5364 830 5402 mss.
887 5353 1093 5412 nostri;
1141 5350 1273 5404 edit.
1305 5364 1455 5411 vero,
1495 5372 1512 5400 ι
1568 5359 1822 5404 utrmnne
1870 5349 1922 5402 in

358 5420 618 5494 ρτωβιιιίο
642 5421 874 5474 Abi-alta:
902 5421 1002 5475 ista
1027 5420 1174 5474 dicta
1199 5431 1364 5485 sunt,
1407 5437 1474 5474 an
1504 5435 1626 5474 cum
1659 5420 1923 5475 transiret

351 5500 482 5552 jam,
529 5507 547 5539 ι
583 5499 687 5543 ctc.

429 5557 542 5625 (δί)
575 5559 666 5612 Sic
697 5575 798 5614 ms.
823 5575 962 5614 unus
991 5557 1192 5627 Regius
1217 5575 1364 5612 num.
1393 5559 1550 5615 1659.
1577 5559 1768 5616 Caeteri
1797 5575 1925 5614 vero

361 5640 488 5700 mss.
522 5630 755 5700 etediti,
789 5647 808 5681 ι
847 5642 907 5685 ut
931 5646 1026 5700 per
1052 5631 1154 5684 hoc
1187 5642 1339 5698 pater
1370 5633 1522 5684 tiet'et
1552 5635 1920 5686 etlamcorum

358 5695 450 5760 qui
473 5697 526 5749 in
551 5695 964 5758 circumcisione
997 5695 1293 5756 nascuntur
1331 5718 1344 5753 :
1374 5703 1417 5757 si
1445 5711 1623 5758 tamen
1662 5700 1729 5756 ad
1777 5701 1924 5756 illam

1474 4886 1520 4918 ⁸⁵
1561 4885 1746 4938 Matth.
1796 4903 1887 4945 ιιι.
1926 4886 1978 4942 9.
2085 4887 2129 4917 ⁸¹
2161 4885 2296 4940 Gen.
2328 4899 2425 4948 xtl,
2464 4885 2518 4936 3.
2623 4885 2672 4916 ⁸⁸
2703 4885 2826 4936 Rmr

1474 4972 1533 5020 .v,
1567 4960 1648 5010 Il.
1727 4958 1772 4987 ⁹²
1810 4960 2056 5022 ltom.xt,
2083 4957 2178 5022 ‘25,
2207 4957 2297 5010 26.
2371 4957 2416 4988 9’
2439 4955 2596 5012 Rom.
2633 4969 2709 5019 tv,
2736 4954 2826 5008 12.

2042 1821 2293 1884 debatur,
2322 1831 2377 1874 et
2409 1820 2557 1874 aliud
2607 1820 3026 1890 intelligebatur.
3059 1821 3202 1876 Caro
3252 1823 3601 1887 cernebatur,

2039 1924 2095 1969 et
2127 1913 2268 1968 Deus
2316 1914 2661 1969 credebatur.
2709 1913 2801 1968 Sic
2841 1930 2972 1985 ergo
3001 1917 3212 1984 accepit
3257 1927 3316 1971 et
3347 1917 3598 1971 Abraham

2040 2007 2255 2072 signum
2291 2025 2305 2060 :
2344 2015 2402 2060 et
2429 2006 2574 2074 quod
2613 2014 2761 2062 esset
2807 2007 3022 2078 signum
3056 2008 3108 2061 in
3159 2010 3599 2077 consequentibus

2039 2098 2176 2153 dicit
2209 2117 2223 2153 :
2262 2116 2280 2148 σ
2319 2097 2830 2164 Circumcisioncm,
2874 2119 2893 2152 ι
2947 2101 3172 2169 inquit:
3227 2117 3354 2169 qua:
3385 2102 3598 2156 circum-

2040 2190 2176 2244 cisio
2200 2199 2348 2245 esset
2376 2209 2394 2242 ι
2429 2191 2771 2260 signaculum
2800 2191 3024 2260 iustitiae
3051 2192 3171 2246 tidei
3201 2193 3246 2224 οι
3281 2211 3300 2242 ι
3335 2209 3492 2262 quam
3526 2194 3600 2248 ba-

2040 2281 2157 2336 hnit
2180 2291 2472 2352 antequam
2495 2282 3004 2338 circumcideretur.
3031 2282 3179 2337 Bene
3215 2299 3356 2353 ergo
3383 2284 3596 2339 circum.

2039 2377 2300 2430 cisionetn
2347 2375 2566 2444 signum
2617 2374 2909 2444 appellavit
2963 2374 3016 2428 in
3047 2375 3356 2439 Abraham,
3389 2377 3510 2444 quia
3551 2387 3596 2429 et

2042 2469 2156 2536 ipsa
2191 2466 2334 2520 aliud
2366 2467 2687 2530 videbatur,
2749 2477 2805 2520 et
2863 2465 3006 2519 aliud
3062 2466 3474 2536 intelligebatur
3510 2476 3598 2532 ;et

2040 2561 2278 2614 Ostendit
2307 2560 2433 2628 quia
2457 2559 2570 2627 jam
2606 2571 2737 2612 tunc
2767 2559 3007 2614 carnalis
3033 2559 3128 2612 illa
3159 2559 3509 2614 circumcisio
3535 2561 3594 2616 si-

2039 2667 2206 2722 gnum
2243 2662 2362 2706 erat
2399 2651 2662 2719 spiritalis
2717 2649 3198 2716 circumcisionis,
3252 2666 3377 2720 quae
3408 2667 3506 2705 non
3552 2652 3591 2704 in

2041 2757 2205 2797 carne
2251 2741 2581 2810 suscipitur,
2609 2743 2704 2796 sed
2760 2740 2814 2795 in
2885 2741 3074 2795 corde.
3127 2737 3286 2806 Quod
3316 2755 3444 2794 vero
3484 2739 3594 2796 dixit

2045 2851 2066 2885 ε
2109 2832 2483 2903 signaculum,
2523 2851 2544 2885 ι
2595 2833 2666 2887 ita
2709 2832 3118 2900 intelligendum
3149 2841 3306 2902 puto.
3361 2829 3592 2901 Signacu-

2041 2927 2152 2980 lum
2181 2925 2384 2980 dicitur
2411 2939 2535 2980 cum
2564 2924 2730 2979 alicui
2769 2923 2850 2978 rei
2903 2924 3192 2978 servandae
3245 2938 3351 2992 pro
3381 2932 3590 2992 tempore

2040 3016 2287 3072 custodia
2329 3017 2650 3084 imponitur,
2682 3015 2828 3085 quod
2859 3030 3021 3070 nemo
3051 3013 3193 3069 alius
3223 3015 3335 3070 nisi
3385 3015 3587 3083 ipsequi

2043 3107 2322 3178 impressit
2349 3107 2549 3163 debeat
2570 3107 2872 3178 resignare.
2903 3106 3006 3162 Per
3029 3106 3172 3161 istud
3199 3120 3336 3178 ergo
3370 3107 3588 3176 signacu-

2042 3199 2173 3265 lum,
2208 3209 2269 3254 ut
2298 3200 2520 3269 exponit
2555 3198 2850 3269 Apostolus
2870 3238 2888 3266 ,
2912 3198 3124 3270 justitia
3149 3197 3281 3254 ﬁdei
3309 3197 3424 3269 (56)
3455 3212 3587 3266 quam

2041 3292 2093 3346 in
2127 3292 2395 3361 pt':l:puti0
2430 3293 2641 3362 positus
2667 3292 2942 3346 Abraham
2971 3290 3226 3359 accipere
3249 3290 3447 3347 meruit
3473 3288 3586 3344 ludi-

2039 3394 2214 3450 catur,
2237 3397 2296 3439 et
2320 3394 2476 3455 pater
2503 3399 2627 3440 esse
2659 3383 2954 3438 multarum
2999 3385 3244 3453 gentium
3273 3401 3290 3437 :
3326 3382 3462 3452 quod
3484 3391 3587 3435 tunc

2038 3476 2312 3530 credimus
2343 3476 2728 3546 resignandum
2757 3493 2881 3532 cum
2921 3476 3203 3546 plenitudo
3235 3475 3474 3545 gentium
3517 3473 3584 3525 in-

2041 3567 2252 3622 troierit
2274 3606 2292 3632 ,
2321 3577 2377 3622 et
2408 3569 2589 3622 omnis
2626 3567 2794 3622 Israel
2825 3568 3134 3624 salvabitur
3169 3567 3237 3622 θ’.
3277 3566 3430 3622 Tunc
3467 3565 3584 3620 enini

2037 3659 2132 3714 [iet
2156 3659 2303 3728 quod
2340 3659 2474 3713 dicit
2504 3659 2798 3729 Apostolus
2828 3660 2910 3725 ³³,
2965 3675 3072 3715 non
3125 3659 3304 3716 solum
3335 3659 3580 3730 gentium,

2037 3753 2130 3807 sed
2154 3753 2319 3807 etiam
2350 3753 2787 3808 circumcisionis
2816 3767 2913 3822 per
2943 3753 3102 3807 [idem
3133 3762 3294 3822 pater
3315 3751 3582 3808 Abraham.
3659 3779 3661 3837 Ι

2039 3842 2105 3896 Ει
2149 3843 2331 3897 adhuc
2364 3843 2611 3912 apertius
2648 3845 2715 3896 de
2750 3844 2908 3914 signo
2941 3851 2996 3898 et
3045 3843 3331 3912 signaculo
3379 3842 3580 3898 dissera-

2039 3951 2159 3977 mm
2211 3936 2344 3977 Cum
2375 3935 2589 3977 nimium
2616 3935 2684 3977 sil
2739 3945 2797 3977 nl
2820 3937 3057 3977 ιΙίτῐιιιιις
3094 3935 3185 3977 111δί
3218 3933 3487 3977 iiulinalnr
3504 3932 3581 3977 ali-

2038 3951 2178 3990 mus.
2211 3936 2346 3990 Cum
2374 3935 2589 4003 signum
2616 3935 2707 4000 sit,
2739 3945 2799 3990 ut
2820 3937 3078 3998 diximus,
3094 3935 3186 3989 ubi
3218 3933 3487 3989 indicatur
3504 3932 3581 3986 ali-

2037 4028 2167 4096 quid
2193 4044 2289 4094 per
2315 4029 2416 4082 hoc
2471 4028 2616 4096 quod
2653 4028 2910 4093 videtur,
2968 4028 3318 4098 signaculum
3371 4040 3488 4081 vero
3510 4022 3578 4076 ubi
3652 4055 3653 4115 ι

2037 4118 2385 4173 θυιιειιιιιιιιιιο
2422 4133 2521 4185 pro
2547 4127 2794 4187 tempore
2821 4119 3028 4188 aliquid
3069 4129 3126 4173 et
3157 4134 3265 4173 non
3294 4125 3455 4188 patet,
3491 4131 3569 4184 po-

2039 4222 2145 4267 test
2168 4213 2331 4267 etiam
2379 4213 2453 4266 ita
2509 4210 2762 4283 intelligi,
2793 4214 2936 4282 quod
2963 4213 3221 4282 mysteria
3255 4229 3377 4283 qua:
3409 4212 3458 4265 in
3483 4211 3574 4277 lese

2038 4315 2094 4361 et
2127 4305 2456 4376 patriarchis
2516 4305 2990 4360 adumbrabantur
3019 4347 3034 4370 ,
3093 4304 3397 4374 huiusmodi
3443 4308 3572 4358 erant

2037 4413 2156 4464 qua:
2182 4409 2238 4450 et
2265 4396 2437 4465 signis
2468 4395 2754 4450 indicanda
2788 4404 2992 4458 essent,
3021 4405 3076 4450 et
3100 4395 3400 4465 signaculis
3424 4393 3572 4446 obser-

2038 4489 2231 4541 vanda.
2266 4487 2420 4554 Quod
2453 4502 2589 4558 ergo
2645 4488 2819 4559 signis
2849 4488 3140 4543 indicanda
3179 4499 3336 4542 erant
3367 4488 3414 4541 in
3459 4482 3568 4553 (56°)

2038 4586 2122 4640 his
2144 4586 2236 4655 qui
2285 4586 2582 4640 credebant
2611 4600 2680 4639 ex
2717 4585 2995 4655 gentibus,
3022 4585 3240 4654 signum
3269 4583 3465 4654 cepisse
3507 4579 3567 4631 di-

2036 4679 2178 4731 citur
2203 4676 2520 4731 Abraham:
2553 4674 2696 4746 quod
2719 4689 2850 4729 vero
2877 4675 2960 4730 his
2985 4676 3076 4744 qui
3103 4674 3155 4728 in
3187 4670 3564 4729 circumcisione

2039 4785 2145 4822 non
2179 4778 2336 4822 erant
2369 4767 2657 4832 credituri,
2685 4764 2992 4821 obseranda
3018 4775 3177 4820 erant
3197 4775 3253 4820 et
3275 4760 3561 4832 obtegenda.

2085 4887 2129 4917 θ’
2161 4885 2296 4940 Gen.
2328 4899 2425 4948 xtl,
2464 4885 2518 4936 3.
2623 4883 2672 4916 ⁸⁸
2703 4882 2862 4937 an.
2898 4898 2970 4949 tv,
3001 4882 3088 4936 ll.
3185 4881 3234 4915 “
3266 4878 3445 4933 Matth.
3483 4887 3560 4933 xu.

2032 5068 2190 5124 iidem
2213 5064 2522 5136 pertineant
2550 5081 2674 5138 quae
2700 5067 2753 5120 in
2779 5066 3043 5138 praeputio
3069 5065 3380 5136 justilicavit
3418 5059 3555 5118 Abra-

2031 5140 2179 5194 ham.
2209 5137 2453 5192 Eﬂicitur
2489 5137 2618 5208 ergo
2646 5137 2927 5206 utriusque
2960 5141 3176 5207 generis
3209 5148 3377 5209 pater,
3416 5153 3435 5186 ι
3471 5144 3551 5186 etc.

2102 5209 2216 5276 (53)
2256 5209 2424 5274 Alias,
2460 5225 2478 5258 ι
2515 5209 2974 5262 circumcisionis.
3018 5227 3038 5260 ι

2102 5209 2195 5276 (55
2256 5209 2424 5274 Alias,
2460 5225 2478 5258 ι
2515 5209 2974 5262 circumcisionis.
3018 5227 3038 5260 ι

2056 5281 2058 5284 ’
2104 5209 2217 5352 (54)
2256 5280 2422 5352 Editi,
2459 5295 2478 5330 ι
2507 5279 2560 5332 id
2585 5289 2670 5333 est
2688 5277 3044 5349 signaculum,
3081 5297 3101 5330 ι
3128 5279 3338 5335 omissis
3370 5275 3445 5331 his
3463 5286 3550 5324 ver-

2032 5351 2139 5409 bis.
2175 5369 2190 5398 ι
2221 5351 2454 5418 signum,
2493 5368 2512 5401 ι
2548 5358 2654 5404 etc.

2105 5419 2220 5490 (55)
2271 5415 2422 5473 Alias
2453 5459 2468 5484 ,
2526 5439 2546 5472 ι
2585 5420 2658 5473 ita
2716 5420 2820 5474 erit
2862 5417 3034 5474 Filius
3070 5419 3300 5476 hominis
3333 5417 3383 5472 in
3415 5415 3543 5472 corde

2033 5499 2212 5556 terrae,
2249 5508 2269 5542 ι
2303 5499 2408 5544 etc.

2102 5560 2214 5630 (56)
2249 5560 2418 5630 Alias,
2451 5580 2467 5611 t
2496 5559 2720 5625 iustitia:
2751 5561 2929 5626 lidei,t
2962 5571 3068 5616 etc.

2105 5629 2245 5704 (36')
2276 5629 2363 5686 In.
2395 5632 2555 5687 Deest
2589 5632 2643 5686 in
2674 5634 2857 5688 editis.
