3684 6148
57 304 195 360 909

1047 300 1404 357 COMMENT.
1443 299 1509 356 IN
1543 299 1764 356 EPIST.
1797 301 1888 355 AD
1921 301 2088 356 R031.
2130 301 2259 357 LIB.
2303 302 2392 359 IV.

3243 299 3348 358 970

60 415 434 490 signaculum
464 415 664 471 dicitur
699 411 1003 482 accepisse.
1038 413 1195 481 Quod
1224 414 1560 485 signaculum
1579 415 1670 469 illo
1699 422 1744 478 Α
1772 417 2104 472 existimatio
2131 419 2306 487 potius
2334 417 2538 472 incerta
2567 427 2651 480 est
2681 433 2841 487 quam
2875 417 3032 472 ﬁrma
3073 423 3348 488 approba-

61 514 282 582 u'tique
312 512 364 565 in
392 520 636 577 tempore
681 506 1072 576 resignabitur,
1100 521 1224 560 cum
1258 509 1309 560 in
1360 507 1670 561 novissimis

58 605 282 658 diebus
305 603 594 671 postquam
655 597 972 668 plenitudo,
1000 604 1059 650 ut
1087 597 1322 652 diximus
1352 641 1366 664 ,
1427 599 1668 669 gentium

61 695 386 757 introierit,
409 694 588 748 omnis
615 692 776 746 Israel
806 692 986 747 salvus
1041 691 1152 746 ﬁet.
1202 691 1412 746 Idcirco
1437 692 1671 761 denique

67 799 225 845 ante
243 787 517 842 Abraham
553 784 885 854 justiﬁcatur
915 786 1031 856 (57)
1058 785 1112 841 in
1154 785 1262 839 ﬁde
1316 786 1445 839 dum
1493 785 1669 839 adhuc

67 891 246 938 esset
278 879 734 946 incircumcisus,
784 889 839 934 et
879 889 1068 950 postea
1103 877 1519 934 circumciditur
1544 916 1562 945 ,
1611 886 1672 931 ut

63 976 476 1030 ostenderetur
535 974 714 1043 primo
770 982 927 1042 pater
957 973 1174 1027 futurus
1203 971 1498 1026 multarum
1532 987 1668 1041 gen-

63 1065 250 1130 tium,
275 1076 331 1120 et
369 1074 557 1137 postea
586 1079 775 1119 eorum
807 1065 897 1135 qui
937 1079 1003 1118 ex
1037 1064 1458 1120 circumcisione
1486 1065 1670 1119 credi-

69 1159 194 1213 turi
224 1167 372 1214 sunt.
410 1157 596 1227 Neque
619 1159 766 1214 enim
795 1159 847 1212 hi
873 1160 966 1228 qui
1001 1160 1294 1215 secundum
1313 1175 1534 1214 carnem
1567 1175 1668 1213 ua-

62 1261 320 1304 scuntur
347 1263 414 1304 ex
441 1248 742 1314 Abraham,
775 1249 867 1304 ﬁlii
913 1251 1191 1306 Abraham
1245 1251 1459 1306 dicendi
1497 1261 1664 1316 sunt,

66 1343 187 1397 nisi
222 1343 383 1398 ﬁdem
418 1350 473 1397 et
495 1356 659 1411 opera
683 1342 923 1398 habeant
949 1344 1203 1398 Abrahaz.
1258 1343 1388 1399 lude
1431 1344 1667 1409 denique

61 1447 128 1491 et
155 1435 424 1490 Dominus
466 1436 520 1488 in
555 1435 854 1504 Evangelio
910 1437 1044 1490 dicit
1093 1437 1158 1491 ad
1187 1436 1424 1503 Judaeos,
1455 1437 1546 1508 qui
1607 1453 1666 1494 se

61 1530 364 1599 jactabant
395 1528 535 1583 ﬁlios
569 1544 689 1584 esse
725 1529 1003 1584 Abrahae:
1038 1548 1062 1582 ι
1103 1531 1158 1584 Si
1188 1531 1282 1584 ﬁlii
1311 1531 1546 1585 Abrahae
1577 1545 1664 1585 es-

62 1623 236 1688 setis,
271 1636 437 1692 opera
469 1621 656 1691 utique
703 1621 939 1677 Abrahae
997 1622 1251 1677 faceretis
1278 1622 1346 1676 “.
1387 1643 1406 1676 ι
1437 1621 1533 1677 Vis
1559 1639 1664 1677 au-

68 1726 185 1770 tem
219 1723 277 1770 et
322 1729 387 1769 ex
441 1715 610 1769 veteri
647 1715 931 1784 Scriptura
993 1716 1279 1785 perdoceri
1318 1717 1458 1784 quod
1518 1715 1663 1770 ﬁlius

1776 508 1872 571 tio,
1899 525 1996 562 nos
2022 507 2462 576 cetupeudiosius
2509 513 2934 578 respondeamus
2972 513 3114 581 quod
3154 514 3346 569 obser-

1773 615 1905 656 vans
1929 601 2218 670 Apostolus
2247 603 2570 657 sententiam
2599 604 2688 657 Dei
2718 606 2808 672 qui
2845 606 3000 669 dixit,
3036 626 3056 659 ε
3083 605 3201 661 Jam
3238 625 3346 665 non

1771 691 1996 756 Abram,
2021 693 2116 746 sed
2146 693 2424 747 Abraham
2452 694 2559 747 erit
2593 709 2786 748 nomen
2828 704 2975 749 tuum
3012 696 3056 762 ³,
3083 715 3103 748 ι
3164 699 3350 767 appel-

1774 781 1908 835 lavit
1946 797 2087 836 nunc
2117 797 2241 836 eum
2273 798 2377 837 non
2407 783 2571 855 526
2602 792 2657 836 ιιι
2696 785 2748 838 in
2782 784 2900 840 loco
2948 785 3182 842 Genesis
3216 790 3346 842 scri-

1772 883 1922 943 ptum
1957 885 2064 938 est,
2094 877 2188 930 sed
2226 887 2286 930 ut
2327 877 2394 932 de
2423 892 2489 931 eo
2528 879 2965 947 pronuntiaverit
3025 879 3180 934 Deus.
3212 880 3347 946 Qua:

1771 967 1918 1020 enim
1975 968 2234 1025 divinitus
2275 973 2621 1034 sanciuutur,
2651 970 2935 1025 observari
2967 972 3019 1024 in
3063 982 3344 1041 posterum

1768 1062 2042 1116 convenit.
2073 1062 2216 1129 Krec,
2249 1075 2408 1132 prout
2435 1066 2732 1134 potuimus,
2764 1066 2815 1120 in
2853 1066 2991 1121 locis
3023 1074 3132 1120 tam
3157 1068 3344 1122 arduis

1770 1164 1958 1208 ettam
1991 1155 2297 1210 diﬁicilibus
2332 1159 2542 1226 prolata
2572 1158 2709 1231 (58),
2741 1161 2784 1214 si
2839 1161 2964 1229 quis
3004 1161 3144 1216 forte
3177 1161 3346 1216 animi

1769 1248 1940 1301 nostri
1965 1248 2200 1302 studium
2229 1250 2562 1314 consideret,
2595 1252 2846 1321 amplecti
2875 1253 3092 1320 poterit.
3123 1251 3178 1307 Si
3213 1265 3345 1306 vero

1771 1339 2141 1394 inﬁrmitatem
2171 1356 2364 1396 sensus
2394 1342 2565 1395 nostri
2604 1353 2796 1398 notare
2826 1345 2975 1406 velit,
3006 1346 3219 1398 veniam
3255 1359 3346 1414 pe-

1770 1433 1954 1498 timus,
1990 1442 2046 1488 et
2075 1434 2124 1488 ei
2146 1435 2239 1504 qui
2287 1435 2483 1490 melius
2507 1435 2575 1490 de
2605 1436 2688 1490 his
2734 1437 3007 1492 disserere
3044 1437 3127 1492 vel
3149 1440 3342 1506 expla.

1768 1539 1900 1578 nare
1953 1526 2192 1593 potuerit
2225 1565 2241 1592 ,
2296 1525 2528 1581 libenter
2575 1530 2839 1582 cedimus.
2869 1527 2980 1582 Nos
3017 1545 3145 1585 vero
3177 1531 3243 1584 ad
3277 1547 3344 1586 ea

1765 1629 1886 1684 qua!
1913 1627 2217 1685 sequuntur
2269 1618 2424 1688 segni
2459 1619 2589 1673 licet
2629 1634 2820 1689 gressu
2845 1623 3218 1678 convertimus
3253 1639 3346 1694 pe-

1765 1707 1908 1764 dem.

62 1809 199 1879 quis
229 1807 429 1862 dicitur
481 1823 588 1861 non
639 1782 846 1862 tantum
878 1782 1004 1876 ejus
1029 1809 1096 1862 de
1130 1809 1286 1875 cujus
1320 1782 1526 1863 carnali
1571 1824 1660 1862 se-
1695 1782 1735 1836 Β
1834 1796 1890 1850 5-
1937 1815 1955 1848 ε
1988 1796 2104 1853 Non
2126 1800 2271 1854 enim
2305 1816 2402 1870 per
2425 1801 2596 1871 legem
2627 1804 2916 1874 promissio
2942 1807 3212 1876 Abrahag,
3249 1819 3344 1865 aut

69 1897 224 1951 mine
248 1897 552 1962 descendit,
585 1897 678 1952 sed
709 1907 766 1952 et
801 1897 920 1963 ejus
951 1899 1108 1968 cujus
1137 1908 1294 1954 actus
1326 1901 1572 1953 imitatur
1601 1911 1660 1954 et

66 1990 288 2061 opera?
317 1991 454 2045 Audi
490 1989 677 2044 Daniel
703 1991 831 2060 quid
863 1991 1012 2045 dicat
1034 1991 1099 2044 ad
1127 2007 1290 2045 unum
1322 2007 1390 2045 ex
1430 1991 1538 2046 ἰΙΙιε
1574 2008 1660 2046 se-

70 2085 324 2139 nioribus
351 2097 485 2154 quos
511 2084 696 2155 arguit
730 2082 982 2139 adulterii
1028 2101 1042 2137 :
1099 2101 1119 2136 ι
1177 2086 1395 2152 Semen,
1441 2086 1655 2155 inquit,

67 2175 360 2241 Chanaan,
391 2184 446 2229 et
483 2189 590 2228 non
608 2173 766 2239 Juda,
791 2177 1001 2243 species
1040 2176 1254 2230 seduxit
1289 2185 1363 2242 te,
1420 2187 1472 2231 et
1524 2193 1658 2232 con-

71 2267 414 2336 cupiscentia
440 2267 760 2322 evertitcor
813 2269 1052 2321 tuum".
1097 2287 1116 2320 9
1181 2267 1346 2323 Vides
1385 2284 1509 2325 eum
1559 2271 1655 2340 qui

69 2362 378 2418 carnaliter
422 2363 488 2416 de
522 2375 722 2433 genere
753 2360 892 2416 Juda
942 2363 1323 2428 descenderat,
1375 2365 1562 2433 negari
1596 2366 1658 2420 ﬁ-

70 2454 206 2508 lium
231 2468 354 2508 esse
397 2451 532 2508 Iuda
556 2492 576 2520 ,
613 2453 708 2508 sed
759 2453 1044 2518 Chanaan,
1080 2453 1198 2523 ejus
1229 2455 1442 2510 scilicet
1496 2457 1657 2527 cujus

73 2557 231 2601 actus
259 2557 315 2601 et
350 2561 514 2616 opera
555 2546 906 2616 sequebatur.
955 2545 1032 2600 lta
1085 2562 1216 2619 ergo
1255 2557 1310 2602 et
1351 2548 1405 2602 hi
1456 2548 1549 2617 qui
1588 2553 1655 2604 de

73 2640 312 2694 Abrahae
350 2639 558 2694 semine
580 2639 878 2693 secundum
915 2654 1137 2695 carnem
1201 2656 1371 2710 genus
1405 2641 1652 2706 ducunt,

73 2747 182 2785 non
218 2732 477 2786 dicuntur
528 2730 620 2784 ﬁlii
653 2731 885 2785 Abrahae
912 2771 928 2796 ,
973 2733 1018 2786 si
1054 2733 1171 2800 ejus
1211 2747 1317 2786 non
1353 2731 1553 2787 habent
1590 2731 1657 2787 ﬁ-

76 2825 220 2881 dem.
252 2824 349 2880 Sic
377 2825 612 2894 denique
645 2833 699 2879 et
731 2827 992 2894 propheta
1020 2825 1153 2880 dicit
1179 2825 1246 2880 ad
1273 2839 1367 2880 eos
1392 2841 1408 2879 :
1439 2843 1457 2876 ι
1487 2825 1650 2880 Pater

75 2926 199 2974 tuus
223 2919 596 2983 Amorrhaaus,
641 2927 696 2974 et
745 2927 920 2974 mater
967 2931 1057 2973 tua
1086 2917 1300 2974 Ccthaea
1330 2919 1430 2985 ",i
1457 2920 1652 2990 quibus

77 3013 265 3080 utique
290 3027 400 3065 non
423 3025 518 3066 eos
563 3011 914 3066 necessitudo
940 3012 1179 3081 generis,
1210 3013 1304 3066 sed
1331 3027 1542 3067 morum
1577 3014 1652 3068 si-

79 3103 318 3158 militudo
369 3104 650 3174 jungebat.
706 3119 726 3155 ι
769 3101 842 3157 Ut
875 3113 1022 3158 esset
1065 3117 1216 3172 ergo,
1261 3103 1457 3174 inquit,
1497 3113 1652 3173 pater

76 3197 314 3248 omnium
349 3195 692 3250 credentium
739 3209 840 3263 per
879 3192 1204 3262 pca‘pntium
1231 3233 1246 3258 ,
1285 3204 1342 3250 ut
1376 3205 1654 3265 reputetur

80 3287 182 3340 illis
204 3287 270 3341 ad
293 3284 597 3353 justitiam,
636 3293 692 3339 et
741 3284 815 3339 sit
839 3294 996 3352 pater
1028 3285 1468 3340 circumcisionis
1495 3328 1510 3350 ,
1545 3300 1650 3340 non

79 3377 162 3432 his
191 3387 398 3432 tantum
433 3377 526 3448 qui
556 3386 684 3432 sunt
715 3391 784 3432 ex
839 3377 1284 3443 circumcisione,
1336 3380 1432 3434 sed
1459 3387 1515 3434 et
1544 3378 1654 3434 illis

78 3471 166 3536 qui
205 3480 513 3539 sequuntur
535 3471 764 3542 vestigia
799 3470 918 3539 ejus
952 3487 1074 3542 qua
1099 3482 1185 3528 est
1214 3474 1266 3526 in
1300 3473 1568 3543 praeputio
1598 3473 1656 3527 ﬁ-

79 3560 162 3614 dei
201 3562 377 3630 patris
402 3562 571 3616 nostri
607 3562 841 3617 Abrahze
866 3562 937 3616 ⁸⁷.
970 3581 990 3614 ο
1025 3563 1082 3619 ιιι
1113 3577 1222 3633 quo
1247 3563 1536 3619 evidenter
1584 3581 1651 3619 ex

83 3663 308 3724 utroque
332 3655 550 3724 populo,
576 3655 719 3710 sicut
753 3656 1002 3726 superius
1031 3657 1298 3722 diximus,
1335 3659 1656 3725 pronuntiat

85 3759 181 3799 non
209 3749 396 3802 carnis
422 3748 689 3817 originem
711 3787 727 3812 ,
759 3753 854 3803 sed
881 3749 1279 3803 notabilitatem
1313 3749 1434 3804 ﬁdei
1467 3749 1650 3818 requi-

84 3840 318 3893 rendam.
353 3839 428 3894 De
451 3839 886 3895 circumcisionis
909 3849 1090 3895 autem
1115 3854 1463 3896 sacramento
1487 3842 1652 3897 latius

81 3924 185 3995 jam
220 3929 272 3982 in
301 3930 682 3998 superioribus
734 3930 992 3996 diximus,
1023 3931 1118 3986 sed
1152 3940 1210 3985 et
1247 3931 1300 3986 in
1327 3933 1449 3986 aliis
1483 3934 1652 4002 pluri-

86 4017 178 4073 bus
207 4018 341 4074 locis
371 4034 492 4089 quae
513 4036 610 4090 pro
649 4037 705 4075 re
735 4030 791 4074 et
820 4036 918 4091 pro
949 4030 1192 4091 tempore
1215 4036 1508 4077 occurrere
1533 4025 1650 4079 visa

87 4118 201 4162 sunt
239 4111 618 4181 exposuimus.
677 4109 782 4166 Sed
814 4111 1130 4180 diligentem
1159 4112 1442 4177 lectorem,
1485 4128 1648 4183 quem

89 4199 188 4252 iota
213 4218 378 4256 unum
403 4212 500 4258 aut
519 4218 658 4258 unus
687 4218 823 4274 apex
847 4204 914 4259 de
935 4204 1052 4270 lege
1080 4219 1186 4260 non
1220 4207 1459 4273 praeterit
1480 4207 1552 4268 ’⁸.
1582 4222 1649 4261 ne

90 4291 209 4346 illud
229 4295 451 4364 quidem
479 4295 650 4350 latere
679 4296 865 4360 debet,
890 4298 1016 4365 quia
1041 4297 1145 4352 hoc
1175 4299 1320 4368 quod
1349 4299 1647 4369 Apostolus

90 4384 234 4445 dixit.
273 4405 293 4438 ι
319 4387 594 4456 Reputata
640 4396 727 4443 est
769 4387 1005 4443 Abrahae
1048 4389 1182 4445 ﬁdes
1231 4391 1350 4460 ejus
1383 4393 1449 4445 ad
1479 4393 1648 4464 justi-

1766 1891 1958 1945 semini
1989 1891 2129 1962 ejus,
2163 1902 2222 1945 ut
2245 1892 2420 1948 haeres
2466 1904 2616 1948 esset
2670 1900 2854 1950 mundi
2883 1916 2898 1953 :
2927 1898 3020 1952 sed
3046 1914 3145 1968 per
3175 1899 3342 1969 justi-

1769 1985 1896 2040 tiam
1953 1985 2077 2040 ﬁdei
2110 1985 2150 2041 ⁵.
2192 2005 2212 2038 ι
2266 1986 2378 2042 Hoc
2431 1988 2484 2042 in
2526 1988 2647 2044 loco
2695 1990 2830 2044 mihi
2867 1991 3084 2046 videtur
3119 1993 3185 2047 de
3221 1993 3342 2065 lege

1766 2077 1941 2148 Moysi
1986 2078 2282 2148 Apostolus
2310 2080 2612 2148 disputare.
2643 2089 2699 2134 et
2733 2097 2984 2137 asserere
3017 2083 3160 2152 quod
3213 2101 3342 2154 pro-

1767 2171 1955 2225 missio
1982 2186 2105 2240 quze
2149 2171 2291 2226 facta
2339 2181 2426 2227 est
2457 2173 2523 2226 ad
2553 2172 2824 2227 Abraham
2859 2182 2919 2228 ut
2962 2175 3338 2232 hereditatem

1766 2264 1979 2328 mundi,
2015 2265 2066 2318 id
2097 2275 2182 2318 est
2225 2276 2384 2318 terra:
2413 2264 2578 2319 totius
2609 2265 2882 2334 acciperet
2902 2267 3017 2336 ipse
3040 2270 3122 2322 vel
3151 2284 3339 2324 semen

1763 2355 1905 2422 ejus.
1937 2371 2042 2410 non
2069 2372 2136 2412 ex
2161 2356 2331 2428 Moysi
2363 2356 2480 2426 lege
2514 2367 2808 2414 constaret.
2836 2360 2975 2414 Ante
3001 2360 3146 2414 enim
3171 2375 3335 2431 quam

1763 2431 1974 2519 Moyses
2000 2447 2278 2518 legislator
2309 2449 2625 2512 exsisteret,
2654 2451 2804 2504 visus
2828 2461 2946 2517 est,
2997 2452 3192 2522 inquit,
3234 2453 3342 2508 Do-

1763 2542 1942 2594 minus
1978 2540 2228 2605 Abrahae,
2259 2551 2314 2595 et
2337 2541 2474 2595 dixit
2503 2541 2568 2594 ad
2597 2557 2719 2596 eum
2752 2541 2900 2612 (59):
2927 2562 2946 2594 ι
2975 2543 3074 2598 Exi
3101 2547 3166 2599 de
3193 2554 3336 2602 terra

1762 2639 1878 2695 tua,
1911 2640 1967 2686 et
1997 2633 2064 2686 de
2093 2633 2416 2702 cognatione
2444 2643 2556 2697 tua,
2577 2642 2632 2687 et
2664 2634 2732 2688 de
2758 2635 2919 2689 domo
2949 2637 3121 2705 patris
3147 2638 3246 2703 tui,
3279 2649 3336 2692 et

1758 2726 1884 2780 veni
1925 2726 1978 2779 in
2011 2733 2210 2780 terram
2242 2741 2404 2796 quam
2433 2726 2726 2782 ostendero
2756 2728 2851 2782 tibi
2885 2740 2902 2782 :
2948 2739 3005 2784 et
3054 2729 3249 2784 faciam
3284 2741 3336 2786 te

1763 2818 1815 2872 in
1842 2826 2056 2888 gentem
2087 2832 2359 2888 magnam,
2391 2826 2448 2872 et
2495 2819 2809 2874 benedicam
2849 2829 2901 2874 te
2927 2860 2943 2885 ,
2984 2829 3040 2876 et
3091 2824 3337 2894 magniﬁ-

1759 2911 1900 2966 cabo
1923 2923 2118 2963 nomen
2149 2918 2322 2973 tuum,
2348 2917 2405 2964 et
2465 2908 2577 2964 eris
2630 2909 2948 2966 benedictus
2982 2928 2996 2966 :
3027 2922 3082 2968 et
3117 2914 3338 2969 benedi-

1760 3015 1879 3055 cam
1914 3000 2292 3056 benedicentes
2328 3011 2401 3065 te,
2465 3008 2523 3055 et
2575 3000 2893 3057 maledicam
2943 3005 3337 3061 maledicentes

1763 3103 1834 3158 te,
1865 3101 1920 3147 et
1948 3092 2342 3148 benedicentur
2391 3093 2445 3147 in
2503 3101 2558 3146 te
2599 3107 2788 3149 omnes
2832 3095 3007 3151 tribus
3054 3107 3212 3153 terra:
3238 3101 3282 3152 ⁸.
3313 3121 3332 3152 ι

1753 3186 1909 3253 Quod
1935 3201 2066 3258 ergo
2094 3186 2247 3250 dicit,
2285 3205 2304 3237 ι
2345 3185 2745 3241 Benedicentur
2777 3188 2828 3242 in
2870 3197 2920 3243 te
2939 3205 3130 3244 omnes
3165 3193 3338 3248 tribus

1759 3288 1936 3346 terrae,
1985 3297 2005 3331 ι
2037 3278 2141 3333 hoc
2162 3288 2245 3332 est
2267 3279 2536 3334 lueredem
2559 3277 2760 3334 factum
2783 3296 2906 3336 esse
2937 3283 3102 3336 totius
3125 3285 3336 3338 mundi.

1755 3373 1886 3439 Quae
1913 3370 2100 3441 utique
2129 3371 2418 3440 promissio
2452 3371 2519 3426 ad
2552 3371 2830 3426 Abraham
2865 3383 3026 3428 antea
3060 3374 3203 3430 facta
3226 3387 3335 3440 est,

1755 3481 1916 3534 quam
1945 3480 2042 3536 per
2074 3463 2291 3535 Moysen
2321 3464 2388 3519 de
2415 3465 2554 3536 legis
2577 3465 2926 3521 observantia
2957 3470 3333 3526 mandaretur.

1757 3561 1848 3616 Sic
1881 3577 2012 3632 ergo
2036 3575 2139 3617 non
2168 3570 2252 3616 est
2277 3576 2344 3615 ex
2383 3562 2504 3632 lege
2551 3562 2843 3631 promissio
2875 3563 3133 3628 Abrahae,
3163 3580 3335 3633 neque

1755 3651 2111 3722 seminiejus,
2139 3661 2198 3706 ut
2227 3653 2400 3708 haeres
2431 3653 2504 3707 sit
2532 3655 2742 3713 mundi.
2775 3656 2873 3709 sed
2918 3670 3014 3725 per
3061 3657 3332 3724 justitiam

1756 3748 1898 3803 ﬁdei.
1927 3746 2056 3814 Quae
2087 3756 2170 3801 est
2190 3748 2293 3800 ista
2324 3745 2538 3814 jnstitia
2570 3747 2691 3802 ﬁdei
2715 3747 2740 3801 τ
2764 3747 2837 3802 De
2859 3763 2966 3818 qua
3005 3747 3117 3820 (60)
3153 3751 3204 3804 in
3237 3766 3334 3805 su-

1756 3841 2061 3911 perioribus
2084 3838 2348 3894 scribitur
2376 3837 2514 3910 (6i),
2547 3847 2607 3892 ut
2625 3854 2768 3910 saepe
2785 3839 2898 3910 jam
2925 3841 3183 3908 diximus,
3207 3845 3333 3912 quia

1759 3949 1778 3982 ι
1817 3930 2047 3986 credidit
2081 3929 2361 3984 Abraham
2396 3930 2534 3992 Deo,
2587 3939 2645 3985 et
2704 3941 3012 4000 reputatum
3044 3942 3130 3989 est
3157 3934 3230 3988 illi
3259 3936 3333 3990 ad

1749 4023 2012 4093 justitiam
2043 4022 2087 4079 ".
2123 4041 2142 4073 ι
2187 4020 2299 4077 Nec
2325 4021 2640 4077 immerito:
2688 4023 2824 4090 legis
2854 4023 2997 4077 enim
3035 4025 3334 4080 observan-

1754 4116 1827 4169 tia
1865 4129 2080 4184 poenam
2110 4115 2482 4170 tantummodo
2505 4115 2730 4186 eﬁ‘ugit;
2766 4115 2888 4170 ﬁdei
2917 4132 3052 4172 vero
3074 4119 3328 4173 meritum

1753 4206 1865 4277 (62)
1898 4222 2047 4276 spem
2079 4207 2524 4276 repromissionis
2551 4217 2833 4276 exspectat
2871 4227 2886 4264 :
2912 4221 2965 4263 et
2992 4222 3328 4280 praeceptum

1752 4299 1925 4353 servis
1953 4299 2192 4367 ponitur,
2234 4298 2370 4353 ﬁdes
2400 4300 2666 4368 quaaritur
2699 4301 2768 4355 ab
2803 4301 3016 4357 amicis.
3053 4301 3161 4356 Sed
3204 4312 3258 4356 et
3284 4305 3331 4358 si

1753 4393 2046 4446 secundum
2081 4405 2144 4445 ea
2189 4406 2310 4460 quae
2342 4392 2396 4445 in
2436 4392 2812 4460 superioribus
2850 4394 3228 4461 disseruimus,
3263 4398 3332 4452 de

91 4477 206 4532 tiam
231 4481 301 4546 θ’,
338 4502 359 4534 ι
384 4482 474 4536 illo
492 4492 738 4553 tempore
758 4497 885 4537 cum
917 4482 984 4536 de
1009 4495 1076 4536 eo
1105 4482 1369 4551 scriptum
1398 4485 1645 4554 estquod
1678 4508 1722 4562 ο
1752 4481 1868 4550 lege
1902 4480 2130 4534 naturali
2188 4480 2386 4536 Paulus
2422 4482 2537 4534 haec
2589 4481 2772 4536 dicere
2799 4483 3164 4555 intelligatur,
3219 4505 3348 4543 nozr

95 4573 370 4630 crediderit
408 4575 539 4640 Deo,
575 4585 630 4630 et
667 4587 972 4644 reputatum
1007 4578 1078 4632 sit
1109 4580 1159 4632 ei
1205 4581 1272 4632 ad
1303 4577 1568 4647 justitiam
1599 4579 1642 4642 ί,

94 4664 312 4718 nondum
341 4667 613 4722 Abraham
647 4669 969 4732 vocabatur,
1020 4669 1116 4724 sed
1149 4669 1350 4723 Abram
1380 4677 1500 4724 erat
1546 4684 1638 4723 no-

93 4767 201 4806 men
223 4757 358 4826 ejus.
392 4759 581 4814 Adhuc
607 4761 754 4814 euim
798 4761 1220 4817 iucircumcisus
1257 4762 1531 4828 manebat,
1585 4773 1645 4816 ut

97 4843 460 4915 interpretatur
508 4852 799 4919 Apostolus
832 4853 874 4905 ².
910 4853 988 4908 De
1032 4868 1142 4922 quo
1179 4852 1450 4923 aliquibus
1497 4851 1640 4907 forte

1749 4573 1855 4628 erit
1882 4574 2212 4628 contrarium
2245 4573 2548 4628 rationibus
2579 4576 2826 4643 superius
2848 4577 3092 4635 redditis.
3124 4581 3329 4646 Quam-

1749 4666 1834 4719 vis
1862 4665 2004 4720 enim
2035 4665 2122 4719 lex
2173 4674 2381 4720 natura:
2413 4667 2478 4720 de
2511 4667 2650 4724 bono
2695 4675 2751 4720 et
2778 4667 2920 4721 malo
2949 4671 3320 4726 testimonium

1753 4759 1942 4814 reddat
1970 4759 2268 4814 secundum
2297 4758 2560 4829 judicium
2592 4761 2964 4827 conscientiae,
3005 4774 3183 4817 tamen
3217 4765 3319 4836 legi

1751 4852 1873 4906 ﬁdei
1925 4867 2030 4906 nou
2081 4860 2261 4920 potest
2303 4853 2605 4920 exaequari,
2642 4867 2747 4921 qua
2803 4853 2914 4909 Deo
2945 4856 3061 4926 (65)
3095 4859 3328 4912 credidit

96 4938 342 4997 videbitur
365 4960 521 4999 error
549 4946 600 4998 in
637 4946 1041 5017 exemplaribus
1073 4947 1281 5010 haberi,
1307 4947 1452 5016 quod
1482 4947 1640 4999 facile
1742 4944 2041 5004 Abraham,
2067 4954 2122 4998 et
2164 4941 2456 5011 iustiﬁcari
2495 4945 2695 4999 meruit
2751 4954 2915 5015 atque
2961 4949 3198 5044 anticus
3231 4948 3327 5004 Dei

97 5028 344 5087 Abraham
380 5050 477 5103 pro
504 5034 704 5090 Abram
735 5037 900 5091 scribi
936 5037 1194 5106 potuerit.
1228 5037 1334 5092 Sed
1363 5036 1488 5107 quia
1520 5036 1639 5090 lucc

156 5192 202 5266 ’ξ
228 5194 377 5253 loau.
430 5216 548 5266 vut,
581 5201 672 5255 '59.

752 5202 797 5232 ³⁵
820 5202 951 5255 Dan.
980 5218 1100 5265 xm,
1134 5201 1223 5254 56.
1288 5202 1334 5234 ³⁸
1364 5199 1562 5254 Ezech.
1611 5214 1719 5261 xvt,
1757 5199 1806 5253 5.

1744 5035 1999 5105 appellari
2024 5037 2070 5088 ".

1886 5201 1930 5232 9"
1957 5198 2114 5252 Rom.
2165 5215 2236 5261 tv,
2287 5199 2482 5260 ΝΛΞ.
2548 5198 2800 5254 “Matth.
2849 5199 3012 5254 v.18.
3088 5197 3133 5229 ’9
3161 5196 3319 5250 Rom.

99 5264 232 5341 2'39-
283 5269 298 5299 ¹
331 5271 462 5326 Gen.
499 5264 585 5330 xv.
624 5274 676 5326 6.
754 5273 776 5302 ’
807 5271 960 5326 Rom.
987 5288 1060 5338 tv,
1091 5264 1154 5326 l0
1180 5287 1295 5341 seq.
1371 5271 1393 5302 ³
1422 5270 1561 5326 Gen.
1591 5270 1788 5335 xvu,5.
1864 5271 1885 5301 δ
1912 5271 2068 5324 litim.
2096 5288 2169 5337 tv,
2205 5270 2289 5323 l5.
2362 5271 2384 5300 ⁵
2413 5270 2848 5338 Gen.xu,l,seq.
2885 5268 2904 5299 ⁹
2932 5271 3086 5322 llum.
3129 5284 3205 5330 tv.
3249 5267 3320 5334 ὃς

100 5329 216 5390 (lim.
239 5354 323 5403 xv,
358 5345 411 5395 6.
490 5343 509 5374 ⁷
543 5329 660 5396 Jac.
687 5358 751 5406 tt,
778 5343 868 5395 25.

161 5473 260 5551 (δῖ)
287 5481 453 5549 Alias,
488 5502 507 5533 ι
529 5483 880 5551 justiﬁcatus.
922 5503 940 5534 ι

288 5543 454 5624 Alias,
494 5543 796 5623 (probare.
837 5575 856 5606 ι

164 5614 262 5689 (59)
288 5618 382 5676 Ms.
413 5614 575 5685 unus,
611 5642 630 5675 ι
673 5625 886 5686 videns,
919 5625 1114 5694 inquit,
1151 5625 1409 5680 Dominus
1464 5626 1638 5678 Abra-

105 5675 228 5745 ham,
259 5691 384 5745 dixit
410 5697 478 5746 ad
511 5709 655 5748 eum.
690 5714 708 5745 ι
736 5705 841 5748 etc.

163 5725 865 5826 .“Ei"..5l°i§ia
918 5765 1126 5831 iustitia
1162 5766 1284 5820 ﬁdei
1309 5805 1323 5832 ,
1353 5766 1421 5821 de
1446 5782 1572 5834 qua,
1609 5781 1629 5814 ι

389 5855 660 5916 Ρηιιοι.
707 5856 822 5918 Gn.
872 5857 958 5916 Xl
977 5857 1043 5919 ν.

1747 5489 1932 5616 mc(at)
1962 5546 2128 5608 Alias,
2167 5563 2185 5594 ι
2225 5544 2378 5598 dixit.
2421 5562 2441 5594 ι

1842 5619 1932 5685 6‘2)
1963 5618 2129 5678 Alias,
2161 5635 2178 5665 ι
2213 5617 2478 5685 meritum.
2523 5633 2540 5664 ι

1842 5626 1932 5685 6‘2)
1963 5626 2129 5678 Alias,
2161 5635 2178 5665 ι
2213 5627 2478 5667 meritum.
2523 5633 2540 5664 ι

1817 5626 1932 5760 ἒϋὸ)
1955 5689 2127 5749 Alias,
2160 5705 2178 5737 ι
2211 5684 2508 5756 adeequari,
2535 5685 2662 5753 quia
2699 5683 2823 5746 Deo,
2865 5700 2882 5730 ι
2908 5691 3018 5737 etc.

2921 5844 3001 5908 31
