3684 6148
309 217 415 277 97!

1791 206 2116 267 ORIGENIS

3461 205 3574 260 9'72

385 342 441 397 4.
475 359 494 392 ι
533 338 592 395 Si
621 337 764 394 enim
793 333 884 406 qui
924 345 990 387 ex
1020 331 1157 403 lege,
1202 331 1256 386 hi
1295 328 1409 402 (64)
1449 329 1691 385 haeredes
1722 341 1848 386 sunt
1871 371 1887 399 ,
1917 337 1964 392 Α
1993 332 2068 384 tio
2096 327 2256 400 527
2305 327 2429 383 erit.
2467 345 2485 379 ι
2534 324 2898 394 Requiramus
2923 338 3055 394 ergo
3087 324 3160 380 ab
3183 323 3272 380 eis
3319 339 3335 377 :
3373 321 3434 378 Si
3477 327 3566 379 ubi

315 433 593 490 exinanita
625 440 710 484 est
736 429 890 496 ﬁdes,
921 440 978 484 et
1006 434 1268 484 evacuata
1306 423 1418 496 (65)
1453 433 1538 478 est
1574 422 1886 494 promissio.

318 530 429 586 Lex
468 527 612 582 enim
657 523 793 577 iram
824 530 1108 591 operatur.
1137 519 1238 575 Ubi
1270 529 1450 573 autem
1484 531 1588 570 non
1638 525 1722 570 est
1754 516 1834 570 lex
1866 555 1884 581 ,

320 636 419 676 nec
450 614 826 687 praevaricatio
851 612 898 665 ⁸.
936 631 958 664 ι
985 611 1070 674 Si,
1120 609 1338 680 inquit,
1370 623 1480 664 non
1512 621 1582 662 ex
1609 606 1728 678 lege
1759 621 1890 678 pro-

318 713 506 768 missio
537 711 660 765 data
693 717 778 763 est
813 706 1050 761 Abrahae
1076 713 1138 759 ut
1167 706 1340 758 haeres
1371 710 1515 758 esset
1546 702 1754 768 mundi,
1787 701 1882 757 sed

315 821 416 876 per
444 804 603 858 ﬁdem
645 815 764 870 quae
792 799 843 854 ei
883 798 948 853 ad
971 797 1247 865 justitiam
1282 805 1530 866 reputata
1555 805 1659 862 est,
1689 809 1884 849 conse-

315 911 492 968 quens
517 895 634 949 sine
657 892 821 946 dubio
849 890 974 955 erit,
1017 898 1078 943 ut
1118 897 1173 944 et
1197 903 1386 942 omnes
1415 887 1507 958 qui
1535 895 1756 957 sperant
1778 887 1881 942 sibi

317 1001 348 1039 a
387 987 496 1039 Deo
520 983 787 1054 justitiam
824 979 1177 1048 reputandam
1207 1022 1223 1046 ,
1261 994 1366 1033 non
1413 993 1510 1048 per
1563 979 1758 1048 legem,
1791 977 1886 1033 sed

318 1093 418 1148 per
450 1076 609 1130 ﬁdem
643 1081 884 1142 sperent.
907 1071 974 1124 Et
997 1080 1056 1125 ut
1087 1071 1189 1125 hoc
1216 1071 1523 1125 evidentius
1547 1070 1888 1136 ostenderet,

317 1167 525 1222 addidit
562 1187 574 1221 :
608 1164 689 1232 Si,
722 1162 920 1232 inquit,
947 1163 1000 1216 bi
1037 1163 1128 1232 qui
1155 1177 1224 1217 ex
1256 1161 1372 1233 lege
1399 1171 1547 1226 sunt,
1573 1161 1673 1230 ipsi
1713 1162 1889 1215 luere-

319 1261 416 1315 des
452 1267 613 1314 erunt
638 1255 1078 1326 repromissionis
1113 1253 1260 1308 illius
1285 1269 1445 1324 quam
1470 1267 1567 1322 per
1597 1252 1756 1307 ﬁdem
1776 1266 1890 1307 me-

317 1353 430 1410 ruit
457 1350 753 1413 Abraham,
777 1348 1133 1404 evacuabitur
1169 1347 1300 1402 illud
1327 1347 1472 1417 quod
1502 1362 1570 1400 ex
1600 1346 1703 1400 ﬁde
1725 1345 1889 1416 justi-

320 1441 512 1496 ﬁcatus
536 1449 620 1495 est
644 1440 919 1493 Abraham
947 1455 965 1492 :
1004 1452 1126 1492 cum
1175 1437 1362 1507 utique
1385 1437 1435 1492 si
1457 1452 1524 1492 ex
1562 1436 1682 1506 lege
1705 1435 1890 1491 futura

317 1543 464 1588 esset
487 1532 789 1597 liaareditas,
814 1531 1120 1601 oportuerit
1149 1537 1204 1585 et
1232 1531 1502 1585 Abraham
1531 1529 1707 1600 legem
1737 1529 1897 1601 prius

319 1623 568 1695 implere,
610 1632 666 1677 et
701 1623 778 1678 ita
813 1623 1185 1678 haereditatem
1213 1621 1440 1692 iustitia:
1465 1622 1788 1692 promereri.
1825 1621 1892 1676 Et

321 1689 661 1773 tit-ostendat
688 1716 836 1772 nullo
863 1717 1025 1773 modo
1051 1717 1156 1770 hoc
1188 1689 1265 1770 ita
1310 1715 1423 1770 ﬁeri
1459 1689 1723 1786 potuisse,
1758 1713 1891 1768 dicit
1923 1689 1964 1744 Β

321 1810 466 1881 quod
489 1809 575 1864 lex
611 1809 749 1863 iram
779 1817 1058 1878 operatur.
1103 1806 1208 1862 Ubi
1263 1817 1443 1861 autem
1479 1807 1560 1862 ira
1583 1815 1687 1871 est,
1717 1807 1894 1863 haere—

323 1902 468 1958 ditas
494 1917 602 1956 non
635 1911 753 1968 est;
776 1911 830 1955 et
858 1899 1104 1954 addidit:
1137 1916 1158 1951 ι
1189 1897 1293 1954 Ubi
1322 1908 1501 1953 autem
1535 1914 1641 1954 non
1664 1909 1748 1955 est
1779 1898 1892 1966 lex,

324 2007 426 2049 nec
455 1993 855 2064 praevaricatio.
890 2013 911 2044 ν
948 1989 1054 2047 Sed
1088 2001 1404 2062 repetamus
1438 1991 1718 2062 paululum
1753 1991 1889 2065 (66),

319 2092 377 2140 et
408 2084 686 2139 videamus
709 2085 773 2138 de
807 2097 914 2152 qua
938 2083 1057 2154 lege
1085 2084 1186 2139 ista
1228 2084 1508 2138 dicantur.
1553 2085 1611 2138 ln
1647 2086 1894 2155 superio-

322 2173 474 2227 ribus
506 2173 723 2242 quidem
771 2172 862 2226 ubi
910 2171 1065 2237 dicit,
1097 2189 1118 2224 ί
1159 2170 1217 2226 Si
1256 2173 1401 2226 enim
1452 2175 1542 2242 qui
1565 2188 1632 2228 ex
1666 2174 1806 2244 lege,
1837 2175 1891 2230 bi

324 2265 568 2319 haaredes
598 2273 747 2329 sunt,
780 2264 1060 2319 exinanita
1115 2273 1199 2318 est
1249 2264 1406 2330 ﬁdes,
1432 2274 1489 2320 et
1512 2277 1773 2322 evacuala
1807 2276 1895 2322 est

322 2356 637 2427 promissio,
675 2375 694 2409 ι
723 2366 902 2428 potest
937 2365 996 2412 et
1024 2356 1091 2410 ad
1126 2356 1298 2426 Moysi
1334 2355 1528 2427 legem,
1562 2367 1618 2413 et
1641 2360 1708 2413 ad
1737 2369 1895 2414 natu-

325 2448 493 2504 ralem
525 2447 740 2504 referri.
787 2446 1009 2503 Certum
1062 2456 1151 2503 est
1197 2448 1344 2502 enim
1397 2446 1538 2516 quod
1586 2448 1632 2503 si
1685 2465 1751 2504 ex
1779 2449 1898 2520 lege

1988 422 2070 476 lex
2119 431 2238 487 est,
2294 431 2349 474 et
2388 418 2770 488 praevaricatio
2818 417 2925 472 erit
2980 427 3343 485 transgressae
3401 415 3570 485 legis;

1985 527 2118 583 ergo
2144 521 2200 568 et
2228 513 2323 567 ubi
2355 512 2487 566 ﬁdes
2516 519 2631 574 est,
2683 519 3034 579 transgressa:
3063 508 3186 562 ﬁdei
3235 509 3568 577 praevarica—

1989 608 2065 661 tio
2090 606 2218 661 erit.
2261 605 2318 660 Si
2354 604 2498 659 enim
2531 602 2920 672 praevaricator
2945 599 3174 655 efficitur
3206 600 3301 666 qui
3327 599 3569 654 declinat

1987 713 2016 752 a
2041 697 2178 768 lege,
2220 697 2338 752 sine
2369 695 2532 749 dubio
2565 704 2620 747 et
2653 692 2740 746 ille
2767 693 3154 761 praevaricator
3183 693 3301 762 (71)
3353 700 3441 744 est
3475 693 3570 760 qui

1985 791 2223 846 declinat
2253 805 2283 844 a
2311 789 2418 844 ﬁde
2443 806 2458 843 :
2482 799 2538 843 et
2568 789 2613 843 si
2641 787 3070 858 praevaricationi
3102 786 3178 840 illi
3209 801 3338 855 quae
3371 785 3424 838 in
3453 785 3571 854 lege

1986 894 2070 938 est
2097 882 2182 936 lex
2214 883 2328 951 ipsa
2362 881 2417 935 in
2445 894 2606 934 causa
2635 886 2740 946 est,
2772 879 2936 933 etiam
2968 878 3413 946 praevaricationi
3443 877 3570 930 huic

1986 989 2107 1044 quae
2157 975 2209 1027 in
2250 973 2352 1026 ﬁde
2390 981 2474 1025 est
2521 971 2656 1026 ﬁdes
2704 972 2758 1025 in
2805 984 2972 1024 causa
3021 985 3144 1025 esse
3190 970 3463 1024 creditur.
3514 968 3575 1022 Si

1986 1080 2119 1119 vero
2162 1063 2274 1134 (72)
2323 1063 2619 1117 absurdum
2649 1071 2734 1117 est
2761 1062 2944 1116 dicere
2971 1061 3097 1131 quia
3131 1061 3269 1115 ﬁdes
3310 1060 3370 1114 in
3401 1073 3572 1113 causa

1987 1167 2071 1212 est
2101 1166 2158 1211 ut
2188 1157 2311 1226 quis
2342 1154 2731 1225 prmvaricetur
2768 1170 2796 1208 a
2830 1153 2933 1208 ﬁde
2954 1193 2972 1218 ,
2999 1160 3053 1208 et
3073 1153 3118 1209 si
3155 1170 3262 1209 non
3297 1155 3576 1208 accessis-

1988 1262 2074 1306 set
2107 1251 2174 1305 ad
2219 1250 2377 1303 ﬁdem
2407 1288 2423 1313 ,
2468 1249 2855 1318 praevaricator
2899 1247 3026 1302 ﬁdei
3071 1261 3175 1300 non
3230 1244 3464 1311 fuisset;
3501 1246 3578 1296 ita

1991 1343 2280 1398 absurdum
2305 1342 2410 1396 erit
2429 1340 2930 1412 praevaricationem
2961 1337 3094 1409 legis
3117 1353 3184 1392 ex
3221 1352 3288 1391 eo
3313 1337 3576 1403 accipere

1989 1429 2132 1497 quod
2181 1429 2480 1496 susceperit
2521 1429 2642 1499 quis
2694 1427 3096 1483 observantiam
3143 1425 3297 1496 legis.
3361 1424 3476 1479 Sed
3521 1435 3580 1478 et

1991 1522 2122 1576 illud
2152 1522 2416 1576 addamus
2455 1521 2588 1592 (7'5).
2629 1520 2770 1588 Quid
2812 1519 2999 1574 dicent
3047 1518 3204 1572 nobis
3249 1521 3316 1572 de
3356 1517 3446 1570 liis
3481 1517 3575 1585 qui

1993 1623 2124 1669 ante
2149 1613 2320 1684 legem
2357 1613 2524 1684 Moysi
2559 1613 2612 1666 in
2642 1610 3088 1682 praevaricatione
3117 1607 3245 1663 facti
3276 1608 3457 1663 sunt?
3515 1607 3574 1661 Si

1989 1706 2135 1760 enim
2182 1704 2364 1760 nullus
2417 1714 2542 1758 ante
2600 1703 2816 1775 Moysen
2874 1703 3266 1773 praevaricator
3331 1701 3574 1764 exstitit,

1992 1813 2156 1854 nemo
2181 1798 2577 1853 condemnatus
2609 1806 2713 1862 est,
2749 1810 2908 1850 nemo
2934 1795 3176 1865 punitus.
3214 1791 3361 1859 Quid
3389 1794 3572 1848 dicent

1991 1891 2059 1946 de
2089 1889 2426 1945 Sodomitis?
2473 1889 2602 1958 quid
2649 1889 2716 1943 de
2745 1890 2828 1944 liis
2850 1890 2940 1959 qui
2971 1890 3024 1944 in
3066 1889 3273 1944 diluvio
3301 1889 3570 1944 condem-

1991 1983 2104 2038 nati
2163 1985 2328 2038 sunt?
2383 1982 2511 2052 quid
2557 1982 2626 2037 de
2665 1981 2842 2038 Cain?
2895 1982 3025 2052 quid
3069 1982 3139 2037 de
3183 1981 3306 2052 ipso
3352 1981 3577 2036 Adam?

1993 2075 2125 2146 quid
2153 2076 2218 2129 de
2243 2075 2352 2130 Eva
2385 2075 2809 2145 respondebunt,
2841 2075 2908 2130 de
2935 2089 3046 2144 qua
3067 2073 3370 2142 Apostolus
3397 2073 3568 2128 dicit:

1999 2189 2019 2222 ι
2069 2170 2260 2225 Mulier
2310 2178 2488 2222 autem
2552 2169 2774 2223 seducta
2821 2169 2876 2222 in
2926 2168 3376 2238 praevaricatione
3429 2167 3574 2222 facta

1993 2271 2078 2317 est
2109 2260 2190 2314 ὀἳ
2231 2279 2250 2312 ι
2296 2259 2352 2315 Si
2383 2259 2502 2314 sine
2541 2259 2660 2326 lege
2705 2257 2873 2328 Moysi
2919 2273 3025 2312 non
3052 2267 3134 2312 est
3162 2257 3578 2327 praevaricatio,

1995 2353 2139 2407 unde
2171 2351 2379 2413 Adam,
2422 2351 2566 2404 unde
2595 2349 2703 2402 Eva
2737 2349 3182 2418 praevaricatores
3212 2349 3283 2403 ab
3310 2349 3582 2419 Apostolo

1995 2443 2387 2500 nominantur!
2419 2443 2646 2507 Verum,
2665 2451 2724 2495 ut
2745 2441 2909 2495 etiam
2942 2442 2999 2496 in
3033 2441 3411 2511 superioribus
3437 2457 3578 2509 sape

324 2541 494 2614 Moysi
513 2551 804 2614 praestatur
821 2539 1130 2606 haereditas,
1153 2551 1452 2595 evacuatur
1472 2541 1584 2612 (67)
1604 2540 1731 2596 illud
1752 2542 1895 2609 quod
1990 2537 2102 2606 jam
2151 2535 2423 2601 diximus,
2458 2533 2703 2588 diversas
2734 2533 2789 2586 in
2823 2533 2926 2588 hac
2969 2531 3205 2603 Epistola
3249 2533 3407 2604 leges
3437 2533 3581 2601 Apo-

324 2635 608 2702 scribitur,
637 2634 912 2689 Abraham
943 2631 1068 2687 ﬁdei
1102 2632 1428 2689 credulitate
1459 2633 1724 2688 meruisse
1745 2633 1896 2703 (68):

323 2737 382 2784 et
404 2742 618 2783 rursum
658 2726 705 2782 si
738 2728 808 2782 ad
852 2726 1158 2781 naturalem
1207 2724 1378 2795 legem
1412 2733 1771 2780 convertatur
1812 2725 1900 2778 in-

324 2818 648 2890 telligentia,
675 2820 791 2873 haec
817 2817 924 2874 dici
955 2826 1185 2889 possunt
1238 2815 1350 2890 (69)
1376 2832 1390 2873 :
1421 2815 1480 2872 Si
1519 2817 1766 2874 sufﬁcere
1805 2833 1901 2886 po-

326 2911 520 2966 tuisset
545 2909 631 2964 lex
677 2910 940 2964 naturalis
966 2909 1034 2964 ad
1077 2907 1240 2964 ﬁdem
1269 2949 1290 2976 ,
1324 2906 1658 2978 superﬂuum
1687 2908 1899 2963 videre-

327 3011 416 3059 tur
434 3002 579 3095 quod
625 3001 936 3095 dictumest
977 2989 1045 3056 ad
1087 3000 1406 3095 Abraham:
1447 3017 1468 3052 ι
1504 3000 1603 3054 Exi
1621 3001 1701 3095 de
1749 3010 1895 3095 terra
1924 3038 1966 3095 ρ

327 3106 442 3164 tua,
465 3104 520 3150 et
547 3094 614 3149 de
634 3094 958 3164 cognatione
981 3102 1095 3156 tua,
1137 3103 1194 3148 et
1218 3092 1286 3148 de
1313 3093 1472 3147 domo
1493 3093 1667 3162 patris
1691 3093 1790 3159 tui,
1844 3103 1900 3147 et

323 3187 450 3242 veni
491 3187 546 3242 in
590 3194 794 3243 terram
846 3200 1009 3256 quam
1057 3185 1349 3240 ostendero
1401 3185 1500 3239 tibi
1527 3186 1572 3238 ⁸.
1631 3203 1652 3238 ι
1699 3184 1900 3254 thuid

324 3281 472 3334 enim
501 3279 676 3334 exiret
703 3279 769 3335 de
801 3289 948 3334 terra
973 3293 1095 3344 sua,
1117 3287 1174 3333 et
1198 3278 1264 3333 de
1299 3279 1458 3333 domo
1493 3293 1614 3344 sua,
1645 3278 1692 3334 si
1737 3279 1789 3333 ei
1811 3277 1901 3332 lex

328 3369 604 3427 sulliceret
635 3371 926 3436 naturalis,
954 3386 1116 3442 quam
1143 3373 1336 3440 utique
1363 3371 1493 3425 etin
1517 3378 1661 3425 terra
1687 3384 1785 3426 sua
1800 3385 1902 3439 po-

328 3461 466 3516 situs
489 3461 688 3516 habere
712 3469 766 3515 et
793 3461 1070 3516 custodire
1117 3461 1430 3532 potuisset?
1455 3461 1561 3518 Sed
1587 3477 1730 3518 nunc
1754 3463 1902 3517 velut

329 3555 421 3611 illa
449 3556 628 3610 minus
659 3553 964 3610 sufficiente
989 3553 1213 3624 iubetur
1245 3555 1414 3626 legem
1437 3554 1562 3610 ﬁdei
1585 3555 1767 3624 sequi,
1785 3556 1905 3612 sine

328 3662 432 3717 qua
463 3645 574 3720 (70)
599 3661 698 3701 nec
722 3647 894 3702 haeres
922 3661 1043 3702 esse
1065 3646 1248 3701 mundi
1269 3647 1382 3717 ipse
1403 3645 1489 3702 vel
1515 3635 1701 3702 semen
1720 3660 1908 3712 suum,

330 3753 432 3794 nec
458 3739 666 3793 amicus
689 3737 782 3793 Dei
813 3737 1302 3809 poteratappellari
1329 3755 1348 3792 :
1373 3739 1454 3794 sic
1475 3753 1606 3808 ergo
1633 3749 1811 3809 potest
1835 3740 1905 3794 ab

329 3839 563 3900 utraque
591 3830 709 3901 lege
743 3831 1083 3886 subtractum
1138 3831 1204 3886 ad
1245 3830 1416 3886 solam
1457 3833 1582 3886 ﬁdei
1615 3831 1787 3904 legem
1821 3848 1909 3888 re-

329 3923 544 3991 spicere
564 3923 708 3992 quod
741 3924 908 3978 dicit:
947 3939 967 3974 ι
1006 3922 1063 3977 Si
1099 3923 1242 3978 enim
1275 3924 1362 3993 qui
1393 3938 1462 3978 ex
1494 3923 1634 3995 lege,
1688 3925 1742 3979 lii
1804 3925 1910 3980 lia:-

331 4015 489 4070 redes
513 4019 659 4079 sunt,
697 4014 979 4068 exinanita
1005 4021 1092 4069 est
1125 4013 1280 4080 ﬁdes,
1307 4024 1362 4069 et
1381 4025 1639 4070 evacuata
1672 4025 1756 4070 est
1781 4031 1910 4084 pro-

1997 2630 2171 2686 stolus
2215 2627 2542 2693 introducit,
2579 2637 2635 2682 et
2674 2642 2817 2680 nunc
2844 2626 2912 2680 de
2954 2626 3072 2695 lege
3100 2625 3272 2696 Moysi
3307 2627 3576 2695 loquitur,

1999 2735 2143 2775 nunc
2178 2718 2349 2790 legem
2392 2716 2517 2771 ﬁdei
2563 2716 2831 2780 nominat,
2867 2716 3008 2770 sicut
3039 2731 3162 2771 cum
3189 2717 3326 2772 dicit
3357 2733 3376 2771 :
3413 2736 3434 2768 α
3477 2717 3577 2772 Ubi

2001 2824 2083 2867 est
2107 2827 2235 2880 ergo
2261 2809 2514 2880 gloriatio
2541 2816 2631 2862 tua
2655 2808 2679 2861 ἲ
2730 2807 2964 2862 Exclusa
2992 2817 3096 2863 est.
3152 2807 3257 2862 Per
3295 2825 3466 2878 quam
3500 2810 3578 2863 le-

1999 2904 2161 2975 gem?
2193 2904 2469 2974 Operum?
2508 2906 2661 2974 Non;
2696 2911 2788 2964 sed
2822 2925 2915 2979 per
2939 2911 3112 2980 legem
3146 2909 3272 2965 ﬁdei
3305 2911 3378 2964 ιι.
3417 2930 3440 2964 ι
3495 2912 3585 2965 ln-

2001 2996 2147 3049 ducit
2169 3007 2432 3064 praeterea
2462 3008 2517 3055 et
2547 2999 2682 3055 alias
2706 3002 2871 3072 leges,
2890 3003 2955 3057 de
2979 3003 3182 3072 quibus
3196 3003 3331 3058 dicit
3359 3021 3376 3057 :
3409 3022 3430 3055 ι
3450 3003 3582 3059 Con-

2002 3087 2244 3144 delector
2277 3081 2421 3144 énim
2454 3091 2558 3162 legi
2600 3091 2697 3147 Dei
2725 3095 3025 3156 secundum
3055 3095 3372 3150 interiorem
3409 3097 3577 3151 homi-

2003 3193 2125 3231 nem
2159 3196 2172 3232 :
2210 3179 2366 3236 video
2397 3190 2577 3236 autem
2619 3182 2781 3237 aliam
2815 3184 2986 3254 legem
3028 3185 3082 3240 in
3125 3187 3395 3242 membris
3424 3188 3580 3255 meis,

2003 3284 2393 3341 repugnantem
2428 3273 2533 3342 legi
2565 3275 2762 3330 mentis
2790 3292 2944 3343 meae,
2977 3287 3034 3332 et
3056 3279 3329 3347 captivum
3360 3295 3451 3333 me
3479 3280 3578 3332 du-

2001 3372 2215 3416 centem
2249 3361 2300 3416 in
2334 3365 2450 3433 lege
2480 3368 2688 3436 peccati
2733 3369 2812 3432 ¹²;
2847 3386 2867 3419 ›
2906 3377 2961 3423 et
3007 3368 3080 3423 ita
3121 3369 3188 3423 de
3214 3384 3324 3422 una
3352 3370 3424 3423 ad
3451 3369 3582 3423 alte-

2003 3469 2121 3508 ram
2172 3455 2347 3525 legem
2385 3463 2614 3525 transit,
2654 3469 2713 3515 ut
2757 3461 2861 3515 nisi
2903 3475 3096 3515 sensus
3143 3459 3382 3537 vigilans
3413 3470 3472 3516 et
3503 3462 3578 3514 in-

2005 3554 2187 3603 tentus
2220 3549 2291 3604 sit
2313 3589 2331 3614 ,
2369 3549 2776 3620 deprehendere
2815 3569 2944 3610 eum
2973 3563 3030 3608 et
3065 3555 3217 3624 sequi
3265 3555 3359 3609 vix
3387 3556 3581 3627 possit.

2010 3638 2308 3696 Videndum
2337 3653 2422 3698 est
2442 3659 2573 3715 ergo
2595 3661 2663 3700 ne
2685 3646 2824 3702 forte
2845 3646 2934 3701 illa
2963 3647 3050 3701 lex
3075 3663 3194 3716 quae
3215 3658 3303 3703 est
3331 3648 3391 3704 in
3417 3665 3578 3704 mem-

2006 3736 2126 3792 bris
2151 3740 2353 3794 nostris
2383 3738 2521 3809 (74),
2558 3750 2613 3795 et
2643 3741 2892 3810 captivos
2918 3756 3017 3796 nos
3044 3741 3193 3797 ducit
3223 3743 3284 3798 in
3311 3743 3437 3814 lege
3461 3758 3580 3814 pec-

2006 3828 2155 3893 cati,
2201 3829 2316 3898 ipsa
2353 3828 2427 3883 sit
2469 3831 2554 3884 lex
2597 3845 2759 3900 quam
2792 3829 3082 3896 Apostolus
3110 3831 3248 3886 iram
3279 3833 3417 3888 dicit
3456 3849 3582 3904 ope-

2008 3922 2142 3976 rari.
2183 3922 2455 3992 Operatur
2482 3924 2631 3976 enim
2664 3925 2783 3978 sine
2805 3923 2971 3979 dubio
3009 3924 3148 3978 iram
3174 3925 3220 3979 ei
3241 3964 3264 3990 ,
3291 3940 3458 3994 quem
3489 3942 3578 3979 ca-

2006 4017 2214 4084 ptivum
2249 4015 2468 4070 duxerit
2499 4017 2554 4070 in
2589 4016 2704 4086 lege
2735 4022 2967 4088 peccati.
3024 4017 3128 4073 Ubi
3157 4027 3348 4072 autem
3375 4018 3463 4073 lex
3486 4019 3580 4073 ista

333 4105 541 4159 missio.
569 4122 588 4155 »
611 4101 731 4158 Jam
772 4120 904 4160 vero
929 4107 980 4160 in
1014 4105 1119 4161 hoc
1143 4107 1259 4163 loco
1281 4109 1541 4174 uliidicit,
1573 4131 1591 4161 ι
1627 4108 1738 4164 Lex
1762 4109 1911 4164 enim
2010 4124 2116 4164 nou
2163 4109 2324 4163 fuerit
2345 4149 2363 4174 ,
2393 4119 2604 4164 certum
2653 4119 2737 4164 est
2777 4111 2918 4179 quod
2965 4110 3038 4164 ibi
3071 4125 3171 4164 nec
3199 4111 3584 4180 praevaricatio

333 4198 470 4250 iram
501 4204 778 4266 operatur,
814 4215 836 4250 ›
867 4197 1182 4267 diligentius
1201 4199 1513 4256 intuendum
1540 4211 1624 4256 est
1655 4202 1721 4256 ad
1745 4217 1908 4271 quam
2011 4201 2138 4256 erit.
2179 4202 2282 4269 Qui
2311 4217 2438 4256 vero
2471 4203 2573 4257 sub
2610 4202 2716 4256 ista
2756 4202 2873 4272 lege
2898 4202 3138 4269 fuerint,
3185 4214 3584 4272 consequenter

333 4285 505 4356 legem
540 4287 819 4356 respicere
855 4291 1102 4345 videatur
1130 4291 1221 4345 hic
1251 4307 1433 4347 sermo
1458 4311 1474 4360 ;
1502 4293 1595 4348 sed
1623 4301 1676 4347 et
1704 4292 1792 4348 ille
1817 4293 1909 4363 qui
2012 4308 2113 4349 nec
2140 4293 2380 4349 haeredes
2406 4302 2592 4348 erunt.
2651 4293 2804 4360 Quod
2834 4303 2887 4350 et
2909 4295 2952 4349 si
2989 4295 3056 4349 de
3089 4293 3204 4365 lege
3234 4294 3410 4367 Moysi
3444 4312 3586 4352 com-

332 4382 600 4449 sequitur.
639 4400 660 4434 ‹
706 4375 808 4438 Ubi
838 4386 986 4438 enim
1018 4400 1124 4439 non
1153 4394 1240 4439 est
1292 4385 1402 4451 lex,
1433 4401 1537 4440 nec
1577 4385 1907 4455 praevarica-
1941 4385 1986 4441 D
2018 4387 2314 4439 memorari
2349 4385 2470 4454 quis
2498 4385 2652 4451 velit,
2691 4395 2745 4439 et
2771 4384 2954 4440 dicere
2979 4389 3103 4455 quia
3136 4388 3276 4441 iram
3307 4396 3579 4458 Operamr,

318 4475 464 4534 tio.»
492 4475 598 4530 Sed
617 4475 1156 4545 priusquamanobis
1173 4475 1380 4546 plenior
1397 4475 1706 4545 explanatio
1729 4475 1909 4544 requi-
2013 4492 2114 4548 pro
2155 4492 2222 4531 eo
2265 4476 2517 4532 fortassis
2560 4477 2679 4532 solo
2724 4477 2829 4532 hoc
2875 4480 3078 4548 pulerit
3127 4478 3403 4536 aliirmare
3450 4483 3585 4553 quod

335 4575 511 4633 ratur,
528 4568 594 4620 ad
617 4568 703 4620 illa
723 4569 961 4624 breviter
979 4569 1427 4636 respondeamus,
1446 4582 1568 4636 quae
1589 4569 1658 4623 de
1671 4569 1775 4623 boc
1789 4568 1909 4624 loco
2014 4575 2328 4639 peccantem
2356 4569 2407 4622 in
2438 4582 2500 4622 se
2526 4568 2640 4637 (75)
2664 4581 2760 4623 aut
2788 4569 3015 4639 lapidari
3039 4571 3325 4638 continuo,
3356 4583 3454 4627 aut
3476 4589 3584 4627 cre-

340 4658 579 4713 hzeretici
604 4660 760 4714 nobis
780 4659 955 4714 solent
977 4659 1298 4713 obtendere.
1327 4658 1686 4714 Aiuntenim:
1720 4679 1740 4712 ι
1771 4661 1910 4716 Ecce
2018 4660 2156 4715 mari
2205 4661 2418 4730 ignibus
2457 4659 2653 4728 jubet,
2685 4661 2768 4715 vel
2811 4662 2859 4715 si
2889 4661 3032 4729 quod
3065 4661 3210 4716 aliud
3238 4665 3584 4732 peccantibus

342 4749 613 4819 quomodo
639 4751 926 4820 Apostolus
955 4751 1089 4805 dicit
1120 4751 1244 4820 quia
1287 4751 1373 4805 lex
1408 4750 1580 4822 Moysi
1611 4754 1748 4806 iram
1775 4767 1910 4824 ope-
2017 4753 2332 4808 decernitur
2381 4754 2433 4806 in
2477 4752 2595 4824 lege
2627 4752 2948 4822 supplicium
2999 4769 3016 4808 :
3053 4761 3112 4808 ut
3136 4768 3301 4824 paena
3330 4755 3451 4826 ipsa
3475 4771 3583 4825 quae

339 4851 526 4908 raunr,
553 4842 642 4897 ubi
657 4858 785 4898 vero
805 4843 890 4899 lex
911 4844 1002 4898 illa
1027 4859 1132 4898 non
1155 4845 1343 4909 fuerit,
1367 4843 1437 4900 ibi
1465 4861 1566 4900 nec
1585 4847 1912 4914 pravarica-
2019 4846 2267 4916 peccauti
2301 4844 2530 4901 infertur
2564 4861 2632 4900 ex
2667 4845 2812 4914 lege,
2840 4847 2918 4900 ira
2952 4862 3096 4901 nunc
3118 4849 3189 4902 ab
3211 4846 3472 4917 Apostolo
3494 4865 3584 4903 uo-

410 5011 434 5044 ⁸
464 5008 621 5064 Rom.
659 5023 734 5073 tv,
791 5009 898 5077 id,
941 5009 1030 5064 15.
1105 5011 1128 5041 ⁹
1160 5009 1298 5066 Gen.
1333 5026 1435 5080 xu,
1469 5015 1527 5070 1.
1596 5011 1640 5044 ¹⁰
1673 5011 1695 5066 1
1724 5011 1864 5068 Tim.
1900 5029 1914 5069 ι

2171 4972 2226 5045 δ²¹
2260 5011 2419 5066 Rom.
2454 5028 2537 5074 tu,
2569 5011 2660 5067 27.
2761 5013 2802 5044 ¹²
2839 5012 2998 5071 Rom.
3026 5012 3239 5079 "1.22.
3271 5012 3368 5070 35-

409 5163 525 5236 (64)
559 5159 652 5236 Ili.
691 5160 857 5215 Deest
889 5161 941 5217 in
965 5171 1135 5236 (antea
1167 5164 1350 5220 editis.

437 5230 527 5300 65)
555 5230 918 5287 Etevacuatu.
949 5233 1034 5286 Al.
1071 5251 1089 5284 ι
1125 5244 1182 5288 et
1210 5236 1436 5292 abolita.
1469 5257 1490 5290 ι

439 5305 528 5373 66)
553 5303 740 5373 Alias,
777 5320 795 5353 α
827 5303 932 5357 Sed
968 5314 1277 5373 repetamus
1301 5305 1548 5363 Paulum.
1591 5327 1612 5360 ι

387 5372 533 5443 ,(67⁷)
560 5372 706 5443 Editi
741 5389 756 5425 :
791 5391 809 5422 ι
857 5381 916 5426 ut
941 5372 1254 5428 evacuetur.
1284 5393 1304 5427 ι

416 5441 528 5513 (68)
557 5441 657 5497 Ms.
689 5456 870 5496 unus:
904 5460 924 5494 ‹
963 5457 1062 5513 per
1098 5444 1224 5499 ﬁdei
1269 5446 1644 5503 credulitatem
1687 5449 1914 5506 meruis-

348 5529 440 5579 se;
491 5533 509 5564 ι
546 5514 618 5565 al.
653 5515 807 5567 deest
839 5531 857 5563 α
895 5529 1009 5582 per.
1053 5533 1072 5566 ι

423 5582 536 5657 (69)
570 5582 711 5657 Editi
745 5601 758 5637 :
803 5585 1202 5657 «intelligentia
1237 5585 1373 5651 lucc,
1402 5586 1512 5641 dici
1543 5598 1740 5657 potest.
1780 5607 1800 5642 ι

417 5654 531 5722 (70)
565 5651 689 5707 Sine
718 5669 842 5722 qua.
869 5651 1047 5723 Etliti;
1064 5673 1084 5709 ι
1121 5657 1300 5728 quasi,
1335 5677 1354 5709 ι
1395 5651 1557 5714 male.

2097 5167 2209 5242 (71)
2250 5167 2471 5242 Editi,__¢
2504 5169 2867 5242 quigdeclinat
2897 5185 2926 5223 a
2958 5169 3082 5234 ﬁde,
3113 5180 3168 5226 et
3197 5172 3244 5226 si
3276 5177 3579 5242 praevarica-

2023 5237 2237 5313 tioui,_’_i
2264 5249 2370 5293 etc.
2412 5237 2576 5313 Multa
2607 5241 2788 5309 itaque
2809 5243 3008 5296 omissa
3035 5252 3194 5298 erant
3217 5237 3344 5313 qua:
3367 5260 3435 5300 ex
3464 5261 3576 5298 ωδε.

2020 5310 2304 5364 codicibus
2335 5311 2716 5364 restituuntur.

2093 5377 2206 5450 (7‘2)
2245 5378 2414 5442 Alias,
2455 5397 2474 5430 ι
2511 5379 2668 5450 Sicut
2701 5396 2849 5436 vero.
2883 5400 2904 5432 ι

2091 5449 2205 5521 (75)
2241 5451 2425 5519 Alias,
2467 5467 2488 5502 ι
2526 5449 2596 5504 Et
2643 5451 2774 5506 ill'ud
2817 5451 3100 5521 addimus;
3137 5473 3158 5507 ι
3211 5455 3320 5522 al.,
3363 5475 3384 5508 ι
3431 5457 3569 5510 adde.

2022 5536 2164 5576 IIIUS.
2201 5539 2220 5571 D

2095 5589 2208 5660 (74)
2245 5591 2413 5654 Alias,
2451 5610 2470 5643 ι
2503 5591 2659 5647 meis.
2694 5610 2712 5643 ι

2093 5649 2207 5731 (75)
2237 5649 2419 5733 ,AliaS,
2455 5679 2475 5713 ι
2507 5673 2823 5733 peccantem
2857 5678 2938 5720 se.
2972 5681 2992 5716 ι
