3684 6148
95 265 211 319 975

1054 258 1406 317 COMMENT.
1442 257 1508 313 IN
1539 258 1756 315 EPIST.
1791 259 1881 312 AD
1915 257 2082 314 ltOM.
2115 258 2240 313 LIB.
2275 258 2362 314 LV.

3233 265 3339 320 974

97 381 308 433 minata
335 377 603 433 videatur.
651 377 918 434 Similiter
943 388 999 435 et
1030 378 1098 434 de
1119 378 1586 448 praevaricatione,
1614 386 1671 432 ut
1698 384 1747 439 Α
1775 378 1931 447 pulus
1976 379 2085 433 Deo
2105 417 2120 442 ,
2175 390 2230 433 ct
2273 379 2443 448 Moysi
2490 378 2692 434 famulo
2736 381 2850 446 eius
2886 382 2964 450 “;
3003 402 3023 437 ι
3053 395 3111 439 ει
3139 385 3338 444 iterum

99 489 212 527 non
262 485 480 526 onmem
529 467 1039 539 praevaricationem
1093 473 1418 543 generaliter
1465 473 1517 527 in
1566 471 1672 526 hoc

101 564 229 617 loco
251 563 495 617 adstruat
524 563 866 633 appellatam,
899 564 992 619 sed
1036 563 1152 630 ejus
1173 567 1264 634 qui
1295 567 1348 619 in
1380 565 1500 635 lege
1527 564 1674 635 posi-

98 663 192 708 tus
238 654 534 724 deliquerit
581 670 597 710 :
635 664 694 708 ut
722 656 943 725 gravius
972 656 1227 711 delictum
1268 655 1518 710 videatur
1557 655 1673 724 ejus

99 745 194 811 qni
246 760 341 814 per
377 746 546 816 legem
583 747 886 816 prohibitus
930 758 1119 818 peccat
1162 744 1313 817 (76),
1357 762 1519 818 quam
1557 748 1674 814 ejus

99 838 196 905 qni
252 836 396 890 nulla
446 838 609 892 fuerit
642 838 760 906 lege
802 839 1187 894 commonitus.
1226 838 1331 894 Sed
1359 839 1564 892 etillud
1593 840 1673 891 vi-

101 930 340 983 dendum
373 935 480 992 est,
509 929 636 997 quia
663 945 770 985 non
805 929 944 984 dixit
969 928 1262 998 Apostolus
1289 931 1430 998 quod
1461 930 1551 984 ubi
1585 928 1674 984 lex

100 1019 292 1082 fuerit,
320 1019 392 1074 ibi
417 1026 473 1073 et
497 1019 890 1086 praevaricatio,
909 1021 1004 1075 sed
1034 1020 1108 1075 ait
1138 1037 1152 1073 :
1189 1039 1206 1072 ι
1231 1016 1333 1076 Ubi
1360 1035 1538 1076 autem
1567 1034 1670 1075 non

99 1118 191 1164 est
219 1108 332 1170 lex.
364 1125 464 1164 nec
487 1111 867 1179 pmvaricatio
886 1109 950 1164 ¹³.
986 1129 1006 1162 ›
1046 1108 1104 1164 In
1131 1125 1238 1180 quo
1263 1110 1500 1165 ostendit
1529 1111 1672 1180 quod

103 1202 480 1270 praevaricatio
518 1202 736 1272 quidem
784 1217 906 1258 esse
932 1203 1155 1258 omnino
1184 1217 1290 1258 non
1321 1203 1531 1272 possit,
1568 1202 1671 1257 nisi

101 1291 187 1345 lex
216 1291 412 1359 fuerit;
447 1307 553 1346 non
588 1299 768 1347 tamen
801 1292 847 1348 si
871 1291 955 1348 lex
989 1291 1079 1358 sit,
1107 1290 1255 1347 omni
1285 1307 1486 1362 genere
1510 1293 1671 1347 etiam

102 1383 485 1452 prrevaricatio
527 1383 653 1438 erit.
713 1382 897 1438 Potest
926 1383 1072 1438 enim
1104 1382 1220 1438 ﬁeri
1266 1392 1326 1438 ut
1367 1384 1438 1438 sit
1467 1383 1586 1448 lex,
1619 1391 1674 1440 et

103 1471 484 1541 praevaricatio
529 1486 639 1526 non
684 1472 754 1526 sit
799 1489 814 1528 ε
851 1487 955 1526 non
1001 1482 1177 1542 potest
1226 1482 1400 1528 tamen
1451 1471 1565 1527 ﬁeri
1614 1482 1674 1528 ut

103 1562 483 1632 praevaricatio
509 1563 616 1629 sit,
652 1562 743 1619 ubi
788 1562 872 1618 lex
905 1579 1011 1619 non
1044 1576 1150 1619 est.
1187 1563 1320 1620 Nam
1348 1574 1402 1618 et
1431 1565 1476 1619 si
1507 1563 1672 1636 Moysi

103 1657 278 1727 legem
312 1643 628 1726 ponamus,
655 1671 762 1710 non
809 1656 1066 1710 continuo
1091 1655 1204 1729 (77)
1235 1671 1425 1712 omnes
1448 1657 1539 1728 qui
1572 1656 1672 1712 sub

1777 469 2033 525 Dominus
2056 472 2109 526 in
2138 467 2428 543 Evangelio
2457 473 2604 528 dicat
2631 493 2646 529 :
2685 492 2704 526 ι
2735 475 2790 529 Si
2817 479 3114 534 crederetis
3145 477 3338 553 Moysi.

1771 563 2069 619 crederetis
2116 565 2302 634 utique
2349 573 2405 621 et
2450 565 2578 620 mihi
2633 580 2649 620 :
2696 568 2763 623 de
2790 585 2875 624 me
2903 571 3047 625 enim
3079 573 3170 628 ille
3202 577 3341 629 scri-

1773 655 1878 724 psit
1907 655 1970 708 '7.
2002 674 2021 707 ι
2055 653 2337 711 Videbitur
2355 656 2501 712 enim
2533 659 2675 714 sicut
2695 662 2760 714 de
2780 675 2838 716 se
2859 661 3017 729 dixit,
3043 665 3169 732 quia
3201 685 3221 716 ι
3245 669 3340 736 qui

1772 747 1942 803 credit
1974 749 2025 802 in
2066 763 2184 812 me,
2213 750 2384 804 credit
2418 759 2471 805 et
2519 752 2571 806 in
2624 765 2747 806 cum
2780 754 2870 824 qui
2903 755 3047 810 misit
3079 773 3163 810 me
3195 759 3273 822 ¹⁸,
3311 778 3332 812 ο

1775 838 1847 890 ita
1876 847 1930 894 et
1956 839 2021 893 de
2053 839 2235 912 Moyse
2265 840 2465 907 dicere,
2499 843 2640 912 quod
2678 863 2697 895 ι
2728 845 2772 902 si
2812 847 3111 904 crederetis
3140 848 3333 921 Moysi,

1773 927 2069 983 crederetis
2124 929 2309 999 utique
2352 939 2408 984 et
2441 931 2594 986 mihi.
2638 951 2657 985 ι
2703 931 2783 987 Ad
2812 935 2954 1004 quod
2987 939 3338 1004 respondebi-

1773 1032 1914 1080 mus,
1944 1016 2070 1087 quia
2104 1017 2233 1070 illnd
2265 1019 2406 1088 quod
2434 1020 2636 1074 dictum
2665 1029 2748 1076 est
2779 1021 2832 1077 in
2868 1023 3081 1079 deserto
3104 1066 3119 1092 ,
3159 1045 3179 1079 ι
3207 1027 3338 1084 Cre-

1773 1107 1910 1163 didit
1935 1109 2164 1180 p0pulus
2193 1108 2326 1176 Deo,
2361 1120 2414 1166 et
2441 1109 2608 1183 Moysi
2639 1112 2838 1169 famulo
2871 1114 3006 1183 ejus,
3039 1135 3057 1166 ι
3095 1121 3337 1174 narratio

1773 1207 1894 1264 est,
1941 1215 2045 1268 qua
2092 1202 2397 1256 ostenditur
2442 1201 2584 1272 quod
2620 1220 2714 1273 per
2743 1205 3110 1262 ministerium
3165 1207 3334 1280 Moysi

1771 1303 1882 1357 quo
1925 1290 2072 1360 signa
2104 1299 2155 1346 et
2183 1291 2451 1346 mirabilia
2489 1293 2853 1360 ministravit,
2884 1297 3113 1366 populus
3154 1302 3334 1356 credi-

1773 1382 1850 1435 dit
1893 1382 2000 1436 Deo
2035 1398 2050 1436 :
2090 1383 2140 1436 in
2186 1383 2289 1438 hoc
2333 1385 2500 1440 verbo
2546 1387 2634 1441 ubi
2687 1387 2850 1458 dicit,
2891 1407 2911 1441 ι
2945 1389 3004 1447 Si
3042 1393 3334 1450 crederetis

1772 1469 1965 1542 Moysi,
1999 1472 2292 1528 crederetis
2333 1476 2517 1545 utique
2545 1485 2597 1532 et
2626 1475 2780 1544 mihi,
2815 1497 2833 1530 ι
2887 1481 3067 1550 arguit
3099 1482 3332 1539 inﬁdeli-

1777 1570 1939 1618 tatem
1967 1577 2156 1618 eornm
2185 1566 2277 1635 qui
2314 1565 2440 1621 dum
2471 1568 2575 1623 sibi
2607 1585 2711 1624 non
2758 1571 3009 1639 credunt,
3041 1577 3336 1632 ostendunt

1773 1669 1831 1708 se
1863 1669 1967 1710 nec
2005 1654 2177 1726 Moysi
2221 1655 2418 1713 litteris
2445 1661 2668 1716 credere
2699 1662 2753 1716 in
2784 1663 2978 1732 quibus
3010 1666 3077 1720 de
3103 1668 3330 1723 adventu

105 1748 274 1820 Moysi
309 1749 421 1819 lege
449 1748 725 1811 vixerunt,
759 1748 810 1801 in
841 1749 1288 1817 przevaricatione
1331 1748 1458 1804 facti
1490 1757 1618 1802 sunt
1653 1766 1666 1801 :
1702 1737 1742 1792 Β
1771 1743 1971 1798 Christi
1998 1747 2297 1816 prophetali
2331 1762 2584 1806 sermone
2607 1753 3055 1823 comprehensum
3081 1766 3205 1812 est:
3241 1759 3332 1814 ubi

108 1840 348 1909 alioquin
379 1839 536 1894 simul
570 1848 624 1893 et
646 1839 980 1908 prophetas,
1016 1848 1070 1893 et
1092 1853 1283 1896 omnes
1317 1836 1493 1906 iustos
1519 1838 1668 1892 vide-

107 1947 226 1986 mur
255 1929 534 1985 involvere
558 1947 572 1984 :
597 1929 700 1984 nisi
723 1929 865 1984 forte
891 1931 1037 1985 dicat
1063 1929 1257 1999 aliquis
1277 1929 1455 2000 iustos
1483 1945 1670 1986 omnes

104 2032 161 2077 et
187 2022 479 2092 prophetas
519 2037 624 2077 non
656 2033 764 2076 tam
795 2021 895 2076 sub
929 2022 1082 2093 lege,
1115 2037 1275 2090 quam
1325 2022 1425 2077 sub
1454 2021 1559 2077 ﬁde
1591 2023 1671 2077 vi-

107 2113 281 2178 xisse;
343 2122 654 2182 peccatores
699 2125 829 2166 vero
881 2122 934 2166 et
984 2110 1211 2182 iniustos
1266 2111 1400 2181 legis
1442 2112 1672 2168 vinculis

105 2204 272 2260 tuisse
301 2205 648 2272 constrictos,
674 2204 813 2260 sicut
847 2213 901 2259 et
929 2203 1216 2274 Apostolus
1243 2203 1508 2260 dicit“:'r
1535 2204 1668 2272 Quia

102 2296 246 2364 justo
269 2297 355 2352 lex
388 2313 493 2351 non
537 2306 621 2352 est
647 2297 843 2367 posita,
887 2297 982 2352 sed
1015 2296 1229 2365 iniustis
1258 2307 1313 2352 et
1349 2312 1456 2352 non
1487 2296 1671 2352 subdi-

109 2395 208 2456 tis,
256 2391 440 2461 impiis
486 2399 537 2446 et
579 2391 995 2460 peccatoribus,
1045 2391 1291 2446 scelestis
1328 2399 1383 2446 et
1407 2390 1667 2460 profanis,

109 2485 394 2553 patricidis
427 2492 482 2538 et
510 2483 809 2538 matricidis
829 2523 845 2547 ,
873 2482 1196 2546 bomicidis,
1227 2481 1668 2545 fornicatoribus,

112 2576 474 2630 masculorum
508 2575 970 2637 concubitoribus,
1005 2574 1426 2644 plagiatoribus,
1453 2573 1672 2627 menda-

111 2669 284 2734 cibus,
317 2667 573 2737 perjuris,
607 2677 662 2722 et
686 2667 730 2722 si
760 2667 892 2738 quid
927 2666 1069 2719 aliud
1115 2679 1259 2721 same
1287 2665 1547 2719 doctrinae
1575 2665 1666 2717 ad-

111 2771 381 2815 versatur.
416 2778 435 2812 ι
481 2759 631 2826 Quod
664 2758 709 2814 si
739 2758 939 2812 talibus
968 2757 1052 2812 lex
1079 2758 1250 2829 posita
1279 2767 1382 2820 est,
1427 2772 1531 2810 non
1574 2753 1670 2810 tibi

113 2853 276 2908 multo
327 2851 584 2907 meliores
628 2851 704 2905 illi
748 2850 1073 2905 videbuntur
1101 2850 1166 2903 de
1191 2849 1388 2917 quibus
1425 2848 1620 2904 dicitur
1652 2862 1668 2902 :

116 2962 136 2995 ι
167 2943 295 2999 Cum
324 2943 469 2999 enim
499 2934 708 3014 gentes,
750 2955 870 3010 quae
896 2940 1067 3011 legem
1097 2954 1203 2994 non
1252 2939 1470 3003 habent,
1517 2948 1672 2992 natu-

116 3035 297 3088 raliter
324 3049 446 3104 quae
471 3033 603 3103 legis
627 3042 757 3088 sunt
785 3030 1011 3098 l‘aciunt,
1036 3029 1340 3097 huiusmodi
1369 3029 1538 3100 legem
1567 3044 1668 3084 non

115 3127 397 3190 habentes,
427 3124 528 3193 ipsi
557 3123 658 3178 sibi
685 3132 813 3178 sunt
843 3123 952 3201 lex,
982 3122 1072 3192 qui
1115 3122 1410 3177 ostendunt
1435 3134 1570 3190 Opus
1595 3120 1671 3174 le-

111 3218 193 3286 gis
214 3217 476 3287 scriptum
509 3219 562 3270 in
586 3215 842 3270 cordibus
864 3216 998 3276 suis,
1025 3214 1387 3268 testimonium
1415 3213 1672 3266 reddente

113 3312 189 3365 eis
227 3308 559 3365 conscientia
591 3308 656 3360 ¹¹.
691 3325 710 3359 ι
766 3307 832 3360 Ει
861 3315 1166 3360 statuamus
1213 3313 1337 3359 ante
1370 3303 1556 3360 oculos
1577 3345 1593 3367 ,
1626 3304 1669 3356 si

117 3405 330 3459 videtur
354 3444 369 3468 ,
409 3404 539 3458 duos
589 3401 828 3470 aliquos,
863 3398 1011 3454 verbi
1042 3397 1215 3468 gratia
1239 3437 1254 3462 ,
1290 3397 1382 3464 qui
1411 3412 1529 3450 cum
1561 3411 1673 3448 ma-

115 3495 274 3550 sculis
309 3510 416 3548 non
461 3493 873 3547 concubuerunt
915 3489 1204 3543 concubitu
1239 3487 1487 3542 muliebri
1517 3487 1667 3555 (78);

115 3603 275 3641 unum
305 3601 374 3641 ex
407 3585 491 3640 his
531 3593 799 3654 przecepto
842 3581 977 3648 legis
1023 3581 1384 3649 prohibitum,
1437 3578 1594 3647 cujus
1626 3577 1670 3632 si

119 3687 319 3731 metum
353 3691 459 3730 nou
492 3674 794 3736 habuisset,
828 3671 1058 3726 fortasse
1095 3670 1315 3725 fecisset
1361 3687 1375 3722 :
1426 3678 1481 3723 et
1507 3667 1669 3722 alium

117 3771 202 3839 qui
234 3768 465 3838 propriae
497 3766 693 3821 mentis
731 3762 936 3833 judicio
981 3760 1349 3828 hujuscemodi
1393 3759 1672 3826 contagio-

118 3877 232 3915 nem
260 3875 328 3914 ne
355 3857 711 3928 cogitationes
734 3855 947 3924 quidem
985 3868 1114 3909 suas
1143 3853 1294 3907 adire
1323 3852 1629 3921 permiserit
1654 3867 1670 3904 :

117 3965 282 4005 nonne
330 3950 500 4004 multo
533 3947 681 4000 illum
713 3946 975 4014 pneferas
1019 3944 1109 4013 qui
1148 3943 1294 3997 nulla
1330 3943 1462 4013 legis
1503 3943 1672 3998 inter-

119 4041 405 4095 minatione
429 4037 742 4099 deterritus,
778 4037 1072 4090 immunem
1104 4049 1164 4089 se
1192 4050 1221 4088 a
1257 4033 1448 4105 ﬂagitii
1475 4044 1670 4089 conta-

119 4132 407 4187 minatione
473 4129 748 4185 servavit?
801 4127 1070 4182 Similiter
1133 4127 1296 4182 etiam
1348 4127 1414 4180 de
1459 4127 1671 4181 caeteris

119 4225 351 4292 peccatis
381 4223 426 4277 si
457 4223 717 4277 habeatur
739 4235 986 4275 examen.
1015 4219 1080 4273 Et
1103 4219 1221 4274 ideo
1245 4220 1358 4274 sive
1385 4219 1553 4290 Moysi
1585 4219 1670 4272 lex

42 4311 47 4318 ’
119 4316 480 4385 intelligatur,
525 4315 640 4369 sive
668 4315 832 4368 etiam
857 4327 921 4366 ea
949 4327 1069 4380 quae
1101 4311 1155 4365 in
1185 4312 1384 4366 nostris
1410 4310 1671 4365 membris

1772 1851 1901 1891 vero
1933 1837 2078 1901 dicit,
2116 1856 2136 1890 ι
2169 1837 2270 1904 Qui
2315 1841 2489 1896 credit
2538 1843 2589 1896 in
2624 1859 2731 1912 me,
2774 1847 2946 1902 credit
2992 1848 3046 1903 in
3086 1863 3206 1904 eum
3239 1851 3332 1922 qui

1772 1924 1916 1978 misit
1939 1939 2042 1987 me,
2077 1945 2099 1980 ι
2136 1941 2285 1998 spem
2314 1931 2646 1987 credentium
2679 1933 2855 1990 elevat
2885 1953 3052 2007 usque
3077 1941 3142 1994 ad
3165 1941 3330 1997 Deum

1770 2012 2086 2082 Patrem,ut
2111 2019 2251 2074 sicut
2281 2013 2402 2091 quis
2429 2037 2551 2077 cum
2582 2024 2730 2080 videt
2759 2026 2868 2101 (79)
2900 2028 3333 2098 Filium,vidissc

1771 2119 1831 2159 se
1859 2106 1996 2160 sciat
2019 2116 2071 2161 et
2095 2106 2312 2165 Patrem
2347 2112 2425 2175 ³⁸,
2463 2112 2532 2166 ita
2565 2128 2686 2168 cum
2734 2119 2908 2172 credit
2945 2117 3119 2189 Filio,
3156 2125 3332 2180 credi—

1771 2196 1914 2252 disse
1946 2211 2006 2253 se
2028 2197 2142 2271 (80)
2164 2202 2301 2256 sciat
2325 2210 2379 2257 et
2403 2201 2571 2259 Patri.

1842 2287 1897 2345 5.
1945 2309 1962 2340 ι
2001 2290 2125 2346 Μεο
2160 2307 2227 2346 ex
2255 2293 2378 2359 tide,
2404 2303 2464 2347 ut
2492 2296 2786 2352 secundum
2819 2301 3048 2368 gratiam
3079 2303 3233 2361 ﬁrma
3264 2308 3336 2362 sit

1773 2381 2059 2445 promissio
2101 2381 2246 2436 omni
2301 2385 2530 2448 semini,
2571 2402 2676 2441 non
2723 2388 2770 2442 ei
2801 2388 2913 2460 (8|)
2947 2393 3089 2461 quod
3118 2409 3185 2448 ex
3217 2392 3335 2465 lege

1771 2484 1853 2526 est
1879 2481 2109 2538 tantum,
2145 2475 2241 2529 sed
2271 2475 2391 2530 etei
2425 2475 2536 2548 (82)
2560 2479 2703 2546 quod
2739 2493 2805 2532 ex
2839 2480 2943 2534 ﬁde
2965 2491 3047 2536 est
3076 2483 3331 2554 Abrahae,

1772 2565 1862 2632 qui
1897 2573 1982 2619 est
2009 2573 2161 2635 pater
2181 2565 2421 2619 omnium
2462 2576 2706 2621 nostrum
2733 2569 2897 2636 (sicut
2918 2573 3175 2642 scriptum
3209 2585 3330 2630 est:

1771 2655 1907 2722 Quia
1941 2667 2147 2725 patrem
2184 2657 2470 2712 multarum
2506 2659 2745 2728 gentium
2771 2662 2920 2729 posui
2951 2662 3023 2736 te)
3057 2674 3182 2720 ante
3209 2681 3333 2723 cum

1771 2749 1856 2801 cui
1890 2748 2120 2802 credidit
2153 2747 2268 2818 (83)
2302 2749 2502 2813 Deum,
2556 2751 2646 2818 qui
2693 2753 2928 2806 vivilicat
2975 2763 3252 2822 mortuos,
3279 2767 3336 2810 et

1773 2851 1930 2894 vocat
1951 2853 2013 2894 ea
2038 2855 2159 2910 qum
2191 2855 2296 2896 non
2328 2851 2485 2905 sunt,
2520 2849 2773 2914 tanquam
2805 2861 2866 2900 ea
2896 2862 3018 2916 qua:
3046 2859 3171 2903 sunt
3200 2847 3268 2906 ⁸⁸.
3310 2868 3329 2900 ι

1773 2931 1830 2986 In
1886 2931 2258 3002 superioribus
2304 2933 2706 2990 distinctionem
2770 2937 2918 2992 dedit
2964 2941 3228 2995 mercedis
3278 2953 3335 2996 et

1773 3023 1979 3092 gratiae,
2017 3022 2205 3078 dicens
2233 3025 2535 3078 mercedem
2561 3039 2674 3079 rem
2716 3025 2882 3082 debili
2915 3042 3067 3092 esse;
3105 3031 3331 3099 gratiam

1775 3124 1954 3170 autem
1987 3115 2183 3171 nullius
2212 3129 2330 3170 esse
2362 3117 2562 3181 debiti,
2589 3117 2681 3172 sed
2715 3117 3096 3173 benevolentiae
3125 3121 3332 3175 beneﬁ-

1773 3205 1938 3259 cium.
2001 3206 2064 3261 Et
2109 3207 2162 3261 in
2196 3207 2447 3275 przesenti
2492 3223 2620 3278 ergo
2670 3209 2791 3264 loco
2825 3213 3112 3266 ostendere
3151 3215 3335 3270 volens

1772 3296 1940 3351 Deum
1985 3296 2351 3352 hereditatem
2403 3301 2822 3369 promissionum
2873 3319 2978 3358 non
3033 3320 3098 3360 ex
3130 3305 3334 3370 debito,

1773 3390 1867 3444 sed
1899 3405 1992 3460 per
2021 3391 2248 3461 gratiam
2291 3391 2458 3455 dare,
2511 3392 2641 3447 dicit
2684 3395 2811 3464 quia
2861 3395 3197 3451 bmreditasa
3226 3398 3334 3457 Deo

1776 3481 1860 3534 his
1881 3480 1974 3549 qui
2007 3484 2267 3549 credunt,
2300 3496 2406 3536 non
2436 3496 2502 3536 ex
2539 3484 2804 3539 mercedis
2839 3485 3053 3552 debito,
3085 3488 3178 3542 sed
3213 3490 3334 3544 ﬁdei

1774 3588 1998 3629 munere
2023 3573 2370 3629 concedatur.
2431 3571 2589 3629 Sicut
2627 3577 2771 3630 enim
2800 3575 2881 3647 (ut
2908 3580 3136 3649 exempli
3171 3597 3334 3636 causa

1774 3665 2026 3735 dixerim)
2063 3667 2166 3721 hoc
2190 3667 2331 3734 quod
2379 3667 2719 3723 subsistimus
2769 3683 2873 3724 non
2905 3681 3081 3740 potest
3111 3674 3334 3745 intelligi

1773 3759 1926 3829 quasi
1965 3758 2078 3829 (84)
2117 3773 2182 3813 ex
2224 3759 2405 3829 operis
2445 3761 2612 3815 nostri
2659 3763 2904 3818 mercede
2955 3766 3334 3836 subsistamus,

1774 3852 1867 3907 sed
1902 3852 2184 3906 evidenter
2215 3852 2303 3906 Dei
2353 3868 2548 3907 munus
2581 3863 2662 3907 est
2689 3854 2829 3923 quod
2864 3871 3080 3921 sumus,
3132 3869 3186 3912 et
3210 3876 3334 3929 gra-

1777 3946 1847 4000 tia
1868 3942 2174 4000 Conditoris
2194 3983 2210 4010 ,
2253 3945 2343 4013 qui
2382 3959 2503 4000 esse
2529 3961 2625 3999 nos
2653 3945 2818 4000 voluit
2849 3965 2863 4001 :
2902 3949 2972 4003 ita
3001 3958 3055 4005 et
3087 3951 3133 4006 si
3162 3953 3336 4008 hazre-

1775 4035 1997 4090 ditatem
2025 4036 2443 4106 promissionum
2475 4035 2566 4092 Dei
2593 4039 2866 4107 capiamus
2886 4080 2901 4106 ,
2933 4041 3126 4097 divina:
3151 4047 3337 4114 gratia}

1775 4135 1877 4187 est,
1913 4141 2018 4179 non
2049 4126 2275 4193 alicujus
2306 4127 2474 4181 debiti
2505 4138 2597 4181 aut
2620 4130 2799 4198 Operis
2835 4147 3060 4186 merces.
3104 4134 3254 4200 Quod
3291 4136 3337 4189 si

1775 4215 1915 4270 forte
1934 4215 2180 4269 videatur
2210 4216 2312 4270 hoc
2347 4215 2519 4284 ipsum
2551 4219 2693 4286 quod
2722 4219 2918 4274 dicitur
2947 4237 3012 4274 ex
3047 4221 3183 4287 ﬁde,
3230 4240 3336 4278 non

1775 4325 1896 4365 esse
1919 4311 2120 4379 gratis,
2157 4309 2351 4378 quippe
2400 4310 2444 4364 si
2489 4309 2762 4366 oll‘erenda
2810 4314 2882 4367 sit
2921 4313 3055 4369 ﬁdes
3091 4317 3238 4384 prius
3272 4318 3337 4370 ab

119 4418 212 4471 est,
240 4417 294 4461 et
315 4409 456 4461 iram
487 4415 761 4476 operatur,
785 4420 890 4458 non
915 4411 1140 4472 possunt
1165 4403 1258 4472 qui
1281 4418 1348 4457 ex
1377 4402 1492 4472 ipsa
1521 4410 1668 4464 sunt,
1703 4421 1748 4474 υ
1775 4403 2013 4466 homine,
2043 4411 2098 4456 et
2126 4403 2195 4455 ita
2223 4417 2252 4454 a
2286 4401 2395 4455 Deo
2419 4405 2592 4471 gratia
2618 4406 2973 4472 promercnda
3009 4424 3022 4459 :
3054 4409 3175 4462 audi
3200 4425 3336 4478 quu-

121 4500 348 4554 hzeredes
376 4515 500 4553 esse
521 4541 536 4562 ,
573 4498 668 4553 sed
697 4496 769 4550 illi
797 4497 886 4564 qui
921 4504 1048 4550 sunt
1074 4510 1140 4549 ex
1171 4495 1287 4566 lege
1313 4493 1431 4548 ﬁdei
1459 4511 1474 4548 :
1507 4492 1673 4563 528

122 4592 233 4646 ﬁdei
262 4601 441 4645 autem
474 4590 615 4642 illius
647 4604 714 4642 ex
739 4604 844 4658 qua
885 4586 1212 4655 justiﬁeatus
1259 4595 1342 4640 est
1376 4584 1670 4639 Abraham.

1774 4494 1933 4547 modo
1969 4494 2021 4546 in
2067 4493 2189 4547 aliis
2217 4492 2380 4546 etiam
2417 4494 2481 4547 de
2513 4493 2615 4548 hoc
2650 4494 2788 4548 idem
2816 4495 3109 4564 Apostolus
3156 4499 3335 4556 docet.

1773 4585 1982 4639 Etenim
2033 4583 2122 4638 ubi
2165 4597 2445 4639 enumerat
2489 4587 2628 4639 dona
2676 4586 2915 4654 Spiritus
2939 4587 3020 4649 “,
3054 4604 3174 4656 quze
3209 4589 3335 4643 dicit

121 4683 219 4736 Sed
250 4683 479 4738 fortasse
516 4681 760 4747 requirat
805 4680 1006 4750 aliquis
1057 4677 1325 4746 quomodo
1354 4693 1458 4731 non
1499 4686 1553 4730 et
1581 4675 1672 4744 qui
1771 4675 2071 4729 secundmn
2104 4689 2409 4728 mensuram
2447 4675 2564 4729 ﬁdei
2591 4677 2938 4730 credentibus
2963 4677 3114 4740 dari,
3155 4679 3223 4731 ibi
3261 4679 3336 4731 in.

121 4773 214 4827 sub
248 4775 364 4844 lege
396 4773 563 4847 Moysi
617 4781 732 4833 est.
782 4777 884 4825 sub
933 4771 1049 4839 lege
1097 4769 1219 4822 ﬁdei
1253 4782 1374 4823 esse
1403 4767 1670 4832 videatur,

123 4880 236 4919 cum
269 4868 526 4936 scriptum
556 4867 629 4921 sit
672 4864 724 4919 in
753 4863 942 4918 Exodo
975 4881 989 4917 :
1030 4879 1051 4915 ι
1081 4861 1322 4916 Credidit
1369 4869 1548 4912 autem
1575 4873 1672 4928 po-

187 5003 229 5034 “
256 5004 412 5060 Rom.
431 5020 509 5067 rv,
541 5005 628 5058 15.
703 5003 746 5034 ”
778 5001 798 5055 l
828 5001 968 5059 Tim.
995 5017 1032 5058 ι.
1067 5002 1122 5063 9,
1154 5000 1243 5054 10.
1320 4998 1363 5031 ¹⁸
1392 4997 1544 5051 Rom.
1586 5012 1647 5064 ιι,

187 5089 215 5123 I.
258 5075 347 5123 44.
449 5076 490 5106 ³⁸
524 5072 680 5123 Joan.
715 5089 827 5123 xlv.
859 5075 913 5123 9.
1013 5071 1057 5104 ³⁸
1094 5072 1250 5123 Rom.
1287 5083 1364 5123 tv.
1392 5068 1480 5123 16.
1515 5066 1605 5121 17.

1844 4998 1894 5052 5.
1991 4997 2034 5026 ³⁸
2063 4997 2135 5049 Ex

1844 5067 1947 5123 lor.
1972 5080 2076 5123 xu.
2101 5064 2135 5118 8

124 5087 215 5138 xu,
258 5075 347 5129 44.
449 5066 680 5128 ³⁸⁷]οιιη.
715 5089 827 5136 xiv,
859 5075 913 5128 9.
1013 5071 1057 5144 ’ξ
1094 5072 1250 5126 Roui.
1287 5083 1364 5135 ιν,
1392 5068 1480 5133 16,
1515 5066 1605 5121 17.

186 5190 293 5258 (76)
332 5191 495 5254 Editi,
531 5209 551 5241 ι
585 5191 902 5259 prohibetur
928 5198 984 5242 et
1012 5194 1223 5258 peccat.
1255 5205 1274 5238 ι

188 5253 294 5329 (71)
335 5263 425 5315 Sic
473 5253 664 5315 omnes
712 5275 884 5325 mss.,
934 5253 1194 5329 [tabanus
1231 5265 1287 5310 et
1330 5253 1671 5310 Salodianus.

125 5327 305 5383 Caneri
329 5346 457 5385 vero
486 5331 639 5396 editi,
675 5329 829 5384 «Non
855 5328 958 5383 etsi
984 5327 1153 5398 Moysi
1186 5327 1357 5397 legem
1389 5337 1674 5396 ponamus,

126 5400 390 5463 continuo,
422 5419 440 5450 ι
480 5409 587 5455 etc.

190 5468 296 5537 (78)
337 5471 411 5523 Ita
452 5469 745 5533 Rabanns;
787 5468 919 5521 editi
963 5483 1096 5522 vero
1153 5476 1208 5520 et
1255 5480 1384 5519 mss.
1432 5463 1674 5537 quidam,

133 5553 148 5583 ι
183 5535 284 5590 non
332 5540 587 5607 petierint
640 5538 985 5592 concubitum
1035 5537 1374 5607 muliebrem.
1411 5553 1428 5584 ι
1485 5535 1672 5588 Canta-r5

132 5622 246 5659 mss.
285 5605 474 5671 nostri,
516 5628 533 5659 ι
570 5623 672 5661 non
702 5607 1130 5674 concupiverunt
1161 5626 1180 5658 ι
1212 5605 1334 5676 [al.,
1371 5623 1388 5656 ι
1429 5621 1531 5660 non
1557 5621 1674 5658 con-

130 5678 405 5738 tzttpierilttl
439 5678 784 5732 concubitum
813 5678 1156 5732 muliebrem.
1197 5697 1215 5726 ι

449 5076 490 5106 ¹⁹
524 5072 680 5128 Joan.
715 5089 827 5136 xiv,
859 5075 913 5128 9.

1773 4773 1853 4818 ter
1882 4776 2079 4819 caetera
2117 4764 2279 4818 etiam
2314 4765 2510 4818 donum
2542 4765 2663 4818 ﬁdei
2710 4767 2906 4820 asserit
2950 4782 3046 4836 per
3077 4768 3335 4838 Spiritum

1774 4867 2016 4911 sanctum
2061 4855 2244 4910 tribui.
2301 4854 2428 4912 Post
2479 4857 2644 4910 multa
2675 4872 2907 4926 namque
2957 4862 3029 4914 ita
3078 4862 3240 4913 etiam
3275 4861 3342 4914 de

1991 4995 2034 5026 ¹⁸
2063 4995 2232 5049 Exod.
2259 5009 2373 5059 xrv,
2414 4994 2507 5048 '51.
2601 4995 2644 5030 ‘7
2673 4993 2832 5050 Joan.
2862 5010 2916 5060 γ,
2946 4996 3035 5051 46.
3111 4996 3152 5028 ³⁸
3182 4994 3338 5050 Joan.

1845 5179 1958 5249 (79)
1996 5179 2169 5244 Alias,
2201 5195 2221 5229 ι
2255 5179 2342 5246 qui
2374 5177 2538 5230 videt.
2574 5197 2593 5230 ι

1841 5247 1955 5318 (80)
1992 5249 2084 5304 Se.
2121 5251 2281 5304 Deest
2307 5251 2357 5301 iu
2389 5258 2547 5301 antea
2575 5247 2757 5302 editis.

1843 5321 1954 5390 (81)
1993 5319 2162 5383 A'lias,
2205 5337 2222 5370 ι
2260 5319 2375 5390 qui.
2417 5336 2436 5368 ι

1845 5389 1956 5460 (82)
1997 5390 2166 5460 Alias,
2208 5407 2226 5439 ι
2261 5389 2431 5460 qui.)

1845 5455 1954 5531 (83)
1993 5459 2160 5525 Alias,
2196 5478 2214 5511 ι
2237 5455 2363 5514 ante
2390 5457 2555 5511 Deum
2581 5458 2666 5512 cui
2698 5456 2971 5511 credidisti
2994 5475 3038 5520 ;r
3060 5455 3153 5518 a|.,
3189 5469 3342 5514 rere-

1773 5531 1930 5584 (litlil.
1963 5549 1980 5580 ι

1847 5601 1957 5667 (84)
1999 5597 2134 5650 Editi
2166 5607 2232 5678 ,ει
2267 5613 2397 5652 mss.
2433 5597 2632 5666 plures,
2673 5619 2689 5649 ι
2725 5600 2847 5666 quia
2882 5616 2922 5648 ι.
2958 5595 3176 5651 [tectius
3207 5613 3344 5656 "13$.

1779 5688 1934 5732 llllllS,
1970 5690 1986 5720 ι
2025 5685 2198 5732 quasi.
2234 5689 2252 5718 ι
