3684 6148
297 249 405 307 975

1799 228 1960 288 ORIG
1971 227 2126 282 ENIS

3462 218 3568 273 976

294 374 405 427 hoc
449 368 625 425 dieil!
668 385 685 417 ε
725 365 825 420 Alii
875 365 1007 418 W05
1055 363 1106 416 Ῐυ
1155 361 1341 416 θοίῖθηι
1393 359 1597 428 spirit“
1633 359 1723 410 "3
1765 375 1782 408 ³
1821 365 1876 408 ιιι
1905 362 1949 418 A
1980 369 2144 423 corde.
2176 377 2361 422 nostro
2395 365 2664 434 descripta
2694 371 2843 431 sunt,
2891 362 3035 417 sicut
3078 361 3221 415 idem
3262 361 3385 430 ipse
3418 363 3566 428 Apo.

298 464 552 519 ostendat
583 459 708 530 quia
739 458 906 513 etiam
933 456 1065 511 ﬁdes
1098 472 1194 526 per
1220 454 1448 525 gratiam
1477 454 1652 506 datur.
1683 449 1788 504 Sed
1818 459 1872 503 et

299 553 429 607 alibi
481 551 622 608 idem
672 548 959 622 Apostolus
1007 548 1167 601 docet
1213 548 1438 603 dicens:
1482 564 1499 596 ι
1530 544 1664 611 Quia
1701 559 1729 597 a
1762 543 1872 597 Deo

299 645 455 700 vobis
483 645 663 699 datum
689 651 773 698 est
801 655 908 695 non
938 639 1112 695 solum
1138 646 1196 692 ut
1222 637 1459 693 credatis
1492 635 1543 689 in
1570 635 1869 698 Christum,

301 739 394 793 sed
422 739 586 794 etiam
627 746 686 790 ιιι
717 732 996 806 patiamini
1031 747 1128 802 pro
1157 732 1244 786 illo
1274 730 1340 785 ".
1379 748 1398 783 ι
1438 727 1652 782 lnvenis
1685 729 1788 782 hoc
1817 735 1872 780 et

302 833 354 886 in
388 830 696 900 Evangeliis
743 827 1051 897 designari,
1098 825 1184 878 ubi
1236 823 1460 892 apostoli
1507 823 1870 889 intelligentes

300 923 444 992 quod
488 938 550 977 ea
599 937 717 989 qua!
743 937 807 976 ex
837 921 1059 975 homine
1093 931 1167 974 est
1207 919 1374 982 ﬁdes,
1411 933 1514 971 non
1547 925 1723 985 potest
1751 929 1872 970 esse

303 1015 564 1083 perfecta,
587 1014 690 1067 nisi
722 1014 899 1067 addita
926 1013 1089 1068 fuerit
1114 1013 1278 1066 etiam
1305 1027 1367 1066 ea
1398 1026 1518 1080 quae
1540 1026 1602 1064 ex
1636 1011 1742 1063 Deo
1766 1018 1870 1072 est,

300 1109 491 1161 dicunt
518 1105 584 1160 ad
610 1104 942 1160 Salvatorem
975 1122 987 1157 :
1027 1122 1046 1157 ‹
1075 1105 1227 1175 Auge
1273 1101 1426 1158 nobis
1453 1101 1610 1155 ﬁdem
1645 1099 1710 1154 ".
1741 1118 1758 1151 ι
1795 1098 1870 1152 Ex

300 1196 497 1265 quibus
522 1195 777 1250 omnibus
802 1194 1148 1263 apertissime
1189 1195 1575 1262 comprobatur
1605 1191 1748 1262 quod
1784 1191 1874 1245 hic

299 1288 437 1344 dicit
457 1287 794 1357 Apostolus:
839 1305 857 1337 ι
894 1285 1016 1339 Ideo
1059 1299 1124 1339 ex
1160 1284 1288 1348 ﬁde,
1326 1293 1384 1337 ut
1415 1282 1712 1337 securidum
1743 1297 1871 1350 gra-

298 1383 431 1436 tiam
464 1381 618 1436 ﬁrma
651 1380 721 1434 sit
749 1379 1036 1448 promissio
1062 1380 1106 1411 ³⁵
1138 1396 1151 1433 :
1196 1397 1216 1431 ι
1249 1378 1376 1446 quia
1409 1377 1570 1430 etiam
1599 1375 1732 1430 ﬁdes
1758 1375 1868 1443 ipsa

300 1489 405 1542 qua
444 1473 670 1529 credere
706 1472 956 1528 videmur
991 1471 1136 1535 Deo,
1183 1471 1324 1524 dono
1370 1469 1424 1522 in
1483 1468 1638 1523 nobis
1686 1468 1873 1536 gratiae

301 1564 681 1619 conﬁrmatur.
744 1562 871 1617 Hzec
900 1571 1079 1615 autem
1118 1571 1200 1616 eSt
1228 1559 1401 1630 gratia
1431 1573 1593 1628 quam
1627 1556 1872 1612 invenire

299 1659 441 1712 sicut
490 1658 803 1711 thesaurum
839 1669 1093 1726 maguum
1145 1663 1384 1708 meretur
1434 1654 1478 1706 si
1527 1654 1653 1723 quis
1685 1654 1872 1708 beatus

1975 464 2144 518 stolus
2193 461 2443 515 minister
2491 459 2653 529 hujus
2697 462 2883 528 gratia:
2918 458 2970 511 in
3007 456 3132 511 aliis
3161 457 3460 524 designat,
3511 465 3567 510 et

1974 555 2152 609 dicit:
2191 571 2209 603 ‹
2249 551 2488 620 Epistula
2537 563 2721 605 nostra
2773 563 2869 603 vos
2917 549 3074 611 estis,
3129 545 3402 616 inscripta
3459 563 3564 600 non

1974 655 2302 710 atramento,
2322 645 2414 699 sed
2440 645 2645 712 Spiritu
2673 643 2763 697 Dei
2790 641 2898 696 vivi
2921 659 2936 706 ;
2977 657 3081 695 non
3109 639 3164 693 in
3200 638 3411 693 labu!is
3435 638 3569 709 lapi—

1975 739 2110 803 deis,
2137 738 2231 793 sed
2270 739 2320 791 in
2361 737 2557 791 tabulis
2590 736 2773 790 cordis
2809 733 3120 789 carnalibus
3144 732 3213 788 “.
3259 751 3281 784 ι
3344 731 3476 793 deo.
3512 742 3568 785 nt

1976 831 2106 885 mihi
2148 831 2384 893 videtur,
2441 828 2687 881 ﬁrmiora
2738 825 2868 881 dicit
2899 841 2965 879 ea
3011 840 3134 894 quae
3175 839 3279 892 per
3325 825 3566 893 gratiam

1974 941 2136 992 quam
2166 938 2227 977 ea
2255 937 2375 990 qua:
2402 937 2466 973 ex
2494 920 2606 989 lege
2629 929 2775 985 sunt,
2810 919 2937 988 quia
2969 918 3056 970 illa
3082 929 3239 972 extra
3278 933 3383 971 nos
3417 926 3570 981 sunt,

1974 1023 2027 1067 et
2059 1013 2176 1068 haec
2217 1011 2358 1065 intra
2393 1026 2492 1064 nos
2524 1029 2536 1063 :
2571 1020 2626 1064 et
2662 1009 2750 1062 illa
2789 1009 2841 1061 in
2870 1007 3048 1078 fragili
3081 1007 3316 1061 materia
3377 1008 3568 1060 consi-

1976 1113 2148 1168 stunt,
2203 1102 2275 1156 ita
2319 1111 2378 1154 ut
2419 1101 2576 1155 facile
2626 1101 2839 1169 possint
2887 1100 3204 1154 exolescere
3237 1120 3250 1154 :
3281 1101 3406 1154 haec
3438 1114 3570 1153 vero

1975 1197 2065 1251 Dei
2093 1195 2298 1266 Spiritu
2333 1195 2622 1264 inscripta,
2647 1206 2700 1249 et
2733 1195 2785 1249 in
2826 1196 3019 1248 anima:
3051 1195 3439 1263 penetralibus
3469 1195 3571 1246 im-

1975 1300 2188 1354 pressa,
2227 1285 2542 1340 ﬁrmitatem
2569 1286 2944 1356 perpetuitatis
2985 1287 3288 1341 obtineant.
3340 1285 3570 1339 Talibus

1973 1390 2102 1445 ergo
2121 1376 2314 1431 litteris
2336 1377 2714 1446 promissionis
2729 1378 3044 1432 inscribitur
3059 1378 3238 1430 anima
3256 1393 3384 1446 qum
3406 1378 3567 1432 ﬁdem

1973 1485 2122 1522 suam
2144 1470 2252 1523 Deo
2283 1470 2427 1523 velut
2455 1485 2610 1524 ceras
2631 1470 2890 1524 obtulerit
2915 1480 3250 1539 praeparatas
3270 1471 3418 1540 (85).
3439 1482 3497 1524 ut
3515 1472 3564 1524 in

1974 1563 2062 1616 his
2091 1561 2182 1615 Dei
2207 1563 2380 1633 gratia
2408 1563 2699 1631 dignanter
2731 1563 2902 1631 possit
2926 1562 3264 1618 inscribi:et
3308 1563 3438 1617 ideo
3468 1565 3569 1616 hu-

1971 1654 2213 1720 jusmodi
2263 1657 2397 1709 ﬁdes
2435 1664 2719 1724 reputatur
2759 1657 2825 1709 ad
2879 1655 3188 1725 justitiam,
3231 1671 3362 1726 quae
3395 1671 3564 1724 capax

301 1761 386 1805 est
410 1751 478 1803 “.
540 1749 692 1803 Hanc
737 1721 955 1803 invenit
982 1745 1125 1814 Noe;
1161 1754 1216 1800 et
1245 1745 1366 1800 ideo
1411 1721 1671 1814 scriptum
1697 1753 1781 1799 est
1809 1745 1874 1799 dc
1908 1721 1950 1775 Β
1977 1749 2166 1816 gratiae
2191 1747 2433 1802 caelestis
2464 1721 2758 1802 exstiterit.
2795 1721 2910 1802 Hoc
2943 1757 3125 1802 autem
3159 1721 3444 1820 contingit
3465 1721 3560 1802 se-

302 1857 366 1896 eo
395 1859 409 1895 :
448 1859 467 1892 ι
497 1839 611 1896 Noe
641 1851 820 1895 autem
851 1839 1059 1895 invenit
1098 1838 1328 1909 gratiam
1367 1837 1419 1892 in
1449 1847 1738 1908 conspectu
1767 1838 1872 1892 Do-

303 1933 434 1987 mini
468 1933 561 1988 Dei
589 1932 657 1985 ’7.
696 1951 715 1984 ι
750 1930 902 1985 Hanc
953 1915 1235 1984 invenerat
1283 1929 1510 2000 gratiam
1542 1938 1597 1984 et
1627 1928 1870 2001 Moyses;

301 2033 358 2078 et
389 2024 509 2078 ideo
541 2022 751 2077 dicebat
783 2021 848 2074 ad
876 2020 1042 2074 Deum
1098 2034 1113 2072 :
1169 2036 1187 2070 ι
1222 2017 1279 2072 Si
1327 2019 1509 2072 inveni
1553 2019 1782 2089 gratiam
1819 2018 1871 2072 in

299 2124 591 2184 conspectu
631 2123 722 2168 tuo
752 2112 818 2165 ’⁸.
854 2131 874 2163 ι
923 2109 1238 2164 Invenimus
1291 2121 1467 2165 tamen
1506 2110 1713 2179 aliquos
1745 2125 1876 2164 sano

301 2218 514 2262 ctorum
535 2246 550 2270 ,
583 2220 690 2259 non
719 2204 892 2259 solum
941 2204 994 2257 in
1026 2210 1321 2272 conspectu
1355 2201 1567 2256 Domini
1597 2201 1688 2255 Dei
1723 2201 1873 2257 inve-

304 2299 450 2354 nisse
496 2299 762 2369 gratiam,
809 2296 903 2352 sed
952 2296 1120 2360 etiam
1152 2297 1203 2350 in
1232 2305 1524 2365 conspectu
1571 2295 1868 2349 hominum.

303 2391 543 2458 Denique
566 2389 632 2444 de
663 2389 826 2444 beato
854 2385 1053 2455 Joseph
1101 2387 1362 2456 scriptum
1407 2395 1485 2441 est
1518 2404 1534 2440 :
1571 2404 1591 2438 ι
1628 2385 1696 2440 Ει
1721 2385 1874 2440 inve-

301 2483 382 2536 nit
422 2480 619 2549 .loseph
656 2480 898 2549 gratiam
956 2479 1008 2534 in
1061 2489 1350 2548 conspectu
1381 2478 1583 2533 domini
1613 2478 1696 2532 sui
1733 2478 1799 2532 ’³.
1847 2496 1868 2528 ι

303 2573 411 2628 Sed
441 2573 543 2626 ista
577 2572 750 2643 gratia
783 2586 904 2640 quae
952 2570 1004 2625 in
1035 2581 1326 2640 conspectu
1357 2571 1632 2626 hominum
1663 2568 1873 2624 inveni—

304 2674 424 2730 tur,
477 2664 586 2717 Deo
621 2662 886 2730 largiente
918 2662 1259 2717 conceditur.
1300 2662 1390 2716 Sic
1435 2663 1578 2717 enim
1611 2663 1870 2731 scriptum

301 2765 386 2810 est
429 2754 494 2809 de
535 2754 722 2808 eodem
750 2752 946 2821 Joseph
978 2771 993 2807 :
1032 2772 1054 2804 ο
1085 2753 1152 2807 Ει
1179 2763 1300 2808 erat
1341 2754 1600 2809 Dominus
1627 2768 1750 2808 cum
1777 2750 1872 2807 Jo-

301 2846 464 2914 seph,
497 2855 552 2900 et
580 2842 775 2900 inludit
807 2859 970 2913 super
992 2860 1116 2900 eum
1153 2846 1609 2912 misericordiam,
1642 2854 1698 2900 et
1721 2845 1892 2903 dedit.

301 2937 379 2991 illi
425 2935 656 3007 gratiam
709 2936 760 2989 in
807 2945 1100 3006 conspectu
1140 2936 1401 3006 principis
1447 2936 1691 2992 carceris
1736 2936 1803 2992 ³ο.
1846 2955 1869 2988 ι

303 3027 551 3096 Amplius
580 3027 758 3080 adhuc
781 3025 982 3094 aliquid
1017 3026 1081 3124 de
1110 3025 1415 3095 hujusmodi
1448 3027 1621 3096 gratia
1649 3027 1704 3081 in
1733 3025 1872 3081 divi-
1897 3065 1941 3124 α

303 3118 391 3173 nis
433 3117 630 3171 litteris
663 3129 996 3170 memoratur
1039 3114 1108 3170 de
1156 3118 1311 3170 beata
1341 3117 1556 3172 Esther.
1595 3116 1685 3172 Sic
1724 3117 1871 3172 enim

299 3210 381 3263 ait
431 3226 445 3262 :
487 3209 621 3275 Quia
665 3225 684 3259 ι
718 3217 840 3263 erat
882 3209 1083 3264 Esther
1129 3209 1412 3264 inveniens
1456 3209 1684 3279 gratiam
1732 3211 1874 3280 apud

299 3315 493 3358 omnes
523 3303 617 3372 qui
647 3302 904 3357 videbant
933 3317 1053 3357 eam
1085 3301 1149 3356 δι.
1184 3319 1202 3352 ι
1231 3301 1397 3356 Paulo
1425 3312 1549 3373 post
1569 3303 1699 3357 dicit
1723 3303 1875 3359 Scri-

303 3401 460 3463 plura
494 3412 508 3447 :
550 3411 568 3444 ι
602 3391 816 3448 Invenit
863 3393 1092 3464 gratiam
1124 3393 1323 3448 Esther
1350 3408 1514 3462 super
1536 3408 1730 3449 omnes
1769 3409 1874 3448 caa-

306 3496 450 3538 teras
484 3483 724 3552 virgines
745 3523 760 3549 ,
811 3493 867 3538 et
911 3485 1168 3553 imposuit
1195 3485 1246 3538 ei
1277 3498 1372 3538 rex
1402 3483 1649 3538 diadema
1679 3483 1874 3539 mulie-

303 3579 403 3633 bre
431 3579 497 3632 ³³.
531 3596 551 3630 ι
586 3578 712 3634 Haec
742 3587 924 3634 autem
972 3594 1078 3632 non
1112 3578 1418 3646 importune
1440 3618 1456 3642 ,
1500 3578 1771 3642 arbitror,
1807 3576 1874 3631 de

302 3670 607 3738 Scripturis
645 3671 850 3725 sanctis
889 3669 1273 3739 requisivimus
1306 3669 1373 3722 ad
1403 3667 1871 3722 conﬁrmationem

304 3761 585 3832 apostolici
620 3762 784 3826 dicti,
835 3760 888 3815 in
937 3773 1044 3829 quo
1073 3759 1141 3814 de
1165 3759 1272 3814 ﬁde
1306 3768 1362 3812 et
1390 3760 1566 3828 gratia
1611 3757 1872 3828 disputat.

301 3852 394 3907 Ait
439 3867 573 3922 ergo
623 3870 638 3907 :
693 3869 712 3903 ι
747 3849 870 3906 Ideo
903 3865 970 3904 ex
1031 3848 1169 3910 ﬁde,
1215 3859 1273 3901 ut
1301 3849 1596 3904 secundum
1643 3849 1872 3919 gratiam

303 3941 460 3993 ﬁrma
524 3939 596 3994 sit
647 3939 934 4009 promissio
976 3938 1041 3991 ³³.
1083 3955 1103 3988 ι
1171 3937 1276 3992 Sed
1325 3947 1379 3993 et
1423 3939 1531 3994 hoc
1578 3939 1872 3994 notandum

300 4043 384 4087 est
427 4033 572 4102 quod
615 4033 723 4099 ait,
778 4049 798 4084 ι
831 4031 956 4086 Ideo
1009 4044 1072 4085 ex
1119 4030 1262 4094 ﬁde,
1297 4039 1358 4084 ut
1404 4031 1700 4086 secundum
1751 4045 1875 4103 gra-

302 4125 434 4194 tiam
481 4123 638 4178 ﬁrma
690 4125 763 4178 sit
807 4121 1134 4193 promissio,
1169 4139 1188 4174 ι
1239 4121 1396 4190 quasi
1446 4123 1736 4177 ostendere
1778 4136 1872 4175 vo-

305 4215 420 4270 lens
453 4216 597 4284 quod
643 4215 688 4268 si
730 4231 798 4270 ex
844 4215 958 4285 lege
999 4222 1178 4278 esset,
1211 4225 1266 4268 et
1311 4228 1415 4267 non
1446 4229 1510 4268 ex
1542 4212 1713 4282 gratia
1749 4226 1876 4281 pro-

303 4306 522 4370 missio,
555 4307 709 4362 ﬁrma
741 4322 846 4362 non
871 4319 1053 4378 esset;
1085 4325 1226 4365 nunc
1258 4320 1437 4363 autem
1472 4309 1676 4362 idcirco
1715 4306 1868 4360 ﬁrma

1977 1839 2106 1892 mini
2137 1839 2388 1900 Abrahae.
2414 1853 2518 1893 non
2572 1837 2620 1892 ci
2669 1846 2874 1892 tantum
2901 1837 3042 1904 quod
3074 1853 3138 1891 ex
3168 1839 3286 1906 lege
3307 1849 3398 1892 est
3427 1837 3562 1902 (86),

1974 1933 2142 1984 sedet
2177 1931 2226 1982 ei
2258 1930 2493 1999 quodex
2517 1929 2620 1982 ﬁde
2649 1939 2766 1986 est.
2794 1927 2963 1982 Multo
2999 1930 3145 1984 enim
3183 1929 3432 1983 Abrahae
3468 1946 3561 1982 no-

1973 2021 2133 2077 bilior
2161 2036 2225 2076 ex
2259 2021 2364 2075 ﬁde
2413 2031 2517 2086 est,
2549 2035 2712 2090 quam
2744 2036 2811 2075 ex
2842 2037 3007 2075 carne
3060 2022 3364 2084 successio,
3433 2022 3559 2090 quia

1974 2130 2079 2169 non
2110 2130 2175 2170 ex
2203 2129 2390 2178 carne,
2419 2115 2512 2168 sed
2533 2127 2602 2168 ex
2635 2113 2739 2168 ﬁde
2761 2112 3094 2181 justiﬁeatus
3129 2129 3255 2169 esse
3287 2130 3560 2169 memora-

1975 2217 2078 2262 tur.
2115 2207 2170 2262 Si
2193 2207 2335 2262 enim
2378 2223 2482 2262 non
2508 2221 2573 2260 ex
2605 2204 2732 2270 ﬁde,
2757 2205 2848 2261 sed
2881 2222 2948 2260 ex
2977 2209 3186 2260 semine
3212 2206 3402 2259 danda
3441 2222 3560 2260 suc-

1973 2301 2150 2354 cessio
2177 2309 2281 2362 est,
2304 2298 2635 2353 conveniens
2659 2298 2767 2353 erit
2794 2310 2847 2352 et
2869 2297 3119 2353 lsmaelis
3149 2299 3560 2367 posteritatem,

1973 2397 2028 2442 et
2055 2404 2149 2443 eos
2169 2388 2262 2459 qui
2287 2404 2351 2444 ex
2393 2388 2632 2444 Cethura
2650 2389 3002 2454 descendunt,
3024 2389 3089 2442 ad
3121 2389 3554 2459 promissionum

1973 2489 2316 2534 sacramenta
2338 2481 2578 2550 perduci.
2606 2479 2761 2548 Quod
2790 2481 2980 2550 utique
3009 2495 3114 2535 non
3146 2482 3442 2550 recipitur,
3468 2484 3560 2538 sed

1973 2571 2084 2626 sola
2123 2571 2257 2642 legis
2289 2587 2353 2626 ac
2403 2572 2526 2626 ﬁdei
2581 2573 2874 2641 posteritas
2925 2574 3310 2627 introducitur.
3349 2573 3557 2629 Verum

1973 2678 2080 2716 non
2131 2678 2230 2718 nos
2280 2663 2832 2732 praetereatApostoli
2867 2663 2918 2715 in
2957 2663 3061 2716 hoc
3085 2661 3204 2716 loco
3234 2663 3560 2718 nutabunda

1973 2755 2216 2826 quaedam
2237 2755 2554 2824 etambigue
2574 2754 2778 2825 prolata
2794 2755 3016 2809 locutio.
3037 2753 3187 2820 Quod
3219 2755 3375 2808 enim
3403 2757 3555 2818 dixit.

1979 2867 1998 2900 ι
2041 2848 2107 2904 Ut
2140 2848 2294 2902 ﬁrma
2322 2851 2394 2902 sit
2427 2848 2719 2913 promissio
2749 2846 2896 2901 omni
2931 2846 3146 2911 semini,
3186 2862 3295 2900 non
3327 2848 3381 2900 ei
3413 2848 3558 2918 quod

1973 2956 2039 2996 ex
2065 2941 2184 3010 lege
2215 2951 2300 2995 est
2325 2950 2555 3005 tantum,
2595 2940 2688 2995 sed
2711 2948 2766 2994 et
2791 2941 2839 2994 ei
2863 2941 3006 3009 quod
3029 2955 3096 2993 ex
3121 2939 3225 2993 ﬁde
3241 2947 3330 2993 est
3349 2938 3424 3004 ³⁸,
3470 2958 3489 2990 ι
3516 2940 3559 2993 si

1975 3032 2048 3086 ita
2077 3030 2410 3100 intelligatur
2439 3030 2593 3099 quasi
2640 3029 2786 3084 aliud
2814 3044 2880 3084 ex
2913 3026 3030 3096 lege
3070 3042 3281 3096 semen,
3320 3037 3382 3082 et
3418 3029 3559 3082 aliud

1973 3136 2041 3175 ex
2071 3121 2174 3176 ﬁde
2204 3122 2421 3187 dixerit,
2448 3133 2505 3176 ut
2532 3132 2789 3191 tanquam
2832 3121 2901 3175 ab
2928 3130 3157 3189 utroque
3181 3123 3400 3176 semine
3438 3137 3563 3191 pro-

1976 3213 2161 3269 missio
2195 3213 2531 3268 haareditatis
2562 3211 2674 3286 (87)
2702 3213 3243 3282 debeatexspectari,
3280 3214 3561 3267 invenitur

1975 3306 2253 3364 contraria
2303 3305 2486 3360 dicere
2530 3306 2616 3360 his
2648 3319 2770 3375 qua:
2821 3305 3076 3374 superius
3128 3305 3379 3373 scripsit.
3435 3321 3557 3358 cum

1974 3397 2050 3449 ait
2070 3395 2144 3449 ’δε
2169 3414 2189 3448 ι
2220 3393 2338 3450 Non
2371 3396 2515 3450 enim
2536 3396 2591 3450 hi
2608 3398 2695 3465 qui
2715 3411 2781 3451 ex
2806 3395 2950 3466 lege,
2975 3395 3215 3450 heredes
3232 3405 3364 3449 sunt
3385 3394 3557 3466 (88);»

1974 3485 2103 3540 item
2143 3485 2268 3541 alibi
2294 3486 2382 3539 '7:
2423 3503 2443 3537 ί
2489 3485 2838 3539 Arbitramur
2879 3484 3026 3540 enim
3053 3485 3351 3552 iustiﬁcari
3392 3487 3561 3539 hornis

1974 3591 2097 3632 nem
2129 3591 2224 3645 per
2256 3575 2416 3631 ﬁdem
2455 3577 2574 3631 sine
2599 3575 2861 3646 operibus
2883 3576 3054 3646 legis;
3083 3595 3101 3628 ι
3137 3587 3196 3630 et
3229 3578 3551 3631 rursum”:

1980 3688 1998 3720 ι
2037 3667 2094 3724 Si
2124 3670 2267 3722 enim
2317 3669 2371 3723 hi
2417 3669 2508 3739 qui
2555 3684 2622 3723 ex
2652 3668 2788 3737 lege,
2819 3667 3067 3724 haeredes
3099 3681 3250 3733 sunt,
3289 3683 3556 3725 evacuata

1974 3769 2060 3815 est
2089 3760 2243 3815 ﬁdes.
2277 3779 2296 3812 ›
2336 3759 2550 3814 Etenim
2587 3759 2631 3815 si
2656 3774 2726 3814 ex
2756 3760 2861 3814 ﬁde
2885 3758 3220 3828 justiﬁeatur
3241 3759 3412 3814 homo
3442 3762 3558 3816 sine

1974 3853 2231 3920 operibus
2260 3851 2415 3922 legis,
2453 3861 2508 3906 et
2539 3853 2782 3907 haeredes
2807 3867 2913 3906 non
2949 3851 3086 3907 ﬁunt
3121 3851 3233 3924 (89)
3275 3853 3330 3907 hi
3369 3854 3465 3924 qui
3492 3868 3554 3908 ex

1975 3942 2092 4012 lege
2114 3952 2266 4008 sunt,
2299 3946 2570 4012 quomodo
2602 3960 2708 4000 nou
2734 3948 3073 4001 contrarium
3098 3947 3379 4002 videbitur
3413 3950 3554 4016 quod

1977 4033 2032 4088 in
2065 4034 2170 4089 hoc
2217 4033 2338 4089 loco
2390 4035 2547 4099 dicit,
2599 4035 2813 4090 ﬁrmam
2862 4051 2980 4091 esse
3007 4037 3434 4108 promissionem
3463 4053 3554 4109 per

1975 4126 2227 4194 gratiam,
2279 4141 2389 4180 non
2424 4127 2476 4180 ei
2525 4137 2737 4180 tantum
2772 4129 2968 4182 semini
3004 4129 3147 4200 quod
3191 4145 3258 4184 ex
3299 4129 3421 4200 lege
3450 4142 3550 4193 est,

1973 4219 2069 4271 sed
2095 4227 2151 4272 et
2177 4219 2228 4272 ei
2261 4219 2405 4287 quod
2447 4234 2514 4273 ex
2552 4219 2658 4275 ﬁde
2694 4223 2816 4276 est?
2843 4222 2911 4278 Et
2938 4237 3060 4276 cum
3090 4223 3141 4276 in
3179 4222 3552 4290 superioribus

1974 4310 2169 4378 eosqui
2197 4324 2265 4363 ex
2290 4310 2410 4375 lege
2431 4320 2559 4366 sunt
2590 4313 2856 4382 repulisse
2880 4313 3150 4378 videatur,
3182 4312 3273 4366 hic
3296 4327 3393 4368 eos
3419 4329 3550 4382 quo-

299 4399 406 4464 sit,
457 4401 582 4469 quia
628 4418 733 4456 non
773 4417 842 4457 ex
889 4403 1040 4473 lege,
1091 4405 1191 4460 sed
1233 4418 1327 4471 per
1357 4400 1608 4471 gratiam.
1658 4397 1716 4453 In
1761 4414 1870 4468 quo
1899 4419 1945 4474 ι)
1976 4398 2133 4452 modo
2157 4408 2404 4467 exaequat
2433 4400 2514 4453 his
2542 4415 2679 4470 quos
2715 4415 2779 4455 ex
2820 4403 2922 4456 ﬁde
2947 4417 3172 4471 sperare
3201 4404 3440 4468 gratiam
3471 4403 3549 4455 di-

299 4507 400 4561 ego
452 4503 581 4562 puto
632 4495 775 4563 quod
829 4494 934 4549 tale
985 4496 1188 4565 aliquid
1246 4494 1468 4564 intelligi
1517 4493 1683 4558 velit,
1741 4492 1868 4562 quia

297 4599 419 4652 qua:
464 4599 531 4638 es
579 4585 697 4652 lege
745 4596 902 4652 sunt,
953 4596 1107 4642 extra
1159 4601 1257 4641 nos
1302 4596 1428 4642 sunt
1471 4603 1486 4638 :
1537 4599 1657 4653 quae
1687 4593 1868 4638 autem

302 4691 401 4741 per
451 4676 715 4746 gratiam,
767 4678 909 4732 intra
960 4693 1060 4734 nos
1099 4678 1384 4733 habentur.
1462 4674 1618 4731 Verbi
1679 4690 1871 4739 causa,

306 4765 471 4836 529
506 4781 627 4836 quae
667 4769 722 4821 in
756 4767 876 4838 lege
909 4769 1116 4838 scripta
1153 4776 1315 4831 sunt,
1366 4765 1579 4820 calamo
1617 4776 1675 4819 et
1724 4774 1872 4818 atra-

305 4870 488 4914 mento
516 4861 568 4913 in
588 4861 919 4916 membranis
937 4863 1020 4917 vel
1049 4863 1316 4919 chartulis
1337 4861 1539 4927 scripta
1563 4866 1722 4922 sunt;
1750 4871 1871 4927 qua

333 4959 480 5007 utem
511 4965 579 5007 ex
611 4953 785 5022 gratia
837 4955 1198 5024 descendunt,
1244 4970 1339 5026 per
1388 4952 1651 5021 Spiritum
1688 4949 1782 5005 Dei
1814 4949 1867 5003 in

1977 4490 2090 4545 cit?
2124 4490 2230 4544 Sed
2266 4492 2400 4546 mihi
2440 4492 2658 4546 videtur
2688 4495 2832 4564 quod
2869 4495 3022 4561 dicit,
3055 4511 3075 4545 ι
3117 4493 3280 4549 Omni
3321 4495 3552 4560 semini,

1979 4597 2084 4636 non
2120 4582 2171 4636 ei
2209 4584 2353 4652 quod
2391 4599 2458 4638 ex
2501 4584 2619 4655 lege
2649 4593 2730 4640 est
2761 4595 2990 4653 tantum,
3039 4587 3131 4640 sed
3157 4596 3213 4639 et
3234 4587 3285 4640 ei
3317 4588 3464 4655 quod
3489 4603 3549 4640 ex

1980 4677 2086 4732 ﬁde
2125 4687 2208 4733 est
2234 4679 2302 4746 ³⁹,
2335 4696 2354 4730 ι
2393 4678 2563 4749 legem
2601 4680 2712 4744 hic,
2753 4680 2894 4733 sicut
2935 4693 3077 4748 saepe
3119 4676 3232 4746 jam
3288 4677 3546 4741 diximus,

1979 4769 2221 4824 indicare
2249 4771 2576 4834 naturalem,
2618 4781 2673 4826 et
2702 4771 2804 4824 hoc
2844 4784 3116 4835 asserere,
3157 4769 3306 4838 quod
3331 4784 3438 4823 non
3473 4770 3547 4824 his

1977 4859 2069 4926 qui
2097 4873 2164 4913 et
2204 4859 2320 4931 lege
2360 4861 2591 4916 naturali
2639 4863 2816 4916 solum
2843 4861 3091 4925 veniunt,
3129 4861 3286 4914 ﬁrma
3332 4861 3408 4916 sit
3438 4877 3548 4929 pro-

1976 4951 2292 5015 missio,sed
2317 4962 2371 5005 et
2395 4953 2478 5005 bis
2502 4951 2593 5021 qui
2622 4966 2686 5006 ex
2717 4951 2820 5005 ﬁde
2851 4951 2956 5020 legi
2982 4950 3291 5004 addiderint
3315 4951 3545 5005 naturali

403 5132 448 5202 ε’
480 5131 495 5185 Ι
527 5130 652 5186 Cor.
680 5147 776 5195 xu,
811 5131 865 5187 9.
945 5132 991 5164 ³⁸
1018 5131 1212 5202 Philip.
1245 5149 1283 5192 ι,
1313 5132 1411 5187 29.’
1479 5131 1526 5163 “
1556 5131 1686 5184 Luc.
1732 5145 1863 5202 svnt,

2032 5129 2290 5202 filium.
2326 5146 2419 5202 ιν,
2482 5130 2571 5184 16.
2643 5130 2870 5184 “Prov.
2927 5145 3009 5196 ιιι,
3044 5129 3258 5202 15-15.
3319 5131 3383 5202 ξ’
3413 5130 3538 5184 Gen.

305 5208 375 5258 Vl,
401 5201 454 5256 8,

298 5281 374 5331 1v,
412 5272 498 5328 16.
539 5272 585 5305 “
607 5272 652 5336 11
671 5273 800 5327 Cor.
824 5288 909 5340 ιιι,
939 5277 993 5328 5.

547 5202 594 5233 ³⁸
623 5202 790 5256 Exod.
825 5218 1020 5266 xum,
1054 5206 1141 5258 15.

372 5415 483 5487 (85)
522 5417 634 5481 ΑΙ.,
668 5435 688 5469 ι
728 5419 870 5472 ceris
889 5417 1145 5473 obtulerit
1171 5418 1550 5487 praeparatis.)

394 5486 483 5558 86)
520 5489 648 5541 Mss.
682 5487 884 5556 plures,
914 5507 932 5540 ι
958 5503 1062 5542 non
1087 5489 1137 5542 ei
1171 5486 1380 5542 tantum
1407 5490 1502 5558 qui
1535 5501 1600 5541 ex
1625 5486 1740 5557 lege
1760 5496 1863 5551 est,

302 5558 395 5609 sed
428 5558 478 5625 ei
499 5559 590 5625 qui
618 5573 683 5609 ex
715 5558 819 5612 lide
850 5568 952 5612 est.
985 5577 1004 5608 ι

519 5623 902 5699 Hereditatis.
925 5629 1081 5682 Deest
1113 5628 1166 5680 in
1181 5627 1371 5699 editis.

381 5695 495 5762 (88)
536 5695 656 5748 Non
685 5697 822 5750 enim
852 5698 906 5751 hi
951 5699 1040 5767 qui
1073 5713 1137 5754 ex
1172 5697 1302 5768 lege,
1332 5697 1564 5752 lurmles
1598 5698 1739 5750 sunt.
1771 5695 1863 5752 Sic

1237 5205 1282 5236 '9
1316 5203 1449 5257 Gen.
1494 5217 1681 5264 xxxix,
1731 5200 1784 5253 4.
1859 5199 1903 5230 ³ο
1935 5199 2066 5256 ibid.
2111 5201 2203 5256 21.

1092 5275 1136 5305 ³⁵
1162 5273 1320 5329 Rom.
1346 5288 1420 5340 tv,
1450 5271 1536 5326 16.
1613 5273 1657 5303 ³⁸
1687 5273 1820 5326 ibid.
1865 5270 1953 5326 14.

2293 5201 2336 5232 ³¹
2383 5201 2580 5254 Esther
2628 5202 2807 5263 11,55.
2905 5203 2948 5232 ³³
2987 5201 3121 5260 ibid,
3147 5201 3234 5254 17.
3313 5201 3360 5232 ⁸³
3391 5202 3538 5255 Rulli.

2032 5271 2074 5302 ³⁷
2105 5271 2263 5325 Itom.
2297 5285 2379 5336 tu,
2405 5271 2476 5325 28
2548 5271 2594 5303 ⁸⁸
2616 5271 2774 5326 Rom.
2812 5285 2888 5338 Iv,
2918 5271 3005 5324 14.
3081 5272 3126 5306 ³⁸
3156 5274 3318 5325 ltum.
3356 5287 3428 5340 tv,
3463 5272 3536 5322 16.

1967 5429 2158 5470 omnes
2181 5429 2314 5485 mss.
2347 5415 2520 5469 nostri
2565 5425 2620 5469 et
2667 5416 2834 5480 editi;
2877 5423 3115 5468 attamen
3145 5416 3433 5485 tegendum
3468 5413 3534 5465 vi-

1967 5488 2149 5548 detur,
2183 5503 2202 5536 ι
2236 5484 2350 5538 Νοιι
2404 5487 2551 5540 enim
2597 5502 2693 5556 per
2746 5487 2915 5555 legem
2951 5484 3248 5551 promissio
3285 5485 3526 5541 Abrahae.

1969 5565 2062 5609 aut
2093 5556 2282 5609 semini
2319 5556 2458 5623 ejus,
2507 5565 2566 5608 ut
2623 5559 2798 5610 hasres
2834 5567 2981 5609 esset
3031 5558 3218 5610 mundi
3249 5573 3264 5621 ;
3301 5559 3396 5611 sed
3447 5566 3531 5622 per

1963 5625 2230 5696 justitiam
2251 5625 2396 5696 ﬁdei.
2431 5645 2448 5676 ο

2041 5695 2153 5765 (89)
2189 5693 2353 5763 Editi,
2382 5713 2408 5753 ,ι
2437 5711 2544 5751 ιιοιι
2573 5694 2796 5762 iuerint,
2834 5696 3047 5768 gnate.
