3684 6148
104 355 208 413 977

1061 357 1420 418 COMMENT.
1466 360 1530 414 IN
1575 361 1790 419 EPIST.
1827 362 1920 416 AD
1959 361 2127 419 ROM.
2170 362 2299 416 LIB.
2335 360 2426 416 IV.

3261 365 3368 421 978

103 498 222 538 eam
259 481 416 537 ﬁdem
470 497 634 552 quam
685 482 880 538 habuit
937 463 1213 539 Abraham
1249 496 1406 554 pater
1444 495 1673 541 noster:
1707 499 1753 552 Α
1781 486 1908 540 bum
1951 485 2072 549 Dei,
2125 501 2302 556 neque
2353 498 2576 540 suavem
2627 483 2852 540 odorem
2907 485 3095 554 capiat
3133 483 3363 550 Christi,

107 587 162 628 ut
199 592 302 629 non
355 577 490 628 duos
521 574 776 644 populos,
809 591 977 630 unum
1007 591 1072 632 ex
1111 577 1245 641 ﬁde,
1298 587 1354 631 et
1400 576 1565 630 alitun
1615 593 1678 632 es

106 669 220 739 lege
253 668 494 722 indicare
541 669 816 734 videatur,
847 671 944 722 sed
991 685 1156 722 unum
1205 677 1372 738 atque
1406 667 1681 733 eumdem,

106 757 196 829 qui
229 774 332 813 non
364 759 536 813 solum
564 775 630 814 ex
659 760 778 831 lege
805 761 1045 815 naturali
1081 777 1184 832 qua
1211 775 1405 816 omnes
1436 761 1684 815 homines

106 863 350 916 utuntur,
385 854 477 907 sed
510 869 574 907 ex
601 854 704 909 ﬁde
737 855 892 924 cujus
921 857 1194 912 Abraham
1237 866 1431 910 auctor
1451 853 1681 920 exstitit,

105 945 313 1014 placeat
337 945 444 999 Deo
480 968 492 1000 ;
528 960 636 1014 quo
684 947 896 1002 scilicet
948 949 1224 1013 ostendat,
1276 948 1422 1018 quod
1472 949 1516 1003 si
1549 948 1678 1018 quis

105 1038 302 1092 haheat
331 1036 540 1107 integra
572 1039 753 1092 omnia
787 1055 907 1109 qua:
940 1040 1024 1095 lex
1066 1041 1257 1096 edocet
1289 1043 1578 1109 naturalis,
1626 1051 1683 1098 et

104 1129 156 1182 in
188 1127 336 1182 nullo
371 1143 495 1182 eum
545 1129 757 1195 peccati
785 1131 1123 1186 conscientia
1157 1133 1535 1201 reprehendat,
1573 1147 1679 1186 non

106 1231 279 1274 tamen
314 1221 518 1275 habeat
548 1221 719 1275 etiam
768 1221 892 1275 ﬁdei
925 1223 1182 1290 gratiam,
1213 1239 1318 1276 non
1364 1239 1522 1294 posse
1557 1237 1680 1278 cum

99 1313 407 1384 justiﬁcari.
437 1312 599 1368 Fides
639 1315 782 1368 enim
812 1325 919 1382 est,
938 1331 1059 1385 qua:
1085 1316 1151 1370 ad
1178 1317 1444 1387 justitiam
1469 1329 1682 1388 reputa-

105 1415 209 1464 tur.
240 1405 308 1460 Et
339 1407 442 1461 hoc
489 1407 652 1462 modo
703 1406 889 1461 habita
950 1408 1232 1464 distinctio
1266 1411 1446 1466 reddit
1479 1411 1682 1466 intelli-

103 1499 337 1570 gentiam
361 1499 660 1570 planiorem
695 1519 708 1554 :
742 1511 906 1570 atque
941 1517 1003 1555 ea
1023 1518 1142 1572 qua:
1165 1504 1441 1558 contraria
1483 1515 1679 1574 putan-

101 1602 206 1656 tur,
233 1606 473 1647 consona
495 1609 616 1648 esse
643 1594 813 1649 etsibi
835 1594 1066 1648 invicem
1087 1595 1470 1651 concordantia
1489 1597 1680 1667 depre-

105 1687 428 1742 henduntur.
451 1685 526 1740 De
556 1688 869 1741 diversitate
893 1695 1070 1740 autem
1100 1687 1299 1757 legum,
1328 1689 1470 1758 quod
1505 1689 1556 1743 in
1577 1690 1677 1746 hac

110 1777 381 1847 praecipue
405 1776 644 1847 Epistola
663 1794 806 1846 saepe
828 1778 1122 1848 Apostolus
1146 1778 1311 1831 etiam
1339 1779 1573 1835 latenter
1621 1790 1678 1834 et

1791 593 1966 648 neque
2005 587 2188 646 gustet
2222 581 2421 634 bonum
2454 576 2546 632 Dei
2591 579 2814 632 verbum
2837 576 2907 644 ⁸⁸,
2940 593 3119 648 neque
3169 595 3369 634 manus

1789 667 1906 736 ejus
1932 677 2268 738 pertractent
2305 668 2373 722 de
2393 667 2556 722 verbo
2588 669 2710 723 vita:
2736 668 2804 736 ⁸⁷,
2834 668 3145 738 hujusmodi
3190 670 3367 724 homi-

1791 775 1886 815 nes
1919 761 2111 814 merito
2168 760 2365 814 mortui
2423 760 2780 830 appellantur.
2829 759 2990 816 Tales
3033 762 3234 816 invenit
3267 777 3365 818 nos

1790 853 2055 906 adventus
2087 851 2310 916 Christi,
2348 852 2442 908 sed
2468 852 2760 906 viviﬁcavit
2787 867 2884 922 per
2911 851 3148 921 gratiam
3185 868 3362 919 suam,

1789 942 1932 996 sicut
1970 949 2024 996 et
2050 941 2180 997 alibi
2211 942 2342 996 dicit
2374 942 2516 996 idem
2555 941 2854 1011 Apostolus
2884 959 2897 995 :
2937 961 2953 993 ι
2988 942 3055 996 Et
3089 957 3189 997 nos
3239 958 3360 997 cum

1789 1033 1988 1088 mortui
2042 1038 2285 1088 essemus
2339 1033 2553 1090 delictis
2599 1043 2657 1088 et
2681 1033 2914 1103 peccatis
2944 1035 3168 1100 nostris,
3199 1035 3360 1089 simul

1787 1142 1910 1181 cum
1942 1126 2033 1181 illo
2066 1125 2408 1180 resuscitavit
2441 1140 2539 1180 nos
2569 1125 2638 1179 ⁸⁸.
2682 1144 2700 1179 ι
2733 1125 2822 1180 Vis
2849 1135 3028 1180 autem
3063 1127 3158 1181 tibi
3212 1137 3267 1182 et
3295 1128 3363 1183 de

1789 1219 2086 1290 Scripturis
2121 1219 2456 1290 propheticis
2511 1218 2802 1288 approbari
2839 1220 2985 1289 quod
3027 1234 3220 1275 omnes
3269 1221 3361 1290 qui

1789 1314 1932 1370 idola
1957 1313 2164 1378 colunt,
2188 1322 2244 1368 et
2269 1313 2550 1368 conﬁdunt
2576 1313 2631 1367 in
2653 1313 2758 1378 eis,
2808 1312 3008 1367 mortui
3037 1311 3209 1368 sunt?
3235 1313 3361 1368 audi

1787 1407 1957 1462 David
1985 1389 2258 1476 quomodo
2288 1405 2460 1460 dicit:
2493 1423 2514 1457 ‹
2546 1403 2847 1459 Simulacra
2885 1405 3124 1475 gentium
3161 1419 3360 1472 argen-

1789 1509 1900 1554 tum
1917 1509 1972 1554 et
1995 1513 2209 1561 aurum,
2236 1510 2396 1566 opera
2424 1512 2680 1550 manuum
2707 1497 3010 1552 hominum.
3035 1496 3110 1552 Os
3131 1496 3359 1562 habent,

1785 1596 1842 1642 et
1863 1603 1970 1642 non
2002 1586 2298 1656 loquentur
2327 1601 2342 1638 :
2371 1585 2558 1641 oculos
2586 1586 2809 1651 habent,
2838 1595 2894 1641 et
2927 1602 3032 1641 non
3065 1587 3354 1642 videbunt:

1786 1697 1949 1737 aures
1983 1682 2202 1746 habent,
2244 1688 2300 1734 et
2336 1695 2441 1734 non
2477 1679 2699 1733 audient
2721 1679 2794 1733 ⁸³.
2824 1698 2842 1730 ι
2873 1677 2942 1735 Ει
2967 1687 3086 1745 post
3112 1679 3360 1750 aliquan-

1787 1783 1878 1829 ta:
1924 1791 1944 1824 ι
1986 1753 2448 1842 δίιιιίιθεξίιιᾳυίι,
2489 1771 2623 1826 ﬁant
2660 1772 2742 1826 eis
2783 1773 2876 1841 qui
2914 1771 3124 1828 faciunt
3155 1788 3242 1838 ea,
3295 1779 3356 1828 et

101 1866 357 1921 subiioab
375 1867 476 1922 alia
495 1868 563 1923 ad
575 1869 734 1922 aliam
756 1869 924 1936 legero
944 1869 1212 1922 sermonis
1226 1869 1472 1925 ordinem
1489 1882 1677 1939 mutet,
1711 1867 1755 1922 Β
1785 1880 1978 1920 omnes
2002 1865 2094 1934 qui
2127 1865 2407 1920 conﬁdunt
2433 1863 2486 1917 in
2511 1866 2612 1918 eis.
2643 1882 2664 1916 ι
2683 1862 2847 1920 Vides
2869 1875 3112 1920 mortuos
3136 1879 3275 1930 esse,
3303 1873 3361 1921 et

101 1959 410 2030 frequenter
432 1961 794 2042 ostendimus,
824 1973 875 2016 et
899 1961 1088 2017 eadem
1119 1964 1323 2018 iterare
1340 1963 1678 2033 superﬂuum

99 2061 201 2106 est.
230 2051 380 2106 Bene
401 2060 581 2106 autem
615 2053 682 2107 de
724 2052 996 2107 Abraham
1029 2067 1136 2107 non
1163 2053 1299 2108 dixit
1335 2072 1348 2108 :
1381 2052 1544 2108 Pater
1564 2069 1680 2109 om-

101 2142 279 2208 nium;
329 2143 426 2198 sed
468 2143 587 2198 ait:
627 2163 646 2196 ‹
682 2143 842 2200 Pater
883 2146 1124 2200 omnium
1162 2154 1412 2200 nostrum
1441 2145 1520 2213 ⁸⁶;
1564 2166 1582 2199 ι
1625 2147 1678 2202 id

100 2245 203 2302 est,
239 2250 347 2289 non
379 2236 471 2306 qui
505 2250 573 2290 ex
609 2235 727 2306 lege
763 2236 1186 2306 descendimus,
1227 2239 1320 2294 sed
1359 2239 1452 2309 qui
1480 2254 1546 2293 ex
1575 2238 1681 2295 ﬁde

103 2342 130 2378 a
163 2326 280 2397 lege
311 2326 661 2383 succedimus
705 2327 842 2399 (90).
904 2327 972 2382 Et
1013 2329 1144 2400 quia
1186 2330 1428 2385 omnium
1458 2333 1549 2402 qui
1577 2332 1680 2388 hu-

99 2418 325 2488 jusmodi
353 2426 482 2473 sunt
505 2427 658 2487 pater
685 2429 794 2486 est,
825 2423 1024 2475 merito
1060 2423 1438 2490 promissionis
1482 2425 1680 2480 divina;

105 2511 432 2566 sententiam
461 2511 512 2566 in
541 2513 1012 2581 consequentibus
1031 2515 1210 2583 posuit
1236 2515 1422 2572 dicens
1446 2533 1461 2570 :
1481 2536 1500 2570 ς
1525 2518 1679 2575 Sicut

104 2605 360 2674 scriptum
389 2613 472 2659 est
495 2619 512 2661 :
539 2604 677 2671 Quia
700 2617 908 2677 patrem
936 2607 1230 2663 multarum
1252 2612 1492 2678 gentium
1522 2613 1677 2682 posui

107 2703 176 2756 te,
199 2703 320 2748 ante
356 2707 478 2747 eum
515 2695 602 2749 cui
637 2695 870 2772 credidit
905 2695 1074 2750 Deum
1097 2697 1169 2751 ⁸³.
1213 2717 1232 2751 ι
1270 2699 1328 2754 Si
1366 2716 1497 2771 ergo
1521 2712 1679 2772 pater

107 2785 312 2840 futurus
369 2799 491 2840 esse
545 2787 887 2857 promittitur
950 2788 1244 2844 multarum
1276 2793 1539 2861 gentium,
1568 2811 1676 2850 non

107 2877 374 2933 immerito
400 2889 560 2950 pater
583 2889 636 2934 et
676 2894 867 2934 eorum
896 2882 989 2952 qui
1019 2897 1088 2938 ex
1113 2885 1387 2954 gentibus,
1414 2895 1467 2940 et
1487 2902 1675 2942 eorum

109 2968 193 3037 qui
219 2985 281 3024 ex
300 2971 727 3026 circumcisione
755 2973 1013 3041 veniunt,
1062 2977 1396 3032 nominatur.
1420 2978 1488 3032 Et
1524 2989 1677 3035 recte

107 3061 304 3118 addidit
326 3077 394 3118 ex
445 3079 542 3119 sua
592 3065 1050 3136 interpretatione
1102 3068 1394 3139 Apostolus
1430 3087 1443 3123 :
1479 3089 1497 3123 ‹
1537 3074 1679 3129 Ante

109 3169 224 3208 cum
257 3155 340 3210 cui
379 3155 614 3210 credidit
664 3157 831 3210 Deum
863 3174 878 3210 :
923 3174 943 3211 ι
979 3157 1084 3213 hoc
1110 3168 1216 3225 est,
1259 3170 1416 3231 pater
1468 3163 1675 3231 positus

1785 1957 1993 2012 similes
2021 1956 2336 2012 simulacris
2357 1954 2581 2010 eﬁ‘ectos
2603 1969 2699 2010 eos
2747 1956 2840 2026 qoi
2867 1957 3055 2012 colunt
3079 1971 3142 2011 ea
3177 1967 3234 2011 et
3263 1957 3359 2027 qui

1783 2052 2068 2107 conﬁdunt
2123 2051 2175 2105 in
2233 2050 2334 2106 eis.
2367 2049 2524 2107 Unde
2563 2051 2877 2120 diligentius
2934 2051 3249 2106 intueamur
3308 2051 3356 2106 si

1783 2144 1926 2200 forte
1957 2145 2102 2200 sicut
2146 2144 2200 2198 hi
2241 2143 2334 2213 qui
2369 2142 2554 2198 colunt
2579 2142 2724 2197 idola
2755 2150 2812 2196 et
2840 2141 3116 2196 conﬁdunt
3146 2142 3200 2196 in
3249 2143 3355 2206 eis,

1781 2237 1986 2294 similes
2015 2237 2096 2292 eis
2123 2235 2239 2291 ﬁeri
2270 2235 2655 2290 dicunturzita
2689 2246 2744 2290 et
2772 2234 2824 2289 hi
2851 2233 2941 2303 qui
2972 2249 3156 2288 verum
3186 2234 3354 2289 Deum

1781 2330 1990 2394 colunt,
2023 2339 2080 2385 et
2125 2329 2402 2384 conﬁdunt
2427 2329 2482 2382 in
2512 2343 2598 2393 eo,
2633 2327 2839 2384 similes
2866 2328 2916 2382 ei
2957 2328 3111 2382 ﬁant.
3140 2327 3206 2382 Et
3253 2328 3356 2384 hoc

1779 2433 1866 2480 est
1895 2422 2147 2479 fortassis
2178 2419 2320 2492 quod
2352 2422 2407 2474 in
2458 2419 2626 2475 initiis
2658 2419 2840 2485 homo,
2871 2435 2993 2474 cum
3019 2420 3354 2490 propositum

1781 2514 1973 2569 fuisset
2019 2523 2078 2568 ut
2105 2512 2172 2567 ad
2203 2513 2490 2584 imaginem
2523 2523 2581 2568 et
2608 2513 3019 2569 similitudinem
3049 2514 3143 2569 Dei
3177 2516 3352 2582 ﬁeret,

1780 2605 1850 2661 ad
1901 2604 2190 2674 imaginem
2232 2604 2451 2674 quidem
2480 2602 2656 2658 iactus
2683 2613 2791 2671 est,
2843 2605 3140 2659 similitudo
3172 2616 3353 2661 autem

1781 2696 1945 2751 dilata
1972 2705 2058 2750 est
2087 2697 2158 2750 ob
2187 2695 2292 2750 hoc
2321 2703 2381 2748 ut
2409 2694 2558 2763 prius
2583 2695 2885 2749 conﬁderet
2913 2695 2967 2750 in
2993 2695 3180 2760 Deum,
3203 2704 3260 2749 et
3279 2695 3356 2750 ita

1781 2788 1937 2842 ﬁeret
1981 2787 2176 2844 similis
2213 2787 2286 2852 ei,
2321 2795 2376 2842 et
2408 2787 2522 2855 ipse
2546 2785 2762 2839 audiret
2787 2785 2916 2855 quia
2959 2784 3154 2840 similis
3186 2787 3236 2840 ei
3263 2785 3357 2840 ﬁet
3418 2816 3423 2821 -

1783 2881 1967 2937 omnis
2019 2881 2116 2952 qui
2165 2878 2396 2936 conﬁdit
2444 2878 2498 2932 in
2546 2894 2692 2932 eum.
2739 2877 2866 2934 Haec
2916 2892 3012 2947 per
3067 2891 3352 2932 excessum

1779 2974 2068 3044 quemdam
2095 2973 2418 3028 sociavimus
2441 2973 2524 3028 his
2557 2986 2676 3041 qua:
2701 2972 2768 3025 de
2796 2970 2988 3026 mortis
3021 2981 3223 3040 genere
3243 2969 3356 3022 dis-

1781 3067 2082 3131 seruimus,
2116 3074 2177 3120 ut
2230 3063 2576 3119 manifestius
2602 3064 2756 3118 ﬁeret
2786 3063 2985 3132 quibus
3015 3062 3188 3115 modis
3211 3060 3354 3114 Deus

1781 3157 2028 3212 viviﬁcat
2069 3166 2333 3212 mortuos.
2377 3156 2485 3212 Sed
2513 3164 2568 3210 et
2609 3155 2752 3226 quod
2794 3155 2850 3210 in
2885 3153 3348 3224 consequentibus

107 3255 186 3300 est
215 3247 506 3302 multarum
546 3249 790 3317 gentium
819 3259 946 3304 ante
985 3249 1159 3320 ipsum
1190 3253 1358 3308 Deum
1381 3255 1468 3310 cui
1492 3257 1674 3312 credi-
1702 3248 1746 3308 C
1779 3251 1932 3315 dicit,
1969 3269 1988 3303 ι
2025 3250 2093 3305 Ει
2121 3259 2284 3306 vocat
2313 3264 2377 3303 ea
2402 3265 2522 3318 qua:
2547 3265 2653 3303 non
2681 3257 2830 3313 sunt,
2864 3256 3118 3316 tanquam
3147 3262 3210 3301 ea
3233 3261 3353 3315 quae

110 3340 200 3405 dit,
225 3341 374 3409 cujus
419 3343 834 3411 promissiones,
867 3355 922 3398 et
960 3361 989 3400 a
1016 3363 1124 3416 quo
1167 3348 1507 3418 signaculum
1551 3350 1676 3406 ﬁdei

110 3431 158 3485 in
175 3434 583 3490 circumcisione
597 3438 856 3505 suscepit.
881 3437 1164 3504 Quomodo
1183 3456 1313 3510 ergo
1335 3443 1676 3498 circumcisio

110 3533 308 3591 patrem
348 3525 457 3581 sibi
507 3529 723 3596 proprie
776 3529 1022 3586 defendit
1073 3532 1352 3588 Abraham
1381 3535 1516 3605 (9i),
1553 3550 1675 3590 cum

112 3615 194 3670 ille
221 3617 332 3686 ipse
365 3616 530 3682 Deus,
558 3621 646 3689 qui
678 3621 726 3675 ei
764 3622 1234 3678 circumcisionem
1269 3625 1437 3692 dedit,
1478 3627 1678 3683 multa-

113 3722 221 3762 rum
250 3724 370 3764 eum
399 3711 643 3780 gentium
673 3714 1186 3784 posueritpatrem?
1227 3715 1379 3784 Quod
1403 3718 1448 3771 si
1481 3718 1677 3788 aliquis

111 3798 208 3854 hoc
235 3802 300 3854 ad
329 3801 576 3857 lsmaelis
615 3805 989 3872 posteritatem
1027 3805 1260 3860 voluerit
1309 3806 1391 3861 vel
1422 3807 1676 3863 Cetburae

111 3903 440 3958 convertere,
470 3897 782 3951 oceurritei
814 3899 966 3968 quod
1009 3881 1270 3970 scriptum
1307 3910 1393 3955 est
1421 3901 1506 3956 “:
1539 3901 1674 3968 Quia

115 4003 133 4035 ς
154 3986 539 4043 benedicentur
562 3989 614 4043 in
645 3999 697 4044 te
727 4005 918 4046 onines
945 3993 1118 4046 tribus
1138 4003 1347 4046 terrm.»
1373 3992 1486 4048 Hoc
1508 3997 1673 4049 etiam

112 4075 159 4130 in
192 4078 481 4150 Evangelio
512 4080 751 4137 Joannes
801 4083 1018 4139 diccbat
1076 4084 1226 4156 (92):
1258 4103 1276 4136 ι
1307 4085 1446 4152 Quia
1482 4095 1676 4153 potens

111 4179 188 4222 est
212 4169 348 4227 Deus
369 4173 436 4227 de
458 4173 724 4243 lapidibus
743 4174 860 4228 istis
873 4175 1142 4230 suscitare
1170 4175 1306 4230 ﬁlios
1326 4175 1557 4230 Abrahae
1570 4176 1636 4229 ⁸³.
1648 4195 1668 4228 ι

111 4258 318 4314 Addidit
351 4272 532 4317 autem
568 4264 620 4318 in
647 4263 1103 4334 subsequentibus
1123 4265 1206 4320 “:
1245 4286 1266 4317 ι
1300 4267 1400 4334 Qui
1433 4267 1676 4322 viviﬁcat

115 4349 263 4422 530
287 4366 548 4419 mortuos,
576 4365 629 4410 et
660 4368 820 4412 vocat
849 4373 913 4413 ea
954 4374 1073 4427 qua:
1099 4374 1204 4414 non
1229 4368 1377 4425 sunt,
1415 4368 1673 4430 tanquam

112 4456 171 4495 ea
206 4461 322 4514 quae
353 4456 501 4501 suat.
541 4465 560 4499 ι
595 4447 838 4503 Mortuos
872 4449 962 4504 hic
987 4451 1286 4506 secundum
1319 4451 1517 4505 animae
1548 4465 1677 4519 pee-

113 4547 280 4591 catum
335 4535 706 4609 intelligimus,
739 4542 996 4611 quoniam
1033 4561 1051 4593 ‹
1085 4543 1288 4608 anima,
1321 4542 1516 4612 inquit,
1549 4558 1671 4612 quae

115 4639 311 4698 peccat,
347 4632 703 4692 morietur".
750 4654 770 4686 ι
820 4635 974 4690 Sicut
1002 4636 1150 4690 enim
1182 4638 1234 4690 in
1267 4647 1440 4691 morte
1477 4651 1672 4705 corpo-

117 4720 207 4774 rali
233 4733 461 4790 pereunt
493 4738 704 4789 sensus,
729 4735 786 4778 ut
809 4740 875 4780 ne
898 4725 1020 4794 quis
1044 4725 1180 4779 ultra
1201 4741 1297 4795 per
1325 4739 1544 4794 corpus,
1578 4740 1673 4779 ne-

116 4824 212 4880 que
225 4813 486 4880 auditum,
505 4829 676 4883 neque
696 4817 940 4881 odorem,
955 4822 1275 4887 autgustuni
1297 4814 1673 4886 recipiat(95),

117 4903 191 4957 vel
216 4913 414 4958 tactum
447 4922 462 4960 :
505 4907 578 4962 ita
609 4919 663 4962 et
717 4910 809 4978 qui
847 4911 1124 4978 spiritales
1155 4924 1350 4964 sensus
1386 4908 1438 4962 in
1491 4909 1674 4963 anima

118 4995 419 5061 perdiderit,
448 5010 504 5051 ut
536 5015 644 5052 non
678 5001 858 5054 videat
897 5002 1088 5069 Deum,
1117 5016 1295 5068 neque
1329 5001 1513 5054 audiat
1546 5016 1671 5054 ver-

1779 3353 1906 3398 sunt
1932 3343 2000 3410 ⁸⁸,
2042 3362 2062 3396 ι
2095 3345 2370 3414 quomodo
2398 3341 2624 3412 intelligi
2652 3340 2868 3406 debeat,
2893 3341 3196 3395 videamus.
3221 3337 3355 3392 Fre-

1780 3444 2013 3504 quenter
2039 3435 2170 3489 etin
2194 3434 2318 3489 aliis
2349 3433 2699 3504 exposuimus
2729 3433 2872 3501 quod
2905 3431 3049 3488 Deus
3071 3433 3218 3486 solus
3265 3440 3352 3485 est

1777 3529 1869 3598 qui
1901 3528 2070 3584 dicit:
2104 3546 2124 3579 ι
2154 3527 2267 3596 Ego
2301 3542 2418 3582 sum
2449 3525 2541 3596 qui
2577 3541 2697 3580 sum
2723 3526 2805 3591 ";
2846 3544 2866 3578 ι
2897 3535 2954 3580 et
2988 3540 3092 3579 una
3129 3534 3212 3579 est
3259 3523 3351 3579 illa

1777 3620 1872 3676 Dei
1904 3620 2210 3676 substantia
2239 3635 2358 3688 qua:
2389 3634 2606 3689 semper
2635 3629 2751 3685 est;
2785 3619 2867 3672 cui
2897 3618 2942 3672 si
2987 3619 3110 3686 quis
3155 3633 3215 3671 se
3248 3617 3349 3670 ad-

1772 3713 2039 3785 junxerit,
2072 3728 2210 3767 unus
2237 3712 2299 3766 ﬁt
2337 3727 2461 3766 cum
2496 3725 2560 3766 eo
2593 3710 2816 3780 spiritus
2835 3711 2904 3776 ",
2957 3721 3012 3765 et
3055 3724 3151 3778 per
3196 3707 3351 3762 illum

1777 3809 1870 3877 qui
1923 3821 2144 3876 semper
2167 3815 2272 3872 est,
2311 3804 2476 3859 etiam
2527 3804 2644 3874 ipse
2681 3816 2804 3858 esse
2833 3801 3053 3856 dicitur.
3091 3799 3192 3867 Qui
3218 3814 3350 3854 vero

1776 3897 1936 3968 longe
1953 3907 2036 3953 est
2063 3897 2130 3951 ab
2151 3911 2237 3962 eo,
2257 3909 2356 3950 nec
2384 3895 2726 3964 participium
2754 3893 2870 3962 ejus
2899 3891 3086 3958 sumit,
3119 3905 3186 3946 ne
3229 3903 3353 3946 esse

1777 3991 1998 4059 quidem
2029 3989 2254 4055 dicitur,
2283 3988 2427 4043 sicut
2457 4001 2676 4041 eramus
2697 4001 2799 4040 nos
2824 3997 3013 4056 gentes
3033 3980 3345 4057 priusquam

1776 4082 1842 4135 ad
1873 4082 2205 4150 agnitionem
2242 4081 2488 4135 veritatis
2537 4081 2734 4134 divina:
2762 4077 3100 4144 veniremus;
3128 4087 3181 4134 et
3226 4078 3350 4133 ideo

1777 4171 1975 4226 dicitur
2006 4169 2152 4226 Deus
2181 4185 2379 4225 vocare
2412 4188 2432 4222 ι
2468 4183 2528 4223 ea
2559 4183 2680 4238 quas
2705 4177 2972 4233 nonsunt,
3005 4177 3260 4236 tanquam
3284 4183 3350 4224 ea

1776 4278 1898 4333 quae
1923 4272 2068 4318 sunt.
2115 4282 2134 4314 ι
2171 4261 2318 4316 inter
2339 4277 2434 4317 eos
2461 4262 2606 4316 enim
2638 4261 2728 4332 qui
2757 4271 2902 4325 sunt,
2931 4260 2984 4313 id
3003 4268 3087 4314 est
3111 4261 3202 4330 qui
3228 4274 3353 4329 par-

1779 4355 2148 4425 ticipationem
2181 4356 2384 4410 habent
2411 4355 2531 4424 ejus
2544 4355 2634 4425 qui
2665 4353 3144 4418 est,Abraham,et
3174 4353 3349 4420 Isaac,

1776 4456 1832 4501 et
1871 4445 2064 4511 Jacob,
2108 4457 2165 4501 et
2215 4447 2402 4502 caeteri
2450 4450 2626 4502 sancti
2670 4459 3052 4502 numerantur.
3096 4445 3252 4513 Quod
3301 4446 3349 4499 si

1777 4549 1974 4610 gentes
2009 4538 2278 4593 credendo
2326 4541 2380 4592 in
2413 4539 2570 4593 tidem
2610 4540 2834 4592 veniunt
2862 4539 3115 4602 Abrahae,
3154 4551 3350 4592 οοιιεο-

1777 4644 2010 4703 quenter
2038 4633 2362 4702 pronuntiat
2385 4632 2682 4702 Apostolus
2708 4633 2853 4700 quod
2900 4631 3042 4685 Deus
3073 4630 3352 4684 vocaverit

1727 4782 1740 4789 _
1781 4744 1800 4776 ‹
1832 4741 1896 4780 ea
1924 4739 2045 4793 qua:
2075 4739 2182 4778 non
2215 4732 2359 4788 sunt,
2394 4735 2652 4792 tanquam
2681 4736 2744 4776 ea
2779 4736 2904 4791 quae
2928 4729 3076 4776 sunt.
3112 4739 3132 4772 ι
3165 4717 3354 4772 Potest

1780 4830 1960 4874 tamen
1991 4819 2156 4873 etiam
2195 4815 2327 4870 illud
2360 4816 2595 4879 adverti,
2621 4825 2678 4868 ut
2704 4815 2757 4868 in
2799 4816 2902 4869 hoc
2929 4814 3050 4868 loco
3075 4830 3204 4882 erga
3230 4813 3349 4868 lau-

1778 4908 1873 4963 des
1905 4908 1998 4962 Dei
2024 4909 2314 4977 Apostolus
2337 4907 2496 4961 latius
2527 4908 2776 4962 videatur
2799 4907 3022 4970 eﬂusus,
3054 4915 3111 4960 et
3136 4905 3349 4959 initium

1779 5001 1968 5069 primae
1994 4997 2109 5066 ejus
2151 5007 2421 5053 creatura:
2450 5015 2572 5052 cum
2602 4997 2963 5053 admiratione
2987 5010 3348 5057 meruorasse,

182 5089 233 5161 ‘_°_
255 5087 411 5145 Rom.
446 5107 520 5151 iv.
556 5092 644 5148 16.
720 5095 764 5126 ⁸¹
799 5096 931 5151 ibid.
959 5097 1046 5150 l7.
1122 5095 1166 5128 ⁸¹
1189 5095 1328 5150 Gen.
1361 5111 1463 5160 xu,
1489 5095 1542 5150 3.
1617 5097 1663 5127 ⁸³

1857 5114 1887 5149 ι.
1927 5113 2003 5161 lli,
2037 5095 2093 5150 9.
2164 5094 2211 5127 ⁸⁸
2243 5095 2398 5148 Boni.
2421 5109 2493 5156 tv,
2526 5095 2614 5149 l7.
2691 5093 2737 5127 ⁸⁵
2765 5094 2959 5148 Ezech.
2989 5109 3145 5157 xvm,
3173 5091 3228 5156 4,
3254 5091 3346 5145 20.

119 5155 160 5232 ff
190 5156 351 5232 lichr.
389 5177 460 5225 vi,
499 5163 552 5216 5.
631 5164 724 5218 ⁸⁷1
759 5165 915 5221 Joan.
951 5183 990 5232 ι,
1041 5167 1092 5223 1.

119 5226 159 5259 ⁸¹
189 5228 204 5282 l
231 5230 352 5284 Cor.
389 5246 462 5296 vi,
499 5233 585 5287 17.

185 5320 407 5395 (θυμω
439 5325 592 5379 editi.
619 5325 744 5380 Mss.
782 5339 936 5389 vero,
978 5342 997 5376 ι
1028 5325 1120 5382 sed
1145 5325 1234 5394 qui
1264 5339 1329 5378 ex
1353 5325 1459 5380 ﬁde
1479 5341 1544 5380 ac
1569 5326 1683 5395 lege

123 5393 474 5448 succedimus.
509 5415 528 5448 ι
563 5397 663 5451 Ms.
701 5412 860 5459 umis,
895 5412 913 5444 ι
947 5397 1041 5448 sed
1071 5393 1173 5463 qui
1204 5411 1269 5448 ex
1314 5396 1438 5449 ﬁdei
1487 5413 1514 5448 a
1561 5393 1682 5463 lege

124 5463 489 5535 succedimus;
525 5486 542 5518 ι
581 5482 700 5535 quae
726 5465 891 5518 verba
917 5467 996 5518 sic
1021 5465 1382 5518 emendantur
1410 5467 1460 5518 in
1491 5469 1680 5535 eodem

123 5530 328 5605 codice,
357 5551 376 5583 ι
413 5538 507 5589 sed
535 5530 626 5605 qui
675 5536 798 5589 ﬁdei
829 5551 896 5589 ex
929 5537 1043 5602 lege
1085 5537 1447 5589 succedimus.
1495 5554 1513 5586 ι
1549 5534 1674 5588 For-

127 5607 267 5674 Iasse
293 5601 599 5673 legendum,
627 5608 757 5660 «sed
787 5607 878 5671 qui
923 5601 1002 5658 exi
1022 5606 1125 5659 [ide
1151 5605 1253 5674 legi
1285 5606 1675 5658 succedimus.»

192 5671 299 5744 (9|)
340 5671 624 5730 [lbra/tam.
673 5677 829 5729 Deest
868 5677 920 5728 in
962 5686 1122 5728 antea
1159 5671 1342 5737 editis,
1373 5676 1464 5743 qui
1497 5688 1678 5744 postea

128 5738 339 5864 assistat,
376 5760 394 5791 σ
433 5757 555 5799 cum
589 5747 703 5816 ipse
740 5746 882 5801 Deus
921 5746 1014 5816 qui
1045 5761 1164 5801 cam
1207 5738 1678 5801 circumcisionem

223 5826 239 5863 i
269 5848 285 5864 .
313 5829 331 5862 ι
351 5823 458 5864 etc.

223 5821 285 5878 it,
313 5829 331 5862 ι
351 5823 458 5868 etc.

1186 5167 1232 5198 ⁸⁸
1256 5165 1455 5235 Ephes.
1503 5180 1566 5228 it,
1599 5166 1653 5222 5.
1728 5166 1921 5222 “Ps-al.
1947 5182 2103 5233 cxm,
2127 5165 2161 5220 4
2185 5180 2304 5234 seq.

2376 5165 2423 5197 ⁸⁰
2447 5164 2606 5222 Rom.
2631 5181 2713 5230 .iv,
2743 5166 2832 5219 17.
2882 5166 2928 5196 ⁵⁸
2949 5165 3116 5219 Exod.
3149 5177 3232 5227 ιιι,
3259 5161 3344 5217 16.

1858 5326 1992 5401 (92)-
2011 5326 2102 5401 Sic
2131 5344 2230 5382 ms.
2265 5345 2426 5384 unus.
2450 5329 2641 5383 Cmteri
2671 5343 2800 5383 vero
2828 5346 2957 5401 mss.
2993 5337 3048 5401 et
3072 5325 3338 5401 Salodiani

1782 5396 1956 5451 editio
1981 5398 2246 5474 habent):
2281 5401 2538 5474 Dominus
2570 5401 2848 5474 dicebat.»
2879 5399 3155 5474 lilerlinus,
3178 5396 3348 5450 Eras-

1785 5484 1904 5520 inus
1934 5478 1986 5520 et
2027 5467 2432 5534 Geneb'rardus,
2457 5488 2476 5520 ι
2507 5471 2743 5537 Baptista
2769 5471 3003 5523 dicebat.
3039 5487 3058 5518 ι

1857 5538 1970 5607 (95)
2013 5537 2103 5591 Sic
2145 5538 2422 5592 Rabanus.
2467 5535 2598 5594 Mss.
2647 5555 2775 5593 vero
2818 5540 3008 5601 nostri,
3034 5556 3054 5588 ι
3088 5552 3188 5591 nec
3221 5535 3345 5604 quis

1787 5606 1908 5678 [a|.,
1940 5606 1990 5679 et
2015 5623 2107 5659 nec
2158 5613 2316 5679 qqis;
2350 5609 2447 5670 al.,
2481 5623 2528 5660 ei
2560 5626 2654 5662 nec
2677 5607 2826 5679 quid]
2852 5611 2986 5662 ultra
3025 5621 3119 5676 per
3144 5621 3345 5679 corpus

1789 5677 1998 5744 recipit,
2023 5696 2040 5726 ι
2066 5687 2172 5731 etc.
2201 5678 2342 5731 Editi
2367 5679 2636 5739 similiter,
2665 5695 2686 5728 α
2713 5689 2768 5731 et
2799 5677 2898 5731 nec
2927 5679 3081 5747 quis;
3110 5697 3128 5728 ι
3151 5677 3344 5730 deinde

1788 5749 2044 5800 Omittunt
2075 5765 2094 5796 ι
2138 5764 2231 5815 per
2266 5766 2285 5798 ι
2323 5757 2448 5800 ante
2496 5767 2514 5800 ι
2551 5764 2765 5818 corpus,
2799 5768 2816 5800 ι
2846 5758 2902 5804 et
2932 5751 3128 5804 habent
3158 5767 3176 5801 ι
3212 5749 3344 5804 odos.

1793 5825 1968 5871 ratum
2001 5836 2018 5869 ι
2051 5833 2149 5886 pro
2183 5836 2202 5870 ι
2236 5817 2476 5873 odorem.
2513 5837 2534 5874 ο
