3684 6148
373 303 441 361 97
445 303 484 360 9
1849 302 2174 365 ORICENIS
3522 307 3610 359 935i

376 436 500 476 eum
531 434 595 475 ex
631 415 800 472 nihilo
825 431 948 472 esse
997 415 1124 472 fecit
1169 417 1442 484 universa,
1493 425 1549 473 et
1578 434 1640 473 ea
1672 433 1792 489 qua:
1835 435 1940 472 non
1970 425 2017 479 Α
2046 431 2210 471 arena
2235 415 2401 470 maris
2424 414 2591 486 (l-).Et
2623 430 2732 471 non
2751 415 3065 470 inﬁrmatus
3091 425 3178 469 est
3206 414 3336 480 fide,
3371 429 3470 469 nec
3499 433 3607 470 cmi-

375 523 554 575 erant,
585 511 785 565 virtute
811 510 1066 579 potentiae
1102 524 1213 563 sua:
1241 521 1493 578 tanquam
1541 525 1658 580 quae
1683 519 1866 564 essent
1889 517 1946 562 et
2045 507 2305 562 sideravit
2333 521 2531 577 corpus
2579 522 2736 562 suum
2777 507 2891 577 jam
2936 515 3276 569 emortuum,
3329 522 3464 559 cum
3511 509 3610 562 fere

375 603 741 658 subsisterent
791 601 1078 656 evocavit:
1111 611 1167 656 et
1206 601 1279 656 ita
1311 601 1359 656 ei
1414 601 1467 654 in
1517 601 1756 656 creando
1810 599 1944 654 nihil

379 697 549 748 fuisse
581 692 815 760 diﬂicile,
850 703 908 748 ut
931 708 1054 748 cum
1092 693 1225 747 nihil
1259 695 1569 758 exsisteret,
1617 693 1798 748 omnia
1816 693 1947 750 Stib-

374 791 452 844 ito
503 796 690 840 vocata
711 788 784 840 ita
813 786 1111 842 adfuissent
1130 798 1381 855 tanquam
1402 801 1520 854 qua:
1534 800 1746 854 semper
1769 785 1940 840 exsti—

373 880 542 933 terint
567 878 702 950 (94).
745 877 896 945 Quod
927 879 972 933 si
1011 880 1136 948 quis
1166 880 1322 932 nobis
1355 876 1574 946 objiciat
1603 877 1752 932 illum
1793 878 1942 948 Apo-

371 972 495 1025 stoli
524 987 854 1037 sermonem,
878 987 1041 1040 quem
1077 973 1144 1025 ad
1194 972 1505 1027 Corinthios
1537 971 1727 1026 scribit
1749 971 1838 1024 ubi
1861 971 1942 1025 di-

371 1066 469 1128 cit,
499 1064 626 1134 quia
655 1083 674 1123 (
707 1063 1135 1132 contemptibilia
1163 1064 1344 1117 mundi
1364 1062 1522 1132 elegit
1547 1065 1712 1129 Deus,
1742 1072 1798 1118 et
1821 1077 1941 1131 quae

371 1170 478 1209 non
515 1163 662 1220 sunt,
704 1165 852 1209 utea
899 1170 1020 1225 quae
1060 1167 1184 1210 sunt
1219 1155 1546 1218 destrueret,
1591 1167 1651 1210 ut
1689 1171 1795 1209 non
1822 1154 1938 1224 glo-

375 1249 550 1302 rietur
583 1247 759 1302 omnis
790 1263 919 1302 caro
968 1263 1148 1307 coram
1183 1247 1351 1302 Deo”
1383 1264 1396 1300 :
1434 1267 1453 1300 ι
1479 1257 1535 1302 et
1562 1248 1707 1303 dicat
1740 1262 1938 1302 secun-

369 1337 498 1390 dum
531 1337 676 1392 hanc
726 1339 1118 1408 expositionem
1150 1356 1257 1394 non
1309 1340 1601 1394 convenire
1633 1348 1692 1398 ut
1733 1338 1937 1394 destrui

370 1429 627 1483 dicantur
653 1445 773 1500 qua;
827 1439 958 1485 sunt
1000 1446 1124 1487 cum
1171 1445 1233 1488 ea
1267 1424 1388 1498 quae
1437 1448 1544 1486 non
1591 1441 1720 1486 sunt
1765 1431 1936 1486 electa

367 1522 478 1576 sint
507 1522 645 1594 (95),
696 1524 939 1579 dicemus
983 1525 1049 1578 ad
1085 1525 1198 1579 haec
1225 1526 1352 1594 quia
1389 1526 1443 1579 in
1488 1524 1581 1578 illo
1629 1524 1750 1579 loco
1806 1523 1940 1578 alios

369 1616 506 1669 dixit
539 1630 634 1675 eos
655 1617 745 1685 qui
769 1626 922 1680 sunt,
945 1624 1000 1671 et
1032 1616 1167 1672 alios
1201 1617 1252 1671 in
1283 1617 1387 1672 hoc
1415 1617 1594 1686 capite
1622 1616 1674 1671 in
1700 1615 1936 1685 Epistola

368 1710 436 1760 ad
464 1707 762 1766 Romanos.
799 1707 1262 1768 Declaravitenim
1295 1710 1361 1762 ad
1385 1708 1695 1763 Corinthios
1721 1706 1848 1778 quia
1871 1708 1938 1763 de

2043 608 2258 655 centum
2291 611 2436 654 esset
2461 615 2746 665 annorum,
2778 610 2832 655 et
2857 609 3162 654 emortuam
3200 597 3426 652 vulvam
3455 599 3607 655 Sal-.2.

2044 693 2099 746 In
2127 693 2546 762 repromissione
2584 694 2749 748 etiam
2788 694 2884 748 Dei
2921 707 3025 747 non
3057 693 3337 747 ha'sitavit
3377 692 3606 747 diuiden-

2045 785 2118 840 tia
2160 803 2174 839 :
2199 784 2292 839 sed
2321 783 2661 839 confortatus
2681 794 2766 839 est
2797 785 2902 839 lide
2928 824 2945 850 ,
2978 785 3111 838 dans
3138 784 3375 854 gloriam
3408 784 3536 847 Deo,
3564 803 3612 841 et

2041 876 2354 945 plenissime
2384 877 2564 931 sciens
2589 877 2714 946 quia
2761 892 3101 946 quascunque
3124 876 3402 946 promisit,
3433 887 3611 946 potens

2041 977 2127 1021 est
2161 976 2216 1020 et
2255 967 2456 1022 facere.
2487 967 2611 1023 ldeo
2649 978 2704 1022 et
2740 978 3045 1038 reputatum
3089 978 3173 1023 est
3222 969 3301 1023 illi
3347 971 3418 1022 ad
3457 969 3607 1034 justi-

2045 1059 2172 1112 tiam
2225 1059 2338 1113 ⁸⁸.»
2399 1058 2624 1115 Videtur
2676 1059 2808 1114 mibi
2866 1062 3008 1129 quod
3071 1059 3211 1115 dixit
3278 1060 3610 1129 Apostolus,

2048 1168 2069 1202 ι
2099 1161 2288 1205 contra
2325 1166 2497 1221 spem,
2525 1170 2543 1204 ι
2581 1153 2864 1221 aspexisse
2914 1153 3044 1208 illud
3090 1153 3233 1222 quod
3293 1155 3352 1206 in
3422 1151 3607 1206 Genesi

2044 1241 2279 1296 refertur
2317 1242 2591 1298 Abraham
2643 1245 2847 1300 dixisse
2897 1246 2965 1299 ad
3008 1244 3341 1299 Dominum:
3385 1260 3405 1293 ι
3436 1245 3608 1296 Domi-

2042 1344 2203 1388 nator
2223 1334 2476 1403 Domine,
2518 1335 2646 1404 quid
2680 1335 2812 1391 mihi
2835 1336 3026 1391 dabis?
3073 1335 3182 1405 Ego
3219 1346 3411 1390 autem
3439 1335 3612 1388 dimit-

2043 1439 2126 1483 tor
2155 1429 2271 1484 sine
2302 1427 2470 1482 filiis:
2504 1428 2591 1482 hic
2616 1436 2800 1482 autem
2841 1428 2984 1483 filius
3027 1428 3237 1483 Masech
3281 1427 3364 1498 (2)
3418 1444 3609 1482 verna-

2039 1520 2175 1575 culae
2201 1535 2336 1575 meae
2361 1519 2658 1576 Damascus
2683 1520 2908 1576 Eliezer.
2939 1520 3003 1574 Et
3032 1521 3170 1575 dixit
3199 1521 3483 1574 Abraham
3517 1521 3604 1587 (3):

2039 1613 2307 1682 Quoniam
2333 1613 2462 1668 milii
2485 1629 2590 1667 non
2621 1615 2813 1668 dedisti
2850 1629 3072 1678 semen,
3125 1615 3215 1669 hic
3269 1614 3600 1668 vernaculus

2041 1722 2193 1763 meus
2221 1707 2395 1761 haeres
2431 1721 2584 1761 meus
2602 1705 2709 1762 erit
2741 1705 2808 1764 ".
2829 1723 2853 1758 ι
2882 1705 2958 1760 Ex
2991 1707 3184 1774 quibus
3211 1708 3407 1775 utique
3436 1707 3608 1760 verbis

371 1800 454 1854 his
483 1799 686 1854 diceret
721 1814 860 1869 quos
908 1815 1072 1870 supra
1124 1810 1560 1860 enumeraverat.
1592 1775 1756 1854 Dixin
1789 1799 1934 1854 enim
1968 1775 2010 1831 Β
2040 1799 2312 1855 Abraham
2357 1801 2425 1855 de
2475 1798 2599 1853 filiis
2643 1799 3002 1868 suscipiendis
3052 1799 3386 1868 intelligitur
3412 1800 3606 1867 despe-

363 1891 612 1960 superius
637 1891 724 1946 “z
765 1910 786 1946 (
821 1891 1012 1947 Videte
1071 1893 1214 1947 enim
1263 1891 1600 1948 vocationem
1659 1901 1932 1956 vestram,

365 1983 584 2049 fratres,
605 1985 732 2053 quia
758 1997 862 2040 non
888 1985 1039 2042 multi
1060 1984 1332 2054 sapientes
1355 1984 1496 2039 inter
1518 1999 1613 2038 vos
1636 1983 1934 2042 secundum

367 2091 610 2141 carnem,
642 2091 743 2130 non
766 2075 917 2132 multi
937 2086 1182 2146 potentes
1227 2071 1361 2143 (96),
1385 2085 1497 2124 non
1515 2071 1668 2126 multi
1691 2088 1740 2125 ni
1763 2073 1799 2128 b
1823 2073 1928 2124 les:

364 2169 459 2222 sed
484 2184 606 2239 quae
636 2169 800 2224 stulta
835 2180 963 2224 sunt
999 2169 1187 2224 mundi
1218 2168 1381 2238 elegit
1411 2165 1574 2230 Deus,
1607 2177 1668 2221 ut
1705 2165 1936 2223 confun-

366 2262 458 2316 dat
483 2261 758 2331 sapientes
783 2271 871 2316 :et
895 2261 1108 2315 infirma
1138 2261 1324 2320 mundi
1354 2259 1515 2328 elegit
1544 2259 1706 2324 Deus,
1725 2267 1784 2313 ut
1806 2274 1937 2313 con-

363 2351 560 2405 fundat
610 2350 793 2406 fortia.
826 2369 845 2403 ι
876 2348 1033 2412 Sicut
1084 2366 1213 2422 ergo
1265 2350 1431 2406 stulta
1477 2351 1662 2405 mundi
1707 2350 1936 2421 elegisse

363 2443 501 2498 dicit
523 2443 720 2510 Deum,
754 2445 856 2500 hoc
899 2453 983 2498 est
1011 2454 1220 2514 gentes,
1256 2454 1314 2499 ut
1337 2443 1689 2501 confunderet
1716 2445 1933 2513 sapien-

364 2547 470 2601 tes,
499 2537 618 2592 sine
648 2537 810 2592 dubio
835 2535 1093 2602 Judzeos;
1131 2545 1186 2591 et
1227 2535 1444 2590 infirma
1478 2535 1684 2601 mundi,
1718 2544 1777 2589 ut
1799 2549 1934 2589 con-

361 2629 555 2686 fundat
588 2630 774 2697 fortia,
805 2631 996 2686 eodem
1031 2630 1223 2685 ordine
1260 2629 1313 2688 in
1346 2629 1449 2684 hoc
1475 2629 1597 2685 loco
1626 2628 1762 2684 dicit
1791 2639 1847 2684 et
1869 2629 1936 2682 de

362 2726 446 2779 his
477 2740 596 2795 qua:
627 2739 733 2780 non
757 2735 904 2791 sunt,
938 2734 997 2778 ut
1023 2740 1084 2780 ea
1113 2740 1233 2794 quae
1259 2737 1387 2781 sunt
1417 2726 1660 2780 destruat
1689 2742 1707 2786 :
1740 2734 1797 2779 et
1825 2739 1933 2780 non

361 2833 485 2872 esse
512 2827 720 2887 gentes,
744 2833 864 2874 esse
889 2829 1071 2874 autem
1092 2815 1306 2876 .ludaeos
1334 2819 1593 2885 ostendit,
1627 2818 1678 2873 id
1709 2828 1814 2886 est,
1840 2818 1932 2889 qui

360 2911 415 2964 in
453 2911 568 2978 lege
589 2918 766 2974 erant,
807 2911 900 2964 sed
926 2909 1099 2979 legem
1127 2923 1230 2962 non
1262 2908 1576 2979 implebant,
1600 2919 1659 2962 ut
1688 2909 1935 2964 destrue-

363 3012 578 3066 rentur,
603 3012 658 3056 et
690 3001 1079 3058 inducerentur
1111 2999 1222 3072 (97)
1257 2999 1334 3055 illi
1387 3000 1481 3070 qui
1539 3016 1647 3055 non
1682 3010 1844 3055 erant
1879 3000 1933 3054 in

361 3095 506 3163 lege,
529 3105 584 3150 et
608 3094 842 3152 Abrahae
890 3093 1014 3148 fidei
1046 3091 1383 3149 credulitatis
1415 3092 1610 3148 merito
1636 3093 1934 3164 iungeren—

365 3201 473 3245 tur.
501 3190 654 3258 Quod
678 3200 861 3248 autem
893 3190 1032 3245 dixit
1056 3206 1070 3242 :
1105 3205 1129 3240 ι
1150 3186 1222 3242 Ut
1241 3187 1532 3245 confundat
1563 3189 1836 3257 sapientes
1865 3204 1879 3240 :
1905 3207 1925 3239 ι

361 3297 468 3335 non
499 3298 608 3351 quo
643 3297 772 3338 vere
795 3275 1078 3350 sapientes
1133 3289 1316 3334 essent
1368 3277 1517 3348 (98);
1557 3279 1763 3349 alioqui
1795 3295 1933 3335 nun-

361 3389 526 3442 quam
548 3374 904 3430 confunderet
936 3372 1078 3428 Deus
1102 3387 1198 3427 eos
1243 3372 1334 3441 qui
1374 3371 1672 3427 secundum
1701 3371 1796 3428 Dei
1839 3389 1930 3427 sa-

362 3467 626 3532 pientiam
671 3465 948 3534 Sapientes
995 3476 1124 3520 sunt
1153 3465 1238 3531 ⁸⁸;
1294 3463 1388 3518 sed
1434 3463 1553 3518 illos
1579 3463 1713 3518 dicit
1751 3464 1841 3535 qui
1874 3481 1932 3520 se

362 3567 554 3628 putant
578 3571 699 3611 esse
725 3557 1020 3626 sapientes,
1043 3565 1098 3614 et
1133 3572 1236 3611 non
1262 3566 1412 3620 sunt,
1441 3555 1585 3610 sicut
1607 3562 1660 3608 et
1689 3553 1820 3611 alibi
1851 3557 1934 3610 di-

363 3652 467 3709 cit:
493 3669 511 3702 ε
542 3649 640 3711 Ubi
662 3650 918 3719 sapiens?
946 3648 1038 3703 tibi
1058 3649 1269 3704 scriba?
1292 3649 1381 3702 ubi
1414 3647 1752 3718 conquisitor
1775 3647 1933 3716 hujus

363 3742 592 3799 saeculi?
617 3741 801 3796 Nonne
831 3740 1050 3795 stultam
1082 3739 1212 3794 fecit
1243 3738 1386 3794 Deus
1412 3739 1738 3809 sapientiam
1771 3739 1931 3808 hujus

365 3834 547 3889 mundi
572 3833 657 3886 “1'-
695 3853 713 3886 ι
749 3832 914 3903 Hujus
951 3830 1140 3886 mundi
1169 3844 1302 3900 ergo
1339 3829 1615 3900 sapientes
1641 3828 1931 3884 confundit

361 3929 570 3998 eligens
616 3926 836 3993 stultos,
874 3940 982 3980 non
1011 3923 1139 3995 quia
1182 3923 1442 3978 similiter
1478 3921 1631 3976 stulti
1663 3928 1847 3976 essent
1879 3927 1934 3972 et

363 4021 452 4076 isti
485 4035 582 4087 per
613 4018 727 4088 (9,9)
755 4017 1036 4088 penuriam
1085 4030 1278 4072 sensus
1302 4055 1318 4081 ,
1351 4015 1449 4070 sed
1483 4013 1776 4068 secundum
1806 4010 1933 4064 illud

363 4116 505 4184 quod
533 4113 737 4166 dictum
763 4119 844 4165 est
867 4109 911 4141 ⁵⁷
939 4124 956 4162 :
999 4127 1018 4161 ι
1057 4108 1160 4176 Qui
1200 4107 1313 4165 vult
1363 4105 1579 4176 sapiens
1603 4118 1744 4169 esse,
1771 4101 1929 4177 531

365 4206 568 4260 stultus
617 4203 711 4259 ﬁat
755 4202 808 4256 in
864 4202 967 4259 hoc
1021 4200 1243 4263 mundo,
1297 4207 1358 4253 ut
1399 4196 1470 4252 sit
1521 4195 1739 4266 sapiens
1794 4195 1934 4264 apud

366 4299 532 4352 Deum
553 4315 566 4349 :
587 4295 714 4366 quia
751 4292 1015 4364 sapientia
1040 4292 1200 4364 hujus
1222 4291 1407 4351 mundi
1437 4289 1665 4353 stultitia
1691 4296 1774 4347 est
1794 4287 1932 4358 apud

365 4389 554 4445 Deum.
567 4411 595 4438 ιι

1959 3135 2006 3195 C

2040 1909 2213 1950 rasse.
2241 1893 2394 1960 Quod
2420 1908 2552 1948 vero
2589 1892 2748 1957 dixit,
2784 1891 2868 1946 «in
2895 1907 3041 1962 spem
3081 1893 3337 1956 credidit,
3371 1910 3391 1943 ι
3431 1892 3604 1946 datat-

2040 2001 2226 2042 rursus
2257 1987 2307 2040 ei
2339 2000 2513 2055 spem,
2544 1986 2754 2054 opinor,
2789 1984 2915 2039 inde
2955 1984 3161 2055 colligit
3208 1986 3301 2039 ubi
3346 1986 3604 2054 scriptum

2037 2087 2125 2135 est
2151 2093 2166 2131 :
2209 2077 2304 2132 tEt
2333 2093 2437 2132 vox
2462 2077 2674 2132 Domini
2706 2076 2849 2131 facta
2879 2087 2963 2132 est
2989 2077 3056 2130 ad
3086 2092 3208 2131 eum
3244 2077 3441 2131 dicens
3467 2077 3606 2131 :Non

2038 2179 2124 2225 est
2147 2169 2235 2225 hic
2270 2171 2444 2225 haeres
2474 2179 2598 2224 tuus
2631 2189 2646 2225 :
2673 2169 2766 2225 sed
2801 2169 2890 2238 qui
2925 2169 3120 2224 exierit
3150 2169 3216 2223 de
3239 2179 3329 2233 te,
3365 2169 3484 2239 ipse
3514 2171 3607 2225 erit

2039 2263 2216 2318 haeres
2252 2271 2396 2316 tuus.
2433 2262 2632 2316 Eduxit
2653 2271 2830 2314 autem
2861 2276 2983 2316 eum
3013 2260 3188 2326 foras,
3221 2271 3278 2316 et
3307 2262 3457 2317 dixit
3493 2263 3602 2316 illi:

2038 2354 2268 2422 Respice
2289 2355 2357 2408 ad
2385 2352 2603 2418 caelum,
2657 2362 2712 2407 et
2749 2366 2975 2406 numera
3011 2351 3215 2418 stellas,
3264 2352 3312 2408 si
3369 2356 3607 2421 potueris

2037 2449 2383 2502 dinumerare
2411 2461 2527 2502 eas.
2577 2445 2648 2501 Et
2693 2448 2768 2500 ait
2809 2447 2877 2500 ad
2909 2461 3035 2502 eum
3067 2464 3081 2502 :
3109 2446 3201 2501 Sic
3257 2449 3375 2502 erit
3428 2464 3606 2503 semen

2038 2549 2213 2593 tuum.
2255 2539 2570 2594 Etcredidit
2598 2538 2730 2602 Deo,
2762 2548 2819 2593 et
2848 2547 3158 2608 reputatum
3184 2549 3270 2593 est
3298 2539 3354 2594 ei
3397 2541 3469 2594 ad
3525 2538 3606 2608 ju~

2035 2625 2318 2691 stitiam“.
2338 2643 2359 2677 ›
2411 2629 2490 2684 Ex
2520 2629 2606 2685 his
2634 2643 2764 2698 ergo
2790 2627 2972 2684 verbis
3013 2638 3068 2683 et
3095 2629 3414 2699 desperatio
3442 2631 3605 2700 prius,

2036 2729 2093 2772 et
2137 2719 2477 2787 postmodum
2511 2719 2634 2772 data
2691 2719 2741 2774 ei
2805 2733 2932 2788 spes
2997 2720 3092 2775 Dei
3153 2722 3607 2789 promissionibus

2037 2812 2367 2866 declaratur.
2401 2809 2498 2866 Cui
2541 2812 2670 2882 quia
2696 2814 2951 2878 credidit,
2995 2813 3256 2870 scribitur
3299 2815 3376 2870 de
3418 2830 3484 2868 eo
3517 2817 3607 2868 hoc

2038 2904 2182 2973 quod
2220 2919 2364 2959 nunc
2395 2905 2651 2975 proponit
2677 2903 2754 2976 (4)
2786 2906 3076 2975 Apostolus
3101 2946 3117 2972 ,
3164 2907 3298 2976 quia
3337 2926 3359 2958 ι
3397 2919 3605 2978 reputa-

2039 3005 2151 3052 tum
2179 3004 2267 3051 est
2293 2995 2341 3049 ei
2377 2995 2444 3050 ad
2465 2994 2734 3066 justitiam
2763 2996 2830 3050 “.
2858 3013 2880 3048 ι
2909 2995 3101 3051 Merito
3135 3007 3346 3063 autem,
3375 3007 3436 3050 et
3464 3013 3607 3053 more

2039 3087 2120 3158 (5)
2149 3087 2249 3142 sibi
2285 3086 2442 3141 solito
2485 3086 2572 3142 ubi
2606 3087 2674 3142 de
2705 3085 2810 3141 fide
2853 3095 3074 3152 tractat,
3117 3086 3428 3156 Apostolus
3476 3104 3604 3143 con-

2033 3175 2213 3247 jungit
2241 3185 2296 3231 et
2327 3190 2505 3247 spem,
2546 3177 2725 3233 sciens
2770 3176 2894 3233 ﬁdei
2953 3193 3107 3248 spem
3164 3179 3603 3249 inseparabiliter

2033 3270 2311 3324 cohaerere
2337 3309 2353 3334 ,
2383 3268 2524 3324 sicut
2555 3279 2610 3324 et
2639 3268 2692 3326 in
2741 3267 2985 3338 Epistula
3035 3269 3100 3323 ad
3150 3268 3421 3324 Hebraeos
3471 3272 3606 3324 idem

2034 3361 2191 3416 docet
2219 3361 2408 3417 dicens
2437 3377 2451 3416 :
2489 3359 2615 3415 «Est
2640 3368 2820 3414 autem
2843 3359 2974 3414 ﬁdes
3003 3358 3403 3430 sperandarum
3428 3376 3604 3415 rerum

2036 3455 2378 3520 substantia,
2433 3452 2694 3508 indicium
2750 3465 2858 3505 non
2913 3451 3288 3520 apparentium
3348 3451 3421 3504 ⁸³.
3457 3469 3476 3502 ι
3545 3449 3606 3504 Et

2035 3544 2232 3598 iterum
2264 3545 2318 3600 in
2343 3544 2446 3598 hac
2467 3543 2653 3598 eadem
2688 3541 2754 3596 ad
2779 3541 3050 3596 Romanos
3081 3541 3321 3610 Epistula
3349 3542 3406 3594 in
3433 3553 3606 3610 poste-

2037 3635 2272 3690 rioribus
2298 3635 2432 3690 dicit
2463 3650 2477 3688 :
2511 3653 2529 3687 (
2552 3633 2660 3704 Spe
2688 3644 2870 3688 autem
2901 3634 3035 3688 salvi
3066 3633 3193 3690 facti
3225 3649 3442 3692 sumus.
3479 3634 3608 3701 Spes

2035 3739 2218 3782 autem
2243 3742 2362 3796 qua:
2392 3727 2628 3794 videtur,
2658 3741 2766 3781 non
2795 3736 2879 3781 est
2909 3742 3053 3797 spes.
3090 3725 3244 3792 Quod
3280 3727 3436 3781 enim
3465 3728 3607 3780 videt

2035 3821 2179 3890 quis,
2208 3819 2335 3890 quid
2365 3819 2583 3887 sperat?
2609 3816 2664 3872 Si
2693 3831 2821 3872 vero
2841 3817 2981 3887 quod
3013 3833 3120 3872 non
3150 3818 3406 3874 videmus
3431 3818 3604 3888 speri-

2036 3929 2179 3979 ntus,
2207 3927 2303 3983 per
2337 3911 2656 3982 patientiam
2688 3894 3066 3981 exspectamus
3099 3911 3166 3965 ".
3205 3929 3228 3963 ι
3277 3912 3438 3978 Quod
3495 3913 3602 3974 ait,

2041 4024 2060 4056 ‹
2091 4020 2185 4075 spe
2222 4003 2354 4058 salvi
2390 4002 2518 4057 facti
2547 4018 2756 4068 sumus,
2813 4023 2832 4057 ι
2860 4004 2963 4057 hoc
3013 4001 3152 4056 idem
3180 4011 3265 4056 est
3302 4003 3456 4072 quod
3485 4004 3605 4057 alibi

2036 4096 2185 4161 dicit,
2215 4093 2341 4166 quia
2378 4113 2397 4145 ε
2420 4108 2516 4162 per
2548 4093 2710 4148 fidem
2739 4093 2926 4149 salvati
2971 4109 3160 4148 sumus
3186 4093 3231 4125 ⁸³
3262 4117 3310 4152 τι
3353 4105 3435 4158 et,
3474 4114 3494 4146 ς
3521 4093 3603 4147 Fi-

2034 4187 2130 4241 des
2163 4198 2252 4240 tua
2295 4196 2346 4241 te
2373 4186 2577 4240 salvam
2623 4184 2752 4240 fecit
2784 4203 2832 4253 ς»
2888 4195 2962 4251 et,
3022 4201 3043 4235 ι
3071 4183 3388 4239 Secundum
3451 4183 3601 4238 fidem

2039 4288 2186 4332 tuatn
2216 4278 2498 4348 contingat
2533 4275 2627 4331 tibi
2663 4275 2729 4329 “.
2754 4293 2774 4328 ι
2813 4275 2944 4342 Quae
2975 4277 3162 4344 utique
3212 4275 3320 4328 illis
3353 4276 3604 4330 dicuntur

2036 4363 2126 4448 qui
2160 4370 2446 4424 credentes
2477 4369 2529 4423 in
2555 4367 2741 4425 Jesum
2780 4383 2930 4438 spem
2979 4377 3264 4438 gesserunt
3315 4370 3387 4422 ab
3434 4383 3500 4422 eo
3551 4383 3603 4426 se

434 4481 488 4536 6.
523 4499 544 4533 ι
580 4479 678 4546 Qui
719 4490 903 4536 contra
939 4494 1088 4548 spem
1119 4478 1171 4542 in
1204 4493 1352 4550 spem
1376 4476 1610 4536 credidit
1637 4514 1652 4540 ,
1685 4482 1745 4532 ut
1776 4472 1929 4528 fieret
1961 4475 2007 4540 ι)
2037 4477 2195 4533 posse
2232 4463 2438 4517 curari.
2476 4459 2631 4522 Sicut
2655 4469 2836 4516 autem
2881 4460 3151 4514 Abraham
3195 4476 3214 4510 ι
3239 4469 3439 4514 contra
3466 4475 3602 4528 spem

363 4583 518 4642 pater
547 4573 834 4628 multarum
867 4573 1109 4642 gentium
1134 4613 1148 4633 .
1192 4571 1492 4626 secundum
1540 4565 1682 4636 quod
1730 4564 1930 4618 dictum

362 4675 449 4720 est
477 4665 526 4718 ei
569 4685 583 4720 :
617 4663 709 4719 Sic
745 4663 849 4722 erit
891 4678 1075 4720 semen
1120 4672 1270 4729 tuum
1319 4661 1462 4728 sicut
1491 4657 1658 4714 stellae
1684 4653 1831 4722 cmli,
1876 4661 1931 4718 et

434 4802 480 4834 ⁸³
501 4801 520 4856 Ι
545 4800 670 4856 Cor.
701 4817 738 4866 ι,
773 4801 865 4865 28,
888 4800 976 4855 29.

365 4873 560 4928 ΙΘ-Ξῖ-
631 4872 677 4909 ⁸⁸
719 4858 864 4930 Cen.
896 4871 953 4933 2.
990 4873 1044 4926 5.
1118 4869 1162 4901 ⁸⁰
1192 4870 1318 4924 ibid.
1355 4858 1475 4922 4-6.
1553 4867 1595 4898 ⁶¹
1631 4865 1789 4919 Rom.
1815 4878 1880 4932 tv,

2114 4862 2128 4892 '
2160 4859 2321 4913 Hebr.
2370 4873 2445 4922 xt,
2473 4858 2522 4910 l.

363 4960 427 5011 tt,
477 4944 532 5000 8.
610 4942 656 4974 ⁸⁸
690 4940 879 4997 Matth.
925 4956 1000 5008 ιχ,
1056 4939 1248 5004 22-29ε
1319 4939 1364 4970 ⁸⁸
1396 4936 1557 4997 Rom.
1595 4935 1780 5002 tv,18.

436 5053 549 5122 (94)
585 5052 666 5106 lla
713 5066 818 5107 ms.
869 5063 1010 5104 unus
1046 5047 1248 5122 Regius
1283 5061 1433 5102 num.
1467 5042 1940 5122 1659_.__Rabantts

366 5114 705 5189 veiofediti,
735 5133 790 5176 et
830 5133 958 5189 mss.
983 5114 1268 5187 quidam,t
1293 5129 1352 5171 ut
1386 5133 1508 5171 cum
1542 5115 1676 5189 nihil
1705 5114 1942 5189 exsiste-

474 5175 595 5266 (in)
624 5175 1172 5266 exsisterentjotnuia
1187 5175 1366 5266 subito
1391 5197 1582 5241 vocata
1622 5175 1941 5238 itaadfuisse

368 5257 498 5339 [al.,'
515 5267 593 5327 ita
620 5265 824 5339 [uia_se;
848 5257 1039 5323 al.,'ita
1069 5266 1124 5309 ut
1145 5257 1341 5329 fuisse)
1367 5267 1622 5326 tanquam
1647 5269 1768 5330 quae
1794 5268 1940 5308 sein-

367 5335 464 5405 per
494 5335 824 5390 exstiterint.
865 5349 884 5381 ι
1219 5395 1230 5405 .
1297 5404 1301 5405 ν
1329 5396 1363 5405 _
1409 5397 1420 5405 _
1620 5393 1658 5405 ﬁ
1682 5395 1712 5405 η
1744 5393 1757 5404 .

440 5406 553 5475 (95)
590 5405 663 5457 Ita
683 5416 872 5458 omnes
905 5412 1036 5455 mss.
1062 5395 1230 5457 nostri
1256 5404 1311 5463 et
1328 5396 1599 5462 ﬂabanus.
1620 5393 1760 5460 Editi
1783 5407 1932 5461 vero,

375 5495 394 5528 ι
427 5485 618 5530 vocata
647 5483 792 5528 ευιιι.
833 5490 851 5521 1

441 5545 556 5613 (96)
597 5543 722 5598 Non
767 5541 920 5603 multi
953 5553 1206 5610 potentes,
1263 5537 1387 5600 Hac
1440 5538 1635 5596 desunt
1686 5537 1736 5600 in
1775 5543 1935 5588 antea

371 5615 550 5670 editis.

442 5685 555 5752 (97)
592 5683 764 5747 Alias,
791 5703 809 5734 ι
841 5682 1240 5750 judicarentur,
1278 5697 1295 5729 ι
1339 5677 1499 5752 male.

445 5747 556 5818 (98)
599 5754 689 5807 Sic
721 5747 857 5807 mss.
911 5754 1081 5808 nostri
1133 5767 1347 5818 omnes.
1402 5747 1544 5815 Ε,άὶιί
1584 5763 1734 5812 vero,
1778 5763 1795 5797 ε
1831 5763 1936 5810 non

1062 4800 1109 4832 “
1141 4801 1268 4854 ibid.
1301 4798 1395 4860 26,
1425 4797 1514 4850 27.
1588 4795 1634 4828 ⁵⁸
1664 4793 1784 4848 lsai.
1810 4809 1864 4855 ν,
1897 4791 1988 4844 2i.

2038 4557 2092 4610 in
2122 4569 2273 4627 spem
2303 4552 2537 4608 credidit
2562 4553 2630 4618 “,
2657 4573 2676 4606 ι
2713 4553 2789 4608 ita
2820 4567 3010 4608 omnes
3055 4552 3148 4622 qui
3179 4567 3280 4620 per
3314 4553 3482 4606 tidem
3517 4550 3604 4605 lilii

2035 4658 2164 4702 sunt
2208 4646 2506 4710 Abraham,
2554 4655 2747 4700 contra
2793 4658 2944 4713 spem
3005 4644 3058 4697 in
3089 4657 3239 4712 spem
3273 4643 3602 4698 credunth

2063 4789 2110 4822 ⁸⁸
2145 4789 2310 4843 lCor.
2341 4803 2379 4847 ι,
2412 4786 2502 4841 29.
2578 4783 2624 4816 ⁵⁷
2661 4781 2831 4836 lCor.
2863 4781 3046 4844 ttt,l8.
3076 4780 3159 4836 l9.
3234 4781 3282 4812 ⁸⁵
3329 4780 3494 4834 Rom.
3533 4795 3600 4846 tr,

2599 4855 2644 4885 ⁸³
2685 4852 2843 4906 Rom.
2873 4867 2988 4916 vui,
3015 4853 3102 4915 24,
3156 4851 3249 4905 25.
3329 4851 3378 4882 ⁸⁸
3415 4852 3600 4922 Ephes.

2041 5038 2344 5109 quod__vere
2365 5030 2636 5109 sapientes
2658 5040 2860 5109 essent.
2896 5045 2916 5080 ι

2114 5106 2230 5180 (99)
2270 5099 2545 5180 Sapientes
2577 5099 3315 5180 confundit_eligens_stultos,
3334 5117 3454 5180 non
3481 5104 3596 5174 quia

2038 5168 2288 5233 similiter
2323 5168 2471 5227 stulti
2509 5181 2681 5226 essent
2714 5180 2764 5224 et
2803 5168 2894 5223 isti
2918 5186 3030 5240 per.
3080 5171 3205 5226 llam
3228 5168 3597 5228 desiderantur

2039 5250 2093 5304 itt
2121 5257 2277 5302 antea
2304 5244 2488 5298 editis.

2059 5307 2063 5314 ’
2111 5316 2186 5389 (1)
2215 5313 2361 5389 Sicut
2389 5311 2554 5389 stella:
2585 5308 2722 5373 cali,
2754 5319 2802 5364 et
2831 5326 2994 5364 arena
3011 5314 3226 5389 _mart's._
3249 5313 3378 5370 Ilzec
3397 5314 3590 5389 deside-

2041 5382 2229 5444 rantur
2285 5386 2339 5438 in
2382 5382 2633 5446 omnibus
2682 5395 2812 5435 mss.
2857 5384 3088 5452 nostris;
3131 5386 3232 5440 sed
3283 5394 3497 5441 exstant
3542 5387 3587 5436 iu

2077 5458 2222 5514 ditis.

2041 5478 2671 5598 e(li:2li.5108€clt._Ediliy-
2691 5533 2934 5598 [mal-Ie"
2962 5541 2982 5576 ’
3023 5527 3184 5583 male.

2116 5592 2193 5668 (5)
2231 5597 2392 5661 Editi,
2421 5613 2440 5645 ι
2473 5592 2759 5646 Etaddidit
2789 5593 3043 5668 Abrant.‘

2117 5665 2193 5736 (ﬁt)
2225 5668 2349 5719 Mss.
2382 5679 2542 5726 unus,
2575 5682 2592 5714 ι
2619 5665 2956 5730 prunttntiat.
2983 5684 3002 5716 ο

2116 5743 2190 5811 (Ἰ)
2227 5739 2350 5792 Mss.
2384 5753 2543 5802 unus,
2577 5752 2598 5785 t
2625 5750 2691 5792 ex
2720 5749 2885 5793 more.
2917 5753 2940 5786 ι
