3684 6148
125 247 238 304 981
1094 255 1443 317 ΩΟΜΜΕΝΤ.
1482 261 1547 316 ΙΝ
1581 261 1657 318 EI‘

1841 261 1935 318 AD
1963 262 2130 320 ROM.
2165 265 2290 320 LIB.
2329 264 2420 324 IV.
3269 273 3388 330 ’982

128 371 370 441 singulis
409 371 715 444 quibusque
767 391 887 444 quae
934 381 1187 447 credunt,
1227 385 1344 438 sive
1393 386 1460 441 de
1525 402 1708 442 resnr—
1736 392 1785 449 Α
1813 387 2057 444 irritatur
2091 404 2104 440 :
2137 387 2319 443 omnia
2355 387 2570 454 tolerat,
2604 390 2788 444 omnia
2820 387 3016 457 credit,
3053 392 3232 446 omnia
3264 409 3387 463 spe-

132 463 384 517 rectione
412 473 774 534 mortuorum,
800 469 918 524 sive
949 471 1018 525 de
1045 471 1363 531 haereditate
1416 479 1565 547 regni
1600 493 1715 534 cte-
1816 487 1921 540 rat,
1944 477 2122 533 omnia
2152 479 2410 544 sustinet,
2444 496 2462 529 ι
2501 488 2557 534 et
2585 489 2776 534 caetera
2815 480 2902 535 his
2929 480 3146 536 similia.
3174 481 3306 549 Qua:
3337 486 3384 540 si

130 547 338 606 lorum.
376 551 502 607 Hazc
539 555 704 618 enim,
745 566 1007 625 quantum
1038 561 1106 614 ad
1130 571 1385 619 naturam
1416 567 1714 624 humanam
1811 567 1937 638 quis
1969 570 2167 624 habeat
2190 611 2206 638 ,
2239 578 2391 626 recte
2429 571 2561 625 mihi
2588 570 2811 625 videtur
2855 572 2961 626 dici
3011 572 3155 642 quod
3189 547 3388 628 habent

129 649 370 706 spectat,
406 652 597 698 contra
625 660 776 715 spem
805 648 1091 716 videntur;
1125 664 1386 723 quantum
1424 668 1606 714 autem
1643 660 1714 717 ad
1811 673 2034 715 omnem
2064 662 2386 717 charitatem
2417 678 2435 717 ε
2467 676 2587 731 qua:
2608 661 2850 717 charitas
2876 661 2994 717 sine
3023 661 3185 717 dubio
3213 679 3278 718 ex
3302 664 3387 718 his

127 735 435 800 P0len|iam
495 735 631 801 Dei.
669 738 723 794 in
757 755 907 810 Spem
959 745 1255 802 creduntur
1301 749 1417 821 (6);
1467 753 1712 822 exemplo
1810 749 2040 821 singulis
2083 752 2153 807 ab
2207 753 2468 823 Apostolo
2516 769 2681 825 supra
2755 754 3072 808 memoratis
3135 755 3384 825 partibus

127 823 421 880 Abraham
476 828 755 886 credentis
809 833 935 903 quia
1006 854 1026 888 ι
1063 851 1402 911 quaecunque
1458 845 1713 914 promisit
1811 849 2045 901 constat.
2098 843 2366 901 Similiter
2419 823 2602 901 autem
2654 852 2710 900 et
2750 845 2817 900 de
2855 845 3263 914 misericordia,
3326 856 3383 901 et

127 915 304 983 Deus,
337 929 532 988 potens
559 932 725 978 estet
751 923 932 981 facere
962 927 1047 997 '7;
1101 949 1120 984 ι
1159 931 1207 987 si
1255 943 1432 992 tamen
1481 937 1568 994 his
1617 938 1712 1010 qui

1805 932 2014 1003 pietate
2065 935 2393 1006 ceterisque
2426 936 2738 1014 virtutibus
2776 936 3018 991 arbitror
3060 937 3166 991 dici
3199 952 3379 1006 posse.

128 1009 370 1063 credunt
402 1022 621 1069 maneat
665 1015 823 1083 ﬁdes,
851 1035 996 1090 spes,
1045 1032 1100 1077 et
1129 1024 1397 1082 charitas.
1459 1027 1526 1084 Et
1578 1041 1712 1099 puto
1812 1021 1881 1077 Ει
1907 1023 2048 1080 forte
2074 1025 2311 1096 Peritum
2345 1012 2562 1098 Singula
2587 1027 2730 1082 Sicut
2776 1029 2842 1082 de
2891 1026 2998 1081 “de
3039 1027 3240 1082 ἀίειυηι
3273 1038 3382 1093 εει.

126 1099 278 1167 quod
303 1101 480 1170 prima
506 1104 700 1162 salutis
729 1108 904 1178 initia,
943 1121 1002 1168 et
1031 1113 1150 1184 ipsa
1189 1115 1545 1178 fundamenta
1575 1121 1710 1181 ﬁdes

123 1199 212 1244 est
242 1207 259 1244 :
296 1193 576 1260 profectus
605 1211 734 1254 vero
757 1211 811 1256 et
850 1217 1139 1274 augmenta
1177 1207 1395 1266 aediﬁcii
1430 1225 1555 1282 spes
1581 1223 1706 1270 est:

125 1284 395 1353 perfectio
432 1297 616 1345 autem
655 1302 711 1346 et
739 1294 953 1350 culmen
987 1299 1159 1353 totius
1200 1303 1383 1370 operis
1412 1305 1658 1362 charitas
1691 1324 1706 1362 :

123 1383 180 1427 et
209 1375 337 1431 ideo
379 1395 398 1429 ι
425 1381 599 1452 major
646 1385 890 1440 omnium
918 1406 941 1440 ι
989 1389 1191 1446 dicitur
1238 1409 1260 1444 ι
1291 1394 1536 1451 charitas
1585 1397 1655 1453 ".
1681 1417 1701 1452 ι

123 1463 302 1532 Igitur
323 1468 602 1527 Abraham
634 1492 655 1527 ι
675 1486 864 1531 contra
889 1492 1039 1547 spem
1073 1480 1128 1535 in
1163 1497 1313 1553 spem
1337 1485 1602 1556 credidit,
1647 1498 1708 1544 ut

122 1569 286 1627 pater
324 1560 480 1617 ﬁeret
501 1565 794 1621 multarum
824 1569 1066 1640 gentium
1097 1591 1116 1624 ι
1150 1587 1272 1643 quae
1305 1574 1503 1633 futura:
1523 1591 1709 1636 essent

121 1651 266 1706 sicut
307 1653 482 1710 stellae
525 1657 671 1723 coeli,
721 1675 826 1715 non
867 1660 1042 1716 solum
1086 1665 1471 1735 multitudine,
1513 1671 1607 1726 sed
1651 1681 1707 1727 et

1809 1117 1939 1184 quia
1974 1134 1994 1168 ι
2024 1115 2162 1172 ﬁdes
2193 1127 2442 1188 reputata
2467 1126 2550 1174 est
2573 1121 2642 1175 ad
2665 1119 2934 1189 justitiam
2963 1120 3031 1188 τ’,
3069 1141 3088 1174 ι
3129 1121 3203 1176 ita
3235 1131 3285 1175 et
3312 1120 3382 1176 de

1809 1207 2082 1264 charitate
2113 1209 2218 1265 dici
2243 1220 2441 1280 potest,
2486 1212 2611 1281 quia
2652 1222 2901 1283 reputata
2936 1222 3022 1269 est
3061 1213 3298 1268 charitas
3328 1212 3379 1267 ei

1808 1299 1876 1353 ad
1899 1298 2165 1367 justitiam
2195 1301 2298 1372 (8),
2330 1311 2423 1357 aut
2459 1303 2651 1373 pietas,
2688 1314 2782 1360 aut
2822 1305 3222 1361 misericordia.
3271 1303 3382 1359 Sed

1807 1389 2086 1447 videamus
2132 1391 2248 1462 jam
2296 1408 2365 1449 ea
2412 1408 2534 1466 quae
2575 1406 3008 1466 consequuntur.
3075 1395 3185 1452 «Et
3245 1411 3379 1460 non,

1808 1480 2023 1550 inquit,
2078 1483 2384 1542 inﬁrmatus
2432 1493 2523 1542 est
2577 1487 2635 1542 in
2701 1489 2808 1544 ﬁde
2863 1505 2969 1545 nec
3014 1491 3382 1546 consideravit

1804 1585 1963 1627 suum
1988 1574 2311 1645 corpusjam
2337 1587 2669 1646 emortuum,
2697 1595 2818 1636 cum
2838 1580 2955 1637 fere
2970 1592 3186 1638 centum
3211 1597 3381 1637 anno-

1804 1679 1927 1719 rum
1961 1676 2126 1732 esset,
2172 1677 2228 1723 et
2259 1682 2564 1726 emortuam
2606 1671 2824 1728 vulvam
2872 1674 3147 1731 531·ωείη
3189 1690 3378 1746 repro-

123 1741 425 1800 claritate:
455 1749 659 1818 quique
687 1754 1026 1821 promittenti
1068 1757 1146 1828 (7)
1187 1759 1418 1816 ﬁdeliter
1451 1762 1700 1829 credens,
1734 1745 1776 1800 Β
1805 1758 2065 1814 missione
2098 1761 2265 1816 etiam
2299 1761 2393 1818 Dei
2440 1778 2549 1819 non
2587 1765 2860 1821 haesitavit
2907 1766 3200 1824 dilﬁdentia
3221 1807 3237 1834 ,
3279 1769 3376 1824 sed

123 1852 144 1883 ε
171 1850 303 1900 non,
329 1837 525 1908 inquit,
565 1842 872 1901 inﬁrmatus
899 1855 984 1902 est
1011 1847 1164 1909 ﬁde.»
1191 1849 1346 1918 Quod
1377 1853 1532 1921 dicit,
1560 1873 1700 1913 «non

121 1925 430 1984 inﬁrmatus
466 1941 552 1987 est
603 1933 730 1999 ﬁde,
756 1955 775 1988 ι
824 1941 1115 1994 ostendere
1162 1943 1295 1997 mihi
1326 1945 1541 2001 videtur
1578 1963 1701 2006 esse

117 2017 414 2084 quamdam
453 2020 829 2080 inﬁrmitatem
868 2027 924 2082 in
961 2029 1086 2084 ﬁde.
1133 2031 1289 2099 Quod
1337 2035 1383 2089 si
1429 2047 1513 2091 est
1549 2039 1700 2095 infir-

123 2109 306 2172 mitas,
342 2121 429 2166 est
454 2115 769 2173 sine‘dubio
813 2129 864 2174 et
907 2123 1152 2190 sanitas,
1207 2127 1350 2182 sicut
1386 2139 1441 2184 et
1479 2131 1534 2186 in
1579 2131 1700 2189 aliis

119 2205 381 2270 ostendit,
417 2221 540 2262 cum
565 2211 698 2266 dicit
725 2234 738 2267 :
772 2235 790 2264 ι
818 2212 1044 2286 lucrepa
1087 2217 1210 2275 illos
1236 2222 1464 2289 acriter,
1494 2233 1556 2280 ut
1578 2229 1696 2284 sani

121 2294 228 2346 sint
261 2295 313 2350 in
350 2296 457 2353 ﬁde
485 2299 552 2353 “.
578 2319 598 2352 ι
629 2301 826 2359 Beatus
855 2320 989 2375 ergo
1015 2318 1101 2364 est
1134 2311 1225 2379 qui
1250 2328 1355 2368 non
1390 2315 1700 2373 inﬁrmatur

126 2383 178 2438 in
203 2385 328 2439 lide.
369 2386 427 2441 Si
456 2404 584 2446 vero
606 2393 728 2461 quis
756 2395 1084 2460 inﬁrmetur.
1125 2415 1314 2457 curam
1341 2405 1462 2474 ejus
1489 2408 1699 2465 descri-

120 2473 198 2528 bit
239 2477 530 2546 Apostolus
581 2497 705 2539 cum
736 2487 908 2543 dicit:
939 2507 958 2541 t
1001 2473 1381 2551 lnﬁrmantem
1413 2509 1592 2555 autem
1636 2502 1693 2558 in

123 2567 224 2621 ﬁde
258 2571 548 2638 assumite,
574 2589 682 2630 non
708 2576 762 2630 in
781 2579 1266 2651 disceptationibus
1281 2589 1691 2660 cogitationum.

124 2658 254 2713 Nam
311 2661 457 2718 alius
501 2666 671 2722 credit
715 2671 1047 2729 manducare
1099 2678 1318 2746 omnia;
1354 2658 1464 2751 ‘qui
1508 2695 1692 2740 autem

124 2751 373 2809 inﬁrmus
411 2766 527 2823 est,
562 2758 710 2815 olera
745 2765 1036 2821 manducet
1058 2767 1127 2822 ⁷⁸.
1147 2787 1169 2821 ι
1197 2769 1303 2826 Per
1331 2775 1477 2843 quod
1510 2776 1694 2848 utique

124 2844 391 2915 designat,
426 2849 577 2905 verbi
608 2851 757 2908 olera
780 2857 1072 2925 praebenda
1094 2875 1217 2916 esse
1243 2863 1294 2918 ei
1326 2866 1416 2932 qui
1449 2844 1694 2923 inﬁrma-

128 2946 208 2988 tur
239 2938 288 2990 in
319 2938 450 3005 ﬁde,
472 2957 538 2996 ne
572 2943 728 3012 plena
770 2946 896 3002 ﬁdei
938 2950 1185 3008 doctrina
1223 2959 1611 3015 cunctantibus
1637 2962 1724 3016 in.

124 3045 183 3082 ea
224 3041 277 3084 et
315 3035 724 3102 quodammodo
772 3045 1165 3110 :ngrotantibus
1195 3047 1495 3117 ingeratur.
1544 3053 1687 3108 Sana

125 3126 292 3173 autem
324 3121 465 3178 ﬁdes
513 3125 721 3180 dicitur
759 3143 881 3198 quae
919 3131 1155 3200 perfecta
1194 3147 1300 3202 est,
1346 3148 1404 3194 et
1433 3141 1521 3195 cui
1554 3143 1688 3199 nihil

126 3210 267 3264 deest
301 3231 316 3268 :
349 3222 408 3268 et
448 3213 563 3283 ipsa
585 3224 672 3270 est
693 3232 811 3287 qua:
836 3221 1010 3276 credit
1037 3229 1371 3284 manducare
1396 3234 1602 3300 omnia,
1634 3235 1688 3290 id

124 3313 223 3363 est,
262 3318 382 3372 qua:
432 3321 634 3376 capere
671 3317 850 3377 potest
892 3316 1072 3369 omnia
1105 3332 1308 3386 :qnam
1353 3322 1444 3392 qui
1490 3323 1686 3392 habet,

122 3395 372 3460 spiritalis
415 3399 737 3467 appellatur,
774 3411 830 3457 et
856 3405 1124 3473 dijudicat
1155 3414 1338 3466 omnia
1395 3415 1464 3480 ",
1518 3425 1576 3472 et
1629 3418 1684 3474 in

125 3485 262 3540 nullo
285 3502 538 3547 sermone
575 3496 944 3552 scandalizari
980 3510 1178 3567 potest.
1224 3503 1378 3561 Unde
1403 3507 1688 3566 evidenter

121 3591 328 3646 apparet
354 3597 479 3638 esse
493 3599 780 3657 augmenta
802 3591 1053 3659 quaedam
1086 3603 1142 3648 et
1171 3595 1446 3665 profectus
1477 3599 1530 3655 in
1556 3601 1684 3668 ﬁde,

119 3679 173 3721 et
229 3671 442 3742 aliquos
489 3677 690 3734 habere
749 3693 958 3750 partem
1013 3684 1135 3739 ﬁdei
1185 3689 1438 3758 exiguam
1471 3729 1488 3754 ,
1547 3693 1686 3749 alios

122 3775 390 3831 magnam,
420 3767 558 3824 alios
584 3783 713 3825 vero
745 3773 944 3828 habere
976 3790 1194 3831 onmem
1223 3779 1404 3834 ﬁdem.
1445 3780 1600 3838 Unde
1628 3793 1684 3838 et

121 3852 402 3924 Apostolus
433 3860 650 3917 dicebat
684 3878 700 3917 :
738 3881 758 3916 ς
780 3863 836 3920 Si
872 3865 1103 3922 habeam
1140 3883 1355 3925 omnem
1392 3872 1570 3938 ﬁdem,
1607 3875 1682 3930 ita

124 3956 176 3998 ut
221 3961 434 4006 montes
478 3957 804 4013 transferam
852 3959 922 4013 ".
951 3979 970 4013 ο
1016 3959 1124 4015 Sed
1169 3971 1224 4018 et
1278 3963 1332 4017 in
1375 3965 1683 4038 Evangeliis

123 4041 356 4113 discipuli
391 4046 574 4103 dicunt
597 4050 664 4104 ad
695 4050 1006 4120 Dominum,
1033 4055 1186 4122 quasi
1214 4055 1410 4124 quibus
1440 4058 1679 4114 nondum

120 4130 260 4198 plena
289 4137 492 4194 inesset
516 4139 652 4196 ﬁdes
678 4157 692 4194 :
734 4161 754 4194 α
787 4144 938 4214 Auge
965 4146 1124 4202 nobis
1148 4146 1308 4202 ﬁdem
1342 4149 1409 4203 ⁷³.
1433 4168 1452 4203 ι
1486 4149 1681 4206 Consi-

121 4226 238 4279 dera
291 4244 444 4295 sane,
479 4232 524 4286 si
562 4236 858 4289 secuudum
897 4251 962 4291 ea
1003 4253 1124 4307 quae
1161 4239 1240 4311 de_
1265 4239 1372 4295 ﬁde
1419 4242 1677 4310 dicimus,

115 4316 271 4372 etiam
311 4323 380 4378 de
422 4323 712 4380 charitatis
755 4330 1062 4396 augmentis
1099 4331 1354 4387 similiter
1402 4335 1678 4403 possimus

1801 1848 2138 1908 confortatus
2163 1862 2247 1908 est
2277 1853 2386 1909 ﬁde
2410 1854 2457 1885 ⁷⁸
2478 1892 2495 1910 .
2526 1873 2547 1907 ι
2585 1854 2861 1923 Quantum
2894 1859 3111 1928 quidem
3140 1860 3208 1914 ad
3245 1859 3376 1914 sim-

1801 1939 1998 2010 plicem
2048 1943 2286 2013 pertinet
2342 1947 2724 2016 intellectum,
2789 1950 3095 2007 evidentem
3149 1952 3374 2022 protulit

1803 2035 2092 2102 rationem,
2123 2039 2268 2108 quod
2307 2039 2582 2096 Abraham
2617 2055 2740 2096 cum
2789 2044 3005 2099 audiret
3034 2043 3136 2100 sibi
3179 2060 3209 2099 a
3259 2045 3370 2098 Deo

1801 2122 2040 2178 sobolem
2094 2129 2445 2199 repromitti,
2512 2147 2621 2187 non
2682 2134 2922 2204 respexit
2968 2135 3037 2189 ad
3096 2145 3373 2190 emortuas

1799 2217 2096 2272 centenarii
2119 2222 2367 2290 corporis
2388 2222 2559 2290 vires,
2590 2225 2658 2281 de
2685 2240 2793 2296 quo
2818 2227 3006 2296 utique
3031 2242 3372 2298 nequaquam

1799 2310 2008 2378 sperari
2042 2321 2258 2382 poterat
2285 2313 2394 2369 ulla
2428 2318 2748 2374 successio:
2786 2323 2880 2375 sed
2903 2324 3202 2391 potentiam
3244 2341 3371 2396 pro-

1797 2401 2068 2459 mittentis
2098 2405 2353 2471 intuitus,
2387 2407 2522 2462 nihil
2551 2409 2765 2466 diﬁicile
2793 2427 2918 2468 esse
2945 2414 3178 2471 credidit
3207 2416 3260 2471 in
3283 2417 3370 2474 his

1797 2510 1920 2566 quae
1977 2501 2334 2567 promittebat
2363 2500 2896 2574 Omnipotensmed
2949 2507 3121 2574 dedit,
3171 2509 3367 2582 inquit,

1802 2607 1822 2641 ι
1847 2589 2074 2661 gloriam
2102 2593 2213 2649 Deo
2241 2594 2313 2659 ",
2344 2612 2365 2648 θ
2423 2595 2727 2666 intelligens
2755 2597 2920 2654 solius
2951 2599 3045 2656 Dei
3077 2616 3205 2658 esse
3246 2620 3368 2659 mu-

1797 2697 1920 2747 nus,
1973 2684 2066 2739 ubi
2093 2687 2349 2742 humana:
2410 2686 2764 2746 fecunditatis
2807 2691 2936 2762 jura
2991 2705 3365 2750 cessaverant.

1795 2774 1987 2832 Merito
2014 2776 2178 2847 igitur
2209 2777 2356 2834 dedit
2380 2778 2609 2849 gloriam
2655 2781 2787 2846 Deo,
2822 2782 2914 2852 qui
2947 2794 3158 2839 natura:
3190 2785 3367 2844 fuerat

1794 2869 2042 2924 desertus
2071 2868 2308 2923 auxiliis.
2348 2867 2496 2936 Haec,
2520 2879 2580 2924 ut
2607 2870 2744 2936 dixi,
2771 2881 3034 2941 quantum
3063 2875 3131 2929 ad
3154 2876 3366 2946 simpli-

1792 2974 1910 3014 cem
1954 2959 2373 3031 intelligentiam
2404 2962 2660 3032 pertinet,
2693 2960 3021 3018 sufﬁcienter
3044 2964 3186 3021 dicta
3215 2968 3365 3026 vide-

1717 3086 1765 3150 ϐ
1795 3048 2020 3108 buntur.
2068 3049 2130 3105 Si
2184 3067 2312 3108 vero
2379 3051 2503 3123 quis
2555 3050 2778 3122 objiciat
2824 3055 2981 3110 nobis
3026 3074 3042 3110 :
3085 3057 3364 3126 Quomodo

1793 3139 1996 3209 poterit
2042 3141 2318 3196 Abraham
2367 3142 2420 3196 in
2467 3142 2786 3198 centenario
2839 3158 3100 3200 annorum
3138 3163 3364 3203 numero

1790 3232 2003 3302 positus
2029 3234 2262 3288 emortui
2291 3234 2544 3304 corporis
2569 3233 2698 3301 dici,
2743 3235 2835 3305 qui
2859 3247 3210 3308 posteaquam
3240 3254 3362 3296 sus-

1790 3321 2025 3391 cepisset
2050 3321 2220 3390 lsaac,
2265 3332 2322 3380 et
2368 3323 2622 3380 defuncta
2668 3339 2812 3382 esset
2842 3326 3022 3394 Sara,
3070 3344 3190 3400 quae
3237 3347 3361 3387 eum

1789 3414 2154 3484 nonagenaria
2196 3425 2545 3486 conceperat,
2586 3427 2642 3472 et
2669 3418 2880 3474 vixerat
2934 3421 3093 3478 annis
3143 3429 3359 3478 centum

1785 3506 1980 3576 viginti
2013 3515 2244 3577 septem,
2289 3518 2474 3578 postea
2503 3511 2669 3565 etiam
2710 3526 2870 3581 quam
2921 3527 3192 3568 annorum
3220 3532 3358 3587 qua-

1785 3597 2037 3668 draginta
2077 3597 2262 3654 factus
2295 3599 2447 3656 lsaac
2476 3603 2690 3672 accepit
2722 3603 3024 3660 Rebeccam
3049 3646 3065 3672 ,
3104 3620 3230 3678 post
3255 3610 3358 3664 ista

1787 3690 1972 3745 omnia
2021 3689 2326 3745 scribitur:
2357 3691 2466 3746 «Et
2513 3707 2791 3764 apponens
2827 3696 3104 3755 Abraham
3150 3702 3358 3772 accepit

1786 3796 2012 3836 uxorem
2046 3781 2134 3836 cui
2180 3796 2376 3836 nomen
2428 3781 2670 3840 Cethura
2702 3802 2715 3838 :
2747 3797 2804 3841 et
2843 3789 3052 3858 peperit
3092 3792 3142 3846 ei
3188 3790 3350 3846 Zamv

1785 3888 1900 3927 ram
1925 3872 2024 3944 (9),
2047 3881 2103 3926 et
2133 3870 2348 3941 Jecsan,
2369 3882 2424 3928 et
2443 3874 2660 3941 Madan,
2683 3887 2740 3931 et
2758 3876 2993 3946 Madian,
3026 3889 3081 3934 et
3101 3880 3354 3948 Jesbocb,

1781 3974 1837 4019 et
1863 3964 1974 4019 Sue
1995 3964 2068 4018 ⁷⁸2
2099 3982 2118 4016 ι
2154 3964 2440 4031 Quomodo
2460 3982 2592 4036 ergo
2611 3969 2883 4026 videbitur
2901 3975 3134 4030 emortui
3163 3990 3356 4047 corpo-

1781 4054 1880 4122 ris,
1927 4057 2018 4127 qui
2075 4057 2248 4112 multo
2281 4059 2464 4112 senior
2515 4059 2741 4117 elfectus
2767 4079 2930 4132 quam
2959 4073 3089 4122 tunc
3126 4078 3264 4136 erat,
3299 4081 3356 4125 et

1781 4162 2005 4201 uxorem
2044 4147 2315 4217 accipere,
2368 4161 2426 4204 et
2470 4165 2564 4205 sex
2598 4151 2800 4210 liberos
2844 4156 2961 4227 (10)
3012 4161 3190 4228 potuit
3235 4175 3354 4236 pro-

1779 4238 2016 4292 creare?
2079 4238 2225 4305 Quas
2278 4240 2620 4311 objectiones
2660 4253 2721 4299 ut
2771 4245 3034 4304 decenter
3080 4252 3356 4330 possimus

1780 4327 2105 4396 excludere,
2177 4331 2595 4400 expositionem'
2639 4337 2873 4391 emortui
2942 4341 3191 4409 corporis
3258 4327 3354 4396 illo

121 4406 424 4481 intelligere,
458 4415 532 4472 ita
574 4426 633 4472 ut
660 4417 905 4474 dicamus
932 4429 988 4474 et
1015 4421 1084 4476 de
1106 4424 1392 4490 charitate,
1412 4428 1554 4482 sicut
1586 4427 1677 4482 ille
1707 4429 1752 4484 D
1784 4419 2178 4485 transierimus.
2216 4432 2274 4476 ιιι
2301 4421 2548 4479 dicamus
2577 4424 2854 4481 Abraham
2883 4443 2990 4484 non
3036 4431 3353 4488 inﬁrmitate

119 4499 263 4569 dixit,
297 4508 394 4560 «Si
427 4508 658 4566 habeam
689 4528 906 4569 omnem
941 4515 1128 4581 ﬁdem,
1152 4536 1171 4568 ι
1207 4515 1263 4572 Si
1294 4518 1518 4574 habeam
1555 4534 1673 4574 om-

124 4597 619 4655 uemcharitatem:
654 4614 711 4657 et
749 4605 896 4660 illum
935 4607 1137 4662 habere
1176 4624 1391 4664 omnem
1434 4611 1674 4665 charita—

122 4690 239 4748 tem,
271 4691 360 4757 qui
394 4695 575 4748 omnia
604 4695 690 4750 illa
720 4697 969 4754 habuerit
994 4717 1112 4768 quze
1143 4703 1358 4770 propria
1386 4703 1672 4759 charitatis

121 4771 264 4848 532
315 4795 476 4852 sunt,
537 4787 680 4842 sicut
727 4791 859 4846 dicit
907 4793 1196 4864 Apostolus
1238 4794 1283 4826 7‘
1320 4816 1332 4849 :
1365 4813 1384 4846 ι
1413 4795 1668 4852 Charitas

123 4872 313 4930 patiens
342 4885 445 4943 est,
472 4877 702 4948 benigna
729 4891 843 4945 est,
880 4899 984 4937 non
1032 4882 1269 4950 inﬂatur,
1305 4900 1413 4939 non
1446 4887 1669 4940 aemula-

121 4967 218 5024 tur,
265 4980 368 5020 nun
407 4970 692 5027 ambitiosa
744 4984 847 5038 est,
905 4992 1009 5030 non
1042 4991 1324 5046 perperam
1367 4979 1510 5048 agit,
1561 4995 1670 5034 non

176 5075 217 5156 ξτ
247 5077 395 5135 Rom.
422 5084 651 5156 ινε-Ξίμ
697 5087 744 5118 ⁸⁸
777 5087 794 5142 l
825 5090 953 5145 Cor.
978 5093 1190 5156 xttl,l5.

1778 4511 1954 4567 aetatis
2015 4521 2372 4579 emortuum,
2422 4515 2516 4573 sed
2562 4519 2858 4572 secundum
2901 4519 3048 4574 illaut
3090 4521 3350 4578 virtutem

1778 4617 1940 4672 quam
1971 4605 2143 4660 sancti
2186 4605 2240 4659 in
2271 4607 2583 4677 semetipsis
2613 4609 2790 4678 primo
2831 4611 3120 4682 implentes
3139 4655 3155 4678 ,
3184 4615 3348 4671 etiam

1775 4704 2006 4750 caeteros
2055 4695 2257 4752 habere
2307 4707 2558 4765 monent,
2607 4710 2662 4754 et
2713 4703 2944 4759 dicunt:
2979 4703 3348 4765 «Mortiﬁcate

1775 4790 2019 4844 membra
2047 4797 2226 4846 vestra
2257 4805 2380 4861 qua
2407 4801 2537 4846 sunt
2560 4809 2723 4864 super
2750 4806 2952 4852 terram
2976 4797 3045 4852 ’⁸.
3073 4817 3093 4852 ο
3129 4799 3266 4855 Nam
3290 4812 3345 4856 et

1773 4882 2064 4937 absurdum
2091 4894 2223 4952 puto
2269 4885 2314 4940 si
2363 4883 2465 4940 hoc
2496 4886 2695 4941 bonum
2723 4891 2865 4957 quod
2916 4891 2970 4944 in
3022 4907 3084 4946 se
3140 4891 3344 4949 Paulus

1776 4977 1966 5034 habuit
1995 4979 2210 5048 (neque
2242 4978 2386 5032 enim
2421 4975 2544 5033 aliis
2587 4979 2880 5048 imperaret
2916 4985 3060 5053 quod
3088 4985 3200 5056 ipse
3231 5003 3338 5040 non

1265 5093 1311 5125 ⁶⁹
1350 5093 1458 5169 'I_'it_.
1488 5112 1529 5163 ι,
1559 5095 1646 5149 l5.
1721 5095 1768 5169 ’ζο
1793 5096 1952 5169 Rom.
1984 5097 2172 5169 xit/,1,
2199 5094 2302 5169 2,-Δ
2330 5093 2376 5124 ⁷³
2405 5091 2772 5169 _l_Qot'_.tt,_15.
2809 5167 2814 5169 _
2845 5099 2896 5169 "ﬁ
2922 5098 2938 5152 Ι
2966 5102 3092 5156 Cor.
3128 5121 3247 5169 xm,
3277 5107 3335 5164 2.

183 5140 540 5250 Ιὲιξςίιξξιι..
587 5155 662 5250 κ⁷⁸
684 5161 700 5211 l
723 5140 864 5214 (Sor:
878 5140 1096 5229 £11.11:
1108 5140 1188 5228 ‘5',
1215 5162 1270 5218 7.
1341 5140 1686 5233 τῖῇδῖιιίῖἶῖ,
1717 5167 1774 5223 9.
1793 5140 2331 5233 ’“ἵί’ἷι›’ῐιίζίἐῑ,’ὲο.
2405 5140 2449 5194 ἦ
2795 5167 2842 5250 7⁸
2870 5140 3250 5245 (ἰδεῖνὲὶῦϊῖξ

121 5211 160 5242 τ’
205 5217 398 5276 Coluss.
450 5239 534 5289 Ill,
584 5225 638 5279 5.

183 5327 252 5414 lli)
295 5332 458 5414 Alias,
511 5354 532 5388 i
563 5337 618 5392 in
649 5352 747 5409 spe
775 5338 1110 5404 creduntur;
1142 5355 1163 5390 ι
1219 5337 1320 5406 aL,
1371 5359 1391 5393 ‹
1421 5341 1476 5398 in
1506 5358 1656 5414 spem

125 5408 170 5444 [τ
203 5416 213 5446 t

483 5494 504 5528 ι
533 5478 730 5546 cuique
759 5478 1124 5547 promittenti,
1160 5501 1180 5533 ι
1217 5481 1376 5536 male.

181 5537 346 5623 l8)‘lta.
371 5537 441 5598 δι’
467 5549 531 5623 de
568 5537 828 5623 (Ιιξινίιᾴζε
859 5550 982 5623 dici
1008 5537 1172 5617 potest
1191 5592 1207 5615 ,
1247 5554 1372 5619 quia
1414 5563 1659 5623 reputata

124 5609 427 5694 accitarum
455 5620 502 5669 ei
528 5619 597 5670 ad
629 5618 908 5675 iustitiam.
941 5609 1066 5676 llaec
1106 5609 1487 5680 desiderantur
1516 5626 1657 5694 apud

122 5669 522 5740 Genebrardttut.

1834 5345 2089 5417 (9)A_Mss.
2135 5348 2303 5402 nostri
2341 5361 2394 5404 et
2422 5348 2681 5408 Rabanus
2716 5353 2956 5417 habent,
3002 5371 3022 5405 ε
3053 5354 3329 5416 Jembrant

1764 5413 2232 5498 [al.,"Memb-ran_t.
2266 5418 2285 5489 ]
2318 5430 2374 5474 et.
2415 5418 2600 5498 Zexan
2623 5466 2638 5488 ,
2713 5433 2768 5498 et
2798 5413 3010 5498 Madet},
3039 5425 3172 5498 [al.,
3217 5413 3330 5484 Me;-

1761 5485 1940 5569 i‘iaml»
1980 5497 2038 5569 et
2093 5485 2348 5569 gladia—tt,-
2393 5485 2661 5569 etAJeso’c
2725 5493 2880 5566 [al.,
2955 5485 3172 5564 Jeroclt,
3230 5502 3330 5569 aL,

1759 5555 2745 5640 ειεξιρρςὶριεοεμριης-ὃυθ.).-.⁵
2863 5555 2876 5562 ⁷
2979 5633 3002 5640 _.

1834 5626 2102 5697 (.10),Μεε.
2133 5630 2323 5696 nostri,
2353 5630 2464 5698 alii,
2505 5649 2631 5688 «sex.
2661 5634 2914 5702 liberos,»
2942 5633 3054 5704 alii,
3090 5653 3328 5710 (septem

1765 5697 1982 5754 liberos.
2015 5717 2034 5751 ι
