3684 6148
225 227 430 296 ’πε

1769 193 2099 283 υιιιυεθιις

3475 221 3572 275 “Si

325 354 574 424 fecerat),
597 353 666 418 si,
693 348 1054 421 inquam,hoc
1076 349 1275 404 bonum
1299 348 1440 418 quod
1464 346 1662 401 Paulus
1683 345 1888 408 habuit,
1921 351 1968 406 Α
1997 345 2070 398 ita
2094 344 2308 399 demum
2341 341 2600 412 parturiat
2629 341 2766 397 ﬁlios
2799 342 3084 402 castitatis,
3114 351 3260 394 srcut
3287 347 3342 392 et
3384 342 3573 395 ntalier

326 449 603 503 Abraham
651 456 856 499 tantum
904 442 1293 512 patriarcham,
1345 455 1506 509 quem
1542 440 1702 493 etiam
1729 453 1891 492 suunt

324 549 529 609 patrem
564 535 698 589 dicit
722 532 1012 603 Apostolus
1041 530 1107 596 ⁸⁸,
1154 545 1259 583 non
1287 528 1575 585 credamus
1614 529 1888 587 habuisse.

324 635 450 688 Fuit
478 646 608 702 ergo
639 630 802 684 etiam
849 629 901 683 in
943 628 1033 682 illo
1063 627 1409 684 mortificatio
1463 629 1562 683 ista
1617 627 1890 682 membro-

327 741 444 780 rum
479 742 492 778 :
525 739 631 777 non
671 721 1000 775 incitabatur
1033 719 1275 783 luxuria,
1325 735 1430 774 non
1477 720 1737 774 urebatur
1763 718 1889 791 libi-

325 817 474 881 dine,
508 813 652 868 sicut
676 813 749 867 illi
786 814 850 866 de
871 812 1068 880 quibus
1108 811 1402 881 Apostolus
1445 812 1578 865 dicit
1609 833 1621 866 :
1660 830 1678 861 ι
1701 809 1890 865 Melius

321 916 405 961 est
429 908 650 967 nubere,
680 919 838 973 qnam
874 905 956 957 uri
981 903 1078 956 “.r
1112 903 1226 958 Hoc
1255 904 1394 957 idem
1424 913 1540 956 erat
1561 912 1614 956 et
1643 903 1694 955 in
1732 902 1888 966 Sara,

325 999 448 1067 quia
479 995 795 1052 defecerant
831 993 981 1048 Sara:
1014 995 1129 1049 fieri
1161 995 1446 1050 muliebria
1478 996 1546 1047 δ’.
1597 993 1713 1048 Νοη
1743 996 1886 1049 enim

322 1102 442 1145 erat
488 1090 541 1146 in
585 1091 672 1144 illa
728 1089 952 1145 lascivia
992 1089 1310 1155 muliebris,
1354 1099 1448 1144 aut
1481 1088 1888 1144 incontinentiae

322 1182 627 1248 dissolutio,
661 1196 839 1250 neque
871 1181 923 1234 in
961 1197 1116 1234 usum
1143 1181 1382 1235 libidinis
1413 1179 1890 1250 praecipitabantur

320 1273 477 1328 inviti
516 1291 529 1326 :
555 1272 647 1328 sed
675 1272 763 1325 ubi
796 1272 1022 1324 audiunt
1052 1278 1253 1323 tantam
1280 1270 1614 1340 posteritatis
1635 1285 1808 1339 spem,
1835 1278 1890 1322 et

317 1366 519 1422 sobolis
551 1381 662 1421 suae
682 1365 909 1434 gloriam
939 1363 1080 1418 coelo
1104 1372 1159 1418 et
1183 1363 1452 1418 sideribus
1471 1364 1887 1432 exaequandam,

318 1458 409 1512 ubi
450 1458 567 1511 haec
615 1459 867 1524 audiunt,
909 1474 1017 1513 non
1065 1456 1336 1526 aspiciunt
1367 1456 1434 1511 ad
1469 1455 1685 1526 propria
1720 1456 1886 1521 bona,

318 1550 384 1602 ad
423 1550 770 1605 continentia:
797 1553 1051 1620 gratiam,
1094 1551 1160 1606 ad
1190 1548 1887 1604 membrorum'mortifica-

319 1641 544 1706 tionem,
593 1643 687 1696 sed
713 1642 826 1696 hare
863 1644 1044 1696 omnia
1093 1657 1214 1711 quas
1261 1641 1362 1695 sibi
1399 1640 1550 1700 lucra
1593 1639 1881 1706 ducebant,

315 1730 648 1785 arbitrantur
675 1730 1029 1797 detrimenta,
1059 1740 1119 1784 ut
1144 1731 1421 1786 Christum
1450 1730 1794 1786 lucrifaciant
1813 1729 1880 1784 ⁸⁸.

315 1820 424 1875 Sed
486 1820 736 1876 fortassis
791 1835 1005 1876 errasse
1061 1834 1146 1874 me
1182 1820 1386 1882 credis,
1445 1822 1587 1889 quod
1647 1835 1770 1874 cum
1820 1820 1886 1874 de

315 1912 638 1982 posteritate
668 1913 942 1966 Abraham
983 1923 1038 1967 et
1066 1913 1276 1967 semine
1309 1912 1425 1979 ejus
1467 1913 1650 1966 dicere
1683 1911 1886 1966 debue-

318 2005 439 2068 rim,
479 2003 546 2057 de
577 2003 802 2058 Christo
828 2004 1058 2058 dixerim
1097 2003 1233 2074 (11).
1295 2003 1411 2058 Νοη
1465 2017 1736 2068 erramus,
1792 2003 1886 2058 sed

315 2113 438 2150 cum
465 2095 731 2165 Apostolo
779 2097 1070 2164 loquimur.
1104 2095 1222 2166 Ipse
1256 2096 1403 2150 enim
1438 2096 1552 2150 haec
1577 2096 1641 2151 de
1667 2095 1885 2151 Christo

314 2186 460 2241 dicta
485 2201 606 2242 esse
630 2187 1028 2256 interpretatur
1055 2203 1180 2244 cum
1208 2189 1341 2243 dicit
1370 2205 1384 2240 :
1417 2207 1434 2240 ι
1462 2188 1734 2256 Scriptum
1763 2199 1882 2242 est:

312 2280 433 2334 'fibi
469 2280 610 2334 dabo
640 2289 841 2336 terram
871 2282 1042 2347 hanc,
1073 2291 1126 2335 et
1156 2283 1351 2337 semini
1391 2291 1504 2336 tuo.
1549 2282 1663 2335 Non
1704 2281 1882 2335 dixit:

312 2373 381 2428 Et
405 2373 725 2439 seminibus,
758 2382 1016 2442 tanquam
1044 2375 1098 2428 in
1131 2375 1312 2430 multis
1347 2393 1366 2428 ε
1389 2375 1506 2439 sed,
1530 2373 1736 2429 Semini
1770 2383 1880 2439 tuo,

313 2477 567 2535 tanquam
597 2466 647 2521 itt
681 2482 807 2528 uno,
854 2466 947 2536 qui
986 2476 1070 2522 est
1100 2467 1354 2523 Christus
1379 2467 1447 2521 ⁸⁸.
1471 2486 1490 2520 ι
1531 2465 1697 2522 Vides
1744 2481 1877 2538 ergo

308 2558 584 2627 quomodo
623 2573 721 2612 nos
765 2557 1060 2627 Apostolus
1092 2559 1252 2614 docet
1289 2561 1372 2614 sic
1405 2559 1697 2614 Dominum
1728 2561 1882 2616 Iocu-

313 2659 425 2701 tum
457 2663 577 2703 esse
607 2650 675 2702 ad
712 2650 1024 2714 Abraham,
1062 2659 1120 2704 ut
1147 2650 1198 2703 in
1231 2651 1438 2704 semine
1475 2665 1573 2705 suo
1602 2651 1878 2706 Christum

314 2740 642 2810 intelligeret
676 2740 790 2811 (i2)
819 2743 1015 2797 debere
1045 2742 1232 2796 sentiri
1253 2761 1266 2796 :
1284 2751 1338 2796 et
1361 2742 1431 2797 ob
1460 2741 1562 2797 hoc
1580 2753 1710 2812 puto
1737 2745 1882 2812 quod

313 2832 572 2899 adjecerit
627 2833 961 2903 Apostolus,
1020 2842 1076 2888 et
1136 2834 1376 2889 dixerit:
1413 2835 1600 2892 «Datis
1649 2837 1880 2906 gloriam

309 2922 421 2976 Deo
449 2923 517 2975 ⁸⁵.
538 2941 557 2974 r
593 2922 707 2977 Non
733 2925 877 2977 enim
905 2930 1109 2978 tantum
1149 2930 1337 2996 gloriae
1361 2926 1637 2981 Abraham
1673 2928 1882 2995 potuis-

1997 437 2190 505 de,qua
2217 435 2348 490 dicit
2374 435 2664 503 Apostolus
2699 453 2714 489 :
2755 455 2773 487 ι
2814 434 2972 489 Salva
3000 443 3186 515 autem
3227 432 3339 486 erit
3381 446 3482 500 per
3517 436 3571 483 ti-

1994 527 2188 582 liorum
2217 528 2643 597 generationem,
2689 527 2732 582 si
2766 525 3127 596 permanserit
3160 525 3213 578 in
3263 524 3370 577 [ide
3403 533 3462 577 et
3484 539 3571 577 ca-

1991 620 2176 672 stitate
2205 619 2271 672 9°.
2312 638 2330 670 ι
2369 616 2520 672 Unde
2549 619 2710 671 etiam
2734 632 2832 686 pro
2872 617 2957 672 bis
2986 616 3389 671 convenienter
3423 616 3569 668 addi-

1992 720 2103 765 tum
2149 721 2279 779 puto
2314 729 2329 766 :
2361 730 2379 762 ι
2416 709 2481 764 Et
2523 721 2826 780 reputatqu
2865 720 2950 764 est
2993 711 3043 764 ei
3093 710 3166 789 ad
3206 708 3510 777 justitiam.
3544 727 3565 758 ι

1993 803 2273 869 Quomodo
2303 804 2449 857 enim
2478 819 2585 856 non
2613 804 2681 856 ad
2703 803 2970 872 justitiam
3002 811 3359 870 reputaretur
3391 800 3567 866 ei,qui

1992 911 2101 950 non
2149 896 2324 950 solum
2373 897 2426 948 itt
2476 896 2614 960 fide,
2646 897 2740 949 sed
2776 903 2830 948 et
2881 894 2932 947 in
2973 895 3230 948 omnibus
3278 892 3570 944 virtutibus

1989 987 2377 1058 perfectionem
2411 987 2625 1041 tenebat
2655 986 2679 1039 i

2063 1079 2116 1133 7.
2142 1097 2160 1129 ι
2182 1079 2295 1132 Non
2313 1089 2397 1133 est
2418 1089 2592 1131 autem
2613 1078 2874 1147 scriptum
2889 1087 3106 1146 propter
3124 1078 3309 1146 ipsum
3334 1085 3570 1138 tantum,

1990 1173 2118 1242 quia
2156 1181 2462 1241 reputatum
2495 1181 2580 1224 est
2609 1170 2656 1223 ei
2687 1171 2752 1224 ad
2786 1168 3078 1236 justitiam,
3106 1170 3202 1224 sed
3247 1178 3309 1222 et
3348 1178 3572 1237 propter

1990 1280 2111 1327 nos,
2143 1265 2340 1334 quibus
2379 1264 2718 1332 reputabitur
2755 1262 3100 1317 credentibus
3121 1261 3177 1315 in
3202 1274 3334 1313 eum
3364 1261 3464 1329 qui
3489 1275 3570 1313 su-

1988 1359 2206 1413 scitavit
2231 1357 2415 1413 Jesutn
2447 1357 2718 1412 Christum
2744 1355 3029 1410 Dominum
3063 1365 3314 1408 nostrum
3341 1369 3373 1407 a
3426 1367 3570 1406 mor-

1991 1453 2116 1517 tuis,
2149 1453 2237 1519 qui
2269 1451 2500 1506 traditus
2546 1460 2632 1504 est
2665 1460 2886 1520 propter
2913 1448 3109 1502 delicta
3144 1458 3357 1509 nostra,
3389 1457 3450 1499 et
3487 1461 3569 1498 re-

1987 1545 2222 1596 surrexit
2245 1553 2464 1611 propter
2488 1541 2927 1610 justilicationem
2951 1547 3188 1594 nostram
3213 1539 3284 1590 ⁹¹.
3315 1557 3336 1590 ι
3371 1538 3494 1592 Hoc
3515 1539 3568 1592 in

1991 1633 2112 1688 loco
2142 1635 2283 1702 quod
2315 1634 2467 1701 dicit,
2495 1651 2514 1684 ι
2549 1632 2664 1686 Νοη
2693 1642 2911 1702 pr0pter
2944 1633 3116 1702 ipsum
3151 1641 3390 1695 tantum,
3434 1650 3456 1683 ι
3485 1632 3570 1685 in-

1990 1725 2332 1794 telligendum
2365 1735 2451 1779 est
2475 1727 2539 1779 de
2561 1726 2706 1794 ipso;
2737 1735 2792 1780 et
2819 1725 3012 1779 iterum
3048 1726 3192 1793 quod
3218 1723 3381 1785 dicit,
3406 1742 3428 1774 ι
3461 1723 3570 1778 Sed

1985 1827 2040 1872 ct
2069 1827 2294 1886 pr0pter
2323 1832 2442 1881 nos,
2476 1835 2494 1868 ο
2546 1817 2648 1870 hoc
2673 1827 2756 1872 est
2801 1826 2856 1869 et
2887 1819 2954 1870 de
3001 1817 3174 1870 nobis.
3209 1815 3566 1871 Manifestum

1984 1922 2216 1977 namque
2263 1917 2347 1962 est
2423 1907 2554 1978 quia
2599 1911 2706 1968 hoc
2761 1911 2909 1982 quod
2997 1909 3220 1974 dicitur,
3259 1929 3279 1960 ι
3318 1909 3565 1963 Credidit

1981 2001 2259 2054 Abraham
2283 1999 2414 2064 Deo,
2438 2011 2493 2054 et
2519 2011 2826 2069 reputatum
2853 2010 2938 2056 est
2965 2000 3038 2055 illi
3061 2002 3130 2054 ad
3155 2000 3438 2069 justitiam
3461 2003 3564 2063 ”,»

1984 2110 2091 2147 non
2123 2103 2408 2162 propterea
2435 2092 2651 2164 Moyses
2675 2095 2901 2162 scripsit
2933 2104 2990 2148 ut
3016 2094 3295 2148 Abraham
3334 2099 3560 2164 legeret,

1983 2187 2075 2256 qui
2105 2188 2290 2256 utique
2318 2187 2446 2242 olim
2480 2187 2662 2242 fuerat
2690 2186 3000 2254 defuncuts,
3023 2188 3115 2242 sed
3146 2197 3208 2241 ut
3237 2201 3344 2241 nos
3382 2187 3564 2256 profe-

1983 2290 2129 2336 ctum
2163 2281 2286 2337 ﬁdei
2336 2296 2400 2336 ex
2456 2281 2763 2348 bujusmodi
2796 2281 3032 2337 lcetione
3064 2297 3392 2350 caperemus
3431 2284 3562 2351 (ili).

1984 2373 2345 2443 intelligentes
2367 2373 2493 2443 quia
2522 2382 2577 2426 et
2603 2371 2646 2426 si
2681 2385 2782 2426 nos
2817 2372 2897 2426 ita
2918 2371 3207 2426 credamus
3239 2371 3358 2426 Deo
3390 2385 3452 2427 ut
3481 2375 3566 2428 ille

1982 2467 2236 2531 credidit,
2261 2466 2424 2520 etiam
2452 2465 2612 2520 nobis
2635 2464 2977 2535 reputabitur
3002 2463 3134 2518 fides
3170 2465 3237 2518 ad
3281 2465 3562 2533 justitiam

1987 2577 2008 2609 ι
2057 2557 2401 2613 credentibus
2453 2558 2508 2611 in
2546 2571 2668 2612 eum
2708 2557 2799 2626 qui
2849 2555 3130 2610 suscitavit
3158 2555 3350 2611 Iesum
3397 2557 3561 2613 Chri—

1983 2661 2123 2704 stum
2188 2649 2472 2704 Dontiuum
2516 2661 2758 2705 nostrum
2797 2663 2828 2701 a
2862 2649 3112 2703 mortuis.
3152 2668 3172 2701 ι
3206 2646 3382 2702 Velim
3432 2665 3565 2705 sane

1982 2743 2258 2813 requirere
2282 2743 2412 2812 quid
2435 2751 2518 2796 est
2546 2743 2685 2811 quod
2709 2743 2760 2796 in
2792 2743 2895 2797 hoc
2916 2742 3031 2796 loco
3065 2742 3365 2810 Apostolus
3395 2742 3561 2797 Deum

1985 2836 2286 2901 nominans,
2312 2837 2396 2891 cui
2430 2835 2703 2891 credimus
2733 2835 2869 2903 (l'i’),
2905 2843 2961 2888 et
3007 2835 3093 2888 cui
3125 2835 3413 2888 Abraham
3449 2850 3562 2888 cre-

1981 2929 2135 2990 didit,
2167 2943 2276 2983 non
2309 2929 2468 2993 dixit,
2496 2947 2514 2981 ι
2555 2928 2906 2983 credentibus
2929 2928 3021 2982 tiu
3053 2927 3223 2980 Deum
3253 2927 3558 2992 excelsum,

309 3024 392 3069 set
432 3014 631 3070 offerre
661 3017 728 3070 de
758 3018 1039 3071 nativitate
1078 3018 1256 3082 Isaac,
1297 3029 1553 3087 quantam
1603 3019 1717 3090 (15)
1751 3021 1880 3075 dare
1907 3033 1948 3090 ε
1983 3021 2091 3088 vel,
2125 3039 2145 3073 σ
2185 3021 2532 3076 credentibus
2553 3019 2608 3074 in
2640 3037 2765 3075 eum
2795 3038 2815 3072 ι
2851 3022 2944 3091 qui
2974 3020 3107 3074 fecit
3129 3019 3335 3074 caelum
3366 3031 3424 3074 et
3456 3029 3562 3072 ter-

308 3108 482 3177 potuit
505 3107 734 3176 gloriam
773 3108 906 3173 Deo,
947 3109 990 3163 si
1038 3109 1305 3164 intellexit
1349 3111 1626 3166 Christum
1671 3113 1737 3167 de
1779 3128 1878 3168 suo

306 3210 554 3254 emortuo
608 3199 721 3270 jam
768 3209 822 3256 et
871 3202 1020 3256 vitiis
1053 3201 1316 3258 defaecato
1353 3221 1583 3273 corpore
1633 3208 1874 3264 nascitu-

309 3306 450 3352 rum.
478 3291 588 3347 Sed
620 3303 674 3369 et
705 3304 758 3347 tu
795 3295 839 3349 si
877 3295 1172 3352 mortifices
1214 3301 1453 3354 membra
1481 3309 1568 3354 tua
1598 3315 1718 3370 quae
1753 3312 1880 3356 sunt

305 3396 468 3452 super
499 3393 701 3438 terram
732 3385 800 3450 ⁸⁸,
833 3386 900 3450 si,
939 3388 1153 3456 abjecto
1179 3392 1327 3444 omni
1380 3392 1592 3447 fervore
1638 3392 1878 3448 libidinis

305 3465 613 3530 étttortttum
643 3492 829 3533 serves
853 3490 909 3533 et
940 3481 1108 3536 nullis
1140 3482 1436 3536 obnoxium
1471 3483 1620 3538 vitiis
1655 3499 1878 3554 corpus,

299 3572 455 3636 potes
511 3569 676 3622 etiam
734 3579 788 3623 tu
835 3571 1043 3626 fructus
1094 3589 1158 3628 ex
1208 3588 1273 3627 eo
1321 3576 1558 3644 optimos
1589 3593 1878 3647 generare,

302 3677 459 3733 potes
505 3675 769 3731 getterare
794 3661 970 3730 Isaac,
1003 3667 1144 3733 quod
1173 3678 1257 3722 est
1285 3669 1568 3740 gaudium;
1604 3679 1661 3724 et
1686 3671 1772 3724 hic
1797 3681 1880 3726 est

305 3751 516 3818 primus
578 3754 807 3821 spiritus
876 3754 1139 3811 fructus:
1187 3766 1366 3826 potest
1435 3773 1620 3814 semen
1691 3769 1874 3826 tuum,

304 3846 356 3898 id
411 3855 517 3912 est,
565 3861 730 3917 opera
768 3857 857 3902 tua
907 3848 1022 3918 (14)
1077 3851 1372 3905 ascendere
1425 3851 1492 3905 ad
1545 3851 1785 3918 celum,
1823 3861 1878 3906 et

302 3936 439 3992 effici
481 3953 645 4007 Opera
691 3940 866 4008 lucis,
904 3952 959 3995 et
999 3942 1280 3997 stellarum
1324 3942 1520 4014 fulgori
1575 3943 1878 4012 splendori-

303 4042 410 4096 que
456 4029 735 4098 conferri,
775 4040 836 4086 ut
888 4047 1009 4087 cum
1068 4034 1186 4088 dies
1224 4035 1646 4090 resurrectionis
1689 4037 1875 4090 adfue-

304 4120 397 4181 rit,
462 4129 717 4189 tauquam
758 4123 910 4178 stella
953 4141 984 4177 a
1024 4126 1179 4180 stella
1230 4125 1344 4199 (15)
1393 4128 1612 4183 differas
1664 4129 1719 4182 itt
1758 4130 1874 4184 cla-

305 4212 467 4264 ritate
513 4212 581 4266 ⁸⁷.
619 4213 866 4282 Amplius
915 4217 1092 4272 adhuc
1140 4218 1263 4298 dico
1299 4236 1316 4274 :
1356 4230 1509 4288 potes
1545 4221 1592 4275 si
1632 4230 1740 4276 tam
1777 4239 1876 4292 pu-

304 4317 396 4356 rus
420 4302 584 4374 533
607 4313 806 4369 mente,
842 4316 948 4361 tam
992 4319 1210 4364 sanctus
1239 4325 1492 4382 corpore,
1535 4322 1639 4367 tam
1675 4314 1873 4369 imma-

302 4393 517 4448 culatus
541 4395 753 4449 actibus
771 4395 962 4461 fueris,
1003 4398 1167 4452 etiam
1208 4399 1379 4468 ipsum
1410 4415 1670 4469 generare
1709 4402 1872 4457 Chri-

301 4493 464 4549 stum,
500 4489 794 4541 secundum
828 4489 976 4544 illum
1015 4492 1106 4560 qui
1137 4491 1352 4546 dicebat
1399 4511 1413 4546 :
1453 4512 1472 4545 ι
1514 4493 1690 4548 Filioli
1738 4495 1872 4560 mei,

300 4593 436 4645 quos
465 4581 659 4634 iterum
689 4585 959 4650 parturio,
1001 4587 1176 4640 donec
1226 4586 1492 4642 formetur
1521 4587 1772 4643 Christus
1816 4589 1869 4642 in

298 4669 452 4724 vobis
474 4670 542 4725 ⁸⁸.
576 4689 596 4724 ι
629 4673 696 4728 Et
723 4675 804 4728 sic
833 4675 946 4743 ipse
997 4677 1063 4730 de
1102 4692 1160 4732 se
1195 4677 1451 4732 Dominus
1488 4679 1618 4733 dicit
1657 4697 1670 4732 :
1716 4697 1737 4732 ι
1765 4680 1869 4746 Qui

299 4759 490 4814 fecerit
512 4763 844 4819 voluntatem
877 4765 1055 4821 Patris
1089 4769 1190 4820 mei
1235 4769 1326 4837 qui
1360 4769 1412 4822 in
1447 4770 1602 4825 caelis
1627 4778 1730 4835 est,
1757 4771 1871 4841 ipse

299 4865 453 4904 meus
481 4851 668 4914 frater,
695 4864 748 4907 et
781 4869 934 4909 soror
955 4895 968 4918 ,
1001 4864 1054 4909 et
1101 4867 1275 4911 mater
1297 4865 1381 4912 est
1408 4857 1475 4912 3’.
1521 4879 1539 4912 ι
1579 4861 1707 4927 Quae
1742 4875 1870 4929 ergo

295 4941 403 4995 erit
445 4953 616 4999 mater
643 4943 794 5010 lesu,
841 4947 942 5000 nisi
982 4949 1136 5018 cujus
1174 4949 1329 5003 vuiva
1377 4963 1622 5006 emortua
1654 4964 1735 5006 est
1765 4952 1786 5006 ?
1813 4963 1870 5006 ut

368 5063 415 5095 ⁸⁸
446 5064 602 5119 Rom.
627 5082 702 5132 tv,
746 5068 797 5120 1.

1982 3128 2118 3175 rant,
2145 3113 2227 3166 vel
2262 3131 2280 3163 ε
2327 3113 2378 3166 in
2414 3127 2538 3166 eum
2590 3131 2608 3164 ι
2648 3113 2738 3182 qui
2788 3113 2918 3168 fecit
2960 3111 3182 3182 angelos
3219 3121 3560 3181 ceterasque

1979 3201 2215 3258 caelestis
2259 3202 2445 3273 gloria:
2489 3203 2718 3258 virtutes
2745 3220 2760 3269 ;
2792 3201 2888 3258 sed
2915 3203 3035 3256 ait:
3082 3220 3102 3253 ι
3141 3203 3235 3272 qui
3272 3204 3562 3257 suscitavit

1980 3296 2266 3351 Dontinum
2288 3295 2470 3350 Jesum
2498 3311 2531 3350 a
2564 3296 2812 3351 mortuis.
2846 3315 2866 3348 ι
2891 3295 3005 3362 Qua
3033 3310 3161 3364 ergo
3195 3297 3265 3350 de
3295 3310 3464 3349 causa
3491 3296 3554 3348 ad

1979 3389 2443 3459 comparationem
2496 3388 2622 3445 ﬁdei
2668 3389 2900 3445 Abrahae
2945 3389 3132 3444 titulus
3167 3391 3269 3444 iste
3306 3405 3554 3444 resurre-

1981 3479 2180 3534 ctionis
2243 3479 2455 3533 Domini
2517 3482 2813 3535 assumitur
2879 3480 3246 3549 requiramus.
3299 3478 3557 3550 Nunquid

1978 3569 2256 3626 Abraham
2310 3571 2366 3624 in
2416 3585 2541 3625 eum
2574 3571 2882 3626 crediderat
2913 3573 3002 3640 qui
3047 3573 3336 3628 suscitavit
3369 3572 3554 3626 Domi-

1981 3678 2108 3716 num
2167 3661 2350 3718 Jesum
2391 3677 2421 3716 a
2469 3666 2733 3730 mortuis,
2773 3678 2894 3717 cum
2930 3661 3086 3718 Iesus
3133 3675 3261 3718 lunt:
3315 3670 3550 3718 nonduin

1979 3751 2171 3809 fuisset
2222 3754 2577 3810 resuscitatus
2612 3769 2642 3807 a
2678 3755 2905 3810 mortuis
2936 3756 2958 3808 ?
2991 3753 3160 3810 Velim
3193 3772 3327 3826 ergo
3371 3759 3551 3811 consio

1980 3845 2173 3902 derare
2196 3847 2325 3916 quid
2355 3847 2528 3901 visum
2553 3849 2624 3902 sit
2651 3847 2818 3902 Paulo
2851 3849 3185 3918 promittenti
3231 3849 3392 3905 nobis
3426 3852 3551 3919 quia

1981 3937 2122 3990 sicut
2147 3936 2383 3991 Abrahae
2416 3948 2662 4006 reputata
2708 3947 2793 3992 est
2839 3939 3081 3994 credenti
3121 3941 3257 3994 fides
3301 3942 3372 3994 ad
3396 3941 3549 4008 justi-

1979 4030 2132 4093 tiam,
2157 4028 2232 4082 ita
2273 4038 2326 4082 et
2370 4030 2524 4083 nobis
2561 4032 2900 4098 reputabitur
2943 4031 3293 4087 credentibus
3331 4034 3386 4086 in
3427 4049 3545 4088 eunt

1979 4121 2068 4189 qtti
2106 4120 2590 4178 suscitavitJesunt
2632 4124 2922 4179 Dominum
2954 4133 3197 4180 nostrum
3231 4142 3261 4178 a
3299 4127 3545 4179 mortuis.

1978 4212 2033 4266 In
2061 4228 2169 4282 quo
2191 4228 2292 4283 ego
2328 4229 2426 4284 pro
2455 4215 2724 4283 parvitate
2765 4230 2959 4270 sensus
2989 4217 3093 4270 mei
3135 4216 3270 4270 illud
3298 4218 3544 4284 adverto,

1977 4307 2120 4375 quod
2157 4307 2326 4360 multo
2351 4309 2422 4362 sit
2451 4309 2882 4376 magnificentius
2913 4309 2966 4362 in
2998 4309 3247 4362 laudibus
3270 4309 3364 4362 Dei
3401 4325 3545 4363 resu-

1979 4401 2204 4453 scitasse
2233 4397 2416 4454 Jesum
2441 4400 2725 4454 Dominum
2775 4412 3022 4455 nostrum
3053 4415 3082 4452 a
3111 4400 3363 4464 mortuis,
3389 4416 3543 4468 quant

1980 4489 2174 4545 fecisse
2203 4493 2401 4546 caalum
2432 4503 2486 4547 et
2527 4503 2749 4558 terram,
2777 4508 2994 4548 creasse
3021 4491 3262 4561 angelos,
3290 4500 3344 4544 et
3387 4492 3546 4545 cccle-

1977 4593 2092 4638 stes
2120 4583 2428 4639 condidisse
2458 4585 2706 4640 virtutes.
2740 4584 2874 4640 lllud
2908 4587 3053 4639 enim
3080 4584 3180 4637 fuit
3216 4583 3400 4638 facere
3432 4597 3545 4652 quae

1977 4690 2082 4728 non
2117 4688 2291 4740 erant,
2326 4678 2428 4732 hoc
2454 4688 2635 4733 autem
2665 4693 2918 4748 reparare
2937 4692 3056 4748 qua:
3085 4677 3387 4746 perierant.
3419 4675 3543 4729 illud

1977 4767 2078 4820 fuit
2103 4769 2338 4822 nondum
2369 4768 2543 4822 deleta
2571 4770 2880 4832 instituere,
2903 4767 3139 4835 hocjam
3175 4768 3358 4822 deleta
3391 4768 3540 4822 resti-

1977 4866 2127 4911 tuere
2184 4857 2318 4929 (18).
2353 4858 2486 4912 illud
2550 4860 2780 4928 denique
2831 4859 3095 4929 jussione,
3142 4859 3248 4913 hoc
3293 4859 3538 4928 passione

1975 4955 2274 5024 perfectum
2319 4964 2424 5010 est.
2477 4953 2582 5008 Sed
2617 4952 2776 5020 hujus
2829 4952 2962 5006 tauti
3001 4961 3220 5022 tamque
3275 4948 3536 5021 magniﬁci

873 5068 964 5143 (ξι-Ι
993 5071 1118 5143 Cor.
1159 5087 1256 5134 vit,
1286 5071 1319 5126 9
1352 5142 1358 5143 γ
1417 5070 1616 5129 8"Gen.
1645 5089 1794 5137 xvnt,
1822 5076 1959 5130 11.⁸³
1986 5075 2182 5143 Philip.
2217 5093 2301 5138 Ill,
2336 5077 2388 5140 7,
2417 5076 2468 5129 8.
2543 5076 2591 5108 ⁸⁵
2612 5076 2788 5131 Galat.
2821 5091 2903 5140 Ill,
2939 5073 3026 5128 16.
3103 5074 3151 5106 ⁸⁸
3174 5073 3332 5130 Rom.
3356 5072 3530 5136 “520.

301 5133 703 5212 :‘_C5ilt)ss._tt_t_.
732 5137 785 5191 5.
858 5138 904 5170 ⁸⁷
935 5139 1106 5212 lCor.
1163 5133 1256 5210 xv,
1303 5142 1392 5197 41.
1466 5143 1513 5172 ⁸⁸
1538 5143 1714 5202 Galat.
1770 5133 1843 5210 tv,

2053 5148 2099 5180 ⁸⁹
2126 5133 2314 5202 Matth.
2356 5133 2452 5211 till,
2489 5146 2577 5201 50.
2654 5147 2698 5178 ⁹⁰
2724 5146 2745 5199 ι
2774 5133 2914 5200 Tini.
2940 5162 3000 5212 tl,
3036 5147 3125 5201 15.
3200 5147 3244 5176 ⁹¹
3275 5133 3432 5200 Rom.
3462 5159 3526 5204 tv,

296 5203 489 5260 25-25.
565 5207 610 5238 ⁹¹
652 5209 790 5262 Gen.
825 5224 923 5275 .\v,
965 5209 1016 5263 6.

368 5323 480 5397 (11)
513 5327 718 5395 Al.,tet
754 5330 983 5408 seminis
1015 5331 1294 5408 ejns__[:tl.,
1351 5347 1400 5391 el
1443 5339 1651 5394 semine
1707 5335 1859 5408 ejttsj

300 5394 562 5460 ducerem,
599 5394 701 5452 non
735 5400 1014 5454 debuerint
1051 5404 1116 5454 de
1138 5394 1356 5456 Clit'tSto
1385 5408 1584 5458 dicere.
1620 5425 1638 5457 ι

298 5467 694 5590 δαεῖἱῗὲὲξίειε,
733 5487 752 5520 ε
779 5471 1134 5541 intelligeres.
1165 5491 1184 5524 ι
1231 5473 1343 5538 ΑΙ.,
1363 5493 1379 5524 ι
1412 5474 1636 5547 intelligi
1665 5476 1863 5533 debere

369 5605 482 5673 (13)
533 5607 643 5674 AL,
701 5609 862 5667 «Non
914 5613 1063 5667 enim
1115 5621 1324 5670 tantam

1377 5613 1601 5682 gloriam
1621 5656 1638 5681 ,
1693 5632 1862 5686 quan-

303 5680 430 5734 ltttu,
461 5691 485 5724 ι
523 5685 629 5730 etc.
1384 5680 1401 5682 “
1622 5680 1626 5681 ν
1675 5699 1681 5706 ‘

2041 5333 2154 5408 (14)
2192 5333 2418 5408 Alias”
2441 5340 2691 5408 et_0pera
2723 5338 2880 5408 tua”
2917 5340 3026 5386 etc.
3069 5404 3079 5408 Α
3210 5403 3238 5408 __
3272 5402 3283 5408 _
3473 5398 3483 5407 _

2042 5402 2154 5473 (15)
2183 5407 2224 5458 Α
2265 5403 2440 5457 stella.
2475 5402 2595 5456 llaec
2642 5403 2804 5455 verba
2837 5404 3034 5457 desunt
3068 5404 3122 5458 itt
3154 5402 3337 5464 editis,
3376 5409 3427 5454 et
3473 5402 3519 5449 in

1971 5476 2226 5548 pluribus
2248 5491 2376 5528 mss.

2041 5549 2154 5613 (16)
2191 5545 2354 5607 Εαίιί,
2383 5562 2402 5595 ι
2438 5557 2717 5612 paremus.
2748 5561 2769 5593 ι
2810 5541 2972 5597 male.

2042 5615 2152 5681 (l7)
2193 5615 2358 5678 Alias,
2390 5633 2408 5664 ς
2445 5615 2534 5681 qui
2564 5613 2812 5666 credidit.
2854 5632 2873 5662 ι

2041 5687 2153 5754 (18)
2193 5684 2354 5750 lidJi,
2394 5700 2414 5735 ι
2445 5684 2584 5752 quod
2614 5683 3020 5752 perierat.lllud
3047 5683 3149 5739 fuit
3178 5689 3404 5743 nondum
3430 5691 3520 5740 de-
