3684 6148
101 271 240 326 985

1084 273 1442 330 COMMENT.
1486 273 1550 327 IN
1592 269 1812 327 EPIST.
1853 271 1944 326 AD
1986 271 2150 327 ROM.
2185 273 2312 327 LIB.
2355 271 2444 329 Ν.

3282 278 3384 334 986

105 388 381 458 mysterii
414 388 468 443 in
509 387 614 444 (ide
640 388 874 445 Abrahze
903 388 1075 445 forma
1115 402 1170 446 et
1207 393 1386 461 imago
1417 408 1706 463 praecesse-
1738 401 1784 452 Δ
1813 393 1954 446 sicut
1995 409 2089 449 nec
2119 393 2208 447 lux
2246 408 2367 447 cum
2395 392 2660 458 tenebris,
2690 407 2788 448 nec
2832 393 2939 447 vita
2973 407 3096 448 cum
3123 403 3296 448 morte
3311 396 3379 451 θ’.

107 491 239 533 rat.
269 477 362 532 Ille
395 480 539 534 enim
576 481 882 554 crediderat
917 496 1040 536 cum
1083 482 1281 539 oﬂ‘crre
1313 486 1530 538 unicum
1555 484 1710 552 jube-

105 581 308 638 retur,
339 573 466 642 quia
497 581 553 626 et
582 588 612 626 a
642 574 870 629 mortuis
890 590 1014 631 eum
1057 579 1324 634 suscitare
1354 587 1541 646 potens
1564 587 1708 633 esset

104 660 307 726 Deus;
334 663 638 717 crediderat
663 665 827 719 etiam
867 669 1014 734 quod
1049 684 1154 723 non
1199 669 1272 722 illi
1323 677 1528 722 tantum
1558 669 1709 724 ISnaC

105 767 212 807 res
246 763 375 807 tunc
409 765 710 823 gereretur,
735 757 828 810 sed
857 766 912 811 et
938 760 1130 813 semini
1163 760 1281 827 ejus
1319 761 1412 828 qui
1442 769 1521 814 est
1547 761 1705 814 Chri-

100 853 272 908 stus,
297 843 453 912 plena
480 847 808 900 sacramenti
847 849 1050 902 veritas
1082 859 1409 904 servaretur.
1456 849 1582 903 Inde
1612 855 1705 904 de-

102 936 294 1005 nique
321 937 566 1007 gaudens
585 940 802 994 unicum
837 937 1124 1004 oﬂ'erebat,
1161 943 1285 1010 quia
1313 942 1368 996 in
1394 957 1458 996 eo
1485 959 1588 996 non
1616 943 1703 996 in-

105 1028 351 1082 teritum
389 1031 743 1097 posteritatis,
793 1033 888 1086 sed
941 1035 1343 1108 reparationem
1398 1035 1604 1100 mundi,
1649 1044 1705 1089 et

105 1120 530 1176 innovationem
563 1123 724 1178 totius
759 1135 1044 1188 creaturae,
1077 1142 1196 1194 quae
1223 1141 1320 1194 per
1347 1128 1702 1182 resurrectio-

101 1226 243 1265 nem
293 1212 510 1268 Domini
557 1216 807 1269 restituta
845 1226 952 1281 est,
986 1219 1286 1286 cogitabat,
1318 1230 1374 1274 et
1422 1221 1541 1274 ideo
1572 1221 1702 1274 dicit

96 1305 388 1361 Dominus
419 1307 485 1362 de
519 1322 606 1371 eo,
629 1308 755 1376 quia
777 1327 797 1360 ι
833 1309 1104 1364 Abraham
1137 1321 1290 1380 pater
1316 1321 1493 1366 vester
1519 1315 1701 1366 exsul-

101 1398 257 1452 tavit
291 1408 351 1452 ut
383 1399 590 1453 videret
637 1401 777 1454 diem
830 1416 1054 1468 meum;
1103 1413 1158 1456 et
1206 1404 1342 1458 vidit
1380 1415 1436 1458 et
1477 1406 1698 1473 gavisus

98 1501 190 1546 est
216 1491 292 1544 ⁸³.
325 1511 344 1542 r
385 1490 497 1546 Hoc
535 1506 666 1562 ergo
699 1495 858 1548 tundo
887 1503 1259 1562 competenter
1293 1497 1564 1551 videbitur
1601 1499 1697 1551 ha-

97 1584 219 1638 bita
245 1585 588 1654 comparatio
633 1585 756 1639 tidei
799 1587 1102 1653 Abraham,
1132 1597 1187 1643 et
1219 1603 1408 1643 eorum
1449 1590 1540 1659 qui
1567 1605 1693 1644 cre~

98 1675 245 1728 dunt
276 1675 334 1730 in
373 1690 496 1730 eum
542 1675 632 1744 qui
681 1675 966 1732 suscitavit
999 1678 1286 1734 Dominmn
1317 1680 1536 1746 Jesum;
1566 1681 1690 1748 quia

95 1765 250 1836 quod
289 1765 384 1821 ille
418 1765 658 1820 futurum
685 1768 987 1832 credidit,a
1016 1769 1172 1824 nobis
1200 1771 1443 1825 creditur
1463 1771 1688 1826 factum.

102 1858 289 1912 Simul
318 1868 498 1912 autem
533 1869 588 1913 et
621 1859 751 1913 illud
777 1860 1086 1915 ostenditur
1116 1863 1259 1929 quod
1287 1863 1557 1920 haereticis
1586 1880 1691 1918 non

95 1953 310 2019 placet,
355 1951 484 2021 quia
517 1950 661 2006 Deus
691 1954 776 2006 cui
811 1953 1044 2008 credidit
1092 1955 1394 2020 Abraham,
1437 1966 1494 2010 et
1530 1955 1689 2010 ﬁdem

97 2043 221 2112 ejus
256 2045 330 2099 ad
365 2045 640 2114 justitiam
676 2046 787 2117 (l9)
823 2047 1094 2117 reputavit
1132 2046 1199 2111 “,
1232 2048 1346 2112 ipse
1387 2056 1468 2101 est
1510 2049 1602 2116 qui
1637 2057 1693 2103 et

98 2136 400 2190 Dominum
437 2132 619 2190 Jesum
668 2138 1012 2192 resuscitavit.
1035 2152 1066 2190 a
1094 2140 1323 2192 mortuis
1353 2155 1368 2204 ;
1405 2155 1504 2192 nec
1529 2139 1692 2193 relin-

96 2227 296 2296 quitur
337 2225 488 2281 locus
514 2236 573 2280 ut
602 2226 743 2281 alius
782 2227 1104 2298 Deuslegis,
1127 2230 1265 2283 alius
1285 2229 1495 2284 Domini
1519 2231 1687 2285 nostri

94 2317 226 2372 Jestt
270 2315 476 2372 Christi
524 2316 688 2372 Pater
736 2317 1092 2388 intelligatur.
1139 2319 1246 2375 Sed
1300 2323 1478 2376 adlmc
1512 2323 1690 2392 requi-

99 2424 314 2472 ramus,
370 2424 492 2463 cum
538 2413 649 2463 sint
677 2409 1076 2478 quamplurima
1125 2425 1244 2479 qua:
1287 2412 1536 2467 Christus
1564 2423 1687 2467 esse

96 2497 306 2551 dicitur
332 2505 481 2567 (nam
510 2507 567 2552 et
619 2498 915 2566 sapientia,
959 2507 1016 2552 et
1062 2497 1598 2566 virtus,etjtistitia,
1629 2506 1686 2552 et

98 2593 354 2654 verbum,
386 2599 444 2646 et
487 2591 712 2654 veritas,
741 2597 796 2644 et
839 2589 948 2643 vita
991 2591 1109 2660 ipse
1161 2591 1462 2660 appellatur
1487 2589 1555 2658 ³⁵)
1585 2605 1686 2644 cur

98 2680 454 2743 notissimum
498 2683 564 2735 de
597 2681 1007 2737 resurrectione
1051 2680 1168 2750 ejus
1223 2683 1276 2735 in
1334 2681 1438 2735 lide
1495 2691 1680 2734 nostra

98 2775 396 2844 Apostolus
430 2774 540 2846 (20)
575 2773 738 2829 faciat
771 2775 1118 2828 mentionem.
1155 2773 1294 2828 Dicit
1318 2774 1368 2827 in
1393 2773 1516 2828 aliis
1542 2774 1681 2827 idem

97 2869 416 2936 Apostolus,
439 2869 567 2938 quia
590 2887 608 2920 ι
638 2884 759 2922 cum
795 2867 1013 2922 Christo
1036 2867 1363 2922 coexcitavit
1395 2882 1492 2920 nos
1517 2867 1679 2933 Deus,

102 2972 155 3014 et
175 2959 336 3015 simul
383 2974 507 3013 cum
557 2960 674 3028 ipso
709 2959 902 3012 sedere
933 2957 1062 3013 fecit
1111 2958 1164 3012 in
1207 2959 1518 3014 ctelestibus
1547 2959 1615 3012 ’⁸.
1655 2978 1674 3011 ι

1812 485 1886 539 lta
1910 502 2040 557 ergo
2064 497 2118 541 et
2145 486 2492 541 credentibus
2517 485 2737 554 quidem
2782 485 3026 550 Christo,
3068 501 3166 541 nec
3198 497 3377 541 tamen

1811 579 2205 647 deponentibus
2245 588 2485 634 veterem
2523 579 2794 633 hominem
2838 592 2962 630 cum
3011 579 3222 633 actibus
3267 581 3382 632 suis

1812 668 2030 736 injustis
2058 671 2098 733 ¹,
2134 670 2266 724 lides
2318 671 2561 737 reputari
2609 684 2715 722 non
2766 676 2946 738 potest
2979 668 3047 722 ad
3083 669 3375 738 justitiam.

1806 757 1984 814 Simili
2011 770 2192 816 autem
2217 761 2378 815 modo
2405 775 2689 828 possumus
2724 760 2930 826 dicere,
2949 759 3074 828 quia
3107 760 3247 815 sicut
3294 761 3377 814 in-

1798 852 1946 920 justo
2001 869 2106 907 non
2156 864 2332 922 potest
2364 854 2573 922 justitia
2627 852 2897 922 reputari,
2942 852 3016 905 ita
3061 867 3160 907 nec
3206 853 3380 922 itttptto

1805 946 1928 1000 dico
1959 947 2240 1015 pudicitia,
2275 963 2376 1002 nec
2411 947 2598 1016 iniquo
2625 946 2879 1014 aequitas,
2911 961 3007 998 nec
3042 960 3210 998 avaro
3236 944 3376 998 libe-

1806 1039 2016 1104 ralitas,
2051 1056 2152 1094 nec
2182 1039 2349 1109 impio
2380 1039 2556 1109 pietas
2588 1037 2823 1107 reputari
2859 1045 3054 1103 potest,
3085 1037 3255 1092 donec
3285 1051 3378 1090 ve-

1807 1136 1945 1182 tusta
1976 1129 2230 1182 vitiorum
2265 1129 2579 1183 indumenta
2612 1143 2716 1180 non
2747 1125 2952 1195 abjicit,
3019 1136 3074 1180 et
3096 1146 3114 1178 ‹
3145 1143 3375 1182 novum»

1803 1233 1861 1273 se
1887 1218 2064 1272 induit
2085 1218 2194 1289 (22)
2217 1233 2235 1266 t
2261 1211 2669 1288 hominem,qui
2693 1216 2990 1269 secundum
3026 1214 3190 1268 Deum
3222 1229 3375 1269 crea-

1802 1314 1886 1360 tus
1915 1316 2016 1369 est,
2047 1320 2102 1361 et
2132 1317 2421 1362 renovatur
2448 1307 2498 1359 in
2534 1306 2810 1374 agnitione
2855 1305 2950 1359 Dei
2989 1305 3054 1358 ad
3086 1305 3374 1374 imaginem

1799 1396 1916 1465 ejus
1939 1397 2030 1465 qui
2063 1399 2266 1452 creavit
2295 1411 2418 1451 eum
2445 1398 2486 1451 ’.
2531 1415 2552 1449 ι
2588 1396 2876 1465 Propterea
2924 1396 3067 1450 enim
3116 1405 3170 1450 et
3195 1398 3247 1451 in
3283 1412 3372 1451 se-

1798 1490 2092 1557 quentibus
2119 1490 2366 1561 adjungit
2393 1499 2449 1544 et
2475 1489 2606 1546 dicit
2635 1489 2704 1546 de
2746 1489 2979 1544 Domino
3000 1487 3124 1544 Jesu
3155 1507 3169 1544 :
3209 1508 3227 1541 ι
3269 1489 3372 1557 Qui

1799 1579 2033 1634 traditus
2077 1589 2196 1644 est,
2256 1581 2468 1650 inquit,
2527 1588 2746 1650 propter
2793 1591 3011 1650 peccata
3062 1589 3270 1644 nostra,
3318 1588 3375 1636 et

1799 1677 2099 1731 resurrexit
2129 1686 2348 1746 propter
2389 1675 2831 1744 justiﬁeationem
2864 1686 3102 1732 nostram
3134 1677 3154 1708 ³
3188 1693 3204 1741 ;
3250 1694 3270 1729 s
3315 1684 3375 1730 ut

1797 1771 2053 1824 ostendat
2084 1769 2210 1839 quia
2244 1785 2306 1824 ea
2335 1784 2432 1838 pro
2475 1769 2674 1838 quibus
2707 1767 2960 1823 Christus
3009 1768 3238 1822 traditus
3262 1777 3372 1832 est,

1793 1862 1958 1916 etiam
1991 1876 2090 1916 nos
2126 1862 2423 1916 abhorrere
2446 1861 2760 1921 debeamus,
2783 1870 2838 1914 et
2866 1859 3122 1929 abjicere.
3147 1859 3202 1914 Si
3227 1859 3370 1914 enim

1794 1965 2018 2022 propter
2037 1963 2253 2021 peccata
2282 1964 2467 2006 nostra
2511 1953 2767 2005 traditum
2785 1967 2907 2004 eum
2927 1951 3221 2014 credimus.
3243 1964 3374 2019 quo-

1792 2046 1951 2099 modo
1981 2060 2088 2100 non
2127 2045 2367 2099 alienum
2413 2044 2569 2098 nobis
2591 2053 2644 2098 et
2673 2044 2952 2099 inimicum
2974 2045 3192 2098 ducitur
3211 2056 3372 2096 omne

1791 2145 2108 2206 peccatum,
2140 2151 2236 2206 pro
2267 2151 2374 2205 quo
2411 2135 2740 2204 Redemptor
2771 2146 2958 2189 noster
2984 2136 3216 2190 traditus
3255 2151 3368 2190 me-

1791 2238 2056 2282 moratur.
2089 2227 2142 2282 in
2207 2226 2492 2281 mortem?
2545 2224 2680 2279 Nam
2732 2224 2776 2278 si
2829 2225 2983 2278 nobis
3026 2224 3208 2292 aliqua
3247 2240 3370 2278 rur~

1789 2334 1909 2374 sum
1939 2319 2171 2373 societas
2207 2333 2330 2372 cum
2361 2326 2608 2385 peccato,
2639 2325 2734 2370 aut
2755 2314 2997 2368 amicitia
3036 2313 3152 2377 ﬁat,
3179 2323 3372 2367 osten-

1787 2415 1969 2468 dimus
1998 2413 2141 2482 quod
2180 2411 2314 2466 nihil
2366 2409 2632 2464 ducamus
2679 2418 2910 2462 mortem
2963 2406 3168 2462 Christi
3214 2405 3364 2470 Jesu,

1785 2506 2172 2575 amplectentes
2220 2515 2274 2558 et
2317 2512 2606 2572 sequentes
2644 2516 2707 2554 ea
2746 2516 2871 2570 qua:
2910 2499 3000 2555 ille
3034 2500 3368 2569 expugnavit

1785 2609 1842 2654 et
1888 2603 2036 2652 vicit.
2088 2597 2251 2666 quue
2301 2606 2473 2650 totum
2500 2594 2660 2650 simul
2689 2603 3019 2647 connectens
3047 2593 3361 2662 Apostolus,

1785 2700 2041 2758 tanquam
2063 2704 2260 2757 corpus
2292 2689 2468 2756 ipsum
2499 2685 2734 2756 peccati,
2762 2684 3132 2739 indumentum
3161 2688 3364 2741 veteris

1785 2783 2020 2837 hominis
2045 2780 2373 2852 appellavit,
2402 2780 2545 2850 quod
2582 2777 2956 2846 deponendum
3001 2776 3192 2831 suadet
3223 2778 3244 2807 ‘
3279 2778 3363 2830 his

1782 2877 1873 2945 qui
1899 2875 2127 2928 credunt
2148 2875 2196 2926 ei
2224 2873 2316 2943 qui
2339 2870 2624 2926 suscitavit
2658 2870 2942 2923 Dominum
2969 2867 3151 2922 .lcsutn
3171 2886 3197 2920 a
3219 2885 3364 2920 mor-

1784 2973 1911 3034 tuis,
1945 2983 2002 3020 υι
2025 2967 2235 3036 alijecto
2268 2965 2584 3019 indumento
2617 2961 2898 3029 injustitia:
2924 2961 3152 3014 induant
3182 2977 3239 3014 se
3265 2961 3363 3011 Du-

100 3052 212 3106 lloc
244 3061 331 3107 est
364 3066 496 3120 ergo
524 3050 667 3118 quod
695 3049 990 3104 admonet:
1026 3050 1083 3104 Si
1125 3052 1355 3106 creditis
1401 3053 1630 3106 Cbristu:

1845 3062 1984 3116 inum
2028 3058 2248 3125 Jesnm,
2293 3059 2386 3126 qui
2434 3069 2518 3112 est
2563 3073 2754 3112 vermn
2795 3057 3021 3126 justitia:
3068 3055 3359 3108 indumen-

101 3146 408 3200 surrexisse
430 3159 460 3196 a
490 3143 738 3207 mortuis,
753 3143 959 3198 credite
982 3145 1144 3197 etiam
1169 3144 1527 3213 vosmetipsos
1548 3161 1670 3200 cmn

102 3240 212 3310 ipso
242 3237 454 3308 pariter
479 3236 813 3300 surrexisse;
854 3247 909 3290 et
951 3238 996 3292 si
1027 3238 1253 3292 creditis
1278 3239 1404 3306 quia
1434 3239 1582 3292 sedet
1606 3239 1673 3292 ad

101 3332 378 3384 demet-am
411 3329 588 3384 Patris
618 3330 669 3382 in
693 3330 868 3395 ctelis,
895 3329 1058 3384 etiam
1091 3329 1448 3397 vosmetipsos
1467 3329 1674 3384 credite

96 3421 200 3489 jam
237 3437 346 3476 non
384 3422 436 3475 in
475 3423 729 3484 terrenis,
766 3423 859 3475 sed
894 3422 946 3474 in
990 3420 1304 3476 caelestibus
1331 3421 1670 3486 collocatos;

100 3524 152 3566 et
187 3515 230 3568 si
265 3512 494 3568 creditis
521 3526 618 3566 vos
648 3512 866 3566 Christo
893 3521 1281 3575 conuuortuos,
1315 3512 1522 3566 credite
1547 3513 1670 3580 quia

99 3621 150 3662 et
178 3607 596 3670 convivetis-ei;
628 3605 754 3660 etsi
807 3604 1031 3659 creditis
1059 3605 1182 3672 quia
1229 3602 1479 3658 Christus
1521 3619 1670 3657 mor-

101 3709 220 3754 tuus
263 3710 345 3754 est
396 3707 652 3768 peccato,
693 3707 747 3751 et
781 3698 915 3751 vivit
961 3699 1090 3761 Deo,
1121 3699 1286 3751 etiam
1329 3713 1425 3752 vos
1473 3697 1669 3751 mortui

101 3803 271 3847 estote
324 3803 579 3862 peccato,
622 3789 784 3861 534
819 3800 874 3844 et
917 3790 1084 3844 vivite
1125 3791 1233 3844 Deo
1250 3791 1316 3843 ⁸⁷.
1348 3791 1411 3845 Ει
1441 3790 1544 3845 hoc
1585 3800 1673 3844 est

101 3886 239 3952 quod
263 3889 590 3938 auctoritate
611 3883 903 3950 apostolica
924 3891 1280 3951 protestatur,
1297 3893 1351 3937 et
1375 3883 1533 3937 dicit:
1561 3901 1580 3933 ι
1611 3883 1668 3937 Si

101 3977 525 4030 consurrexistis
558 3990 681 4028 cum
710 3975 952 4038 Christo,
980 3991 1096 4043 qua:
1121 3991 1332 4028 sursum
1371 3986 1496 4028 sunt
1525 3991 1672 4044 qua:-

102 4070 215 4133 tite,
243 4071 332 4124 ubi
379 4069 630 4124 Christus
666 4075 750 4122 est
795 4067 848 4121 in
877 4069 1099 4122 dextera
1143 4067 1238 4121 Dei
1281 4069 1517 4131 sedens;
1550 4084 1670 4137 quae

101 4176 304 4216 sursum
337 4172 470 4217 sunt
496 4164 690 4231 sapite,
710 4179 816 4216 non
849 4175 972 4229 quae
999 4175 1160 4228 super
1190 4169 1390 4214 terram
1407 4161 1472 4225 ’3;
1501 4180 1520 4213 ι
1543 4165 1670 4230 quia

102 4254 186 4321 qui
229 4256 343 4310 haec
381 4257 532 4324 agit,
569 4256 655 4310 hic
687 4271 747 4311 se
786 4255 1026 4310 ostendit
1067 4253 1292 4308 credere
1335 4254 1392 4307 in
1422 4269 1544 4306 eum
1577 4255 1667 4322 qui

104 4350 379 4402 suscitavit
410 4347 594 4402 Iesum
640 4349 924 4403 Dominum
966 4357 1215 4402 nostrum
1257 4361 1288 4401 a
1329 4346 1584 4410 mortuis,
1614 4355 1669 4400 et

1777 3165 1887 3210 tmn
1916 3155 2052 3225 (‘23),
2078 3163 2137 3207 ut
2177 3154 2373 3207 merito
2419 3151 2764 3205 credentibus
2816 3151 2951 3205 Iides
2982 3150 3049 3204 ad
3086 3147 3358 3216 justitiam

1776 3258 2081 3316 repntelur.
2147 3264 2166 3296 ι
2223 3245 2480 3300 Traditus
2541 3257 2624 3299 est
2685 3259 2816 3313 ergo
2880 3250 3098 3312 propter
3137 3250 3359 3308 peccata

1773 3351 2002 3401 nostra,
2032 3346 2085 3392 et
2132 3338 2434 3390 resurrexit
2481 3345 2703 3404 propter
2753 3332 3197 3403 justiticationem
3258 3346 3356 3383 no-

1772 3444 1942 3485 stram
1967 3430 2010 3483 '.
2055 3449 2072 3482 ι
2125 3429 2333 3482 Etenim
2377 3428 2422 3480 si
2459 3426 2904 3480 consurreximus
2934 3440 3056 3478 cum
3099 3421 3354 3485 Christo,

1771 3525 1862 3594 qui
1889 3522 2224 3589 estjustitia,
2257 3530 2312 3574 et
2354 3520 2407 3573 in
2453 3517 2691 3572 novitate
2724 3517 2848 3570 vita:
2891 3516 3249 3579 ambulamus,
3297 3527 3353 3574 et

1772 3615 2069 3669 secundum
2118 3611 2384 3680 justitiam
2433 3610 2686 3672 vivimus,
2731 3607 2974 3660 surrexit
3007 3607 3164 3661 nobis
3194 3606 3356 3662 Chri-

1771 3717 1889 3762 stus
1931 3708 1998 3761 ad
2041 3706 2488 3775 justiﬁeationem
2538 3713 2801 3757 nostrain.
2840 3701 2896 3756 Si
2953 3716 3083 3756 vero
3114 3702 3352 3756 nonduin

1771 3799 2126 3864 deposuimus
2175 3807 2412 3853 veterem
2448 3793 2726 3850 hominem
2782 3809 2905 3849 cum
2955 3794 3166 3848 actibus
3214 3793 3351 3857 suis,

1773 3896 1866 3948 sed
1898 3893 1950 3947 in
1993 3892 2256 3962 injustitia
2289 3891 2523 3945 vivimus
2547 3930 2562 3953 ,
2593 3892 2764 3944 audeo
2805 3889 2988 3944 dicere
3022 3886 3167 3954 quod
3218 3900 3354 3939 non-

1773 3986 1900 4040 dum
1953 3986 2111 4040 nobis
2158 3983 2460 4039 resurrexit
2495 3981 2745 4037 Christus
2785 3980 2851 4034 ad
2879 3978 3347 4049 justilicatitmem,

1773 4093 1872 4132 nec
1890 4079 2119 4132 traditus
2153 4088 2239 4132 cst
2268 4090 2489 4147 propter
2509 4085 2725 4145 peccata
2751 4083 2959 4128 nostra.
2985 4071 3042 4124 Si
3074 4071 3219 4125 enim
3247 4070 3350 4124 hoc

1773 4171 1960 4233 credo,
1997 4170 2270 4238 quomodo
2304 4168 2432 4223 illud
2491 4185 2646 4233 amo,
2681 4183 2778 4238 pro
2827 4180 2937 4235 quo
2989 4163 3077 4218 ille
3129 4162 3351 4232 pertulit

1773 4273 2004 4317 mortem
2030 4263 2054 4316 ‘i
2080 4262 2137 4315 Si
2165 4261 2268 4316 hoc
2307 4261 2472 4315 credo
2509 4259 2650 4328 quod
2685 4259 2771 4312 ille
2809 4258 2876 4311 ad
2900 4255 3350 4324 justiﬁcationem

1777 4370 1954 4409 meam
1989 4354 2250 4417 surrexit,
2296 4354 2568 4422 quomodo
2613 4352 2744 4406 mihi
2794 4351 2905 4423 (24)
2942 4347 3201 4419 injustitia
3236 4353 3352 4416 pla-

104 4435 224 4492 llIIic
243 4455 368 4494 vere
401 4440 535 4494 ﬁdes
564 4449 848 4508 reputatur
886 4439 952 4492 ad
987 4437 1282 4508 instillant.
1311 4437 1496 4506 Neque
1523 4439 1666 4493 enim
1701 4427 1745 4481 Β
1774 4445 2200 4501 cet?.|ustilicat
2241 4458 2372 4512 ergo
2409 4460 2502 4499 eos
2546 4447 2796 4500 Christus
2841 4443 3213 4498 tantummodo
3255 4440 3348 4510 qui

107 4531 350 4594 possibile
372 4541 457 4586 est
486 4542 543 4585 ut
572 4532 789 4586 habenti
833 4531 887 4585 in
915 4545 974 4586 se
1011 4531 1214 4599 aliquid
1241 4530 1520 4600 injustitia:
1544 4548 1667 4601 pos-

106 4621 171 4672 sit
202 4622 405 4691 jnstitia
433 4624 547 4696 (2|)
580 4624 842 4694 reputari,
867 4624 1032 4678 etiam
1064 4625 1110 4679 si
1133 4625 1320 4679 credat
1350 4625 1402 4678 in
1433 4639 1555 4679 eum
1575 4625 1665 4694 qui

106 4716 380 4771 suscitavit
428 4718 712 4772 Dominum
769 4718 951 4773 Jesum
1006 4734 1036 4771 a
1093 4719 1342 4772 mortuis.
1395 4719 1665 4788 lnjustitia

109 4819 325 4874 namque
357 4825 482 4865 cum
508 4811 717 4884 justitia
747 4812 883 4866 nihil
911 4820 1090 4882 potest
1120 4811 1321 4866 habere
1347 4825 1663 4880 commune,

1777 4551 1969 4590 novatn
1999 4539 2166 4590 vitam
2210 4535 2460 4605 exemplo
2500 4536 2916 4590 resurrectionis
2952 4535 3118 4604 ipsius
3165 4546 3352 4586 susce-

1773 4638 1989 4698 perunt,
2014 4637 2069 4680 et
2099 4637 2309 4683 vetusta
2340 4627 2617 4698 injustitia:
2658 4635 2821 4696 atque
2862 4627 3164 4696 iniquitatis
3188 4625 3349 4678 indu-

1773 4729 1955 4774 menta
1977 4719 2120 4773 velut
2153 4735 2371 4775 causam
2402 4720 2594 4776 mortis
2628 4719 2911 4788 abjiciunt.
2949 4720 3054 4774 Sed
3096 4719 3227 4772 illttd
3250 4732 3347 4771 ve-

1771 4811 1866 4866 lim
1899 4811 2202 4881 requirere,
2247 4813 2290 4866 si
2315 4827 2415 4888 pro
2454 4813 2558 4868 hoc
2585 4813 2700 4868 solo
2739 4813 2872 4867 dicit
2906 4814 3196 4882 Apostolus
3219 4815 3349 4881 quia

153 4947 195 5025 ξ’
221 4949 508 5025 Joan.vm,
537 4953 626 5009 56.
702 4953 747 4986 “
772 4952 930 5010 Rom.
953 4969 1028 5025 tv,
1059 4954 1114 5008 5.
1190 4953 1280 5008 ⁸⁵1
1311 4955 1434 5011 Cor.
1457 4957 1715 5024 1,94,50;
1745 4959 1946 5019 Joan.t.
1978 4961 2027 5025 l;
2061 4975 2172 5023 xw,
2197 4957 2250 5012 6.
2326 4958 2372 4990 ⁹⁶
2398 4957 2594 5025 Ephes.
2618 4973 2672 5014 tt.
2701 4955 2752 5009 6.
2817 4955 2860 4986 ’⁷
2896 4955 3050 5008 Rom.
3084 4952 3230 5025 vt,8,
3257 4951 3346 5017 l0,

112 5016 303 5093 lla"
339 5024 542 5076 ColoSs.
589 5040 672 5086 ιιι,
733 5025 871 5087 1,2.
947 5024 994 5056 ὀ
1017 5016 1064 5078 n
1094 5025 1219 5080 Cor.
1254 5041 1326 5092 νι,
1384 5016 1597 5093 η,’ίδζ

112 5101 182 5149 nt,
208 5089 259 5154 9,
294 5093 380 5148 10.
453 5095 476 5126 ⁵
505 5093 659 5149 Rom.
689 5111 761 5159 Iv,
784 5095 876 5150 25.

108 5236 234 5308 tecta
281 5235 602 5308 instituere,
637 5236 743 5308 hoc
796 5246 978 5308 autem
1032 5236 1238 5308 dejecta
1269 5237 1602 5308 restituere.
1644 5256 1664 5291 ι

114 5296 450 5376 Sctlcodices
483 5296 657 5358 nostri
689 5321 818 5359 mss.
850 5305 1053 5376 legunt,
1086 5296 1173 5360 alii
1195 5325 1213 5357 ι
1251 5306 1499 5369 dilecta,»
1533 5309 1673 5361 sicut

115 5377 161 5416 et
184 5369 468 5447 llabanus;
505 5377 620 5447 alii,
657 5393 676 5427 ι
709 5369 931 5447 d_eleta';
970 5369 1123 5447 {alii
1151 5391 1280 5428 vero
1312 5395 1330 5427 ι
1368 5379 1608 5447 dirupta.
1645 5398 1663 5430 ι

313 5445 390 5516 Ad
410 5445 693 5512 justitiam.
723 5445 889 5508 Editi,
927 5463 946 5496 ε
986 5446 1075 5500 Dei
1107 5446 1396 5516 justitiam.
1429 5466 1448 5499 ι

178 5509 278 5585 (20)
310 5511 374 5566 In
410 5509 524 5585 'ﬁde
563 5527 743 5568 nostra
778 5516 1080 5583 Apostolus,
1107 5509 1222 5572 veto.
1254 5518 1344 5570 Sic
1387 5526 1530 5571 recte
1558 5519 1663 5572 duo

116 5587 336 5695 ismare:
360 5600 490 5695 Πᾶς.
515 5584 685 5656 Regii.
712 5586 818 5639 Alii
845 5596 900 5639 et
920 5587 1104 5653 editi,t
1136 5585 1189 5641 in
1208 5586 1314 5642 ﬁde
1345 5602 1484 5643 nunc
1513 5589 1662 5657 Apoc

160 5663 284 5713 oms,
317 5671 336 5704 ι
360 5663 464 5708 elc.

179 5718 282 5781 (⁸21)
313 5723 477 5788 Alias.
523 5743 542 5778 t
578 5725 820 5797 justitia.
861 5744 882 5780 ι

1675 5032 1690 5061 ¹
1729 5033 1934 5085 Coloss.
1957 5024 2112 5092 nt,9.
2184 5032 2204 5059 ’
2232 5029 2356 5083 ibid.
2409 5024 2494 5082 ll).
2569 5027 2589 5058 ³
2617 5026 2773 5081 lieni.
2809 5041 2884 5090 tv,
2919 5025 3012 5081 ‘25.
3087 5024 3109 5055 ⁸
3135 5026 3342 5080 Coloss.

1849 5235 1961 5304 (22)
2001 5233 2090 5289 Sic
2126 5250 2255 5288 mss.
2294 5233 2485 5297 nostri,
2518 5234 2842 5288 Salodianns
2866 5242 2921 5287 et
2946 5232 3220 5286 Mcrlinus.
3242 5230 3346 5287 Ce-

1780 5308 2081 5359 ncbrardus
2105 5321 2253 5368 vero,
2285 5323 2302 5354 ι
2345 5306 2652 5358 indumenta
2684 5305 2926 5374 abjiciat,
2959 5315 3011 5356 et
3042 5316 3255 5374 novum
3287 5322 3346 5357 se

1779 5377 2018 5438 inducat,
2057 5394 2076 5426 ι
2106 5385 2241 5440 etc.,
2266 5391 2365 5445 pro
2393 5391 2413 5426 ι
2447 5374 2654 5440 induat,
2678 5392 2698 5426 ι
2721 5372 2779 5428 ut
2809 5376 2990 5442 legunt
3018 5372 3344 5429 Salodianus

1767 5457 1818 5499 et
1845 5445 2120 5500 Merlinns.

1841 5515 1952 5585 (15)
1984 5515 2154 5582 Alias,
2193 5533 2213 5566 ι
2247 5517 2393 5586 quod
2436 5525 2520 5570 est
2559 5529 2746 5569 verum
2786 5511 3013 5583 justitia:
3051 5511 3344 5568 indumen-

1769 5594 1903 5639 tum.
1945 5604 1963 5636 ι

1840 5655 1953 5727 (24)
1993 5654 2148 5713 Mihi.
2173 5654 2521 5712 Desideratnr
2543 5655 2596 5710 in
2624 5666 2781 5710 antea
2807 5653 2990 5710 editis.
