3684 6148
343 279 438 333 187

1810 285 2134 344 ORIGENIS

3479 287 3572 343 58$

338 409 357 440 ι
395 410 501 448 non
526 406 747 465 propter
781 416 803 453 ι
830 399 1105 456 Abraham
1127 422 1144 454 ι
1166 405 1342 458 solum
1376 405 1491 477 (ἳό)
1517 415 1782 475 εει-ιριιιηι
1803 417 1907 472 est,
1939 408 1983 464 Α
2011 411 2096 458 est
2119 403 2168 457 ei
2200 402 2458 458 Dominus
2480 403 2522 434 “
2558 402 2898 470 :iquomodo
2917 401 3080 457 etiam
3116 403 3221 456 hoc
3253 417 3364 456 non
3407 417 3571 455 toumt

337 486 426 538 sed
449 497 503 541 et
533 499 757 558 propter
780 507 878 546 nos
906 493 950 556 ⁸,
983 513 1000 545 ι
1041 497 1184 564 quod
1211 497 1346 550 dixit
1377 515 1392 552 :
1423 518 1442 550 ι
1481 498 1904 553 CrediditAbra—

335 576 460 631 ham
508 577 652 641 Deo,
698 589 753 634 et
803 593 1108 652 reputatum
1159 597 1242 642 est
1279 588 1352 642 illi
1397 589 1463 643 ad
1499 591 1768 661 justitiam
1793 591 1835 645 ⁷.
1880 610 1898 644 ι

332 667 568 725 Putasne
597 674 745 730 solus
781 677 870 732 hic
909 694 1089 736 sermo
1117 698 1181 737 ex
1210 685 1461 738 omnibus
1496 701 1616 754 quae
1652 687 1906 740 dicuntur

332 757 398 812 de
421 760 722 829 Abraham,
757 783 861 822 non
892 771 1066 825 solum
1114 783 1336 843 prOpter
1369 775 1540 838 illum,
1577 777 1668 832 sed
1693 786 1744 832 et
1774 791 1902 844 pro-

330 860 451 920 pter
482 869 581 911 nos
623 859 859 929 scriptus
895 873 978 916 est
1003 864 1127 919 ?An
1162 877 1216 920 et
1245 866 1347 920 alia
1375 869 1554 938 aliqua
1582 868 1904 923 videbuntur

331 958 435 996 non
453 945 624 1000 solum
642 961 864 1019 propter
887 952 1059 1016 illum.
1079 958 1172 1012 sed
1201 966 1255 1012 et
1280 969 1501 1029 propter
1524 977 1622 1015 nos
1649 961 1849 1028 scripta
1879 961 1904 1015 ?

329 1033 407 1086 An
450 1046 600 1090 certe
625 1041 808 1094 omnia
836 1057 955 1108 qua:
988 1045 1054 1098 de
1079 1047 1197 1115 ipso
1233 1049 1512 1115 dicuntur,
1541 1065 1647 1105 non
1683 1053 1749 1105 de
1787 1051 1903 1119 ipso

327 1122 460 1185 solo.
489 1128 583 1182 sed
613 1139 669 1183 et
699 1146 795 1199 pro
824 1134 980 1191 nobis
1018 1136 1273 1192 dicuntur
1297 1137 1409 1209 (26)
1437 1139 1460 1192 ?
1488 1138 1554 1193 Et
1591 1156 1697 1194 non
1724 1141 1900 1197 solum

327 1214 394 1269 de
446 1216 742 1284 Abraham,
777 1225 872 1278 sed
905 1226 1025 1281 vide
1055 1243 1123 1282 ne
1155 1228 1297 1284 forte
1346 1231 1460 1285 haec
1506 1233 1693 1286 eadem
1737 1233 1901 1287 etiam

327 1305 394 1366 de
430 1306 577 1364 Isaac
618 1311 872 1368 similiter
907 1319 1220 1386 accipienda
1261 1322 1390 1382 sint,
1423 1331 1482 1376 ut
1517 1339 1638 1392 qua;
1685 1323 1752 1378 de
1785 1325 1902 1390 ipso

325 1398 530 1472 scripta
559 1412 706 1470 sunt,
728 1419 833 1459 non
870 1405 1044 1476 ipsum
1075 1409 1271 1476 solum,
1291 1412 1385 1466 sed
1413 1422 1467 1467 et
1498 1429 1596 1469 nos
1615 1417 1897 1484 aspiciant.

327 1487 590 1545 Similiter
617 1503 672 1547 et
709 1496 776 1550 de
813 1494 981 1553 Jacob
1018 1509 1075 1554 et
1127 1503 1343 1558 caeteris
1386 1505 1728 1572 patriarchis.
1763 1507 1899 1562 Nam

321 1596 446 1648 quae
495 1585 632 1640 ratio
678 1587 950 1645 videbitur
993 1602 1054 1648 ut
1100 1592 1167 1650 de
1205 1595 1479 1650 Abraham
1519 1599 1736 1668 quidem
1779 1617 1902 1670 quae

325 1673 529 1743 scripta
561 1687 710 1742 sunt,
740 1681 902 1736 etiam
932 1684 999 1738 ad
1036 1700 1137 1742 nos
1171 1688 1444 1755 pertinere
1485 1692 1760 1757 dicantur,
1793 1710 1895 1750 non

2009 503 2226 563 promer
2253 495 2547 558 Abraham,
2574 496 2667 550 sed
2694 505 2748 549 et
2773 505 2993 564 propter
3029 509 3133 548 nos
3180 494 3451 563 scriptum
3497 496 3570 546 vi-

2007 587 2220 651 deatur,
2256 596 2314 639 nt
2347 587 2692 642 ambulemus
2717 592 3018 642 secundum
3049 586 3233 640 omnia
3265 601 3393 654 qua
3429 585 3558 637 locu-

2008 685 2093 731 tus
2139 687 2222 731 est
2275 677 2554 731 Dominus.
2585 677 2688 731 Sed
2727 686 2785 731 ct
2829 677 2897 731 de
2932 674 3105 743 Isaac,
3132 676 3218 730 vel
3257 677 3330 730 de
3371 675 3574 728 emeris

2002 783 2124 837 quae
2171 768 2423 824 similiter
2464 769 2801 835 scribuntur,
2833 768 3111 838 quomodo
3160 769 3333 821 etiam
3381 766 3447 818 ad
3483 780 3572 818 nos

2002 860 2275 931 pertinere
2301 861 2608 915 videantur.
2638 860 2755 917 Non
2785 868 2869 916 est
2894 873 3074 914 autem
3116 857 3414 928 prasentis
3446 868 3573 911 tem—

2001 954 2152 1023 poris
2171 953 2352 1007 omnia
2406 968 2504 1007 nos
2543 953 2810 1008 adducere
2855 951 2907 1005 in
2951 950 3212 1014 medium,
3264 958 3324 1004 et
3370 949 3570 1018 singula

2002 1061 2227 1116 quaeque
2255 1048 2549 1112 discutere,
2595 1061 2702 1114 quo
2752 1046 2947 1100 ordine
2975 1045 3138 1100 etiam
3188 1044 3244 1098 in
3294 1043 3458 1097 nobis
3489 1043 3572 1112 qui

1999 1139 2275 1194 credimus
2321 1139 2374 1193 in
2412 1155 2533 1193 eum
2569 1142 2656 1195 cui
2708 1139 2942 1195 credidit
2989 1136 3296 1200 Abraham,
3342 1151 3471 1204 quae
3514 1135 3574 1190 de

1999 1229 2272 1284 Abraham
2314 1231 2398 1285 vel
2427 1231 2494 1286 de
2517 1231 2732 1287 caeteris
2760 1230 2967 1285 sanctis
3001 1230 3054 1284 in
3102 1229 3412 1297 Scripturis
3439 1228 3572 1281 divi-

2001 1323 2086 1377 nis
2105 1323 2247 1377 dicta
2275 1324 2357 1378 vel
2390 1325 2530 1380 facta
2567 1335 2696 1380 sunt
2721 1323 3102 1392 compleantur
3135 1343 3147 1377 :
3183 1321 3280 1375 sed
3318 1322 3376 1375 in
3401 1337 3572 1384 quat.-

2003 1423 2115 1468 tum
2169 1416 2455 1481 praesentis
2498 1417 2680 1485 operis
2727 1416 3027 1470 necessitas
3087 1415 3323 1483 patitur,
3361 1414 3572 1482 aperui-

2000 1519 2119 1558 mus
2152 1506 2292 1560 viam
2327 1521 2431 1576 qua
2466 1507 2632 1562 latius
2663 1511 2754 1578 qui
2783 1511 2834 1562 in
2870 1507 3168 1576 Scripturis
3201 1507 3454 1561 exerceri
3482 1507 3570 1559 de.

1999 1593 2224 1661 siderat,
2253 1596 2423 1664 possit
2457 1597 2727 1652 incedere.
2765 1597 3040 1652 Hactenus
3085 1595 3153 1651 de
3199 1596 3420 1651 ratione
3454 1595 3569 1650 ﬁdei

1999 1684 2116 1754 ejus
2141 1700 2262 1755 quae
2293 1688 2360 1740 ad
2386 1686 2658 1756 justitiam
2705 1698 2949 1758 reputata
2982 1697 3083 1752 est,
3129 1696 3186 1742 et
3223 1686 3567 1743 diversarum

325 1774 509 1820 autem
539 1769 699 1823 simili
733 1770 912 1830 forma
942 1777 1106 1832 etiam
1138 1782 1206 1834 de
1247 1780 1418 1848 Isaac,
1447 1792 1499 1836 et
1521 1785 1588 1838 de
1615 1782 1807 1850 Jacob,
1841 1803 1860 1843 ε

2037 1792 2179 1846 agunt
2221 1778 2589 1843 observantia,
2617 1794 2682 1834 ac
2729 1780 2975 1849 pneputii
3027 1779 3570 1848 circumcisionisque

324 1856 394 1913 de
419 1857 578 1927 Juda,
615 1863 698 1918 vel
735 1867 800 1919 de
845 1865 1067 1939 Ioseph.
1097 1880 1153 1926 et
1198 1875 1463 1929 caeteris?
1497 1876 1648 1942 Quod
1689 1879 1733 1932 si
1767 1879 1898 1934 nihil

325 1948 554 2005 rationis
575 1953 845 2011 videbitur
881 1973 980 2014 cur
1003 1961 1070 2016 de
1097 1979 1204 2017 uno
1239 1967 1550 2032 patriarcha
1579 1968 1681 2023 hoc
1708 1969 1780 2022 ita
1807 1986 1897 2025 ac-

325 2037 428 2105 cipi
473 2040 664 2097 debeat
685 2085 702 2110 ,
733 2055 789 2100 et
821 2063 927 2103 non
976 2051 1139 2105 etiam
1171 2053 1238 2107 de
1276 2057 1490 2109 czeteris
1515 2094 1530 2119 ,
1561 2072 1898 2128 consequens

322 2129 432 2182 erit
458 2140 515 2183 ut
532 2132 597 2185 de
617 2137 872 2193 omnibus
895 2155 1013 2208 qua:
1036 2143 1238 2214 scripta
1269 2158 1418 2210 sunt,
1439 2163 1545 2202 non
1577 2149 1749 2205 solum
1773 2167 1898 2220 pro-

323 2228 444 2312 pter
477 2222 594 2278 illos
623 2227 713 2294 qui
744 2238 872 2284 tunc
905 2243 1082 2299 erant,
1103 2238 1196 2290 sed
1230 2246 1285 2292 et
1315 2248 1535 2308 propter
1565 2257 1662 2297 nos
1691 2243 1894 2312 scripta

323 2311 632 2370 videantur.
661 2318 716 2372 In
738 2335 844 2388 quo
875 2320 984 2392 (27)
1023 2341 1108 2379 me
1134 2329 1406 2398 praecipue
1451 2331 1641 2387 suadet
1672 2332 1744 2387 ita
1778 2311 1897 2392 sen-

328 2417 428 2460 ttre
458 2407 545 2460 ille
571 2407 844 2477 Evangelii
875 2423 1084 2472 sermo,
1115 2410 1168 2463 in
1195 2425 1302 2478 quo
1333 2410 1592 2466 Dominus
1631 2421 1687 2466 et
1715 2413 1903 2466 Salva-

326 2506 411 2551 tor
446 2507 633 2552 noster
673 2499 738 2553 ad
777 2515 871 2554 eos
922 2501 1012 2570 qui
1062 2501 1162 2556 sibi
1201 2503 1478 2568 dixerant,
1517 2504 1641 2573 quia
1685 2524 1704 2556 ‹
1749 2516 1903 2575 pater

323 2601 510 2644 noster
537 2591 804 2647 Abraham
831 2602 914 2648 est
940 2613 958 2643 ι
984 2595 1262 2664 respondit
1286 2613 1298 2648 :
1330 2615 1348 2647 ι
1375 2595 1430 2650 Si
1455 2611 1638 2650 semen
1670 2597 1902 2653 Abrahae

320 2684 536 2748 essetis,
564 2700 728 2754 opera
761 2686 945 2755 utique
967 2685 1198 2741 Abrahae
1228 2687 1496 2743 faceretis.
1532 2689 1690 2744 Nunc
1716 2699 1900 2744 autem

319 2775 560 2843 quaeritis
589 2791 676 2830 me
707 2777 976 2842 occidere,
1006 2778 1280 2832 hominem
1319 2779 1410 2848 qui
1437 2779 1720 2835 veritatem
1751 2781 1902 2836 locu-

321 2875 408 2920 tus
433 2882 552 2920 sum
581 2867 755 2930 vobis,
783 2883 944 2936 quam
968 2869 1150 2924 audivi
1176 2885 1206 2924 a
1230 2871 1388 2926 Patre
1417 2887 1541 2927 meo
1566 2891 1579 2927 :
1607 2874 1710 2928 hoc
1734 2873 1901 2929 Abra-

319 2956 445 3010 ham
492 2973 602 3010 non
645 2956 772 3013 fecit
807 2961 848 3012 ³.
883 2978 902 3010 ›
934 2959 1038 3015 Per
1064 2963 1209 3031 quod
1243 2963 1430 3033 utique
1474 2967 1738 3030 ostendit,
1772 2970 1897 3036 qula

313 3049 408 3118 qui
439 3048 646 3104 faciunt
660 3065 823 3120 opera
843 3051 1094 3120 Abrahae,
1122 3055 1210 3109 isti
1234 3064 1362 3110 sunt
1384 3056 1476 3110 ﬁlii
1496 3056 1726 3112 Abraha:
1747 3058 1893 3127 (28);

207 3209 216 3216 ο
313 3150 372 3196 et
406 3151 624 3211 propter
651 3143 770 3198 illos
798 3145 998 3215 scripta
1026 3156 1171 3212 sunt,
1203 3163 1323 3217 quae
1357 3149 1426 3204 de
1453 3149 1726 3204 Abraham
1759 3151 1896 3205 scri-

315 3241 405 3301 pta
441 3241 586 3288 sunt.
631 3233 731 3290 Hic
754 3237 865 3306 jatn
895 3238 1155 3307 sapientis
1185 3240 1285 3294 viri
1315 3251 1370 3296 et
1396 3257 1429 3296 a
1469 3243 1580 3298 Deo
1609 3243 1892 3300 illuminati

311 3334 397 3379 est
411 3325 607 3380 intueri
628 3335 682 3381 et
702 3329 1006 3398 perspicere
1021 3333 1292 3400 quomodo
1314 3336 1734 3406 unumquodque
1755 3351 1892 3406 opus

311 3420 460 3488 quod
483 3420 550 3474 de
569 3420 841 3476 Abraham
860 3425 1132 3489 scribitur,
1155 3426 1210 3480 in
1232 3429 1523 3498 semetipso
1538 3429 1787 3486 videatur
1804 3447 1891 3486 ex-

310 3513 442 3581 pleri
464 3531 477 3578 ;
500 3515 649 3570 verbi
672 3518 861 3588 gratia,
879 3521 1023 3589 quod
1044 3521 1246 3576 dictum
1267 3534 1352 3577 est
1369 3525 1436 3578 ad
1457 3524 1682 3578 illum’u
1705 3526 1801 3579 Exi
1823 3527 1891 3583 de

310 3612 453 3658 terra
479 3613 588 3672 tua,
613 3616 667 3661 et
686 3608 754 3663 de
774 3611 1092 3680 cognatione
1116 3623 1227 3678 tua,
1251 3624 1306 3668 et
1327 3614 1393 3668 de
1418 3614 1579 3669 domo
1599 3617 1768 3685 patris
1789 3617 1885 3683 tui,

307 3704 364 3750 et
393 3698 515 3752 veni
547 3698 704 3770 535
732 3701 785 3755 in
815 3703 924 3774 (29)
955 3713 1155 3759 terram
1188 3721 1348 3775 quam
1376 3707 1470 3761 tibi
1500 3709 1781 3764 ostendam
1809 3729 1821 3764 :
1863 3729 1882 3761 ι

305 3791 577 3858 quomodo
615 3801 670 3846 et
705 3793 751 3847 is
788 3796 878 3863 qui
917 3797 984 3851 de
1013 3799 1218 3853 semine
1249 3798 1482 3856 Abrahae
1510 3816 1632 3857 esse
1659 3819 1722 3857 ex
1753 3819 1887 3873 ope-

307 3882 458 3938 ribus
478 3885 593 3938 vult
611 3885 804 3952 videri,
828 3889 912 3943 his
933 3890 1128 3945 debeat
1147 3892 1392 3962 obsequi,
1416 3910 1536 3964 qua).
1555 3895 1739 3966 utique
1759 3905 1888 3953 sunt

304 3989 412 4026 non
462 3985 684 4046 propter
732 3978 882 4034 illiilli
916 3989 1123 4036 tantum
1172 3985 1393 4054 scripta,
1439 3987 1534 4041 sed
1571 3997 1627 4042 et
1666 3999 1886 4058 propter

299 4082 399 4122 eos
437 4070 526 4137 qui
557 4071 788 4126 credunt
818 4073 872 4126 in
903 4089 1026 4128 eum
1057 4076 1149 4145 qui
1175 4079 1457 4134 suscitavit
1483 4080 1668 4135 Jesum
1699 4082 1885 4148 Domi-

303 4174 435 4211 num
473 4169 719 4214 nostrum
757 4178 785 4216 a
824 4166 1086 4232 mortuis;
1131 4177 1186 4222 et
1231 4184 1354 4222 cum
1394 4171 1511 4226 haec
1557 4171 1878 4243 impleverit,

302 4251 574 4318 quomodo
607 4266 826 4322 Sperare
867 4258 1028 4311 etiam
1067 4258 1194 4314 illud
1228 4263 1372 4331 quod
1411 4263 1756 4336 subiungitur
1783 4267 1884 4322 de-

301 4343 445 4408 beat,
474 4343 528 4398 id
563 4354 645 4400 est
675 4363 690 4397 :
725 4367 743 4398 ‹
779 4348 843 4402 Et
874 4348 1064 4403 faciam
1095 4353 1234 4407 teoin
1281 4365 1494 4426 gentem
1544 4374 1790 4430 magnam
1825 4369 1882 4415 et

1999 1867 2344 1933 diversitate,
2388 1871 2769 1940 disputationis
2814 1886 2998 1927 sermo
3040 1873 3368 1926 cucurrerit.
3422 1870 3568 1927 Nunc

1991 1958 2104 2029 jam
2144 1962 2376 2032 qualiter
2418 1963 2469 2016 hi
2498 1964 2590 2030 qui
2629 1977 2699 2018 ex
2740 1963 2864 2030 ﬁde,
2891 1973 2946 2017 et
2970 1979 3076 2018 non
3101 1977 3167 2016 ex
3198 1962 3564 2031 operibusju-

1996 2051 2214 2106 stificati
2269 2060 2431 2119 sunt,
2475 2052 2839 2110 informentur
2883 2053 2994 2126 (50)
3038 2053 3109 2109 ab
3158 2053 3447 2125 Apostolo,
3488 2055 3561 2108 vi-

1997 2142 2236 2197 deamus.

2067 2232 2121 2288 8.
2159 2253 2176 2284 ι
2203 2231 2491 2289 lnstiflcati
2523 2234 2688 2303 igitur
2710 2249 2776 2289 ex
2810 2234 2934 2302 lide,
2957 2250 3144 2305 pacem
3169 2236 3476 2291 habeamus
3501 2237 3562 2290 ad

1995 2322 2163 2376 Deum
2193 2322 2304 2394 (51)
2334 2339 2430 2392 per
2459 2325 2746 2378 Dominum
2771 2334 3015 2380 nostrum
3047 2325 3230 2382 Iesum
3257 2327 3560 2393 Christum,

1995 2427 2091 2483 per
2118 2431 2276 2484 quem
2309 2426 2366 2470 et
2405 2431 2682 2472 accessum
2716 2417 2978 2472 habemus
3021 2434 3116 2487 per
3149 2421 3306 2476 ﬁdem
3352 2422 3405 2474 in
3438 2438 3561 2490 gra-

1993 2506 2126 2561 tiam
2162 2507 2319 2561 istam
2346 2509 2398 2564 in
2427 2525 2532 2578 qua
2559 2519 2787 2575 stamus,
2813 2520 2869 2566 et
2895 2512 3189 2582 gloriamur
3217 2513 3272 2567 in
3305 2529 3407 2582 spe
3449 2514 3562 2584 glo-

1995 2598 2089 2653 ria:
2141 2599 2233 2654 Dei
2263 2601 2327 2654 η.
2359 2619 2379 2654 ι
2419 2603 2770 2670 Apertissime
2813 2619 2910 2673 per
2955 2604 3057 2660 hoc
3084 2618 3206 2659 eum
3253 2606 3350 2673 qui
3401 2608 3561 2661 intel—

1993 2689 2129 2746 lexit
2156 2690 2268 2762 (52)
2297 2693 2425 2762 quid
2455 2693 2526 2748 sit
2555 2709 2621 2748 ex
2655 2693 2758 2749 ﬁde
2783 2704 2838 2750 et
2872 2710 2978 2750 non
3009 2711 3074 2750 ex
3120 2696 3380 2766 Operibus
3402 2697 3563 2765 justi-

1993 2786 2164 2847 ﬁcari,
2206 2787 2272 2840 ad
2329 2801 2512 2856 pacem
2575 2787 2669 2842 Dei
2719 2804 2837 2858 quae
2891 2798 3114 2859 superat
3154 2805 3380 2846 omnem
3413 2807 3560 2846 meu-

1991 2884 2098 2929 tem
2129 2875 2197 2941 ‘3,
2231 2876 2283 2928 in
2316 2891 2417 2945 qua
2447 2884 2502 2930 et
2543 2893 2755 2932 summa
2784 2877 3134 2947 perfectionis
3161 2882 3441 2948 consistit,
3478 2885 3556 2937 in-

1991 2968 2144 3020 vitat.
2179 2967 2285 3021 Sed
2312 2977 2369 3021 ut
2396 2967 2708 3039 diligentius
2738 2985 2958 3024 sensum
2991 2971 3392 3040 perspiciamus
3419 2975 3560 3043 Apo-

1990 3060 2138 3122 stoli,
2167 3061 2295 3129 quid
2327 3061 2430 3116 sibi
2460 3060 2593 3116 velit
2616 3062 2764 3130 pacis
2788 3077 3009 3126 nomen,
3037 3073 3092 3118 et
3113 3065 3232 3134 ejus
3258 3066 3416 3133 pacis
3437 3083 3558 3137 qua:

1990 3166 2084 3218 per
2107 3152 2389 3206 Dominum
2426 3161 2670 3208 nostrum
2701 3153 2975 3208 Christum
3005 3165 3122 3220 est,
3147 3158 3555 3226 perquiramus.

1986 3244 2099 3299 Pax
2131 3245 2329 3300 dicitur
2369 3243 2458 3299 ubi
2491 3259 2650 3300 nemo
2671 3245 2918 3310 dissidet,
2946 3261 3107 3301 nemo
3133 3247 3442 3315 discordat,
3467 3251 3556 3304 ubi

1987 3336 2124 3391 nihil
2150 3336 2364 3403 hostile,
2393 3336 2532 3392 nihil
2558 3337 2851 3392 barbarum
2882 3338 3116 3407 geritur.
3156 3337 3270 3394 Nos
3297 3355 3434 3411 ergo
3465 3343 3555 3411 qui

1986 3429 2273 3500 aliquando
2302 3428 2502 3485 fuimus
2535 3429 2739 3484 inimici
2779 3429 2894 3494 Dei,
2933 3441 3227 3500 sequentes
3267 3432 3484 3488 hostem
3503 3443 3557 3487 et

1987 3530 2273 3592 tyrannum
2298 3520 2598 3588 diabolum,
2622 3535 2765 3576 nunc
2785 3521 2830 3576 si
2863 3521 3010 3576 illius
3038 3538 3188 3576 arma
3212 3523 3555 3593 projicimus,

1983 3620 2039 3667 et
2066 3611 2278 3681 signum
2310 3611 2510 3666 Christi
2539 3618 2594 3666 et
2639 3611 2818 3667 crucis
2848 3611 2968 3681 ejus
2992 3613 3189 3667 vexilla
3221 3616 3553 3685 suscipimus

1985 3703 2124 3776 (33),
2170 3719 2356 3773 pacem
2415 3705 2601 3773 utique
2650 3703 2910 3760 habemus
2952 3706 3017 3759 ad
3069 3705 3275 3772 Deum,
3308 3708 3411 3763 sed
3461 3724 3556 3779 per

1983 3795 2270 3850 Dominum
2308 3805 2552 3849 nostrum
2597 3793 2784 3851 Jesum
2838 3795 3112 3852 Christum
3162 3798 3254 3868 qui
3304 3815 3410 3856 nos
3459 3817 3556 3870 per

1983 3889 2220 3943 hostiam
2237 3889 2522 3957 sanguinis
2547 3888 2628 3944 sui
2653 3889 3028 3944 reconciliavit
3055 3891 3183 3955 Deo,
3199 3892 3350 3946 sicut
3419 3892 3558 3950 scri-

1976 3983 2318 4052 ptumest“:
2347 4000 2366 4033 ι
2393 3981 2526 4035 Cum
2548 3995 2791 4036 essemus
2822 3981 3028 4036 inimici
3058 3983 3172 4047 Dei,
3208 3986 3548 4041 reconciliati

1981 4087 2169 4127 sumus
2219 4085 2314 4140 per
2369 4071 2685 4141 sanguinem
2729 4074 2909 4128 crucis
2949 4073 3073 4127 Filii
3117 4073 3234 4142 ejus
3259 4075 3396 4145 (54).
3429 4095 3447 4129 ι
3486 4076 3550 4131 Et

1980 4160 2107 4214 alibi
2149 4159 2293 4214 idem
2341 4157 2541 4214 Paulus
2583 4161 2789 4214 addidit
2823 4160 2906 4216 his
2947 4161 3136 4218 dicens
3171 4183 3182 4216 :
3217 4182 3235 4213 ι
3276 4163 3551 4235 Rogamus

1978 4269 2077 4324 pro
2124 4253 2362 4319 Christo,
2392 4252 2820 4308 reconciliamini
2872 4253 2980 4309 Deo
3018 4256 3081 4309 “.
3111 4276 3130 4309 ι
3175 4255 3231 4311 Si
3264 4260 3389 4327 quis
3421 4274 3549 4329 ergo

1981 4345 2141 4399 habet
2169 4359 2353 4414 pacem
2389 4345 2456 4399 ad
2482 4345 2672 4410 Deum,
2703 4355 2755 4402 et
2784 4347 3171 4403 reconciliatus
3197 4362 3282 4404 est
3307 4351 3425 4421 (55)
3453 4366 3549 4421 per

300 4433 616 4491 benedicam
650 4446 727 4502 te,
761 4449 816 4494 et
857 4442 1211 4513 magniﬁcabo
1255 4463 1453 4503 nomen
1481 4458 1653 4514 tuum,
1688 4461 1744 4506 et
1770 4453 1860 4506 eri:

2037 4437 2298 4505 .nguinem
2327 4435 2554 4500 Christi,
2581 4435 2723 4491 ultra
2751 4451 2857 4490 non
2885 4437 3167 4506 contingat
3192 4438 3304 4510 (56)
3336 4455 3400 4493 ea
3427 4457 3547 4510 qua:

302 4525 617 4584 benedictus
649 4547 662 4582 :
699 4539 754 4585 et
783 4531 1098 4587 benedicam
1122 4535 1506 4594 benedicentes
1530 4548 1604 4606 te,
1629 4550 1686 4595 et
1707 4542 1878 4596 male-

299 4617 472 4672 dicam
504 4621 889 4679 maledicentes
921 4633 997 4690 te,
1028 4636 1084 4681 et
1108 4627 1499 4685 benedicentur
1521 4631 1572 4684 in
1607 4641 1659 4687 te
1685 4647 1878 4689 omnes

299 4709 472 4795 tribus
511 4722 668 4771 terra}.
699 4715 778 4782 ‘°;
823 4735 842 4767 ι
878 4726 933 4772 et
974 4718 1170 4775 iterum
1216 4737 1339 4777 cum
1380 4723 1510 4779 dicit
1548 4724 1872 4795 Scriptura:

317 4811 336 4843 ι
363 4793 510 4847 Abiit
543 4806 722 4849 autem
759 4799 1034 4854 Abraham
1079 4807 1375 4858 secundum
1403 4820 1469 4859 ea
1501 4821 1622 4874 quae
1662 4793 1874 4864 locutus

383 4907 403 4938 ⁸
433 4907 585 4964 Rom.
619 4927 690 4974 IV,
722 4912 813 4968 23.
876 4917 1044 4972 ’ibid.
1067 4919 1120 4974 5.
1187 4922 1209 4952 ⁸
1237 4920 1392 4975 Joan.
1424 4938 1544 4985 vin,
1569 4922 1658 4982 59.
1685 4923 1775 4977 40.
1851 4925 1860 4957 ¹

388 4979 439 5044 1,
467 4979 522 5036 2.
600 4981 642 5013 ³³
667 4981 866 5050 Philip.
890 5002 964 5050 tv,
995 4990 1046 5044 7.
1126 4990 1170 5022 "
1193 4989 1348 5045 Rom.
1385 5007 1438 5050 ν.
1471 4994 1556 5049 10.
1645 4995 1689 5025 ⁸⁵
1713 4993 1757 5048 11
1782 4994 1856 5050 Co

2037 4939 2098 4976 BS.
2132 4937 2229 4980 xu.
2260 4921 2309 4972 1.
2388 4920 2432 4950 ¹⁰
2474 4917 2602 4972 ibid.

2037 4993 2104 5047 10.
2183 4991 2224 5023 ¹⁶
2247 4989 2403 5044 Rom.
2438 5004 2554 5050 Vtu,
2578 4988 2608 5040 7

305 4994 356 5043 ν,
388 4979 439 5044 1,
467 4979 522 5036 2.
600 4981 642 5013 ιε
667 4981 866 5055 Philip.
890 5002 964 5053 IV,
995 4990 1046 5044 7.
1126 4990 1170 5022 ιι
1193 4989 1348 5045 Rom.
1385 5007 1438 5058 ν,
1471 4979 1556 5049 ω’.

377 5096 491 5170 (25)
523 5098 724 5156 Solum.
759 5104 813 5157 In
847 5107 1010 5162 editis
1041 5109 1332 5167 omittitur.

374 5168 490 5253 (26)
509 5170 636 5253 _Al.,
661 5191 692 5253 _¢
731 5190 850 5242 qme
879 5179 1131 5234 dicuntur
1156 5181 1223 5236 de
1246 5182 1363 5251 ipso
1387 5183 1522 5248 solo,
1547 5182 1643 5239 sed
1672 5192 1728 5238 et
1765 5197 1864 5253 pro

304 5241 459 5293 nobis
489 5241 762 5300 dicuntur.
793 5264 811 5298 ι

526 5312 694 5392 Alias,
732 5332 750 5365 ι
793 5318 847 5392 In
879 5318 1060 5392 quod;
1096 5337 1119 5392 ρ
1154 5318 1253 5385 aL,
1286 5337 1304 5370 r
1336 5322 1517 5392 idque.
1556 5339 1576 5373 ι

528 5381 791 5458 _Ms._t_mtts
831 5379 1012 5450 habet,
1039 5379 1058 5440 ἆ
1089 5379 1531 5458 Ῑυεὶέίίιιιιίίὶιίἰ
1557 5391 1810 5447 Abrahae.
1842 5412 1862 5446 ι

373 5450 485 5590 (‘29)
519 5451 610 5506 1η.
634 5454 892 5510 Merlinus
925 5469 978 5511 et
1012 5450 1416 5527 Ceitebrardus,
1448 5481 1466 5512 ι
1492 5461 1585 5526 ad,
1611 5481 1629 5514 ι
1672 5465 1828 5518 male.

374 5521 463 5587 (ξ’)Ο
537 5521 630 5576 δίε·
667 5528 836 5580 codex
880 5530 1268 5590 Vallis-Clarae,
1328 5543 1380 5586 et
1441 5547 1580 5586 unus
1643 5532 1828 5590 Regius

374 5521 506 5604 (30)"
537 5521 630 5576 “S-
667 5528 836 5580 codex
880 5530 1268 5594 Vallis-Clam,
1328 5543 1380 5586 et
1404 5521 1413 5527 ’
1441 5521 1582 5586 unus
1643 5532 1870 5604 Regius,

310 5605 331 5638 ι
369 5592 784 5650 conﬁrmentur.
831 5616 848 5648 ι

377 5657 492 5733 (ξιξ)
530 5662 697 5733 Alias,
729 5683 746 5715 ο
778 5668 1037 5721 habemus
1063 5670 1128 5724 ad
1163 5670 1361 5724 DeuttL
1397 5691 1414 5723 ι

380 5727 497 5798 1⁵2)
537 5730 694 5798 Editi,
735 5755 753 5787 ι
789 5737 841 5791 iu
875 5753 966 5807 spe
1005 5741 1187 5808 gloria:
1223 5740 1452 5798 filiorum
1486 5742 1599 5800 Dei.
1636 5737 1877 5808 Aperlis-

1981 4529 2196 4583 inimica
2229 4539 2356 4582 sunt
2404 4527 2535 4586 Deo.
2563 4528 2658 4584 Vis
2684 4539 2864 4584 autem
2894 4529 3086 4584 audire
3116 4545 3238 4598 quae
3273 4543 3408 4585 sunt
3443 4538 3544 4587 ista

1979 4636 2103 4692 quae
2133 4621 2354 4676 inimica
2397 4629 2525 4675 sunt
2577 4619 2727 4674 Deo?
2763 4618 2959 4675 Paulus
3001 4621 3116 4688 ipse
3161 4629 3211 4674 te
3240 4621 3420 4685 docet,
3452 4623 3543 4690 qui

1979 4714 2058 4768 ait
2084 4731 2098 4767 :
2143 4731 2162 4765 ‹
2193 4712 2474 4781 Sapientia
2500 4711 2681 4765 carnis
2704 4709 2923 4766 inimica
2950 4722 3034 4766 est
3072 4712 3181 4766 Deo
3207 4729 3222 4766 :
3264 4711 3370 4782 legi
3401 4715 3542 4766 enim

1982 4803 2078 4864 Dei
2111 4819 2217 4857 non
2250 4811 2336 4858 est
2363 4801 2605 4869 subjecta
2626 4802 2688 4855 ιδ.
2718 4820 2737 4852 ι
2773 4800 2830 4856 Si
2855 4815 2987 4870 ergo
3019 4801 3315 4856 carnaliter
3338 4804 3543 4872 sapias,

2388 4920 2432 4950 ¹⁰
2474 4917 2628 4977 ibid..
2662 4917 2719 4982 2,
2763 4917 2818 4972 3.
2897 4917 2938 4948 "
2987 4917 3117 4972 ibid.
3163 4917 3220 4971 4.
3298 4918 3343 4949 ⁸³
3384 4919 3536 4974 Rom.

1974 5113 2114 5168 sime
2137 5111 2280 5184 enim
2309 5123 2404 5178 per
2435 5103 3004 5184 luecqumuintellexit,
3041 5123 3062 5184 ρ
3094 5115 3202 5159 etc.
3439 5175 3448 5184 _
3495 5175 3505 5184 _

2043 5180 2154 5253 (55)
2214 5175 2340 5253 Mss.
2392 5178 2558 5253 nostri
2591 5194 2608 5253 ς
2637 5175 2748 5239 alii,
2805 5192 2826 5225 ι
2864 5176 3246 5248 projirinnis...
3275 5175 3532 5253 __sttscipi-

1975 5243 2095 5306 mus
2119 5243 2146 5315 ;’
2163 5271 2180 5302 ι
2212 5251 2324 5315 alii,
2366 5264 2387 5298 α
2412 5247 2780 5316 projecimus..
2798 5243 3185 5310 suscepimus"
3208 5243 3356 5309 ialii,
3381 5243 3535 5312 «pro-

1962 5321 2260 5390 jiciamus..
2291 5319 2670 5390 suscipiamus.
2680 5333 2713 5390 _i

2062 5390 2152 5460 54)
2191 5389 2354 5453 Editi,
2388 5380 2770 5460 c__rec0ttci_li_ati
2799 5397 2987 5437 sumus
3015 5380 3376 5460 Deo._Si_q_t_tis
3398 5399 3525 5460 ergo

1970 5453 2156 5526 habet,
2188 5481 2206 5511 ι
2239 5469 2346 5514 etc.
2401 5455 2530 5530 Mss.
2571 5455 2788 5530 quidam
2823 5468 2921 5520 pro
2969 5471 2990 5503 α
3012 5453 3341 5530 crugisit‘ilii
3369 5457 3480 5519 ejus
3501 5473 3520 5504 ο

1970 5521 2173 5594 habent
2205 5548 2223 5580 ‹
2254 5529 2432 5584 crucis
2457 5521 2636 5605 ejus.)
2667 5524 2866 5602 omissa
2895 5536 3039 5605 voce.
3060 5521 3150 5605 «IF
3159 5523 3257 5605 1111.-
3284 5542 3308 5605 ρ
3343 5593 3352 5602 _
3417 5594 3425 5602 _

2045 5601 2156 5670 (55)
2183 5601 2279 5652 Ms.
2321 5591 2498 5670 innisi
2539 5593 2770 5661 «Siquis
2803 5606 2935 5660 ergo
2957 5591 3257 5648 habebatur
3281 5593 3519 5649 inimicus

1974 5668 2087 5730 Dei,
2121 5683 2177 5724 et
2204 5668 2581 5722 reconciliatus
2612 5674 2714 5726 est,
2743 5681 2761 5711 υ
2791 5673 2896 5716 etc.

2047 5741 2158 5807 ('56)
2195 5739 2359 5806 Editi,
2400 5755 2421 5790 ι
2448 5753 2554 5793 non
2582 5739 2800 5805 cogitat,
2834 5751 2852 5784 ι
2892 5733 3053 5788 male.
