3684 6148
109 285 265 376 θεολ
1087 321 1446 378 COMMENT.
1482 319 1544 374 IN
1587 317 1806 375 EPIST.
1843 316 1936 372 an
1977 315 2144 373 non.
2181 315 2312 370 LIB.
2357 297 2448 371 IV‘

109 444 212 497 vel
244 444 412 496 vitam
469 450 616 496 tuam
663 441 1054 512 cupiditatibus
1109 445 1295 499 carnis
1341 454 1580 513 exponas
1605 484 1619 505 ,
1654 451 1711 495 et
1740 446 1785 502 Α
1815 441 2113 494 habeamus
2163 440 2229 492 ad
2258 439 2427 492 Deum
2459 454 2474 491 :
2512 455 2530 488 ι
2563 437 2739 491 sciens
2767 435 2892 504 quia
2945 433 3144 489 bellum
3194 445 3385 490 contra

113 533 414 588 affluentia
481 531 796 587 deliciarum
861 532 1152 588 rcsolvaris
1202 531 1357 604 (3'7),
1407 542 1503 586 aut
1561 525 1717 586 si'de
1817 532 2088 588 diabolum
2143 545 2335 600 pacem
2391 538 2615 598 praestat
2659 527 2775 597 (41)
2814 529 2881 588 ad
2923 527 3121 593 Deum,
3153 535 3210 582 et
3261 537 3388 582 tunc

116 623 579 691 legisintellectu
611 622 980 678 carnaliteret
1008 638 1112 678 non
1141 621 1464 693 spiritaliter
1491 623 1713 684 sentias,
1816 627 1988 694 magis
2027 626 2080 678 in
2125 638 2309 693 pacem
2358 621 2450 675 Dei
2507 619 2775 684 venimus,
2823 619 3044 688 quando
3096 620 3387 674 adversum

113 727 179 772 et
219 717 344 772 hare
373 717 769 771 assertionibus
799 717 1033 770 humana
1071 726 1190 769 arte
1229 715 1494 785 quaesitis,
1544 715 1715 782 magis
1815 717 2094 772 diabolum
2121 715 2460 786 persistimus
2509 713 2760 781 impacati
2792 711 2932 782 (62),
2955 721 3010 767 et
3043 715 3265 780 quando
3289 713 3386 765 ad-

113 822 302 876 quam
341 805 579 874 spiritali
616 806 794 875 gratia
852 814 909 861 et
968 805 1242 860 intellectu
1284 804 1564 858 subtiliore
1617 805 1712 858 de-
1815 823 2033 862 versum
2060 807 2240 861 carnis
2264 806 2394 859 vitia
2425 804 2766 858 tlimicamus.
2793 801 3035 872 Denique
3063 813 3119 857 et
3150 802 3387 857 Jacobus

117 896 473 965 fenilas,per
493 895 813 972 sapientiam
839 894 1024 950 carnis
1047 894 1301 951 inimicus
1322 891 1551 949 efﬁceris
1581 893 1709 948 Deo.
1813 898 2089 968 apostolus
2133 897 2206 952 ita
2240 897 2372 952 dicit
2404 913 2418 950 :
2455 915 2474 948 ι
2508 895 2765 950 Resistite
2807 894 3046 960 diabolo,
3079 905 3128 950 et
3157 893 3326 964 fugiet
3353 909 3384 948 a

117 985 244 1041 Nec
276 987 424 1041 solus
458 986 572 1041 haec
603 985 802 1041 Paulus
833 987 886 1040 in
930 987 1042 1042 suis
1081 985 1311 1045 Litteris
1332 987 1558 1042 scribit:
1589 987 1712 1042 audi
1813 990 2005 1045 vobis:
2038 989 2470 1058 appropinquate
2513 987 2646 1053 Deo,
2691 995 2746 1041 et
2798 985 3252 1056 appropinquabit
3291 1001 3385 1039 vo-

118 1089 180 1134 et
218 1077 488 1132 Jacobum
528 1077 753 1132 fratrem
798 1077 1011 1132 Domini
1055 1077 1253 1132 similia
1285 1088 1710 1148 protestantem,
1813 1080 1984 1135 bis“.
2019 1099 2040 1134 ι
2075 1081 2238 1135 Vides
2274 1089 2331 1134 et
2363 1081 2542 1148 ipsum
2579 1080 2650 1132 ita
2677 1078 3090 1146 sensisse,quod
3125 1087 3254 1133 tunc
3284 1094 3384 1146 ap-

117 1187 255 1224 cuin
300 1171 434 1226 dicit
465 1189 480 1226 :
526 1190 545 1222 ι
581 1171 683 1237 Qui
722 1170 953 1226 voluerit
985 1170 1194 1226 amicus
1224 1185 1347 1226 esse
1379 1173 1559 1225 szecnli
1609 1173 1709 1226 hu-
1813 1173 2092 1243 propietur
2116 1171 2247 1236 Deo,
2270 1171 2485 1240 quando
2517 1170 2792 1224 resistitur
2823 1169 3061 1224 diabolo.
3098 1187 3116 1220 ι
3138 1169 3329 1223 Pacem
3359 1189 3380 1222 ι

115 1260 240 1328 jus,
301 1263 554 1316 inimicus
600 1260 695 1314 Dei
732 1263 1103 1317 constituetur
1130 1263 1194 1318 ".
1233 1281 1252 1314 ι
1292 1263 1398 1317 Sed
1447 1271 1502 1317 et
1546 1262 1713 1317 Joan-
1811 1279 1942 1334 ergo
1982 1282 2001 1314 ι
2039 1261 2339 1317 habeamus
2380 1262 2447 1316 ad
2476 1261 2645 1316 Deum
2681 1277 2778 1326 per
2809 1261 3098 1316 Dominum
3131 1269 3382 1316 nostrqu

3278 315 3382 372 99¢

121 1369 228 1407 nes
254 1355 413 1422 paria
447 1363 721 1408 testatur:
765 1369 784 1405 ι
835 1351 1037 1422 Filioli,
1078 1354 1271 1422 inquit,
1309 1353 1478 1410 nolite
1529 1369 1714 1410 amare

124 1445 424 1505 mundum,
461 1459 638 1512 neque
668 1457 732 1498 ea
759 1459 878 1513 qua:
911 1443 1024 1515 (58)
1061 1445 1113 1498 in
1146 1445 1348 1499 mundo
1372 1453 1499 1499 sunt
1529 1463 1542 1500 :
1578 1460 1715 1515 quo-

123 1537 282 1590 niam
319 1551 481 1590 onme
507 1535 648 1603 quod
682 1537 732 1590 in
767 1536 970 1592 mundo
998 1547 1100 1601 est,
1118 1537 1558 1607 concupiscentia
1584 1553 1710 1591 car-

126 1629 217 1682 nis
269 1637 382 1692 est,
419 1638 474 1683 et
519 1628 965 1699 Concupiscentia
1011 1628 1320 1693 oculorum,
1355 1638 1411 1684 et
1465 1629 1714 1700 superbia

125 1720 257 1772 vitae
291 1718 430 1789 (59),
467 1735 586 1788 quze
640 1735 746 1774 non
787 1729 871 1774 est
911 1733 978 1773 ex
1028 1719 1137 1774 Deo
1161 1719 1223 1773 ’9.
1255 1737 1275 1770 ι
1312 1719 1481 1789 Igitur
1511 1719 1562 1774 in
1606 1735 1716 1789 quo

1812 1354 1994 1410 Jesum
2031 1353 2330 1408 Christum.
2361 1371 2381 1404 ι
2431 1351 2498 1406 Ει
2535 1351 2744 1406 addidit
2776 1368 2792 1407 :
2829 1369 2847 1402 ε
2874 1352 2977 1406 Per
3015 1365 3175 1418 quem
3201 1359 3256 1404 et
3294 1365 3389 1403 ac-

1813 1461 2029 1501 cessum
2065 1445 2326 1500 habemus
2356 1443 2407 1498 in
2435 1443 2670 1513 gratiam
2710 1443 2872 1498 istam
2904 1443 2958 1496 in
2987 1458 3091 1511 qua
3122 1451 3383 1496 stamus»

1814 1536 2094 1604 Quomodo
2130 1551 2411 1591 accessum
2440 1535 2699 1589 habemus
2728 1534 2795 1588 ad
2823 1535 3057 1605 gratiam
3081 1549 3178 1603 per
3205 1531 3389 1586 Domi-

1818 1644 1945 1682 nnm
1981 1637 2226 1682 nostrum
2249 1626 2434 1683 Jesum
2458 1627 2761 1694 Christum,
2787 1627 2901 1696 ipse
2925 1625 3179 1681 Salvator
3205 1625 3338 1679 dicit
3364 1643 3380 1680 :

1823 1736 1842 1769 ε
1883 1718 1992 1786 Ego
2044 1733 2164 1772 sum
2215 1718 2416 1772 ostium
2441 1717 2518 1782 ”;
2554 1735 2574 1768 ι
2609 1726 2659 1771 et
2693 1733 2708 1769 :
2743 1735 2762 1767 ι
2792 1716 2960 1771 Nemo
2994 1715 3141 1770 venit
3172 1714 3238 1767 ad
3284 1713 3387 1767 Pa-

122 1811 245 1865 ha:c
274 1821 426 1878 sunt,
473 1827 580 1864 non
619 1820 796 1880 potest
826 1811 1031 1865 habere
1079 1825 1268 1880 pacem
1301 1811 1367 1864 ad
1401 1809 1586 1873 Deum,
1617 1811 1711 1865 sed
1744 1795 1788 1854 Β
1820 1819 1978 1873 trem,
2006 1808 2109 1863 nisi
2139 1823 2238 1878 per
2268 1824 2352 1863 me
2377 1808 2448 1862 ³³.
2483 1827 2504 1862 ι
2551 1808 2653 1863 Per
2683 1809 2857 1876 ipsum
2897 1823 3029 1877 ergo
3060 1807 3153 1877 qui
3185 1807 3380 1862 ostium

128 1919 355 1957 rursum
403 1902 721 1957 inimicitias
759 1903 1006 1970 suscitat,
1036 1902 1158 1957 illas
1205 1916 1304 1971 pro
1361 1902 1560 1972 quibus
1604 1903 1712 1957 sol-

125 1994 331 2049 vendis
364 1992 616 2048 Christus
670 1995 926 2059 advenit,
963 1994 1105 2048 sicut
1137 2004 1189 2048 et
1244 1995 1385 2048 idem
1404 1996 1713 2063 .Apostolus

129 2082 267 2137 dicit
303 2081 374 2136 de
406 2082 668 2139 Christo:
708 2102 726 2134 ι
751 2083 864 2151 Ipse
891 2093 975 2139 est
1024 2085 1171 2138 enim
1221 2100 1324 2154 pax
1370 2093 1580 2151 nostra,
1615 2086 1711 2155 qui

129 2174 266 2230 fccit
320 2185 551 2245 utraque
614 2190 804 2242 unum,
865 2185 921 2230 et
963 2177 1203 2232 medium
1252 2177 1518 2246 parietem
1569 2178 1713 2247 sepis

136 2266 384 2330 solvens,
419 2266 726 2322 inimicitias
769 2268 821 2320 in
863 2283 1028 2323 carne
1059 2286 1154 2323 sua
1189 2288 1200 2322 :
1230 2271 1399 2341 legem
1433 2275 1719 2330 mandato-

133 2371 258 2410 rum
302 2357 362 2410 in
400 2358 631 2413 decretis
675 2375 960 2425 evacuans,
994 2370 1055 2416 ut
1098 2363 1234 2416 duos
1261 2364 1521 2420 conderet
1548 2367 1601 2420 in
1635 2381 1719 2422 se-

134 2449 393 2518 metipso,
438 2450 491 2506 in
544 2469 654 2507 uno
695 2469 835 2508 novo
867 2455 1086 2509 homine
1125 2455 1328 2511 faciens
1373 2473 1560 2526 pacem
1592 2459 1654 2514 ⁸⁸.
1687 2479 1709 2512 ›

131 2542 289 2606 Quod
331 2543 376 2598 si
418 2543 666 2600 Christus
717 2547 937 2600 advenit
982 2557 1042 2601 ut
1093 2547 1404 2604 inimicitias
1457 2551 1708 2618 solveret,

135 2644 326 2697 pacein
379 2629 602 2696 faceret,
645 2645 709 2684 ac
751 2631 1074 2688 dissidentes
1131 2648 1230 2688 nos
1268 2645 1489 2705 propter
1525 2652 1708 2705 sepem

136 2721 359 2775 malitiae
421 2737 581 2790 quam
635 2723 909 2791 peccando
967 2724 1282 2792 texuimus,
1334 2727 1711 2782 reconciliaret

138 2815 248 2867 Deo
271 2815 480 2882 peccati
519 2828 646 2883 sepe
683 2815 923 2869 resoluta
967 2832 982 2869 :
1027 2816 1118 2885 qui
1160 2817 1356 2872 iterum
1389 2818 1456 2890 ad
1490 2828 1709 2888 peccata

136 2905 501 2967 convertitur,
537 2907 654 2960 sine
682 2906 844 2960 dubio
881 2921 1072 2962 rursus
1112 2908 1423 2964 inimicitias
1453 2923 1707 2979 reparat,

136 3007 192 3050 et
229 3011 414 3066 sepem
467 2999 824 3054 dissensionis
879 3000 1108 3064 intexit,
1161 3009 1217 3053 et
1268 3015 1366 3069 per
1412 3000 1528 3056 haec
1577 3017 1711 3070 opus

136 3088 340 3144 Christi
403 3089 584 3155 solvit,
623 3101 676 3146 et
712 3105 926 3146 crucem
984 3092 1254 3162 passionis
1291 3092 1408 3163 ejus
1457 3103 1703 3147 evacuat.

140 3178 241 3233 Sed
272 3197 373 3236 nos
410 3199 429 3233 ι
455 3182 733 3250 justificati
770 3197 834 3237 ex
866 3182 992 3250 fide,
1016 3198 1205 3253 pacem
1230 3185 1524 3240 habeamus
1549 3183 1712 3258 536

138 3270 202 3322 ad
233 3271 401 3326 Deum
432 3288 530 3342 per
562 3274 847 3328 Dominum
889 3287 1136 3330 nostrum
1167 3273 1350 3330 Jesnm
1377 3274 1705 3330 Christum.»

141 3362 448 3418 Habeamus
478 3380 666 3434 pacem
699 3375 758 3418 ut
787 3365 926 3420 ultra
959 3382 1063 3420 non
1097 3367 1414 3422 adversetur
1443 3383 1570 3423 caro
1598 3370 1712 3440 spi-

139 3455 284 3519 ritui,
327 3470 430 3510 nec
468 3455 569 3525 legi
625 3457 718 3510 Dei
755 3459 1050 3512 obsistatur
1083 3475 1112 3512 a
1159 3460 1277 3530 lege
1323 3460 1709 3516 membrorum.

141 3545 252 3600 Non
284 3548 356 3602 sit
407 3548 460 3601 in
505 3549 662 3602 nobis
697 3559 817 3604 «est
843 3559 1025 3604 etnon
1051 3551 1130 3617 ”,
1154 3571 1174 3604 ι
1222 3552 1317 3606 sed
1347 3567 1511 3606 unum
1555 3552 1710 3606 dica-

143 3653 257 3692 mus
285 3654 503 3703 omnes,
545 3640 732 3694 eadem
781 3641 1082 3708 sapiamus,
1129 3657 1232 3697 nec
1280 3643 1421 3696 intra
1473 3652 1712 3697 nosmet-

143 3729 302 3798 ipsos,
337 3747 438 3785 nec
461 3732 802 3787 extrinsecus
825 3734 891 3788 ad
919 3734 1150 3788 invicem
1180 3735 1445 3789 habeatur
1467 3735 1572 3788 ulla
1599 3735 1710 3790 dis-

143 3822 342 3884 sensio,
366 3831 421 3876 et
452 3830 578 3875 tunc
608 3837 795 3891 pacem
830 3823 1152 3878 habebimus
1175 3822 1289 3894 (40)
1324 3825 1389 3877 ad
1421 3823 1588 3879 Deum
1616 3839 1713 3894 per

144 3911 422 3967 Dominum
481 3925 726 3970 nostrum
787 3913 970 3970 Jesum
1001 3915 1302 3971 Christum.
1356 3915 1486 3970 Illud
1527 3923 1707 3970 autem

143 4005 446 4060 certissime
471 4006 751 4060 sciendum
781 4016 886 4071 est,
905 4007 1033 4075 quia
1060 4009 1239 4062 omnis
1267 4008 1321 4062 in
1349 4022 1461 4078 quo
1485 4017 1568 4062 est
1597 4022 1713 4061 ma-

141 4093 269 4151 litiae
301 4098 516 4162 vitium,
561 4114 840 4167 nunquam
877 4109 1056 4168 potest
1081 4099 1284 4154 habere
1321 4113 1532 4169 pacem.
1575 4099 1710 4154 Dum

144 4189 284 4241 enim
334 4205 554 4258 semper
603 4191 806 4260 cogitat
858 4193 1131 4261 quomodo
1181 4190 1338 4245 laedat
1402 4191 1710 4261 proximum

147 4295 320 4344 suum,
339 4283 466 4335 dum
489 4297 705 4352 semper
727 4283 952 4337 nocendi
982 4292 1131 4338 artes
1155 4283 1407 4353 requirit,
1433 4297 1710 4353 nunquam

146 4386 291 4428 incus
319 4375 434 4440 ejus
470 4375 521 4427 in
563 4388 692 4442 pace
717 4375 984 4430 consistit.
1016 4375 1167 4442 Quod
1209 4376 1254 4430 si
1287 4375 1535 4446 requiras
1563 4391 1594 4430 a
1624 4390 1711 4430 me

1817 1909 1901 1954 est
1933 1898 2068 1970 (43),
2093 1913 2373 1954 accessum
2411 1897 2675 1954 habemus
2698 1899 2767 1951 ad
2796 1898 3046 1968 gratiam.
3074 1896 3180 1952 Sed
3208 1897 3387 1950 videa-

1819 2006 1940 2046 mus
1967 1990 2128 2062 quale
2161 2000 2244 2045 est
2269 1990 2490 2054 ostium,
2533 1999 2594 2043 ut
2641 1988 2883 2044 sciamus
2921 1986 3110 2057 quales
3139 2001 3260 2043 esse
3284 1987 3387 2041 de-

1818 2085 1980 2136 beant
2017 2080 2113 2149 qui
2141 2081 2349 2134 intrent
2379 2095 2476 2150 per
2514 2080 2710 2150 ipsum,
2742 2087 2798 2134 et
2835 2093 3118 2134 accessura
3153 2079 3389 2134 habeant

1817 2173 1885 2226 ad
1925 2172 2185 2243 gratiam.
2213 2171 2365 2227 Istud
2397 2173 2598 2226 ostium
2637 2173 2838 2226 veritas
2853 2181 3032 2237 est,et
3063 2186 3160 2241 per
3183 2171 3385 2226 ostium

1817 2265 2063 2319 veritatis
2098 2279 2204 2318 non
2244 2273 2469 2334 possunt
2504 2264 2737 2318 introire
2770 2264 3090 2319 mendaces.
3143 2263 3209 2317 Et
3261 2278 3387 2316 rur-

1816 2370 1936 2412 sum
1973 2356 2119 2411 istud
2150 2356 2347 2411 ostium
2377 2354 2588 2425 justitia
2621 2364 2728 2416 est.
2771 2366 2828 2410 et
2857 2370 2954 2425 per
2994 2355 3195 2410 ostium
3223 2355 3390 2424 justi-

1819 2447 1908 2500 tiae
1933 2446 2056 2502 non
2108 2447 2490 2518 ingrediuntur
2539 2445 2751 2514 injusti.
2787 2447 2930 2501 Istud
2964 2448 3163 2501 ostium
3207 2447 3384 2503 dicit:

1823 2555 1840 2587 ι
1885 2535 2082 2592 Discite
2108 2552 2138 2589 a
2165 2551 2250 2591 me
2284 2537 2409 2605 quia
2438 2536 2589 2590 mitis
2621 2550 2741 2590 sum
2771 2545 2826 2590 et
2851 2536 3072 2590 lunnilis
3097 2537 3259 2590 corde
3279 2535 3380 2590 ".-

1816 2629 1920 2684 Per
1949 2631 2147 2683 ostium
2187 2643 2320 2699 ergo
2362 2627 2686 2684 humilitatis
2727 2637 2783 2684 et
2817 2629 3250 2684 mansuetudinis
3284 2645 3387 2683 nec

1817 2721 2112 2776 iracundus
2138 2721 2459 2790 ingreditur,
2495 2734 2593 2775 nec
2635 2723 2924 2791 superbus.
2967 2721 3024 2776 Si
3056 2723 3179 2792 quis
3205 2723 3386 2792 itaque

1814 2823 1897 2866 est
1942 2812 2032 2880 qui
2067 2812 2364 2866 secundum
2394 2813 2636 2880 Apostoli
2676 2814 2922 2876 verbum,
2959 2829 3055 2882 per
3095 2814 3382 2867 Dominum

1816 2915 2060 2958 nostrum
2091 2901 2275 2958 Jesum
2305 2903 2583 2959 Christum
2622 2921 2902 2960 accessum
2936 2906 3054 2960 vult
3095 2907 3296 2962 habere
3330 2907 3382 2961 in

1815 2995 2043 3064 gratiam
2084 2993 2320 3058 Domini,
2353 2995 2406 3049 in
2440 3011 2546 3063 qua
2579 2996 2801 3062 Paulus,
2841 3009 2896 3053 et
2923 2998 2968 3052 si
2993 2998 3086 3068 qui
3135 3008 3265 3052 sunt
3305 3001 3385 3053 si-

1817 3086 1972 3143 miles
2004 3085 2141 3155 ejus,
2165 3097 2314 3143 stare
2343 3103 2403 3143 se
2431 3089 2586 3156 dicit,
2604 3098 2828 3158 oportet
2851 3104 2974 3145 eum
3007 3090 3078 3144 ab
3102 3091 3187 3145 his
3213 3092 3387 3144 omni-

1737 3151 1780 3209 ο
1814 3181 1918 3234 bus
1941 3151 2062 3250 quae
2095 3151 2259 3249 supra
2292 3151 2718 3234 memoravimus
2745 3195 2867 3236 esse
2889 3189 3199 3250 purgatum.
3230 3181 3387 3236 Alio-

1813 3271 1942 3340 quin
1979 3285 2086 3325 nou
2125 3270 2363 3340 patietur
2417 3271 2520 3326 hoc
2567 3272 2769 3327 ostium
2822 3272 3047 3328 introire
3074 3287 3170 3328 eos
3198 3287 3297 3343 per
3323 3289 3388 3328 se

1814 3363 1906 3433 qui
1935 3377 1999 3418 ea
2039 3378 2159 3434 qua:
2186 3377 2217 3416 a
2259 3377 2322 3418 se
2369 3363 2545 3418 aliena
2575 3373 2703 3417 sunt
2749 3373 2966 3434 gerunt,
2999 3365 3094 3419 sed
3127 3364 3386 3421 continuo

1810 3455 2086 3510 clauditur
2123 3466 2178 3511 et
2219 3456 2456 3510 transire
2491 3470 2587 3524 per
2614 3470 2674 3510 se
2707 3471 2811 3509 non
2839 3455 2970 3510 sinit
2996 3455 3290 3512 dissimiles
3318 3456 3388 3511 si-

1809 3546 1886 3600 bi.
1918 3544 2031 3601 Hoc
2060 3545 2320 3600 nimirum
2345 3553 2432 3600 est
2451 3544 2596 3614 quod
2621 3553 2676 3598 et
2706 3544 2812 3598 illis
2841 3545 3084 3613 quinque
3123 3542 3388 3613 insipien-

1813 3637 1956 3692 tibus
1983 3636 2281 3706 virginibus
2314 3636 2536 3701 accidit,
2573 3650 2694 3706 qua:
2723 3637 2980 3706 quoniam
3005 3634 3186 3690 oleutn
3217 3634 3388 3690 boum

1812 3743 1931 3782 rum
1960 3742 2184 3798 Operum
2218 3729 2272 3782 in
2311 3728 2548 3784 vasculis
2587 3728 2703 3784 suis
2755 3743 2859 3783 non
2914 3727 3266 3798 collegerant,
3291 3742 3388 3782 ve-

1812 3820 2026 3874 nientes
2053 3829 2176 3888 post
2213 3835 2418 3890 moras,
2449 3822 2694 3876 clausum
2734 3821 2931 3875 ostium
2962 3820 3288 3876 invenerunt
3315 3820 3387 3874 '5.

1813 3910 1923 3966 Nec
1948 3913 2094 3966 enim
2147 3923 2400 3983 poterant
2433 3913 2754 3983 insipientes
2804 3914 3002 3968 animae
3042 3929 3138 3984 per
3185 3913 3386 3970 ostium

1819 4003 2052 4058 introire
2085 4005 2388 4075 sapientiae,
2423 4013 2480 4060 et
2515 4020 2793 4062 accessum
2825 4006 3032 4061 habere
3065 4005 3120 4060 iu
3149 4005 3383 4075 gratiam

1813 4096 1948 4168 (44).
1976 4096 2120 4150 Bene
2166 4107 2349 4152 autem
2384 4097 2663 4165 apostolus
2708 4095 2909 4152 Paulus
2938 4097 2992 4151 in
3029 4097 3204 4166 gratia
3237 4103 3388 4150 stare

1812 4201 1872 4242 se
1906 4187 2056 4253 dicit,
2104 4187 2196 4257 qui
2238 4197 2295 4242 et
2335 4189 2462 4243 alibi
2503 4188 2679 4245 dixit:
2735 4206 2755 4240 ι
2780 4187 3161 4242 Abundantius
3205 4197 3386 4242 autem

1811 4293 1973 4348 quam
2003 4293 2194 4332 omnes
2225 4277 2301 4332 illi
2333 4277 2574 4335 laboravi
2603 4299 2616 4335 :
2643 4295 2747 4333 non
2780 4287 2963 4333 autem
2985 4292 3106 4348 ego,
3139 4277 3232 4333 sed
3257 4293 3384 4344 gra-

1812 4369 1885 4422 tia
1917 4367 2012 4422 Dei
2051 4383 2262 4423 meeum
2288 4369 2354 4425 “.
2383 4388 2402 4422 ι
2442 4367 2596 4424 Unde
2625 4370 2670 4425 si
2697 4371 2820 4439 quis
2839 4378 2923 4424 est
2947 4369 3088 4424 alius
3107 4369 3200 4439 qui
3230 4367 3385 4422 labo-

148 4465 601 4535 quomodojustns
625 4475 803 4531 potest
830 4465 1032 4520 habere
1060 4479 1274 4536 pacem,
1299 4467 1392 4536 qui
1426 4466 1708 4536 impugna—
1736 4490 1782 4544 ο
1814 4469 1895 4514 ret
1923 4459 2322 4525 abundantius,
2373 4468 2428 4514 et
2454 4460 2544 4528 qui
2582 4459 2846 4531 glorietur
2889 4461 2942 4516 in
2979 4457 3389 4514 infirmitatibus

151 4559 232 4604 tur
261 4569 288 4606 a
319 4556 556 4622 diabolo,
588 4556 680 4623 qui
716 4557 1074 4611 tentationum
1108 4557 1250 4612 bella
1282 4566 1573 4620 sustentat,
1605 4572 1708 4627 ego

151 4642 315 4710 ipsum
347 4650 518 4716 magis
564 4663 725 4716 supra
755 4663 944 4703 onmes
985 4658 1211 4703 caeteros
1246 4649 1449 4703 habere
1476 4650 1705 4703 dixerim

150 4749 348 4802 pacem.
384 4739 514 4796 Vide
562 4741 704 4795 enim
738 4750 790 4795 et
834 4740 1124 4811 Apostolus
1153 4756 1317 4812 quam
1354 4744 1711 4798 observanter

152 4831 362 4883 scribat.
401 4831 516 4886 Non
545 4834 682 4888 dixit
715 4851 728 4886 :
765 4851 785 4885 i
814 4832 1110 4888 Justilicati
1152 4834 1316 4904 igitur
1353 4849 1419 4890 ex
1457 4835 1582 4902 fide,
1609 4851 1709 4906 pa-

151 4929 261 4972 cem
299 4921 613 4989 habeamus,
640 4943 660 4978 ι
702 4932 760 4982 et
791 4925 980 4989 siluit;
1013 4926 1108 4982 sed
1139 4925 1427 4996 adiungit:
1467 4943 1486 4978 ι
1519 4926 1711 4982 Pacem

219 5054 465 5130 ‘_"Jacob.
494 5075 570 5124 tv,
600 5057 685 5130 Al._
732 5059 811 5112 ⁸⁸1
840 5058 999 5115 Joan.
1035 5073 1097 5122 ll,
1140 5059 1231 5124 l5,
1267 5060 1355 5114 16.
1431 5060 1475 5091 ¹⁹
1529 5058 1705 5130 Ephes

1884 5058 1959 5127 l4,
2004 5059 2094 5114 15.

1811 4552 1946 4615 suis,
1971 4552 2064 4620 qui
2096 4551 2148 4604 in
2178 4551 2438 4621 periculis
2464 4566 2608 4622 saepe
2638 4563 2903 4619 versetur,
2938 4571 2956 4604 ι
2991 4551 3250 4623 periculis
3271 4566 3390 4604 ma-

1813 4643 2177 4714 ris,periculis
2202 4642 2481 4698 fluminum
2510 4641 2649 4716 (45),
2670 4644 2928 4712 periculis
2959 4644 3256 4708 latronum,
3281 4655 3379 4710 pe-

1812 4737 2004 4792 riculis
2029 4736 2080 4790 in
2109 4733 2263 4790 falsis
2292 4735 2560 4791 fratribus
2584 4737 2654 4800 ’7,
2681 4755 2700 4788 ›
2726 4745 2783 4790 et
2812 4736 2864 4789 in
2896 4736 2980 4789 lus
3003 4737 3256 4789 omnibus
3277 4741 3387 4788 stet

1813 4843 2030 4898 semper
2061 4828 2116 4882 in
2143 4828 2274 4894 fide,
2303 4839 2406 4882 iste
2426 4827 2676 4882 similiter
2704 4838 2850 4881 stare
2875 4828 3074 4883 dicitur
3098 4829 3151 4881 in
3179 4827 3386 4896 gratia.

1817 4925 1925 4981 Sed
1958 4934 2016 4980 et
2045 4923 2190 4994 quod
2215 4924 2483 4992 sequitur,
2524 4939 2544 4973 ι
2574 4920 2642 4976 Ει
2665 4921 2964 4992 gloriamur
2990 4920 3044 4974 in
3069 4935 3166 4990 spe
3198 4919 3386 4989 gloriae

2193 5057 2239 5089 ²⁰
2270 5056 2288 5110 1
2315 5055 2442 5111 Cor.
2489 5071 2529 5120 ι,
2571 5056 2759 5112 17-19.
2835 5057 2880 5088 ’⁸
2909 5053 3100 5112 Jacoh.
3140 5071 3214 5118 tv,
3243 5057 3296 5118 7,

151 5122 193 5155 "
217 5122 368 5184 Joun.
402 5133 529 5196 x,9.
556 5122 564 5124 ἡ
587 5130 633 5161 ³³
659 5127 813 5185 Joan.
843 5147 950 5198 xw,
971 5130 1024 5185 6.
1097 5130 1146 5162 “
1173 5122 1364 5185 Matth.
1389 5145 1464 5197 xt,
1491 5122 1594 5186 29..
1653 5130 1700 5162 ³⁵
1721 5122 1910 5185 Matth.
1944 5122 2074 5194 xxv,
2103 5128 2160 5196 8,
2196 5128 2288 5182 10.
2363 5127 2409 5158 ³⁸
2434 5127 2457 5182 1
2481 5127 2610 5184 Cor.
2647 5142 2738 5192 xv,
2763 5127 2830 5181 l0
2905 5127 2948 5157 ³⁷
2973 5128 3014 5181 11
3033 5129 3160 5182 Cor.
3189 5143 3265 5192 xi,
3291 5129 3384 5180 26.

219 5243 325 5315 (57η)
360 5247 524 5312 Alias,
555 5266 575 5300 ι
595 5249 855 5304 resolvas.
878 5269 897 5302 ι

222 5314 330 5385 (58)
360 5318 518 5385 Editi,
551 5337 569 5370 ί
595 5323 710 5389 pari
743 5320 936 5389 spiritu
955 5329 1284 5375 attestatur:
1315 5317 1515 5383 Filioli,
1536 5316 1705 5372 nolite

159 5394 330 5439 amare
349 5401 408 5458 ea
439 5405 578 5458 quae,
607 5411 624 5441 ι
651 5401 755 5444 etc.
789 5390 1052 5447 Ms.unus
1075 5391 1260 5458 habet_
1283 5409 1301 5440 ι
1327 5389 1503 5443 Filioli
1540 5389 1700 5450 mei,»

161 5465 257 5532 pro
306 5473 323 5504 ε
350 5445 776 5532 Filioli,]nquit.
804 5480 824 5514 ι
854 5445 1156 5523 ’Rabauus,
1197 5445 1260 5515 et‘
1311 5476 1442 5515 mss.
1484 5445 1704 5529 quidam

160 5531 410 5598 0111911111(
433 5538 486 5581 et
517 5547 535 5580 ε
567 5531 742 5598 inquit
765 5549 784 5582 ι
812 5540 868 5585 et
898 5548 916 5579 ‹
940 5532 1065 5583 mei.
1089 5549 1106 5580 ι

166 5656 175 5665 .
227 5591 334 5662 (59)
364 5592 432 5646 Et
463 5591 705 5671 superbia
732 5601 865 5654 vitae.
910 5599 1030 5671 lliec
1061 5601 1224 5671 verba
1251 5614 1356 5655 non
1387 5607 1704 5671 comparent

164 5672 212 5711 tu
234 5670 611 5740 luissannstris,
647 5684 743 5724 nec
777 5671 915 5740 apud
947 5668 1259 5728 Rtbaitum.

228 5730 334 5799 (40)
369 5736 529 5806 Alias,
571 5757 590 5794 ι
626 5730 898 5796 Ιιυὺειιιῖιε.
931 5759 950 5793 ι

1885 5247 1998 5318 (41)
2040 5244 2132 5302 Sic
2175 5259 2368 5300 omnes
2423 5260 2557 5302 mss.
2601 5247 2800 5302 nostri.
2845 5245 2991 5301 Editt
3023 5260 3189 5313 vero,
3238 5263 3258 5297 ι
3284 5262 3384 5314 pa-

1813 5327 2001 5460 ηίδὲῖ
2030 5385 2206 5452 Alias,
2242 5403 2262 5439 ι
2282 5395 2471 5443 contra
2503 5397 2759 5460 peccata;
2787 5405 2808 5441 ι
2839 5386 2936 5452 al.,
2965 5405 2984 5440 ο
3009 5385 3061 5441 in
3084 5386 3378 5453 peccatis,»

1813 5457 2001 5594 mil/fi)
2041 5526 2220 5593 Alias,
2255 5546 2273 5580 ‹
2299 5527 2428 5596 quia
2463 5528 2662 5583 οείί¹¹¹¹¹
2691 5541 2793 5582 es"
2829 5547 2846 5580 '

1884 5596 1996 5665 (M)
2034 5598 2201 5666 Alias,
2243 5617 2260 5647 ι
2297 5601 2350 5650 in
2383 5600 2610 5666 gratiam
2642 5599 2821 5652 istam.
2850 5618 2867 5648 ι

1883 5667 1996 5736 (45)
2035 5665 2296 5720 Periculi;
2330 5665 2629 5736 ﬂuminum.
2660 5667 2780 5723 llaec
2814 5668 3086 5726 adduntur
3113 5668 3272 5726 verba
3304 5671 3374 5726 ab

1812 5754 1918 5794 uno
1946 5755 2044 5793 ms.
2081 5738 2247 5808 Regio
2278 5735 2337 5794 ct
2370 5755 2398 5791 a
2436 5735 2675 5794 “abnuo.
