3684 6148
313 261 410 317 ﬁt}!

1807 260 2127 318 ORIGENIS

3481 262 3572 318 99!

308 380 404 464 Dei
429 380 498 444 ⁸⁸,
528 398 547 432 ι
575 378 735 449 quale
761 379 833 433 sit
865 379 1166 436 videamus.
1203 381 1378 436 Movet
1416 393 1504 436 me
1541 396 1638 435 cur
1672 397 1777 437 non
1810 383 1892 436 di-
1920 389 1964 442 Α
1997 381 2132 435 riam
2159 379 2342 446 dicat;
2385 381 2479 436 sed
2522 381 2626 435 hoc
2667 380 2796 435 Inibi
2827 379 3045 436 videtur
3076 381 3400 441 ostendere,
3435 387 3572 450 quod

309 474 454 526 xerit
480 473 700 542 gloriari
732 486 792 527 se
841 471 894 525 in
942 473 1110 542 gloria
1148 472 1263 537 Dei,
1297 474 1390 527 sed
1427 493 1445 525 ι
1481 475 1532 527 iu
1575 490 1668 544 spe
1697 476 1883 544 gIoIia:

307 564 402 617 Dei
431 581 444 618 :
488 583 506 614 ι
544 564 596 614 in
625 579 732 630 quo
761 563 949 615 deesse
977 563 1195 631 quidem
1227 563 1430 632 aliquid
1459 564 1781 619 elocutionis
1805 568 1884 620 vi-

303 656 485 717 detur,
518 655 589 708 ita
626 663 682 708 ut
729 654 1008 708 subaudiri
1051 655 1268 716 debeat,
1319 675 1337 708 ι
1370 657 1422 709 in
1455 671 1549 724 Spe
1583 677 1602 708 ι
1640 657 1883 712 videnda:

245 761 252 770 '
309 765 328 798 ι
365 746 550 816 gloria:
591 745 707 800 Dei.
747 764 765 795 ι
803 745 1010 800 Edocet
1036 757 1216 800 autem
1249 763 1347 802 nos
1373 763 1468 817 per
1493 748 1629 811 ha:c,
1655 748 1794 804 sicut
1827 761 1882 804 et

302 842 430 894 alibi
464 841 577 910 ipse
607 841 763 904 dicit,
795 841 925 910 quia
958 859 977 893 ι
1003 857 1124 910 qua:
1150 853 1463 910 sperantur,
1487 855 1687 897 aeterna
1719 852 1877 908 sunt;

301 949 423 1004 qua:
455 942 632 986 autem
668 935 941 996 videntur,
998 933 1316 1001 temporalia
1341 935 1408 988 ’³.
1449 953 1468 986 ι
1503 932 1638 987 Nam
1679 934 1882 988 vidisse

309 1026 510 1078 dicitur
538 1037 592 1079 et
620 1024 832 1094 Moyses
855 1025 1081 1094 gloriam
1126 1029 1220 1080 Dei
1247 1026 1328 1089 ³⁰;
1361 1025 1568 1081 vidisse
1594 1027 1792 1081 dicitur
1826 1033 1882 1078 et

306 1115 535 1182 populus
593 1115 644 1168 in
695 1116 1106 1170 consecratione
1160 1117 1352 1171 domus
1403 1116 1616 1170 Domini
1649 1116 1879 1187 gloriam

305 1204 399 1260 Dei
445 1203 688 1258 Israel".
726 1205 831 1259 Sed
871 1215 926 1260 et
964 1208 1031 1260 de
1082 1209 1384 1276 lmjnsmodi
1418 1207 1587 1278 gloria
1641 1223 1762 1276 qua:
1795 1208 1878 1261 vi-

305 1299 421 1349 deri
455 1297 653 1365 potuit,
685 1313 852 1351 ausus
883 1308 966 1350 est
988 1299 1316 1368 Paulus,qui
1345 1310 1463 1353 erat
1494 1300 1875 1370 mysteriorum

304 1386 398 1440 Dei
453 1403 692 1456 gnarus,
738 1391 1096 1456 pronuntiare
1127 1389 1198 1454 ³³,
1231 1393 1376 1459 quod
1435 1391 1523 1445 illa
1563 1391 1736 1463 gloria
1781 1393 1875 1446 de-

294 1491 562 1545 struetur,
599 1494 718 1549 qua:
755 1481 924 1534 etiam
959 1481 1010 1533 in
1039 1481 1188 1534 vultu
1222 1481 1394 1552 Moysi
1422 1484 1725 1539 videbatur.
1749 1482 1875 1540 Hac

293 1583 476 1626 autem
518 1573 688 1637 gloria
737 1587 856 1640 qua:
903 1583 1176 1641 speratur,
1212 1573 1279 1628 de
1311 1589 1414 1643 qua
1447 1575 1600 1641 dicit,
1643 1595 1661 1626 ι
1690 1575 1746 1630 In
1777 1590 1873 1644 spe

1987 472 2104 528 ista:
2130 475 2312 544 gloria:
2341 489 2462 543 quae
2489 475 2574 528 vel
2603 491 2700 545 per
2730 475 2949 544 Moysen
2969 476 3273 544 prioribus,
3301 475 3394 530 vel
3420 477 3571 530 nobis

1983 581 2081 635 per
2109 567 2397 620 adventum
2423 568 2608 620 carnis
2641 566 2838 622 Christi
2883 568 3080 622 delatae
3116 579 3266 632 sunt,
3310 583 3419 622 non
3453 568 3567 623 fue-

1984 665 2110 710 runt
2156 656 2492 726 angelorum,
2546 658 2642 710 sed
2687 659 3016 726 hominum;
3071 658 3394 713 hominibus
3429 662 3564 713 enim

1983 750 2304 804 ministrata:
2337 759 2484 816 sunt,
2517 760 2571 804 et
2595 749 2815 804 fuerunt
2837 751 2956 820 ejus
2985 767 3256 806 mensura:
3311 767 3458 820 quas
3483 768 3566 805 ca-

1984 854 2110 910 pere
2142 840 2395 894 homines
2427 849 2652 910 possent
2689 857 2704 895 :
2738 841 2824 895 illa
2855 857 3007 905 vero,
3038 843 3089 896 in
3119 860 3226 912 qua
3258 843 3440 896 Filius
3476 844 3567 896 ho-

1983 931 2145 986 minis
2169 932 2234 985 ad
2256 933 2518 1002 judicium
2551 933 2734 987 mundi
2761 943 3027 988 venturus
3049 945 3155 999 est,
3185 937 3368 1003 gloria
3394 935 3564 992 Patris

1984 1032 2129 1077 tanta
2161 1023 2285 1090 erit,
2317 1039 2440 1093 qua:
2469 1040 2499 1078 a
2529 1025 2660 1079 solis
2688 1027 2894 1096 angelis
2922 1027 3038 1094 capi
3086 1029 3288 1095 posSit.
3331 1028 3391 1082 Si
3439 1045 3563 1083 vero

1980 1112 2146 1168 etiam
2174 1125 2492 1169 sanctorum
2527 1115 2693 1185 aliqui
2721 1131 2952 1185 capaces
2977 1119 3124 1174 illius
3158 1119 3356 1189 gloria:
3394 1122 3561 1174 exsti-

1982 1205 2170 1268 terint,
2197 1203 2273 1260 illi
2306 1205 2560 1260 nimirum
2602 1219 2762 1261 erunt
2807 1208 2872 1263 de
2907 1209 3104 1275 quibus
3146 1210 3386 1276 dicitur,
3423 1212 3558 1278 Quia

1984 1307 2003 1341 ι
2045 1296 2206 1343 erunt
2255 1288 2394 1344 sicut
2436 1289 2607 1361 angeli
2657 1290 2749 1344 Dei
2784 1290 2850 1346 “.
2899 1310 2917 1341 ι
2963 1293 3029 1345 Ει
3069 1297 3172 1347 hnc
3212 1295 3382 1348 modo
3425 1311 3565 1350 rerle

1977 1383 2044 1440 de
2073 1381 2251 1437 futura
2280 1381 2465 1453 gloria,
2508 1398 2629 1452 qua:
2675 1384 2940 1452 speranda
2975 1395 3076 1448 est,
3109 1385 3318 1440 dictum
3348 1387 3564 1442 videtur

1975 1475 2117 1545 quod
2155 1475 2322 1530 Filius
2374 1475 2611 1532 hominis
2662 1477 2844 1531 veniat
2887 1496 2905 1528 ι
2951 1479 3006 1531 in
3045 1480 3211 1550 gloria
3252 1479 3470 1544 Patris,
3512 1495 3562 1537 et

1973 1575 2280 1622 sanctorum
2311 1567 2653 1637 angelorum,
2699 1587 2717 1618 ι
2747 1567 2797 1622 id
2826 1578 2934 1633 est,
2971 1585 3129 1638 quam
3166 1585 3278 1624 non
3313 1572 3431 1640 jam
3468 1571 3561 1626 ho—

293 1665 484 1734 gloria:
547 1667 639 1719 Dei
687 1665 796 1731 “,i
860 1681 1135 1734 nunquam
1201 1667 1533 1722 destruetur.
1581 1666 1674 1721 Est
1721 1669 1869 1723 enim
1973 1659 2147 1714 mines
2185 1660 2404 1723 terreni,
2441 1660 2535 1714 sed
2566 1660 2737 1715 sancti
2770 1661 2944 1732 angeli
2984 1677 3178 1732 capere
3214 1676 3554 1718 mereantur.

296 1755 417 1809 Ialis
445 1757 510 1810 de
533 1771 636 1825 qua
685 1755 826 1811 idem
857 1755 1150 1824 Apostolus
1192 1756 1329 1810 dicit
1360 1757 1586 1826 loquens
1615 1761 1683 1813 de
1709 1759 1871 1814 Chri-
1897 1739 1943 1800 Β
1972 1752 2075 1806 Pro
2130 1751 2425 1822 capacitate
2479 1753 2678 1808 etenim
2750 1754 3012 1809 mentium
3070 1755 3357 1826 dispensat
3416 1757 3556 1812 Deus

291 1857 375 1900 sto
419 1865 434 1902 :
491 1867 509 1900 ι
557 1847 658 1914 Qui
707 1859 811 1913 est,
861 1850 1059 1918 inquit,
1098 1849 1357 1917 splendor
1385 1850 1594 1919 gloriae,
1615 1860 1670 1903 et
1698 1850 1869 1918 ﬁgura

289 1954 548 2008 expressa
577 1939 900 1994 substantia:
924 1939 1041 2009 ejus
1062 1939 1128 1992 ³³.
1160 1959 1178 1991 I
1219 1940 1385 2007 llnjus
1421 1954 1552 2010 ergo
1577 1940 1761 2008 gloria:
1791 1939 1871 1992 vi-

287 2033 477 2086 denda:
500 2048 651 2101 spem
679 2043 875 2101 gerunt
904 2033 955 2086 lIi
985 2035 1050 2087 de
1075 2033 1273 2101 quibus
1287 2034 1491 2087 dictum
1522 2043 1606 2086 est
1633 2050 1646 2083 :
1673 2049 1692 2083 ι
1717 2032 1868 2086 Beati

288 2123 490 2178 mundo
547 2123 734 2188 corde,
767 2125 1025 2192 quoniam
1079 2123 1184 2192 ipsi
1246 2123 1414 2178 Deum
1457 2123 1810 2187 videbunt“,
1842 2143 1862 2176 ι

290 2225 419 2268 tunc
449 2230 572 2269 cum
599 2215 714 2284 jam
743 2217 1014 2284 aufugerit
1041 2215 1220 2282 dolor,
1247 2227 1301 2270 et
1326 2216 1575 2281 tristitia,
1610 2227 1666 2271 et
1699 2216 1868 2286 gemi-

289 2317 397 2374 tns,
426 2317 630 2361 etcum
659 2322 722 2361 ea
749 2323 868 2375 qua:
905 2309 958 2360 in
1000 2307 1219 2376 speculo
1251 2324 1394 2362 nunc
1447 2308 1702 2362 videntur
1726 2317 1780 2362 et
1813 2307 1867 2361 in

285 2401 596 2469 aenigmate,
643 2401 1013 2466 destrueutur,
1051 2413 1106 2454 et
1137 2401 1436 2457 manebunt
1483 2399 1594 2473 (46)
1631 2402 1716 2456 illa
1748 2418 1868 2471 qua:

298 2506 426 2548 sunt
458 2494 592 2548 facie
618 2497 685 2548 ad
716 2494 911 2548 faciem
944 2493 1011 2548 ".
1045 2494 1196 2562 Quod
1223 2495 1270 2549 si
1306 2495 1390 2548 cui
1426 2494 1566 2548 forte
1595 2495 1868 2548 videbitur

285 2595 412 2650 huic
435 2595 758 2665 expositioni
782 2605 982 2652 nostra:
1009 2597 1139 2651 illud
1164 2597 1478 2651 econtrario
1511 2597 1676 2666 objici
1707 2611 1866 2667 posse

284 2689 428 2757 quod
467 2689 581 2758 ipse
621 2690 912 2758 Apostolus
945 2690 1117 2744 dicit:
1159 2708 1178 2740 ι
1222 2689 1330 2744 Nos
1386 2701 1566 2744 autem
1625 2690 1865 2744 revelata

282 2780 424 2834 facie
457 2780 686 2850 gloriam
741 2781 951 2835 Domini
985 2781 1352 2851 speculantes,
1380 2784 1570 2837 eadem
1621 2783 1862 2853 imagine

237 2868 253 2884 ’
283 2871 739 2926 transformamur
753 2889 781 2926 a
797 2871 970 2942 gloria
996 2873 1047 2926 in
1065 2873 1582 2943 gloriam,tanquam
1606 2890 1634 2927 a
1651 2874 1864 2928 Domini

283 2963 587 3034 Spiritu";
621 2984 640 3016 ι
679 2973 734 3019 et
765 2965 895 3019 dicit
928 2983 940 3019 :
975 2964 1257 3033 Quomodo
1285 2967 1463 3020 adhuc
1487 2982 1636 3034 spem
1675 2967 1864 3037 gloria:

1968 1846 2128 1902 etiam
2158 1846 2557 1917 magnitudines
2597 1847 2903 1918 gloriarum.
2947 1847 3054 1903 Sed
3081 1849 3223 1904 sicut
3248 1851 3414 1904 istam
3446 1851 3554 1922 glo-

1969 1939 2099 1994 riam
2127 1955 2288 2007 quam
2327 1941 2524 1995 vidisse
2554 1957 2613 1995 se
2654 1942 2880 2011 apostoli
2906 1943 2960 1996 in
2995 1943 3308 2015 Evangeliis
3338 1946 3549 2012 dicunt,

1975 2047 1993 2080 ι
2027 2029 2255 2100 gloriam
2293 2040 2552 2099 tanquam
2587 2030 2859 2102 Unigeniti
2893 2047 2920 2085 a
2945 2031 3130 2096 Patre,
3164 2033 3393 2102 plenum
3427 2051 3549 2102 gr:-

1973 2122 2059 2176 tia:
2096 2129 2150 2176 et
2185 2123 2436 2178 veritatis
2466 2123 2534 2190 η,
2571 2142 2590 2175 I
2640 2140 2737 2179 nec
2763 2127 2988 2180 credere
3017 2126 3158 2194 quis,
3208 2142 3315 2181 nec
3354 2143 3548 2194 capere

1970 2212 2164 2280 potuit,
2199 2212 2302 2266 nisi
2333 2223 2387 2267 et
2437 2213 2526 2267 illa
2569 2214 2738 2284 gloria
2783 2229 2903 2283 qua:
2949 2230 3044 2284 per
3076 2215 3296 2286 Moysen
3347 2217 3465 2285 (50)
3497 2220 3545 2271 in

1970 2301 2085 2374 lege
2109 2303 2411 2358 ministrata
2434 2317 2536 2366 est,
2564 2308 2704 2358 viam
2731 2306 2994 2360 tenuisset
3019 2307 3418 2376 intelligentia,
3443 2311 3547 2363 sic-

1970 2405 2026 2448 ut
2079 2405 2418 2450 contestatur
2470 2395 2561 2450 ille
2620 2397 2712 2464 qui
2765 2396 2981 2451 dicebat
3055 2398 3122 2451 ad
3181 2397 3544 2453 Nathauael:

1975 2507 1994 2539 ι
2025 2487 2195 2554 Quem
2239 2489 2461 2558 scripsit
2509 2488 2746 2558 Moyses,
2796 2500 2850 2544 et
2897 2490 3192 2560 propheta,
3234 2492 3546 2547 invenimus

1966 2577 2149 2633 Jesum
2182 2596 2210 2632 a
2243 2578 2512 2633 Nazareth
2551 2579 2598 2611 ⁸³
2641 2599 2654 2636 :
2702 2598 2720 2631 I
2774 2581 2864 2651 (in
2907 2597 3016 2650 quo
3052 2582 3238 2649 utique
3279 2585 3543 2649 ostendit,

1967 2674 2093 2741 quia
2122 2687 2189 2727 ex
2217 2672 2360 2743 Lege
2387 2681 2442 2726 et
2482 2673 2770 2743 Prophetis
2791 2673 3105 2738 illuminati,
3137 2675 3296 2743 hujus
3331 2676 3542 2746 gloriae,

1967 2780 2087 2834 qua:
2118 2774 2236 2819 erat
2265 2775 2522 2835 tanquam
2556 2766 2830 2835 Unigeniti
2875 2782 2905 2820 a
2935 2767 3120 2834 Patre,
3163 2768 3356 2823 lumen
3390 2784 3543 2838 aspe—

1966 2857 2174 2927 xerint)
2211 2857 2288 2911 ita
2315 2868 2370 2912 et
2400 2858 2543 2928 quod
2575 2859 2866 2928 Apostolus
2893 2858 3032 2912 dixit
3052 2857 3119 2924 ιδ,
3155 2879 3174 2911 ι
3213 2859 3328 2916 Nos
3359 2871 3540 2915 autem

1969 2953 2213 3005 revelata
2245 2949 2386 3004 facie
2415 2950 2644 3019 gloriam
2672 2950 2886 3004 Domini
2933 2951 3296 3021 speculantes,
3351 2955 3538 3007 eadem

281 3061 1087 3130 gerit,quirevelatajamfacie
1105 3061 1374 3131 speculari
1398 3077 1456 3116 se
1475 3063 1856 3132 dicitgloriam
1883 3083 1926 3142 ρ
1966 3041 2203 3110 imagine
2219 3043 2712 3142 Ἇίτθίξδίξθῗηοδξηυν
2755 3058 2784 3095 ³
2828 3044 3001 3142 β¹⁰τξξξ
3033 3047 3085 3142 i_“
3115 3043 3374 3142 ξίίξτίίπηθ
3419 3053 3540 3142 Em"

282 3156 530 3219 Domini,
565 3165 618 3211 et
655 3173 681 3209 a
723 3157 894 3227 gloria
931 3157 984 3210 ir.
1028 3157 1260 3225 gloriam
1293 3155 1708 3210 transformari?
1737 3158 1858 3212 vide

282 3237 441 3319 537
470 3248 513 3302 si
553 3250 824 3318 possimus
855 3249 958 3304 hoc
981 3254 1139 3304 modo
1171 3249 1380 3304 solvere
1411 3250 1556 3320 quod
1584 3251 1856 3320 objectum

280 3346 384 3390 est.
416 3335 758 3392 Diﬂ‘ereutias
796 3339 926 3391 mihi
976 3339 1268 3408 Apostolus
1317 3340 1532 3394 videtur
1573 3344 1858 3396 ostendere

281 3429 603 3498 gloriarum,
634 3439 690 3483 et
719 3431 878 3483 aliam
908 3431 1078 3486 fuisse
1115 3432 1341 3503 gloriam
1389 3449 1509 3502 qua:
1559 3433 1728 3504 Moysi
1759 3434 1858 3487 mi-

282 3523 508 3576 nisterio
535 3520 648 3592 (47)
678 3524 916 3577 revelata
951 3537 1058 3588 est,
1087 3525 1154 3578 de
1183 3539 1286 3594 qua
1315 3525 1426 3595 jam
1465 3526 1516 3579 in
1553 3526 1857 3595 superiori-

284 3613 385 3667 bus
412 3613 682 3668 diximus:
711 3615 873 3668 aliam
918 3613 1084 3670 fuisse
1115 3631 1234 3684 quae
1280 3617 1331 3670 in
1368 3619 1605 3671 adventu
1646 3617 1856 3672 carnali

282 3705 583 3760 Salvatoris
618 3706 926 3760 ministrata
965 3717 1072 3771 est,
1113 3710 1180 3762 de
1210 3722 1316 3777 qua
1352 3708 1486 3762 dicit
1529 3719 1582 3762 et
1619 3707 1857 3764 Joannes

281 3798 336 3850 in
370 3797 701 3869 Evangelio:
743 3819 760 3851 ι
791 3800 855 3853 Et
887 3801 1123 3854 vidimus
1173 3800 1398 3870 gloriam
1444 3801 1580 3871 ejus,
1626 3801 1854 3872 gloriam

285 3902 540 3961 tanquam
578 3891 853 3963 Uuigeniti
883 3909 912 3947 a
946 3893 1131 3959 Patre,
1158 3894 1378 3964 plenum
1415 3896 1606 3966 gratia:
1629 3905 1680 3950 et
1711 3897 1851 3950 veri-

283 3984 411 4039 tatis
434 3985 497 4038 ³⁸.
520 4004 538 4036 I
570 3985 644 4039 De
674 4001 779 4055 qua
811 3986 988 4055 gloria
1029 4002 1138 4040 non
1169 4002 1456 4056 possumus
1487 3987 1669 4042 dicere
1712 3989 1855 4059 quod

283 4077 398 4146 ipsa
428 4078 499 4131 sit
524 4091 643 4146 qua:
671 4080 940 4148 speranda
971 4089 1054 4132 est
1093 4099 1106 4134 :
1160 4079 1302 4133 hanc
1349 4080 1494 4134 enim
1540 4081 1743 4136 vidisse
1775 4082 1856 4136 di-

279 4179 409 4224 cunt
433 4171 658 4240 apostoli
689 4189 704 4237 ;
736 4181 793 4225 et
814 4162 1061 4228 vera-est
1101 4173 1188 4226 illa
1219 4175 1489 4228 sententia
1525 4190 1643 4244 qua:
1679 4176 1849 4230 dicit:

281 4279 302 4312 ι
333 4262 485 4327 Quod
514 4262 659 4316 enim
692 4265 838 4318 videt
867 4265 1008 4333 quis,
1039 4264 1168 4334 quid
1207 4275 1390 4335 sperat
1412 4265 1498 4319 3°?
1537 4286 1556 4318 I
1591 4266 1683 4321 llla
1723 4282 1854 4322 vero

273 4349 447 4416 gloria
479 4349 592 4418 (48)
626 4368 746 4420 qua:
781 4357 1050 4422 speranda
1077 4364 1183 4419 est,
1213 4355 1280 4409 de
1304 4370 1409 4423 qua
1431 4356 1596 4410 etiam
1630 4358 1682 4410 in
1718 4375 1852 4428 pra--

1961 3147 2121 3202 quam
2152 3147 2182 3184 a
2219 3133 2432 3186 Domini
2466 3131 2693 3200 Spiritu,
2749 3150 2768 3183 I
2832 3132 3060 3203 intelligi
3108 3133 3272 3188 debet
3298 3136 3448 3203 quod
3488 3145 3539 3188 et

1959 3223 2051 3293 qui
2083 3223 2240 3276 istam
2278 3225 2505 3294 gloriam
2533 3223 2810 3294 Uuigeniti
2844 3225 3086 3280 revelata
3118 3223 3277 3290 facie,
3306 3225 3417 3279 hoc
3432 3235 3537 3288 est,

1958 3319 2118 3386 plena
2153 3317 2276 3372 fidei
2316 3318 2678 3388 intelligentia
2713 3318 3113 3388 contemplatur
3158 3319 3296 3387 (5|),
3344 3322 3536 3374 eadem

1959 3411 2193 3477 imagine
2227 3427 2334 3480 qua
2395 3413 2462 3466 de
2509 3411 2651 3480 Lege
2698 3414 2850 3467 venit
2901 3413 2968 3466 ad
3021 3413 3337 3483 Evangelia,
3381 3424 3439 3468 et
3473 3416 3536 3468 ad

1959 3502 2233 3556 carnalem
2281 3502 2579 3558 Salvatoris
2615 3505 2929 3569 adventum,
2982 3504 3287 3559 illuminato
3334 3520 3436 3574 per
3473 3508 3534 3558 li-

1959 3596 2082 3650 dem
2120 3595 2306 3649 cordis
2341 3595 2559 3661 intuitu,
2596 3596 2647 3649 in
2681 3597 2977 3650 secundum
3021 3595 3381 3650 nihilominus
3421 3596 3534 3663 glo-

1959 3687 2055 3741 ria:
2087 3689 2377 3742 adventum
2422 3689 2596 3742 aciem
2653 3688 2852 3742 mentis
2899 3689 3165 3752 intendat,
3205 3698 3263 3742 et
3293 3703 3321 3741 a
3365 3689 3530 3758 gloria

1957 3781 2210 3849 praesenti
2259 3781 2324 3834 ad
2368 3780 2606 3834 futuram
2639 3795 2758 3848 qua:
2799 3792 3048 3848 speratur
3077 3780 3306 3849 gloriam
3351 3792 3532 3836 trans-

1959 3871 2240 3927 formetur.
2289 3871 2439 3927 Unde
2487 3873 2847 3926 arbitrornec
2877 3888 3031 3942 posse
3059 3873 3398 3942 quempiam,
3435 3889 3530 3928 nec

1959 3965 2156 4019 mereri
2194 3964 2390 4019 futura:
2425 3965 2570 4020 illius
2610 3965 2794 4036 gloria:
2835 3965 2947 4020 fieri
2975 3981 3248 4034 capacem,
3280 3966 3386 4021 nisi
3419 3965 3526 4034 jam

1957 4057 2084 4111 hinc
2128 4073 2282 4112 usum
2328 4067 2383 4112 et
2431 4057 2835 4113 meditationem
2886 4059 3178 4126 quamdam
3222 4056 3342 4126 ejus
3381 4062 3526 4112 acci-

1957 4151 2090 4222 piat,
2120 4151 2417 4204 secundum
2449 4154 2593 4219 quod
2619 4152 2906 4221 Apostolus
2934 4150 3064 4204 dicit
3103 4150 3171 4215 “,
3205 4149 3259 4204 in
3304 4151 3525 4220 speculo

1956 4256 2076 4296 eam
2111 4242 2224 4313 (52)
2255 4251 2312 4296 et
2347 4243 2399 4297 in
2443 4243 2732 4312 aenigmate
2799 4243 3129 4307 contuendo,
3185 4252 3243 4296 ut
3294 4258 3362 4294 ex
3428 4243 3525 4296 hac

1959 4331 2195 4403 imagine
2229 4334 2598 4390 meditationis
2633 4335 2888 4399 assidua,
2921 4351 3083 4404 quam
3132 4338 3185 4393 in
3231 4352 3407 4391 carne
3437 4352 3525 4406 p0—

275 4443 415 4496 senti
448 4443 571 4497 loco
598 4446 728 4499 dicit
764 4447 1050 4516 Apostolus
1091 4449 1312 4520 gloriari
1343 4464 1402 4504 se
1431 4450 1546 4519 (49)
1601 4469 1618 4500 ι
1660 4426 1788 4520 ἰιιήδι

2026 4441 2098 4480 .us
2134 4427 2200 4480 de
2222 4426 2408 4480 divina
2449 4428 2619 4497 gloria
2670 4429 2830 4499 gerit,
2875 4429 3119 4498 paratior
3154 4429 3222 4481 ad
3255 4431 3527 4498 capacita-

275 4536 459 4603 glorim
485 4536 601 4600 Dei,
644 4572 661 4588 .
701 4550 876 4608 potest
919 4540 1030 4608 ipsa
1075 4542 1300 4612 intelligi
1339 4543 1406 4596 de
1450 4558 1554 4610 qua
1597 4542 1848 4597 Salvator

273 4626 404 4679 dicit
430 4627 481 4679 in
511 4625 807 4698 Evangelio
851 4648 864 4684 :
927 4649 944 4681 ι
983 4631 1118 4686 Cum
1169 4635 1378 4688 venerit
1411 4634 1580 4688 Filius
1613 4635 1846 4690 hominis

273 4719 326 4773 in
351 4719 519 4789 gloria
550 4721 750 4787 Patris,
779 4735 834 4777 et
857 4735 1172 4780 sanctorum
1199 4727 1516 4796 angelorum
1540 4729 1606 4780 ⁸ο.
1636 4747 1654 4779 I
1692 4728 1845 4794 Quod

273 4821 454 4864 autem
498 4812 656 4875 dixit,
697 4833 716 4866 ι
767 4815 965 4879 Patris,
1011 4829 1065 4872 et
1099 4829 1412 4872 sanctorum
1457 4819 1796 4889 angelorum,
1828 4841 1846 4872 ι

273 4918 379 4956 non
407 4905 550 4973 quod
578 4904 673 4960 Dei
701 4907 879 4964 Patris
921 4919 976 4964 et
1011 4911 1328 4980 angelorum
1363 4928 1526 4966 uuam
1561 4928 1687 4968 esse
1719 4911 1850 4984 'glo-

377 5129 422 5161 ’⁸
451 5129 607 5185 Rom.
635 5146 687 5196 v,
719 5130 774 5184 2.
853 5132 897 5163 "
920 5133 960 5186 ll
985 5131 1108 5187 Cor.
1143 5149 1217 5197 Iv,
1249 5135 1336 5189 18.
1413 5135 1458 5167 ³⁸
1485 5133 1643 5188 Νιιηι.
1669 5150 1781 5195 va.

377 5208 498 5253 luIII.
543 5217 591 5259 v,
616 5202 668 5254 2.
746 5201 792 5232 “
830 5201 958 5259 Sap.
989 5219 1085 5259 VII.
1113 5205 1215 5259 26:
1246 5204 1410 5258 Hebr.
1447 5223 1487 5259 I.
1528 5207 1582 5259 5.
1658 5207 1703 5236 ³⁸
1740 5209 1784 5259 Μ

2052 5133 2060 5187 1

2028 5207 2060 5259 8

1665 5219 1703 5236 θ’
1740 5219 1929 5261 Matth.
1955 5222 2006 5271 v,
2028 5219 2082 5259 δ.

272 5201 318 5231 ⁸³
343 5200 498 5253 Ilum.
543 5217 591 5260 v,
616 5202 668 5254 2.
746 5201 792 5232 “
830 5201 958 5270 Sap.
989 5219 1085 5270 VII,
1113 5205 1215 5266 26;
1246 5204 1410 5258 llebr.
1447 5223 1487 5267 I,
1528 5207 1582 5260 5.

1957 4526 2064 4570 tem
2098 4532 2238 4572 vera
2269 4518 2409 4572 illius
2444 4520 2628 4588 gloria:
2659 4537 2757 4590 per
2783 4523 3039 4575 virtutem
3071 4521 3246 4574 saneti
3292 4522 3526 4591 Spiritus

1953 4609 2332 4663 transferatur.

2024 4701 2078 4757 9.
2111 4719 2130 4751 ι
2167 4699 2281 4755 Νοιι
2320 4701 2494 4756 solum
2523 4713 2726 4767 autem,
2758 4703 2864 4757 'sed
2899 4713 2955 4758 et
2989 4704 3291 4773 gloriamur
3341 4705 3396 4758 in
3433 4705 3523 4758 tri-

1951 4791 2341 4854 bulationibus,
2403 4793 2636 4847 scientes
2681 4793 2807 4862 quia
2860 4794 3136 4849 tribulatio
3203 4796 3519 4863 patientiam

1951 4895 2235 4954 operatur,
2290 4885 2549 4954 patientia
2609 4901 2739 4940 vero
2798 4886 3198 4955 probationem,
3275 4889 3522 4958 probatio

1951 4991 2080 5030 vero
2109 4992 2256 5045 spem
2281 4993 2296 5040 ;
2323 4993 2448 5046 spes
2476 4987 2658 5032 autem
2685 4993 2790 5032 non
2815 4978 3113 5046 confundit,
3135 4982 3263 5050 quia
3285 4984 3518 5036 cbaritas

1983 5133 2304 5208 ³¹Ῠιιθνξιηιιξ
2337 5134 2440 5196 Ξὸς
2489 5134 2549 5188 ΙΙΙ
2579 5136 2708 5208 Reg.
2743 5154 2859 5201 vIII,
2891 5139 2979 5193 ll.
3055 5140 3100 5172 ³¹
3137 5140 3176 5193 ιι
3203 5142 3333 5197 Cor,
3366 5159 3445 5207 ιη,
3468 5144 3512 5197 ’1,

2159 5206 2236 5257 ³⁸1
2262 5207 2394 5276 Cor.
2424 5222 2541 5268 XIII,
2570 5206 2680 5260 tif
2732 5208 2776 5239 ³⁷
2806 5210 2845 5262 ιι
2874 5211 2999 5264 Cor.
3031 5227 3112 5276 III,
3141 5212 3228 5267 l8.
3305 5216 3351 5247 ³⁸
3368 5206 3510 5267 Joan.

274 5285 317 5358 ιι
501 5273 544 5303 ³⁸
573 5272 735 5358 llum;
765 5288 882 5339 vIII,
909 5273 1000 5326 ει.
1081 5273 1124 5306 ⁸ο
1157 5275 1287 5329 Luc.
1313 5291 1388 5358 IX,
1417 5277 1507 5330 26.
1587 5278 1628 5307 “
1654 5277 1781 5330 Matt

2026 5277 2107 5331 50.
2184 5275 2405 5330 "Joan.
2431 5293 2467 5345 I,
2494 5277 2583 5332 14.
2657 5277 2972 5334 “ibidJS.
3052 5272 3156 5334 διἰι
3179 5284 3308 5338 Cor.
3330 5300 3410 5348 III,
3438 5289 3509 5339 18.

273 5342 317 5371 ⁸⁵
341 5341 359 5394 Ι
383 5342 503 5396 Cor.
530 5358 648 5404 xui,
670 5345 757 5396 12.

349 5501 463 5574 (£9)
503 5503 674 5570 Alias,
716 5524 736 5557 ι
762 5514 822 5560 ut
858 5516 1152 5574 maneant;
1175 5528 1193 5561 ι
1229 5507 1323 5572 aL,
1360 5528 1377 5560 ι
1405 5519 1457 5563 et
1491 5520 1730 5564 manent.
1758 5529 1776 5561 I

621 5591 782 5650 unus,
820 5595 838 5627 ι
873 5578 1042 5649 Moysi
1075 5572 1438 5650 in'Inysterio.
1475 5602 1492 5632 ι

347 5641 460 5718 ((58)
494 5643 656 5720 Elditi,
687 5662 706 5696 ι
736 5662 854 5721 quin
872 5641 1150 5716 speratur.
1171 5641 1265 5704 Illa
1289 5664 1420 5704 vero
1451 5650 1644 5721 gloria,
1679 5669 1695 5702 ι
1720 5658 1848 5714 etr.,

275 5725 495 5764 onIIssIs
529 5718 882 5770 interna-diis.
1455 5718 1474 5721 ⁷
1734 5723 1740 5729 ’

353 5778 464 5842 (49)
498 5778 583 5833 Se.
620 5780 776 5838 Deest
813 5789 863 5840 in
892 5789 1072 5844 editis.

2028 5508 2143 5581 (50)
2177 5509 2345 5574 Alias,
2389 5528 2407 5561 ι
2439 5510 2538 5565 nisi
2576 5521 2632 5564 et
2659 5511 2711 5564 iu
2754 5511 2841 5566 illa
2877 5512 3045 5584 gloria
3080 5528 3205 5582 qua:
3237 5530 3335 5584 per
3369 5514 3502 5584 Moy-

1957 5596 2141 5725 έωὶἑί)
2167 5592 2346 5725 (RE-353
2388 5668 2407 5699 ‘
2441 5651 2653 5717 Plenam
2679 5653 2800 5724 [al.,
2831 5651 3010 5725 plena]
3043 5652 3168 5709 ﬁdei
3218 5654 3499 5722 intelligen-

1955 5720 2479 5793 tia:_contenlpletur,
2513 5741 2529 5770 ι

2027 5790 2138 5862 (52)
2167 5789 2318 5843 Eant.
2355 5789 2410 5843 In
2443 5789 2603 5848 editis
2627 5792 2917 5848 omittitur.
