3684 6148
75 256 219 314 993

75 479 361 522 sanctum
420 469 514 538 qui
563 471 722 524 datus
763 479 848 524 est
891 470 1049 524 nobis
1083 472 1149 524 δ’.
1188 491 1207 524 ι
1263 472 1473 526 Primus
1502 473 1685 524 statim

76 573 298 614 sermo
329 559 552 628 capituli
574 560 732 630 hujus
761 560 1137 629 ambiguitatis
1165 562 1366 630 aliquid
1399 563 1640 616 continet
1667 581 1680 617 :

78 666 214 705 non
255 651 399 704 enim
429 651 670 706 habetin
707 655 1172 722 consequentibus
1195 656 1260 708 ad
1305 656 1438 724 quid
1488 655 1681 710 referri

77 739 221 806 (53)
265 740 461 795 debeat
493 743 636 810 quod
666 743 804 797 dixit
836 761 850 796 :
883 762 902 796 σ
924 760 1028 798 non
1057 745 1230 798 solum
1251 755 1452 799 autem.
1487 765 1505 798 ι
1532 745 1685 803 Unde

75 832 231 886 vide
264 833 305 888 si
336 833 610 903 possimus
649 834 753 890 hoc
785 838 945 891 modo
971 837 1381 908 ambiguitatem
1413 839 1680 894 elocutio-

79 925 182 976 nis
215 925 528 980 absolvere.
561 925 829 993 Quoniam
867 929 919 983 in
953 932 1333 998 snperioribus
1384 931 1550 986 multa
1588 949 1683 986 no-

79 1014 179 1068 bis
227 1028 330 1083 per
363 1015 650 1070 Dominum
706 1027 950 1074 nostrum
995 1017 1180 1074 Jesnm
1224 1021 1501 1076 Citristum
1547 1039 1678 1092 prie-

76 1105 227 1159 stita
269 1118 394 1160 esse
425 1107 726 1175 perdocuit,
788 1117 848 1163 ut
893 1125 1015 1165 cum
1062 1111 1189 1164 dicit
1216 1108 1545 1176 justilicatos
1575 1129 1676 1168 nos

77 1209 219 1250 esse
244 1211 315 1251 ex
337 1197 440 1252 fide
463 1213 558 1269 per
577 1200 866 1256 Dominum
897 1215 1142 1258 nostrum
1163 1202 1349 1259 Jesnm
1376 1205 1676 1273 Christum,

79 1299 140 1340 et
177 1304 290 1357 per
317 1289 492 1358 ipsum
524 1306 805 1346 accessum
865 1293 1067 1349 habere
1122 1298 1174 1349 in
1221 1299 1454 1367 gratiam
1497 1299 1676 1364 istam,

76 1393 187 1445 per
219 1383 401 1449 ipsum
443 1380 604 1435 etiam
644 1381 868 1453 gloriari
921 1386 974 1439 in
1013 1402 1108 1454 spe
1139 1387 1328 1457 gloria:
1367 1388 1458 1444 Dei
1491 1389 1575 1456 ";
1609 1390 1677 1445 ad

81 1467 214 1520 [nec
251 1469 436 1523 omnia
464 1485 585 1540 qua:
632 1472 776 1526 dicta
819 1485 965 1539 sunt,
1015 1476 1210 1532 referri
1267 1490 1398 1546 puto
1449 1479 1674 1548 debere,

84 1577 104 1610 ι
146 1577 266 1615 non
294 1561 470 1616 solum
511 1573 732 1619 autem:
767 1583 787 1618 ι
827 1565 931 1621 hoc
965 1577 1070 1632 est,
1118 1583 1224 1622 non
1274 1569 1448 1623 solum
1494 1579 1676 1626 autent

80 1667 215 1720 qua:
246 1666 414 1722 supra
451 1653 570 1725 (54)
603 1655 715 1710 dixi
741 1674 756 1724 ;
789 1660 884 1712 sed
915 1668 969 1713 et
993 1660 1096 1714 hoc
1117 1661 1262 1730 quod
1293 1661 1590 1732 gloriamur
1617 1664 1671 1719 in

1071 259 1425 318 COMMENT.
1459 260 1522 315 ΙΝ
1558 257 1778 315 EPIST.
1809 257 1899 311 AD
1931 256 2100 312 ROM.
2135 256 2264 313 LIB.
2301 255 2369 311 Ν
2391 296 2404 311 .

79 374 200 430 Dei
265 375 456 435 diffusa
499 387 580 432 est
630 379 683 432 in
730 380 987 435 cordibus
1030 383 1232 436 nostris
1273 398 1368 450 per
1422 381 1682 450 Spiritum
1714 387 1758 440 Α
1790 378 2020 445 divitiis,
2062 377 2409 446 culpabiliter
2460 375 2727 446 gloriatur
2773 395 2784 430 :

3257 262 3363 320 994

2833 380 2877 432 si
2935 377 3059 446 quis
3119 392 3252 432 vero
3301 381 3354 434 in

1789 470 2134 540 agnoscendo
2170 471 2451 523 Dominum
2492 470 2778 539 gloriatur,
2802 480 2855 523 et
2885 471 2938 522 in
2978 469 3247 524 intellectu
3273 473 3361 540 jn-

1789 561 2059 614 diciornm
2092 561 2232 630 ejus,
2263 571 2317 614 et
2343 562 2752 627 misericordia,
2803 571 2859 614 et
2891 559 3138 629 justitiae,
3171 562 3360 618 laudae

1786 651 1969 708 biliter
2003 653 2291 722 gloriatur.
2327 654 2460 708 Cum
2505 669 2635 724 ergo
2679 669 2861 708 sermo
2902 654 3004 708 iste
3042 656 3108 708 ad
3142 665 3359 709 utrum-

1784 759 1890 812 que
1941 746 2220 815 respiciat,
2276 748 2660 815 requirendum
2713 747 2868 802 nobis
2917 756 3003 801 est
3052 749 3105 816 i9
3160 747 3360 816 quibus

1785 846 1934 891 recta
1967 837 2218 907 gloriatio
2251 839 2346 902 sit,
2377 847 2429 891 et
2457 839 2507 890 in
2543 839 2741 906 quibus
2767 839 2948 892 minus
2974 848 3118 893 recta
3155 837 3358 908 gloria-

1787 926 1882 978 tio.
1927 925 2084 991 Quod
2125 926 2197 978 ita
2228 927 2444 980 demum
2489 927 2786 995 poterimus
2825 942 3138 996 agnoscere,
3183 929 3226 982 si
3261 943 3359 980 na-

1787 1026 1938 1070 turas
1998 1030 2177 1071 rerum
2242 1019 2567 1087 competenti
2631 1020 2980 1073 distinctione
3051 1029 3352 1074 teneamus.

1783 1105 1937 1172 Quod
1961 1117 2144 1161 autem
2178 1109 2412 1163 dicimus
2445 1109 2548 1162 tale
2571 1120 2674 1164 est.
2707 1109 2898 1164 Omnia
2937 1124 3059 1177 qua:
3093 1120 3220 1164 sunt
3270 1111 3355 1164 vel

1782 1208 2041 1269 aguntur,
2085 1210 2174 1254 aut
2218 1203 2354 1255 bona
2382 1211 2533 1267 sunt,
2565 1213 2658 1253 aut
2697 1205 2859 1264 mala,
2908 1211 3004 1256 aut
3037 1201 3352 1256 indiﬂ‘eren-

1784 1293 1877 1344 tia.
1913 1291 1988 1346 De
2020 1293 2222 1363 quibus
2246 1295 2496 1364 quamvis
2521 1295 2681 1348 latior
2711 1295 2896 1349 haberi
2945 1295 3139 1350 debeat
3169 1296 3353 1365 dispu-

1779 1382 1937 1445 tatio,
1978 1395 2156 1439 tamen
2190 1398 2448 1452 quantum
2487 1386 2553 1438 ad
2586 1397 2914 1454 praesentem
2949 1387 3124 1441 locum
3149 1387 3350 1442 sutlicit

1779 1472 2138 1542 proferemus.
2167 1477 2314 1531 Bona
2345 1477 2433 1530 illa
2467 1485 2677 1530 certum
2714 1490 2798 1531 est
2828 1479 3051 1547 proprie
3073 1477 3202 1546 dici,
3228 1494 3352 1547 qua:

1778 1564 1845 1618 ad
1873 1564 2104 1620 virtutes
2130 1566 2295 1620 animi
2327 1565 2605 1636 pertinent
2631 1584 2644 1630 ;
2692 1577 2752 1620 et
2808 1567 2952 1621 mala
2978 1583 3040 1622 ea
3073 1567 3189 1623 sola
3219 1567 3352 1622 delle

1781 1653 1908 1720 uiri,
1940 1669 2060 1724 qua:
2104 1655 2172 1708 ad
2211 1655 2474 1710 malitiam
2521 1666 2791 1726 spectant,
2844 1670 2899 1712 et
2945 1670 3138 1714 contra
3173 1657 3348 1731 leget’n

81 1744 542 1802 tribulationibus
577 1749 797 1813 nostris,
828 1766 921 1820 per
958 1728 1247 1806 Dominum
1291 1728 1538 1810 nostrum
1583 1755 1674 1811 ,ιε-
1705 1728 1749 1784 Β
1779 1745 1871 1800 Dei
1900 1756 2135 1816 aguntur
2161 1761 2176 1810 ;
2201 1757 2396 1803 cmlera
2424 1763 2556 1802 vero
2588 1748 2947 1804 imlill‘ereutia
2980 1765 3124 1817 esse.
3156 1752 3207 1806 id
3233 1761 3343 1816 est.

85 1850 219 1891 sum
255 1837 540 1894 Christum
571 1841 855 1897 habemus.
889 1843 1111 1899 Caeteris
1151 1847 1294 1901 enim
1339 1848 1391 1902 in
1449 1848 1674 1904 tribula-

80 1931 239 1984 tione
279 1930 649 1998 tristantibus,
681 1949 782 1991 nos
807 1937 997 2005 gratia:
1045 1938 1216 2007 ipsius
1256 1940 1458 1995 virtute
1513 1943 1674 1996 robo-

83 2019 215 2084 rati,
261 2022 316 2076 in
351 2024 797 2082 tribulationibus
822 2027 1143 2098 gloriamur.
1172 2031 1474 2088 Didicimus
1510 2049 1668 2088 nam-

84 2128 196 2180 que
225 2129 427 2170 novam
457 2132 524 2170 ex
553 2120 858 2175 eruditione
887 2122 1057 2190 ipsius
1077 2123 1444 2194 disciplinam,
1477 2135 1535 2181 ut
1571 2142 1671 2196 per

89 2206 487 2263 tribulationes
526 2210 727 2266 bonum
749 2211 1025 2282 patientia:
1052 2217 1330 2286 capiamus
1358 2237 1372 2273 :
1409 2219 1670 2275 habentes

78 2311 217 2352 vero
278 2301 560 2367 patientia:
616 2304 816 2358 bonum
871 2307 1178 2375 probabiles
1215 2310 1523 2376 judicemur
1561 2330 1576 2368 :
1613 2323 1668 2367 et

84 2404 186 2456 per
240 2392 562 2460 patientiam
612 2397 908 2451 multarum
963 2399 1370 2456 tribulationum
1425 2405 1666 2473 probati,

83 2496 242 2550 spem
276 2482 474 2538 futura:
502 2486 615 2557 (55)
643 2502 674 2541 a
712 2487 820 2543 Deo
848 2493 1306 2548 remunerationis
1334 2495 1664 2553 habeamus:

81 2589 208 2642 qnze
237 2587 394 2643 Spes,
425 2578 550 2644 quia
600 2589 748 2633 certa
797 2591 854 2635 et
900 2597 1029 2636 vera
1072 2592 1176 2647 est,
1229 2600 1334 2640 non
1381 2589 1668 2644 confundit

85 2673 406 2730 sperantes.
444 2665 632 2722 Fidem
665 2685 895 2740 namque
931 2670 1095 2743 538
1120 2687 1175 2729 et
1200 2690 1352 2745 spem
1384 2682 1667 2750 consequi-

85 2766 173 2810 tur
199 2760 454 2816 charitas
486 2761 600 2825 Dei,
630 2777 752 2832 qua:
782 2765 1026 2818 omnium
1054 2767 1227 2836 major
1262 2767 1375 2840 (56)
1405 2781 1488 2825 est
1520 2771 1588 2839 ⁸⁸,
1611 2782 1666 2828 et

82 2868 189 2906 non
223 2855 405 2910 solum
450 2855 624 2924 replet
645 2868 881 2912 mentem
913 2868 1178 2929 nostram,
1207 2863 1301 2916 sed
1333 2874 1386 2917 et
1422 2865 1666 2922 abundat

87 2959 152 2998 ac
182 2944 516 3001 diffunditur
548 2952 598 3001 iti
625 2947 880 3003 cordibus
918 2950 1142 3014 nostris,
1176 2967 1274 3020 pro
1301 2968 1368 3008 eo
1390 2957 1532 3023 quod
1556 2973 1661 3011 non

1775 1852 1952 1906 neque
1987 1838 2151 1906 bona,
2182 1854 2356 1908 neque
2398 1843 2538 1897 mala
2575 1843 2904 1896 nominanda
2949 1843 3087 1915 (60),
3123 1855 3180 1898 ιιι
3225 1855 3351 1900 sunt

1775 1930 1997 1997 divitiae,
2033 1932 2245 2000 species
2277 1933 2544 2000 corporis,
2576 1943 2632 1988 et
2667 1933 2929 1990 fortitudo
2977 1936 3061 1989 vel
3103 1937 3349 2005 proceri-

1774 2032 1882 2089 tas,
1917 2035 2076 2094 atqne
2113 2040 2174 2080 ea
2205 2041 2324 2096 qua:
2353 2029 2598 2097 corporis
2634 2030 2823 2085 usibus
2855 2033 3118 2086 serviunt.
3145 2033 3200 2086 Si
3223 2035 3347 2102 quis

1773 2117 1943 2187 igitur
1972 2117 2378 2174 distinctionem
2428 2121 2758 2176 diversitatis
2808 2121 2966 2189 hujus
3018 2124 3250 2194 ignorat,
3289 2135 3346 2178 et.

1769 2209 2037 2279 gloriatur
2084 2210 2138 2264 in
2190 2210 2273 2266 his
2321 2226 2442 2281 qua:
2477 2228 2581 2266 non
2615 2221 2741 2268 sunt
2783 2231 2912 2269 vere
2946 2213 3107 2280 bona,
3145 2231 3244 2270 nec
3273 2216 3343 2270 ad

1767 2303 2027 2357 virtutem
2080 2304 2248 2358 animi
2296 2309 2591 2374 pertinent,
2638 2307 2986 2375 culpabiliter
3051 2307 3340 2378 gloriatur.

1768 2390 1970 2450 Paulus
2004 2411 2157 2464 vero,
2191 2399 2282 2466 qui
2310 2397 2360 2451 in
2397 2398 2483 2451 his
2511 2408 2630 2451 erat
2673 2399 3056 2466 peritissimus,
3091 2415 3213 2453 cum
3257 2400 3344 2453 di-

1765 2486 1959 2550 xisset,
1983 2489 2109 2557 quia
2135 2507 2154 2540 ι
2183 2489 2478 2558 gloriamur
2511 2489 2564 2542 in
2601 2490 3041 2544 tribulationibus
3071 2491 3290 2558 nostris,
3316 2509 3336 2542 ι

1766 2594 1836 2632 ne
1864 2579 2008 2634 forte
2044 2591 2328 2651 putaretur
2357 2582 2410 2636 in
2446 2579 2608 2635 rebus
2654 2580 3092 2636 indiﬂ‘erentibus
3136 2592 3192 2635 et
3229 2598 3345 2635 me-

1765 2671 1868 2725 diis
1917 2670 2162 2741 gloriari,
2199 2671 2375 2726 reddit
2406 2671 2664 2726 continuo
2696 2672 2988 2734 rationem,
3023 2681 3076 2724 et
3098 2673 3345 2726 ostendit

1764 2763 1906 2831 quod
1941 2762 2194 2832 gloriatio
2221 2778 2339 2830 sua,
2375 2777 2537 2830 quam
2581 2762 2636 2816 in
2675 2763 3117 2818 tribulationibus
3149 2762 3339 2826 habet,

1763 2855 1831 2908 ad
1866 2855 2095 2909 virtutes
2125 2855 2292 2908 animi
2329 2855 2618 2923 pertineat.
2659 2855 2800 2908 Dicit
2839 2855 3010 2918 enim,
3043 2854 3166 2924 quia
3195 2873 3214 2907 ι
3243 2857 3342 2908 tri-

1748 2946 1988 3010 -bu|atio,
2014 2965 2033 2999 ι
2079 2961 2176 3016 pro
2203 2961 2308 3015 qua
2349 2946 2575 3017 glorior,
2621 2963 2640 2997 ι
2680 2946 3001 3015 patientiam
3056 2957 3335 3016 Operatnr,

87 3037 328 3091 humana
365 3053 396 3092 a
427 3038 581 3093 nobis
607 3049 726 3094 arte
755 3041 1062 3110 acquiritur
1099 3042 1235 3113 (57),
1276 3047 1368 3100 sed
1413 3062 1510 3116 per
1541 3065 1662 3118 με-
1689 3071 1735 3134 C
1765 3037 2022 3107 patientia
2055 3053 2185 3092 vero
2217 3041 2616 3107 probationem,
2672 3039 2926 3134 probatio
2976 3054 3106 3134 vero
3155 3054 3332 3134 spem,

89 3129 214 3182 tiam
251 3132 432 3186 sancti
491 3130 730 3200 Spiritus
777 3132 1100 3192 infunditur.
1177 3137 1299 3193 Haec
1361 3143 1656 3196 secundum

85 3225 354 3278 sermonis
383 3225 554 3292 ipsius
579 3226 663 3280 vel
698 3227 892 3282 littera:
924 3233 1368 3299 consequentiam
1403 3249 1502 3304 pro
1531 3238 1664 3290 ada-

85 3315 329 3380 pertione
355 3314 473 3386 (58)
499 3318 780 3386 apostolici
806 3320 1011 3390 eloquii
1039 3323 1326 3392 explanata
1354 3327 1483 3381 sint.
1504 3327 1660 3383 Nunc

82 3406 191 3473 jam
223 3409 352 3476 quid
390 3410 622 3464 interior
648 3426 846 3466 sensus
881 3415 1162 3470 contineat
1200 3417 1564 3488 requiramus.
1596 3421 1662 3476 Et

89 3498 260 3563 primo
292 3499 363 3553 de
392 3499 716 3569 gloriatione
747 3504 1024 3560 videamus
1065 3507 1211 3575 quod
1245 3509 1384 3564 dixit
1415 3529 1429 3565 :
1471 3528 1491 3562 ι
1528 3512 1660 3568 Glo-

91 3589 292 3644 riamur
333 3591 390 3645 in
436 3592 884 3651 tribulationibus
938 3600 1160 3653 nostris.
1203 3618 1223 3653 ι
1270 3601 1463 3659 Sermo
1510 3605 1656 3660 enim

89 3682 424 3748 gloriationis
455 3684 592 3755 (59),
645 3688 914 3743 interdum
949 3689 1296 3747 laudabiliter
1329 3696 1380 3751 in
1410 3695 1656 3769 Scriptu-

89 3774 181 3840 ris,
214 3774 490 3830 interdum
516 3776 858 3845 culpabiliter
889 3781 1125 3850 ponitur.
1151 3783 1363 3840 Etenim
1407 3803 1531 3842 cum
1573 3789 1657 3844 di-

88 3867 157 3919 cit
186 3865 456 3924 Jeremias
482 3887 497 3924 :
533 3887 552 3920 ι
585 3867 713 3926 Haec
739 3871 872 3926 dicit
902 3873 1160 3931 Dominus
1189 3895 1202 3931 :
1240 3877 1356 3933 Non
1393 3879 1656 3950 glorietur

88 3959 300 4026 sapiens
328 3962 383 4016 in
421 3961 684 4028 sapientia
742 3978 862 4030 sna,
915 3980 1016 4020 nec
1061 3965 1220 4022 fortis
1249 3970 1302 4022 iii
1336 3971 1653 4028 fortitudine

87 4062 200 4115 sua,
233 4066 413 4121 neque
441 4052 705 4122 glorietur
731 4053 882 4110 dives
922 4055 976 4110 in
1009 4057 1213 4113 divitiis
1257 4061 1371 4115 suis
1412 4081 1424 4116 :
1475 4064 1568 4117 sed
1597 4063 1650 4119 in

87 4140 183 4197 hoc
209 4144 477 4213 glorietur
501 4146 594 4215 qui
619 4145 909 4215 gloriatur,
948 4148 1252 4213 intelligere
1280 4161 1334 4207 et
1357 4169 1652 4223 agnoscere

91 4249 193 4297 me,
223 4237 348 4306 quia
385 4252 488 4308 ego
516 4253 635 4293 sum
671 4239 929 4294 Dominus
975 4243 1066 4311 qui
1123 4254 1306 4299 statuo
1343 4247 1654 4302 misericor-

89 4326 250 4394 diam,
281 4340 333 4386 et
355 4331 648 4401 judicium,
681 4341 737 4386 et
761 4331 1029 4401 justitiam
1057 4350 1222 4406 super
1270 4347 1467 4392 terram
1504 4339 1548 4372 “
1576 4357 1592 4406 ;
1624 4359 1643 4393 ι

1763 3145 1886 3199 spes
1917 3144 2044 3184 vero
2072 3145 2176 3184 non
2204 3131 2512 3196 confundit,
2565 3132 2692 3200 quia
2721 3130 2964 3186 charitas
2994 3131 3089 3186 Dei
3140 3131 3336 3187 diffusa

1761 3232 1844 3275 est
1871 3221 1925 3274 in
1955 3223 2210 3278 cordibus
2232 3223 2440 3278 nostris
2478 3239 2574 3293 per
2603 3224 2870 3293 Spiritum
2911 3234 3200 3290 sanctum;
3231 3243 3250 3276 ι
3279 3235 3336 3280 et

1761 3313 1813 3367 in
1847 3315 1930 3368 bis
1963 3316 2158 3368 edocet
2199 3316 2341 3384 quod
2395 3331 2492 3385 per
2542 3317 2902 3371 succedentes
2951 3315 3055 3370 sibi
3105 3319 3336 3371 virtutes

1759 3404 2013 3475 gloriatio
2054 3404 2467 3460 tribulationum
2508 3422 2680 3475 usque
2737 3407 2808 3460 ad
2871 3409 3044 3462 sancti
3095 3407 3334 3476 Spiritus

1758 3499 1969 3553 culmen
2000 3497 2112 3570 (6i)
2147 3498 2428 3562 ascendat,
2483 3498 2627 3553 sicut
2665 3508 2720 3554 et
2764 3499 2891 3554 alibi
2928 3499 3061 3554 dicit
3099 3517 3112 3554 :
3162 3516 3182 3551 ‹
3227 3497 3332 3566 Qui

1759 3591 2050 3660 gloriatur,
2083 3593 2135 3646 in
2168 3592 2394 3647 Domino
2424 3591 2690 3662 glorietur
2713 3593 2779 3644 ⁵⁸.
2815 3612 2834 3644 ι
2873 3591 3062 3663 Neque
3089 3607 3224 3664 ergo
3273 3595 3328 3650 iu

1757 3685 2024 3754 sapientia
2059 3686 2299 3756 propria,
2328 3687 2503 3754 neque
2548 3686 2600 3740 io
2653 3683 3001 3749 fortitudine,
3051 3700 3227 3754 neque
3272 3686 3330 3740 in

1757 3775 1982 3840 divitiis,
2013 3777 2108 3830 sed
2141 3775 2193 3830 in
2221 3775 2338 3830 solo
2372 3775 2486 3829 Deo
2521 3778 2777 3830 convenit
2808 3775 3057 3846 gloriari.
3088 3777 3192 3831 Sed
3219 3776 3332 3832 for-

1755 3878 1903 3922 tasse
1951 3867 2105 3923 dicas
2146 3883 2160 3920 :
2210 3866 2464 3936 Nunquid
2512 3881 2619 3920 non
2669 3867 2938 3936 sapientia
2988 3870 3053 3922 ad
3097 3870 3330 3924 virtutes

1755 3963 1924 4016 animi
1953 3970 2166 4032 spectat
2189 3961 2212 4014 ?
2233 3960 2300 4014 Et
2330 3976 2428 4014 cur
2459 3960 2729 4030 culpabile
2761 3962 2980 4015 ducitur
3022 3962 3075 4016 in
3105 3964 3328 4033 sapien-

1757 4060 1830 4111 tia
1855 4054 2075 4124 gloriari
2101 4054 2124 4107 ἲ
2153 4054 2287 4109 Vide
2309 4067 2437 4119 ergo
2463 4067 2630 4121 quam
2661 4062 2853 4107 catttus
2887 4053 3001 4124 (62)
3051 4064 3134 4108 est
3179 4054 3330 4108 Scri-

1753 4159 1925 4216 ptura:
1977 4161 2182 4210 sermo,
2229 4145 2324 4213 qui
2377 4144 2657 4211 impolitus
2697 4143 2916 4203 videtur
2961 4154 3017 4199 et
3069 4145 3326 4214 agrestis.

1752 4239 1868 4293 Non
1901 4240 2080 4294 dixit:
2116 4256 2134 4289 ι
2178 4237 2292 4292 Non
2325 4236 2589 4306 glorietur
2628 4236 2846 4306 sapiens
2888 4237 2940 4290 in
2970 4237 3257 4306 sapientia,
3299 4257 3334 4292 ο,

1752 4342 1807 4388 et
1835 4331 2023 4396 siluit;
2057 4331 2150 4386 sed
2181 4330 2260 4385 ait
2295 4346 2309 4382 :
2355 4347 2375 4378 ι
2426 4328 2543 4383 Νοιι
2591 4328 2857 4398 glorietur
2890 4330 3106 4398 sapiens
3151 4329 3203 4382 in
3237 4344 3329 4383 sa-

91 4419 141 4472 in
169 4437 272 4478 uno
296 4426 598 4494 eodemque
621 4427 862 4494 capitulo
892 4426 1269 4494 gloriationem
1303 4439 1359 4485 et
1400 4431 1646 4486 laudabi-
1679 4415 1729 4476 Ι)
1754 4425 1954 4497 pientia
1990 4438 2086 4478 sua
2110 4422 2177 4476 “.
2206 4441 2226 4476 ι
2257 4421 2361 4488 Qui
2397 4421 2540 4475 enim
2565 4420 2619 4474 Ῐη
2657 4409 2778 4486 sua}
2805 4429 2862 4474 ει
2890 4436 2996 4476 ιιοη
3034 4422 3085 4474 in
3118 4420 3210 4474 Dei
3244 4435 3335 4475 ⁸³⁸-

91 4511 204 4568 liter
223 4524 276 4569 et
295 4517 640 4586 culpabiliter
669 4520 868 4586 posuit.
888 4518 1023 4574 Nam
1051 4520 1097 4576 si
1126 4521 1272 4589 quis,
1302 4524 1501 4592 inquit,
1531 4526 1646 4594 glo-

91 4605 248 4661 t'iatur
272 4609 354 4664 vel
385 4610 438 4665 in
465 4609 728 4680 sapientia
757 4625 882 4676 sua,
916 4611 1000 4666 vel
1026 4612 1078 4666 in
1108 4613 1446 4680 fortitudine,
1473 4618 1556 4671 vel
1587 4618 1641 4671 in

1754 4518 1955 4586 pientia
1979 4515 2269 4587 gloriatur,
2291 4511 2640 4583 culpabiliter
2657 4512 2940 4583 gloriatur,
2967 4513 3092 4582 quia
3117 4521 3171 4581 et
3196 4513 3323 4567 alibi

1752 4611 1886 4667 dicit
1915 4610 2220 4682 propheta:
2255 4624 2276 4659 ι
2322 4606 2414 4662 Va:
2449 4605 2536 4661 his
2569 4606 2661 4676 qui
2701 4606 2972 4676 sapientes
3007 4615 3134 4661 sunt
3175 4606 3322 4677 apud

153 4787 196 4818 “
218 4786 372 4845 Rom.
395 4805 449 4858 v,
472 4789 583 4845 3-5.
657 4773 877 4858 "ibid.,
899 4793 952 4858 l,
975 4791 1031 4847 2.
1108 4792 1188 4848 ⁸⁸1
1209 4793 1334 4849 Cor.
1358 4811 1479 4864 xm,
1501 4798 1590 4854 l5.

1825 4812 1935 4852 em.
1964 4810 2044 4862 ix,
2065 4794 2158 4858 25,
2180 4790 2274 4847 24.
2350 4789 2396 4822 ⁸⁸
2418 4788 2440 4844 l
2461 4790 2587 4846 Cor.
2612 4805 2655 4856 ι,
2673 4790 2763 4844 51.
2838 4789 2884 4820 ⁸¹
2904 4787 3106 4845 Jerem.
3133 4805 3208 4856 ix,
3226 4789 3320 4849 95.

161 4941 266 5018 (55)
291 4945 458 5018 Alias,
491 4963 511 4998 ε
548 4947 748 5018 aliquid
783 4947 850 5002 ad
879 4947 1021 5018 quod
1049 4945 1263 5015 referri,
1301 4969 1320 5001 ι
1361 4961 1466 5006 ctc.

159 5012 270 5084 (Si)
298 5015 459 5079 Editi,
522 5037 539 5069 ι
561 5012 664 5070 non
696 5018 872 5072 solum
900 5012 1082 5071 autem
1119 5012 1283 5073 haec:
1318 5037 1424 5074 non
1463 5023 1639 5078 solunt

96 5093 266 5154 autem
301 5101 420 5151 quae
451 5102 636 5154 supra.
665 5107 683 5138 ι
717 5098 824 5142 etc.
859 5088 961 5141 Sed
987 5103 1179 5144 omnes
1219 5105 1350 5144 mss.
1387 5095 1560 5148 nostri
1589 5103 1645 5149 et

98 5149 335 5208 Rabanns
363 5165 421 5210 ut
451 5149 727 5212 in'nostro
752 5166 923 5212 textu.

166 5221 269 5295 (55)
300 5224 401 5280 Ms.
439 5243 597 5290 unus,
636 5244 657 5278 ς
679 5238 734 5280 et
767 5243 862 5295 per
895 5228 1204 5295 patientiam
1230 5231 1525 5286 multarum
1553 5235 1644 5288 tri-

102 5287 419 5406 :‘ittllati'onum
451 5287 820 5366 probationem
865 5287 1018 5367 {per
1063 5301 1440 5368 probationem
1487 5287 1638 5372 spem

121 5373 149 5406 ιι
174 5376 295 5406 um-
327 5384 347 5406 ι
377 5379 482 5406 om-

121 5370 296 5425 nume,
327 5384 347 5418 ι
377 5379 483 5421 etc.

161 5428 264 5506 t§§_)
293 5433 452 5506 Cditi,
483 5454 504 5488 ι
533 5451 654 5506 qua:
677 5445 758 5491 est
782 5437 1020 5492 omnium
1057 5439 1309 5493 maxima.
1341 5459 1361 5493 ι

163 5498 264 5569 (57)
298 5498 622 5561 Μεεζιιοεὶτὶ
651 5507 738 5561 hic
769 5508 872 5562 sibi
904 5524 1009 5561 non
1037 5509 1332 5564 cohwrent.
1366 5511 1514 5566 [mus
1538 5528 1631 5568 so-

101 5560 183 5648 nis;
197 5560 348 5648 ha...
376 5595 394 5627 .
426 5560 788 5648 manus;
825 5560 960 5648 alii,
980 5560 1007 5629 ι
1045 5560 1346 5648 saga-iiii":
1372 5560 1629 5639 maiae

103 5636 226 5714 alter
250 5642 430 5702 itidem
467 5636 614 5702 solus
643 5636 804 5703 habet
829 5664 848 5698 ι
881 5636 1202 5715 ἰηΪιιιιὰἶιιιτ,
1233 5669 1259 5701 ι
1295 5653 1476 5705 czeteri
1495 5636 1624 5708 vero

99 5716 456 5779 ,unundatur.
486 5736 505 5770 ι
536 5727 588 5772 et
615 5716 754 5773 alius
807 5736 827 5771 ι
878 5719 1182 5776 inundatur.
1227 5739 1248 5772 ι
1297 5718 1402 5778 Sed
1440 5733 1618 5779 tamen

1752 4951 2040 5021 legendum
2083 4949 2295 5004 videtur
2324 4955 2387 5021 ut
2418 4945 2471 5000 in
2505 4956 2694 5021 nostro
2731 4953 2906 5021 textu.
2945 4944 3084 5000 Editi
3123 4953 3179 5000 et
3212 4945 3332 5016 Ra-g

1749 5017 1922 5077 baiius
1950 5022 2150 5075 habent
2179 5039 2196 5071 ι
2223 5019 2484 5088 (ιιιιιξι-ἰιυι·
2507 5034 2526 5066 ›
2553 5027 2609 5070 et
2642 5036 2658 5066 ι
2683 5017 2998 5070 inundatur.
3027 5034 3046 5066 ι

1840 5090 1930 5160 58)
1967 5091 2132 5154 Editi,
2170 5087 2290 5160 t'ad
2319 5087 2674 5160 apertionem.
2707 5105 2729 5139 ι

1839 5153 1929 5231 59)
1961 5160 2099 5214 Editi
2120 5153 2391 5227 plerique,
2443 5156 2736 5231 {Gloriam
2775 5155 2827 5208 in
2871 5153 3312 5211 tribulationibus

1749 5227 2201 5306 nostris._Sermo
2229 5231 2392 5283 etiam
2420 5227 2785 5306 gloriationis.
2806 5233 2958 5306 istc.
3169 5293 3208 5306 ﬁ

1821 5301 1933 5371 (60)
1967 5300 2059 5354 Sic
2091 5314 2280 5378 omnes
2335 5291 2467 5354 mss.
2522 5297 2694 5351 nostri
2741 5291 3114 5378 et-Rabanus.
3169 5293 3312 5378 Etiiti

1747 5366 1959 5431 vero.'t
1985 5385 2160 5439 neque
2201 5372 2337 5423 bona
2361 5407 2384 5439 ,ί
2437 5383 2537 5423 nec
2583 5382 2704 5437 qua:
2739 5366 2812 5439 ad
2848 5366 3104 5418 virtutem
3142 5366 3310 5419 animi

1743 5441 2047 5508 pertinent,
2073 5437 2248 5508 neque
2285 5438 2423 5492 mala
2460 5437 2876 5508 notuitiaitda,_t_
2893 5443 3000 5488 etc.

1813 5510 1926 5582 (61)
1961 5503 2056 5566 Sic
2081 5503 2272 5566 omnes
2303 5524 2441 5565 mss.
2479 5509 2652 5566 nostri
2685 5524 2699 5573 ;
2747 5503 2880 5561 editi
2927 5517 3081 5574 vero,
3125 5524 3147 5560 ι
3190 5505 3312 5562 cul-

1736 5590 1867 5636 tum.
1893 5599 1912 5632 ι

1805 5651 1916 5724 (62)
1945 5649 2106 5717 Editi,
2149 5669 2167 5702 ι
2200 5658 2428 5707 astutus.
2465 5667 2486 5702 ι
