3684 6148
379 210 484 264 905

1863 202 2185 258 ORIGENIS

3488 210 3555 262 996

378 326 719 397 semetipsos,
775 335 831 380 et
879 326 932 380 in
986 335 1283 394 consltectu
1326 340 1426 379 suo
1452 324 1650 380 eruditi
1707 323 1775 376 δ’.
1803 341 1821 373 ι
1856 321 1949 374 Dei
1982 323 2025 378 Α
2055 320 2311 387 pertinet,
2341 319 2466 388 quia
2502 317 2604 387 ipsi
2633 317 3086 388 suntquiarctam
3113 326 3170 372 et
3192 330 3442 387 angustam
3463 326 3552 378 riam

376 437 508 489 ergo
538 417 805 488 sapientia
848 433 933 470 ess
978 414 1146 472 Deum
1175 431 1526 485 cognoscere,
1553 425 1609 469 et
1643 413 1953 483 intelligere

377 512 811 569 misericordiam
840 509 983 582 ejus,
1006 520 1062 566 et
1092 511 1380 580 judicium,
1406 519 1464 565 et
1485 510 1758 577 justitiam
1791 525 1954 578 quant

379 609 509 663 fecit
537 622 701 676 super
736 618 935 662 terram
962 607 1032 672 ⁸³,
1069 609 1122 662 in
1164 624 1272 678 quo
1308 608 1402 678 qui
1443 608 1730 678 gloriatur,
1763 608 1814 662 in
1845 608 1956 662 Do-

379 703 530 755 mino
555 701 843 770 gloriatur.
880 699 1129 756 Humana
1161 717 1291 756 vero
1319 702 1587 772 sapientia
1622 717 1731 756 non
1777 711 1956 771 potest

377 794 522 847 scire
558 803 612 847 et
652 792 958 862 intelligere
989 792 1300 857 Dominum,
1334 809 1512 863 neque
1538 809 1840 863 agnoscere
1866 795 1958 862 ju-

378 885 544 947 dicia,
579 893 633 937 et
669 883 1132 948 misericordiam,
1162 894 1218 937 et
1245 883 1513 950 justitiam
1536 883 1654 953 ejus
1685 899 1850 952 quam
1877 883 1961 938 fc-

380 976 460 1030 cit
486 990 654 1045 super
686 984 888 1028 terram
916 982 1012 1038 ;et
1043 974 1166 1028 ideo
1192 971 1508 1029 indifferens
1531 985 1636 1038 est,
1669 985 1724 1030 et
1755 977 1954 1033 media.

377 1067 562 1121 Potest
588 1066 735 1121 enim
771 1065 887 1120 ﬁeri
919 1076 977 1119 ιιι
1007 1080 1078 1120 ex
1119 1066 1223 1120 hac
1265 1065 1502 1120 humana
1531 1067 1798 1137 sapientia
1826 1085 1959 1123 eru-

379 1160 526 1214 ditus
553 1159 696 1229 quis,
728 1159 794 1212 ad
823 1158 1236 1230 intelligentiam
1261 1157 1461 1213 divinae
1485 1160 1768 1228 sapientiae
1799 1177 1962 1230 para-

381 1254 488 1306 tior
522 1252 726 1315 veniat,
755 1260 812 1306 et
843 1251 897 1304 in
927 1250 1028 1305 bac
1058 1251 1395 1307 exercitatus
1421 1252 1489 1306 ad
1519 1252 1664 1306 illam
1705 1255 1960 1322 capacior

379 1347 505 1407 fiat,
526 1343 702 1398 Simili
738 1343 899 1396 modo
921 1342 1014 1411 qui
1044 1343 1216 1396 utitur
1243 1343 1457 1398 caeteris
1479 1359 1600 1413 quae
1634 1345 1810 1400 media
1837 1360 1961 1403 esse

379 1437 638 1501 diximus,
693 1435 1014 1492 fortitudine
1051 1437 1336 1501 duntaxat,
1382 1437 1467 1493 vel
1517 1439 1725 1493 divitiis
1769 1458 1784 1495 :
1839 1455 1962 1509 quae

379 1531 504 1584 dum
548 1530 724 1584 media
778 1537 926 1594 sunt,
974 1529 1080 1584 hoc
1105 1537 1212 1594 est,
1249 1532 1376 1586 dum
1411 1547 1518 1586 non
1547 1531 1600 1585 in
1644 1546 1815 1603 opere
1862 1533 1958 1590 Dei

381 1624 505 1692 quis
535 1624 690 1678 fortis
739 1630 844 1686 est,
900 1637 1081 1692 neque
1121 1623 1176 1676 in
1209 1624 1606 1681 misericordiis
1657 1641 1956 1697 pauperum

379 1716 555 1778 dives,
587 1715 810 1784 gloriari
849 1730 1025 1783 neque
1056 1716 1111 1770 in
1137 1715 1480 1782 fortitudine,
1523 1733 1699 1788 neque
1735 1719 1790 1772 in
1825 1719 1960 1773 divi-

381 1809 473 1864 tiis
500 1809 684 1864 debet.
715 1808 773 1864 Si
809 1824 938 1863 vero
982 1809 1086 1863 ista
1117 1823 1241 1878 quae
1285 1809 1464 1864 media
1501 1818 1648 1872 sunt,
1686 1811 1756 1865 ad
1791 1811 1960 1866 animi

379 1901 671 1964 virtutem,
702 1909 758 1954 et
788 1900 855 1953 ad
893 1900 1132 1953 fructum
1159 1900 1283 1955 boni
1320 1900 1503 1970 operis
1547 1910 1958 1966 convertantur,

379 1991 708 2060 gloriatione
762 1991 928 2060 digna
965 1988 1278 2045 eﬂiciuntur
1318 2007 1332 2044 :
1376 1992 1521 2046 sicut
1564 2007 1783 2048 rursum
1811 1993 1854 2049 si
1892 1993 1959 2049 ad

379 2083 585 2136 malum
617 2097 754 2152 opus
786 2082 1170 2146 conferantur,
1222 2093 1283 2137 ut
1322 2098 1422 2152 per
1459 2083 1680 2140 divitias
1707 2086 1832 2154 quis
1863 2101 1963 2156 op-

378 2177 582 2244 primat
609 2189 930 2245 pauperem,
982 2185 1040 2232 et
1087 2189 1186 2244 per
1225 2175 1600 2232 fortitudinem
1641 2187 1962 2248 prosternat

381 2265 681 2332 inﬁrmum,
730 2265 844 2335 jam
907 2280 1015 2318 non
1082 2264 1198 2320 base
1255 2265 1455 2332 media,
1516 2266 1612 2322 sed
1655 2266 1798 2322 mala
1837 2281 1963 2324 esse

376 2367 668 2428 putantur.
737 2357 945 2412 Idcirco
1011 2356 1180 2426 igitur
1230 2365 1424 2411 natura
1487 2358 1571 2413 sui
1643 2357 1963 2414 indiﬂeren-

381 2447 457 2502 tia
523 2456 578 2503 et
648 2448 826 2504 media
904 2448 1198 2514 dicuntur,
1275 2449 1410 2518 quia
1481 2457 1538 2505 et
1619 2449 1688 2505 ad
1756 2452 1960 2506 malum

377 2557 518 2611 opus
546 2543 780 2608 sociata,
810 2543 948 2596 mala
981 2541 1088 2598 dici
1139 2551 1382 2612 pussunt,
1423 2551 1480 2597 et
1521 2543 1679 2599 bonis
1709 2544 1966 2615 operibus

379 2633 592 2704 juncta,
651 2634 792 2688 bona
850 2634 1134 2705 appellari.
1191 2632 1326 2688 Sine
1381 2635 1485 2690 hac
1552 2649 1682 2692 vero
1730 2636 1968 2692 inclina-

382 2725 530 2778 tione
563 2721 728 2792 539
767 2723 836 2776 ad
878 2723 1107 2777 alterum
1146 2736 1178 2776 e
1207 2721 1441 2788 duobus,
1472 2725 1562 2794 qui
1597 2739 1659 2779 ea
1704 2726 1843 2782 bona
1874 2726 1963 2782 di-

378 2824 529 2877 cunt,
559 2815 796 2883 imperiti
843 2826 899 2869 et
928 2815 1104 2887 ignari
1136 2815 1542 2871 rationabilium
1583 2817 1962 2873 deﬁnitionum

381 2906 916 2976 appellationumqne
962 2908 1219 2964 credendi
1251 2918 1400 2963 sunt.
1433 2908 1672 2967 Abusive
1698 2919 1878 2967 tamen
1910 2921 1967 2967 et

2056 409 2344 470 incedunt,
2401 418 2456 462 et
2512 419 2801 477 propterea
2855 407 3101 461 tribulari
3161 407 3413 464 dicuntur.
3455 413 3554 479 Quod

2055 499 2220 551 etiam
2261 497 2316 551 in
2344 498 2462 568 ipso
2499 497 2752 564 Domino,
2778 498 2870 568 qui
2905 513 3031 551 vera
3058 507 3146 552 est
3178 499 3264 551 via
3286 513 3427 566 quam
3441 510 3554 560 sancti

2055 589 2350 654 incedunt,
2385 589 2732 646 intellexisse
2780 590 3057 660 apostolos
3107 589 3372 655 arbitror,
3401 609 3492 648 cum
3515 600 3555 652 al

2055 695 2176 735 eum
2225 681 2473 737 dicerent
2514 697 2530 736 :
2583 701 2602 733 ι
2636 680 2838 738 Turba:
2875 692 2928 738 te
2982 684 3347 754 comprimunt
3375 697 3420 741 et
3443 703 3555 742 ωεν-

2055 783 2243 839 ctant,
2283 774 2541 844 Magister
2568 776 2640 830 ⁸⁷.
2687 794 2706 826 ›
2740 772 3158 831 Tribulationes
3198 792 3329 846 ergo
3365 778 3555 846 justorun

2055 882 2163 922 non
2194 866 2366 922 solum
2417 881 2510 923 eas
2554 869 2817 924 debemus
2855 871 3108 936 accipere
3143 885 3266 938 qua:
3300 872 3558 930 extrinsecus

2055 959 2281 1013 veniunt
2313 974 2380 1015 ex
2417 959 2535 1016 istis
2562 961 2726 1016 rebus
2752 976 2891 1031 quas
2922 960 3296 1027 indifferentes
3317 963 3390 1017 vel
3417 968 3556 1021 medias

2056 1065 2219 1120 supra
2251 1052 2508 1117 diximus,
2548 1051 2602 1108 id
2633 1062 2719 1107 est
2762 1054 2848 1109 vel
2884 1055 3121 1122 damnis,
3157 1054 3242 1110 vel
3274 1055 3560 1125 languoribus,

2059 1143 2142 1196 vel
2187 1158 2253 1198 ex
2300 1142 2546 1212 quolibet
2605 1145 2853 1214 corporis
2888 1146 3143 1201 cruciatu
3179 1160 3196 1199 :
3232 1147 3324 1201 sed
3368 1157 3416 1201 et
3456 1149 3495 1202 in
3521 1165 3563 1203 eo

2057 1234 2200 1304 quod
2227 1235 2391 1296 etiam
2423 1232 2476 1287 in
2517 1235 2707 1303 requie
2737 1236 2898 1304 positi
2933 1236 3266 1306 semetipsos
3295 1234 3510 1308 afﬂigunt.
3530 1253 3564 1292 ct

2057 1336 2298 1383 atterunt
2336 1329 2642 1384 resistendo
2691 1327 3066 1383 voluntatibus
3129 1329 3281 1394 suis,
3316 1331 3562 1385 refrenando

2057 1420 2366 1489 libidinem,
2397 1422 2702 1478 coercendo
2739 1423 3020 1478 licentiam
3053 1423 3198 1494 (65),
3224 1432 3281 1478 et
3313 1426 3465 1479 omnia
3486 1442 3562 1495 qua

2057 1518 2128 1570 ad
2157 1515 2361 1570 bonum
2392 1514 2743 1570 continentia:
2766 1514 3046 1584 pertinent
3075 1513 3419 1586 proﬂigando,
3437 1533 3564 1571 secun-

2060 1608 2188 1662 dum
2207 1607 2352 1663 hunc
2380 1607 2556 1677 ipsum
2584 1608 2678 1676 qui
2709 1607 2888 1664 dixit:
2926 1625 2946 1658 ¢
2981 1607 3202 1664 Macero
3227 1623 3408 1675 corpus
3424 1625 3564 1673 metm,

2060 1710 2117 1756 et
2147 1701 2402 1757 servituti
2444 1699 2711 1770 subjicio,
2757 1717 2824 1755 ne
2863 1701 3008 1757 forte
3051 1717 3180 1756 cum
3221 1702 3340 1756 aliis
3378 1704 3564 1772 pradica-

2059 1807 2206 1854 vero.
2260 1793 2379 1863 ipse
2419 1793 2688 1863 reprobus
2718 1792 2922 1848 eﬂiciar
2949 1793 3021 1849 ⁸⁸.
3064 1813 3084 1846 ι
3135 1793 3205 1848 Ει
3239 1794 3339 1849 hoc
3366 1795 3491 1849 modo
3506 1794 3561 1862 ju-

2061 1894 2270 1940 storum
2315 1884 2594 1941 tribulatio
2635 1899 2742 1940 non
2795 1893 2974 1956 potest
3015 1883 3334 1940 indiﬂ’ereos
3358 1885 3474 1950 dici,
3501 1886 3559 1939 sed

2061 1985 2250 2048 aperte
2301 1977 2466 2044 bona,
2505 1993 2604 2048 per
2647 1993 2810 2048 quam
2861 1977 3004 2033 bona
3053 1976 3280 2032 virtutis
3334 1976 3558 2046 implentur.

2062 2068 2253 2141 Injusti
2294 2086 2446 2138 vero,
2529 2072 2750 2128 etiamsi
2812 2069 3176 2140 tribulentur,
3218 2070 3354 2140 quod
3393 2070 3559 2139 ntagisa

2066 2162 2351 2233 Scriptura
2381 2163 2590 2236 ﬂagella
2639 2165 2878 2221 diximus
2911 2165 3199 2236 appellari,
3235 2165 3462 2235 quoniam
3476 2164 3561 2217 nihil

2065 2256 2118 2310 in
2177 2257 2262 2311 his
2315 2256 2450 2327 ipsis
2493 2257 2722 2329 ﬂagellis
2765 2268 2820 2314 et
2856 2259 3301 2328 correptionibus
3344 2259 3560 2312 secundum

2064 2348 2316 2404 virtutem
2347 2351 2511 2405 animi
2543 2360 2762 2422 gerunt,
2795 2351 2932 2406 nihil
2968 2350 3036 2406 ad
3062 2350 3376 2420 patientiam
3404 2351 3559 2410 ducunt.

2064 2455 2168 2494 nec
2195 2441 2574 2530 probationem
2607 2459 2703 2513 per
2730 2442 3052 2512 patientiam
3078 2450 3332 2513 sperant:
3364 2440 3560 2494 idcircoin

2065 2533 2173 2588 illis
2205 2550 2312 2590 non
2357 2534 2642 2590 tribulatio
2667 2551 2789 2605 quae
2815 2535 2884 2590 ad
2915 2536 3032 2590 haec
3057 2536 3206 2590 bona
3241 2533 3482 2604 pervenit,
3504 2533 3560 2587 sed

2064 2624 2301 2697 ﬂagella,
2334 2636 2392 2680 ut
2428 2625 2708 2698 Scriptura
2734 2627 2924 2688 voluit.
2951 2627 3286 2682 nominanda
3306 2636 3434 2688 sunt,
3451 2628 3560 2679 etiam

2063 2719 2112 2776 si
2150 2719 2376 2776 abusive
2399 2718 2690 2790 aliquando
2714 2731 2770 2776 et
2806 2735 2971 2790 super
3021 2721 3254 2788 injustas
3284 2719 3380 2774 dici
3405 2718 3559 2773 tribub-

2067 2812 2229 2868 tionis
2248 2827 2443 2868 nomen
2469 2813 2738 2868 invenias.
2767 2812 2837 2869 Ut
2861 2824 3041 2868 autem
3066 2814 3214 2868 scias
3229 2812 3349 2882 quia
3363 2810 3556 2878 justorui

2068 2905 2343 2960 tribulatio
2371 2920 2478 2959 non
2514 2914 2775 2976 angustat
2807 2904 2980 2958 animi
3007 2904 3266 2958 virtutem
3292 2943 3307 2968 ,
3337 2903 3418 2956 sed
3438 2902 3555 2970 potius

381 2997 596 3052 fabrum
647 2999 880 3054 dicimus
918 2999 1238 3070 sapientem,
1287 3009 1345 3056 et
1398 3001 1821 3070 gubernatorem
1849 3044 1865 3068 ,
1909 3013 2034 3082 etc
2067 2998 2286 3074 dilatat,
2329 2999 2464 3053 audi
2518 3009 2578 3054 et
2631 2998 2744 3068 ipse
2795 2995 2995 3052 Paulus
3034 2997 3336 3052 Corinthiis
3384 2994 3556 3049 scribens

381 3091 764 3154 architectum,
800 3101 859 3146 et
893 3093 1176 3148 mulierem
1208 3094 1428 3149 texendi
1451 3094 1755 3162 sapientem
1783 3093 1962 3147 nomi-

382 3200 597 3239 namus.
643 3183 796 3250 Quod
829 3199 960 3252 ergo
990 3185 1042 3238 in
1085 3185 1339 3255 praesenti
1383 3184 1626 3256 capitulo
1671 3184 1964 3255 Apostolus

381 3277 546 3342 dicit,
579 3294 600 3327 σ
646 3277 784 3343 Quin
822 3276 1102 3332 tribulatio
1153 3277 1475 3347 patientiam
1530 3287 1814 3348 operatur,
1865 3295 1884 3328 ι
1917 3277 1962 3331 si

382 3369 698 3438 patientiam
728 3383 891 3422 unam
933 3383 1056 3424 esse
1083 3383 1150 3423 ex
1183 3368 1351 3423 animi
1393 3367 1690 3424 virtutibus
1722 3377 1960 3433 constat,

384 3461 666 3516 tribulatio
697 3460 814 3516 sine
843 3461 1011 3515 dubio
1050 3477 1172 3530 quae
1209 3462 1440 3516 virtutes
1469 3461 1636 3516 animi
1664 3460 1844 3531 parit,
1877 3476 1964 3516 ne-

383 3567 490 3623 que
536 3549 700 3617 mala,
726 3555 917 3619 neque
962 3549 1303 3616 indiﬂ'erens,
1346 3552 1440 3618 sed
1476 3551 1618 3608 bona
1645 3551 1962 3622 appellanda

383 3654 489 3698 cst.
527 3644 580 3697 In
606 3653 814 3696 tantum
837 3643 953 3715 (63)
974 3653 1180 3711 autem,
1213 3645 1356 3700 sicut
1383 3659 1550 3715 supra
1577 3645 1836 3713 diximus,
1869 3660 1965 3715 pa-

387 3738 579 3791 tientia
608 3737 782 3792 virtus
806 3737 973 3792 animi
1001 3736 1238 3823 ‘tlicenda
1271 3746 1384 3801 est,
1415 3747 1474 3791 ut
1509 3752 1612 3808 per
1643 3738 1964 3808 patientiam

385 3831 535 3885 dicat
559 3830 933 3901 probationem
969 3829 1142 3885 nostri
1186 3829 1328 3894 ﬂeri,
1371 3839 1428 3885 et
1459 3845 1558 3900 per
1583 3831 1962 3899 probationem

384 3937 536 3992 spem
570 3922 686 3977 dari
717 3939 731 3976 :
757 3937 879 3992 quae
918 3923 1106 3992 utique
1145 3925 1402 3992 quoniam
1451 3923 1506 3977 in
1551 3923 1664 3978 Deo
1720 3924 1826 3978 sita
1855 3930 1965 3988 est,

385 4015 478 4084 qui
509 4015 769 4069 virtutum
800 4016 1042 4070 omnium
1068 4026 1222 4084 pater
1254 4023 1361 4080 est,
1390 4030 1498 4072 non
1529 4015 1814 4070 confundit
1839 4029 1968 4086 spe-

388 4114 624 4160 rantem.
666 4107 838 4162 Simul
871 4107 1017 4162 enim
1061 4122 1185 4162 cum
1235 4123 1332 4177 spe
1373 4117 1430 4163 et
1471 4107 1760 4162 cbaritatis
1792 4108 1968 4162 abun-

388 4201 626 4255 dantiam
651 4211 818 4266 tenet,
836 4217 956 4271 qua:
973 4202 1150 4272 primo
1173 4202 1310 4264 loco,
1331 4203 1459 4271 quia
1478 4220 1498 4254 ι
1529 4202 1703 4272 major
1720 4202 1968 4257 omnium

384 4299 472 4344 est
501 4291 742 4346 cbaritas
781 4291 848 4354 “,
898 4309 916 4344 ι
965 4290 1192 4362 Spiritui
1221 4292 1532 4362 copulatur.
1574 4293 1730 4359 Quod
1762 4293 1808 4350 si
1842 4294 1968 4364 quis

389 4386 550 4440 nobis
570 4397 844 4452 occurrat,
879 4395 934 4442 et
961 4387 1110 4441 dicat
1140 4387 1379 4442 medium
1410 4401 1540 4443 esse
1565 4399 1622 4444 et
1651 4388 1968 4445 indifferens

387 4477 817 4548 tribulationem,
861 4481 1118 4552 quoniam
1165 4480 1383 4548 quidem
1440 4479 1752 4536 invenimus
1797 4482 1964 4538 etiam

389 4570 566 4626 malos
593 4581 648 4628 et
673 4573 867 4643 impios
891 4573 1140 4628 tribulari
1169 4572 1307 4644 (64),
1343 4583 1397 4629 et
1419 4588 1525 4628 non
1553 4574 1815 4629 continuo
1838 4575 1968 4644 quia

391 4667 720 4725 tribulantur
772 4684 873 4739 pro
925 4669 1085 4723 malis
1139 4668 1354 4723 actibus
1398 4668 1547 4734 suis,
1578 4668 1752 4722 virtus
1796 4668 1964 4723 animi

391 4759 670 4814 tribulatio
707 4775 895 4816 eorum
948 4761 1245 4830 reputanda
1280 4769 1407 4815 est:
1439 4761 1561 4815 vide
1601 4761 1645 4814 si
1691 4761 1966 4830 possimus

392 4851 492 4907 hoc
523 4854 682 4908 modo
718 4852 1070 4923 respondere,
1101 4854 1247 4924 quod
1281 4852 1560 4908 tribulatio
1589 4853 1808 4923 quidem
1835 4867 1964 4923 pro-

392 4941 509 5013 prie
531 4953 842 4998 sanctorum
870 4953 989 5011 est;
1021 4945 1310 5012 impiorum
1341 4951 1528 4997 autem
1560 4954 1610 4998 et
1641 4943 1967 5015 injustorum

395 5034 679 5090 tribulatio
726 5033 933 5104 ﬂagella
979 5034 1338 5104 appellentur.
1382 5032 1629 5102 Denique
1664 5036 1716 5088 in
1752 5033 1968 5090 Psalmo

392 5127 472 5183 sic
500 5127 679 5182 dicit:
715 5146 734 5179 ι
776 5125 957 5180 Multa:
985 5126 1364 5182 tribulationes
1395 5125 1675 5195 justorum
1720 5127 1790 5181 ⁸⁵.
1830 5147 1851 5180 ι
1891 5127 1968 5184 De

394 5219 515 5274 istis
534 5228 714 5274 autem
746 5219 822 5273 ait
853 5236 867 5273 :
909 5237 928 5270 ι
962 5219 1125 5273 Multa
1156 5217 1365 5288 ﬂagella
1396 5219 1702 5289 peccatoris
1732 5219 1799 5271 ".
1839 5237 1859 5271 ›
1899 5219 1968 5274 Et

395 5309 641 5367 fortassis
663 5319 948 5382 propterea
983 5310 1263 5366 tribulatio
1293 5321 1349 5366 et
1376 5310 1624 5382 angustia
1648 5312 1716 5366 ad
1747 5321 1964 5367 sanctos

2064 3092 2335 3162 quomodo
2363 3092 2470 3146 ista
2496 3091 2818 3162 distinguat;
2857 3091 2992 3145 dicit
3027 3091 3178 3145 enim
3218 3089 3290 3144 ita
3321 3107 3338 3145 :
3370 3107 3388 3140 ί
3415 3086 3460 3141 in
3481 3105 3556 3141 οω-

2065 3186 2226 3240 nibus
2251 3183 2656 3240 tribulationem
2677 3184 2937 3253 patimur,
2973 3183 3067 3238 sed
3099 3198 3213 3239 non
3238 3190 3555 3253 angustamur;

2065 3277 2371 3346 dejicimur,
2403 3277 2500 3332 sed
2534 3292 2643 3331 non
2683 3276 2923 3346 perimus
2949 3276 3017 3331 ξ’.
3052 3293 3078 3329 ι
3111 3274 3277 3332 Vides
3303 3273 3555 3345 quoniams:

2067 3368 2472 3428 tribulationem
2507 3368 2616 3437 pati
2647 3383 2753 3423 non
2785 3368 2839 3423 in
2875 3377 2982 3422 uno
3005 3408 3021 3432 ,
3052 3369 3150 3423 sed
3182 3369 3235 3422 in
3269 3365 3482 3422 omnibus
3506 3364 3557 3416 di-

2066 3462 2161 3526 cit,
2194 3459 2298 3516 hoc
2315 3469 2420 3521 est,
2449 3461 2575 3515 etin
2599 3461 2685 3515 bis
2711 3475 2831 3530 qua:
2861 3459 3174 3516 forinsecus
3195 3460 3441 3522 accidunt,
3462 3468 3501 3512 et
3513 3454 3554 3507 al)

2067 3553 2188 3607 aliis
2217 3552 2558 3619 inferuntur;
2609 3561 2664 3608 et
2697 3553 2754 3607 in
2801 3553 2888 3608 bis
2925 3569 3046 3622 qua:
3093 3554 3210 3623 ipse
3249 3553 3378 3607 intra
3416 3557 3552 3604 semet-

2067 3643 2243 3714 ipsum
2271 3659 2370 3714 pro
2401 3643 2650 3714 corporis
2693 3645 3056 3710 continentia,
3085 3655 3145 3701 et
3181 3648 3468 3715 optimarum
3503 3640 3555 3692 in-

2067 3737 2407 3793 stitutionum
2445 3735 2726 3792 laboribus
2775 3736 2983 3804 perfert
3014 3755 3029 3790 :
3063 3744 3121 3793 et
3171 3745 3433 3807 propterea
3453 3731 3554 3792 dicit,

2067 3833 2191 3901 quia
2219 3849 2239 3883 ι
2277 3831 2334 3886 in
2363 3832 2616 3887 omnibus
2657 3830 3066 3887 tribulationem
3115 3832 3364 3900 patimur,
3387 3827 3463 3884 sed
3487 3837 3554 3879 non

2067 3934 2448 3992 angustamur.
2484 3942 2503 3975 ι
2531 3923 2714 3994 Neque
2737 3922 2882 3979 enim
2906 3925 3185 3994 a-ngustari
3208 3932 3371 3994 potest
3386 3920 3458 3990 qui
3480 3917 3551 3970 tir-

2069 4017 2277 4072 tutibus
2322 4015 2610 4071 dilatatur.
2647 4015 2714 4071 Et
2751 4025 2810 4071 ut
2854 4016 3037 4071 adhuc
3083 4015 3229 4086 quod
3267 4013 3463 4070 dicimus
3490 4009 3554 4062 hoc

2068 4108 2230 4163 modo
2284 4107 2488 4163 clarius
2531 4108 2648 4173 flat,
2695 4107 2808 4178 ipse
2851 4105 3056 4163 Paulus
3103 4107 3294 4162 scribit
3335 4107 3382 4160 in
3422 4115 3553 4159 cense

2067 4201 2358 4270 quentibus
2393 4219 2406 4254 :
2445 4219 2465 4252 ι
2511 4197 2639 4256 Scio
2665 4209 2722 4256 et
2759 4200 3058 4268 humiliari,
3091 4201 3210 4256 scio
3230 4210 3282 4255 et
3317 4194 3553 4252 abundare.

2070 4293 2149 4366 (in
2179 4294 2451 4357 omnibus,
2480 4302 2536 4347 et
2558 4293 2627 4349 ad
2647 4293 2832 4348 omnia
2857 4293 3102 4349 imbutus
3127 4291 3268 4362 sum)
3294 4300 3345 4345 et
3371 4285 3553 4344 saturni.

1998 4371 2046 4432 D
2071 4390 2125 4434 et
2156 4383 2388 4448 esurire,
2424 4391 2479 4436 et
2509 4382 2803 4448 abundare,
2827 4392 2884 4438 et
2910 4383 3199 4452 penuriam
3230 4381 3331 4452 pati
3359 4381 3413 4433 ‘°.
3442 4395 3458 4428 ι
3483 4374 3552 4443 lgi-

2075 4484 2166 4531 tur
2205 4475 2251 4529 si
2299 4488 2486 4529 verum
2526 4483 2609 4530 est
2656 4473 2787 4528 illud
2831 4476 2978 4544 quod
3020 4475 3272 4545 superius
3306 4471 3450 4534 dixit,
3476 4485 3491 4516 ‹
3517 4463 3550 4516 ln

2073 4567 2326 4624 omnibus
2367 4567 2778 4622 tribulationem
2809 4567 3084 4636 patimur,
3122 4586 3148 4620 ›
3183 4576 3376 4622 certum
3403 4558 3551 4617 esthoc

2074 4662 2144 4714 ab
2169 4675 2234 4715 eo
2262 4660 2516 4726 indicari,
2545 4662 2674 4730 quia
2701 4670 2901 4714 etcum
2937 4662 3221 4729 penuriam
3263 4659 3460 4728 patitur.
3488 4649 3550 4703 tri-

2071 4753 2294 4808 bulatur
2315 4771 2331 4820 ;
2356 4762 2412 4807 et
2444 4769 2569 4808 cum
2600 4752 2838 4808 abundat
2864 4751 3001 4825 (66),
3039 4752 3372 4808 nihilominus
3391 4744 3548 4802 tribula-

2074 4858 2181 4903 tur.
2211 4846 2526 4902 Tribulatur
2559 4856 2740 4902 autem
2774 4848 2826 4901 in
2874 4849 3139 4918 penuria,
3193 4849 3310 4918 quia
3349 4843 3490 4898 deest;
3514 4834 3546 4885 ίη

2073 4940 2400 4996 abundantia
2428 4955 2581 5004 vero,
2604 4941 2732 5009 quia
2763 4941 3117 5011 semetipsum
3159 4941 3396 4999 refrenat,
3418 4945 3467 4986 ne
3486 4940 3548 4997 ρετ

2072 5033 2463 5088 abundantiam
2505 5032 2836 5099 resolvatur,
2869 5033 2957 5087 vel
2980 5048 3048 5090 ne
3081 5029 3546 5094 minuscompetenter

2071 5139 2135 5180 ea
2186 5140 2309 5194 qua!
2357 5125 2611 5180 videntur
2644 5127 2927 5182 abundare
2967 5127 3258 5197 dispenset.
3287 5121 3366 5177 Sic
3398 5123 3442 5170 et
3465 5121 3542 5165 cum

2072 5219 2266 5283 esurit,
2301 5227 2501 5274 etcum
2534 5229 2834 5287 saturatur,
2877 5229 2934 5274 et
2961 5234 3082 5276 cum
3115 5215 3466 5289 persecutiones
3481 5217 3541 5299 Pa:

2071 5314 2224 5379 titur,
2258 5321 2315 5367 et
2343 5327 2467 5368 cum
2497 5312 2552 5368 in
2592 5313 2783 5384 requie
2820 5313 2986 5383 degit.
3012 5313 3190 5382 Atque
3222 5312 3313 5366 boc
3335 5303 3457 5362 modo
3483 5306 3539 5363 Q'"

465 5431 510 5460 "
535 5428 662 5485 lsai.
705 5445 760 5498 v,
795 5429 886 5485 2|.
963 5428 1232 5485 "Ierem.
1267 5445 1345 5489 rx.
1372 5429 1465 5485 2i.
1540 5429 1590 5463 ”
1623 5430 1638 5484 I
1670 5431 1798 5486 Cor.
1837 5448 1880 5486 xi

2064 5473 2073 5489 .
2149 5433 2196 5465 ⁸⁸
2233 5431 2373 5487 Psal.
2420 5446 2620 5498 χχχιιι,
2659 5432 2753 5487 20.
2828 5432 2877 5466 ⁸⁸
2907 5431 3054 5489 Psal.
3084 5446 3233 5498 χχιι,
3262 5426 3338 5483 ll).
3395 5414 3538 5471 "W-

396 5513 514 5564 vm,
552 5501 642 5555 45.
720 5497 766 5533 ⁸⁸
803 5502 819 5554 l
867 5501 993 5557 Cor.
1041 5516 1116 5564 ιι,
1155 5501 1246 5555 27.
1321 5503 1368 5534 "
1411 5502 1449 5556 Il
1477 5501 1602 5557 Cor.
1634 5517 1712 5566 ιγ,
1744 5501 1798 5556 8.
1875 5506 1880 5532 '

2069 5505 2138 5573 ip.
2166 5519 2239 5568 tv,
2273 5502 2362 5556 i2.

470 5611 580 5676 (63.)
631 5612 792 5672 Editi,
832 5630 852 5664 ‹
892 5614 1131 5677 interim,
1173 5632 1191 5666 ›
1235 5614 1397 5668 male.

471 5680 582 5742 (64)
623 5682 722 5738 Ms.
761 5700 921 5751 unus,
957 5702 978 5738 ε
1013 5695 1067 5742 et
1091 5685 1144 5741 in
1176 5685 1296 5741 aliis
1322 5685 1518 5752 impios
1550 5683 1821 5742 tribulari.
1861 5704 1880 5736 ι

2147 5615 2259 5685 (65)
2300 5614 2399 5668 Ms.
2431 5629 2596 5678 unus,
2629 5631 2650 5665 ‹
2685 5615 2985 5671 coercendo
3012 5613 3299 5672 lasciviant.
3335 5624 3367 5673 ι,

2140 5687 2249 5751 ltiti)
2285 5686 2454 5754 Alias,
2489 5701 2510 5739 ι
2550 5686 2801 5742 abundet.
2839 5706 2862 5738 ι
