3684 6148
105 306 240 358 1001

1047 307 1406 364 COMMENT.
1448 306 1512 360 ΙΝ
1556 306 1767 361 EPIST.
1809 305 1899 358 AD
1940 305 2103 361 llOM.
2145 305 2275 365 LIB.
2314 304 2401 358 IV.

3216 311 3238 365 1
3249 310 3355 364 002

97 423 382 492 iustiﬁcati
413 439 556 480 nunc
583 428 638 480 in
687 430 954 496 sanguine
985 429 1138 499 eius,
1185 431 1319 485 salvi
1363 433 1570 486 erimus
1618 433 1686 488 ab
1715 437 1761 490 Α
1789 437 2036 482 nostrum
2069 426 2252 482 Jesum
2286 426 2602 491 Christum,
2629 442 2726 496 per
2769 444 2927 498 quem
2971 445 3116 486 nunc
3169 448 3358 486 recon-

103 513 186 565 ira
223 529 320 582 per
360 517 532 584 ipsum
561 516 628 572 ⁸⁸.
675 535 694 570 ι
749 516 808 572 1η
846 522 1218 588 superioribus
1250 523 1472 593 quidem
1527 524 1682 579 dixe-

107 619 193 660 rat
229 625 242 660 :
279 626 297 660 (
337 608 626 665 iustiﬁcati
660 613 827 680 igitur
859 629 927 668 ex
986 614 1126 683 ﬁde,
1167 632 1356 686 pacem
1389 619 1685 676 habeamus

104 700 171 750 ad
189 700 364 753 .Deum
394 702 480 768 ὐς
518 721 538 754 ι
573 713 632 756 et
661 719 804 760 nunc
843 707 977 760 dicit
1015 725 1030 760 :
1068 726 1088 760 α
1128 709 1292 765 Multo
1323 714 1498 783 magis
1539 728 1683 768 nunc

95 788 389 854 iustiﬁcati
423 794 473 846 itt
515 794 783 863 sanguine
820 796 1011 867 ipsius,
1063 800 1196 855 salvi
1247 805 1454 858 erimus
1487 806 1554 859 ab
1603 808 1680 859 ira

99 896 201 949 per
229 883 400 949 ipsum
431 885 502 938 ’°.
543 903 562 936 ι
607 887 680 940 Ex
714 903 822 956 quo
862 893 1125 956 ostendit,
1157 895 1298 961 quod
1347 911 1518 965 neque
1550 897 1683 952 ﬁdes

104 985 293 1027 nostra
325 975 443 1028 sine
473 970 678 1032 Christi
708 981 996 1049 sanguine,
1023 998 1200 1052 neque
1231 988 1452 1057 sanguis
1475 987 1679 1044 Christi

107 1077 210 1118 nos
237 1064 356 1118 sine
385 1066 489 1120 ﬁde
534 1078 717 1123 nostra
763 1071 1028 1137 iustiﬁcat
1059 1091 1072 1140 ;
1105 1090 1168 1129 ex
1222 1085 1455 1146 utroque
1501 1089 1679 1135 tamen

107 1157 278 1211 utulto
320 1160 495 1228 magis
527 1163 750 1232 sanguis
778 1164 981 1220 Christi
1026 1184 1126 1222 nos
1154 1168 1267 1243 (86)
1289 1213 1304 1238 ,
1335 1188 1496 1242 quam
1549 1175 1680 1230 lides

102 1263 295 1305 nostra
337 1252 623 1320 iustiﬁcat.
660 1255 726 1310 Et
760 1257 880 1311 ideo
911 1259 1038 1313 tnihi
1081 1262 1312 1328 videtur,
1346 1283 1466 1321 cum
1499 1269 1550 1322 in
1590 1285 1682 1323 su-

102 1342 417 1414 perioribus
471 1348 796 1418 simpliciter
838 1352 1070 1419 dixerit,
1128 1354 1288 1428 552
1342 1378 1362 1412 ‹
1394 1359 1676 1429 iustiﬁcati

102 1455 168 1491 ex
208 1440 311 1490 “tle
329 1441 400 1500 σί,
439 1457 458 1490 ι
491 1441 576 1494 hic
604 1442 894 1507 addidisse,
933 1463 953 1496 ‹
991 1447 1161 1502 multo
1189 1452 1363 1517 magis
1384 1469 1515 1525 ergo
1535 1471 1680 1512 nunc

99 1529 380 1597 instilicati
424 1530 476 1584 itt
525 1535 790 1602 sanguine
827 1536 947 1607 ejus
967 1540 1035 1604 ",
1079 1557 1098 1591 ι
1143 1551 1202 1594 ttt
1249 1544 1501 1610 doceret,
1535 1549 1678 1615 quod

105 1623 173 1675 ab
212 1624 290 1677 ira
346 1633 576 1678 ventura
627 1625 792 1680 etiam
833 1628 877 1683 si
923 1628 1058 1684 ﬁdes
1109 1644 1293 1689 nostra
1347 1653 1447 1691 nos
1483 1640 1674 1708 salvet,

100 1717 319 1772 etiamsi
368 1733 534 1787 opera
571 1718 836 1788 iustitiae,
885 1739 1050 1794 super
1096 1728 1211 1783 hac
1270 1739 1447 1786 tamen
1495 1735 1675 1788 omnia

102 1810 274 1866 multo
330 1812 504 1882 magis
546 1815 768 1884 sanguis
815 1816 1013 1872 Christi
1067 1821 1247 1876 salvos
1276 1837 1376 1878 nos
1413 1823 1577 1880 faciat
1608 1827 1676 1881 ab

110 1903 190 1955 ira
219 1913 472 1960 ventura.
503 1903 585 1959 Ira
616 1923 746 1962 vero
769 1908 863 1964 Dei
891 1914 1162 1980 quomodo
1190 1915 1419 1986 intelligi
1457 1917 1674 1984 debeat,

101 1995 158 2049 in
185 1997 412 2051 secundi
441 2013 469 2051 a
505 2001 662 2057 nobis
695 2005 888 2072 psalmi
941 2005 1286 2075 expositione
1340 2009 1550 2077 plenius
1588 2010 1677 2065 di-

100 2099 246 2142 ctum
282 2099 386 2153 est,
420 2101 473 2146 et
496 2097 765 2161 quomodo
795 2099 970 2166 possit
1002 2098 1214 2167 impleri
1245 2103 1386 2168 quod
1417 2103 1675 2173 scriptum

101 2190 205 2245 est,
240 2192 302 2236 ut
334 2183 468 2238 salvi
497 2185 798 2242 efﬁciamur
831 2189 1098 2260 fugientes
1127 2191 1195 2246 ab
1225 2192 1303 2248 ira
1342 2205 1592 2263 ventura,
1624 2207 1678 2251 et

104 2272 238 2327 iram
271 2277 488 2344 quidem
532 2277 800 2348 fugientes
847 2282 916 2336 ita
950 2292 1005 2338 ttt
1038 2300 1142 2339 non
1193 2299 1290 2339 nos
1319 2289 1678 2356 comprehen-

105 2364 219 2426 dat,
249 2376 522 2422 sectantes
550 2385 677 2424 vero
704 2370 993 2440 justitiam,
1023 2373 1278 2443 pietatem
1297 2415 1312 2438 .
1339 2376 1524 2444 ﬁdem,
1549 2379 1679 2433 cha-

103 2457 319 2512 ritatem
341 2501 356 2524 ,
384 2462 701 2529 patientiam
721 2504 734 2525 ,
771 2464 1240 2521 mansuetudinem
1268 2467 1335 2529 ”,
1381 2479 1434 2523 et
1479 2482 1674 2525 czetera

106 2549 188 2604 his
218 2551 442 2606 similia.
485 2553 564 2607 Ira
599 2556 784 2623 itaque
811 2566 898 2610 est
925 2554 1058 2627 (87).
1101 2558 1188 2612 cui
1227 2559 1459 2615 traditur
1502 2578 1676 2618 unus-

107 2643 338 2709 quisque
369 2658 467 2712 pro
495 2661 748 2700 mensura
796 2657 850 2701 et
883 2649 1078 2703 merito
1129 2660 1515 2718 peccatorum,
1569 2654 1678 2708 Deo

107 2741 282 2789 tamen
309 2776 326 2801 ,
359 2738 658 2791 secundum
686 2740 831 2808 quod
864 2743 1127 2810 scriptum
1159 2753 1246 2797 est
1292 2742 1347 2796 in
1394 2753 1679 2813 septuage-

104 2826 240 2879 simo
273 2829 507 2895 septimo
539 2828 747 2897 psalmo
769 2871 783 2894 ,
810 2846 915 2886 non
940 2833 1270 2887 accendente
1295 2849 1507 2889 omnem
1539 2837 1674 2889 iram

104 2930 278 2972 suam.
320 2916 456 2983 Quis
502 2919 647 2972 enim
699 2921 928 2976 sufferre
980 2932 1162 2990 posset
1211 2924 1256 2977 si
1289 2937 1502 2978 omnem
1539 2927 1675 2981 iram

105 3005 390 3061 adversum
445 3019 760 3078 peccatores
811 3015 1133 3070 accenderet
1197 3014 1494 3082 Dominus,
1551 3033 1674 3072 cum

1787 520 2120 575 ciliationetn
2147 521 2458 588 accepimus
2481 521 2546 573 ".
2586 541 2604 572 ι
2650 521 2802 588 Quod
2828 524 2957 578 dicit
2981 564 2997 587 ,
3041 545 3059 575 ‹
3091 541 3217 579 eum
3251 526 3355 580 iui-

1787 611 1909 665 miei
1949 625 2211 674 essemus,
2239 613 2570 667 reconciliati
2595 629 2782 669 sumus
2811 613 2918 668 Deo
2944 655 2960 680 ,
3007 633 3025 666 ι
3071 618 3358 672 evidenter

1785 705 2025 758 ostendit
2067 720 2170 758 non
2224 719 2348 759 esse
2393 705 2630 775 aliquam
2682 706 3082 774 substantiam,
3109 725 3229 778 quae
3266 728 3353 763 se-

1783 797 2021 850 cundum
2057 796 2427 851 deﬁnitionem
2459 799 2748 854 Marcionis
2774 801 2856 855 vel
2883 799 3154 855 Valentini
3190 812 3352 855 natu-

1785 886 1977 941 raliter
2009 886 2227 941 inimica
2257 889 2328 941 sit
2359 888 2466 943 Deo
2495 905 2510 942 :
2546 888 2783 960 alioquin
2817 891 2862 945 si
2895 894 3036 961 quod
3071 894 3353 947 inimicum

1783 988 1888 1041 est,
1923 987 2129 1032 natura:
2150 987 2376 1033 essetet
2419 995 2525 1034 non
2578 981 2897 1046 voluntatis,
2949 983 3352 1039 reconciliatio-

1785 1086 1907 1124 nem
1942 1071 2130 1140 utique
2157 1086 2263 1125 non
2291 1070 2517 1126 haberet
2543 1071 2676 1141 (90).
2705 1072 2803 1127 Ubi
2837 1083 3018 1128 autem
3039 1089 3106 1128 ex
3131 1075 3354 1131 inimico

1786 1163 1908 1234 quis
1944 1166 2152 1218 amicus
2193 1162 2454 1230 eﬁlcitur,
2503 1175 2714 1220 eertum
2768 1176 2853 1220 est
2913 1168 3054 1233 quod
3110 1167 3239 1220 dum
3285 1183 3350 1222 ea

1781 1268 1948 1322 opera
1983 1254 2095 1324 agit
2123 1269 2243 1323 qua:
2275 1269 2380 1307 non
2422 1265 2567 1307 autat
2598 1254 2739 1310 Deus
2763 1296 2777 1318 ,
2817 1255 3071 1310 inimicus
3103 1267 3187 1312 est
3229 1256 3348 1323 Dei,

1780 1353 1835 1396 et
1871 1343 2240 1412 unusquisque
2273 1351 2381 1396 tam
2426 1343 2605 1410 gravis
2645 1354 2699 1396 et
2732 1353 2837 1397 tam
2888 1345 3106 1401 odibilis
3165 1346 3349 1401 inimi-

1781 1445 1879 1484 cus
1894 1429 2145 1493 elﬁcitur,
2163 1445 2320 1499 quam
2343 1429 2456 1500 (9i)
2475 1431 2912 1500 tnultiplicaverit
2925 1449 3089 1503 opera
3116 1435 3340 1490 inimici-

1785 1522 1874 1577 tiis
1909 1523 2096 1592 digna.
2133 1522 2272 1577 Sunt
2307 1537 2439 1592 ergo
2475 1538 2741 1578 mensura:
2786 1536 2840 1579 et
2882 1527 3078 1594 gradus
3124 1528 3348 1597 quidam

1779 1615 1835 1670 itt
1867 1614 1951 1669 his
1977 1622 2322 1682 peccatorum
2351 1616 2612 1683 qualitate
2640 1617 2723 1670 vel
2751 1618 3053 1686 quantitate
3083 1619 3348 1684 distincti,

1779 1708 1872 1777 qui
1903 1706 2108 1760 inimici
2135 1715 2263 1760 sunt
2292 1707 2422 1761 Deo.
2462 1707 2614 1763 Unde
2637 1717 2691 1762 et
2719 1709 2808 1764 ille
2832 1709 2923 1778 qui
2966 1726 3130 1780 supra
3157 1727 3349 1766 etnnes

1711 1783 1751 1838 Β
1781 1797 2060 1867 peccavit,
2112 1811 2142 1850 a
2192 1796 2362 1852 Paulo
2410 1799 2635 1854 ultimus
2673 1800 2926 1857 inimicus
2986 1803 3350 1861 destruendus

1778 1904 1899 1944 esse.
1925 1898 2258 1944 memoratur
2280 1888 2347 1942 ".
2374 1888 2540 1945 Versa
2561 1900 2739 1944 autem
2758 1893 2876 1948 vice
2898 1903 2954 1949 et
2973 1897 3161 1950 ordine
3184 1897 3346 1951 etiam

1778 1999 1874 2038 eos
1901 1983 1994 2052 qui
2029 1981 2364 2036 reconciliati
2402 1994 2528 2038 sunt
2556 1999 2656 2052 per
2699 1997 2931 2041 mortem
2959 1987 3078 2042 Filii
3106 1990 3223 2060 ejus
3244 2031 3259 2055 ,
3289 1990 3346 2043 in

1778 2077 1974 2132 amicis
2005 2073 2115 2143 (92)
2145 2073 2331 2128 haberi
2357 2085 2564 2130 eertum
2595 2087 2680 2132 est
2710 2095 2726 2132 :
2757 2088 2813 2133 et
2849 2095 2974 2135 esse
3001 2081 3236 2152 aliquem
3272 2083 3346 2136 ita

1779 2172 2041 2238 amicum,
2071 2173 2219 2229 sicut
2241 2169 2454 2241 Moyses
2484 2171 2695 2226 amicus
2716 2171 2810 2226 Dei
2834 2174 3132 2243 appellatus
3155 2187 3239 2231 est
3259 2177 3303 2208 ⁸⁷
3327 2193 3344 2229 :

1776 2279 1904 2319 esse
1930 2280 2150 2335 quoque
2175 2263 2313 2317 alios
2333 2261 2532 2330 quibus
2564 2261 2674 2334 (‘95)
2698 2265 2828 2319 dicit
2851 2265 3102 2320 Salvator
3133 2283 3148 2320 :
3184 2286 3202 2319 ‹
3227 2266 3346 2322 Jam

1779 2372 1884 2412 non
1912 2356 2089 2410 dicam
2114 2369 2208 2411 vos
2233 2369 2455 2420 servos,
2484 2357 2576 2410 sed
2623 2357 2830 2411 amicos
2855 2355 2924 2412 ’⁸.
2969 2376 2988 2408 ι
3025 2357 3200 2412 Credo
3251 2374 3350 2412 au-

1781 2457 1887 2502 tem
1916 2463 2037 2504 esse
2059 2449 2234 2504 adhuc
2255 2450 2428 2518 magis
2449 2447 2746 2502 familiares
2771 2448 2984 2517 aliquos
3007 2449 3060 2502 in
3095 2450 3344 2505 coelesti-

1779 2541 1878 2596 bus
1905 2542 2110 2597 amicos
2134 2545 2274 2614 apud
2308 2544 2496 2606 Deum,
2532 2539 2617 2595 vel
2642 2541 2762 2595 illos
2783 2541 2875 2610 qui
2908 2555 3124 2610 semper
3163 2542 3351 2597 vident

1776 2631 1973 2688 faciem
2010 2635 2142 2698 Dei,
2176 2637 2258 2689 vel
2301 2650 2398 2690 eos
2448 2633 2538 2703 qui
2589 2645 2803 2703 semper
2856 2633 3074 2688 adstant
3125 2635 3176 2688 in
3215 2649 3350 2688 con-

1777 2737 1963 2795 spectu
2017 2728 2282 2783 Altissimi
2339 2745 2354 2782 :
2407 2738 2466 2781 ut
2533 2725 2676 2782 sicut
2733 2741 2897 2796 supra
2951 2728 3188 2784 diximus
3227 2743 3350 2783 esse

1776 2819 2066 2888 quemdam
2111 2821 2462 2875 novissimum
2514 2818 2822 2883 inimicum,
2881 2823 2954 2874 Ita
3007 2831 3062 2874 et
3117 2821 3188 2873 ibi
3250 2835 3347 2888 pm

1777 2911 2038 2966 virtutum
2085 2914 2297 2967 meritis
2348 2913 2650 2968 habeantur
2697 2913 2860 2983 aliqui
2906 2913 3103 2967 sumini
3161 2913 3345 2967 amici.

1775 3000 1910 3057 Cum
1944 3019 2073 3072 ergo
2104 3005 2218 3059 haec
2249 3005 2320 3059 ita
2354 3007 2486 3066 sint.
2519 3007 2702 3060 nescio
2727 3007 2771 3062 si
2807 3005 2854 3060 is
2887 3005 2979 3074 qui
3015 3004 3192 3059 adhuc
3227 3019 3349 3074 per-

107 3107 209 3150 tam
241 3097 357 3171 (88)
389 3102 634 3156 terribile
680 3102 752 3156 sit
793 3103 921 3158 illud
965 3107 1109 3176 quod
1155 3105 1206 3159 itt
1237 3108 1453 3162 cantico
1503 3105 1650 3178 Moys

1839 3103 1962 3148 anet
2009 3095 2062 3148 in
2099 3095 2186 3150 bis
2231 3097 2485 3165 operibus
2514 3097 2627 3169 ('94)
2680 3113 2800 3167 quas
2831 3097 2946 3151 odit
2981 3096 3122 3150 Deus
3163 3105 3216 3150 et
3249 3111 3348 3164 pro

104 3192 517 3256 pronuntiatur,
547 3194 636 3248 ubi
673 3194 807 3249 dicit
839 3195 1020 3264 :Quia
1056 3215 1076 3249 σ
1116 3197 1256 3269 ignis
1287 3213 1549 3254 accensus
1589 3213 1674 3256 est

107 3293 156 3333 tn
184 3280 367 3337 furore
395 3299 515 3338 meo
538 3325 554 3350 ,
581 3296 638 3341 et
665 3287 876 3344 ardebit
909 3305 1078 3360 usque
1104 3291 1172 3344 ad
1219 3290 1492 3346 infernum
1526 3292 1672 3350 infe-

107 3375 301 3429 riorem
331 3393 347 3432 :
380 3377 629 3432 comedet
674 3387 874 3432 terram
922 3389 979 3434 et
1037 3385 1316 3436 nascentia
1369 3384 1506 3453 eius,
1540 3400 1673 3440 con-

104 3465 352 3536 ﬂagrabit
393 3467 744 3524 fundamenta
796 3472 1058 3526 montium
1091 3473 1180 3528 “‘I
1220 3492 1238 3525 ι
1291 3475 1504 3530 Intuere
1544 3491 1675 3548 ergo

106 3561 225 3628 quia
250 3561 392 3632 ignis
421 3563 524 3617 iste
555 3564 647 3632 qui
694 3564 760 3619 de
791 3565 870 3619 ira
901 3567 985 3621 vel
1016 3568 1082 3622 de
1105 3565 1287 3622 furore
1329 3569 1544 3624 Domini
1582 3584 1677 3623 ae-

105 3653 388 3715 cenditur,
419 3662 620 3707 terram
650 3662 706 3707 et
753 3653 1021 3710 infernum
1063 3657 1374 3712 inferiorem
1415 3659 1671 3723 comedit,

106 3753 159 3796 et
183 3759 348 3813 opera
403 3754 619 3802 terrena
673 3748 944 3804 consumit
979 3767 992 3801 :
1027 3747 1324 3818 conﬂagrat
1371 3749 1534 3804 etiam
1567 3766 1671 3804 non

106 3839 320 3893 excelsa
398 3839 697 3904 montium,
752 3841 848 3894 sed
892 3839 1276 3899 fundamenta.
1328 3840 1380 3894 id
1421 3852 1504 3894 est
1565 3855 1671 3895 non

107 3931 362 3986 sublimes
393 3932 622 3998 animas,
659 3947 835 4001 neque
869 3931 1124 3986 cmlestes
1148 3947 1361 3995 sensus,
1393 3933 1487 3986 sed
1520 3931 1668 3986 humi

109 4031 263 4092 atque
305 4025 360 4077 in
391 4032 594 4078 terram
629 4024 867 4092 deiectos
892 4066 907 4091 ,
949 4024 1033 4078 vel
1064 4023 1232 4078 etiam
1262 4023 1312 4078 itt
1344 4023 1670 4092 profundunt

110 4123 291 4179 terrai,
340 4123 400 4168 ttt
445 4124 572 4169 sunt
602 4114 866 4168 montium
924 4113 1314 4178 fundamenta,
1367 4116 1665 4168 demersos.

109 4203 388 4260 Paululum
435 4221 566 4276 ergo
597 4207 764 4261 etiam
821 4206 887 4260 de
917 4207 997 4261 ira
1022 4206 1132 4276 (89)
1161 4207 1404 4276 oportuit
1451 4206 1667 4270 disseri,

107 4309 162 4350 ut
192 4299 432 4369 apertius
483 4308 800 4354 nosceretur
837 4315 866 4352 a
905 4297 1104 4368 quibus
1153 4313 1252 4354 nos
1286 4297 1444 4354 malis
1468 4297 1670 4353 Christi

109 4393 322 4459 sanguis
349 4392 568 4462 eripuit.

1773 3188 1974 3258 quibus
2009 3188 2310 3244 inimicitia:
2344 3199 2469 3244 sunt
2496 3189 2639 3245 inter
2668 3190 2834 3245 Deum
2861 3200 2914 3244 et
2943 3189 3222 3253 homines,
3261 3203 3349 3244 re-

1775 3281 2099 3336 conciliatus
2127 3295 2248 3336 esse
2277 3283 2386 3336 Deo
2421 3298 2518 3352 per
2541 3283 2861 3352 sanguinem
2909 3282 3110 3339 Christi
3149 3284 3346 3337 merito

1775 3373 2007 3428 dicatur.
2045 3373 2325 3439 Quomodo
2351 3376 2496 3428 enim
2531 3375 2913 3430 reconciliatus
2945 3385 3062 3439 est,
3105 3377 3196 3444 qui
3225 3390 3347 3445 quae

1775 3463 1980 3520 inimici
2018 3475 2143 3520 sunt
2169 3467 2308 3537 gerit
2343 3466 2506 3539 (95)?
2552 3467 2754 3522 Paulus
2787 3482 2920 3534 ergo
2969 3468 3164 3523 merito
3195 3469 3262 3523 de
3287 3484 3348 3523 se

1777 3568 1834 3612 et
1859 3558 1961 3613 sibi
1990 3558 2258 3614 similibus
2288 3559 2439 3625 dicit,
2466 3561 2596 3629 quia
2637 3578 2657 3612 ι
2691 3576 2816 3616 cum
2841 3561 3047 3616 inimici
3075 3575 3343 3628 essemus,

1775 3653 2108 3709 reconciliati
2142 3668 2330 3708 sumus
2365 3669 2463 3722 per
2506 3667 2733 3710 mortem
2763 3655 2884 3709 Filii
2921 3655 3062 3725 ejus.
3103 3673 3123 3708 ι
3171 3653 3348 3711 Gran-

1775 3744 1856 3797 dis
1890 3745 2065 3812 pudor
2084 3753 2202 3805 est.
2228 3745 2319 3799 ubi
2349 3745 2475 3800 talis
2507 3745 2878 3800 reconciliatio
2913 3745 3056 3802 facta
3104 3757 3221 3807 est.
3253 3747 3346 3801 ubi

1775 3836 2089 3891 inimicitias
2129 3836 2276 3890 inter
2301 3837 2470 3892 Deum
2495 3847 2548 3891 et
2583 3838 2832 3892 homines
2865 3853 2972 3892 non
3006 3854 3186 3893 sermo
3217 3854 3347 3910 pec-

1773 3927 2013 3995 caloris,
2044 3930 2138 3983 sed
2173 3929 2395 3999 sanguis
2425 3929 2803 3984 intereessoris
2834 3929 3101 3995 absolvit,
3144 3932 3343 3986 iterum

1775 4036 1873 4076 nos
1908 4023 2153 4076 converti
2198 4021 2265 4075 ad
2302 4019 2652 4084 inimicitias,
2689 4031 2746 4074 et
2772 4035 2934 4090 agere
2965 4037 3030 4076 ea
3060 4035 3179 4091 quae
3230 4023 3348 4076 odit

1774 4111 1884 4174 ille,
1931 4125 2094 4180 quem
2143 4111 2301 4165 nobis
2347 4112 2449 4166 nisi
2483 4111 2595 4182 (96)
2639 4111 2830 4167 ellusio
2874 4113 3152 4182 sanguinis
3200 4119 3345 4169 sacri

1773 4203 2222 4257 reconciliaverat
2275 4218 2456 4259 nemo.
2516 4204 2740 4259 Plenius
2801 4215 2980 4259 autem
3037 4207 3202 4260 etiam
3273 4212 3342 4259 at

1773 4294 2040 4362 Ephesios
2091 4294 2205 4364 ipse
2233 4293 2433 4349 Paulus
2467 4297 2713 4351 scribens
2764 4297 2832 4352 de
2865 4298 3078 4352 ratione
3107 4301 3348 4351 reconci-

1772 4386 2018 4440 liationis
2043 4396 2098 4440 et
2131 4385 2430 4441 inimicitia:
2452 4385 2592 4459 (97),
2629 4405 2693 4443 ac
2719 4387 3032 4458 profusione
3065 4389 3346 4458 sanguinis

173 4481 260 4538 12.
301 4500 321 4534 ι
353 4481 413 4535 Si
451 4483 597 4536 enim
624 4496 746 4536 cum
779 4481 982 4536 inimici
1023 4495 1298 4543 essemus,
1334 4480 1666 4537 reconciliati
1702 4498 1745 4553 ι)
1773 4478 1974 4533 Christi
1998 4489 2392 4535 commemorat
2424 4494 2439 4533 :
2475 4495 2597 4550 qua:
2620 4481 2662 4534 si
2687 4481 2772 4535 his
2795 4481 3106 4552 iungamus,
3133 4483 3346 4553 aperire

108 4589 286 4630 sumus
314 4575 424 4630 Deo
454 4590 551 4646 per
583 4585 812 4631 mortem
842 4574 963 4630 Filii
1003 4575 1143 4644 eius,
1177 4574 1346 4629 multo
1375 4576 1546 4646 magis
1578 4590 1666 4629 re-

110 4668 404 4730 conciliati,
439 4667 573 4722 salvi
617 4669 827 4724 erimus
866 4669 919 4722 itt
963 4668 1071 4722 vita
1101 4668 1291 4736 ipsius.
1328 4665 1444 4721 Non
1493 4667 1666 4722 solum

109 4770 302 4824 autem,
356 4761 452 4815 sed
507 4768 564 4814 et
624 4760 921 4831 gloriamur
976 4759 1032 4814 itt
1084 4759 1194 4814 Deo
1239 4773 1334 4829 per
1380 4759 1666 4813 Dominum

175 4901 220 4934 ⁸⁸
251 4900 402 4957 Rom.
444 4916 498 4964 v,
521 4901 575 4956 9.
651 4899 696 4931 ⁸⁸
731 4899 858 4954 ibid.
885 4900 938 4955 1.
1037 4900 1084 4932 ’θ
1118 4899 1250 4954 iltid.
1280 4898 1335 4953 9.

1435 4901 1476 4933 ³¹
1503 4899 1631 4954 ibid.
1676 4899 1727 4953 1.

1774 4569 1949 4624 locum
1977 4572 2261 4642 praesentis
2282 4571 2506 4641 capituli
2543 4572 2758 4628 facilius
2802 4582 3046 4642 possunt.
3085 4576 3178 4630 Ait
3210 4590 3344 4645 ergo

1774 4663 1848 4717 ita
1880 4664 1928 4697 θ’
1965 4682 1980 4718 :
2021 4683 2040 4717 ‹
2075 4663 2304 4734 Propter
2331 4666 2472 4733 quod
2511 4679 2778 4719 memores
2804 4667 2934 4720 estis
2959 4666 3070 4737 (98)
3102 4683 3216 4735 vos,
3248 4670 3340 4738 qui

1777 4756 2070 4829 aliquando
2105 4767 2297 4829 gentes
2350 4759 2402 4812 in
2435 4773 2600 4813 carne
2632 4758 2959 4812 dicebatnini
3017 4764 3341 4830 praeputium

1833 4899 1879 4929 ”
1905 4897 2036 4952 ibid.
2088 4897 2141 4952 9.
2230 4899 2277 4930 ”
2301 4897 2321 4952 l
2349 4897 2486 4952 Tim.
2511 4913 2586 4959 Vl,
2619 4897 2704 4953 Η.
2781 4898 2827 4930 ’⁸
2857 4897 3009 4953 Deut.
3041 4917 3210 4964 χχχιι,
3245 4902 3338 4958 22.

110 4970 153 5002 “
177 4971 330 5025 lium.
355 4987 406 5038 ν,
434 4973 630 5037 10,11.
707 4971 754 5002 ⁸⁸
783 4971 952 5026 lCor.
979 4985 1067 5034 xv,
1099 4969 1190 5025 ‘26.
1262 4971 1308 5002 "
1345 4969 1514 5024 Exod.
1554 4985 1652 5025 xxx

1848 5008 1862 5023 .
1937 4968 1984 5000 ’⁸
2008 4967 2167 5024 Joan.
2189 4983 2279 5032 xv,
2313 4968 2400 5023 15.
2475 4967 2520 5000 ⁹⁹
2549 4966 2744 5047 Ephes.
2771 4984 2830 5032 ll,
2864 4969 2952 5035 H,
2987 4986 3102 5040 seq.

178 5087 285 5156 (86)
329 5086 465 5143 Nos.
506 5086 562 5141 In
599 5086 759 5141 editis
790 5085 1154 5156 desideratur.

179 5149 286 5228 (87)
326 5159 510 5224 Editi,
552 5175 571 5207 t
607 5157 711 5212 Ista
743 5159 945 5226 itaque.
991 5173 1010 5207 ο
1048 5155 1150 5210 Ms.
1179 5168 1317 5210 unus
1340 5193 1356 5220 ,
1391 5173 1412 5204 ‹
1443 5153 1528 5208 Ira
1564 5149 1666 5208 uti-

113 5243 225 5294 que.
269 5248 286 5279 ι

179 5296 288 5367 (88)
327 5297 476 5352 Tam.
505 5298 662 5352 Deest
694 5295 747 5350 in
777 5295 963 5351 editis.

321 5368 439 5440 _Ira.
469 5367 636 5429 Editi,
675 5385 697 5419 ‹
733 5379 952 5440 ιρι-πμ)
985 5365 1144 5421 male.

179 5432 407 5561 (90))eSic
431 5440 560 5494 editi
586 5449 639 5492 et
670 5453 800 5492 mss.
831 5436 1088 5491 Rabanus
1111 5451 1260 5500 vero,
1294 5455 1313 5488 ι
1345 5435 1436 5504 qui
1460 5432 1662 5489 inimici

179 5519 230 5559 ut
333 5527 386 5561 o.
415 5509 914 5561 reconciliationem
947 5510 1132 5561 utique
1169 5525 1274 5561 non
1313 5509 1595 5561 baberent.
1640 5521 1658 5553 ι

112 5519 230 5559 sunt
260 5509 386 5571 Deo,
415 5509 914 5564 reconciliationem
947 5510 1132 5576 utique
1169 5525 1274 5562 non
1313 5509 1595 5563 baberent.
1640 5521 1658 5553 ι

178 5576 284 5649 (9i)
327 5580 463 5634 Editi
499 5598 518 5630 ‹
561 5588 840 5646 quantum,
881 5596 899 5627 ι
936 5580 1094 5649 male.

178 5645 288 5714 (92)
327 5652 415 5704 Sic
446 5645 634 5703 omnes
669 5665 795 5702 mss.
840 5647 1033 5702 nostri.
1091 5646 1414 5702 Salodianus
1453 5663 1580 5702 vero
1612 5655 1667 5702 et

119 5711 380 5779 Mei-linus,
419 5737 436 5770 t
469 5721 738 5781 inimicos,
779 5738 796 5768 ι
833 5718 1241 5786 Genebrardus,
1274 5739 1292 5772 ι
1329 5719 1550 5774 amicos.
1595 5737 1614 5770 ι

182 5788 288 5859 (93)
329 5788 492 5852 Editi,
533 5807 552 5840 ι
582 5789 648 5842 de
675 5791 885 5856 quibus.
923 5808 942 5839 ι

417 5889 686 5948 Parnm.
727 5889 822 5949 (in
857 5887 1058 5968 μιν,

1842 5083 1956 5154 (94)
1999 5081 2161 5144 Editi,
2198 5099 2219 5134 ι
2247 5083 2422 5154 adhuc
2445 5082 2497 5135 in
2526 5081 2609 5154 his
2633 5081 2890 5154 operibus
2909 5091 3011 5148 est,
3045 5101 3065 5134 ι
3092 5095 3199 5140 etc.
3231 5083 3338 5140 Sed

1775 5173 1794 5204 ε
1838 5151 1982 5208 θειί
2020 5154 2173 5206 deest
2207 5153 2258 5205 in
2288 5153 2524 5207 editione
2550 5151 2783 5208 Merlini.

1844 5223 1955 5293 (95)
1992 5223 2124 5287 Qua
2159 5223 2358 5276 inimici
2384 5231 2505 5276 sunt
2552 5223 2704 5291 gerit.
2751 5221 3008 5278 Merlinus
3059 5231 3114 5276 et
3162 5221 3339 5277 Gene-

1773 5295 2005 5374 ltrardus
2034 5309 2317 5363 perperam
2344 5295 2542 5349 habent
2579 5309 2599 5343 ‹
2639 5307 2863 5348 causam
2897 5293 3101 5347 inimici
3147 5307 3332 5348 secum

1968 5383 2237 5489 ’Rabanus
2257 5433 2418 5490 habet
2446 5453 2466 5488 ι
2500 5450 2608 5489 non
2639 5432 2770 5498 nisi,
2793 5450 2811 5483 ι
2843 5433 3045 5486 omisso
3075 5449 3096 5482 ε
3123 5447 3283 5487 nemo
3307 5453 3328 5486 ι

1768 5508 2153 5655 ,τ’(ἒἨῗΟΕαίιί,
2191 5593 2210 5626 ι
2252 5574 2562 5641 inimicitia;
2588 5593 2606 5626 ›
2673 5588 2775 5628 ms.
2823 5587 2982 5640 uutts,
3020 5590 3039 5624 ι
3093 5573 3332 5630 inimici-

1771 5655 1908 5696 llattt
1935 5662 1989 5697 II.
2025 5666 2046 5696 ο

1841 5664 1951 5784 (92;)
1982 5716 2153 5778 Alias,
2186 5735 2204 5765 ‹
2241 5731 2505 5771 memores
2531 5715 2648 5773 sitis
2674 5729 2801 5778 vos;
2835 5733 2852 5765 ι
2881 5713 2982 5780 al.,
3015 5733 3034 5766 ι
3067 5730 3332 5773 memores

1767 5803 1889 5841 esse
1928 5786 2138 5841 debetis
2169 5803 2282 5841 vos.
2325 5807 2344 5837 ι

2939 5879 3020 5938 32
