3684 6148
425 239 571 302 1003

1962 244 2285 303 ORIGENIS

3489 262 3585 318 10M

429 376 499 430 ab
541 381 601 428 ea
653 386 775 442 quae
845 368 1046 426 dicitur
1089 369 1431 426 circumcisio
1485 371 1536 426 in
1587 386 1772 438 carne,
1829 386 1990 427 manu
2022 377 2068 434 Α
2096 373 2417 441 sanguinem
2467 386 2626 427 suum
2667 372 2911 430 homines
2955 373 3088 437 Deo,
3134 389 3226 430 eos
3270 375 3495 434 duntaxat
3520 391 3582 452 qui

420 467 602 531 facta,
633 463 888 534 quoniam
947 464 1115 521 eratis
1177 464 1267 519 illo
1313 475 1552 534 tempore
1597 466 1712 519 sine
1749 464 1990 530 Christo,

429 556 650 612 alienati
690 570 720 609 a
771 554 1180 609 conversatione
1225 553 1425 618 Israel,
1470 563 1522 608 et
1552 556 1822 625 peregrini
1866 571 1992 625 pro-

425 645 704 701 missionis
735 652 1181 699 testamentorum
1207 644 1346 714 ejus.
1382 660 1532 713 spem
1565 661 1670 701 non
1701 645 1987 712 habentes,

427 749 479 794 et
519 741 638 794 sine
668 738 776 792 Deo
805 737 858 790 in
895 738 997 791 hoc
1025 739 1246 792 mundo.
1276 737 1429 792 Nunc
1470 747 1648 793 autem
1691 739 1743 792 in
1774 738 1991 794 Christo

423 830 550 886 Jesu
575 846 692 894 vos,
719 831 809 900 qui
836 829 1120 898 aliquando
1135 829 1298 884 eratis
1328 829 1507 900 longe,
1534 830 1658 884 iacti
1675 831 1807 886 estis
1825 844 1990 902 prope

428 926 482 978 in
527 925 786 992 sanguine
819 923 1044 979 Christi.
1079 923 1198 991 Ipse
1237 933 1322 977 est
1347 925 1488 977 enim
1516 938 1618 992 pax
1657 932 1862 988 nostra,
1893 925 1986 994 qui

427 1016 556 1070 fecit
593 1026 820 1086 utraque
857 1031 1043 1080 unutn,
1083 1025 1137 1070 et
1172 1016 1407 1070 medium
1443 1016 1702 1084 parietem
1741 1018 1988 1071 maceria:

423 1108 642 1163 solvens
663 1149 680 1176 ,
709 1107 1050 1162 inimicitiam
1081 1107 1132 1160 in
1157 1123 1321 1162 carne
1384 1123 1502 1173 sua,
1539 1108 1710 1177 legem
1766 1110 1987 1162 manda-

425 1209 604 1254 torum
657 1200 710 1254 in
745 1200 979 1254 decretis
1013 1215 1318 1267 evacuans,
1358 1210 1418 1255 ut
1471 1203 1603 1257 duos
1639 1202 1894 1257 conderet
1929 1202 1984 1256 in

429 1295 722 1361 semetipso
747 1332 763 1356 ,
796 1292 849 1347 in
883 1308 989 1347 uno
1021 1307 1159 1346 novo
1193 1291 1412 1347 homine
1451 1292 1658 1348 faciens
1689 1309 1900 1360 pacem,
1923 1301 1986 1348 ut

427 1384 586 1457 543
627 1385 1004 1440 reconciliaret
1041 1395 1306 1456 utrosque
1356 1386 1410 1440 in
1453 1401 1561 1439 uno
1607 1399 1833 1455 corpore
1869 1384 1982 1456 (99)

424 1479 557 1540 Deo,
596 1490 690 1547 per
724 1491 943 1531 crucem
976 1477 1310 1532 interficiens
1341 1477 1656 1532 inimicitias
1696 1477 1748 1532 in
1777 1487 1980 1532 semet-

421 1569 568 1639 ipso,
615 1576 671 1622 et
707 1568 926 1623 veniens
952 1569 1342 1638 evangelizavit
1379 1583 1563 1639 pacem
1593 1569 1748 1623 vobis
1782 1568 1858 1640 (Ι)
1890 1568 1982 1638 qui

423 1659 600 1729 longe,
638 1667 693 1713 et
720 1673 908 1727 pacem
938 1660 1023 1714 his
1062 1661 1151 1729 qui
1187 1676 1374 1730 prope,
1400 1661 1653 1730 quoniam
1681 1675 1778 1728 per
1807 1661 1980 1729 ipsum

421 1753 685 1807 habemus
716 1766 992 1807 accessum
1036 1752 1252 1821 utrique
1289 1753 1341 1806 in
1375 1767 1481 1806 uno
1516 1751 1718 1817 Spiritu
1765 1751 1831 1806 ad
1879 1752 1983 1807 Pa-

423 1854 620 1896 trem.»
655 1842 758 1913 Sed
785 1844 1056 1913 praecipue
1086 1843 1136 1896 in
1169 1843 1253 1899 his
1283 1843 1410 1898 illud
1440 1845 1668 1899 observa
1703 1844 1801 1914 (2),
1835 1844 1981 1914 quod

419 1933 674 1989 Christus
697 1933 928 1988 medium
955 1934 1214 2002 parietem
1253 1934 1506 1990 maceriae
1530 1935 1688 1990 solvit
1722 1937 1774 1990 in
1814 1951 1982 1992 carne

421 2042 542 2091 sua,
571 2025 622 2079 id
646 2035 729 2080 eet
755 2024 1115 2090 inimicitiam,
1140 2033 1192 2079 et
1214 2027 1354 2094 quod
1403 2027 1774 2081 reconciliavit
1797 2036 1982 2083 utros-

414 2131 526 2184 que
551 2116 604 2170 in
638 2131 744 2170 uno
773 2130 1000 2185 corpore
1025 2115 1134 2170 Deo
1159 2131 1255 2185 per
1285 2132 1527 2183 crucem,
1563 2128 1616 2172 et
1642 2120 1784 2189 quod
1809 2119 1980 2174 inter-

419 2208 551 2262 fecit
593 2207 930 2261 inimicitiam
975 2207 1026 2260 in
1074 2220 1256 2261 cruce.
1293 2207 1347 2261 In
1379 2223 1484 2277 quo
1515 2223 1620 2262 non
1652 2209 1772 2265 sine
1815 2225 1980 2266 causa

421 2297 554 2352 mihi
584 2295 781 2352 Paulus
802 2297 1040 2352 secundo
1061 2298 1622 2353 videturinitnicitiam
1653 2301 1979 2369 nominasse,

414 2397 475 2442 et
504 2388 558 2442 in
588 2403 696 2442 uno
723 2388 942 2456 quidem
971 2386 1172 2442 dixisse
1200 2388 1340 2456 quod
1383 2387 1606 2442 solverit
1641 2389 1978 2445 inimicitiam

417 2479 673 2534 Christus
706 2477 781 2550 (ὃ)
810 2478 864 2531 ἰη
900 2492 1087 2544 carne,
1119 2478 1172 2532 in
1216 2479 1452 2532 secundo
1482 2494 1612 2534 vero
1643 2479 1981 2536 interfecisse

417 2586 539 2626 eam
579 2572 632 2626 in
682 2585 862 2626 cruce.
893 2570 1118 2624 Solvere
1147 2585 1382 2640 namque
1412 2571 1541 2625 mihi
1567 2571 1781 2627 videtur
1809 2573 1863 2626 in
1895 2574 1979 2629 his

417 2664 511 2733 qui
549 2663 727 2717 adhuc
755 2671 1029 2716 certamen
1061 2669 1254 2731 gerunt
1285 2662 1566 2715 adversum
1596 2673 1896 2732 peccatum.
1925 2673 1980 2718 et

415 2763 723 2825 repugnant
744 2755 791 2809 ei
816 2769 913 2824 pro
929 2753 1135 2808 viribus
1163 2771 1175 2806 :
1204 2753 1511 2808 interiicere
1537 2769 1664 2809 vero
1695 2754 1745 2808 in
1779 2756 1864 2808 his
1888 2757 1977 2824 qui

418 2859 697 2919 peccatum
729 2845 841 2916 jam
880 2861 1223 2916 nequaquam
1276 2847 1499 2900 omnino
1547 2847 1836 2917 recipiunt,
1881 2850 1977 2904 sed

407 2941 560 2995 "enini
595 2955 660 2994 ex
700 2951 852 3009 parte
882 2940 1123 2994 membra
1165 2954 1260 2994 sua
1295 2939 1757 2995 mortiﬁcaverunt
1785 2958 1979 3011 pecca-

418 3045 471 3087 to
503 3051 516 3085 :
546 3047 612 3087 ex
659 3031 854 3101 quibus
899 3041 1017 3085 erat
1050 3040 1105 3085 et
1150 3030 1238 3085 ille
1285 3032 1375 3100 qui
1426 3031 1638 3086 dicebat
1671 3049 1685 3085 :
1713 3051 1733 3084 ι
1758 3031 1978 3089 Christo
2005 3066 2050 3129 ο

403 3125 810 3180 concruciﬁxus
835 3139 978 3179 sum.
1005 3122 1143 3177 Vivo
1166 3135 1364 3184 autem.
1393 3125 1504 3193 jam
1537 3141 1643 3179 non
1677 3141 1808 3190 ego;
1845 3126 1976 3182 vivit

411 3231 543 3272 vero
566 3217 618 3271 in
651 3233 735 3272 me
759 3216 1064 3273 Christus’.
1097 3237 1114 3268 ι
1143 3217 1256 3271 Hoc
1281 3232 1408 3286 ergo
1436 3217 1593 3270 modo
1618 3217 1779 3271 etiam
1809 3218 1972 3273 Chri-

399 3317 530 3364 ‘Itus
563 3307 759 3362 occidit
786 3306 1122 3360 inimicitiam
1173 3306 1224 3359 in
1274 3320 1438 3360 carne
1470 3321 1588 3371 sua,
1628 3323 1749 3360 cum
1797 3317 1971 3361 morte

412 3409 660 3468 suscepta
696 3397 1000 3467 exemplum
1031 3397 1179 3452 dedit
1210 3397 1522 3451 hominibus
1543 3413 1713 3468 usque
1733 3399 1797 3451 ad
1827 3414 1972 3452 mor-

401 3503 520 3547 tem
563 3492 816 3548 resistere
857 3491 1143 3546 adversum
1191 3501 1470 3560 peccatum
1499 3507 1514 3543 :
1540 3498 1595 3544 et
1633 3491 1704 3544 ita
1755 3491 1971 3544 demum

403 3583 648 3639 resoluta
683 3582 968 3638 inimicitia
1017 3583 1069 3636 in
1102 3597 1268 3637 carne
1303 3597 1424 3649 sua,
1461 3581 1842 3637 reconciliavit
1870 3597 1970 3651 per

2097 465 2414 519 inviolatum
2444 465 2903 521 reconciliationis
2927 465 3102 522 foedus
3129 468 3267 521 ultra
3299 484 3395 523 non
3412 487 3582 539 peccan-

2094 559 2163 609 do
2196 555 2534 610 custodiunt.
2570 556 2739 626 Igitur
2767 573 2913 611 mors
2949 557 3068 626 ejus
3099 569 3326 614 mortem
3352 562 3581 621 inimicitia

2093 646 2242 702 dedit
2275 647 2326 700 ei
2358 661 2476 716 quae
2511 657 2629 701 erat
2657 647 2802 701 inter
2830 663 2928 702 nos
2953 658 3008 703 et
3037 649 3225 716 Deum,
3252 660 3306 704 et
3331 657 3580 710 reconcilia-

2095 737 2257 792 tionis
2293 738 2532 793 initium.
2562 738 2914 794 Resurrectio
2946 751 3124 794 autem
3155 742 3321 810 ipsius
3345 755 3394 796 et
3417 745 3500 797 vita
3523 763 3581 799 sa-

2093 831 2257 884 lutem
2289 831 2641 887 credentibus
2675 831 2927 899 contulit,
2951 835 3090 886 sicut
3119 842 3171 886 et
3201 833 3328 886 alibi
3361 835 3582 903 Apostolus

2091 923 2220 976 dicit
2250 924 2317 978 de
2349 923 2637 978 Christo”:
2667 942 2685 974 ι
2713 922 2866 990 Quod
2889 943 2906 975 ο
2934 925 3079 977 enim
3111 943 3129 975 ι
3155 937 3395 980 mortuus
3414 938 3482 980 est
3498 945 3581 996 pec-

2089 1024 2235 1075 cato.
2281 1027 2528 1068 mortuus
2563 1023 2650 1068 est
2683 1013 2882 1079 semel;
2931 1015 3075 1082 quod
3123 1025 3306 1069 autem
3339 1017 3468 1081 vivit,
3493 1019 3581 1070 vivit

2091 1106 2218 1159 Deo.
2245 1125 2265 1158 ι
2315 1105 2546 1161 Peccato
2591 1113 2836 1160 mortuus
2882 1107 3105 1170 dicitur,
3151 1122 3259 1162 non
3307 1122 3434 1162 suo:
3461 1125 3582 1179 neque

2089 1200 2231 1252 enim
2266 1208 2546 1268 peccatum
2588 1197 2760 1253 fecit8
2790 1215 2806 1253 :
2831 1200 2922 1253 sed
2973 1200 3088 1267 ipse
3139 1209 3359 1268 peccato
3401 1214 3584 1256 mortuus

2087 1301 2191 1356 est,
2224 1293 2275 1347 id
2304 1301 2388 1348 est
2441 1292 2587 1348 velut
2609 1294 2701 1364 qui
2752 1303 2923 1347 morte
2958 1307 3055 1347 sua
3090 1302 3313 1362 peccato
3349 1294 3438 1362 ipsi
3480 1296 3583 1350 intu-

2088 1384 2314 1457 lerit(4)
2347 1396 2598 1440 mortem.
2637 1385 2834 1441 Vivere
2885 1395 3062 1440 autem
3107 1384 3308 1440 dicitur
3343 1385 3460 1446 Deo,
3485 1398 3584 1440 utet

2085 1493 2188 1533 nos
2217 1492 2322 1531 non
2348 1477 2521 1542 nohis,
2547 1492 2724 1546 neque
2757 1488 2958 1533 nostrae
2992 1477 3283 1541 voluntati.
3314 1480 3399 1533 sed
3429 1479 3516 1533 Deo
3535 1481 3583 1533 vi-

2084 1581 2274 1620 vamus
2301 1575 2358 1621 ut
2400 1567 2476 1621 ita
2511 1567 2727 1621 demum
2781 1569 2830 1622 in
2867 1569 2978 1623 vita
3010 1569 3179 1637 ipsius
3213 1567 3347 1622 salvi
3372 1583 3474 1624 esse
3497 1585 3583 1638 pos-

2085 1660 2277 1724 simus,
2305 1659 2599 1714 secundum
2637 1675 2760 1714 eum
2787 1661 2874 1729 qui
2906 1661 3041 1715 dixit
3069 1679 3084 1715 :
3119 1681 3138 1712 σ
3163 1661 3297 1715 Vivo
3321 1663 3583 1730 autem.jam

2084 1767 2189 1805 non
2221 1767 2355 1821 ego;
2387 1751 2516 1806 vivit
2563 1766 2694 1806 vero
2731 1751 2784 1806 in
2834 1767 2919 1806 me
2944 1750 3199 1807 Christus
3217 1755 3260 1805 ⁸.
3287 1771 3308 1803 ›
3341 1751 3472 1818 Quod
3495 1767 3584 1804 vero

2083 1844 2338 1899 similiter
2383 1853 2441 1898 ut
2491 1845 2542 1898 in
2589 1844 2962 1914 superioribus
3027 1844 3254 1914 posuit:
3289 1845 3432 1899 «Non
3461 1845 3582 1899 solum

2083 1945 2291 1998 antem,
2319 1935 2410 1989 sed
2443 1946 2499 1988 et
2525 1951 2666 1991 nunc
2692 1934 2989 2006 gloriamur
3016 1935 3068 1989 in
3105 1935 3244 1999 Deo,
3268 1954 3287 1987 ι
3318 1943 3369 1988 et
3395 1934 3583 1988 nihilad-

2083 2025 2218 2079 didit
2241 2027 2307 2079 ad
2349 2044 2367 2078 ι
2392 2041 2498 2080 non
2535 2026 2707 2080 solum
2751 2037 2952 2090 autem,
2983 2045 3001 2078 ι
3032 2027 3292 2081 similiter
3320 2035 3375 2080 ut
3400 2030 3583 2096 superius

2083 2116 2486 2188 intelligendum
2522 2127 2608 2172 est
2641 2118 2706 2173 de
2743 2118 2830 2172 his
2864 2119 3066 2172 dictum
3110 2133 3238 2188 qua:
3289 2132 3439 2187 supra
3481 2132 3582 2170 cem-

2081 2206 2345 2276 prehensa
2397 2207 2638 2262 sunt:id
2685 2218 2786 2271 est,
2834 2209 2976 2276 quod
3015 2225 3117 2263 non
3166 2209 3341 2264 solum
3367 2207 3581 2278 (5)rcum

2081 2298 2286 2353 inimici
2321 2313 2586 2366 essemus,
2626 2300 2960 2355 reconciliati
2990 2316 3179 2356 suntus
3212 2302 3322 2355 Deo
3357 2316 3443 2372 per
3480 2317 3584 2353 mor-

2083 2399 2188 2444 tem
2217 2389 2336 2443 Filii
2378 2391 2518 2460 ejus,
2543 2409 2561 2441 ι
2600 2401 2654 2444 et
2683 2405 2786 2445 non
2818 2391 2989 2446 solum
3025 2409 3043 2440 ε
3069 2391 3122 2445 in
3154 2392 3268 2445 vita
3315 2393 3466 2462 ipsius
3490 2391 3582 2444 Salii

2081 2481 2306 2547 erimus,
2333 2483 2424 2537 sed
2454 2491 2508 2537 et
2533 2498 2676 2536 nunc
2703 2483 3000 2552 gloriamur
3024 2483 3078 2536 in
3105 2485 3215 2539 Deo
3239 2499 3334 2554 per
3363 2484 3582 2538 Dominum

2081 2583 2326 2629 nostrum
2357 2571 2543 2630 Iesum
2567 2573 2863 2638 Christum,
2897 2589 2994 2642 per
3028 2589 3194 2644 quem
3243 2574 3583 2629 reconciliatio-

2081 2679 2203 2718 nem
2251 2665 2623 2733 accepimusu
2673 2661 2786 2717 Non
2831 2673 3007 2718 autem
3055 2664 3178 2720 sine
3231 2679 3386 2720 causa
3413 2664 3581 2723 addidit,

2085 2772 2103 2804 ι
2135 2769 2296 2817 ntmc,
2326 2772 2344 2805 ι
2381 2768 2502 2808 cum
2537 2753 2804 2820 potuisset
2832 2754 3012 2807 dicere
3038 2770 3052 2807 :
3087 2771 3106 2804 ι
3131 2754 3242 2808 Sed
3272 2766 3326 2808 et
3353 2753 3583 2824 gloriamur

2081 2845 2134 2898 in
2170 2845 2278 2900 Deo
2303 2860 2398 2915 per
2429 2845 2712 2899 Dominum
2744 2855 2990 2899 nostrum
3016 2843 3205 2901 Jesum
3234 2847 3486 2901 Christum
3515 2845 3581 2914 (6).

2079 2953 2177 3008 per
2213 2955 2372 3008 quem
2442 2939 2937 2994 reconciliationem
2996 2940 3386 3010 accepimusp
3436 2941 3510 2994 sed
3546 2947 3583 2990 ut

2080 3031 2395 3084 ostenderet
2418 3031 2796 3099 gloriationem
2829 3031 2986 3086 nobis
3011 3045 3116 3086 non
3151 3032 3326 3086 solum
3354 3033 3402 3085 in
3433 3031 3581 3090 futuro,

2079 3123 2176 3177 sed
2230 3131 2283 3176 et
2335 3124 2387 3177 iu
2437 3125 2684 3192 praesenti
2733 3124 2914 3177 datam
2977 3124 3043 3178 de
3105 3125 3384 3196 agnitione
3434 3123 3582 3183 Βάκι

2080 3215 2460 3270 emendatione
2488 3216 2635 3281 vitae,
2656 3226 2711 3271 et
2732 3231 2979 3271 errorum
3005 3219 3348 3272 correCtione
3371 3215 3458 3286 (7).
3485 3214 3583 3268 sicut

2077 3317 2132 3361 et
2167 3309 2218 3362 in
2243 3309 2365 3364 aliis
2392 3310 2527 3364 idem
2556 3310 2631 3380 (8)
2658 3309 2946 3378 Apostolus
2975 3310 3108 3365 dicit
3139 3330 3155 3367 :
3189 3330 3210 3363 ι
3231 3309 3387 3381 Spem
3428 3308 3582 3362 haben-

2079 3409 2162 3454 tes
2191 3408 2246 3454 et
2279 3403 2563 3470 praesentis
2585 3404 2730 3467 vitae,
2750 3411 2805 3457 et
2829 3403 3023 3458 futura:
3040 3403 3096 3457 ἐ
3130 3423 3152 3456 ι
3177 3401 3583 3473 praesentis,un

2078 3492 2359 3549 honestior
2383 3504 2439 3548 et
2467 3495 2808 3550 emendatior
2833 3506 2949 3562 est;
2979 3495 3204 3564 futurae,
3246 3496 3383 3567 quod
3430 3504 3581 3550 aeterna

2078 3591 2183 3638 est.

1530 3904 1884 3996 LIBER
1963 3910 2533 4016 QUINTUS.

479 4233 534 4288 1.
575 4248 594 4283 ι
621 4230 915 4301 Propterea
946 4230 1083 4287 sicut
1119 4246 1215 4302 per
1243 4248 1410 4288 unum
1442 4233 1718 4292 hominem
1767 4251 1964 4306 pecca-
1993 4240 2047 4302 D
2070 4237 2224 4310 legis,
2257 4249 2318 4296 et
2346 4254 2530 4295 eorum
2579 4239 2741 4313 5M
2786 4243 2876 4311 qui
2915 4259 3013 4314 per
3053 4244 3215 4299 ﬁdem
3249 4243 3577 4314 justiﬁcantur.

410 4330 527 4376 tum
579 4323 633 4378 in
683 4323 827 4377 hunc
877 4323 1134 4376 mundum
1182 4323 1425 4390 intravit,
1459 4335 1514 4380 et
1561 4342 1656 4396 per
1686 4337 1968 4398 peccatum

409 4430 576 4482 mors,
613 4423 667 4470 et
712 4415 789 4469 sic
823 4414 875 4468 in
911 4430 1101 4470 omnes
1143 4416 1392 4470 homines
1440 4432 1591 4471 mors
1627 4419 1966 4486 pertransiit,

409 4505 462 4559 in
507 4521 615 4576 quo
653 4521 841 4562 omnes
880 4517 1260 4575 peccaverunt.
1300 4507 1478 4576 Usque
1509 4510 1575 4562 ad
1623 4509 1792 4580 legem
1822 4511 1967 4564 enim

406 4608 687 4669 peccatum
719 4609 838 4652 erat
866 4598 941 4670 (9)
968 4599 1019 4652 in
1054 4599 1155 4652 hoc
1194 4600 1412 4652 mundo.
1467 4599 1752 4653 Peccatum
1784 4610 1964 4656 autem

405 4703 511 4742 non
535 4687 849 4758 imputatur,
880 4704 1002 4742 cum
1035 4689 1117 4742 lex
1144 4703 1248 4742 non
1269 4699 1370 4743 est.
1407 4689 1512 4744 Sed
1546 4691 1788 4758 regnavit
1819 4706 1967 4746 mors

405 4781 470 4835 ab
495 4780 667 4834 Adam
697 4792 868 4848 usque
892 4780 958 4832 ad
998 4778 1240 4849 Moysen,
1271 4780 1324 4832 in
1347 4795 1442 4835 eos
1478 4785 1570 4850 qui
1600 4790 1966 4850 peccaverunt

405 4869 457 4923 in
481 4870 884 4925 similitudinem
917 4871 1539 4940 praevaricationisAdte,
1564 4873 1653 4942 qui
1681 4881 1764 4926 est
1791 4873 1962 4928 forma

403 4959 569 5015 futuri
591 4961 634 5015 ⁸.
662 4981 682 5014 ι
721 4960 1074 5032 Posteaquam
1111 4964 1325 5018 edocuit
1356 4961 1714 5018 differentiam
1757 4964 1878 5020 ﬁdei
1910 4975 1965 5021 et

475 5058 492 5090 ⁸
514 5055 694 5112 Galat.
722 5074 784 5125 ιι,
814 5058 902 5125 l9,
936 5060 1025 5114 20.

399 5126 422 5160 ⁷
452 5128 604 5191 ibid.,
642 5129 728 5183 10.

450 5219 582 5302 ,(99)
611 5219 681 5275 In
705 5239 809 5275 uno
861 5237 1096 5287 corpore.
1129 5221 1295 5280 Alias.
1331 5239 1351 5273 ι
1376 5223 1429 5276 in
1492 5236 1755 5292 corpore;
1783 5243 1801 5276 ι
1859 5223 1953 5289 aL,

404 5307 424 5342 ι
450 5307 502 5344 ιιι
530 5305 628 5344 suo
654 5307 903 5358 corpore.
935 5315 955 5348 ι
1895 5309 1900 5313 ’

466 5360 544 5426 (ι)
571 5360 734 5422 Editi,
770 5379 788 5412 ι
813 5363 984 5416 nobis.
1007 5380 1027 5412 ι

432 5430 746 5554 δεῖὶνεάἱιὶ,
783 5450 801 5482 ‹
825 5433 915 5486 sed
941 5431 1205 5501 przecipue
1239 5433 1291 5486 in
1325 5432 1412 5488 his
1437 5430 1590 5496 illud,
1622 5431 1688 5486 ad
1714 5429 1957 5499 Patrem,

469 5539 481 5551 .
596 5517 689 5554 3.)
1022 5548 1024 5550 τ

397 5514 689 5555 Observa.»

469 5567 546 5637 (ὃ)
575 5567 977 5632 Genebrardus.
1008 5589 1026 5622 ι
1051 5571 1277 5637 Christi,
1300 5591 1319 5623 ι
1352 5571 1516 5627 male.

768 5659 786 5691 ι
809 5652 1028 5714 peccato
1059 5635 1298 5696 intulit.)
1370 5712 1380 5714 _
1630 5711 1642 5714 Α
1722 5700 1729 5706 ι

471 5703 544 5772 (5)
575 5705 739 5775 Editi,
776 5703 872 5766 (id
901 5721 1005 5779 est,
1037 5727 1136 5779 pro
1164 5728 1270 5768 non
1305 5712 1512 5777 solum;
1541 5731 1559 5765 ι
1595 5711 1694 5779 al.,
1723 5703 1748 5764 ἰ
1773 5712 1824 5768 id
1851 5721 1954 5779 est,

2072 4338 2234 4399 atque
2267 4345 2455 4386 eorum
2482 4333 2573 4400 qui
2599 4312 2986 4402 promissionﬁes
3022 4349 3144 4403 quae
3171 4312 3440 4404 adipatres
3455 4312 3576 4386 iacta

2071 4421 2310 4485 fuerunt,
2343 4437 2447 4477 non
2484 4435 2711 4492 possunt
2753 4440 2970 4494 sperare
3013 4441 3109 4494 per
3161 4426 3576 4499 legem:cun:que

2070 4512 2372 4579 aperuisset
2415 4516 2604 4568 arcani
2655 4526 2868 4570 secreta
2923 4519 3210 4587 mysterii,
3280 4517 3413 4585 quod
3452 4527 3571 4566 «cum

2071 4603 2278 4658 inimici
2304 4619 2548 4660 essemus
2579 4606 2708 4670 Deo,
2740 4622 2835 4676 per
2866 4621 3099 4662 mortem
3133 4608 3256 4662 Filii
3301 4607 3409 4675 ejus
3439 4617 3574 4659 recon-

2069 4694 2238 4748 ciliati
2264 4698 2506 4761 sumus",
2529 4716 2547 4748 ι
2579 4713 2717 4752 nunc
2745 4707 2800 4753 et
2834 4714 3028 4755 causas
3050 4700 3130 4753 vel
3164 4716 3263 4754 cur
3285 4699 3466 4753 inimici
3487 4693 3571 4746 iue-

2069 4787 2263 4850 rimus,
2307 4789 2392 4844 vel
2434 4805 2530 4844 cur
2560 4803 2734 4844 morte
2760 4789 2889 4844 Filii
2921 4791 3018 4846 Dei
3066 4793 3354 4862 indiguerit
3396 4790 3481 4842 ista
3513 4798 3572 4837 re-

2072 4880 2379 4935 conciliatio
2440 4891 2838 4950 consequenter
2910 4883 3129 4952 exponit
3179 4901 3192 4935 :
3242 4893 3300 4935 ut
3353 4880 3571 4934 intuentes

2070 4981 2269 5039 quanta
2328 4971 2482 5027 nobis
2533 4975 2850 5042 przestiterit
2908 4973 3066 5029 .Iesus
3096 5013 3111 5039 ,
3163 4974 3270 5027 imo
3320 4985 3410 5040 pro
3454 4964 3570 5021 nobis

1105 5063 1125 5092 ³
1151 5061 1305 5114 Rom.
1341 5076 1414 5125 vr,
1452 5061 1538 5114 10.
1615 5061 1635 5090 ³
1663 5061 1682 5112 l
1714 5060 1859 5115 Petr.
1888 5079 1941 5130 tt,

2128 5066 2151 5098 ⁸
2180 5067 2356 5123 Galat.
2387 5084 2448 5134 ιι,
2476 5067 2569 5123 20.
2646 5069 2669 5101 ⁸
2689 5067 2711 5122 Ι
2735 5069 2875 5124 Tim.
2896 5085 2970 5136 tv,
3003 5069 3057 5124 3.
3133 5069 3155 5100 °
3177 5069 3331 5123 Rom.
3359 5061 3488 5129 ωε,
3509 5059 3568 5112 Η.

2055 5240 2161 5280 non
2192 5227 2388 5280 solum.
2411 5244 2429 5276 ι

2127 5295 2202 5366 (6)
2229 5294 2333 5366 Sed
2359 5305 2406 5348 et
2429 5295 2720 5366 gloriantur
2741 5296 2797 5349 in
2826 5295 2932 5349 Deo
2957 5312 3049 5359 per
3076 5294 3353 5366 Dominum
3379 5297 3566 5366 nostrum

2055 5355 2238 5420 Jeéu’m
2269 5355 2558 5420 Christum.
2595 5364 2720 5420 Haec
2766 5355 3031 5420 desunt-in
3066 5365 3215 5419 libris
3243 5375 3392 5417 antea
3414 5355 3562 5414 editis-

2128 5437 2205 5505 (7)
2255 5433 2324 5488 Et
2369 5451 2610 5489 errorum
2663 5439 3004 5489 correctione.
3050 5435 3217 5497 Alias,
3252 5442 3347 5487 «et
3391 5441 3562 5482 morqu

2055 5507 2415 5571 correctione,
2441 5524 2459 5556 ι
2498 5507 2592 5569 al.,
2640 5525 2658 5556 ί
2681 5513 2733 5559 et
2759 5520 3004 5560 errorum
3035 5506 3425 5573 correptione.»
3488 5562 3494 5568 _

2126 5574 2204 5642 (8)
2238 5575 2403 5640 Editi,
2435 5593 2454 5626 ι
2475 5574 2632 5638 item;
2657 5593 2676 5625 ι
2707 5575 2840 5629 alias
2863 5576 3017 5629 deest
3053 5592 3072 5624 ‹
3095 5575 3253 5628 idem.
3275 5591 3297 5627 ι

2127 5577 2180 5642 (8
2238 5575 2403 5640 Editi,
2435 5593 2454 5626 ι
2475 5574 2632 5638 item;
2657 5593 2676 5625 ι
2707 5575 2840 5629 alias
2863 5576 3017 5629 deest
3053 5592 3072 5624 ‹
3095 5575 3229 5628 idem

2127 5574 2204 5717 (9;
2236 5643 2391 5702 Erat.
2417 5645 2579 5702 Deest
2604 5646 2658 5701 in
2687 5645 2843 5703 libris
2873 5655 3032 5702 antea
3064 5644 3238 5702 editis.
