3684 6148
58 348 191 402 tuos

995 348 1358 406 COMMENT.
1396 347 1458 403 IN
1494 347 1711 403 EPIST.
1745 348 1834 401 AD
1874 349 2039 406 ROM.
2081 351 2206 406 LIB.
2250 349 2314 407 V.

3151 353 3287 409 1006

57 478 250 536 quanta
285 467 590 537 pertulerit,
625 469 960 527 radicatiore
983 487 1112 542 erga
1141 485 1267 526 eum
1295 470 1423 535 fide,
1453 481 1508 524 et
1537 471 1618 523 in-
1651 474 1695 529 Α
1722 471 1813 525 sed
1861 472 1944 527 his
1987 472 2076 542 qui
2127 473 2298 529 multo
2343 471 2529 528 labore
2552 483 2607 530 et
2637 474 2833 528 sudore
2874 477 3148 541 potuerint
3174 490 3294 544 quae

59 559 346 628 separabili
377 560 489 632 (10)
521 561 791 617 charitate
827 572 1126 618 teneamur.
1162 562 1290 617 Ideo
1332 577 1463 631 ergo
1503 561 1628 618 licet

61 669 162 706 non
209 667 594 722 usquequaque
646 655 977 722 patefactam
1016 655 1149 728 (ll),
1193 655 1398 710 indicat
1449 665 1625 710 tamen

61 744 218 797 nobis
255 754 308 798 et
349 744 576 799 alterius
619 746 819 800 secreti
879 747 1142 801 rationem
1178 747 1370 802 dicens
1403 761 1416 799 :
1449 765 1466 797 ‹
1501 746 1627 801 Pro-

58 847 238 905 pterea
271 836 415 890 sicut
445 851 544 906 per
575 853 738 891 unum
762 838 1034 894 hominem
1064 850 1346 908 peccatum
1377 839 1625 894 introivit

60 929 109 981 in
144 927 286 982 hunc
319 931 579 983 munitum
618 929 750 1000 (12),
799 939 856 986 et
890 947 986 1001 per
1037 943 1319 1002 peccatum
1368 933 1574 999 mors”,
1599 953 1617 984 »

57 1029 109 1073 et
131 1028 344 1074 cetera.
375 1020 482 1075 Sed
514 1021 830 1091 priusquam
864 1024 932 1077 ad
980 1025 1416 1095 explanationem
1459 1028 1623 1080 totius

57 1111 272 1179 capituli
308 1112 610 1178 veniamus,
639 1129 809 1184 pauca
843 1115 909 1169 de
941 1131 1006 1171 eo
1035 1116 1128 1186 qui
1164 1117 1377 1172 videtur
1402 1118 1454 1171 in
1489 1134 1620 1172 con-

58 1204 406 1272 sequentibus
448 1205 620 1275 ipsius
664 1207 864 1277 eloquii
927 1209 1143 1264 defectu
1196 1211 1424 1265 dicenda
1469 1221 1619 1266 sunt.

61 1294 160 1350 Ubi
205 1297 350 1351 enim
384 1298 603 1364 dicitur,
647 1319 666 1350 ι
696 1300 980 1369 Propterea
1015 1302 1216 1368 sicut,»
1253 1305 1619 1360 necessarium

60 1391 275 1444 videtur
315 1392 460 1461 quod
503 1393 624 1446 addi
674 1395 866 1448 debeat
917 1395 1230 1466 adimpletio
1259 1398 1526 1466 quaedam,
1560 1407 1620 1452 ut

59 1480 285 1535 dicatur.
331 1479 407 1534 Ita
443 1490 499 1536 et
529 1482 656 1537 illud
690 1482 772 1538 vel
806 1483 958 1544 illud.
990 1493 1047 1537 ut
1084 1494 1138 1539 et
1167 1485 1282 1556 ipse
1308 1486 1360 1540 in
1385 1487 1621 1541 nonnul-

58 1571 120 1626 lis
175 1573 296 1628 aliis
342 1573 475 1628 locis
527 1575 741 1643 scribit,
799 1577 948 1631 verbi
1000 1579 1194 1646 gratia,
1244 1593 1366 1633 cum
1402 1579 1615 1635 dicit”:

64 1683 83 1714 ι
110 1665 260 1719 Sicut
283 1667 426 1721 enim
461 1667 512 1721 in
539 1667 710 1722 Adam
742 1683 933 1723 omnes
967 1671 1297 1735 moriuntur,
1347 1671 1420 1725 ita
1465 1681 1520 1727 et
1562 1673 1616 1726 in

56 1757 270 1813 Christo
319 1773 515 1814 omnes
565 1761 1052 1817 vivificabuntur.»
1108 1762 1211 1818 llic
1266 1773 1445 1818 autem
1495 1778 1615 1819 cum

1735 563 1954 617 occulta
2005 573 2130 619 sunt
2180 579 2444 634 quaerere,
2493 565 2710 634 pulsare
2763 582 2882 636 qua:
2928 572 3111 626 clausa
3144 578 3292 632 sunt,

1734 653 2047 709 desiderare
2089 670 2212 724 quae
2257 656 2571 711 abscondita
2613 667 2758 710 sunt.
2799 656 3037 725 Denique
3063 671 3116 715 et
3150 660 3202 713 in
3229 673 3296 713 co

1734 743 1990 814 capitulo,
2027 747 2174 814 quod
2203 762 2302 816 pro
2329 747 2684 802 similitudine
2715 750 2906 804 horum
2946 751 3211 806 dictorum
3240 751 3295 804 in

1734 836 1970 890 medium
2002 835 2115 909 (l6)
2168 841 2509 903 adduximus,
2567 843 2618 896 id
2667 853 2786 909 est,
2823 845 3014 900 «Sicut
3046 847 3190 902 enim
3241 848 3296 900 in

1730 927 1902 981 Adam
1954 945 2147 985 omnes
2198 935 2582 998 moriuntur”,
2606 955 2624 988 »
2656 952 2760 990 non
2812 938 2969 1000 dixit,
3005 957 3021 989 ι
3050 939 3118 992 ita
3154 948 3209 992 et
3241 937 3292 992 in

1731 1019 1953 1078 Christo
1983 1038 2214 1078 omnes»
2249 1025 2504 1082 vivificati
2533 1037 2681 1089 sunt,
2702 1040 2793 1082 aut
2819 1029 3182 1097 vivificantur,
3201 1030 3294 1086 sed

1736 1111 2260 1176 «vivificabuntur,»
2310 1125 2368 1167 nt
2429 1119 2741 1172 ostenderet
2780 1119 3000 1188 quidem
3055 1135 3294 1189 praesens

1732 1211 1944 1270 tempus
1976 1218 2096 1259 esse
2132 1204 2339 1260 laboris
2372 1218 2428 1261 et
2474 1210 2678 1277 operis,
2727 1211 2778 1263 in
2816 1225 2922 1279 quo
2969 1202 3064 1279 per
3095 1213 3290 1266 bonam

1728 1292 2194 1349 conversationem
2226 1296 2417 1350 merita
2437 1299 2863 1368 conquirantur;
2895 1298 3132 1353 futurmn
3165 1316 3294 1355 vero

1727 1398 1850 1438 esse
1897 1383 1951 1439 in
1996 1399 2104 1454 quo
2146 1387 2565 1444 vivificabuntur
2595 1391 2647 1445 hi
2682 1391 2772 1459 qui
2819 1391 2870 1445 in
2904 1393 3157 1461 praesenti
3184 1393 3292 1448 vita

1727 1475 1945 1532 ChriSto
1995 1481 2451 1547 commoriuntur,
2479 1484 2622 1537 sicut
2669 1496 2724 1539 et
2758 1484 2885 1539 alibi
2912 1486 2955 1517 "
2984 1487 3114 1542 dicit
3150 1487 3291 1542 idem

1725 1567 2019 1636 Apostolus
2051 1590 2064 1627 :
2103 1589 2120 1621 ι
2152 1572 2207 1627 Si
2255 1573 2401 1629 enim
2474 1577 2898 1643 commorimur,
2945 1588 3001 1634 et
3039 1582 3294 1637 convive-

1709 1676 1866 1718 .mus.
1892 1680 1912 1714 »
1958 1661 2026 1717 Et
2068 1665 2185 1720 ideo
2219 1668 2382 1720 etiam
2415 1667 2469 1722 in
2517 1672 2770 1739 praesenti
2819 1672 2938 1728 loco
2982 1674 3293 1730 dissimulat

1725 1753 1967 1820 exsequi,
2021 1763 2076 1809 et
2121 1755 2420 1828 adimplere
2469 1776 2720 1819 sermone
2765 1778 2831 1820 ea
2870 1780 2992 1835 qua:
3035 1781 3197 1823 sensu
3235 1777 3292 1823 et

58 1848 257 1903 dixerit
287 1866 302 1903 ;
341 1867 362 1900 ‹
391 1849 546 1905 Sicut
577 1865 674 1921 per
715 1868 877 1906 unum
913 1853 1188 1910 hominem
1234 1865 1512 1924 peccatum
1541 1856 1624 1910 in-
1654 1837 1696 1892 Β
1725 1849 2114 1918 consequentia
2144 1851 2400 1908 videntur
2430 1855 2681 1925 intelligi.
2705 1855 2858 1912 Alius
2877 1856 3109 1913 fortasse
3133 1858 3286 1923 dicit,

59 1941 232 1995 troivit
267 1941 323 1996 in
356 1943 501 1996 hunc
533 1943 819 2009 mundum,
864 1953 918 1998 et
962 1961 1059 2014 per
1113 1957 1393 2018 peccatum
1453 1963 1621 2011 mors,

57 2043 110 2086 et
141 2035 211 2088 ita
256 2035 310 2089 in
363 2049 556 2089 omnes
593 2034 842 2091 homines
887 2052 1036 2093 mors
1063 2039 1404 2108 pertransiit,
1438 2038 1624 2108 inquo

57 2141 238 2182 onmes
291 2138 676 2197 peccaverunt,
711 2149 730 2183 »
771 2147 877 2186 non
918 2131 1102 2185 retulit
1127 2131 1241 2202 (l5)
1287 2141 1346 2186 ut
1393 2133 1620 2200 diceret,

59 2220 202 2274 verbi
247 2235 414 2276 causa
447 2238 460 2274 :
488 2222 564 2276 Ita
589 2231 645 2276 et
671 2237 769 2293 per
799 2239 968 2278 unum
999 2224 1274 2280 hominem
1299 2225 1512 2294 justitia
1540 2227 1624 2282 in-

65 2314 239 2369 troivit
271 2315 324 2368 in
374 2315 519 2370 hunc
575 2317 862 2383 mundum,
890 2327 946 2371 et
977 2333 1075 2387 per
1098 2319 1367 2388 justitiam
1400 2319 1532 2384 vita,
1565 2330 1623 2376 et

60 2400 132 2454 sic
162 2402 212 2454 in
247 2417 442 2456 omnes
475 2403 722 2458 homines
765 2405 876 2458 vita
906 2407 1242 2474 pertransiit,
1275 2408 1329 2462 in
1363 2423 1468 2478 qua
1500 2425 1622 2465 orn-

59 2506 148 2546 nes
176 2493 430 2549 vivificati
469 2504 595 2550 sunt
632 2513 644 2548 :
679 2495 781 2549 hoc
833 2498 975 2552 enim
1036 2499 1319 2554 videbatur
1359 2501 1620 2571 pr0positi

57 2583 252 2654 eloquii
284 2603 479 2644 sensus
526 2600 804 2658 expetere,
835 2591 1131 2645 secundum
1158 2605 1224 2647 ea
1265 2607 1385 2662 quae
1413 2593 1467 2647 in
1500 2593 1622 2649 aliis

58 2679 166 2745 ipse
209 2680 568 2750 proloqnitur.
599 2680 786 2750 Neque
813 2683 957 2736 enim
1005 2683 1231 2737 multum
1272 2682 1456 2739 differt
1491 2684 1619 2740 illud

58 2773 192 2836 quod
227 2771 356 2828 alibi
406 2773 646 2828 dicit":
686 2793 704 2826 ι
735 2773 890 2830 Sicut
940 2775 1085 2829 enim
1145 2777 1196 2830 in
1225 2777 1395 2831 Adam
1432 2792 1620 2832 omnes

61 2863 378 2931 moriuntur,
413 2882 432 2916 »
468 2875 524 2920 et
555 2866 700 2933 quod
758 2866 845 2920 hic
875 2867 1006 2921 dicit
1035 2883 1048 2921 :
1087 2885 1104 2918 ι
1134 2867 1429 2936 Propterea
1481 2870 1621 2924 sicut

59 2969 148 3022 per
180 2971 343 3010 unum
373 2958 644 3013 hominem
675 2970 953 3030 peccatum
989 2961 1040 3014 in
1072 2961 1216 3016 hunc
1245 2965 1504 3017 mundum
1534 2963 1618 3018 in-

62 3047 258 3112 troivit,
285 3058 342 3102 et
369 3065 467 3119 per
500 3062 780 3120 peccatum
829 3067 998 3118 mors,
1023 3064 1078 3108 et
1109 3053 1181 3108 ita
1214 3054 1265 3108 in
1299 3069 1490 3110 omnes
1516 3056 1621 3110 ho-

61 3139 222 3195 mines
243 3142 587 3211 pertransiit,
619 3143 673 3198 in
701 3159 810 3214 quo
855 3159 1044 3201 omnes
1089 3156 1482 3216 peccaverunt;
1505 3165 1526 3201 »
1561 3156 1616 3203 et
1640 3165 1687 3243 'c

59 3231 238 3287 iterum
271 3233 417 3300 quod
445 3234 584 3288 dixit
609 3234 651 3264 “
677 3252 693 3290 :
724 3253 745 3286 α
778 3235 855 3290 Ita
891 3248 949 3291 et
980 3237 1033 3290 in
1068 3236 1289 3293 Christo
1315 3254 1506 3296 omnes
1535 3241 1614 3294 vi-

57 3323 426 3390 vificabuntur,
455 3343 474 3376 »
503 3326 633 3380 nihil
670 3326 850 3382 differt
876 3329 942 3383 al»
967 3346 1032 3384 eo
1060 3345 1244 3396 sensu,
1271 3345 1427 3398 quem
1452 3348 1614 3402 supra

57 3413 234 3468 deesse
260 3414 553 3470 elocutioni
581 3415 820 3471 diximus
850 3417 986 3487 (M),
1028 3427 1083 3472 et
1113 3419 1406 3474 intellectui
1430 3421 1614 3491 legen-

61 3502 121 3554 tis
159 3502 426 3558 relictum.
465 3505 568 3558 Sed
619 3505 750 3559 mihi
789 3507 1006 3562 videtur
1054 3508 1257 3562 Paulus
1297 3510 1385 3578 qui
1427 3510 1614 3564 dicit"

57 3595 177 3660 quia
211 3612 231 3646 ‹
261 3595 582 3652 sufficientia
615 3608 798 3653 nostra
828 3615 893 3653 ex
919 3600 1031 3656 Deo
1059 3609 1161 3666 est,
1192 3602 1284 3670 qui
1316 3611 1370 3656 et
1395 3601 1616 3658 idoneos

56 3701 147 3740 aus
179 3689 308 3743 fecit
357 3689 636 3745 ministros
673 3691 806 3746 Novi
841 3693 1215 3757 Testamenti;
1242 3713 1261 3745 »
1295 3705 1348 3748 et
1375 3696 1466 3764 qni
1515 3696 1616 3750 ite-

56 3793 164 3832 rum
203 3780 338 3834 dicit
369 3797 384 3834 :
419 3798 440 3832 ‹
469 3782 550 3834 Αη
597 3781 981 3838 documentum
1014 3784 1263 3853 quaeritis
1293 3784 1409 3852 ejus
1439 3786 1528 3854 qui
1557 3786 1611 3840 in

56 3887 134 3925 me
160 3874 399 3942 loquitur
423 3873 675 3930 Christus
693 3876 790 3929 ιη»
825 3890 933 3930 non
960 3875 1074 3930 hac
1091 3890 1189 3945 per
1207 3875 1472 3931 defectum
1498 3876 1611 3948 (l5)

55 3976 232 4026 passus
281 3964 510 4032 eloquii,
566 3966 658 4019 sed
707 3967 1053 4035 prospexisse
1098 3981 1195 4036 per
1249 3967 1365 4022 haec
1410 3967 1612 4037 aliquid

55 4057 316 4122 utilitatis,
367 4074 477 4127 quo
519 4058 736 4112 etiamsi
781 4057 1011 4127 intelligi
1075 4057 1336 4113 deberent
1383 4075 1446 4114 ea
1494 4076 1615 4130 qua:

52 4149 230 4204 deesse
253 4150 544 4205 elocutioni
575 4161 631 4204 et
665 4149 1118 4216 subintelligenda
1152 4149 1408 4215 diximus,
1434 4160 1613 4204 tamen

55 4251 266 4310 propter
313 4241 741 4313 negligentiores
797 4256 1041 4309 quosque
1083 4241 1172 4308 qui
1231 4241 1370 4294 forte
1418 4243 1609 4296 resolvi

54 4343 285 4402 possent,
319 4334 362 4390 si
397 4335 652 4389 audirent
682 4335 823 4406 quod
857 4335 1004 4388 sicut
1051 4348 1197 4388 mors
1222 4333 1275 4387 in
1299 4349 1488 4388 omnes
1518 4335 1612 4388 ho-

55 4429 214 4482 mines
240 4444 338 4497 per
367 4439 670 4499 peccaturo,
699 4428 771 4480 ita
809 4434 863 4482 et
887 4426 940 4480 in
970 4441 1162 4482 omnes
1201 4425 1446 4480 homines
1487 4441 1610 4496 per-

1723 1937 1852 2005 quia
1881 1937 1984 1993 hoc
2012 1939 2154 2008 quod
2182 1941 2395 1996 videtur
2418 1943 2605 2002 deesse
2637 1945 2687 1998 in
2710 1945 2792 2000 his
2815 1961 2936 2017 quae
2963 1964 3124 2018 supra
3155 1950 3289 2002 dixi-

1723 2046 1845 2085 mus
1873 2032 2166 2087 secundum
2193 2033 2516 2090 elocutionis
2546 2038 2813 2100 ordinem,
2852 2040 3002 2094 tarde
3039 2040 3280 2110 quidem,

1721 2121 1814 2175 sed
1837 2121 1892 2175 in
1921 2124 2312 2191 posterioribus
2337 2125 2601 2192 redditur,
2630 2129 2717 2183 ubi
2750 2129 2971 2186 dicit“:
2999 2149 3018 2182 ι
3046 2132 3150 2187 Sed
3179 2149 3286 2187 non

1720 2214 1862 2267 sicut
1889 2214 2166 2282 delictum,
2198 2215 2273 2270 ita
2310 2228 2363 2272 et
2393 2218 2637 2275 donatio.
2680 2221 2736 2275 Si
2785 2223 2929 2278 enim
2966 2223 3127 2278 unius
3156 2225 3288 2279 deli-

1723 2312 1813 2358 cto
1844 2306 2042 2360 mortui
2075 2318 2203 2363 sunt
2241 2308 2416 2376 multi,
2451 2310 2620 2365 multo
2661 2313 2832 2383 magis
2875 2315 3046 2385 gratia
3084 2316 3196 2381 Dei,
3232 2327 3289 2372 et

1719 2395 1942 2463 donum,
1982 2399 2034 2452 in
2063 2399 2175 2472 (i7)
2211 2403 2387 2471 gratia
2433 2405 2595 2460 unius
2631 2406 2868 2462 hominis
2905 2406 3031 2463 Jesu
3082 2409 3284 2464 Christi

1720 2488 1774 2543 in
1825 2490 2004 2561 plures
2057 2493 2426 2562 abundavit;»
2460 2507 2515 2551 et
2547 2499 2741 2552 asserit
2787 2514 2852 2553 ex
2890 2501 2974 2556 his
3019 2504 3284 2572 completa

1719 2595 1841 2637 esse
1871 2598 1992 2653 qua:
2023 2584 2266 2640 defuisse
2299 2587 2352 2641 in
2381 2591 2758 2658 superioribus
2791 2592 3116 2648 videbantur
3141 2612 3158 2652 :
3187 2612 3287 2651 nec

1718 2670 1945 2726 multum
1974 2673 2238 2730 interesse
2263 2677 2405 2746 quod
2449 2677 2519 2732 ibi
2558 2681 2610 2734 in
2644 2695 2832 2735 omnes
2857 2682 3104 2739 homines
3133 2686 3286 2741 dixe-

1719 2760 1792 2815 rit
1824 2765 2190 2829 pertransisse
2229 2777 2533 2836 peccatum,
2571 2769 2659 2825 hic
2692 2785 2822 2826 vero
2857 2774 3053 2828 donum
3086 2786 3140 2830 ct
3163 2793 3287 2846 gra-

1719 2852 1847 2906 tiam
1874 2851 2002 2909 Jesu
2035 2855 2235 2910 Christi
2279 2857 2334 2912 in
2366 2858 2551 2928 plures
2582 2861 2915 2932 abundasse,
2943 2880 3064 2921 cum
3091 2879 3146 2922 et
3169 2883 3287 2923 om-

1718 2960 1815 2999 nes
1857 2944 2102 3001 homines
2160 2948 2346 3018 plures
2393 2965 2518 3005 esse
2570 2953 2966 3025 intelligantur,
3009 2966 3062 3012 et
3101 2959 3285 3024 plures

1717 3051 1908 3093 omnes
1951 3039 2180 3111 intelligi
2219 3057 2323 3096 non
2371 3043 2621 3100 videatur
2672 3046 2998 3114 absurdum,
3051 3053 3286 3106 maxime

1716 3141 1837 3181 cum
1869 3127 1920 3181 in
1949 3128 2403 3199 subsequentibus
2427 3132 2471 3164 "
2497 3135 2640 3189 dicat
2666 3139 2936 3205 apertius:
2968 3156 2989 3191 ι
3016 3139 3169 3195 Sicut
3189 3157 3286 3209 per

1720 3219 1876 3273 unius
1906 3219 2158 3276 delictum
2190 3223 2245 3276 in
2272 3237 2463 3279 omnes
2498 3225 2749 3284 homines
2783 3229 2833 3282 in
2867 3232 3284 3288 condemnatio-

1719 3326 1876 3377 nem;
1913 3314 1985 3366 ita
2015 3323 2068 3368 et
2110 3330 2209 3386 per
2250 3317 2409 3370 unius
2447 3314 2714 3384 justitiam
2741 3318 2792 3373 in
2822 3335 3012 3376 omnes
3039 3323 3287 3378 homines

1719 3403 1785 3456 ad
1809 3402 2264 3473 justificationem
2290 3406 2436 3461 vitae.
2461 3425 2482 3460 »
2509 3407 2574 3461 Et
2607 3419 2666 3463 ut
2700 3411 3006 3468 evidentius
3037 3419 3287 3471 ostende-

1721 3505 1802 3549 ret
1847 3511 2037 3550 omnes
2079 3496 2326 3552 homines
2350 3509 2405 3553 et
2432 3501 2631 3555 multos
2682 3502 2931 3557 homines
2959 3503 3104 3560 idem
3139 3523 3281 3572 esse,

1717 3585 1924 3639 addidit
1945 3586 2031 3641 his
2054 3586 2132 3640 '3:
2161 3606 2178 3638 ι
2202 3586 2354 3643 Sicut
2381 3589 2522 3643 enim
2551 3606 2647 3660 per
2677 3591 3100 3648 inobedientiam
3127 3599 3285 3652 unius

1717 3677 1956 3734 hominis
1987 3689 2308 3748 peccatores
2330 3683 2610 3736 constituti
2649 3694 2775 3737 sunt
2804 3685 2978 3751 multi,
3011 3688 3081 3741 ita
3110 3700 3163 3744 et
3189 3707 3286 3760 per

1717 3769 1878 3824 unius
1918 3772 2288 3826 obedientiam
2337 3773 2472 3842 justi
2529 3775 2929 3830 c0nstituentur
2968 3779 3182 3833 multi.»
3221 3784 3286 3837 Et

1715 3864 1857 3930 quod
1886 3864 2136 3931 superius
2183 3879 2374 3920 omnes
2412 3866 2625 3920 dixerat
2663 3866 2938 3935 homines,
2974 3870 3063 3925 hic
3093 3873 3282 3927 eodem

1715 3969 1876 4008 sensu
1905 3956 2104 4011 multos
2133 3957 2458 4013 nominavit.
2510 3956 2628 4013 Nisi
2670 3960 2714 4013 si
2759 3960 2884 4030 quis
2928 3961 3095 4028 dicat,
3141 3969 3282 4031 quod

1716 4044 1889 4113 magis
1930 4045 2261 4114 permiscere
2297 4055 2352 4100 et
2412 4045 2744 4101 confundere
2789 4046 2974 4103 volens
2997 4048 3286 4118 Apostolus

1715 4135 1767 4188 id
1805 4138 1951 4204 quod
1981 4137 2230 4205 superius
2263 4147 2572 4206 aperuerat,
2602 4153 2688 4204 ne,
2717 4147 2774 4192 ut
2811 4139 3288 4205 diximus,dissel-

1715 4227 1875 4299 545
1906 4238 2058 4284 veret
2083 4245 2147 4285 ac
2178 4230 2448 4285 relaxaret
2477 4231 2762 4287 audientes
2786 4274 2800 4298 ,
2841 4246 2934 4286 eos
2982 4249 3122 4302 quos
3156 4245 3286 4286 ante

1721 4339 1740 4371 ι
1781 4336 1970 4376 omnes
2008 4338 2027 4371 »
2058 4315 2290 4387 dixerat,
2317 4323 2408 4377 hic
2447 4342 2467 4375 ι
2505 4325 2687 4394 plures
2721 4344 2740 4376 »
2783 4325 3103 4390 nominavit,
3133 4334 3192 4377 ut
3228 4335 3287 4380 et

1716 4414 1848 4468 illud
1884 4414 2025 4483 quod
2063 4433 2081 4466 ι
2119 4431 2308 4470 omnes
2342 4435 2361 4468 »
2390 4416 2628 4479 dixit,ad
2653 4432 2748 4471 eos
2777 4418 3148 4472 tantummodo
3171 4427 3284 4470 tra-

55 4519 259 4574 transiit
291 4520 401 4574 vita
432 4534 528 4588 per
561 4519 866 4585 Christum,
900 4517 1272 4574 consideravit
1301 4517 1473 4588 palam
1500 4517 1560 4572 ha

1784 4519 1941 4562 :retur
1970 4507 2082 4579 (18)
2109 4549 2123 4573 ,
2158 4508 2248 4577 qui
2287 4509 2485 4563 donum
2514 4509 2718 4564 Christi
2767 4513 2957 4579 gratiaa
3001 4511 3282 4564 consecuti

52 4609 150 4664 dici
192 4621 247 4666 et
290 4611 505 4682 publice
552 4626 656 4665 non
711 4611 915 4665 debere
947 4627 960 4663 :
989 4608 1148 4664 simul
1181 4617 1232 4663 et
1266 4609 1394 4663 illud
1426 4619 1610 4664 osten-

52 4703 192 4771 dens,
225 4705 369 4775 quod
400 4704 613 4759 etiamsi
640 4719 738 4772 per
768 4717 932 4756 unum
968 4701 1245 4756 hominem
1273 4699 1489 4767 justitia
1523 4701 1608 4756 in-

54 4795 226 4849 troivit
247 4795 301 4849 in
329 4795 470 4849 hunc
494 4795 774 4856 mundum,
798 4801 852 4847 et
876 4805 973 4861 per
993 4789 1257 4861 justitiam
1286 4789 1418 4855 vita,
1447 4797 1501 4843 et
1527 4789 1608 4842 sic

53 4884 100 4937 in
129 4902 316 4941 omnes
343 4886 592 4961 homines
619 4883 1003 4954 pertransivit,
1045 4893 1225 4938 tamen
1267 4896 1376 4936 non
1422 4881 1525 4935 hoc
1555 4881 1607 4934 in

51 4980 296 5046 praesenti
335 4979 519 5034 statim
563 4979 902 5048 contingere,
945 4991 1046 5032 nec
1091 4974 1282 5030 otiosis
1335 4973 1608 5036 accidere,

112 5098 134 5128 ⁸
159 5096 314 5151 Rom.
350 5096 520 5161 v,12.
593 5097 614 5130 ⁹
640 5094 658 5148 1
685 5096 810 5150 Cor.
839 5108 928 5156 xv,
965 5092 1054 5146 22.
1153 5091 1196 5122 ¹⁰
1237 5091 1366 5161 ibid.

51 5181 132 5230 xv,
160 5169 248 5222 2‘2.
328 5169 372 5199 "
413 5168 450 5222 Il
480 5166 618 5220 Tim.
647 5181 710 5232 tt,
744 5165 833 5218 Η.

115 5309 222 5376 (10)
249 5307 420 5370 Alias,
457 5303 868 5375 «insuperabili.
896 5322 916 5355 ι

146 5377 901 5454 li)A_l_ias,«patefactum.»
973 5441 1008 5454 ﬂ
1067 5450 1077 5454 Δ
1149 5441 1162 5454 ο
1324 5453 1329 5454 7
1405 5448 1415 5454 Δ

146 5380 223 5445 Η)
251 5379 430 5443 Alias,
461 5397 478 5429 α
501 5377 852 5447 patefactum.
881 5392 901 5426 »
1525 5440 1536 5452 .
1569 5440 1580 5450 '

115 5377 220 5516 ili)
275 5451 368 5502 Sic
417 5460 562 5520 recte
613 5462 715 5500 ms.
761 5459 933 5520 unus._
969 5441 1162 5520 Caeteri
1212 5453 1343 5494 vero
1367 5439 1608 5520 et.edttt,

56 5536 71 5565 ι
94 5513 380 5587 Propterea
412 5518 553 5573 sicut
601 5530 698 5582 per
723 5530 888 5568 unum
922 5513 1194 5566 hominem
1235 5526 1384 5566 mors
1433 5513 1611 5564 intro-

53 5587 141 5639 ivit
174 5591 223 5642 in
258 5590 402 5642 hunc
431 5588 712 5650 mundum,
739 5595 792 5638 et
823 5593 1038 5638 caetera.
1065 5601 1084 5634 »

114 5661 219 5729 (13)
260 5661 340 5713 Ita
369 5674 499 5734 _ms._
541 5672 681 5711 unus
736 5653 1178 5734 Reginszﬁeteri
1218 5666 1348 5734 vero
1367 5665 1514 5734 .mss.
1555 5660 1610 5704 et

51 5724 240 5791 eili'ti,'c
265 5737 324 5782 et
367 5728 440 5782 ita
487 5729 542 5782 in
595 5740 786 5782 omnes
825 5724 1069 5782 homines
1110 5724 1470 5794 pertransiit;
1506 5739 1612 5777 non

51 5800 244 5864 retulit,
270 5818 291 5852 »
322 5808 431 5854 etc.
1441 5805 1445 5810 ’

1471 5089 1511 5119 ¹¹
1546 5087 1676 5141 ibid.

909 5164 952 5195 ²⁶
975 5162 1131 5217 Rom.
1162 5177 1213 5228 v,
1248 5160 1330 5214 15.
1408 5160 1448 5191 ¹⁷
1481 5159 1608 5214 ibid.
1648 5158 1733 5212 18.

1712 4609 1856 4659 sunt,
1889 4600 1979 4668 qui
2011 4609 2188 4654 tamen
2223 4613 2328 4654 non
2354 4601 2534 4670 pauci,
2556 4601 2648 4656 sed
2679 4602 2861 4671 plures
2888 4611 3034 4657 sunt.
3068 4602 3280 4656 Etenim

1715 4690 1880 4745 moris
1905 4703 1989 4746 est
2019 4693 2262 4762 apostolo
2291 4692 2480 4760 Paulo,
2536 4709 2658 4748 cum
2689 4694 2757 4748 de
2801 4695 3133 4764 benignitate
3162 4695 3278 4759 Dei,

1716 4795 1774 4838 et
1824 4781 2080 4838 ineffabili
2134 4783 2254 4851 ejus
2303 4784 2542 4839 bonitate
2575 4785 2748 4854 aliqua
2784 4785 3278 4856 patefecerit(l9),

1718 4891 1935 4930 rursum
1969 4884 2193 4945 pr0pter
2242 4876 2663 4947 negligentiores
2710 4892 2951 4946 quosque
2996 4875 3280 4932 auditores

1717 4968 1992 5037 paululum
2041 4969 2190 5024 velut
2235 4983 2562 5039 exasperare
2610 4985 2731 5040 qua:
2777 4970 2955 5034 dixit,
2993 4979 3049 5025 et
3079 4980 3278 5023 metmn

1777 5088 1820 5118 ¹²
1851 5086 1888 5140 ΙΙ
1913 5086 2038 5140 Cor.
2090 5103 2174 5150 ιιι,
2208 5086 2262 5152 5,
2286 5087 2341 5139 6.
2446 5084 2546 5138 "ll
2573 5083 2703 5138 Cor.
2729 5099 2846 5149 xm,
2877 5083 2931 5138 '5.
3032 5084 3076 5114 ”
3107 5084 3274 5137 ltlor.

1813 5158 1854 5187 ¹⁸
1882 5159 2017 5212 ibid.
2044 5157 2132 5212 19.

1788 5297 1900 5366 (Η)
1939 5297 2105 5361 Editi,
2143 5313 2164 5348 ε
2189 5295 2326 5362 dixi,
2367 5303 2504 5360 et;»
2559 5293 2690 5362 ειη(
2715 5293 2850 5357 dixi,
2920 5292 3086 5357 sed;»
3142 5287 3276 5342 alias

1716 5385 1735 5418 ι
1764 5372 2008 5421 dixisset.
2037 5387 2056 5418 »

1787 5438 1900 5508 (15)
1921 5437 2322 5498 Genebrardus,
2360 5454 2387 5508 ίι
2411 5448 2510 5504 per
2539 5435 2654 5488 haec
2689 5433 2980 5489 defectum.
3002 5449 3022 5481 »

1782 5507 1892 5585 (μὶ)
1930 5508 2093 5585 milio
2125 5508 2220 5585 ‘l'.’
2253 5507 2448 5585 medio:
2471 5523 2566 5585 ’...
2620 5574 2631 5585 .

1783 5571 1896 5648 (Π)
1935 5578 2020 5630 In.
2047 5578 2402 5632 Desideratur
2431 5576 2482 5648 in
2513 5573 2665 5626 libris
2692 5585 2847 5626 antea
2878 5571 3059 5624 editis.

1783 5645 1894 5718 (18)
1929 5649 2025 5701 ills.
2063 5663 2222 5708 unus,
2255 5663 2275 5696 ι
2309 5645 2638 5719 retraheret.
2671 5663 2696 5719 _»
2956 5708 2975 5719 _
3042 5709 3052 5719 ι

1787 5708 1897 5793 (19)
1918 5722 2083 5782 Alias,
2121 5735 2139 5768 ι
2174 5715 2536 5787 patefaceret;
2576 5731 2595 5764 »
2635 5714 2734 5778 al.,
2765 5729 2785 5763 ι
2821 5708 3103 5781 patefacit.
3149 5729 3169 5762 »
