3684 6148
384 347 522 402 1007

1905 342 2222 400 ΟΒΙΟΕΝΙΒ

3511 343 3636 397 1008

383 467 615 535 aliquem
651 466 1052 521 remissioribus
1103 467 1368 522 intentare
1395 507 1410 532 ,
1465 475 1524 521 ut
1551 481 1677 522 cum
1727 467 1795 522 de
1846 452 1949 521 fine
1978 473 2024 528 Α
2055 466 2321 528 manibus,
2356 464 2426 517 ita
2475 466 2883 532 quodammodo
2913 466 3029 519 haec
3063 464 3210 534 loqui
3249 463 3397 533 (25),
3425 463 3574 518 velut
3597 470 3634 518 si

382 560 624 612 omnium
654 558 954 613 Corinthiis
982 559 1261 630 disputans
1294 560 1370 613 ait
1418 559 1460 590 ¹⁹
1492 573 1506 610 :
1550 576 1570 610 ι
1621 559 1775 612 Sicut
1803 559 1948 613 enim

382 649 435 702 in
486 650 659 703 Adam
712 665 900 704 omnes
929 650 1042 722 (20)
1073 652 1400 718 moriuntur,
1431 652 1503 706 ita
1540 661 1594 706 et
1628 651 1681 705 in
1733 651 1952 704 Christo

380 756 570 796 omnes
601 741 1061 809 vivificabuntur;
1121 762 1140 795 ι
1188 754 1243 798 et
1290 743 1450 812 paulo
1478 751 1640 813 post:
1675 761 1694 794 ι
1726 741 1952 796 fDeinde

382 833 527 897 finis,
554 849 676 887 cum
712 833 1003 887 tradiderit
1031 848 1258 904 regnum
1288 833 1398 888 Deo
1424 843 1478 889 et
1505 833 1677 902 Patri,
1714 851 1733 884 ι
1769 842 1822 887 et
1847 847 1949 886 cae-

382 932 526 978 tera.
581 923 686 978 Pro
737 924 936 992 quibus
966 938 1159 978 verens
1191 939 1259 979 ne
1285 925 1408 993 quis
1447 924 1664 979 divitias
1691 925 1950 979 bonitatis

385 1016 477 1071 Dei
507 1057 524 1083 ,
556 1026 611 1070 et
641 1017 922 1085 patientiae
947 1057 962 1083 ,
994 1026 1048 1070 et
1081 1015 1508 1087 longanimitalis
1558 1027 1910 1073 contemnens
1930 1057 1945 1081 ,

380 1108 678 1164 secundum
713 1109 966 1163 duritiam
1002 1124 1155 1163 suam
1206 1117 1260 1164 et
1295 1125 1391 1164 cor
1436 1110 1785 1180 impoeuitens
1829 1110 1950 1164 Ihe-

383 1201 684 1256 saurizaret
713 1200 813 1253 sibi
846 1200 980 1253 iram
1023 1199 1076 1253 in
1123 1200 1211 1254 die
1257 1200 1352 1254 ira:
1381 1207 1435 1255 et
1468 1199 1806 1255 revelationis
1835 1198 1946 1269 (21)

379 1290 506 1356 iusti
532 1292 720 1361 judicii
752 1290 845 1345 Dei
875 1290 945 1358 ²⁰,
969 1290 1175 1346 addidit
1203 1301 1323 1360 post
1350 1291 1436 1345 illa
1456 1305 1578 1361 qua:
1606 1291 1672 1346 de
1700 1292 1811 1345 fine
1832 1290 1948 1362 (22)

371 1380 593 1440 dixerat
622 1401 636 1437 :
673 1402 691 1434 α
723 1382 901 1437 Nolite
933 1382 1140 1439 seduci.
1172 1382 1541 1452 Corrumpunt
1566 1398 1745 1437 mores
1775 1384 1946 1438 bonos

379 1474 651 1543 colloquia
694 1473 854 1527 mala.
892 1474 1345 1544 Expergiscimini
1369 1473 1526 1542 justi,
1553 1483 1608 1528 et
1634 1474 1800 1529 nolite
1824 1490 1948 1546 pec-

378 1582 524 1623 care.
573 1566 939 1637 Ignorantiam
971 1567 1114 1630 enim
1153 1567 1370 1637 quidam
1405 1567 1628 1632 habent,
1662 1568 1728 1621 ad
1757 1566 1947 1621 confu-

378 1660 590 1714 sionem
625 1659 782 1714 vobis
810 1658 934 1714 dico
958 1658 1025 1711 ".
1063 1677 1082 1710 ι
1109 1659 1234 1728 Agit
1261 1672 1394 1728 ergo
1429 1667 1682 1726 tanquam
1710 1659 1946 1726 prudens

379 1752 724 1820 dispensator
767 1751 913 1805 verbi
951 1768 965 1804 :
1001 1759 1057 1806 et
1099 1766 1222 1806 cum
1255 1751 1468 1805 venerit
1520 1750 1587 1804 ad
1622 1765 1685 1804 ea
1739 1749 1857 1804 loca
1891 1749 1942 1802 in

2058 558 2182 626 quis
2214 556 2388 611 ﬁdelis
2434 555 2670 612 famulus
2723 567 2777 611 et
2809 559 3051 627 prudens
3089 572 3120 610 a
3157 571 3293 625 rege
3329 571 3541 624 magno
3589 569 3638 611 et

2056 650 2276 703 domino
2325 665 2422 704 suo
2473 650 2860 706 introducatur
2907 651 2960 705 in
2995 650 3286 703 thesauros
3321 649 3540 717 regios,
3589 660 3638 704 et

2055 739 2412 794 ostendantur
2436 740 2484 794 ei
2507 741 2718 795 diversa
2748 750 2802 795 et
2832 754 3028 808 magna
3058 738 3374 801 domicilia,
3415 753 3634 806 quorum

2057 830 2237 884 aditus
2273 831 2409 884 varii
2436 832 2550 885 sint
2573 829 2686 900 (26)
2715 840 2770 884 et
2804 831 3036 897 incerti,
3063 831 3136 883 ita
3166 839 3228 883 ut
3260 830 3312 881 ei
3349 845 3459 897 per
3489 830 3637 882 alium

2057 923 2333 994 ingressus
2361 967 2375 988 ,
2406 934 2460 978 et
2489 939 2586 992 per
2618 925 2782 977 alium
2819 932 3152 978 monstretur
3186 922 3311 994 (27)
3340 937 3638 992 egressus;

2056 1015 2320 1068 interdum
2371 1025 2552 1069 autem
2592 1031 2658 1068 ex
2695 1015 2924 1068 diversis
2977 1013 3324 1092 ingressibus
3367 1014 3446 1069 ad
3486 1032 3639 1068 unum

2054 1108 2308 1162 conclave
2346 1107 2614 1172 veniatur,
2640 1118 2697 1161 ut
2733 1122 2877 1176 sazpe
2925 1110 2976 1161 in
3008 1110 3172 1162 terris
3228 1103 3500 1176 quaedam
3537 1108 3642 1179 (iii

2053 1196 2301 1250 videmus
2333 1205 2610 1250 exstructa
2648 1195 2845 1264 palatia
2885 1213 2900 1250 :
2931 1197 3260 1252 ostendatur
3294 1199 3480 1250 etiam
3523 1199 3640 1253 huic

2054 1288 2145 1358 qui
2175 1286 2604 1341 circumducitur
2633 1286 2774 1340 fideli
2819 1286 3020 1341 famulo
3072 1289 3384 1344 thesaurus
3438 1292 3640 1360 argenti

2055 1379 2213 1449 regii,
2237 1389 2298 1434 et
2332 1379 2474 1433 alius
2502 1379 2622 1433 auri
2647 1419 2663 1445 ,
2697 1378 2932 1446 lapidum
2963 1394 3176 1449 quoque
3209 1392 3268 1434 et
3310 1383 3641 1450 margarita-

2053 1486 2194 1534 rum,
2220 1471 2608 1541 variorumque
2644 1471 2954 1536 monilium,
2985 1487 3244 1540 purpurae
3273 1472 3457 1526 etiam
3495 1474 3644 1538 regis:

2053 1564 2229 1628 locus,
2261 1574 2319 1619 et
2348 1565 2486 1619 alius
2512 1565 2880 1619 diadematum
2923 1585 2935 1620 :
2970 1565 3441 1619 demonstrentur
3473 1565 3640 1619 adhuc

2053 1657 2253 1726 reginae
2289 1656 2510 1711 thalami
2549 1655 2659 1726 (29)
2690 1659 2741 1710 in
2781 1655 2966 1710 ruultis
3017 1645 3373 1725 diversisque
3407 1656 3642 1710 mansio-

2053 1748 2212 1803 nibus
2237 1747 2420 1817 positi,
2445 1757 2500 1801 et
2535 1757 2714 1802 tamen
2744 1748 2860 1819 (50)
2875 1749 3084 1818 singula
3121 1749 3246 1802 haec
3276 1763 3395 1801 non
3434 1750 3645 1817 penitus

380 1843 579 1914 quibus
608 1845 674 1898 de
706 1842 796 1897 Dei
852 1843 1103 1898 bonitate
1132 1841 1418 1898 dicendum
1451 1852 1532 1897 est
1553 1883 1568 1909 ,
1615 1851 1840 1911 prepler
1865 1856 1949 1896 se-
1979 1841 2021 1897 Β
2052 1843 2117 1895 ad
2152 1841 2421 1910 integrum
2470 1842 2782 1909 patentibus
2829 1842 3014 1910 jauuis
3051 1851 3407 1903 reserentur,
3454 1842 3550 1893 sed
3581 1854 3641 1892 ex

379 1937 596 2006 gniores
622 1950 866 2004 quosque
896 1944 950 1990 et
983 1935 1253 1991 occultius
1282 1937 1396 1990 haec
1429 1945 1483 1990 et
1509 1935 1799 1989 obscurius
1823 1951 1950 2004 pro-

381 2027 506 2091 fert,
539 2041 607 2080 ne
637 2024 799 2090 forte,
833 2035 891 2079 ut
917 2027 1176 2091 diximus,
1208 2026 1426 2081 divitias
1455 2025 1714 2079 bonitatis
1742 2023 1878 2092 ejus,
1895 2032 1952 2078 et

381 2119 662 2190 patientia:
683 2161 700 2187 ,
735 2129 790 2174 et
815 2119 1246 2190 longanimitatis
1279 2126 1674 2184 contemnant,
1707 2126 1762 2172 et
1811 2118 1947 2170 iram

379 2212 487 2266 sibi
521 2212 889 2267 thesaurizent
938 2212 991 2266 in
1045 2212 1132 2266 die
1166 2211 1259 2266 ira;
1287 2251 1302 2275 ,
1337 2211 1392 2264 in
1427 2226 1586 2278 quam
1617 2225 1838 2265 necesse
1866 2219 1950 2263 est

382 2305 663 2360 incurrere
688 2319 875 2359 omnes
897 2304 989 2373 qui
1034 2304 1136 2358 sibi
1167 2303 1473 2372 hujusmodi
1504 2311 1654 2373 gesta
1683 2302 1951 2357 thesauri-

382 2396 657 2451 aaverint.
691 2395 869 2451 Etiam
901 2406 960 2453 tu
989 2405 1108 2464 post
1141 2397 1254 2450 haec
1299 2394 1502 2448 videris
1529 2393 1655 2462 quid
1685 2392 1781 2446 ﬁat
1811 2391 1946 2464 (25).

383 2493 489 2548 Sed
517 2493 745 2563 etquod
781 2494 877 2558 ait,
914 2511 934 2546 α
973 2491 1155 2563 Usque
1183 2493 1249 2548 ad
1284 2492 1458 2564 legem
1483 2492 1629 2547 enim
1667 2501 1946 2562 peceatum

382 2594 500 2638 erat
529 2585 581 2638 in
614 2584 717 2638 hoc
738 2583 1097 2654 mundo(24):
1129 2591 1410 2652 peccatum
1441 2592 1620 2636 autem
1646 2596 1752 2636 non
1781 2581 1951 2648 impu-

382 2683 527 2729 tatur
566 2691 688 2730 cum
743 2676 827 2731 lex
878 2692 983 2730 non
1032 2685 1187 2744 θείῃ
1227 2677 1332 2731 hoc
1391 2675 1607 2729 videtur
1639 2675 1946 2736 ostendere,

383 2771 526 2839 quod
554 2783 727 2842 usque
772 2768 838 2823 ad
869 2769 1040 2838 legem
1069 2809 1085 2835 ,
1115 2770 1219 2824 hoc
1250 2778 1356 2835 est,
1387 2782 1672 2839 usquequo
1697 2767 1948 2823 Christus

381 2861 591 2915 veniret
611 2861 701 2920 qui
731 2860 872 2914 tollit
905 2870 1182 2928 peccatum
1213 2861 1398 2914 mundi
1423 2862 1491 2926 η,
1524 2870 1806 2932 peccatum
1830 2869 1947 2913 erat

383 2951 440 3006 in
473 2953 694 3006 mundo.
748 2950 1089 3005 Manifestum
1133 2960 1218 3006 est
1268 2960 1449 3006 autem
1501 2961 1785 3022 peccatum
1840 2965 1947 3004 non

382 3057 544 3114 posse
575 3043 848 3110 imputari,
884 3043 973 3097 ubi
1011 3042 1099 3096 lex
1126 3059 1231 3097 non
1260 3053 1343 3098 est
1371 3058 1491 3114 quae
1525 3053 1720 3112 arguat
1751 3057 1946 3113 pecca-

383 3145 580 3190 torem.
616 3152 635 3185 ι
679 3134 947 3204 Regnavit
977 3143 1154 3190 autem
1187 3149 1368 3198 mors,
1415 3154 1434 3187 ι
1471 3149 1592 3204 qua:
1631 3149 1731 3204 per
1756 3149 1948 3204 pecca-

383 3237 495 3281 tum
530 3228 703 3282 fuerat
730 3230 990 3292 iugressa,
1028 3246 1047 3281 ε
1083 3245 1254 3298 usque
1284 3230 1349 3284 ad
1384 3229 1623 3300 Moysen,
1656 3249 1675 3283 ι
1709 3229 1814 3285 hoc
1861 3238 1945 3284 est

380 3332 662 3388 usquequo
687 3319 774 3372 lex
791 3317 1142 3389 permansit,«
1161 3322 1216 3374 in
1230 3331 1327 3374 eos
1341 3317 1434 3387 qui
1461 3329 1819 3388 peccaverunt
1857 3334 1946 3373 se-

379 3413 616 3467 cundum
663 3412 1070 3467 similitudinem
1103 3411 1311 3480 peccati
1361 3409 1569 3477 Adam,
1606 3428 1626 3461 ι
1663 3426 1758 3480 per
1783 3425 1943 3480 quem

382 3519 529 3558 mors
567 3504 680 3573 ipsa
712 3504 920 3573 accepit
949 3503 1284 3573 ingressum;
1335 3520 1355 3554 ‹
1390 3502 1480 3572 qui
1517 3521 1537 3555 ι
1568 3501 1738 3555 Adam
1773 3519 1793 3553 ι
1830 3499 1944 3556 for-

382 3613 468 3652 ma
499 3597 663 3651 futuri
693 3606 799 3661 est,
837 3616 856 3650 ι
898 3613 1002 3651 non
1051 3597 1353 3651 secundum
1389 3596 1530 3667 quod
1563 3595 1948 3665 prmvaricatus

381 3694 486 3749 est,
516 3687 610 3740 sed
636 3686 934 3740 secundum
962 3687 1065 3740 hoc
1096 3687 1238 3755 quod
1268 3686 1412 3741 sicut
1442 3699 1544 3756 per
1574 3685 1746 3755 ipsum
1778 3700 1948 3750 mors,

382 3777 456 3831 ita
484 3791 579 3846 per
609 3776 961 3831 novissimum
991 3776 1159 3830 Adam
1187 3776 1298 3830 vita
1325 3776 1566 3843 ingressa
1593 3782 1677 3829 est
1722 3776 1773 3828 in
1803 3774 1949 3831 hunc

382 3868 639 3922 mundum
669 3867 716 3900 “
744 3885 760 3922 :
791 3878 846 3922 et
875 3869 1013 3923 sicut
1041 3882 1139 3937 per
1185 3867 1335 3921 illum
1378 3868 1433 3921 in
1463 3883 1653 3922 omnes
1702 3867 1953 3922 homines

382 3958 765 4013 condemnatio
793 3999 808 4024 ,
843 3961 915 4013 ita
946 3969 1001 4014 et
1030 3974 1127 4027 per
1153 3959 1430 4014 Christum
1468 3960 1523 4013 in
1553 3973 1742 4014 omnes
1775 3960 1951 4013 homi-

385 4064 482 4104 nes
502 4047 841 4115 justificatio.
872 4051 995 4106 Haec
1019 4052 1081 4105 de
1109 4052 1276 4121 ipsius
1301 4051 1498 4121 eloquii
1519 4050 1804 4121 apostolici
1821 4067 1952 4107 con-

387 4142 614 4196 tinentia
663 4142 808 4197 dicta
841 4143 970 4198 sint.
1004 4144 1296 4199 Videamus
1339 4160 1481 4199 nunc
1510 4144 1650 4212 quid
1670 4145 1834 4199 etiam
1869 4145 1952 4198 iu-

388 4234 556 4287 terior
581 4233 780 4290 habeat
812 4234 1135 4290 intellectus.
1177 4235 1282 4290 Sed
1318 4247 1373 4291 et
1399 4236 1530 4291 illud
1557 4237 1735 4306 primo
1759 4237 1810 4290 in
1835 4235 1952 4290 loco

384 4323 787 4380 admonendum
843 4337 994 4397 puto,
1039 4329 1179 4396 quod
1229 4328 1441 4382 videtur
1493 4329 1626 4383 mihi
1677 4328 1953 4398 apostolus

383 4416 582 4474 Paulus
609 4419 662 4474 in
689 4420 774 4476 his
800 4422 1068 4492 praecipue
1097 4420 1230 4475 locis
1254 4436 1374 4490 quae
1415 4435 1560 4476 nune
1590 4419 1857 4476 habentur
1890 4419 1946 4472 iu

457 4555 501 4587 ¹⁹
538 4555 557 4609 l
593 4556 720 4611 Cor.
751 4570 841 4617 xv,
874 4555 944 4609 22
969 4596 988 4621 ,
1019 4555 1111 4610 24.
1225 4554 1272 4586 ⁸⁸
1306 4553 1462 4609 Rom.
1496 4571 1532 4610 ιι
1557 4595 1572 4620 ,
1601 4555 1658 4621 4,
1682 4555 1737 4610 5.

384 4625 432 4655 ³*
454 4622 473 4676 l
499 4624 627 4680 Cor.
659 4641 784 4691 xm,
815 4625 976 4693 9,12.

457 4737 568 4809 (20)
599 4737 813 4794 Omnes.
851 4739 1006 4793 Deest
1030 4739 1082 4792 in
1111 4738 1267 4809 libris
1301 4749 1456 4792 antea
1482 4738 1664 4793 editis.

457 4807 571 4878 (21)
604 4809 711 4863 Ine
746 4821 792 4862 et
834 4809 1186 4864 reuelationis.
1215 4808 1341 4864 Htec
1373 4810 1566 4864 desunt
1610 4809 1664 4862 in
1701 4807 1866 4864 editis
1893 4817 1948 4864 et

386 4881 438 4934 in
469 4880 742 4945 plerisque
768 4893 898 4931 mss.

453 4949 566 5019 (se)
600 4947 759 5019 Editi,
792 4967 813 5000 σ-
855 4949 977 5003 fide.
1012 4966 1032 5000 ι

458 5018 572 5091 (25)
605 5018 782 5091 Alias,
805 5037 824 5069 ι
854 5033 1070 5074 οιιιιιθιιι
1098 5019 1282 5091 qui....
1311 5018 1716 5091 thesaurizavit,
1731 5021 1945 5077 etiamsi

387 5087 512 5158 poSt
539 5087 654 5144 lucc
685 5087 902 5143 Iudaeus
932 5091 1057 5157 quis
1093 5090 1218 5155 fiat;
1257 5109 1276 5142 ι
1315 5090 1411 5153 al.,
1447 5109 1466 5143 ι
1505 5105 1721 5146 omnem
1754 5092 1944 5158 qui....

390 5159 796 5219 tliesaurizavit.
828 5159 1040 5212 etiamsi
1079 5169 1196 5229 post
1229 5162 1342 5213 haec
1378 5161 1581 5216 videris
1611 5162 1733 5229 quis
1761 5162 1873 5216 liat.
1920 5181 1942 5216 ι

387 5230 496 5284 Sed
530 5240 675 5283 recte
703 5243 804 5285 ms.
836 5243 974 5282 unus
997 5239 1056 5283 ut
1091 5245 1142 5282 tu
1171 5241 1360 5283 nostro
1393 5241 1560 5284 textu.

459 5300 576 5370 (24)
599 5300 770 5372 Alias,
809 5315 828 5349 ι
859 5314 1027 5368 usque
1055 5301 1122 5354 ad
1167 5301 1338 5369 legem
1375 5311 1552 5356 autem
1583 5313 1864 5372 peccatum
1895 5303 1948 5356 in

387 5369 490 5424 hoc
517 5370 738 5435 mundo,
775 5389 792 5419 ι
830 5378 934 5423 etc.

461 5437 575 5512 (25)
610 5441 798 5512 fiditi,
819 5457 838 5489 σ
872 5439 944 5493 ita
972 5439 1450 5512 etquodammodo
1475 5439 1580 5497 hoc
1608 5441 1778 5512 loqui.
1819 5461 1839 5495 ›

459 5511 575 5582 (26)
598 5507 740 5564 Sint.
769 5510 1212 5564 Prastermittitur
1244 5510 1298 5563 in
1320 5511 1482 5582 editis
1510 5524 1567 5568 et
1597 5513 1648 5567 in
1676 5507 1950 5583 plerisque

389 5593 519 5633 IIlSS.

463 5646 572 5715 (’27)
605 5647 770 5712 Editi,
799 5669 818 5700 ι
854 5649 1209 5704 ministretur.
1255 5667 1274 5702 ι

462 5718 572 5785 (28)
620 5719 790 5785 Alias,
817 5742 859 5792 _-
914 5721 1195 5789 quaedam;
1240 5738 1259 5772 ι
1301 5721 1397 5782 al.,
1432 5741 1450 5772 ί
1486 5737 1740 5792 qumque;
1777 5741 1797 5774 ι
1846 5721 1942 5790 al.,

398 5801 420 5833 ι
455 5801 699 5854 duoque;
730 5809 748 5840 ι
783 5789 876 5855 aL,
912 5809 929 5840 ι
965 5793 1105 5844 inter
1139 5805 1383 5858 quaeque.
1427 5810 1445 5841 ι

1839 4555 1881 4586 ¹¹
1912 4552 1933 4608 l
1962 4553 2089 4610 Cor.
2124 4570 2217 4621 xv,
2253 4555 2346 4622 55,
2380 4554 2471 4610 54.

2052 1945 2205 2005 parte
2234 1935 2540 2004 subapertis
2571 1935 2645 1987 ita
2695 1944 2755 1987 ut
2785 1941 3044 2002 agnoscat
3075 1931 3194 2003 (51)
3253 1932 3494 2000 quidem
3529 1935 3636 1986 the-

2051 2042 2244 2082 sauros
2274 2027 2597 2089 dominicos,
2625 2036 2678 2080 et
2707 2026 2886 2096 regias
2921 2039 3072 2094 opes,
3107 2039 3210 2077 nec
3251 2033 3454 2077 tamen
3490 2025 3556 2076 ad
3582 2025 3640 2076 li.

2051 2118 2273 2186 quidum
2309 2127 2364 2173 et
2390 2117 2457 2170 ad
2497 2116 2798 2187 perfectum
2819 2115 3029 2186 singula
3057 2130 3296 2184 quaeque
3316 2127 3640 2186 cognoscat.

2051 2211 2179 2266 Post
2213 2211 2327 2266 haec
2363 2225 2492 2265 vero
2524 2212 2627 2264 iste
2657 2224 2845 2264 servus
2878 2209 2970 2279 qui
3021 2217 3128 2261 tam
3181 2207 3377 2262 fidelis
3427 2207 3641 2262 habitus

2051 2315 2136 2361 est
2161 2343 2177 2369 ,
2223 2313 2282 2358 ut
2311 2303 2360 2358 ei
2396 2318 2489 2357 rex
2516 2313 2572 2357 et
2609 2301 2862 2356 dominus
2892 2316 3057 2370 opum
3089 2316 3321 2354 suarum
3358 2302 3638 2370 magnitu—

2052 2397 2233 2453 dinem
2281 2395 2474 2450 fecerit
2505 2394 2848 2449 innotescere
2879 2393 3012 2462 (52),
3041 2392 3303 2446 mittatur
3332 2401 3404 2447 ut
3428 2393 3638 2446 exerci-

2053 2499 2163 2544 tum
2190 2495 2485 2559 congreget
2533 2486 2644 2554 regi
2691 2485 2827 2555 (55),
2856 2485 3122 2538 delectum
3153 2483 3393 2547 habeat,
3442 2485 3639 2538 milites

2050 2582 2242 2652 probet
2282 2599 2298 2636 :
2337 2595 2432 2650 pro
2461 2593 2526 2632 eo
2556 2578 2772 2647 quidem
2800 2578 2931 2647 quia
2962 2575 3137 2630 fidelis
3165 2583 3256 2630 est
3281 2614 3302 2641 ,
3355 2585 3424 2628 ut
3460 2575 3640 2644 plures

2051 2674 2240 2727 invitet
2271 2672 2337 2726 ad
2377 2671 2738 2733 militandum,
2769 2679 2825 2722 et
2858 2669 3114 2736 majorem
3147 2666 3476 2721 exercitum
3506 2682 3637 2719 con-

2050 2774 2238 2837 greget
2270 2765 2404 2833 regi,
2445 2765 2821 2818 necessitatem
2855 2762 3091 2829 patietur
3121 2759 3389 2828 proferre
3418 2759 3538 2830 (54)
3567 2775 3629 2812 ex

2050 2864 2202 2925 parte
2230 2869 2348 2923 quae
2379 2853 2575 2908 viderit
2609 2869 2622 2906 :
2655 2861 2710 2906 et
2752 2867 2968 2905 rursum
2999 2849 3126 2920 quia
3160 2850 3420 2917 prudens
3445 2859 3552 2910 est,
3585 2859 3636 2901 et

2049 2950 2152 3005 scit
2175 2947 2538 3003 necessarium
2573 2961 2692 3001 esse
2733 2944 3065 2999 abscondere
3093 2945 3430 3014 mysterium
3462 2945 3632 3012 regis,

2051 3041 2268 3096 indiciis
2313 3039 2642 3110 quibusdam
2679 3038 2852 3107 magis
2892 3051 3053 3106 quam
3090 3034 3466 3090 relationibus
3520 3048 3634 3088 ute-

2053 3141 2173 3197 tur;
2207 3131 2282 3185 ita
2314 3139 2371 3184 ut
2414 3131 2654 3200 potentia
2687 3130 2905 3198 quidem
2940 3127 3084 3196 regis
3119 3143 3230 3182 non
3269 3128 3446 3182 lateat
3478 3145 3494 3192 ;
3549 3144 3638 3181 or-

2051 3225 2195 3279 dinis
2221 3231 2399 3277 autem
2431 3262 2448 3286 ,
2477 3233 2641 3290 atque
2669 3229 2894 3275 ornatus
2925 3220 3132 3289 palatii,
3174 3229 3229 3274 et
3257 3219 3492 3274 habitus
3543 3237 3638 3274 or-

2051 3315 2194 3369 culta
2231 3325 2408 3368 tamen
2442 3321 2659 3366 maneat
2707 3313 3043 3381 dispensatio
3068 3311 3202 3383 (55).
3259 3311 3335 3366 Ita
3373 3327 3534 3381 ergo,
3581 3323 3638 3366 u:

2052 3407 2188 3470 dixi,
2225 3406 2441 3460 videtur
2474 3405 2606 3459 mihi
2652 3406 2816 3465 etiam
2869 3405 3144 3473 apostolus
3178 3403 3390 3458 Paulus
3435 3407 3492 3460 in
3549 3407 3638 3460 his

2049 3497 2394 3552 sermonibus
2440 3497 2625 3552 facere
2650 3537 2665 3560 ,
2712 3505 2766 3550 et
2805 3511 2908 3549 non
2943 3496 3118 3549 solum
3155 3511 3254 3564 pro
3287 3512 3354 3550 eo
3400 3501 3552 3566 quod
3588 3511 3639 3551 et

2050 3591 2167 3660 ipse
2199 3589 2332 3644 dicit
2359 3631 2374 3655 ,
2403 3589 2528 3657 quia
2562 3604 2629 3643 ex
2656 3597 2812 3658 parte
2841 3588 3025 3654 sciat,
3048 3598 3101 3641 et
3131 3603 3197 3642 ex
3234 3599 3397 3658 parte
3425 3605 3642 3658 cogno-

2048 3691 2167 3736 scat
2208 3681 2275 3746 ²¹⁵,
2304 3681 2398 3735 sed
2425 3690 2482 3735 et
2509 3689 2730 3750 propter
2769 3696 2868 3735 nos
2908 3681 3001 3750 qui
3033 3696 3131 3735 nec
3156 3696 3216 3733 ea
3248 3681 3476 3749 quidem
3513 3698 3638 3749 qua:

2050 3789 2116 3828 ex
2143 3783 2297 3842 parte
2321 3773 2426 3826 scit
2457 3786 2656 3842 capere
2690 3787 3000 3843 possumus,
3051 3780 3360 3840 temperare
3411 3787 3635 3827 senue-

2051 3880 2194 3929 nem,
2226 3875 2281 3919 et
2309 3863 2472 3934 5&6
2493 3863 2917 3931 uniuscujusque
2940 3862 3190 3918 conclave
3225 3863 3482 3932 mysterii
3514 3864 3634 3931 (36)

2049 3955 2277 4026 singulis
2327 3965 2421 4010 aut
2468 3954 2556 4009 vix
2592 3953 2736 4010 binis
2783 3955 3147 4024 perstringere
3192 3961 3250 4007 et
3296 3953 3634 4024 subaperire

2050 4048 2394 4102 sermonibus
2442 4063 2458 4101 :
2509 4056 2564 4100 et
2595 4061 2740 4100 nunc
2769 4061 2868 4116 per
2897 4061 3062 4100 unum
3098 4045 3304 4098 aditum
3337 4044 3637 4116 ingrcsws

2050 4158 2149 4214 per
2183 4143 2348 4197 alium
2375 4142 2604 4213 digredi,
2637 4157 2780 4196 nunc
2811 4157 2879 4196 ex
2903 4143 3010 4196 alio
3053 4141 3337 4212 ingressus
3367 4143 3441 4195 ad
3473 4141 3626 4196 aliud

2050 4237 2303 4290 conclave
2335 4250 2704 4299 concurrere,
2757 4235 2830 4289 ita
2865 4244 2924 4288 ut
2960 4235 3006 4290 si
3050 4235 3300 4302 requiras
3341 4246 3478 4286 eum
3536 4233 3631 4286 illo

2050 4327 2196 4382 aditu
2246 4342 2354 4396 quo
2407 4328 2684 4397 ingressus
2713 4337 2833 4390 est,
2885 4341 2989 4381 non
3027 4325 3272 4380 invenias
3309 4338 3624 4393 egressum.

2057 4419 2183 4474 Hac
2214 4434 2344 4490 ergo
2377 4420 2530 4488 prius
2556 4419 2622 4474 de
2652 4420 2735 4474 bis
2751 4431 2871 4487 quae
2899 4414 3097 4471 Paulus
3120 4413 3332 4480 scribit,
3352 4415 3415 4468 in
3445 4427 3626 4468 mente

2583 4557 2630 4588 “
2653 4555 2814 4612 Joan.
2843 4568 2883 4618 ι,
2915 4551 3007 4610 29.
3120 4548 3206 4604 ³³1
3233 4549 3362 4604 Cor.
3393 4564 3488 4614 xv,
3532 4547 3625 4600 22.

2125 4736 2234 4810 (29)
2264 4736 2366 4810 his.
2402 4754 2560 4802 unus,
2595 4757 2614 4790 ι
2649 4736 2778 4808 regii
2822 4734 3063 4791 thalami.
3100 4750 3120 4786 ι
3358 4809 3361 4810 ν
3443 4799 3458 4810 _

2126 4809 2238 4879 (50)
2295 4809 2508 4866 Tamen.
2553 4810 2644 4863 Sic
2693 4817 2836 4861 recte
2885 4821 2988 4862 Ius.
3039 4815 3228 4866 unus;
3270 4809 3458 4854 caeteri
3493 4813 3626 4854 vero

2062 4895 2193 4934 mss.
2228 4889 2283 4934 et
2309 4881 2460 4944 editi,
2505 4897 2523 4930 ι
2555 4889 2702 4933 tunc.
2743 4895 2761 4928 ι

2128 4951 2206 5020 (51
2272 4941 2488 5016 Εάίιί,ἰ
2522 4961 2616 5003 aut
2652 4957 2933 5017 agnoscat.
2971 4964 2990 4997 ι
3028 4941 3190 4998 male.

2128 4949 2238 5094 (Eii;
2271 5021 2440 5094 Alias,
2472 5038 2502 5094 ξ
2523 5019 2726 5094 faceret
2756 5018 3114 5094 innotescere.
3153 5030 3175 5063 ι

2125 5018 2238 5088 (52)
2271 5021 2440 5085 Alias,
2475 5038 2494 5070 ‹
2523 5019 2726 5073 faceret
2756 5018 3114 5088 innotescere.
3153 5030 3175 5063 ι

2127 5080 2240 5162 (55)
2277 5080 2436 5162 Βερί.
2468 5089 2630 5162 Deest
2658 5089 2712 5142 in
2754 5086 3008 5162 edit_i_s_e_t
3041 5085 3094 5138 in
3122 5080 3453 5162 quibusdam
3485 5095 3616 5160 mss.

2127 5156 2239 5234 (54)
2267 5158 2339 5214 Et
2363 5156 2678 5234 'majorenr,
2711 5170 2818 5212 etc.
2852 5156 2994 5234 Editi
3018 5193 3034 5216 ,
3068 5173 3087 5204 ι
3117 5156 3374 5234 majorem
3407 5156 3621 5234 exerui-

2057 5221 2168 5286 ιυιίι
2198 5221 2487 5299 congreget
2513 5221 2688 5298 regni,
2737 5228 3109 5299 necessitatem
3156 5222 3400 5299 patietur
3450 5221 3618 5272 refcr-

2054 5317 2131 5366 re,
2171 5320 2191 5354 ι
2227 5293 2332 5355 θιοῖ
2366 5293 2624 5354 Merlinus
2650 5337 2666 5363 ,
2698 5315 2719 5349 ί
2757 5293 3346 5366 majoremexercitum
3380 5305 3615 5357 congre-

2053 5362 2144 5439 get
2171 5372 2240 5426 ob
2288 5370 2435 5439 regni
2484 5362 2888 5430 uecesSitatem,
2922 5365 3158 5435 patietur
3187 5362 3419 5424 referre,
3454 5378 3475 5412 ι
3505 5371 3614 5412 etc.

2053 5442 2158 5496 Sed
2188 5455 2374 5495 omnes
2403 5455 2536 5494 mss.
2564 5449 2623 5493 ut
2652 5439 2703 5492 in
2735 5448 2919 5491 nostro
2951 5446 3118 5489 textu.

2126 5511 2238 5580 (55)
2260 5512 2430 5574 Alias,
2465 5529 2486 5561 s
2523 5509 2794 5563 ordinatio
2815 5519 2974 5580 atque
3003 5512 3228 5580 ornatus
3261 5517 3283 5580 ξ
3311 5498 3434 5580 (ιιι...
3477 5515 3499 5550 ι
3526 5512 3613 5551 or-

2053 5571 2426 5635 dinis'tamen
2467 5591 2628 5648 atque
2673 5571 2918 5646 ornatus)
2957 5575 3138 5646 palatii
3183 5582 3238 5626 et
3271 5571 3494 5624 habitus
3525 5584 3615 5622 ou-

2055 5651 2197 5717 cnlta
2233 5659 2445 5710 tuaneat
2468 5649 2819 5717 dispensatio.
2860 5667 2879 5699 ι

2123 5704 2236 5790 (36)
2268 5704 2432 5800 E:diti,
2475 5737 2498 5800 «γ
2535 5704 2806 5800 conclavis
2853 5715 3203 5788 mysterium;
3234 5730 3254 5765 ι
3291 5708 3390 5765 sed
3423 5723 3612 5765 omnes

2053 5806 2179 5844 lllSS.
2220 5798 2352 5844 utin
2385 5799 2568 5845 llOSlI’O
2596 5798 2764 5843 textu.
