3684 6148
47 310 198 369 1009

1013 309 1372 368 COMMENT.
1415 310 1478 366 IN
1521 309 1740 368 EPIST.
1773 310 1864 365 AD
1900 309 2223 368 ROM.LIB.
2262 310 2326 366 ν.

3181 318 3320 375 1010

51 435 248 482 nostra
283 432 450 494 atque
473 424 672 480 animis
695 426 1036 495 ordinantes,
1068 430 1344 500 nunciam
1375 431 1441 486 ad
1468 431 1637 500 inspi-
1665 435 1714 495 Α
1739 432 1892 498 Adae,
1946 447 2068 488 cum
2099 431 2282 486 adhuc
2324 437 2468 486 esset
2509 430 2565 485 in
2596 429 2895 500 paradiso;
2919 441 2975 488 et
3001 447 3190 491 omnes
3221 437 3320 492 ho-

50 518 254 572 cienda
287 524 341 570 et
371 517 682 571 contuenda
708 532 772 572 ea
822 534 942 589 qua:
975 521 1028 574 in
1058 522 1308 578 manibus
1339 522 1631 586 habentur,

51 627 156 681 pro
190 609 398 665 viribus
427 619 834 664 convertamur.
871 613 937 666 Et
969 614 1150 682 primo
1183 615 1472 670 videamus
1501 631 1640 686 quo-

52 702 224 756 modo
270 717 290 752 ι
337 714 435 772 per
468 717 632 756 unum
673 703 947 758 hominem
997 715 1280 774 peccatum
1313 707 1552 764 introivit
1584 708 1636 764 in

52 794 207 848 hunc
231 795 513 857 mundum,
536 804 593 847 et
620 809 718 865 per
751 806 1034 865 peccatum
1073 811 1222 853 mors
1261 799 1329 852 ".
1364 819 1382 852 ι
1416 799 1640 856 Fortas-

51 888 135 940 sis
163 886 310 940 enim
336 886 582 955 requirat
605 885 825 956 aliquis,
862 886 908 942 si
935 897 1064 944 ante
1093 889 1268 945 Adam
1302 890 1496 946 mulier
1516 905 1641 962 pec-

51 979 227 1045 cavit,
259 979 327 1034 de
354 993 460 1049 qua
494 978 715 1044 dicitur,
743 981 872 1050 quia
897 997 920 1034 ι
963 982 1187 1038 seducta
1215 983 1270 1038 in
1306 986 1640 1054 prevarica-

54 1072 213 1126 tione
239 1071 382 1127 facta
407 1081 492 1127 est
525 1073 606 1138 ²⁶;
648 1093 671 1126 ν
702 1083 757 1128 ει
783 1090 995 1130 rursum
1032 1085 1160 1132 ante
1191 1078 1364 1147 ipsam
1396 1078 1642 1148 peccavit

52 1178 312 1233 serpens.
347 1163 594 1219 Peccavit
621 1166 767 1220 enim
795 1181 920 1221 cum
951 1166 1092 1222 dixit
1122 1169 1368 1224 mulieri:
1393 1187 1412 1220 ι
1441 1169 1640 1236 thuid

56 1257 171 1312 hoc
199 1257 338 1311 dixit
378 1257 542 1326 Deus,
580 1267 641 1312 ut
672 1273 776 1312 non
825 1259 1166 1316 manducetis
1199 1260 1264 1316 de
1297 1261 1442 1316 omni
1496 1261 1642 1328 ligno

55 1349 302 1417 paradisi
328 1349 422 1404 ’⁷1
457 1368 476 1402 ι
522 1349 586 1404 Et
619 1351 814 1405 iterum
858 1351 1129 1422 peccavit,
1161 1367 1286 1406 cum
1323 1351 1464 1408 Deus
1494 1354 1642 1408 dixe-

57 1441 137 1494 rit
173 1439 288 1511 (37)
314 1482 330 1505 ,
362 1441 489 1510 quia
528 1459 548 1493 ι
585 1456 909 1512 quacunque
938 1442 1026 1496 die
1081 1442 1544 1498 manducaveritis
1573 1457 1641 1498 ex

54 1549 150 1600 eo,
186 1543 360 1590 morte
386 1533 696 1590 moriemini
717 1535 782 1600 ³⁸,
828 1554 848 1588 ι
883 1545 939 1591 ει
979 1535 1070 1591 ille
1108 1535 1310 1591 dixerit
1337 1536 1402 1591 ad
1449 1537 1643 1591 muliec

54 1645 176 1685 rem
212 1648 228 1684 :
267 1647 288 1684 ι
324 1629 440 1686 Non
489 1640 667 1686 morte
699 1631 1049 1698 moriemini;
1111 1634 1210 1688 sed
1247 1631 1454 1688 sciebat
1499 1632 1642 1689 Deus

57 1728 186 1796 quia
245 1741 566 1797 quacunque
617 1725 704 1780 die
754 1724 1207 1779 manducaveritis
1255 1740 1321 1779 ex
1363 1739 1465 1789 eo,
1506 1739 1639 1793 ape-

58 1820 275 1873 rientur
305 1817 445 1873 oculi
477 1817 675 1881 vestri,
716 1826 772 1871 ct
802 1816 953 1871 eritis
995 1816 1134 1872 sicut
1169 1816 1243 1871 dii
1272 1815 1508 1871 scientes
1539 1815 1640 1870 bo-

61 1913 193 1953 num
223 1910 279 1956 et
300 1902 498 1954 malum
531 1904 598 1956 ”.
634 1923 652 1955 ι
691 1902 746 1958 Si
781 1919 914 1974 ergo
945 1915 1071 1961 ante
1100 1908 1272 1961 Adam
1301 1908 1497 1964 mulier
1519 1921 1642 1977 pec-

55 1993 234 2054 cavit,
276 1999 331 2046 et
361 2003 490 2048 ante
523 1994 808 2050 mulierem
835 2011 1082 2065 serpens,
1112 2006 1170 2054 et
1201 1997 1256 2053 in
1282 1998 1392 2054 alio
1419 1999 1544 2056 loco
1568 2001 1644 2055 di-

61 2085 140 2137 cit
168 2084 458 2154 Apostolus
485 2127 500 2152 ,
532 2087 661 2156 quia
697 2105 715 2138 ι
749 2087 919 2142 Adam
954 2104 1060 2145 non
1091 2099 1176 2146 est
1213 2091 1489 2158 seductus,
1518 2109 1638 2146 mu-

63 2176 169 2229 lier
214 2186 392 2232 autem
445 2179 666 2234 seducta
711 2188 798 2234 est
838 2179 907 2247 ³ο,
966 2199 984 2232 ι
1033 2183 1305 2254 quomodo
1349 2198 1447 2254 per
1473 2201 1639 2240 unum

62 2270 360 2335 hominem,
385 2281 440 2326 et
469 2287 576 2327 non
608 2275 781 2344 magis
805 2288 904 2342 per
927 2291 1091 2329 unam
1127 2275 1406 2332 mulierem
1435 2276 1642 2332 videbi-

64 2373 156 2418 tur
203 2365 455 2422 introisse
501 2368 829 2436 peccatum?
877 2371 918 2422 A
966 2369 1193 2426 muliere
1227 2372 1372 2427 enim
1415 2371 1630 2426 initium

62 2458 308 2524 peccati.
354 2469 410 2514 et
454 2469 580 2514 ante
609 2459 892 2516 mulierem
927 2475 957 2515 a
1003 2470 1278 2534 serpente,
1312 2464 1430 2519 sive
1458 2479 1487 2518 a
1523 2464 1642 2518 dia-

64 2549 214 2613 bolo,
247 2551 313 2606 de
340 2566 448 2622 quo
489 2553 690 2607 dicitur
727 2556 782 2608 in
814 2554 1114 2625 Evangelio
1138 2596 1153 2620 ,
1192 2557 1317 2626 quia
1353 2575 1372 2608 ι
1411 2556 1501 2611 ille
1540 2557 1641 2611 he-

65 2643 268 2697 micida
295 2644 506 2700 eratab
538 2645 693 2700 initio
720 2645 785 2699 ³¹.
828 2666 846 2699 ι
885 2649 992 2704 Sed
1023 2647 1147 2701 vide
1182 2648 1232 2701 in
1263 2648 1347 2703 his
1405 2648 1644 2716 Aposto—

67 2735 178 2789 lum
224 2747 435 2790 natura:
459 2739 706 2793 ordinem
750 2741 1016 2807 tenuisse,
1049 2748 1106 2792 et
1140 2739 1259 2795 ideo
1284 2741 1544 2811 quoniam
1577 2742 1644 2796 de

66 2837 289 2895 peccato
318 2827 662 2896 loquebatur.
687 2846 752 2886 ex
783 2847 890 2900 quo
916 2848 1061 2888 mors
1089 2834 1142 2888 in
1173 2848 1363 2888 omnes
1394 2832 1644 2888 homines

65 2919 461 2986 pertransierat
494 2919 559 2987 ³³,
586 2923 992 2979 successionem
1026 2925 1359 2994 posteritatis
1393 2923 1643 2980 humanae

67 3027 188 3076 quze
216 3010 343 3066 huic
375 3013 535 3067 morti
567 3014 860 3069 succubuit
896 3029 962 3070 ex
1000 3025 1224 3087 peccato
1247 3015 1639 3081 venienti,non

68 3101 283 3156 mulieri
312 3103 558 3168 ascribit,
583 3105 677 3160 sed
705 3106 842 3160 viro.
880 3105 997 3162 Non
1022 3107 1167 3162 enim
1195 3122 1262 3164 ex
1295 3108 1520 3164 muliere
1545 3123 1642 3179 po-

67 3195 311 3260 steritas,
335 3197 429 3252 sed
466 3214 532 3254 ex
579 3198 700 3254 viro
727 3197 1060 3267 nominatur,
1100 3199 1240 3254 sicut
1272 3209 1327 3256 et
1357 3201 1472 3270 ipse
1495 3202 1642 3271 Apo-

69 3289 242 3343 stolus
275 3288 387 3359 (38)
429 3291 482 3344 in
527 3289 649 3345 aliis
697 3291 870 3348 dicit:
921 3312 940 3346 ι
990 3293 1105 3348 Non
1136 3293 1281 3349 enim
1330 3304 1416 3349 est
1460 3294 1545 3348 vir
1575 3310 1641 3350 ex

76 3379 325 3445 muliere,
357 3383 449 3435 sed
495 3381 692 3437 mulier
715 3398 783 3437 ex
816 3383 970 3450 viro;
1011 3404 1030 3438 ι
1067 3395 1122 3439 ει
1161 3387 1357 3440 iterum
1391 3403 1406 3440 :
1439 3403 1458 3436 ι
1495 3384 1645 3440 Sicut

69 3471 218 3524 enim
252 3469 447 3524 mulier
478 3486 545 3526 ex
585 3473 702 3527 viro
727 3514 743 3538 ,
778 3476 848 3528 ita
875 3487 931 3530 et
958 3475 1044 3528 vir
1079 3494 1098 3528 ι
1135 3491 1243 3531 non
1271 3491 1334 3532 ex
1369 3475 1600 3532 muliere
1624 3517 1640 3543 ,

70 3562 159 3616 sed
192 3580 215 3614 ι
240 3578 338 3633 per
364 3561 644 3619 mulierem
674 3566 759 3631 ⁸³;
800 3585 818 3617 ι
845 3576 900 3621 ει
939 3567 1008 3621 ob
1043 3566 1148 3622 hoc
1184 3567 1428 3622 mortalis
1461 3576 1643 3637 poste-

71 3654 238 3722 ritas,
289 3664 346 3706 et
403 3655 700 3724 corporalis
751 3659 1072 3723 successio,
1127 3657 1245 3712 viro
1294 3658 1476 3727 potius
1526 3667 1643 3711 tan-

68 3762 230 3816 quam
266 3746 380 3820 (59)
428 3749 659 3814 auctori,
699 3759 755 3803 et
795 3765 902 3803 non
935 3749 1144 3804 mulieri
1172 3749 1480 3819 deputatur.
1529 3748 1640 3805 Sed

70 3848 129 3890 ιιι
171 3837 354 3892 adhuc
402 3837 708 3893 evidentius
762 3837 856 3892 ﬁat
886 3838 1030 3908 quod
1065 3839 1297 3894 dicimus
1324 3877 1339 3903 ,
1385 3839 1646 3894 addemus

68 3931 229 3983 etiam
269 3930 371 3984 hoc
413 3929 556 3998 quod
607 3929 746 3985 idem
778 3933 1068 4000 Apostolus
1111 3931 1178 3985 ad
1211 3930 1469 3986 llebraos
1499 3931 1642 3986 scri-

73 4021 149 4074 bit
178 4021 224 4052 ³⁸
253 4038 267 4075 :
302 4039 321 4072 ι
359 4021 462 4075 Sed
485 4031 541 4078 et
571 4021 702 4076 Levi
733 4007 824 4090 qui
870 4022 1110 4077 decimas
1140 4021 1371 4089 accepit,
1403 4021 1642 4076 decima-

73 4122 159 4165 tus
190 4123 295 4168 est.
331 4113 519 4168 Adhuc
557 4114 702 4168 enim
733 4113 786 4167 in
813 4113 1012 4168 lumbis
1037 4112 1208 4183 patris
1235 4121 1354 4166 erat
1380 4130 1398 4163 ι
1446 4111 1646 4182 (Abra-

76 4203 176 4275 bze)
221 4222 240 4255 ι
301 4219 422 4258 cum
470 4205 710 4260 obviavit
767 4204 815 4259 ei
871 4201 1269 4258 Melchisedech
1310 4216 1641 4277 regresso_a

74 4298 217 4351 caede
244 4313 451 4367 regum.
480 4317 499 4352 ι
527 4297 584 4353 Si
615 4314 744 4369 ergo
774 4296 926 4362 Levi,
957 4296 1049 4366 qui
1082 4295 1429 4367 generatione
1448 4304 1644 4366 quarta

75 4400 198 4458 post
229 4391 507 4445 Abraham
543 4391 824 4458 nascitur,
867 4391 919 4444 in
945 4390 1144 4444 lumbis
1193 4388 1425 4443 Abrahae
1473 4387 1645 4442 fuisse

1669 3149 1718 3210 ϐ

1743 527 1920 582 mines
1943 541 2064 582 cum
2082 526 2198 596 ipso
2223 523 2308 580 vel
2339 524 2391 578 in
2419 524 2539 593 ipso
2562 524 2771 594 expulsi
2797 536 2923 580 sunt
2949 527 3016 582 de
3041 529 3318 598 paradiso,

1741 635 1863 676 cum
1911 619 2026 690 ipse
2067 619 2192 673 inde
2226 616 2485 687 depulsus
2535 627 2654 684 est;
2700 626 2756 671 et
2803 632 2898 687 per
2935 617 3110 688 ipsum
3147 635 3314 684 mors,

1743 732 1866 786 quae
1896 715 1945 770 ei
1977 729 2043 768 ex
2076 711 2524 783 praevaricatione
2557 719 2803 775 venerat,
2840 721 3236 782 consequenter
3261 724 3320 768 et

1742 807 1797 863 in
1830 823 1926 862 eos
1956 803 2276 876 pertransiit
2297 802 2389 874 qui
2435 803 2489 858 in
2532 801 2728 860 lumbis
2772 803 2890 872 ejus
2929 804 3313 872 habebantur;

1741 909 1796 956 et
1831 901 1952 955 ideo
1977 910 2122 953 recte
2149 895 2440 967 Apostolus
2468 895 2634 950 dicit:
2669 915 2689 948 ι
2719 895 2871 951 Sicut
2897 897 3040 951 enim
3067 897 3122 951 in
3145 897 3313 952 Adam

1741 1005 1933 1046 omnes
1961 987 2292 1050 moriuntur,
2325 986 2398 1040 ita
2427 995 2484 1040 et
2514 983 2568 1039 in
2596 983 2818 1040 Christo
2848 999 3038 1040 omnes
3072 986 3317 1040 vivifica-
3346 1032 3349 1036 .

1743 1081 1944 1135 buntur
1973 1079 2040 1134 ³⁵.
2080 1097 2098 1130 ι
2133 1076 2317 1147 Neque
2337 1090 2466 1146 ergo
2511 1088 2577 1128 ex
2605 1083 2856 1144 serpente
2900 1075 2994 1144 qui
3037 1085 3164 1130 ante
3195 1091 3314 1130 mu-

1743 1174 1928 1228 lierem
1973 1177 2317 1240 peccaverat,
2351 1182 2529 1236 neque
2566 1180 2632 1221 ex
2670 1165 2900 1221 muliere
2927 1180 3050 1236 quae
3079 1173 3208 1220 ante
3237 1166 3317 1218 vi-

1743 1279 1864 1319 rum
1902 1264 1953 1317 in
1985 1259 2436 1332 praevaricatione
2467 1257 2616 1313 facta
2665 1265 2750 1313 est
2782 1257 2848 1322 ³⁸,
2875 1258 2969 1312 sed
3005 1272 3103 1327 per
3139 1258 3313 1312 Adam

1742 1369 1809 1408 ex
1845 1370 1955 1424 quo
2001 1367 2190 1409 omnes
2227 1349 2485 1407 mortales
2523 1351 2792 1421 originem
2840 1349 3081 1416 ducunt,
3115 1350 3318 1404 dicitur

1743 1445 1997 1500 introisse
2032 1451 2334 1514 peccatum,
2365 1451 2422 1497 et
2447 1455 2550 1511 per
2582 1449 2862 1512 peccatum
2897 1456 3066 1496 mors.
3103 1441 3208 1497 Sed
3230 1443 3318 1497 hic

1744 1537 2003 1591 nimirum
2036 1545 2120 1590 est
2154 1547 2294 1588 unus
2318 1533 2481 1588 homo
2503 1547 2598 1601 per
2622 1547 2782 1601 quem
2810 1540 3091 1601 peccatum
3125 1532 3318 1587 introi-

1743 1628 1842 1694 vit,
1873 1637 1928 1683 et
1957 1640 2055 1696 per
2093 1633 2378 1696 peccatum
2414 1637 2564 1678 mors
2589 1622 2657 1686 ³⁷,
2709 1637 2870 1690 quem
2922 1631 2978 1676 et
3015 1621 3144 1676 alibi
3201 1624 3318 1691 ipse

1743 1716 2036 1785 Apostolus
2059 1714 2170 1788 (40)
2195 1715 2327 1770 dicit
2367 1714 2599 1783 primum
2625 1714 2899 1766 hominem
2927 1715 2992 1766 de
3027 1721 3170 1767 terra
3208 1722 3317 1768 ter—

1742 1823 1971 1873 renum,
2005 1807 2300 1862 secundum
2333 1819 2462 1861 vero
2511 1806 2577 1859 de
2621 1804 2764 1859 caelo
2808 1806 3093 1861 caelestem
3126 1847 3142 1872 ,
3189 1822 3314 1862 cum

1743 1897 2070 1953 exhortatur
2109 1911 2206 1950 nos
2238 1895 2449 1962 abiecta
2477 1895 2715 1964 imagine
2746 1896 2987 1961 terreni,
3023 1895 3314 1966 imaginem

1743 1997 1966 2060 portare
2025 1989 2272 2044 celestis
2298 1987 2376 2054 ³⁸;
2429 1987 2484 2042 id
2516 1997 2604 2043 est
2656 1997 2714 2042 ut
2756 1987 3051 2043 secundum
3089 1989 3314 2044 verbum

1746 2079 1839 2135 Dei
1871 2083 2118 2135 viventes
2145 2093 2490 2147 renovemur,
2518 2089 2572 2134 et
2606 2078 2972 2135 reformemur
3013 2081 3315 2135 secundum

1743 2174 2060 2230 interiorem
2097 2175 2368 2230 hominem
2398 2178 2464 2231 ad
2500 2176 2788 2246 imaginem
2839 2176 2937 2232 Dei
2967 2179 3060 2247 qui
3105 2178 3320 2234 creavit

1742 2281 1868 2322 eum
1897 2267 1965 2321 ³⁸.
2007 2267 2108 2323 Hic
2141 2282 2274 2340 ergo
2303 2269 2463 2323 homo
2494 2269 2588 2340 qui
2630 2267 2745 2339 jam
2782 2271 3114 2325 reformatur
3141 2279 3198 2326 et
3225 2285 3316 2325 re-

1744 2369 1968 2430 paratur
2012 2361 2078 2414 ad
2111 2361 2405 2432 imaginem
2435 2361 2528 2416 Dei
2555 2404 2569 2428 ,
2601 2379 2778 2434 neque
2805 2375 3060 2419 terrenus
3086 2402 3101 2428 ,
3141 2377 3318 2434 neque

1745 2449 1799 2503 iu
1837 2451 1938 2504 hoc
1987 2451 2187 2505 mundo
2217 2458 2335 2515 est,
2369 2453 2466 2506 sed
2501 2453 2555 2507 in
2588 2454 2742 2509 caelis
2787 2468 2907 2509 esse
2954 2455 3160 2510 dicitur
3185 2468 3319 2510 con-

1743 2541 1986 2596 versatio
2013 2541 2134 2612 ejus
2155 2542 2202 2574 ⁸⁸
2241 2560 2256 2596 :
2291 2553 2347 2598 et
2372 2543 2494 2600 ideo
2538 2547 2841 2602 secundum
2871 2561 2994 2602 eum
3029 2546 3124 2618 qui
3152 2546 3312 2614 dixit,

1749 2651 1770 2684 ι
1805 2632 1912 2689 Vos
1941 2643 2122 2690 autem
2166 2651 2275 2690 non
2327 2638 2464 2692 estis
2506 2637 2571 2693 de
2610 2639 2711 2694 hoc
2761 2639 2964 2694 mundo
2993 2639 3060 2704 ⁸⁸,
3096 2657 3118 2692 ι
3167 2653 3319 2693 mors

1745 2727 1799 2780 in
1855 2740 1981 2780 eum
2013 2743 2120 2782 non
2149 2736 2328 2798 potest
2376 2732 2732 2799 pertransire.
2764 2729 2871 2798 Qui
2924 2739 3104 2786 autem
3142 2730 3319 2785 adhuc

1745 2820 1800 2874 in
1831 2821 1934 2876 hoc
1964 2825 2166 2878 mundo
2197 2833 2281 2878 est
2303 2861 2322 2890 ,
2348 2833 2405 2878 et
2437 2833 2690 2880 terrenus
2719 2836 2823 2891 est,
2858 2841 2921 2881 ac
2958 2825 3162 2880 terreni
3195 2824 3314 2895 (41)

1743 2911 2035 2985 imaginem
2066 2923 2289 2985 portat,
2343 2919 2411 2972 de
2457 2919 2574 2989 ipso
2614 2918 2834 2984 dicitur,
2881 2920 3026 2990 quod
3053 2934 3151 2991 por
3189 2933 3316 2972 eum

1744 3015 2026 3074 peccatum
2062 3006 2116 3060 in
2155 3007 2298 3061 hunc
2327 3010 2585 3064 mundum
2613 3010 2877 3077 introivit,
2913 3020 2967 3066 et
2991 3026 3088 3082 per
3117 3026 3312 3082 pecca-

1749 3105 1862 3151 tum
1897 3111 2046 3153 mors
2067 3096 2135 3152 “.
2169 3098 2324 3166 Quod
2371 3101 2418 3155 si
2466 3112 2747 3170 peccatum
2795 3111 2852 3157 et
2893 3118 3040 3158 mors
3075 3103 3129 3157 in
3174 3105 3320 3160 hunc

1747 3190 2007 3245 mundum
2059 3189 2171 3264 (42)
2206 3192 2491 3258 introivit,
2521 3203 2576 3248 et
2606 3193 2659 3248 in
2707 3194 2814 3248 hoc
2850 3195 3050 3250 mundo
3087 3196 3316 3262 habitat,

1745 3291 1958 3336 certum
1992 3291 2077 3338 est
2106 3284 2316 3338 alienos
2364 3299 2394 3337 a
2431 3296 2604 3339 morte
2654 3296 2710 3340 et
2756 3302 2785 3340 a
2815 3298 3041 3356 peccato
3071 3303 3194 3344 esse
3221 3305 3318 3345 eos

1746 3371 1836 3441 qui
1873 3387 1972 3442 per
1997 3373 2276 3429 Christum
2305 3375 2388 3429 vel
2421 3391 2540 3430 cum
2569 3376 2790 3434 Christo
2819 3381 3021 3434 mortui
3045 3391 3170 3434 sunt
3193 3381 3320 3437 huic

1747 3464 1973 3528 mundo,
2004 3473 2204 3520 etcum
2245 3465 2362 3536 ipso
2390 3470 2718 3536 resuscitati,
2753 3487 2875 3525 cum
2903 3472 3018 3542 ipso
3045 3474 3208 3526 etiam
3234 3489 3320 3528 sc-

1745 3556 1874 3611 dere
1921 3557 1975 3611 in
2018 3557 2330 3614 caelestibus
2377 3570 2689 3616 meruerunt
2725 3563 2807 3629 ⁸³,
2841 3565 3312 3620 conversationem

1746 3663 1852 3702 non
1895 3649 2009 3717 jam
2046 3650 2161 3720 (45)
2193 3652 2247 3706 in
2279 3652 2379 3706 hoc
2412 3655 2612 3709 mundo
2638 3694 2655 3722 ,
2699 3655 2794 3710 sed
2823 3655 2876 3709 iu
2908 3655 3062 3711 caelis
3114 3657 3321 3712 haben-

1748 3755 1832 3798 tes
1865 3743 1932 3796 ⁸⁸.
1967 3741 2122 3800 Unde
2145 3754 2201 3800 et
2231 3746 2349 3815 pari
2381 3749 2770 3817 consequentia
2802 3743 3130 3816 ostenditur,
3169 3751 3316 3820 quod

1745 3839 1923 3893 omnis
1950 3840 2115 3893 homo
2142 3841 2319 3909 primo
2365 3860 2382 3892 ι
2429 3842 2496 3895 de
2528 3852 2672 3896 terra
2703 3850 2952 3896 terrenus
2991 3860 3009 3893 ι
3042 3849 3145 3906 est,
3179 3843 3321 3896 sicut

1746 3929 1891 3982 idem
1920 3929 2214 3998 Apostolus
2247 3929 2373 3984 alibi
2405 3930 2449 3962 ⁸⁸
2487 3929 2659 3996 dicit;
2713 3945 2836 3985 cum
2885 3929 3176 3998 imaginem
3209 3939 3320 3984 ter-

1747 4019 1864 4074 reni
1913 4029 2133 4089 portat,
2180 4031 2234 4073 et
2265 4021 2562 4074 secundum
2610 4021 2898 4090 imaginem
2951 4021 3153 4074 terreni
3211 4035 3320 4072 am-

1746 4109 1897 4163 bulat
1945 4107 2084 4180 (44),
2138 4123 2360 4163 carnem
2399 4113 2638 4180 cogitat,
2694 4121 2750 4165 et
2801 4126 2921 4180 qua:
2966 4112 3149 4166 carnis
3191 4119 3322 4165 sunt

1748 4201 1920 4268 sapit,
1975 4209 2030 4254 et
2092 4200 2180 4254 vix
2237 4199 2531 4270 aliquando
2582 4211 2667 4256 est
2729 4211 2788 4256 ut
2837 4211 3194 4257 convertatur
3248 4203 3320 4256 ad

1749 4290 2030 4346 Dominum
2065 4331 2081 4356 ,
2131 4304 2186 4347 et
2245 4293 2440 4360 spiritu
2503 4293 2596 4347 Dei
2662 4306 2892 4361 agatur,
2947 4303 3114 4363 atque
3174 4293 3321 4349 επε-

1746 4382 1871 4428 ctus
1925 4373 2177 4443 spiritalis
2233 4373 2324 4427 liat
2366 4393 2385 4425 ι
2441 4375 2767 4431 novissimus
2820 4377 2990 4432 Adam
3049 4379 3105 4432 in
3162 4379 3322 4450 547

77 4481 410 4550 perhibetur,
439 4482 608 4536 multo
642 4483 816 4553 magis
833 4497 1021 4537 omnes
1055 4483 1304 4537 homines
1330 4482 1422 4551 qui
1452 4483 1505 4536 in
1541 4483 1644 4536 hoc

1822 4465 2008 4520 uiritum
2057 4464 2421 4520 viviﬁcantem
2472 4467 2518 4499 ⁸⁸
2571 4468 2731 4540 (45).
2790 4488 2809 4521 ι
2869 4469 3104 4539 Bequire
3159 4485 3324 4537 sane,

78 4574 277 4627 mundo
331 4584 648 4636 nascuntur,
689 4583 746 4628 et
794 4573 905 4627 nati
953 4586 1125 4639 sunt,
1157 4575 1209 4628 in
1256 4573 1457 4628 lumbis
1485 4583 1645 4628 erant

1748 4557 2004 4628 quoniam
2034 4573 2134 4627 per
2162 4573 2330 4612 unum
2361 4559 2637 4614 hominem
2667 4561 2721 4614 in
2756 4561 2903 4616 hunc
2938 4563 3198 4617 mundum
3233 4563 3319 4616 di-

146 4736 190 4766 ²⁸
209 4733 442 4794 Rom.v,
469 4734 554 4790 l2.
633 4735 682 4767 '°
710 4734 725 4788 Ι
749 4735 888 4788 Tim.
919 4751 979 4798 ιι,
1004 4733 1088 4788 14.
1168 4735 1212 4766 ³⁷
1244 4731 1380 4788 Gen.
1415 4748 1495 4798 ttt,
1523 4734 1576 4787 1.
1633 4733 1644 4764 ¹

1828 4767 1842 4782 .
1877 4744 1940 4792 ιι,
1974 4727 2063 4784 17.
2120 4727 2166 4759 ³⁸
2196 4727 2325 4784 ibid.
2354 4727 2408 4798 4,
2433 4727 2486 4782 5.
2552 4725 2800 4782 ³⁸1Τίιιι.
2836 4743 2895 4790 ιι,
2922 4724 3018 4798 14.
3083 4726 3126 4757 ⁸¹
3159 4721 3321 4798 Joau.

81 4819 194 4866 vm,
217 4806 311 4859 44.
383 4806 428 4836 ³¹
459 4805 614 4860 Rom.
639 4822 690 4864 v.
727 4805 808 4858 l2.
887 4805 932 4836 ⁸³
962 4806 978 4858 Ι
1014 4807 1138 4860 Cor.
1167 4821 1245 4861 xI.
1277 4804 1330 4864 8.
1361 4804 1445 4856 12.

1511 4803 1558 4836 ³⁸
1587 4801 1753 4857 Hebr.
1777 4816 1875 4862 vn,
1902 4802 1956 4862 1,
1989 4801 2046 4865 9,
2075 4800 2162 4853 10.

2253 4798 2296 4829 ³³
2329 4797 2496 4853 lCor.
2528 4813 2615 4864 xv,
2643 4798 2734 4853 22.
2779 4853 2781 4855 ,
2827 4798 2873 4830 ³⁸
2909 4798 2923 4849 Ι
2959 4796 3106 4850 Tim.
3139 4812 3200 4860 ιι,
3232 4796 3322 4850 14.

82 4875 120 4904 ³⁷
153 4876 308 4928 Ιὶοιιι.
340 4891 391 4939 ν,
420 4876 507 4929 12.
575 4876 619 4908 ³⁸
650 4875 808 4929 ICor.
833 4891 920 4938 xv,
942 4875 1032 4941 47,
1058 4877 1147 4930 49.
1213 4875 1258 4907 ³⁹
1287 4873 1494 4929 Coloss.
1521 4889 1602 4938 ιιι,
1633 4877 1644 4927 1

1822 4871 2051 4938 'Pbilip.
2082 4886 2164 4941 ιιι,
2189 4868 2279 4922 20.
2352 4869 2394 4900 ⁸⁸
2421 4868 2578 4924 Joau.
2611 4883 2702 4934 xv,
2737 4870 2822 4925 l9.
2894 4868 2938 4900 ⁸³
2967 4867 3126 4921 Rom.
3154 4883 3204 4931 v,
3233 4868 3322 4922 12.

85 4945 126 4974 ⁸³
156 4946 352 5016 Ephes.
384 4963 444 5010 ιι,
479 4947 536 5012 5,
563 4945 617 5002 6.
682 4946 728 4978 ⁸⁸
765 4945 956 5016 Philip.
990 4939 1070 5012 tu,
1094 4946 1186 5002 20.
1257 4944 1302 4977 ⁸⁸
1335 4945 1350 4998 Ι
1379 4945 1504 5000 Cor.
1535 4961 1644 5011 xv,‘

1822 4951 1848 4996 ι.
1909 4941 1956 4973 ⁸⁸
1982 4941 2116 4996 ibid.
2140 4939 2233 4993 45.

152 5106 264 5176 (37)
295 5105 367 5158 lta
393 5120 523 5160 mss.
553 5106 724 5160 nostri
764 5115 820 5160 et
846 5107 1122 5170 Rabanus,
1151 5105 1256 5160 nisi
1292 5105 1434 5175 quod
1467 5106 1643 5175 primo

88 5175 318 5230 habeant
345 5176 484 5230 alius
511 5193 530 5227 ι
567 5178 724 5240 dixit,
754 5195 773 5227 ι
804 5178 941 5231 alius
976 5196 994 5228 ι
1031 5179 1280 5241 dixerat;
1317 5195 1335 5228 ι
1379 5179 1637 5239 secundo,

90 5246 223 5299 alius
262 5249 456 5300 iterum
497 5266 516 5298 ι
567 5248 742 5310 dixit,
781 5266 801 5298 ι
852 5249 990 5301 alius
1027 5263 1047 5296 ι
1084 5249 1334 5301 diceret:
1375 5264 1394 5298 ι
1431 5247 1525 5300 sed
1565 5263 1647 5300 re-

93 5317 228 5370 ctius
255 5332 394 5370 unus
423 5319 590 5371 codex
621 5317 824 5385 Regius
856 5334 1008 5371 num.
1057 5312 1193 5371 1659
1239 5318 1402 5372 habet
1431 5319 1643 5372 utrobi-

92 5400 192 5453 que
215 5427 230 5452 ,
264 5404 284 5438 ι
331 5387 546 5441 dixerit.
580 5405 599 5439 ι
632 5387 771 5440 Editi
823 5403 985 5451 vero,
1021 5405 1042 5438 ι
1074 5397 1128 5441 ει
1161 5387 1358 5440 iterum
1393 5389 1644 5454 peccavit

93 5471 210 5508 cum
235 5458 406 5510 dixit:
440 5458 552 5511 Scit
584 5459 727 5512 enim
779 5457 918 5510 Deus
944 5458 1068 5525 quia
1117 5472 1439 5526 quacunque
1491 5473 1641 5510 tuan-

95 5527 412 5582 dncaveritis
455 5542 520 5582 ex
549 5542 616 5582 co
641 5567 656 5590 ,
697 5529 1038 5598 aperientur,
1074 5545 1094 5578 ι
1131 5537 1263 5593 ειε.,
1295 5527 1516 5582 omissis
1542 5544 1643 5582 ca:-

99 5598 242 5648 teris.

167 5665 277 5734 (38)
301 5666 600 5733 Apostolus.
635 5666 800 5722 Deest
828 5667 881 5721 in
907 5666 1088 5722 editis.

159 5737 273 5808 (59)
307 5735 599 5807 Tanquam.
627 5738 976 5795 Desideratur
999 5737 1056 5793 in
1093 5738 1248 5795 libris
1274 5747 1435 5792 antea
1465 5736 1646 5793 editis.

1822 5102 1935 5176 (40)
1962 5102 2134 5176 Alias,
2159 5119 2180 5152 ι
2219 5101 2358 5176 idem
2393 5101 2704 5176 Apostolus.
2737 5120 2757 5154 ι

1823 5173 1936 5245 (41)
1965 5173 2134 5239 Alias,
2167 5190 2187 5224 ι
2220 5173 2274 5226 in
2301 5173 2502 5226 mundo
2529 5183 2615 5227 est
2636 5211 2654 5239 ,
2689 5182 2941 5229 terrenus
2971 5182 3079 5238 est,
3115 5187 3181 5228 ac
3209 5181 3322 5228 ter-

1752 5247 1887 5305 reni,
1927 5263 1946 5294 ι
1980 5253 2088 5297 etc.

1819 5314 1936 5385 (42)
1971 5313 2071 5367 Ms.
2109 5328 2274 5377 unus,
2314 5329 2334 5364 ι
2365 5312 2519 5378 Quod
2545 5313 2590 5368 si
2626 5323 2908 5382 peccatqu
2941 5330 3107 5379 mors,
3133 5322 3190 5367 et
3224 5328 3324 5383 per

1750 5395 2032 5455 peccatum
2062 5398 2207 5455 mors
2234 5386 2284 5436 in
2317 5385 2462 5455 hunc
2493 5389 2776 5449 mundum,
2815 5405 2835 5437 ι
2874 5394 2986 5444 etc.

1822 5453 1934 5522 (45)
1965 5453 2110 5506 1am.
2138 5453 2298 5507 Deest
2336 5454 2385 5506 itt
2419 5455 2599 5508 editis.

1825 5527 1938 5593 (44)
1961 5524 2135 5586 Alias,
2172 5542 2190 5574 ι
2228 5540 2350 5578 cum
2383 5523 2434 5576 in
2471 5525 2704 5592 imagine
2738 5526 2938 5580 terreni
2975 5523 3242 5591 ambulat,
3270 5533 3326 5580 et

1755 5595 2053 5664 secundum
2081 5596 2374 5664 imaginem
2409 5606 2611 5646 terrent
2641 5595 2904 5648 ambulat.
2948 5615 2969 5647 ι

1829 5667 1943 5737 (45)
1969 5663 2136 5732 Editi,
2164 5663 2509 5733 tittSpit‘itu
2541 5665 2871 5720 viviﬁcante.
2912 5684 2933 5718 ι
