3684 6148
463 275 598 330 illi!

1939 273 2259 330 ORIGE‘NIS
3505 279 3583 335 iiii

466 393 546 444 cit
597 391 846 447 introisse
897 403 1203 463 peccatum,
1265 403 1320 450 et
1370 404 1577 451 eertum
1628 403 1718 448 est
1763 394 1889 464 quia
1938 394 2026 448 hic
2057 399 2100 452 Α
2129 391 2366 453 invocat,
2390 388 2483 444 scd
2514 388 2818 446 dissimulat
2839 396 2894 442 et
2931 389 3392 444 moratur?Eliam
3417 395 3453 448 si
3473 395 3581 452 Enati

473 499 492 531 ι
525 484 777 538 mtmdum
809 503 827 536 ι
865 495 1139 542 terrenum
1173 489 1316 543 hunc
1357 486 1591 558 appellat
1631 485 1807 541 locum
1837 486 1890 541 in
1926 501 2034 555 quo

469 571 715 628 homines
771 576 1041 642 habitant,
1088 579 1133 632 si
1187 579 1241 632 in
1283 577 1430 632 nullo
1474 578 1580 632 alio
1617 576 1740 632 loco
1787 575 2035 630 introivit

469 675 770 730 peccatum,
803 683 976 737 neque
1005 669 1056 723 in
1085 669 1192 726 illis
1228 670 1358 724 locis
1386 671 1680 735 invenitur,
1705 669 1793 722 ubi
1821 687 1842 719 ε
1867 668 2030 736 spiri-

470 756 594 808 talia
644 759 896 826 nequitiaa
943 761 996 814 in
1031 762 1343 817 cmlestibus
1370 761 1416 793 “
1449 781 1469 814 ι
1502 761 1875 817 nominantur.
1926 761 2032 814 Sed

467 855 522 898 et
548 845 677 901 illud
705 850 844 918 apud
879 851 1218 920 temetipsum
1264 861 1557 922 pertracta,
1605 853 1750 906 unde
1794 851 1845 905 in
1888 851 2033 904 hunc

470 939 726 993 mundum
772 941 1015 996 introivit
1061 952 1362 1010 peccatum,
1412 952 1500 996 aut
1557 942 1647 996 ubi
1693 951 1812 996 erat
1852 940 2032 1009 prius-

466 1044 627 1098 quam
659 1036 763 1088 liuc
799 1035 1066 1099 introiret,
1103 1047 1196 1089 aut
1229 1035 1274 1090 si
1302 1037 1521 1090 omnino
1555 1043 1698 1097 erat,
1741 1033 1826 1088 vel
1856 1034 1900 1088 si
1930 1032 2034 1088 fuit

466 1131 592 1174 ante
629 1121 773 1174 illum
821 1123 888 1176 ad
937 1139 1095 1192 quem
1127 1125 1371 1179 dicitur:
1413 1141 1432 1174 ε
1467 1123 1758 1193 Usquequo
1801 1125 2032 1177 inventa:

466 1218 593 1263 sunt
636 1210 950 1280 iniquitates
977 1214 1031 1266 in
1072 1224 1142 1281 te,
1176 1223 1231 1269 et
1270 1224 1488 1284 propter
1517 1215 1618 1270 hoc
1648 1213 1854 1284 projcci
1899 1221 1951 1268 te
1975 1213 2029 1266 in

469 1308 668 1352 terram
699 1299 766 1352 ⁸⁸.
818 1319 836 1352 ι
887 1300 1053 1359 Nobis
1096 1313 1277 1359 autem
1325 1305 1393 1358 de
1439 1305 1521 1360 his
1565 1321 1672 1359 non
1715 1315 1803 1360 est
1853 1313 2028 1358 tutum

465 1389 618 1458 plura
646 1392 932 1461 disserere,
960 1411 1082 1450 cum
1113 1397 1395 1452 videamus
1441 1396 1756 1466 Apostolnm
1792 1396 1880 1449 vix
1921 1396 2029 1450 sin-

465 1481 603 1549 gulis
663 1483 780 1539 haec
828 1487 1212 1553 perstrinxisse
1267 1487 1612 1544 sermonibus
1667 1486 1802 1561 (46).
1856 1506 1876 1538 ι
1923 1487 2029 1541 Per

464 1587 630 1626 unum
669 1593 688 1624 ι
716 1589 844 1643 ergo
872 1593 891 1628 ι
931 1577 1200 1633 hominem
1227 1589 1506 1649 peccatum
1536 1580 1781 1634 introivit
1809 1579 1861 1632 in
1886 1578 2028 1634 hunc

465 1665 722 1719 nmndum
753 1666 820 1720 δ’.
853 1685 876 1718 ι
905 1667 1131 1723 Mundus
1175 1677 1379 1732 autem,
1430 1677 1488 1723 ut
1530 1669 1788 1732 diximus,
1827 1667 2026 1722 intelli-

2137 483 2284 537 dicas
2311 497 2327 532 :
2360 495 2465 535 non
2505 480 2764 534 scribitur
2793 480 3078 548 placuisse,
3113 496 3380 550 usquequo
3401 499 3584 554 generaret

2138 571 2501 634 Mathusalam
2552 569 2620 626 ⁸⁸.
2669 570 3026 624 Mathosalam
3082 581 3264 626 autem
3313 573 3583 642 interpretato

2134 663 2344 716 emissio
2411 661 2618 718 mortis.
2693 661 2770 716 Ex
2829 676 2938 731 quo
3001 663 3301 716 ostenditur
3357 665 3458 732 quia
3502 686 3582 724 mors

2137 755 2236 810 ista
2264 771 2385 825 qua:
2432 757 2483 809 in
2514 769 2702 810 omnes
2749 755 2999 810 homines
3059 757 3384 824 pertransiit,
3415 760 3528 813 etiam
3555 764 3583 815 iu

2136 843 2310 912 ipsum
2341 845 2623 898 transierit
2655 863 2669 898 :
2705 846 2799 899 sed
2832 845 2921 898 vix
2951 845 3240 914 aliquando
3271 848 3423 901 sensit
3438 863 3520 903 esse
3539 853 3582 904 in-

2136 943 2216 988 tra
2246 951 2306 990 se
2333 945 2559 990 mortem
2583 934 2720 1007 (50),
2753 947 2807 990 et
2830 951 3127 992 conversus
3151 937 3219 992 ad
3251 937 3491 994 Dominum
3509 945 3586 1000 emi-

2131 1027 2203 1080 sit
2230 1041 2348 1080 eam
2376 1041 2406 1080 a
2450 1041 2530 1094 se,
2564 1037 2620 1082 et
2663 1029 2860 1098 abjecit
2891 1043 2988 1096 per
3021 1029 3387 1099 paenitentiam
3416 1049 3429 1085 :
3454 1042 3494 1085 et
3521 1034 3587 1090 ida)

2133 1114 2486 1170 Mathusalam
2521 1117 2721 1171 dicitur
2748 1119 3020 1187 genuisse,
3074 1120 3218 1187 quod
3269 1136 3299 1172 a
3349 1134 3400 1174 se
3441 1134 3585 1176 mortem

2129 1219 2250 1273 qum
2271 1223 2393 1261 eum
2425 1209 2713 1263 obsederat
2737 1209 3041 1278 abiecisset.
3072 1209 3242 1264 Recte
3263 1226 3384 1280 ergo
3405 1217 3509 1281 quod
3525 1216 3587 1283 iam

2132 1298 2290 1352 morti
2323 1312 2430 1352 non
2461 1309 2607 1354 esset
2641 1300 2926 1364 obnoxius,
2961 1301 3056 1356 sed
3091 1301 3371 1366 abiecisset
3408 1319 3587 1359 eamne

2127 1399 2182 1440 et
2207 1385 2522 1457 eii'ugasset,
2550 1388 2746 1442 dicitur
2782 1390 2925 1457 quod
2957 1391 3298 1444 transtulerit
3347 1392 3469 1445 illum
3490 1393 3588 1454 Deis.

2128 1479 2204 1530 uti
2239 1493 2305 1532 ne
2335 1477 2540 1533 videret
2568 1488 2797 1533 mortem
2822 1479 2890 1533 ".
2923 1478 3029 1534 Sed
3058 1491 3116 1534 et
3145 1482 3217 1536 de
3242 1481 3348 1537 Noe
3366 1486 3406 1536 si
3428 1489 3589 1553 requiras

2127 1570 2406 1634 attentius,
2475 1571 2718 1626 invenies
2769 1572 2911 1639 quod
2963 1573 3396 1642 quingentesimo
3446 1578 3586 1629 demum

2127 1679 2272 1718 anno
2297 1662 2409 1734 (51)
2440 1663 2699 1718 scribitur
2723 1664 2789 1717 de
2818 1678 2904 1727 eo,
2943 1665 3068 1733 quia
3105 1683 3124 1715 ι
3159 1664 3274 1720 Noe
3314 1666 3484 1721 invenit
3514 1686 3586 1738 gr:-

463 1759 668 1824 gendus
696 1768 780 1811 est
807 1758 919 1829 (4³1)
951 1759 1034 1812 vel
1059 1759 1207 1814 ιοειιε
1235 1760 1288 1814 in
1316 1775 1426 1830 quo
1465 1759 1718 1816 habitam
1755 1759 2020 1826 homines,
2054 1743 2096 1798 Β
2127 1754 2256 1808 tiam
2307 1754 2359 1808 in
2403 1762 2697 1822 conspectu
2747 1752 2961 1808 Domini
3010 1754 3130 1819 Dei,
3165 1775 3186 1807 ›
3221 1765 3278 1810 et
3305 1758 3415 1825 quia
3439 1775 3455 1808 ι
3479 1758 3588 1827 justus

459 1844 546 1899 vel
577 1855 788 1902 terrena
819 1859 872 1902 et
912 1850 1210 1919 corporalis
1249 1850 1384 1917 vita,
1435 1851 1488 1905 in
1530 1866 1638 1920 qua
1677 1866 1825 1906 mors
1861 1851 2025 1904 habet

459 1934 671 2002 locum;
717 1938 805 1992 cui
858 1941 1078 2007 mundo,
1124 1942 1228 1996 hoc
1275 1953 1360 1996 est
1406 1951 1635 1998 terrenae
1665 1943 1810 2008 vita,
1841 1944 2025 1999 cruci-

459 2024 597 2080 lixos
621 2040 681 2081 se
710 2027 894 2081 dicunt
932 2029 1103 2084 sancti
1131 2029 1198 2093 5°,
1229 2040 1285 2085 et
1332 2041 1592 2086 mortuos.
1628 2049 1648 2084 ς
1680 2032 1751 2086 Ει
1780 2047 1878 2100 per
1904 2047 2026 2102 pec-

458 2125 664 2181 catum,
695 2135 716 2168 ι
747 2118 944 2186 inquit,
981 2135 1002 2170 ‹
1034 2134 1201 2180 mors.
1234 2139 1253 2172 ι
1287 2121 1375 2175 illa
1423 2121 1540 2177 sine
1576 2122 1743 2177 dubio
1774 2137 1922 2178 mors
1957 2125 2024 2178 de

456 2219 564 2274 qua
615 2215 670 2260 et
720 2208 980 2275 propheta
1026 2209 1176 2275 dicit,
1223 2213 1350 2280 quia
1401 2229 1420 2263 ι
1461 2213 1641 2269 anima
1676 2227 1797 2282 qua:
1833 2222 2022 2282 peccat

457 2297 572 2364 ipsa
614 2300 877 2355 morietur
904 2301 948 2333 "
982 2319 997 2357 :
1029 2321 1049 2355 ι
1073 2304 1235 2374 cujus
1275 2305 1463 2359 mortis
1514 2308 1656 2362 hanc
1685 2307 2018 2377 corporalem

455 2395 688 2439 mortem
737 2387 984 2448 umbram
1022 2392 1217 2448 merito
1254 2393 1377 2462 quis
1421 2395 1640 2453 dixerit.
1687 2395 2020 2467 Quocunque

457 2475 604 2528 enim
643 2475 732 2530 illa
787 2478 1087 2546 incesserit,
1137 2482 1278 2537 hanc
1333 2498 1564 2539 necesse
1605 2495 1690 2540 est
1739 2487 2018 2556 subsequi,

457 2566 603 2620 velut
634 2568 884 2625 umbram
915 2588 1132 2643 corpus.
1187 2573 1341 2641 Quod
1369 2575 1414 2630 si
1465 2576 1686 2646 obiiciat
1725 2579 1848 2646 quis
1892 2579 2018 2647 quia

456 2660 708 2717 Salvator
731 2675 1012 2732 peccatum
1049 2681 1153 2721 non
1204 2668 1355 2734 fecit,
1400 2683 1504 2722 nec
1539 2685 1682 2724 mors
1709 2671 1761 2724 in
1797 2686 1863 2726 eo
1918 2671 2020 2726 fuit

453 2752 648 2807 animae
676 2770 772 2824 per
800 2770 1081 2826 peccatum
1114 2757 1185 2825 ",
1213 2767 1270 2812 et
1301 2767 1477 2817 tamen
1508 2769 1734 2815 mortem
1762 2761 2019 2817 sustinuit

455 2846 811 2911 corporalem.
845 2849 1296 2917 respondebimus
1321 2850 1370 2904 ei
1404 2851 1534 2920 quia
1577 2852 1829 2907 Salvator
1875 2853 2019 2908 sicut

455 2949 576 2989 cum
613 2936 727 3004 ipse
763 2948 1042 3007 peccatum
1072 2954 1176 2994 non
1210 2939 1421 3005 fecerit,
1463 2957 1560 3012 pro
1597 2953 1786 2998 nostra
1836 2952 2014 2999 tamen

452 3027 627 3082 salute
652 3044 747 3098 per
793 3031 1212 3100 assumptionem
1244 3035 1427 3090 carnis
1457 3033 1571 3102 ipse
1605 3034 1806 3089 dicitur
1836 3035 2015 3092 factus

449 3133 571 3173 esse
607 3129 882 3189 peccaturo
907 3122 953 3153 ⁵³
981 3139 995 3176 :
1025 3123 1096 3178 ita
1149 3132 1203 3178 et
1255 3139 1378 3180 cum
1429 3135 1654 3181 mortem
1688 3126 1846 3182 istam
1879 3127 2010 3183 nulli

448 3210 692 3278 deberet,
723 3228 822 3267 nec
863 3213 914 3269 ei
955 3224 1101 3270 esset
1147 3216 1435 3281 obnoxios,
1491 3231 1590 3286 pro
1631 3217 1803 3273 salute
1832 3227 2011 3275 tamen

448 3312 632 3356 nostra
663 3302 806 3357 hanc
829 3304 970 3359 velut
1001 3306 1244 3362 umbram
1275 3307 1416 3362 illius
1439 3318 1706 3378 susceptae
1731 3309 2012 3378 dispensa~

447 3395 632 3458 tionis,
665 3411 828 3465 quam
881 3413 1043 3465 supra
1093 3398 1348 3463 diximus,
1379 3410 1591 3470 sponte,
1631 3416 1737 3457 non
1773 3404 2014 3458 necessi-

447 3493 558 3540 tate
587 3489 846 3556 suscepit,
884 3490 1024 3544 sicut
1063 3491 1175 3560 ipse
1203 3490 1380 3546 dixit:
1417 3508 1436 3544 ι
1482 3491 1809 3547 Potestatem
1835 3493 2010 3551 habeo

445 3583 675 3645 ponendi
700 3594 931 3632 annnam
959 3595 1154 3643 meam,
1181 3591 1236 3636 et
1259 3590 1576 3649 potestatem
1610 3583 1784 3642 habeo
1813 3585 2008 3640 iterum

443 3670 689 3724 smnendi
730 3686 850 3726 eam
895 3670 962 3726 ³⁸.
1018 3692 1038 3726 ι
1093 3674 1198 3728 Sed
1251 3674 1527 3732 videamus
1579 3679 1851 3747 quomodo
1897 3697 1916 3730 ι
1953 3681 2006 3733 in

442 3774 632 3815 omnes
665 3761 912 3819 homines
947 3765 1266 3832 pertransiit
1304 3781 1472 3834 mors,
1511 3767 1566 3822 in
1595 3783 1702 3838 quo
1731 3784 1944 3833 omnes,
1982 3789 2002 3821 ι

443 3853 636 3922 inquit,
669 3870 689 3903 ι
719 3865 1098 3922 peccaverunt.
1133 3875 1152 3909 ι
1189 3858 1448 3914 Absoluta
1477 3862 1743 3916 sententia
1769 3877 2007 3932 pronun-

444 3945 599 3998 tiavit
646 3946 936 4014 Apostolus
974 3949 1026 4003 in
1075 3965 1263 4006 omnes
1311 3951 1561 4008 homines
1609 3963 1841 4010 mortem
1884 3970 2006 4024 per-

441 4037 700 4090 transisse
726 4039 958 4106 peccati,
991 4039 1042 4094 in
1070 4056 1134 4096 eo
1162 4042 1214 4096 in
1247 4057 1352 4110 quo
1379 4059 1572 4100 omnes
1616 4059 2002 4114 peccaverunt,

439 4128 581 4181 sicut
628 4136 682 4182 et
725 4129 871 4185 alibi.
906 4150 924 4182 ε
955 4132 1154 4188 Omnes
1183 4135 1346 4198 enim,
1386 4154 1406 4188 ι
1449 4137 1641 4205 inquit,
1693 4159 1712 4190 ι
1744 4154 2002 4209 peccave-

440 4228 586 4285 runt,
616 4229 671 4272 et
695 4231 853 4289 egent
881 4223 1051 4292 gloria
1088 4224 1198 4296 (48)
1233 4227 1324 4281 Dei
1351 4228 1420 4286 ⁵⁵.
1454 4247 1473 4280 ι
1512 4230 1576 4283 Ει
1610 4231 1728 4286 ideo
1755 4233 1919 4286 etiam
1953 4235 2000 4288 si

437 4310 570 4364 Abel
619 4310 765 4365 illum
809 4313 1012 4382 justum
1063 4317 1283 4382 dixeris,
1335 4335 1440 4374 non
1498 4331 1679 4390 potest
1721 4326 1998 4379 excusari.

2122 1856 2242 1899 erat
2265 1845 2316 1898 in
2351 1845 2700 1913 generatione
2724 1860 2843 1909 sua,
2874 1864 2894 1897 ι
2922 1855 2979 1898 et
3007 1847 3136 1914 quia
3166 1864 3185 1897 ι
3217 1847 3403 1916 placuit
3423 1849 3584 1912 Deo“;i

2122 1936 2264 2005 quod
2297 1936 2486 2004 utique
2515 1935 2560 1989 si
2598 1934 2750 2004 prius
2798 1935 3115 2003 meruisset,
3148 1953 3406 2007 nunquam
3442 1939 3496 2001 ill,
3517 1941 3587 2006 opi-

2123 2043 2243 2093 nor,
2273 2026 2557 2096 Scriptura
2583 2025 2768 2081 divina
2797 2027 3055 2084 siluisset.
3117 2029 3226 2083 Sed
3262 2039 3313 2084 et
3337 2031 3376 2084 si
3395 2031 3490 2100 quis
3511 2032 3587 2085 velit

2122 2117 2264 2185 quod
2293 2116 2430 2172 bibit
2473 2117 2681 2181 vinum,
2721 2126 2778 2172 et
2815 2117 3112 2173 inebriatus
3159 2129 3246 2174 est
3283 2136 3341 2175 ae
3383 2124 3585 2175 nudatus“

2124 2217 2394 2276 reputare,
2425 2209 2662 2264 inveniet
2687 2225 2754 2265 ex
2789 2211 2873 2265 his
2901 2213 3160 2268 omnibus
3192 2228 3296 2267 non
3327 2215 3587 2266 immeritoab

2121 2299 2378 2368 Apostolo
2407 2302 2534 2367 dici,
2566 2321 2585 2355 ι
2618 2304 2672 2357 Ιιι
2697 2319 2804 2372 quo
2828 2319 3018 2359 omnes
3041 2316 3411 2374 peccaverunt,
3441 2306 3590 2358 Deliam-

2118 2389 2164 2443 si
2199 2391 2472 2460 evigilavit
2506 2391 2618 2446 Noe
2647 2408 2676 2446 a
2705 2393 2832 2448 vino
2869 2409 2991 2449 suo.
3019 2394 3162 2459 Quid
3210 2405 3382 2449 autem
3412 2395 3588 2448 dicamn

2117 2480 2186 2534 de
2214 2482 2484 2536 Abraham
2509 2483 2595 2537 cui
2623 2483 2858 2537 dicitur:
2899 2503 2920 2535 ι
2953 2485 3049 2539 Exi
3079 2486 3149 2540 de
3184 2495 3326 2558 terra,
3363 2495 3459 2546 tua,
3479 2494 3517 2537 et
3550 2485 3592 2548 de

2119 2574 2442 2640 cognatione
2494 2583 2608 2639 tua,
2651 2584 2707 2629 et
2753 2579 2820 2630 de
2847 2576 3006 2630 domo
3039 2578 3213 2643 patris
3248 2577 3319 2630 tui
3351 2575 3423 2628 “i
3450 2595 3465 2627 ι
3491 2574 3586 2640 Quod

2119 2663 2304 2730 utique
2331 2679 2434 2718 non
2459 2664 2749 2730 diceretur,
2779 2667 2825 2719 si
2855 2665 2908 2719 in
2945 2667 3107 2720 domo
3134 2668 3302 2736 patris
3321 2665 3417 2719 Deo
3445 2666 3585 2734 placere

2117 2753 2400 2824 potuisset.
2443 2753 2548 2808 Sed
2601 2771 2706 2809 non
2737 2770 2871 2825 opus
2895 2766 2979 2809 est
3008 2772 3132 2810 cum
3188 2756 3380 2827 ingenti
3425 2756 3585 2824 periurio

2117 2843 2170 2897 in
2199 2844 2281 2899 his
2311 2845 2550 2914 singulos
2577 2861 2821 2916 quosque
2843 2862 3169 2904 enumerare
3194 2858 3489 2910 sanctorum,
3510 2861 3585 2899 cum

2116 2931 2344 2988 solliciat
2369 2945 2426 2990 et
2453 2937 2693 3002 Apostoli
2740 2939 3006 2993 sententia
3040 2954 3162 3008 qua:
3215 2947 3423 2996 mortem
3444 2938 3536 2992 dicit
3554 2937 3582 2987 in

2116 3037 2305 3079 omnes
2348 3027 2591 3082 homines
2635 3030 3012 3097 pertransisse,
3061 3041 3117 3083 et
3170 3030 3312 3085 illius
3355 3029 3432 3099 qui
3457 3027 3582 3080 dixit:

2119 3135 2138 3168 ι
2179 3116 2347 3173 Nemo
2392 3119 2620 3175 mundus
2662 3135 2692 3174 a
2722 3121 2898 3187 sorde,
2929 3123 3139 3177 etiamsi
3199 3125 3349 3177 unius
3374 3119 3584 3177 dieiiuerit

2111 3210 2217 3262 vita
2249 3208 2363 3283 ejus
2391 3211 2457 3266 °’.
2492 3230 2512 3262 ι
2550 3211 2656 3266 Sed
2709 3213 2811 3267 ista
2840 3229 2989 3268 mors
3015 3215 3225 3282 peccati
3254 3229 3366 3283 qua:
3392 3214 3436 3266 in
3460 3223 3585 3266 omines

2113 3301 2444 3368 pertransiit,
2500 3317 2621 3356 cum
2666 3305 2906 3359 venisset
2945 3307 3011 3358 ad
3048 3303 3259 3372 Iesum,
3302 3315 3352 3360 et
3397 3311 3582 3359 tentasset

2111 3407 2233 3447 eum
2269 3393 2552 3463 perforare
2600 3395 2790 3450 aculeo
2831 3395 2965 3463 suo(
3001 3415 3018 3446 ι
3042 3396 3265 3451 aculeus
3304 3396 3428 3452 enim
3457 3395 3583 3448 monis

2110 3493 2387 3555 peccatum
2422 3496 2509 3540 est
2531 3485 2576 3516 “
2607 3481 2675 3552 ι)
2716 3486 2928 3557 repulsa
2977 3498 3060 3542 est
3112 3499 3171 3543 et
3223 3487 3471 3543 confracta
3496 3483 3582 3554 (Si).

2116 3596 2136 3628 ι
2174 3577 2292 3632 Vita
2331 3596 2350 3629 ι
2384 3579 2526 3632 enim
2571 3594 2591 3629 ι
2626 3588 2743 3632 erat
2770 3579 2838 3644 ",
2869 3597 2889 3632 ι
2925 3588 2981 3634 et
3028 3595 3174 3636 mors
3218 3579 3486 3635 necessario
3519 3591 3584 3627 et-

2112 3673 2507 3726 terminabatur
2535 3689 2563 3726 a
2596 3673 2744 3738 vita;
2776 3683 2831 3728 et
2860 3684 2983 3727 tunc
3017 3675 3082 3728 ad
3108 3690 3229 3729 eam
3259 3675 3464 3734 dicitur:
3487 3665 3583 3722 «Ubi

2106 3772 2214 3830 est,
2244 3777 2414 3830 mors,
2448 3764 2667 3820 aculeus
2717 3765 2876 3820 tuus?
2940 3767 3028 3820 ubi
3090 3776 3196 3834 est,
3235 3780 3391 3829 mors,
3425 3763 3582 3816 victoria

2109 3862 2198 3906 tua
2227 3855 2311 3908 “?
2351 3874 2369 3906 ι
2401 3857 2608 3912 idcirco
2645 3859 2788 3911 enim
2814 3859 2939 3928 quia
2970 3872 3161 3913 omnes
3191 3859 3402 3920 vicerat,
3446 3854 3513 3907 bic
3530 3849 3581 3901 di-

2105 3945 2247 3998 citur
2272 3945 2335 3998 ad
2361 3962 2480 4000 eam
2510 3965 2523 4001 :
2559 3963 2582 4000 ι
2619 3947 2718 4004 Ubi
2749 3958 2852 4014 est,
2890 3965 3060 4014 mors,
3090 3949 3314 4004 victoria
3341 3945 3449 4000 tua?
3476 3963 3490 3995 ι
3515 3941 3582 3994 Sed

2105 4046 2160 4089 et
2198 4041 2340 4106 quod
2372 4049 2653 4108 peccatum
2692 4041 2912 4110 quidem
2948 4056 3053 4096 non
3086 4041 3223 4096 dixit
3260 4043 3308 4096 in
3344 4051 3497 4094 omnes
3517 4035 3579 4086 lio-

2106 4131 2300 4196 mines,
2323 4135 2416 4188 sed
2444 4150 2463 4184 ι
2498 4134 2553 4188 in
2588 4136 2845 4189 mundum
2876 4153 2894 4187 ι
2929 4134 3186 4191 introisse
3217 4152 3230 4186 :
3264 4141 3462 4188 mortem
3498 4138 3582 4178 vero

2105 4238 2211 4278 non
2239 4225 2291 4282 in
2323 4225 2603 4290 n'nmdum,
2633 4227 2727 4280 sed
2763 4245 2783 4278 ι
2820 4226 2870 4280 ἰιι
2898 4243 3089 4282 omnes
3123 4226 3382 4288 homines,
3413 4241 3429 4275 ι
3455 4230 3578 4273 etno

2103 4314 2380 4380 introisse,
2416 4318 2509 4369 sed
2550 4318 2908 4386 pertransisse
2937 4333 2952 4372 :
2985 4333 3090 4370 non
3135 4329 3263 4386 puto
3289 4312 3414 4384 quod
3440 4310 3577 4364 frustra

442 4419 463 4452 ι
512 4402 714 4458 Omnes
764 4405 910 4459 enim
966 4419 1347 4475 peccaverunt,
1409 4430 1428 4464 ι
1472 4412 1582 4466 cur
1633 4415 1776 4468 enim
1819 4434 1838 4466 ι
1878 4426 2002 4485 post
2035 4421 2076 4475 ι)
2106 4404 2208 4458 hac
2253 4406 2568 4462 diversitate
2619 4423 2747 4462 usus
2795 4408 2866 4462 sit
2918 4407 3140 4463 Paulus.
3202 4407 3431 4460 Arbitror
3484 4393 3580 4466 illi"d

438 4494 553 4548 dies
584 4514 602 4546 ι
633 4497 848 4557 obtulit,
885 4508 940 4552 et
972 4508 1091 4568 post
1121 4499 1251 4554 Cain
1287 4502 1399 4572 (49)
1426 4503 1620 4559 obtulit
1663 4505 1900 4564 hostiam
1929 4523 1997 4564 ex

439 4587 809 4656 primogenilis
834 4589 900 4655 ⁸⁸,
924 4600 1105 4646 etnon
1146 4601 1270 4648 ante
1311 4593 1508 4662 ipsum,
1545 4604 1602 4649 et
1637 4611 1746 4650 non
1778 4597 1998 4652 statim?

437 4679 612 4732 Etiam
659 4681 703 4734 si
748 4680 894 4736 Enos
925 4682 1099 4751 dicas,
1134 4685 1225 4752 qui
1259 4703 1281 4737 ‹
1316 4688 1558 4754 speravit
1591 4689 1845 4744 invocare
1895 4705 1994 4744 no-

439 4785 562 4822 men
613 4769 822 4825 Domini
847 4771 914 4825 ⁵⁷.
954 4791 974 4824 ι
1009 4773 1116 4827 Cur
1152 4777 1412 4843 speravit,
1460 4786 1515 4830 et
1543 4792 1640 4829 cur
1675 4793 1779 4831 non
1812 4779 1994 4833 statim

2111 4513 2130 4544 c
2166 4498 2420 4550 mundum
2453 4517 2470 4550 ι
2510 4498 2599 4552 hic
2650 4512 2891 4553 terrenos
2929 4513 3199 4568 quosque,
3235 4509 3286 4553 et
3333 4499 3379 4550 in
3428 4499 3577 4546 terrem

2105 4589 2516 4643 conversatione
2559 4599 2937 4660 permanentes
2983 4592 3256 4660 designet;
3299 4607 3316 4637 ι
3345 4583 3573 4640 homines!

2105 4693 2232 4734 vero
2263 4695 2356 4738 eos
2383 4683 2531 4738 dicat
2571 4685 2662 4754 qui
2711 4683 2825 4751 jam
2861 4699 2922 4739 se
2978 4684 3240 4754 incipiant
3263 4675 3576 4750 agnoscere.“

2103 4775 2242 4828 scire
2268 4777 2409 4846 quod
2432 4778 2498 4830 ad
2525 4777 2812 4848 imaginem
2844 4776 2935 4831 Dei
2961 4776 3088 4831 facti
3117 4785 3261 4830 sunt.
3290 4776 3340 4829 ln
3373 4769 3470 4824 illos
3490 4772 3576 4828 ergo

506 4903 548 4933 ⁸⁷
583 4903 879 4978 Εωψθγι,
916 4904 1002 4959 12.
1077 4907 1122 4978 ξ’*
1147 4907 1342 4978 Ezech.
1380 4923 1569 4970 xxvm,
1602 4908 1686 4960 Π.
1762 4907 1814 4939 ’⁵⁸
1837 4907 1990 4964 Rom.

2121 4911 2196 4965 12.
2272 4913 2319 4944 ⁸ο
2363 4911 2640 4978 Galat.Vt,
2696 4915 2776 4966 14.
2853 4915 2897 4949 ⁵-ι
2948 4910 3394 4973 Ειροιι.ινιιι,ι.
3454 4902 3571 4978 "'5’:

434 4989 552 5037 LIII,
583 4977 636 5027 9.
708 4975 755 5006 ⁸³
781 4977 816 5028 ΙΙ
844 4977 968 5030 Cor.
995 4992 1048 5040 v,
1074 4977 1165 5032 21.

435 5129 525 5180 xv,
564 5113 654 5168 56.
729 5115 774 5146 ⁸⁸
818 5114 969 5172 Joan.
994 5130 1031 5180 ι,
1058 5117 1112 5170 4.
1187 5115 1277 5171 “l
1308 5117 1433 5173 Cor.
1461 5133 1549 5184 xv,
1573 5118 1663 5178 55,.

504 5233 614 5304 (46)
649 5233 739 5290 Sic
790 5231 1024 5302 potieres
1068 5250 1196 5289 mss.
1245 5235 1496 5293 Rabanus
1537 5251 1688 5302 vero,
1729 5256 1748 5292 (
1783 5239 1874 5299 vix
1923 5241 1990 5294 de

433 5303 658 5373 singulis
692 5307 804 5357 haec
843 5307 1228 5372 perstrinxisse
1270 5307 1631 5362 sermonibus.
1687 5326 1704 5358 ι
1753 5310 1890 5363 Editi
1936 5321 1990 5364 et

436 5391 535 5426 ms.
566 5390 723 5435 unus,
759 5393 777 5425 c
818 5377 901 5426 vix
931 5375 1162 5443 singulis
1192 5377 1303 5432 haec
1330 5378 1686 5442 pertransisse
1728 5382 1989 5433 sermoni-

433 5443 552 5518 bus.
589 5443 693 5518 Per
721 5459 895 5518 unum
922 5445 1212 5503 hominem.
1255 5464 1273 5494 ›
1299 5457 1430 5509 etc.,
1476 5447 1678 5518 omisso
1714 5467 1732 5498 ι
1780 5465 1930 5518 ergo.
1966 5467 1984 5499 ι

434 5515 522 5592 qni
557 5529 654 5568 nec
682 5514 734 5566 in
765 5514 1038 5585 plerisque
1067 5530 1167 5568 ms.
1217 5530 1315 5569 nec
1346 5517 1486 5584 apud
1521 5517 1802 5574 liabanum
1835 5514 1988 5594 ἔρρυ-

439 5594 589 5633 ιιιιιτ.

505 5651 616 5716 (47)
699 5648 814 5705 Est.
871 5655 930 5709 in
998 5653 1472 5708 editisomittitur.

507 5719 616 5778 (iis)
645 5720 786 5776 Editi
817 5731 872 5778 et
898 5739 1026 5778 mss.
1063 5723 1322 5788 plerique,
1353 5742 1371 5775 ‹
1409 5724 1603 5792 gratia,
1639 5742 1663 5776 ι
1691 5723 1848 5780 male.

1245 4978 1290 5009 “
1309 4977 1466 5032 Joau.
1502 4994 1558 5042 Χ,
1595 4978 1681 5032 18.
1758 4978 1804 5010 ⁵⁸
1835 4979 1990 5033 ltmn.

2139 4982 2228 5041 23,
2304 4984 2351 5014 ⁵³
2373 4983 2504 5037 Gen.
2538 4993 2606 5042 IV,
2627 4970 2698 5047 '5,
2723 4984 2777 5036 4.
2853 4984 2897 5015 ⁵⁷
2925 4986 3052 5038 ἰὺίιΙ.
3078 4985 3165 5038 26.
3241 4985 3283 5014 ⁵⁸
3306 4970 3426 5036 δεη·
3450 4970 3570 5047 in?"

435 5045 479 5076 ’9
538 5044 666 5118 ibid.
727 5045 844 5118 2_4;_
892 5044 1052 5100 Hebr.
1073 5063 1166 5118 7x1,
1191 5047 1274 5118 5._
1321 5047 1366 5118 9°
1393 5047 1529 5103 Gen.
1557 5063 1632 5108 vi,
1662 5047 1714 5113 8,
1745 5048 1797 5102 9.
1876 5050 1918 5081 ⁶¹
1944 5047 2080 5104 Gen.
2111 5067 2184 5118 ix,
2211 5054 2298 5108 “2i.

2377 5055 2419 5084 ⁶²
2443 5053 2577 5108 Gen.
2609 5042 2706 5117 xu,
2740 5055 2791 5108 i.
2865 5055 2909 5085 ⁵³
2933 5055 3036 5108 Job
3060 5070 3170 5119 xtv,
3194 5055 3247 5118 4,
3278 5052 3326 5106 5.
3393 5042 3568 5098 “Ilior-

2170 5238 2281 5312 (ρθ)
2315 5239 2475 5312 Editi,
2513 5257 2532 5288 ι
2569 5249 2620 5292 et
2655 5239 2804 5308 prius
2832 5238 3038 5312 Cain.)
3260 5307 3271 5312 _
3445 5297 3475 5312 ,Δ
3509 5292 3518 5312 ε

2169 5305 2282 5379 (50)
2309 5311 2405 5362 Ms.
2433 5326 2592 5371 unus,
2635 5305 2669 5383 «ζ
2689 5312 2781 5362 sed
2812 5311 2910 5383 vix
2945 5309 3126 5379 aliquo
3156 5307 3306 5361 modo
3337 5305 3490 5383 sensit.
3509 5308 3565 5383 ut:

2097 5373 2544 5435 tra're'mortem.
2585 5397 2604 5431 ι
2631 5379 2823 5434 Caneri
2856 5394 2987 5434 vero
3034 5373 3171 5434 iuss.
3211 5390 3263 5431 et
3300 5373 3410 5430 editi
3449 5373 3492 5418 ul
3530 5373 3565 5410 ιη

2097 5461 2288 5504 ῐιοςιιό
2320 5459 2492 5502 ιειιιι.

2169 5520 2278 5590 (51)
2298 5519 2396 5590 Ms.
2420 5534 2578 5582 unus,
2599 5519 3069 5590 «quingentesimo
3090 5517 3288 5570 decimo
3304 5523 3441 5568 anno,
3457 5520 3472 5554 ι
3488 5510 3562 5590 leto

2166 5574 2278 5660 (‘523
2314 5589 2384 5660 Ita
2423 5574 2577 5644 mss:
2619 5574 2967 5649 Eilitivvero,
3023 5601 3318 5655 perperam,
3343 5598 3359 5631 ι
3401 5574 3559 5630 aculeus

2097 5659 2206 5719 tum
2235 5659 2420 5717 mortis
2450 5660 2694 5729 repulsus
2722 5670 2803 5714 cst
2829 5670 2880 5714 ct
2911 5662 3236 5713 confractus.
3271 5673 3287 5706 ι
