3684 6148
109 242 274 300 tors
1088 201 1442 302 conus“.
1485 245 1552 301 IN
1593 246 1811 303 EPIST.
1837 247 1938 303 'AD
1973 244 2143 305 nos].
2186 245 2316 303 LIB.
2355 245 2420 302 v.
3258 250 3396 306 ton

105 360 216 425 qui
245 357 490 413 mundus
520 357 882 428 appellantur,
913 359 966 414 id
989 357 1156 432 5‘8
1177 371 1282 426 est,
1305 370 1548 418 terrenos
1570 363 1706 432 (53),
1738 371 1786 429 Α
1821 366 1946 420 terit
1971 377 2187 421 sensus.
2226 361 2332 418 Sed
2366 370 2421 418 et
2444 359 2573 416 illud
2606 376 2750 433 saepe
2765 361 2878 432 jam
2915 363 3177 432 diximus,
3209 366 3263 421 in
3293 371 3393 424 hac

109 452 370 506 intrasse
415 452 548 507 dicit
574 461 878 520 peccatum,
925 461 980 507 et
1031 469 1300 523 nusquam
1353 454 1470 524 ejus
1504 459 1709 514 exitum
1812 458 2054 528 Epistola
2085 455 2315 513 Paulum
2339 455 2409 509 de
2437 454 2619 510 multis
2659 457 2878 526 quidem
2925 457 3161 528 legibus,
3197 461 3289 515 sed
3327 467 3393 517 de
3427 468 3431 470 ’

105 545 312 613 ponit.
335 543 389 597 lu
420 559 516 599 eos
541 559 670 600 vero
699 560 836 615 quos
860 545 970 613 jam
1015 546 1265 603 homines
1292 549 1406 603 vult
1454 550 1706 620 intelligi,
1809 549 2045 604 naturali
2073 550 2188 620 lege
2222 545 2566 616 frequentius
2610 547 2905 616 disputare,
2937 550 3082 618 quod
3124 558 3178 604 et
3206 551 3256 604 in
3290 552 3392 607 hoc

108 637 257 691 dicit
290 639 655 707 pertransisse
687 648 992 708 peccatum,
1031 640 1086 693 id
1121 649 1206 694 est
1250 639 1418 697 fuisse
1459 644 1706 712 quidem,
1810 642 1931 696 loco
1959 642 2229 712 praecipue
2261 637 2704 706 deprehenditur.
2735 638 2917 709 Usque
2943 641 3008 694 ad
3034 641 3204 710 legem
3243 643 3387 697 enim

107 731 213 784 sed
257 745 360 799 per
404 730 780 800 paenitentiam
831 733 1212 788 conversionis
1261 734 1378 804 (54)
1422 737 1706 804 depulsum
1810 731 2114 787 naturalem
2138 742 2424 802 peccatum
2458 740 2732 784 mortuum
2763 741 2846 786 est
2873 732 3008 803 (58).
3054 733 3194 802 Ergo
3233 744 3389 789 certo

106 834 268 884 esse,
298 830 355 875 et
384 822 768 890 pertransisse,
801 837 904 886 nec
934 823 1076 878 ultra
1103 825 1154 878 in
1179 824 1260 880 eis
1290 826 1528 882 stetisse.
1555 825 1709 883 Unde

110 920 377 981 apparet,
423 913 474 966 in
505 911 733 968 Litteris
768 913 918 969 Pauli
973 930 1040 971 ne
1073 931 1236 970 unam
1280 917 1498 986 quidem
1539 918 1705 991 sylla-

109 1003 247 1057 bam
284 1017 512 1058 vacuam
561 1005 753 1060 sentiri
808 1003 1011 1062 debere
1061 1009 1356 1078 mysteriis.
1416 1009 1706 1068 Videamus

107 1109 268 1149 nunc
295 1096 570 1165 quomodo
595 1097 798 1152 dictum
832 1107 917 1154 est
943 1116 957 1152 :
997 1119 1016 1152 ι
1052 1099 1237 1170 Usque
1258 1103 1327 1156 ad
1357 1102 1528 1172 legem
1557 1103 1704 1158 enim

105 1195 410 1256 peccatum
441 1188 496 1242 in
524 1190 627 1244 hoc
661 1190 891 1255 mundo;
923 1201 1209 1261 peccatum
1239 1203 1422 1248 autem
1453 1210 1560 1250 non
1598 1196 1703 1250 im-

107 1286 364 1346 putatur,
395 1294 516 1333 cum
540 1278 625 1334 lex
652 1295 758 1335 non
784 1292 889 1336 est.
925 1301 946 1333 ι
986 1281 1101 1337 Ηοε
1145 1284 1197 1338 in
1244 1284 1364 1340 loco
1406 1286 1701 1340 secundum

102 1384 236 1424 eam
269 1370 685 1427 similitudinem
715 1387 884 1444 quam
935 1389 1099 1445 supra
1145 1376 1516 1445 exposuimus,
1555 1378 1704 1432 vide-

109 1473 202 1516 tur
235 1461 374 1516 mihi
425 1462 625 1518 Paulus
667 1479 762 1533 per
793 1465 959 1520 alium
1018 1466 1222 1520 aditum
1275 1467 1590 1537 ingressus,
1649 1479 1704 1524 et

107 1568 209 1622 per
237 1553 411 1607 alium
456 1568 728 1624 egressus.
780 1555 916 1624 Quis
972 1557 1119 1612 enim
1148 1572 1274 1613 eum
1325 1568 1506 1629 potest
1547 1561 1700 1630 sequi

108 1659 209 1712 per
250 1644 418 1698 istum
447 1646 656 1700 aditum
701 1662 811 1716 quo
841 1648 1088 1718 pluribus
1121 1649 1338 1704 videtur
1391 1652 1698 1720 ingressus,

1806 822 1986 878 aetatis
2023 832 2262 892 tempore
2292 821 2386 879 ubi
2436 821 2662 877 rationis
2701 836 2872 892 capax
2901 839 3021 878 esse
3052 825 3175 896 quis
3203 840 3387 896 crepe-

1809 916 1900 981 rit,
1923 924 1980 969 et
2006 914 2138 982 justi
2162 916 2482 986 injustique,
2514 912 2654 982 aequi
2684 923 2740 967 et
2764 913 2931 983 iniqui
2969 915 3170 971 habere
3193 916 3387 972 discri-

1809 1021 1954 1073 men,
1987 1014 2116 1061 tunc
2170 1017 2476 1077 peccatum,
2515 1006 2660 1075 quod
2709 1006 2859 1076 prius
2915 1008 3055 1061 intra
3110 1008 3383 1064 hominem

1805 1099 1955 1154 velut
1990 1109 2260 1154 mortuum
2294 1099 2624 1162 habebatur,
2661 1099 2987 1154 reviviscere
3021 1100 3239 1169 dicitur,
3281 1117 3384 1170 pro

1806 1205 1872 1244 eo
1906 1191 2052 1260 quod
2082 1201 2166 1267 est
2191 1191 2300 1260 jam
2341 1191 2680 1247 intrinsecus
2704 1191 2790 1246 lex
2823 1206 2946 1259 qua:
2971 1201 3135 1256 vetet,
3157 1203 3214 1246 et
3239 1195 3382 1250 ratio

1805 1298 1926 1352 qua:
1956 1286 2208 1340 ostendat
2233 1300 2340 1339 non
2366 1299 2486 1340 esse
2509 1283 2820 1340 iaciendum
2849 1283 2984 1355 (59).
3015 1282 3123 1340 Sed
3147 1295 3206 1339 ut
3225 1300 3382 1357 aper-

1804 1377 1914 1432 tius
1964 1377 2300 1448 intelligatur
2342 1378 2488 1446 quod
2528 1378 2801 1439 dicimus,
2856 1375 3097 1431 evidenti
3159 1387 3380 1433 utamur

1801 1469 2074 1540 exemplo.
2106 1471 2376 1540 Scriptum
2404 1478 2531 1525 est:
2570 1488 2589 1522 ι
2621 1467 2724 1537 Qui
2777 1468 3100 1532 percusserit
3144 1477 3374 1537 patrem,

1803 1561 1886 1616 vel
1914 1571 2168 1627 matrem,
2203 1570 2378 1618 morte
2406 1562 2676 1617 moriatur
2703 1562 2784 1627 7';
2825 1577 2846 1612 ι
2878 1567 2972 1614 et:
3011 1579 3030 1610 ‹
3065 1559 3167 1627 Qui
3205 1559 3374 1616 male-

1799 1653 2000 1709 dixerit
2027 1653 2190 1723 patri,
2215 1663 2310 1708 aut
2344 1656 2533 1719 matri,
2563 1663 2740 1709 morte
2777 1650 3046 1708 moriatur
3076 1652 3144 1706 “.
3183 1671 3203 1704 ι
3235 1652 3377 1707 Puer

105 1747 162 1788 ut
191 1735 261 1790 de
309 1735 428 1807 lege
469 1737 640 1810 Moysi
689 1740 879 1796 dicere
931 1741 1266 1810 intelligatur
1304 1743 1429 1812 quia
1463 1763 1483 1796 ι
1525 1761 1698 1816 usque
1727 1731 1770 1790 Β
1797 1761 1928 1818 ergo
1954 1747 2210 1816 parvulus
2243 1757 2481 1816 quatuor
2513 1747 2629 1803 fere
2668 1757 2764 1802 aut
2814 1749 3059 1817 quinque
3099 1760 3371 1801 annorum

107 1828 176 1878 ad
207 1827 388 1897 legem
418 1839 698 1897 peccatum
723 1831 776 1885 in
807 1831 909 1887 hoc
936 1834 1140 1887 mundo
1167 1851 1180 1888 :
1210 1846 1493 1904 peccatum
1511 1847 1692 1894 autem

109 1934 217 1972 non
248 1919 575 1990 imputatur,
603 1937 728 1978 cum
768 1923 853 1979 lex
899 1926 1154 1980 nonest?
1193 1946 1212 1979 ι
1243 1928 1398 1996 quasi
1438 1937 1569 1985 ante
1611 1929 1692 1984 le-

106 2025 229 2080 gem
259 2022 543 2080 peccatum
575 2030 680 2071 non
707 2014 894 2082 luerit,
923 2027 977 2072 et
1011 2033 1170 2073 nemo
1212 2021 1541 2088 peccaverit,
1591 2035 1692 2076 nec

109 2111 423 2171 reputatum
463 2105 628 2162 fuerit
657 2108 748 2163 ulli
788 2119 1067 2178 peccatum
1109 2110 1222 2183 (55)
1272 2122 1563 2184 antequam
1602 2116 1691 2171 lex

108 2191 279 2265 Iloysi
326 2196 568 2262 daretur,
602 2213 727 2254 cum
779 2201 1021 2271 legamus
1055 2211 1110 2258 et
1155 2203 1325 2269 Cain,
1360 2215 1414 2260 et
1447 2205 1688 2264 Lamecli

106 2297 423 2353 reputatum
451 2303 574 2345 esse
603 2301 904 2359 peccatum,
933 2302 990 2347 et
1023 2295 1114 2366 (ne
1147 2311 1246 2365 per
1294 2297 1538 2369 singulos
1583 2301 1689 2354 im-

107 2379 408 2451 morcmur)
455 2382 508 2435 in
560 2390 768 2438 tantum
832 2401 930 2455 pro
986 2390 1225 2454 peccatis
1271 2389 1550 2445 hominum
1593 2407 1691 2448 ex-

107 2471 431 2526 acerbatum
458 2487 580 2528 esse
607 2475 796 2537 Deum,
828 2485 890 2530 ut
919 2477 1176 2532 diluvium
1202 2481 1406 2536 mundo
1438 2482 1687 2538 introdu-

106 2571 276 2627 ceret,
321 2572 382 2618 et
423 2564 671 2620 diceret:
723 2587 742 2620 ι
777 2567 979 2624 Deleho
1033 2586 1249 2626 omnem
1293 2588 1513 2629 carnem
1567 2589 1688 2644 quae

103 2669 266 2724 super
299 2666 506 2712 terram
537 2669 625 2715 est
647 2659 726 2727 '7;
765 2679 784 2712 ι
819 2672 875 2715 ει
901 2677 1119 2717 rursum
1149 2664 1464 2722 Sodomitas
1493 2667 1685 2738 igneus

106 2749 278 2802 imber
299 2759 359 2804 et
388 2750 682 2821 sulphurea
712 2752 926 2806 ﬂamma
955 2755 1256 2811 vastaverit
1281 2756 1349 2812 ".
1401 2756 1686 2824 Quomodo

105 2856 231 2909 ergo
270 2843 324 2896 in
374 2843 480 2909 his,
509 2845 593 2900 vel
632 2846 685 2901 in
737 2847 1107 2917 hujuscemodi
1141 2851 1254 2921 (56)
1297 2854 1537 2922 peccatis
1577 2855 1681 2911 dici

106 2943 277 2999 potest
307 2951 420 2991 non
457 2935 627 2995 fuisse
657 2952 960 3010 peccatum,
994 2944 1079 2998 vel
1108 2945 1159 2997 in
1198 2945 1453 2999 vindictis
1484 2947 1683 3004 talibus

107 3029 389 3098 negabitur
445 3041 752 3100 reputatum
799 3047 924 3089 esse
967 3037 1284 3104 peccatum?
1349 3037 1413 3092 Et
1446 3038 1564 3093 ideo
1589 3055 1681 3093 oc-
1707 3072 1752 3130 ς

109 3119 331 3176 cultiore
353 3121 506 3176 aditu
531 3123 804 3195 digressus
835 3125 989 3180 nobis
1029 3127 1383 3196 requirendus
1411 3141 1496 3184 est
1522 3130 1676 3187 Pauli

109 3211 158 3265 in
186 3228 248 3268 eo
286 3217 434 3284 quod
462 3215 613 3281 dicit,
658 3235 678 3268 ι
718 3216 900 3287 Usque
923 3219 990 3274 ad
1019 3219 1191 3291 legem
1223 3222 1366 3277 enim
1393 3235 1675 3292 peccatum

111 3305 162 3360 in
207 3307 306 3362 hoc
338 3311 591 3368 mundo:
633 3323 912 3382 peccatum
968 3325 1146 3370 autem
1205 3332 1309 3372 non
1357 3317 1674 3386 imputatur,

108 3417 224 3456 cum
247 3402 328 3456 lex
356 3419 464 3458 non
492 3414 596 3460 εει.
635 3425 654 3459 ι
681 3405 990 3463 Invenimus
1015 3423 1142 3463 eum
1175 3420 1233 3465 et
1261 3411 1312 3465 in
1348 3410 1460 3483 (57)
1493 3422 1676 3482 poste-

100 3490 338 3548 ‘riorihus
364 3493 528 3562 hujus
563 3495 818 3566 Epistulae
845 3498 1114 3553 dicentem
1149 3501 1254 3556 hoc
1282 3504 1474 3558 modo:
1499 3521 1519 3554 ι
1545 3504 1678 3558 Sine

108 3582 221 3652 lege
242 3586 387 3642 enim
426 3599 706 3656 peccaturo
737 3600 1007 3644 mortuum
1041 3602 1202 3646 erat:
1232 3608 1334 3664 ego
1368 3603 1550 3650 autem
1589 3596 1673 3649 vi-

109 3677 294 3732 vebam
319 3684 442 3735 sine
469 3680 586 3751 lege
621 3681 914 3752 aliquando
949 3684 1015 3740 “.
1057 3703 1076 3736 ι
1113 3684 1170 3738 In
1215 3701 1322 3756 quo
1358 3703 1496 3744 unus
1539 3690 1674 3745 mihi

111 3778 264 3836 atque
289 3771 434 3826 idem
460 3787 652 3828 sensus
681 3773 898 3828 videtur
925 3777 1211 3847 utriusque
1229 3779 1477 3848 capituli.
1517 3781 1673 3846 Quod

110 3861 244 3914 enim
276 3863 362 3918 hic
387 3864 578 3919 deerat
607 3865 662 3919 in
683 3880 956 3932 sermone,
983 3867 1054 3922 ibi
1083 3868 1417 3938 adimplevit.
1437 3884 1457 3918 ι
1491 3868 1675 3943 Usque

113 3951 174 4004 ad
219 3951 386 4022 legem
437 3954 580 4008 enim
631 3963 909 4024 peccatum
950 3955 1004 4010 in
1043 3956 1145 4010 hoc
1195 3958 1416 4023 mundo,
1463 3978 1484 4012 ι
1521 3960 1675 4014 deest

118 4060 135 4092 ι
178 4055 469 4112 mortuum,
516 4064 536 4097 ι
580 4046 723 4114 quod
785 4047 859 4101 ibi
901 4046 1208 4104 evidentius
1260 4051 1550 4119 expressit.
1613 4051 1672 4107 Si

111 4148 233 4202 ergo
266 4136 428 4190 etiam
459 4136 546 4191 hic
568 4137 863 4206 jungamus
895 4137 1061 4192 istum
1088 4155 1418 4204 sermonem,
1441 4149 1497 4195 et
1523 4139 1673 4196 dica-

112 4239 259 4280 tuus:
292 4246 310 4279 ι
352 4227 536 4298 Usque
557 4228 622 4283 ad
654 4229 827 4300 legem
853 4230 996 4286 enim
1028 4242 1308 4300 peccatum
1341 4242 1459 4288 erat
1485 4234 1538 4288 in
1569 4234 1673 4291 hoc

115 4317 304 4373 mundo
336 4339 356 4372 ι
392 4329 663 4376 mortuum
691 4338 705 4374 :
740 4341 759 4373 ι
785 4331 1064 4392 peccatum
1097 4332 1274 4379 autem
1299 4340 1406 4380 non
1437 4325 1672 4396 imputa-

1795 1838 1863 1902 si,
1923 1847 1986 1892 ut
2016 1839 2132 1894 fieri
2176 1838 2336 1903 solet,
2382 1839 2688 1908 indignatus
2749 1841 2900 1909 virga
2955 1838 3228 1908 percutiat
3256 1837 3370 1908 (60)

1792 1938 2005 1998 patrem
2025 1940 2122 1985 aut
2147 1940 2399 1997 matrem,
2428 1939 2693 2000 quantum
2746 1930 2812 1982 ad
2844 1936 3176 1998 pneceptum
3219 1942 3367 1984 mane

1793 2022 1905 2078 dati
1939 2032 2148 2093 spectat
2178 2022 2598 2080 mortemdebet
2623 2020 2759 2092 (61).
2796 2020 2902 2075 Sed
2927 2021 3052 2090 quia
3079 2020 3169 2075 lex
3197 2019 3248 2072 in
3279 2019 3370 2073 illo

1793 2113 2034 2167 nondum
2057 2122 2143 2168 est
2175 2111 2464 2174 naturalis,
2498 2124 2618 2180 qua
2648 2125 2775 2166 eum
2805 2109 3001 2179 doceat
3034 2125 3142 2166 non
3168 2110 3368 2166 debere

1793 2202 2047 2272 injuriam
2097 2202 2282 2257 facere
2333 2201 2476 2273 patri
2519 2210 2614 2255 aut
2663 2201 2848 2268 matri,
2875 2215 2976 2256 nec
3017 2202 3122 2257 scit
3163 2203 3216 2256 in
3263 2201 3368 2257 hoc

1789 2297 1996 2350 crimen
2028 2295 2325 2366 impietatis
2353 2295 2566 2350 admitti
2593 2296 2709 2368 (62)
2745 2312 2759 2346 :
2789 2304 2875 2350 est
2902 2295 3122 2364 quidem
3151 2293 3367 2364 species

1789 2389 2002 2458 peccati
2048 2389 2192 2458 quod
2240 2387 2402 2455 facit;
2450 2388 2576 2456 quia
2609 2389 2847 2458 percutit
2874 2397 3086 2457 patrem
3134 2387 3216 2442 vel
3248 2403 3364 2441 ma-

1791 2490 1952 2545 trem,
1989 2489 2084 2533 aut
2126 2478 2403 2534 maledicit
2444 2479 2590 2550 (65);
2639 2481 2732 2534 sed
2766 2489 3040 2535 mortuum
3094 2488 3179 2534 est
3217 2479 3362 2534 ineo

1787 2581 2094 2640 peccatum,
2121 2571 2249 2640 quia
2275 2586 2376 2642 per
2399 2571 2704 2626 absentiam
2739 2570 3006 2625 naturalis
3030 2570 3190 2641 legis,
3236 2586 3363 2641 quae

1787 2663 1842 2718 in
1873 2679 1940 2719 eo
1967 2666 2204 2720 nondum
2243 2672 2353 2728 est,
2382 2673 2664 2733 peccatum
2695 2665 2745 2718 ei
2791 2679 2899 2718 non
2929 2673 3110 2734 potest
3136 2675 3359 2734 reputa-

1787 2757 1855 2812 ri.
1887 2755 2136 2812 Nondum
2173 2765 2259 2813 est
2297 2757 2443 2812 enim
2483 2757 2626 2811 intra
2667 2772 2794 2811 eum
2846 2757 2988 2812 ratio
3031 2765 3206 2821 tanta,
3237 2773 3359 2828 qua:

1785 2865 1908 2904 eum
1957 2850 2150 2906 doceat
2185 2851 2287 2905 hoc
2320 2850 2465 2918 quod
2500 2848 2653 2914 facit,
2696 2849 2814 2903 lleri
2859 2865 2966 2904 non
3013 2849 3256 2904 debere:
3300 2858 3360 2905 et

1785 2938 1907 2992 ideo
1933 2939 2098 2994 etiam
2126 2955 2152 2992 a
2190 2939 2507 3006 parentibus
2552 2955 2660 2994 non
2704 2939 2878 2992 solum
2933 2955 3038 2994 non
3074 2951 3356 3009 reputatur

1783 3033 1855 3086 ad
1887 3031 2124 3103 culpam,
2151 3032 2248 3087 sed
2285 3033 2354 3086 ad
2384 3031 2613 3103 gratiam
2644 3031 3152 3102 jucunditatemque
3177 3033 3356 3088 susci-

1784 3125 1948 3196 pitur.
1984 3125 2049 3179 Et
2088 3126 2191 3180 hoc
2218 3125 2378 3179 modo
2403 3134 2827 3194 consequenter,
2858 3134 2920 3178 ut
2959 3139 3062 3194 ego
3088 3125 3354 3193 arbitror,

1786 3215 2007 3286 intelligi
2056 3224 2236 3284 potest
2274 3218 2422 3284 quod
2461 3215 2754 3286 Apostolus
2787 3217 2964 3270 dicit:
3001 3233 3021 3266 ι
3063 3213 3244 3285 Usque
3284 3217 3356 3270 ad

1785 3309 1954 3378 legem
1987 3310 2132 3364 enim
2187 3319 2463 3379 peccatum
2505 3309 2560 3362 in
2603 3309 2708 3364 hoc
2750 3307 2974 3372 mundo.
3013 3327 3035 3360 ›
3065 3318 3124 3364 ιιι
3151 3309 3355 3364 subau-

1783 3402 1986 3466 diatur,
2031 3413 2326 3456 mortuum.
2365 3419 2386 3453 ι
2421 3399 2706 3456 Peccatum
2733 3409 2915 3455 autem
2953 3414 3062 3454 non
3119 3401 3358 3470 imputa-

1786 3501 1895 3557 tur,
1932 3508 2058 3547 cum
2107 3494 2190 3548 lex
2225 3509 2332 3547 non
2375 3503 2480 3548 est.
2515 3511 2535 3544 ι
2559 3491 2822 3546 Convenit
2862 3491 3008 3545 enim
3053 3491 3354 3546 secundum

1784 3583 1925 3639 hanc
1979 3584 2379 3654 expositionem
2419 3585 2583 3638 etiam
2626 3582 2758 3638 illud
2797 3583 3024 3648 intelligi
3075 3583 3187 3655 (6i)
3209 3584 3354 3654 quod

1782 3676 1915 3730 dicit
1953 3675 2291 3745 Apostolus:
2339 3696 2358 3729 ι
2390 3675 2504 3746 Ego
2539 3683 2721 3731 autem
2769 3676 3018 3730 vivebam
3066 3678 3186 3731 sine
3236 3676 3356 3746 lege

1782 3768 2074 3838 aliquando
2104 3771 2171 3824 ⁷³.
2211 3789 2231 3822 ι
2289 3769 2424 3823 Nam
2482 3768 2755 3839 quomodo
2811 3767 3009 3822 Paulus
3061 3767 3181 3823 sine
3231 3768 3353 3839 lege

1781 3857 1952 3928 Moysi
1977 3859 2251 3913 invenitur
2289 3857 2581 3927 aliquando
2618 3858 2844 3923 vixisse,
2884 3872 3008 3913 cum
3045 3859 3161 3928 ipse
3195 3860 3262 3914 de
3293 3874 3356 3914 se

1780 3951 1928 4005 dicat
1954 3950 2002 3983 ⁷⁸
2033 3951 2160 4022 quia
2216 3948 2475 4005 Hebraeus
2522 3948 2879 4006 exliebneis
2925 3951 3017 4014 sit,
3068 3960 3126 4004 ct
3154 3961 3352 4005 octava

1779 4043 1870 4099 die
1917 4041 2280 4097 circumcisus
2331 4040 2516 4096 statim
2541 4056 2570 4094 a
2599 4039 2885 4094 nativitate
2918 4041 2970 4094 in
3007 4040 3173 4112 Moysi
3217 4042 3352 4112 legis

1777 4136 2122 4192 observantia
2175 4134 2368 4189 fuerit?
2435 4131 2544 4188 Sed
2600 4141 2815 4188 constat
2857 4146 2980 4186 eum
3035 4133 3350 4202 aliquando,

1778 4231 1883 4286 hoc
1911 4237 1994 4284 est
2028 4229 2082 4283 iu
2112 4227 2304 4297 puerili
2350 4234 2526 4292 aetate,
2583 4234 2874 4293 antequam
2918 4225 3147 4282 rationis
3179 4242 3352 4295 capax

1780 4321 1955 4387 ﬁeret,
1981 4321 2098 4375 sine
2127 4317 2362 4372 naturali
2385 4317 2502 4388 lege
2527 4317 2750 4372 vixisse.
2775 4315 3023 4371 Nondum
3049 4319 3194 4373 enim
3217 4319 3268 4373 ei
3297 4321 3350 4373 in

115 4415 216 4472 tur,
247 4426 365 4466 cum
400 4412 485 4466 lex
515 4427 620 4467 non
648 4424 752 4476 est,
793 4433 813 4465 ι
843 4413 964 4467 vide
987 4414 1115 4483 quia
1147 4414 1360 4484 integre
1394 4425 1542 4472 stare
1574 4434 1672 4488 po-
1701 4434 1746 4490 ι)
1779 4413 1865 4467 illa
1883 4420 2042 4466 aetate
2064 4411 2244 4466 inerat
2263 4409 2398 4478 justi
2429 4408 2728 4477 injustique
2759 4408 3060 4475 distinctio,
3090 4423 3193 4464 nec
3213 4412 3350 4466 recti

177 4520 218 4592 ‘_'
240 4520 371 4577 Gen.
400 4540 475 4589 vi,
509 4525 562 4578 7.
601 4540 607 4545 ·
638 4526 684 4556 ⁸⁸
708 4526 846 4582 Gen.
883 4543 998 4592 xix,
1030 4527 1124 4583 24.

112 4587 154 4618 ’³
184 4589 370 4663 Philip.
406 4587 488 4660 nt,
511 4595 566 4651 5.

180 4708 289 4780 (55)
316 4715 484 4780 Alias,
517 4733 536 4766 ι
583 4717 806 4772 terreni.
843 4735 862 4768 ι

311 4779 479 4861 A_lias,
516 4808 535 4840 ι
567 4786 1026 4850 conversationis,
1063 4783 1280 4861 i_male.

181 4849 479 4929 (55')_E_diti.
524 4879 544 4911 ι
579 4873 680 4929 nec
727 4849 1034 4926 reputatum
1085 4856 1182 4929 [ιιι.
1207 4897 1224 4923 ,
1257 4873 1277 4908 ι
1316 4870 1419 4911 nec
1477 4871 1669 4926 pecca-

121 4924 310 4998 tunti']
345 4927 505 4998 fuerit
537 4928 612 4984 illi
648 4924 952 4998 peccatum.
987 4947 1005 4979 ι

184 4993 492 5070 (56)ξΑΙίιιε,
521 5019 538 5052 ι
572 4993 855 5070 Quomodo
879 5013 1008 5069 ergo
1037 4997 1117 5054 vel
1138 4998 1191 5053 in
1214 4998 1612 5070 hujuscemodi,
1643 5017 1662 5050 ι

117 5066 468 5136 ειε.,ᾲςιιιεσιιιε
496 5089 514 5121 ι
545 5070 625 5124 vel
655 5071 707 5122 in
734 5069 842 5125 his.
879 5085 899 5119 ι

183 5133 288 5207 (ξῖ)
323 5133 483 5207 Editi,
519 5160 538 5192 ι
574 5140 919 5194 Inveniemus
946 5153 1070 5192 eum
1104 5139 1182 5207 in,
1225 5158 1243 5191 ›
1273 5147 1386 5195 etc.

185 5204 289 5280 (58)
320 5206 409 5263 Sic
439 5221 583 5266 recte
627 5226 731 5263 ms.
764 5224 903 5262 unus
935 5209 1135 5280 Regius
1168 5204 1325 5264 num.
1369 5209 1528 5265 1659.
1554 5209 1670 5264 Cu:-

123 5273 212 5352 leri
242 5273 366 5330 vero
389 5294 515 5336 mss.
545 5290 601 5336 et
630 5280 783 5346 editi,
809 5273 1116 5349 perperam,
1146 5297 1166 5331 ‹
1208 5295 1378 5349 usque
1402 5283 1469 5336 ad
1491 5281 1667 5349 legem

124 5352 594 5422 coturnatnralem,
621 5365 740 5422 qua
771 5359 923 5404 certo
968 5352 1446 5422 aztatisrtempore,
1505 5370 1523 5402 ι
1559 5361 1668 5405 ειε.

189 5411 290 5490 (5_9)
315 5415 402 5474 Sic
433 5411 620 5476 omnes
639 5411 776 5475 mss.
808 5421 1002 5474 nostri.
1032 5419 1175 5474 Editi
1204 5411 1355 5485 vero,
1397 5411 1555 5490 (pro
1597 5435 1664 5474 eo

124 5484 250 5561 «illud
275 5484 356 5540 est
376 5505 494 5545 cum
518 5493 848 5547 intrinsecus
870 5491 956 5546 lex
980 5505 1100 5561 qua:
1122 5501 1288 5558 vetat,
1318 5484 1666 5548 ratio'osten-

126 5552 206 5620 dat
216 5569 332 5620 Anon
361 5577 478 5617 esse
505 5562 766 5620 facienda.

159 5613 390 5704 :_i§0)m5i
427 5613 894 5700 uitiari—iaciat)
933 5631 1238 5701 indignatus
1289 5633 1435 5700 virga
1481 5647 1666 5704 percu-

129 5689 238 5738 ttat.
288 5689 373 5745 Sic
426 5689 572 5755 recte
623 5717 724 5758 ms.
780 5689 957 5771 unus;
1015 5689 1194 5760 εἱειετὶ
1251 5689 1412 5768 vero",
1459 5689 1491 5754 ι’
1539 5702 1682 5758 sicut

1230 4529 1276 4560 ⁶⁹
1312 4529 1469 4590 Rcui.
1501 4549 1595 4600 vu,
1627 4533 1682 4601 8,
1713 4533 1768 4590 9.
1838 4533 1885 4564 "°
1908 4531 2078 4586 Exod.
2119 4544 2235 4594 χχι,
2262 4526 2347 4582 15.

2454 4527 2498 4558 ἰι
2528 4526 2658 4582 ibid.
2702 4523 2791 4580 17.
2897 4525 2943 4556 ⁷³
2964 4523 3124 4578 Rom.
3157 4540 3255 4587 vn,
3292 4526 3346 4583 9.

1771 4710 1890 4765 ller'i
1922 4713 2062 4765 solet
2089 4707 2398 4778 indignatus
2427 4707 2577 4778 virga
2603 4713 2890 4779 percutiat.
2931 4731 2950 4765 ι
2986 4713 3132 4769 Editi
3186 4717 3351 4773 omit-

1773 4791 1893 4835 tunt
1919 4799 1939 4832 ι
1977 4781 2148 4849 virga.
2187 4797 2207 4830 ι

1771 4923 1804 4978 d
1841 4852 1954 4977 (’61)
1984 4851 2058 4905 Ita
2091 4864 2282 4910 omnes
2327 4863 2458 4905 mss.
2505 4855 2698 4910 nostri.
2753 4852 2894 4908 Editi
2945 4870 3110 4921 vero,
3145 4874 3165 4908 ι
3203 4857 3348 4918 mori

1808 4939 1837 4977 e
1877 4938 1908 4976 e
1935 4959 1951 4975 .
1994 4940 2013 4972 ο

1808 4925 1951 4977 ehet.
1994 4940 2013 4972 ο

1843 4991 1958 5066 (62)
1987 4992 2063 5066 Ita
2095 4999 2245 5046 recte
2271 5004 2540 5066 ms_.Aunu_s
2568 4992 2770 5066 Regius
2818 5011 2968 5050 num.
2999 4997 3159 5052 1659.
3188 4999 3346 5057 Alter

1771 5060 1902 5118 vero
1925 5060 2126 5133 Regius
2157 5075 2308 5115 num.
2339 5060 2470 5133 1641
2503 5060 2688 5128 habet,
2726 5087 2743 5117 ι
2781 5082 2886 5120 non
2915 5077 2999 5122 εει
3024 5069 3075 5121 in
3106 5067 3209 5126 hoc
3231 5071 3347 5122 cri-

1773 5149 1894 5188 men
1928 5132 2227 5206 impietatis
2249 5132 2507 5206 :_eminet
2535 5135 2662 5203 quia
2692 5145 2748 5189 et
2786 5138 3105 5206 estquidem
3135 5139 3348 5206 species

1771 5199 2056 5274 peccati.)
2095 5211 2199 5274 etc.
2256 5199 2450 5257 Caeteri
2484 5199 2613 5259 vero
2660 5221 2792 5261 mss.
2845 5199 2920 5261 ct'
2949 5209 3080 5261 editi
3119 5199 3342 5274 habent,

1777 5273 1795 5326 ε
1833 5274 1914 5346 vel
1941 5274 2079 5329 sciat
2104 5275 2157 5346 in
2188 5273 2292 5326 hoc
2330 5273 2534 5346 crimen
2565 5276 2861 5346 impietatis
2891 5278 3105 5332 admitti
3141 5288 3238 5331 :et
3259 5291 3347 5334 est

1770 5344 1990 5416 quidem
2012 5344 2224 5411 species
2243 5345 2472 5416 peccati,
2509 5363 2528 5396 ι
2563 5344 2668 5401 etc.

1843 5416 1955 5481 (63)
1987 5417 2078 5469 Sic
2107 5430 2209 5469 ms.
2242 5429 2380 5467 unus
2399 5414 2595 5485 Regius
2621 5434 2772 5472 uum.
2799 5418 2967 5475 1641.
2988 5417 3180 5476 Caneri
3212 5437 3344 5475 vero

1768 5501 1906 5612 3)εεί
1953 5495 2009 5539 ει
2055 5486 2208 5549 editi,
2247 5502 2267 5536 ι
2305 5494 2532 5541 matrem
2578 5489 2723 5543 enim
2763 5491 3016 5558 percutit,
3052 5491 3134 5544 vel
3169 5493 3341 5548 male-

1807 5573 1873 5611 ιει
1902 5595 1919 5611 .
1963 5575 1984 5608 ι

1807 5557 1919 5611 icit.
1963 5575 1984 5608 ι

1848 5628 1960 5700 (61)
2003 5627 2258 5700 Intelligi.
2299 5627 2459 5686 Deest
2497 5630 2553 5686 in
2593 5627 2770 5684 editis.
