3684 6148
330 247 470 304 1015

1806 240 2130 300 ORIGENIS

3425 249 3539 308 illlb

328 366 594 438 pravique
643 363 868 436 patebat
897 375 1152 417 examen.
1213 359 1365 428 Quod
1415 361 1483 417 de
1517 359 1748 417 naturali
1787 360 1905 430 lege
1932 361 1981 418 A
2011 368 2250 430 putatur.
2289 359 2354 414 Et
2383 360 2653 430 quomodo
2685 367 2811 416 ante
2835 359 3007 432 legem
3037 358 3200 433 Moysi
3228 361 3316 418 vel
3345 377 3543 432 serpens

327 463 436 516 dici
497 461 551 514 iu
599 455 953 526 sequentibus
1000 455 1290 510 evidenter
1337 439 1598 519 ostendit,
1638 469 1760 508 cum
1817 455 1898 508 di-

327 553 402 608 cit
422 553 506 602 ”:
540 569 559 602 ε
588 550 692 604 Sed
715 548 804 603 ubi
824 547 974 604 venit
994 548 1332 611 mandatum,
1356 555 1635 617 peccatum
1657 545 1897 601 revixit:

327 644 492 716 549
519 658 619 712 ego
643 653 820 697 autem
850 652 1095 698 mortuus
1122 657 1263 694 sum.
1301 659 1322 693 ι
1379 639 1483 693 Per
1533 639 1677 708 quod
1710 639 1899 694 deelao

327 748 416 792 rat
446 737 589 792 illius
615 737 797 790 :etatis
832 743 1056 805 peccata
1086 734 1256 788 fuisse
1283 733 1528 803 quidem,
1553 732 1646 788 sed
1683 741 1900 787 mortua

326 831 540 892 habita,
561 829 687 898 quia
720 843 826 883 non
859 827 1249 898 reputabuntur
1277 825 1345 879 ad
1377 825 1608 894 culpam.
1641 825 1743 882 Ubi
1770 841 1901 881 vero

326 921 493 990 coepi,
533 921 726 987 inquit,
780 919 920 973 scire
967 917 1096 986 quid
1123 916 1389 986 agendum
1423 917 1516 982 sit,
1546 917 1673 984 quid
1703 932 1902 972 caven-

328 1013 455 1064 dum
487 1021 542 1065 et
570 1010 848 1064 vitandum
884 1007 1017 1079 (65),
1050 1018 1105 1062 et
1135 1009 1444 1061 mandatum
1482 1007 1614 1078 legis
1645 1007 1782 1061 intra
1812 1023 1900 1063 tne

325 1104 561 1173 vigentis
598 1105 879 1169 accipere;
922 1111 1049 1156 tunc
1097 1101 1149 1153 iu
1205 1114 1294 1154 me
1346 1099 1548 1154 revixit
1592 1113 1896 1171 peccatum,

325 1196 470 1265 quod
497 1195 649 1265 prius
681 1210 778 1262 per
806 1195 1104 1249 absentiam
1135 1194 1271 1263 legis
1298 1205 1569 1248 mortuum
1589 1193 1896 1260 videbatur,

325 1298 382 1341 et
424 1305 444 1341 ι
466 1301 627 1358 ego,»
673 1286 866 1357 inquit,
894 1303 913 1336 ι
948 1295 1196 1341 mortuus
1217 1301 1339 1340 sum
1364 1287 1484 1340 ’νε
1516 1305 1536 1338 ι
1569 1285 1735 1354 coepit
1755 1284 1897 1340 enim

323 1382 434 1453 jam
457 1381 588 1436 mihi
625 1381 862 1450 reputari
896 1388 1200 1449 peccatum.
1223 1379 1330 1434 Sed
1362 1380 1479 1434 haec
1511 1377 1768 1433 Basilides
1790 1392 1896 1432 non

324 1474 613 1528 advertens
649 1472 716 1527 de
743 1471 862 1541 lege
891 1470 1119 1525 naturali
1153 1469 1351 1527 debere
1387 1469 1639 1541 intelligi,
1665 1470 1733 1524 ad
1779 1470 1898 1524 ine-

327 1574 451 1635 ptas
477 1575 532 1620 et
561 1565 752 1634 impias
772 1563 980 1618 fabulas
997 1579 1306 1620 sermonem
1331 1563 1683 1634 apostolicum
1708 1562 1895 1629 traxit,

324 1667 379 1711 et
415 1656 466 1710 in
503 1655 1047 1728 μετενσωματὼσεως
1093 1657 1284 1728 dogma
1321 1656 1459 1729 (66),
1509 1657 1560 1712 id
1594 1665 1698 1722 cst,
1753 1657 1896 1726 quod

2001 454 2392 511 condemnatus
2420 464 2528 520 est,
2563 453 2648 507 vel
2683 453 2884 509 invidia
2917 453 3114 523 diaboli
3145 470 3298 510 mors
3320 454 3539 510 introivit

2001 547 2058 603 in
2106 546 2293 600 orbem
2341 546 2660 602 terrarum?
2701 545 2988 612 Quomodo
3026 546 3189 600 etiam
3221 547 3368 614 quod
3398 545 3540 605 ludas

2003 640 2286 708 apostolus
2313 640 2366 694 in
2396 639 2634 709 Epistola
2673 638 2942 692 catholica
2969 637 3120 700 dicit,
3155 637 3358 706 poterit
3379 640 3539 707 expla-

2003 732 2120 786 nari
2141 731 2166 772 ν
2190 731 2284 785 Ait
2306 732 2451 786 enim
2477 732 2550 784 ita
2574 748 2588 785 :
2631 748 2650 782 ι
2682 729 2916 800 Angelos
2946 744 3162 799 quoque
3190 731 3285 798 qui
3324 745 3422 784 non
3442 748 3538 786 ser-

2003 830 2268 877 vaverunt
2293 821 2657 891 principatum
2687 835 2870 886 suum,
2903 822 3000 875 sed
3025 820 3436 889 dereliqueruut
3464 828 3543 878 uo-

2005 915 2267 971 micilium
2289 928 2471 976 suum,
2489 915 2546 968 in
2565 913 2830 982 judicium
2868 913 3049 985 magni
3073 913 3179 968 diei
3205 915 3423 968 aeternis
3446 916 3544 969 viu-

2002 1007 2138 1062 culis
2189 1005 2516 1074 constrictos
2561 1006 2663 1060 sub
2710 1004 2944 1072 caligine
2997 1005 3295 1060 reservavit
3324 1005 3390 1059 ⁷⁸.
3418 1025 3434 1056 ι
3481 1006 3544 1061 Ex

2000 1102 2200 1171 quibus
2245 1099 2496 1156 omnibus
2527 1100 2701 1168 magis
2727 1115 2792 1155 ac
2822 1101 2994 1170 magis
3024 1109 3242 1156 constat
3275 1099 3343 1156 de
3365 1115 3422 1155 ea
3451 1101 3548 1169 lege

2001 1193 2116 1248 haec
2137 1193 2461 1263 Apostolum
2487 1193 2692 1258 dicere,
2723 1207 2887 1262 quam
2917 1194 3296 1264 unusquisque
3316 1194 3426 1250 sive
3454 1196 3550 1266 (7|)

2002 1285 2312 1351 hominum,
2354 1285 2471 1338 sive
2518 1283 2682 1338 etiam
2725 1283 3070 1355 angelorum,
3111 1284 3296 1338 divina
3337 1287 3547 1354 quadam

2001 1378 2407 1444 dispensatione
2430 1376 2515 1431 vel
2547 1392 2774 1432 munere
2803 1377 2944 1432 intra
2969 1392 3028 1432 se
3057 1378 3384 1433 naturaliter
3399 1379 3550 1449 gerit:

2000 1469 2158 1538 cujus
2189 1478 2335 1523 tanta
2367 1469 2451 1524 vis
2477 1479 2582 1536 est,
2617 1480 2668 1524 et
2695 1467 2842 1524 tanta
2897 1471 3158 1539 potentia,
3185 1479 3247 1525 ut
3278 1472 3436 1525 etiam
3463 1488 3551 1524 au-

2001 1561 2148 1634 gelos
2174 1571 2388 1633 arguat,
2433 1579 2536 1619 nec
2577 1577 2867 1634 personam
2910 1564 3078 1620 ullius
3111 1565 3396 1634 dignitatis
3426 1568 3551 1617 exci-

2002 1657 2134 1724 piat.
2169 1665 2226 1711 et
2273 1656 2386 1726 ipsa
2437 1654 2628 1711 fecerit
2671 1657 2776 1711 hoc
2814 1656 2957 1725 quod
3014 1657 3273 1725 superius
3305 1657 3554 1725 apostolus

324 1719 523 1803 animae
572 1750 622 1804 in
672 1719 777 1804 alia
832 1758 994 1819 atque
1031 1719 1189 1803 aliav
1221 1719 1455 1819 corpora-
1510 1719 1897 1804 transfundan-
1927 1719 1972 1775 Β
1997 1719 2167 1803 ludas
2188 1719 2340 1813 dicit,
2374 1757 2433 1802 ut
2455 1747 2630 1818 angeli
2657 1748 2749 1817 qui
2773 1719 2880 1803 non
2909 1719 3276 1802 servaverunt
3305 1719 3552 1818 principa-

326 1851 436 1904 tur,
467 1857 532 1898 ex
573 1843 674 1897 hoc
703 1843 943 1914 Apostoli
975 1845 1124 1900 dicto
1149 1853 1377 1898 conatur
1407 1851 1676 1897 astruere.
1705 1859 1724 1893 ι
1757 1842 1895 1896 Dixit

2003 1849 2115 1892 tum
2152 1855 2333 1906 suum,
2367 1838 2461 1892 sed
2491 1838 2906 1908 dereliquerunt
2927 1838 3270 1894 domicilium
3303 1855 3472 1903 suum,
3496 1843 3555 1894 ad

323 1936 492 2000 enim,
531 1935 729 2006 inquit,
791 1937 1099 2006 Apostolus,
1132 1937 1262 2008 quia
1301 1938 1460 2009 «Ego
1491 1934 1741 1990 vivebam
1782 1934 1900 1990 sine
1995 1931 2259 1999 judicium
2291 1931 2470 2000 magni
2504 1931 2612 1986 diei
2646 1931 2870 1986 aeternis
2892 1933 3102 1987 astricti
3123 1933 3361 1988 vinculis
3387 1948 3550 1988 serva-

332 2045 352 2078 c
389 2029 503 2096 lege
547 2027 837 2098 aliquando
873 2029 956 2082 "':
988 2047 1008 2081 ι
1036 2029 1139 2083 hoc
1171 2034 1277 2093 est,
1314 2036 1608 2097 antequam
1653 2026 1706 2080 in
1756 2027 1899 2083 istud

325 2130 525 2186 corpus
576 2118 861 2186 venirem,
909 2117 962 2172 in
1007 2132 1072 2171 ea
1120 2117 1304 2187 specie
1338 2118 1453 2189 (67)
1477 2117 1729 2187 corporis
1764 2117 1898 2181 vixi,

324 2219 445 2274 quae
470 2206 570 2260 sub
599 2205 716 2273 lege
747 2221 852 2260 non
881 2216 1064 2272 esset;
1099 2208 1323 2276 pecudis
1343 2208 1572 2270 scilicet,
1607 2208 1690 2263 vel
1722 2209 1893 2262 avis»

325 2297 432 2353 Sed
465 2314 570 2354 non
605 2299 844 2368 respexit
877 2298 942 2352 ad
973 2299 1026 2354 id
1055 2301 1198 2370 quod
1219 2303 1485 2370 sequitur.
1517 2301 1570 2355 id
1592 2304 1712 2356 θεῖε
1745 2319 1766 2353 ο
1793 2301 1898 2355 Sed

325 2388 416 2443 ubi
449 2391 595 2444 venit
633 2393 966 2455 mandatum,
997 2403 1279 2462 peccatum
1309 2393 1525 2448 revixit.
1563 2411 1582 2445 r
1615 2392 1729 2447 Non
1753 2393 1895 2448 enim

323 2481 461 2535 dixit
506 2497 565 2537 se
593 2484 808 2538 venisse
831 2483 948 2557 (68)
977 2485 1044 2538 ad
1081 2484 1421 2550 mandatum,
1452 2485 1546 2538 sed
1583 2485 1650 2539 ad
1703 2499 1762 2539 se
1809 2499 1900 2538 ve-

323 2587 472 2627 nisse
501 2573 812 2627 mandatum
841 2590 857 2636 ;
891 2587 945 2628 et
972 2585 1254 2644 peccatum
1283 2590 1386 2628 non
1419 2576 1558 2630 dixit
1595 2591 1700 2630 non
1729 2574 1897 2630 fuisse

325 2663 379 2716 in
409 2678 489 2729 se,
515 2663 611 2718 sed
639 2673 908 2720 mortuum
936 2665 1130 2732 fuisse,
1158 2679 1212 2720 et
1235 2667 1522 2723 revixisse.
1556 2667 1612 2722 in
1652 2683 1762 2737 quo
1787 2669 1893 2722 uti-

323 2771 433 2827 que
451 2757 686 2811 ostendit
711 2762 854 2827 quod
885 2759 953 2814 de
980 2775 1084 2814 una
1108 2743 1416 2830 eademque
1433 2761 1540 2815 vita
1571 2776 1666 2816 sua
1697 2770 1899 2814 utrum-

325 2861 431 2916 que
461 2849 798 2918 loqueretur.
833 2849 1034 2905 Verum
1077 2851 1380 2916 Basilides,
1427 2861 1482 2907 et
1528 2852 1573 2906 si
1628 2853 1720 2921 qui
1772 2866 1895 2906 cum

327 2940 445 3008 ipso
477 2940 592 3010 (69)
631 2943 734 2995 hoc
762 2941 1024 3007 sentiunt,
1065 2943 1118 2996 in
1151 2958 1245 2997 sua
1279 2943 1562 3012 impietate
1589 2943 1899 3011 relinquan-

326 3041 433 3086 tur.
463 3031 573 3088 Nos
605 3044 784 3090 autem
830 3033 1075 3104 Apostoli
1122 3050 1345 3090 sensum
1394 3036 1690 3091 secundum
1723 3037 1896 3106 pieta-
1920 3059 1969 3126 α

328 3131 438 3176 tem
472 3123 829 3179 ecclesiastici
859 3125 1129 3196 dogmatis
1163 3126 1530 3180 advertamus.
1575 3127 1680 3181 Sed
1714 3137 1767 3180 et
1796 3128 1899 3184 ltoc

327 3213 502 3282 ipsum
551 3217 693 3284 quod
743 3217 908 3278 dicit,
951 3236 968 3268 ο
999 3215 1289 3272 Peccatum
1325 3225 1443 3270 erat
1485 3218 1538 3270 in
1568 3217 1671 3272 hoc
1699 3219 1899 3273 mundo

325 3305 394 3369 ",
425 3326 444 3358 ›
476 3315 531 3360 et
567 3322 673 3362 non
703 3308 858 3374 dixit,
884 3310 935 3362 in
968 3310 1306 3372 horninibus,
1335 3323 1460 3365 cum
1494 3311 1684 3379 utique
1708 3311 1816 3366 sint
1842 3311 1897 3366 in

328 3399 529 3454 mundo
554 3409 608 3454 et
637 3401 890 3469 pecudes,
927 3409 984 3457 et
1020 3415 1218 3455 cmtera
1245 3401 1523 3462 animalia.
1555 3411 1612 3455 et
1647 3403 1893 3467 arbores,

326 3490 412 3544 vel
445 3507 514 3545 ex
545 3492 958 3561 quibuscunque
999 3495 1090 3549 hic
1122 3495 1354 3548 mundus
1397 3503 1633 3559 constat,
1677 3510 1776 3549 nec
1813 3505 1897 3548 ta-

326 3598 454 3662 men
492 3583 546 3636 in
581 3583 668 3638 bis
705 3585 949 3639 creditur
978 3600 1102 3640 esse
1133 3596 1441 3654 peccatum,
1491 3585 1655 3656 quale
1697 3587 1768 3640 sit
1804 3602 1895 3640 re-

325 3676 624 3740 quiramus.
659 3675 883 3731 Videtur
913 3679 1042 3732 mihi
1067 3679 1208 3746 quod
1237 3678 1323 3733 bic
1349 3678 1641 3748 Apostolus
1666 3677 1778 3748 (70)
1801 3680 1900 3735 bo-

329 3767 504 3821 ntines
544 3767 664 3821 illos
690 3769 893 3822 sentiat
937 3770 1032 3838 qui
1069 3769 1184 3839 jam
1220 3771 1448 3824 rationis
1487 3786 1717 3835 capaces
1747 3781 1896 3836 sunt,

327 3871 383 3915 et
409 3863 749 3916 naturalibus
782 3863 995 3934 legibus
1019 3873 1217 3932 parent
1252 3881 1266 3918 :
1314 3865 1461 3918 illam
1503 3879 1634 3921 vero
1682 3876 1895 3919 aztatem

328 3969 449 4023 quae
475 3955 712 4009 nondum
744 3957 809 4010 ad
841 3957 1196 4026 capacitatem
1231 3958 1466 4013 rationis
1504 3959 1759 4020 accessit,
1789 3973 1896 4012 non

330 4058 442 4102 tam
490 4048 740 4104 homines
769 4064 930 4118 quant
975 4049 1236 4103 mundum
1284 4051 1662 4120 appellaverit,
1701 4067 1798 4121 pro
1830 4067 1897 4106 eo

329 4140 472 4208 quod
503 4151 688 4208 partes
710 4141 926 4209 quidem
953 4143 1136 4196 mundi
1167 4143 1296 4203 sint,
1336 4143 1573 4197 nondum
1606 4153 1786 4197 tamen
1839 4145 1893 4198 in

330 4230 434 4284 boc
467 4231 712 4285 venerint
744 4242 807 4286 ut
833 4233 1122 4302 imaginem
1153 4235 1206 4288 in
1240 4250 1298 4290 se
1329 4234 1447 4302 Dei,
1481 4237 1546 4289 ad
1589 4252 1752 4307 quam
1793 4237 1893 4292 ho-

328 4339 418 4378 mo
454 4323 630 4380 factus
670 4341 790 4381 esse
831 4326 1036 4381 dicitur
1061 4327 1126 4393 ⁷⁷,
1164 4329 1466 4397 capacitate
1514 4330 1746 4386 rationis
1799 4346 1895 4386 ex-

2001 2040 2209 2081 rentur.
2242 2025 2358 2096 Ipsa
2389 2036 2475 2082 est
2501 2025 2607 2088 lex,
2637 2041 2754 2095 quae
2787 2027 2950 2080 etiam
2979 2027 3260 2083 diabolum
3287 2038 3339 2084 et
3363 2029 3552 2099 angelos

1998 2118 2115 2188 ejus
2146 2118 2198 2172 in
2234 2117 2413 2187 ignem
2449 2127 2740 2182 aeternum,
2771 2118 2862 2188 qui
2902 2118 2982 2172 eis
3022 2129 3368 2190 prasparatus
3403 2121 3553 2188 est",

1999 2210 2292 2281 pertrahit.
2325 2211 2392 2264 Et
2419 2210 2560 2265 sicut
2583 2221 2790 2265 certum
2827 2220 2908 2266 est
2935 2212 3062 2280 quia
3091 2228 3274 2283 neque
3305 2213 3377 2268 illi
3401 2214 3553 2285 angeli

1998 2304 2221 2358 azternis
2250 2303 2462 2358 astricti
2511 2303 2748 2358 vinculis
2793 2305 2860 2358 ad
2887 2304 3151 2371 judicium
3202 2317 3552 2372 servarentur,

2001 2410 2176 2464 neque
2200 2395 2287 2450 isti
2313 2396 2365 2449 in
2393 2396 2572 2465 ignem
2601 2405 2863 2450 aeternum
2898 2396 2991 2466 qui
3015 2397 3094 2450 eis
3122 2408 3458 2467 praeparatus
3486 2408 3552 2454 est

2000 2484 2368 2548 mitterentur,
2392 2483 2493 2536 nisi
2519 2483 2645 2552 quia
2673 2483 2904 2551 positam
2935 2483 3041 2538 sibi
3070 2499 3100 2537 a
3130 2483 3244 2538 Deo
3271 2486 3436 2555 legem
3465 2501 3554 2537 non

1998 2585 2374 2641 servaverunt,
2401 2589 2575 2646 neque
2597 2575 2661 2628 ad
2678 2575 2938 2644 judicium
2964 2575 3238 2639 venirent,
3261 2577 3366 2632 nisi
3384 2588 3550 2630 contra

1997 2667 2170 2738 legem
2227 2668 2432 2738 aliquid
2485 2666 2922 2732 commisissent,
2971 2665 3044 2719 ita
3102 2676 3321 2720 certum
3369 2668 3554 2721 videtur

1997 2760 2126 2830 quia
2161 2760 2204 2814 si
2240 2759 2610 2815 custodissent
2643 2758 2871 2827 positam
2901 2756 3002 2812 sibi
3033 2755 3230 2827 legem,
3281 2771 3451 2826 neque
3478 2756 3554 2812 isti

1998 2851 2050 2904 itt
2095 2851 2273 2917 ignem
2310 2859 2596 2912 aeternum,
2644 2862 2820 2918 neque
2850 2844 2926 2902 illi
2953 2848 3057 2903 sub
3084 2857 3294 2902 aeterna
3331 2847 3552 2917 caliginis

1998 2945 2214 2998 vincula
2246 2943 2596 2998 decidissent.
2627 2941 2890 3012 Superest
2923 2949 2984 2994 ut
3011 2941 3172 2996 etiam
3203 2940 3340 2995 illud
3373 2955 3466 3009 pro
3485 2938 3554 2992 vi-

2003 3036 2153 3090 ribus
2176 3036 2537 3091 discutiamus
2566 3034 2840 3102 quomodo
2873 3033 3072 3087 dictum
3107 3033 3179 3087 sit
3209 3050 3226 3087 :
3283 3050 3304 3085 ι
3335 3031 3436 3087 Sed
3475 3045 3550 3086 re-

2000 3129 2187 3198 gnavit
2213 3143 2362 3182 mors
2388 3128 2456 3181 ab
2480 3127 2651 3182 Adam
2680 3141 2854 3196 usque
2893 3129 2959 3182 ad
3001 3125 3223 3198 Moysen
3258 3126 3313 3180 in
3349 3138 3440 3180 eos
3473 3123 3551 3192 qui

2000 3230 2364 3290 peccaverunt
2406 3219 2460 3274 in
2494 3219 2900 3274 similitudinem
2929 3219 3398 3290 praevaricationis
3421 3218 3554 3278 Adae,

1999 3315 2090 3384 qui
2125 3323 2210 3369 est
2238 3313 2414 3368 forma
2438 3310 2615 3367 futuri
2641 3312 2709 3366 °'.
2744 3330 2764 3365 ι
2797 3311 2985 3367 Tertio
3017 3327 3159 3366 nunc
3192 3311 3476 3381 Apostolus
3497 3311 3554 3363 dc

2002 3416 2176 3462 morte
2205 3413 2626 3460 commemorat.
2667 3404 2853 3458 Primo
2881 3405 2955 3457 ait
2982 3405 3126 3474 quod
3187 3423 3207 3456 ι
3243 3419 3340 3473 per
3383 3419 3552 3473 pecca—

2001 3512 2113 3553 tum
2165 3514 2312 3552 mors
2356 3499 2602 3552 introivit
2633 3497 2684 3553 in
2730 3498 2875 3552 hunc
2905 3498 3204 3562 mundum;
3243 3515 3264 3549 ι
3315 3496 3552 3558 secundo,

2004 3612 2024 3643 ι
2055 3593 2108 3645 In
2138 3607 2327 3647 omnes
2344 3591 2646 3656 homines,»
2678 3591 2870 3661 inquit,
2909 3608 2928 3641 ι
2957 3584 3104 3645 tn‘ors
3129 3589 3550 3660 pertransiit'h

1999 3683 2152 3739 Nunc
2185 3699 2337 3747 vero,
2377 3703 2394 3735 ι
2423 3682 2710 3753 Regnavit,
2747 3703 2765 3735 ι
2805 3683 3005 3752 inquit,
3044 3702 3063 3734 ι
3098 3697 3245 3738 mors
3296 3683 3366 3738 ab
3406 3685 3550 3737 Adam

1998 3795 2172 3846 usque
2200 3780 2266 3833 ad
2296 3778 2515 3850 Moysen
2547 3779 2614 3832 θ’.
2650 3799 2670 3832 ›
2708 3778 2773 3832 Et
2807 3779 2988 3835 sciens
3016 3793 3138 3832 esse
3162 3793 3259 3845 per
3306 3779 3418 3832 lure
3459 3777 3552 3829 siu-

1997 3872 2122 3944 gula
2168 3873 2384 3941 aliquas
2426 3871 2782 3936 diﬂereutias,
2825 3873 3044 3942 quando
3077 3871 3191 3942 (τὶ)
3226 3873 3443 3941 quidem
3481 3870 3557 3923 in-

1998 3967 2236 4030 troierit,
2267 3976 2323 4018 et
2349 3966 2571 4032 quando
2605 3965 2941 4034 regnaverit,
2979 3965 3254 4018 indicavit.
3287 3965 3456 4025 Tunc,
3482 3963 3558 4014 in-

1996 4059 2134 4128 quit,
2174 4058 2439 4121 introivit,
2467 4072 2587 4112 cum
2615 4059 2824 4126 primus
2855 4059 3016 4112 homo
3045 4057 3297 4126 deliquit.
3349 4057 3411 4111 Et
3438 4071 3553 4124 quo-

1997 4151 2160 4203 modo
2189 4149 2459 4204 introierit
2494 4149 2652 4202 dixit.
2685 4167 2705 4199 ‹
2736 4147 2839 4203 Per
2860 4158 3140 4218 peccatum
3167 4148 3304 4218 (73),
3334 4168 3352 4200 ι
3375 4149 3548 4215 inquit.

1996 4241 2063 4296 Et
2089 4258 2233 4295 nunc
2266 4243 2814 4312 reguiejustempuSt
2836 4241 2906 4296 ab
2929 4241 3100 4295 Adam
3128 4256 3302 4310 usque
3330 4242 3394 4293 ad
3432 4239 3552 4308 Moy-

1997 4335 2712 4402 sentdesiguatzquomodo
2744 4341 2925 4386 autem
2966 4331 3078 4404 (76)
3129 4333 3180 4385 in
3227 4347 3419 4385 omnes
3470 4333 3556 4383 hn-

328 4419 644 4486 presserint.
671 4419 778 4476 Sed
806 4430 860 4476 et
887 4421 1017 4477 illud
1042 4422 1197 4477 velim
1229 4424 1358 4493 (nisi
1405 4425 1524 4495 plus
1548 4425 1692 4493 justo
1719 4429 1896 4482 curio-
1929 4404 1972 4459 θ
2001 4427 2176 4480 mines
2209 4425 2586 4495 pertransierit
2615 4441 2721 4479 non
2753 4425 3008 4480 ostendit.
3044 4423 3274 4480 Videtur
3305 4440 3431 4494 ergo
3467 4424 3552 4477 mi-

327 4527 447 4566 sum
488 4513 727 4585 videtur)
769 4515 1069 4586 inquirere,
1116 4532 1184 4572 ne
1237 4517 1415 4583 forte,
1457 4520 1754 4573 secundum
1803 4535 1898 4575 eos

329 4604 420 4673 qui
459 4603 626 4675 Moysi
667 4605 839 4675 legem
888 4608 939 4661 itt
995 4607 1081 4662 bis
1122 4608 1346 4679 intelligi
1396 4609 1604 4674 volunt,
1651 4625 1746 4679 per
1791 4613 1896 4666 hoc

329 4697 472 4765 quod
504 4698 656 4761 dicit,
686 4717 706 4750 t
740 4699 1029 4754 Peccatum
1055 4712 1234 4754 autem
1271 4717 1375 4755 non
1414 4702 1728 4770 imputatur,
1773 4720 1895 4759 cum

331 4789 417 4842 lex
451 4805 556 4844 non
601 4801 704 4849 est,
737 4809 758 4843 ι
809 4793 1060 4846 videatur
1107 4795 1268 4849 etiam
1317 4797 1566 4851 diabolus
1613 4807 1670 4852 et
1718 4800 1896 4870 angeli

329 4889 448 4956 ejus
488 4885 723 4952 absolvi,
751 4886 796 4941 si
827 4886 917 4940 ubi
951 4887 1037 4942 lex
1067 4904 1170 4942 non
1205 4897 1308 4954 est,
1343 4900 1627 4959 peccatum
1662 4907 1767 4946 non
1810 4907 1896 4946 re-

397 5040 445 5071 "
468 5040 624 5094 Rom.
673 5055 770 5102 vn,
799 5041 853 5096 9.
927 5040 998 5072 ⁷¹⁵⁶
1045 5040 1177 5097 ibid.
1242 5041 1327 5095 10.
1402 5041 1450 5073 ⁷⁸
1482 5042 1608 5097 ibid.
1679 5043 1734 5100 9.

401 5207 514 5278 (65)
546 5205 615 5278 Et
645 5208 939 5261 vitandum.
970 5204 1026 5260 In
1064 5208 1226 5261 editis
1260 5210 1550 5264 omittitur.

403 5277 516 5348 (66)
545 5277 612 5330 Et
639 5281 693 5330 in
723 5278 1264 5350 μετενσωματώσεως
1285 5281 1496 5347 dogma.
1537 5279 1628 5334 Sic
1653 5296 1785 5336 mss.
1805 5297 1902 5337 no-

331 5353 452 5401 stri.
482 5350 622 5420 lsldtti
657 5365 810 5411 vero,
847 5369 864 5398 ι
899 5351 948 5401 itt
969 5350 1386 5420 Pythagoricum
1414 5351 1630 5418 dogma,
1659 5354 1902 5407 inmisso

340 5417 687 5494 tetitlodicos
707 5421 923 5488 quidam
943 5417 1226 5489 perperam
1258 5421 1474 5485 habent,
1499 5440 1516 5472 ς
1539 5423 1660 5476 etin
1683 5423 1902 5494 αξητέυς

331 5487 624 5552 αέατοσέως
654 5487 865 5558 dogma.
894 5507 914 5539 ι

405 5559 515 5622 (67)
549 5559 710 5621 Editi,
745 5579 762 5610 σ
800 5561 848 5611 in
891 5574 1009 5611 eam
1047 5558 1302 5626 speciem.
1342 5579 1362 5610 ι

407 5627 514 5689 (68)
548 5627 685 5681 Editi
716 5647 736 5680 ι
773 5629 864 5682 sed
906 5631 1210 5682 advenisse.
1245 5647 1264 5679 ι

408 5697 519 5765 (69)
549 5697 749 5770 Alias-,v
788 5709 842 5755 et
864 5699 955 5768 qui
987 5714 1108 5755 cum
1143 5702 1278 5768 ipso,
1310 5719 1329 5752 ι
1366 5711 1478 5756 etc.

2004 4520 2060 4573 bi
2097 4519 2149 4572 in
2187 4519 2271 4572 his
2300 4519 2613 4573 describere
2648 4521 2940 4588 Apostolus
2968 4519 3115 4575 velut
3152 4520 3369 4590 tyranni
3401 4518 3549 4570 alicu-

1996 4612 2084 4684 jus
2111 4616 2438 4678 ingressum,
2475 4613 2567 4680 qui
2615 4613 2849 4666 voluerit
2891 4628 3116 4682 regnum
3161 4611 3383 4683 legitimi
3427 4609 3549 4676 regis

2006 4704 2277 4764 invadere,
2308 4715 2361 4758 et
2410 4705 2589 4773 primo
2636 4706 2856 4773 quidem
2909 4704 3095 4760 fauces
3131 4705 3276 4773 ipsas
3308 4715 3363 4758 et
3393 4703 3548 4757 aditus

2003 4795 2154 4864 regni
2189 4793 2351 4865 550
2394 4797 2745 4865 occupaverit
2792 4797 3246 4865 praevaricatione
3294 4795 3546 4851 custodis:

2006 4897 2139 4942 tunc
2162 4887 2356 4942 deinde
2384 4900 2705 4942 cunctorum
2735 4891 2947 4942 animos
2973 4889 3039 4942 ad
3070 4903 3130 4943 se
3159 4887 3421 4944 inclinare
3443 4897 3545 4940 teu-

1809 5044 1902 5101 76'

2099 5065 2155 5114 v,
2212 5049 2296 5104 l3.
2371 5048 2416 5080 "’
2449 5046 2585 5102 Gen.
2612 5064 2652 5114 ι,
2699 5047 2791 5103 27.
2862 5047 2910 5082 ’⁸
2939 5045 3061 5103 Jud.
3107 5063 3144 5104 l.
3177 5047 3235 5102 6.
3307 5047 3352 5079 "
3379 5044 3542 5101 Matth.

327 5126 455 5174 xxv,
483 5113 578 5164 41.
649 5111 698 5144 ⁸⁸
738 5112 892 5166 Rom.
926 5126 975 5172 ν,
1015 5112 1104 5166 Η.
1176 5111 1220 5143 ⁸⁸
1255 5113 1384 5167 ibid.
1415 5112 1504 5166 12.
1579 5115 1625 5146 θ’
1655 5114 1783 5170 ibid.
1815 5116 1904 5171 M.

2080 5209 2192 5278 ('70)
2226 5207 2528 5272 Apostolus.
2561 5205 2912 5278 Desideratur
2939 5204 2992 5258 in
3016 5203 3169 5258 libris
3204 5213 3358 5256 antea
3385 5197 3542 5255 editis.

2105 5279 2368 5351 7l)_8ive.
2408 5279 2648 5351 Deestin
2681 5277 2861 5351 editis.
3173 5344 3184 5351 _
3401 5341 3413 5351 _
3438 5340 3449 5351 _

2105 5285 2198 5349 Ἠ)
2229 5285 2368 5332 Sive.
2408 5285 2566 5330 Deest
2597 5285 2648 5329 in
2681 5285 2861 5328 cuuis.

2081 5285 2193 5422 i7?)
2221 5348 2295 5402 ita
2332 5359 2476 5422 recte
2504 5345 2818 5422 editi.__h_lss.
2853 5359 2985 5400 vero
3013 5344 3187 5422 nostri
3211 5362 3226 5398 :
3257 5343 3365 5407 alii,
3399 5340 3478 5396 hic
3499 5345 3546 5393 et

2006 5417 2222 5478 inlisus
2246 5419 2514 5490 quoniam
2542 5434 2555 5478 ;
2587 5436 2607 5468 ι
2637 5417 2808 5490 alii,_¢
2842 5417 3128 5490 quo_tnodo.
3161 5432 3182 5466 ι
3453 5479 3464 5490 ⁹

2078 5492 2192 5558 (75)
2229 5484 2334 5542 Ρὲν
2369 5499 2660 5557 peccatum.
2713 5486 2822 5552 AL,
2872 5504 2889 5536 ι
2936 5484 3260 5550 Peccatum,
3299 5503 3317 5536 ›
3363 5484 3547 5536 omisso

2011 5581 2028 5614 ι
2069 5579 2182 5631 per.
2217 5578 2236 5612 ι

2083 5629 2195 5700 (74)
2235 5629 2407 5692 Alias,
2445 5648 2462 5679 ι
2493 5628 2708 5700 quando
2745 5637 2998 5700 autem.)
3022 5625 3272 5700 Deinde,
3307 5642 3326 5677 ι
3361 5623 3412 5675 in
3438 5634 3543 5674 oin—-

2013 5697 2112 5759 nes
2144 5697 2394 5757 homines
2425 5719 2443 5753 ι
2478 5698 2801 5754 omittuntur
2831 5699 2883 5753 in
2909 5697 3090 5753 editis.
