3684 6148
143 231 281 287 ton

139 445 320 497 bitnm
367 444 469 499 sibi
515 447 878 503 vindicaverit
909 465 1154 521 regnum.
1210 452 1320 507 Iloc
1348 469 1480 524 ergo
1515 470 1612 523 per
1642 465 1723 526 ty-

140 535 436 590 rannidem
477 550 764 609 regnante,
796 543 1034 597 mittitur
1063 544 1170 599 dux
1204 546 1408 600 electus
1436 565 1462 598 a
1497 562 1621 616 rege
1645 548 1720 602 le-

136 625 340 693 gitimo
362 627 594 700 Moyses,
619 634 709 702 qui
744 643 1037 704 occupatos
1078 636 1147 690 ab
1179 652 1244 691 eo
1278 637 1506 708 populos
1550 641 1614 691 ad
1645 639 1722 694 ci-

140 717 274 772 vilis
305 720 515 790 imperii
537 721 658 790 jura
694 739 998 789 revocaret,
1028 736 1083 780 et
1101 729 1212 781 veri
1243 730 1384 798 regis
1413 730 1488 782 uti
1515 728 1722 797 legibus

139 810 426 867 edoceret.
475 813 568 869 Ille
600 825 726 870 tunc
763 826 1049 886 tyrannus,
1085 819 1135 871 id
1167 828 1250 874 est
1293 835 1438 873 mors
1486 819 1719 889 peccati,

139 904 237 970 qui
274 919 376 971 per
413 909 913 974 praevaricationem
945 912 1104 978 primi
1130 915 1372 967 custodis
1406 913 1716 981 irrepserat,

139 995 417 1063 regnabat
465 1012 630 1066 super
680 1014 872 1054 omnes
901 1001 1020 1055 illos
1042 1003 1132 1071 qui
1167 1003 1233 1055 ad
1265 1018 1387 1056 eum
1437 1004 1623 1063 simili,
1663 1013 1719 1058 nt

143 1086 240 1141 ille
273 1090 502 1156 primus,
534 1093 988 1159 praevaricatione
1013 1093 1444 1149 decliuaverant.
1477 1094 1580 1150 Sed
1619 1095 1719 1149 iste

140 1176 379 1246 legitimi
413 1180 678 1248 principis
707 1182 812 1235 dux
848 1183 963 1252 agit
995 1184 1180 1238 omnia
1214 1193 1479 1254 quatenus
1506 1186 1719 1255 aliquos

141 1282 217 1320 ex
241 1268 454 1336 peccati
478 1278 534 1324 et
561 1272 752 1325 mortis
785 1286 951 1342 regno
970 1273 1193 1343 diripiat
1218 1292 1232 1341 ;
1268 1285 1324 1328 et
1353 1276 1586 1331 obtinuit
1609 1287 1720 1330 tan-

138 1359 270 1412 dem
308 1368 368 1413 ut
396 1375 562 1414 unam
594 1371 832 1428 gentem,
865 1373 918 1418 et
942 1365 988 1419 si
1016 1365 1137 1433 quis
1162 1379 1222 1420 se
1265 1365 1391 1422 huic
1436 1367 1602 1423 voluit
1631 1383 1720 1421 so-

141 1450 321 1513 ciare,
347 1463 726 1506 converteret:
751 1469 804 1508 et
818 1469 887 1508 ex
909 1464 1180 1525 prmcepto
1208 1457 1350 1525 regis
1370 1457 1575 1526 primus
1603 1458 1716 1527 (75)

137 1540 420 1597 sacriﬁcia
451 1541 706 1609 instituit,
732 1545 933 1614 quibus
961 1555 1115 1601 certa
1142 1545 1488 1602 solemnitate
1517 1550 1716 1603 oblatis

136 1635 291 1688 sicut
320 1635 555 1700 deceret,
588 1637 956 1692 remitteretur
985 1641 1066 1693 eis
1086 1653 1366 1708 peccatum
1394 1640 1526 1712 (76).
1557 1641 1620 1695 Et
1644 1643 1714 1695 ita

137 1727 361 1781 denutm
388 1741 451 1782 ex
480 1739 636 1797 parte
657 1729 838 1799 aliqua
863 1731 1111 1788 homines
1135 1742 1420 1802 cteperunt
1443 1735 1510 1790 de
1548 1750 1715 1806 regno

135 1819 357 1888 peccati
386 1822 685 1890 mortisque
715 1822 956 1879 liberari.
1002 1823 1136 1878 Nam
1178 1833 1440 1896 tyrannus
1488 1827 1579 1880 ille
1624 1827 1714 1896 qui

141 1911 356 1966 dicitur
382 1927 550 1980 mors,
579 1915 646 1969 ab
672 1914 846 1970 Adam
894 1918 986 1986 qui
1019 1917 1228 1986 primus
1264 1919 1715 1987 praevaricatione

137 2003 228 2057 sui
267 2002 574 2072 ingressum
605 2006 654 2060 ei
685 2007 909 2063 dederat
933 2018 992 2062 ut
1022 2009 1076 2063 in
1104 2025 1294 2064 omnes
1321 2011 1570 2067 homines
1601 2027 1714 2080 pcr-

133 2101 422 2166 transiret,
451 2103 710 2171 regnabat
731 2117 900 2171 usque
915 2105 982 2158 ad
1003 2103 1216 2176 Moysen
1237 2105 1398 2160 istum
1419 2105 1530 2179 (77)
1553 2122 1712 2177 quem

133 2192 381 2248 diximus
429 2195 646 2262 ducem,
695 2195 788 2265 qui
845 2197 1044 2253 missus
1096 2215 1127 2253 a
1172 2201 1284 2256 Deo
1317 2201 1557 2254 omnium
1587 2217 1713 2272 rege

135 2299 370 2356 regnum
396 2287 515 2357 ejus
541 2290 703 2360 erepit
731 2289 1048 2359 infringere,
1079 2303 1135 2347 et
1156 2287 1257 2350 sub
1291 2294 1408 2366 lege
1433 2295 1542 2368 (78)
1576 2295 1708 2363 justi

136 2379 406 2448 principis
457 2396 742 2438 revocare.
784 2401 806 2436 ι
854 2381 1125 2453 Regnavit
1158 2405 1176 2437 ι
1225 2400 1357 2456 ergo
1388 2405 1408 2438 ι
1460 2403 1608 2442 mors
1641 2388 1709 2443 ab

132 2467 312 2522 Adam
339 2484 508 2540 usque
535 2475 602 2526 ad
628 2471 844 2544 Moysen
863 2474 930 2537 ⁸³,
956 2492 975 2526 ι
999 2475 1293 2531 secundum
1321 2490 1440 2530 eam
1473 2477 1706 2545 speciem

133 2573 302 2627 quam
331 2575 492 2629 supra
527 2565 828 2631 posuimus,
861 2581 966 2620 non
1005 2581 1168 2635 super
1198 2582 1407 2629 omnes,
1450 2568 1549 2621 sed
1599 2586 1618 2618 ι
1657 2568 1708 2620 in

132 2664 232 2703 eos
282 2652 374 2720 qui
418 2665 779 2721 peccaverunt
823 2657 879 2712 in
923 2658 1338 2714 similitudinem
1388 2661 1710 2727 praevarica-

136 2741 307 2796 tionis
338 2743 488 2798 Adae.
526 2763 546 2795 ι
579 2744 712 2798 Nam
748 2747 999 2801 introivit
1027 2747 1244 2815 quidem
1279 2763 1424 2802 mors
1451 2749 1501 2802 in
1554 2765 1710 2802 mttu-

135 2833 292 2899 dum,
321 2843 376 2888 et
412 2836 463 2889 in
490 2850 682 2892 omnes
709 2839 1048 2907 pertransiit,
1082 2855 1186 2894 non
1227 2849 1406 2894 tamen
1443 2840 1495 2894 in
1517 2856 1708 2896 omnes

136 2925 408 2996 regnavit.
439 2927 600 2984 Aliud
628 2940 712 2985 est
739 2932 886 2985 enim
935 2932 1292 3001 pertransire,
1326 2941 1382 2987 et
1426 2933 1573 2988 aliud
1624 2950 1708 2988 re-

134 3033 308 3086 gnare
352 3018 488 3091 (79).
542 3021 830 3076 Peccatum
879 3023 1026 3077 enim
1077 3025 1397 3094 pertransiit
1437 3025 1602 3080 etiam
1650 3027 1702 3080 in

1095 238 1452 294 COMEMNT.
1494 237 1558 291 ΙΝ
1600 236 1816 291 EHST.
1861 238 1952 292 AD
1989 239 2154 296 ΗΘΜ.
2199 241 2324 297 LIB.
2356 241 2418 296 Υ.

43 368 50 374 -
136 351 367 410 tat-erit.
415 361 467 406 et
515 355 754 410 maxima
787 373 852 411 ex
887 370 1046 428 parte
1077 363 1337 428 potuerit,
1368 371 1422 415 et
1457 362 1528 415 ita
1571 363 1722 415 inde-
1752 363 1797 418 Α
1827 361 1987 415 batur
2011 373 2108 432 per
2132 379 2380 429 carnem,
2411 363 2552 418 Deus
2585 363 2776 419 Filium
2804 379 2962 419 suum
2993 365 3212 422 mittens
3237 368 3290 421 in
3317 372 3391 423 si-

3252 248 3389 308 1038

1824 451 2183 509 militudinem
2233 455 2416 509 carnis
2457 457 2690 523 peccati,
2731 457 2799 510 de
2842 467 3066 525 peccato
3111 459 3392 514 damnavit

1823 555 2102 612 peccatum
2140 545 2193 600 in
2221 561 2392 602 carne
2415 548 2484 612 ⁸⁷,
2512 567 2530 599 ι
2567 560 2623 602 et
2654 550 2912 602 mundum
2945 550 3161 618 quidem
3193 565 3388 606 recon-

1822 636 2029 692 ciliavit
2062 639 2172 692 Deo
2195 640 2276 692 8":
2305 641 2454 694 exuit
2485 651 2666 696 autem
2699 641 3033 710 principatus
3065 651 3121 694 et
3145 652 3389 710 potesta-

1822 738 1906 782 tes
1947 731 2166 797 tyranni
2193 731 2533 801 triumphans
2565 748 2656 788 eas
2689 733 2742 786 in
2776 733 3066 802 semetipso
3090 733 3158 787 ".
3185 733 3386 789 Verum

1823 819 1878 872 in
1917 820 2035 874 haec
2085 837 2181 891 per
2211 836 2495 877 excessum
2527 823 2817 892 quemdam
2851 822 3088 892 prolapsi
3117 822 3384 892 videmur,

1821 912 1915 966 sed
1961 914 2028 966 ad
2061 915 2392 982 propositum
2428 917 2730 968 redeamus.
2780 913 2945 983 igitur
2981 928 3128 968 mors
3173 916 3380 984 peccati

1822 1005 2175 1074 regnavit.ab
2209 1006 2381 1059 Adam
2413 1022 2590 1074 usque
2620 1007 2687 1059 ad
2727 1005 2971 1076 Moysen,
3005 1005 3057 1059 id
3089 1013 3172 1060 εει
3213 1022 3382 1076 usque

1818 1097 1885 1150 ad
1922 1097 2216 1150 adventum
2237 1097 2464 1151 Christi.
2493 1097 2702 1168 Moyses
2741 1098 2884 1150 enim
2937 1096 3027 1151 lex
3063 1097 3382 1166 appellatur,

1817 1197 1872 1240 et
1895 1187 2004 1254 lex,
2039 1189 2183 1243 sicut
2210 1190 2478 1259 scriptum
2507 1201 2614 1254 est,
2653 1203 2828 1259 usque
2875 1189 2942 1244 ad
2961 1187 3186 1244 Joannis
3213 1191 3387 1259 bapti-

1819 1293 1993 1332 smum
2022 1279 2213 1334 habuit
2240 1278 2416 1336 locum
2440 1280 2507 1347 θ’,
2545 1295 2614 1334 ex
2643 1295 2750 1349 quo
2771 1280 2936 1350 cmpit
2979 1278 3135 1334 Jesus
3157 1295 3382 1349 regnum

1821 1370 1911 1424 Dei
1942 1371 2253 1438 prmdicare.
2286 1371 2441 1437 Quod
2471 1381 2652 1426 autem
2679 1372 2894 1442 excepit
2935 1381 3111 1426 certos
3143 1387 3386 1440 quosque

1818 1462 1870 1515 in
1905 1462 2106 1531 quibus
2132 1476 2282 1518 mors
2309 1465 2642 1531 regnaverit,
2671 1478 2793 1518 cum
2835 1462 2968 1517 dicit
2999 1479 3013 1516 :
3054 1479 3073 1514 ι
3119 1461 3387 1529 Regnavit

1817 1567 1964 1605 mors
1993 1551 2044 1604 in
2081 1566 2178 1606 eos
2201 1553 2292 1621 qui
2333 1562 2701 1621 peccaverunt
2735 1551 2849 1622 (89.)
2885 1553 2937 1607 in
2976 1553 3384 1606 similitudinem

1817 1643 2274 1711 prtevaricatiouis
2298 1644 2446 1709 Adae,
2477 1661 2498 1696 ι
2529 1658 2632 1697 non
2659 1644 2789 1697 mihi
2811 1645 3030 1698 videtur
3052 1643 3154 1696 dici
3179 1644 3387 1711 absque

1745 1723 1788 1778 Β
1818 1735 2061 1804 mysterii
2097 1735 2326 1804 alicujus
2347 1735 2547 1789 indicio
2573 1733 2708 1804 (83).
2740 1734 2816 1789 Ne
2846 1733 2989 1789 forte
3019 1748 3146 1803 ergo
3184 1733 3386 1787 fuerint

1814 1825 1981 1896 aliqui
2012 1840 2184 1894 usque
2215 1827 2283 1880 ad
2317 1827 2450 1880 illud
2499 1835 2729 1895 tempus,
2777 1841 2885 1894 quo
2937 1826 3039 1881 sub
3082 1826 3199 1894 lege
3237 1825 3384 1879 velut

1815 1920 1915 1973 sub
1946 1920 2239 1990 padagogo
2272 1920 2522 1973 homines
2575 1920 2935 1985 habebantur,
2985 1920 3080 1988 qui
3133 1918 3240 1974 tale
3282 1919 3383 1972 aii-

1813 2011 1942 2080 quid
1977 2011 2189 2079 egerint
2216 2010 2378 2078 quale
2425 2011 2596 2064 Adam
2644 2011 2757 2082 (8i)
2801 2013 2864 2089 .in
2913 2012 3162 2081 paradiso
3207 2011 3384 2080 egisse

1812 2104 2161 2166 describitur,
2201 2114 2257 2156 et
2285 2103 2580 2172 contigisse
2628 2118 2696 2158 ex
2730 2105 2876 2172 ligno
2924 2103 3132 2158 sciendi
3183 2105 3383 2158 bonum

1811 2203 1866 2248 et
1897 2194 2124 2254 malum,
2159 2201 2214 2247 et
2239 2193 2526 2248 erubuisse
2551 2194 2856 2248 nuditatem
2888 2207 3066 2258 suam,
3115 2202 3279 2262 atque
3310 2195 3380 2248 ab

1815 2284 2148 2340 habitatione
2195 2285 2433 2355 paradisi
2482 2285 2835 2340 decidisse".
2887 2286 2993 2338 Aut
3045 2286 3216 2354 magis
3253 2285 3387 2339 sim-

1811 2377 2026 2444 pliciter
2052 2378 2428 2445 accipiendum
2466 2375 2706 2440 videtur,
2741 2384 2796 2429 et
2834 2375 3137 2429 similitudo
3171 2389 3384 2444 praeva-

1812 2469 2092 2523 ricationis
2125 2469 2256 2523 Adae
2285 2469 2490 2538 absque
2519 2468 2700 2536 aliqua
2739 2467 3083 2522 discussione
3111 2467 3384 2534 recipien-

1810 2559 1901 2623 da,
1930 2567 1987 2611 ut
2030 2559 2132 2612 hoc
2166 2573 2419 2614 sermone
2451 2573 2641 2613 omnes
2673 2558 2767 2626 qui
2817 2573 2884 2611 ex
2928 2558 3097 2611 Adam
3131 2559 3382 2625 praevari-

1809 2658 1994 2704 catore
2029 2650 2140 2702 nati
2175 2658 2302 2704 sunt
2349 2649 2575 2703 iudicari
2622 2649 2924 2715 videantur,
2977 2657 3033 2702 et
3078 2648 3279 2702 habere
3328 2650 3381 2702 in

1809 2741 2118 2810 semetipsis
2148 2740 2557 2795 similitudinem
2605 2739 3072 2810 praevaricationis
3108 2737 3224 2806 ejus
3275 2754 3381 2792 non

1809 2832 1985 2888 solum
2011 2849 2081 2886 ex
2109 2832 2338 2897 semine,
2360 2834 2454 2887 sed
2472 2847 2540 2888 ex
2561 2833 2901 2887 institutione
2917 2840 3225 2902 susceptam
3244 2828 3380 2902 (85).

1807 2924 2009 2981 Omnes
2030 2925 2176 2978 enim
2205 2925 2297 2993 qui
2338 2927 2391 2979 in
2421 2925 2522 2978 hoc
2549 2926 2748 2979 mundo
2780 2933 3107 2989 nascuntur,
3141 2937 3249 2977 non
3286 2938 3380 2977 so-

1811 3017 1919 3072 lum
1953 3017 2268 3071 nutriuntur
2313 3033 2341 3070 a
2380 3017 2721 3086 parentibus,
2749 3018 2843 3071 sed
2871 3027 2928 3071 et
2951 3016 3286 3080 imbuuntur,
3323 3025 3380 3070 et

127 3078 313 3180 iustos
344 3078 478 3182 (80),,
515 3125 570 3168 ει
601 3113 704 3168 levi
733 3115 966 3183 quadam
989 3078 1422 3186 θοεέοιιιυεῖοηθ
1441 3078 1705 3185 ρθέειτίέι-
1733 3078 1775 3136 C
1812 3120 1918 3159 non
1953 3103 2124 3159 solum
2176 3112 2304 3158 sunt
2348 3078 2440 3158 ﬁlii
2483 3078 2852 3174 peccatorum,
2897 3107 2989 3160 sed
3025 3115 3079 3159 et
3104 3078 3379 3172 discipuli.

132 3201 238 3256 xit.
271 3201 332 3256 ln
365 3205 883 3272 praevaricatoribus
913 3219 1062 3272 vero,
1098 3207 1148 3260 id
1176 3216 1259 3262 est
1310 3209 1396 3262 bis
1423 3209 1517 3278 qui
1560 3225 1620 3264 se
1659 3211 1709 3266 ei

137 3301 247 3344 tota
282 3304 466 3346 tuente
496 3307 562 3347 ac
588 3295 876 3351 devotione
901 3294 1220 3364 subjiciunt,
1275 3313 1498 3367 regnum
1537 3309 1710 3367 tenet,

135 3391 196 3435 et
244 3382 397 3436 omni
457 3394 726 3453 potestate
775 3386 1104 3442 dominatur.
1143 3407 1161 3440 ι
1198 3387 1468 3457 Regnavit
1503 3407 1524 3441 ι
1579 3403 1710 3460 ergo

139 3493 156 3525 ι
189 3489 340 3538 mors
373 3475 440 3528 ab
475 3479 671 3538 Adam,
706 3497 725 3529 ι
764 3479 855 3546 qui
889 3481 1096 3548 primus
1141 3481 1431 3535 transitum
1482 3491 1709 3549 peccato

134 3569 186 3622 in
212 3569 360 3624 hunc
388 3571 646 3624 mundum
669 3573 1072 3641 praevaricando
1097 3572 1370 3641 patefecit,
1400 3590 1419 3624 ι
1445 3589 1615 3642 usque
1638 3573 1708 3628 ad

133 3659 417 3732 Moysen,»
455 3661 508 3716 id
543 3672 628 3718 est
683 3679 854 3732 usque
880 3665 946 3718 ad
974 3664 1168 3733 legem.
1209 3664 1318 3720 Per
1347 3665 1516 3736 legem
1555 3667 1701 3720 enim

133 3753 448 3820 puriﬁcatio
483 3765 830 3822 peccatorum
854 3757 1019 3825 cmpit
1048 3758 1272 3826 aperiri,
1323 3768 1378 3812 et
1430 3775 1496 3814 ex
1549 3771 1702 3828 parte

132 3844 316 3914 aliqua
351 3846 619 3916 tyrannidi
667 3848 786 3917 ejus
833 3847 1024 3902 obsisti
1066 3865 1160 3919 per
1200 3851 1430 3918 hostias,
1469 3866 1565 3921 per
1610 3869 1705 3906 ex-

135 3937 408 4006 piationes
435 3940 636 4003 varias,
670 3955 766 4009 per
795 3941 1088 4008 sacriﬁcia,
1127 3958 1224 4012 per
1251 3955 1543 4013 praecepta.
1598 3943 1702 3999 Sed

132 4031 394 4100 quoniam
428 4042 569 4086 tanta
600 4033 721 4102 ejus
749 4043 872 4089 erat
905 4035 1224 4101 dominatio,
1253 4052 1372 4105 quae
1404 4041 1549 4092 vires
1573 4039 1703 4107 legis

133 4122 753 4189 escederet,mittuntur
770 4127 822 4179 in
844 4127 1102 4180 auxilium
1122 4127 1255 4197 legis
1270 4129 1542 4197 prophetae
1563 4130 1698 4200 (8i).

134 4215 242 4272 Sed
282 4226 338 4270 et
369 4217 466 4285 ipsi
499 4220 850 4287 pervidentes
900 4235 1063 4288 supra
1118 4221 1264 4275 vires
1313 4237 1440 4277 suas
1465 4237 1588 4279 esse
1622 4235 1702 4294 ty-

135 4309 295 4363 ranni
351 4312 667 4378 potentiam,
710 4312 1000 4366 adventum
1035 4315 1490 4384 przesentiamque
1531 4317 1701 4386 ipsius

1816 3199 1916 3257 Ubi
1943 3215 2072 3256 vero
2092 3209 2224 3255 aetas
2243 3199 2560 3264 adoleverit,
2593 3209 2649 3253 et
2677 3201 2865 3267 agendi
2891 3216 3010 3268 quae
3031 3200 3195 3254 sentit
3216 3199 3382 3253 liber-

1813 3302 1898 3349 tas
1935 3295 2248 3357 accesserit,
2286 3293 2360 3348 ibi
2403 3292 2516 3362 jam
2544 3302 2636 3346 aut
2664 3294 2840 3362 pergit
2865 3294 2987 3362 quis
3017 3293 3069 3345 in
3107 3293 3247 3345 viam
3282 3307 3380 3359 pa-

1813 3395 1954 3439 trum
1988 3400 2233 3452 suorum,
2259 3385 2484 3440 sicutde
2509 3383 2782 3438 nonnullis
2802 3385 3019 3454 regibus
3035 3384 3294 3438 scribitur
3310 3383 3380 3450 ",

1810 3486 1904 3530 aut
1930 3486 2081 3532 certe
2111 3476 2316 3531 incedit
2351 3477 2404 3530 in
2445 3477 2586 3530 viam
2619 3475 2828 3530 Domini
2867 3476 2957 3529 Dei
2994 3477 3097 3531 sui.
3138 3475 3380 3544 Denique

1809 3572 1876 3627 de
1923 3570 2060 3626 Abel
2107 3571 2217 3625 tale
2269 3569 2476 3639 aliquid
2522 3568 2655 3622 mihi
2701 3567 2930 3622 indicari
2975 3569 3189 3624 videtur
3232 3569 3286 3622 in
3314 3584 3382 3624 eo

1808 3665 1952 3734 quod
1984 3665 2248 3733 scriptum
2275 3673 2360 3718 est
2403 3680 2463 3716 ει
2493 3662 2698 3718 Obtulit
2721 3668 2900 3716 autem
2936 3669 3054 3729 post
3088 3660 3205 3716 dies
3243 3660 3381 3715 Abel

1806 3758 2041 3813 hostiam
2081 3757 2191 3812 Deo
2218 3771 2285 3810 ex
2327 3755 2704 3825 primogenitis
2723 3754 2926 3817 ovium,
2953 3762 3010 3808 et
3038 3768 3103 3807 ex
3131 3753 3383 3820 adipibus

1806 3866 1994 3904 earum
2024 3849 2092 3902 “.
2123 3869 2143 3902 ›
2179 3848 2332 3915 Quod
2358 3862 2487 3916 ergo
2514 3846 2673 3909 dixit,
2703 3862 2722 3896 ι
2752 3853 2875 3914 post
2903 3845 3040 3910 dies,
3072 3861 3091 3894 ι
3150 3846 3252 3898 hoc
3293 3858 3382 3898 os-

1807 3943 2001 4005 tendit,
2041 3941 2165 4010 quia
2223 3942 2413 4009 primis
2459 3939 2678 4010 quidem
2729 3941 2854 3992 vita!
2888 3951 2998 3990 suae
3046 3934 3238 3989 diebus
3285 3948 3383 4002 pa-

1804 4042 1976 4091 terna:
2031 4032 2495 4102 praevaricationis
2553 4029 2984 4086 institutionibus
3053 4028 3378 4090 tenebatur;

1804 4135 1924 4196 post
1966 4125 2088 4179 illos
2147 4139 2274 4178 vero
2325 4123 2440 4178 dies
2491 4123 2578 4176 ubi
2634 4121 2881 4189 resipuit,
2927 4117 3015 4172 ubi
3055 4117 3294 4187 respexit
3314 4117 3381 4171 ad

1805 4223 1970 4274 Deum
2027 4227 2233 4272 natura:
2265 4217 2383 4286 lege
2425 4215 2820 4278 connuouitus,
2878 4212 3079 4267 dicitur
3113 4223 3242 4265 tunc
3284 4211 3383 4263 oh-

1806 4312 1994 4366 tulisse
2049 4309 2284 4365 hostiam
2337 4309 2470 4364 Deo.
2536 4307 2718 4362 Potest
2755 4319 2889 4375 ergo
2942 4304 3025 4358 vel
3078 4303 3182 4358 hoc
3223 4301 3382 4358 modo

133 4403 280 4470 regis
309 4413 558 4464 exorant,
589 4403 891 4459 clamantes
920 4407 986 4458 ad
1016 4405 1180 4460 Deum
1209 4405 1287 4461 διε
1326 4426 1346 4459 ι
1379 4407 1580 4464 Emitte
1623 4409 1704 4462 tu-
1737 4418 1782 4472 ι)
1811 4404 1962 4458 locus
2025 4403 2128 4457 iste
2184 4402 2506 4470 simpliciter
2562 4399 2795 4469 exponi,
2861 4395 2945 4451 vel
3009 4394 3340 4450 occultatum
3362 4431 3380 4458 ,

133 4505 253 4543 cem
289 4501 460 4555 tuam,
490 4503 542 4546 et
568 4493 850 4549 veritatem
886 4503 1066 4557 tuam;
1096 4515 1115 4550 ι
1149 4507 1205 4552 et
1234 4498 1430 4553 iterum
1456 4499 1540 4554 3‘:
1583 4519 1602 4551 ι
1624 4501 1706 4555 Ιιια

134 4585 277 4639 clina
311 4588 478 4641 caelos
507 4598 644 4650 tuos,
668 4597 723 4644 et
749 4591 1046 4657 descende;
1080 4611 1099 4645 ι
1131 4603 1180 4646 et
1217 4609 1429 4648 rursum
1452 4595 1530 4646 8‘:
1560 4613 1577 4646 ι
1603 4595 1706 4650 Ex-

135 4693 322 4748 surge,
359 4679 610 4744 Domine,
640 4680 721 4735 l'er
753 4697 908 4751 opem
943 4683 1123 4739 nobis.
1160 4703 1180 4737 ›
1224 4685 1409 4740 Adfuit
1437 4703 1570 4759 ergo
1615 4687 1708 4744 Je-

134 4785 228 4825 sus
251 4769 503 4828 Christus
532 4773 705 4830 Filius
735 4773 852 4839 Dei,
877 4784 932 4830 et
959 4794 978 4828 ι
1013 4777 1066 4830 in
1093 4791 1203 4846 quo
1234 4794 1253 4828 ι
1288 4777 1374 4832 lex
1409 4796 1428 4830 ι
1466 4781 1708 4838 inﬁrma-

1815 4494 1972 4566 551
2003 4494 2055 4548 in
2086 4508 2152 4548 eo
2205 4495 2348 4562 quod
2399 4492 2549 4556 dicit,
2609 4509 2628 4542 ι
2685 4491 2738 4544 in
2787 4487 3197 4544 similitudinem
3235 4500 3381 4554 pra:-

1815 4589 2166 4646 varicationis
2194 4587 2348 4653 Adae,
2371 4605 2391 4639 ι
2430 4592 2853 4647 sacramentum,
2900 4591 2954 4634 et
3001 4594 3167 4650 prope
3194 4575 3388 4633 ineffa-

1813 4684 2000 4740 biliter
2036 4681 2383 4738 reconditum
2419 4677 2605 4734 subtili
2650 4676 2884 4746 quadam
2910 4673 3279 4742 intelligentiae
3319 4671 3385 4724 Ii-

1811 4797 1912 4838 nea
1943 4778 2123 4847 colligi
2155 4797 2171 4832 :
2204 4783 2264 4829 ut
2295 4774 2339 4828 si
2370 4772 2493 4842 quis
2525 4780 2691 4840 ponat
2715 4777 2943 4823 mortem
2968 4765 3055 4819 bic
3091 4765 3228 4835 (86),
3259 4779 3384 4834 quae

203 4890 254 4963 3’,
285 4889 440 4963 Βοιηι
472 4905 527 4954 ν.
549 4892 631 4963 Ην
705 4889 760 4963 ⁸7⁸(
785 4889 923 4963 Ρεθιο
948 4906 1079 4958 XL",
1106 4892 1170 4963 '5."
1237 4891 1284 4924 ⁸⁸
1314 4894 1448 4949 Psal.
1476 4912 1660 4963 chtu,
1680 4901 1734 4956 5.
1808 4903 1854 4934 ⁸⁸
1879 4899 2020 4953 Psal.
2045 4907 2206 4954 thu,
2231 4888 2323 4944 26.
2397 4887 2442 4963 ξ’
2476 4884 2847 4963 Rom.vtt_t,_3.
2921 4882 2967 4915 ⁸⁸
2990 4881 3037 4963 Il_
3055 4881 3180 4936 Cor.
3205 4897 3256 4944 v,
3291 4881 3376 4940 19.

133 4961 176 4993 ⁸³
213 4961 424 5015 Coloss.
463 4977 525 5023 Il,
555 4961 643 5015 l5.
719 4961 766 4992 9°
798 4961 928 5016 Luc.
969 4953 1078 5027 xvn,
1112 4962 1199 5018 16.
1273 4965 1318 4996 ⁹¹
1345 4966 1483 5020 Gen.
1517 4985 1598 5034 ιιι,
1629 4953 1760 5039 6,7,
1785 4973 1876 5027 25.
1951 4970 1996 5001 θ’
2021 4969 2089 5024 ill
2113 4953 2246 5036 Reg.
2274 4979 2367 5034 xv,
2396 4961 2468 5017 26
2496 4971 2615 5027 seq.
2691 4957 2888 5010 “Gen.
2917 4953 3064 5014 n34.

204 5055 322 5120 (75»
354 5055 452 5109 llis.
484 5071 640 5112 unus.
681 5073 700 5106 ι
746 5055 965 5124 primis,
1002 5075 1021 5107 ι
1057 5057 1209 5116 editi,
1244 5076 1263 5107 ι
1297 5058 1476 5123 primi.
1514 5078 1534 5110 ι

205 5127 320 5197 (76)
363 5125 454 5180 Sic
487 5140 588 5181 ms.
609 5123 756 5197 unus
782 5123 979 5194 Regius
1007 5141 1152 5197 num.
1182 5127 1339 5181 1641.
1364 5127 1556 5184 Caneri
1582 5146 1713 5185 vero

139 5217 266 5252 mss.
321 5208 378 5251 et
432 5198 558 5250 editi
606 5196 838 5258 habent,
893 5213 913 5246 ι
955 5196 1150 5259 quibus
1189 5209 1332 5252 certa
1364 5202 1708 5258 solemnitate

137 5269 357 5328 oblatis,
385 5268 628 5337 diceret:
672 5266 734 5318 Et
768 5267 1070 5320 remittetur
1105 5267 1153 5321 ei
1185 5278 1488 5337 peccatum.
1530 5287 1550 5321 ι

208 5340 322 5403 (77)
348 5338 508 5400 Editi,
537 5355 556 5388 ι
581 5335 814 5405 justum.
847 5354 866 5387 ι

209 5409 324 5478 (78)
358 5407 526 5478 Editi,
565 5425 583 5458 ι
618 5417 673 5461 et
706 5407 815 5478 sub
832 5407 1026 5474 legem.
1058 5425 1077 5458 ι

212 5475 325 5550 (79)
351 5477 449 5550 Ms.
483 5493 644 5550 unus,
671 5495 713 5550 ίι
748 5475 894 5530 aliud
945 5485 1027 5550 est
1065 5477 1208 5550 enim
1245 5477 1508 5550 transire,
1559 5480 1704 5536 aliud

141 5545 512 5617 pertransire:
542 5547 681 5599 aliud
719 5545 1071 5617 pertransire,
1112 5549 1256 5600 aliud
1290 5564 1539 5616 regnare.
1572 5569 1594 5602 ι

213 5618 327 5686 (81))
357 5617 422 5670 In
438 5617 633 5686 justas.
668 5617 830 5681 Editi,
866 5634 886 5666 ι
909 5616 1107 5683 jnstos,
1146 5636 1164 5668 ι
1196 5619 1400 5672 omisso
1433 5636 1452 5668 ι
1482 5623 1558 5675 ἱιι.
1591 5638 1610 5671 ι

220 5687 332 5759 (81)
358 5687 525 5757 Editi,
557 5704 576 5740 ι
618 5687 760 5760 regis
790 5689 1086 5756 prophetae.
1141 5687 1246 5744 Sed
1292 5699 1347 5743 et
1379 5689 1479 5758 ipsi
1511 5689 1703 5760 praevi-

1815 5062 2022 5120 dentes,
2059 5072 2084 5125 t_
2101 5064 2216 5125 etc.
2289 5117 2300 5125 _
2526 5116 2557 5125 γ’
2756 5113 2768 5125 ,

1884 5116 2200 5198 (82)Ἀιίειε,
2233 5137 2251 5170 ι
2287 5117 2340 5170 in
2364 5130 2458 5170 eos
2486 5116 2650 5170 etiam
2678 5116 2770 5182 qui
2797 5128 2902 5168 non
2936 5121 3318 5182 peccaverunt,
3353 5128 3372 5160 ι

1871 5214 1970 5251 ate.

1813 5199 2352 5338 milspgﬂlssmostri,
2386 5273 2405 5306 ι
2430 5254 2648 5338 indicio.
2681 5254 2891 5338 rEditi,
2925 5268 2944 5302 ι
2979 5249 3375 5311 indicatione,»

1814 5325 1908 5400 al.‘,
1952 5325 2340 5390 (indictione,
2374 5343 2394 5376 ι
2423 5326 2576 5400 ..ιν-ι
2612 5325 2902 5379 iudicione.
2933 5340 2954 5372 ι

1883 5396 1998 5475 (⁷84)
2039 5403 2204 5475 Editi,
2241 5416 2260 5448 ι
2293 5397 2435 5465 quod
2461 5396 2652 5475 Adam.
2685 5413 2704 5446 ι

1883 5458 1997 5548 (ἑὲ)
2049 5458 2226 5535 Alias,
2274 5458 2438 5519 (non
2487 5464 2660 5518 solum
2702 5477 2766 5517 ex
2811 5475 3032 5532 genere,
3066 5458 3380 5514 sed...sus-

1809 5559 2117 5688 cel(’ili?i)’Sic
2145 5627 2276 5668 mss.
2303 5608 2433 5666 editi
2457 5621 2608 5675 vero,
2642 5621 2663 5656 ι
2699 5611 2929 5660 mortem
2962 5602 3123 5657 hanc.
3154 5616 3180 5655 ο
