3684 6148
309 274 448 334 1019

1735 290 1737 292 ·
1776 270 2099 330 ORIGENIS

3411 272 3536 331 1020

309 403 565 457 u-gnasse
593 388 792 443 dicitur
820 388 889 444 ab
918 389 1087 443 Adam
1115 404 1286 458 usque
1315 389 1380 443 ad
1401 387 1641 460 Moysen,
1686 389 1740 442 id
1794 398 1879 441 est
1907 393 1953 447 Α
1983 388 2062 439 nit
2087 383 2340 439 Christus
2381 383 2446 438 ad
2489 383 2785 439 Ecclesiam
2834 384 2938 440 sibi
2986 385 3323 440 sociandam.
3360 385 3536 442 Nescio

308 495 478 551 usque
510 481 576 533 ad
607 481 740 550 legis
769 481 929 534 linem
966 492 1022 536 et
1065 481 1390 549 principium
1420 479 1622 535 Christi
1651 521 1667 545 ,
1730 480 1874 532 illam

307 572 417 626 dici
438 571 550 642 (87)
587 573 655 626 de
695 587 803 641 qua
832 574 884 626 iu
917 575 1180 642 propheta
1214 573 1474 627 scribitur
1521 582 1776 640 tanquam
1808 587 1876 625 ex

306 678 536 732 persona
566 665 777 720 Domini
819 665 1093 720 dicentis:
1129 686 1148 717 ι
1190 666 1264 720 De
1315 681 1478 719 manu
1508 665 1706 720 inferni
1763 665 1873 718 eri-

306 754 448 821 piam
477 768 591 822 eos,
619 763 674 809 et
703 757 769 810 de
799 767 972 809 morte
1008 756 1248 810 liberabo
1290 770 1384 810 eos
1411 756 1458 788 ”
1492 771 1506 810 :
1545 775 1563 807 ι
1591 765 1684 809 aut
1732 765 1880 810 certe

306 845 451 912 quod
479 846 587 900 sint
615 849 830 917 excepti
871 847 1060 915 aliqui,
1097 856 1153 901 et
1175 848 1472 902 occultiore
1500 848 1757 919 mysterio
1785 847 1880 901 de-

307 937 526 1004 signati,
549 938 639 1006 qui
668 938 734 991 ad
778 938 1193 992 similitudinem
1243 938 1709 1006 praevaricationis
1751 939 1880 992 Adae

307 1042 560 1095 peccasse
579 1041 972 1091 memorantur,
993 1029 1045 1082 itt
1063 1044 1201 1098 quos
1222 1030 1367 1084 solos
1385 1029 1693 1096 regnaverit
1711 1044 1875 1083 mors.

308 1119 364 1171 Si
402 1133 530 1172 vero
553 1157 569 1180 ,
606 1129 664 1172 ut
713 1119 766 1173 iu
823 1121 1101 1175 nonnullis
1155 1121 1562 1190 exemplaribus
1591 1120 1827 1175 habetur
1857 1163 1872 1186 ,

313 1224 332 1256 ι
361 1208 522 1261 etiam
549 1208 600 1260 in
627 1223 722 1263 eos
744 1209 833 1280 qui
863 1226 966 1262 non
993 1221 1353 1278 peccaverunt
1381 1211 1432 1264 in
1466 1211 1877 1266 similitudinem

311 1302 775 1369 praevaricationis
821 1302 971 1370 Athe,
1012 1324 1030 1356 ι
1067 1319 1215 1358 mors
1265 1304 1390 1366 ista,
1429 1305 1481 1358 id
1529 1299 1636 1367 est,
1674 1320 1794 1373 qua:
1826 1305 1878 1358 in

311 1392 524 1447 inferno
554 1395 764 1450 animas
794 1396 1097 1461 detinebat,
1147 1411 1410 1468 regnasse
1442 1397 1680 1461 dicatur,
1717 1397 1880 1451 intel-

310 1481 528 1551 ligimus
543 1492 600 1536 et
626 1493 843 1538 sanctos
876 1500 1119 1554 quosque
1145 1485 1245 1538 sub
1281 1486 1382 1540 ista
1418 1492 1612 1547 morte,
1646 1483 1809 1536 etiam
1832 1483 1879 1536 si

309 1589 415 1626 non
467 1575 746 1644 peccandi,
780 1583 837 1628 at
890 1588 1039 1632 certe
1089 1577 1359 1631 moriendi
1395 1576 1510 1646 lege
1557 1575 1877 1634 decidisse:

307 1667 583 1720 Chrismm
613 1681 742 1722 vero
770 1667 972 1723 idcirco
997 1670 1047 1723 in
1071 1669 1341 1724 infernum
1367 1669 1735 1733 descendisse,
1773 1684 1877 1721 non

306 1757 480 1811 solum
505 1768 561 1810 ιιι
593 1759 708 1827 ipse
747 1774 852 1812 non
892 1770 1169 1815 teneretur
1201 1778 1230 1814 a
1263 1770 1462 1824 morte,
1489 1762 1582 1816 sed
1609 1771 1669 1815 ut
1695 1770 1752 1814 et
1784 1775 1878 1814 eos
1915 1737 1955 1791 Β

309 1849 398 1916 qui
437 1850 565 1903 inihi
597 1867 700 1904 non
726 1859 834 1904 tam
864 1853 1349 1922 praevaricationis,
1389 1863 1449 1908 ut
1481 1854 1739 1916 diximus,
1771 1853 1880 1908 cri-

311 1936 475 2001 mine,
509 1952 672 2006 quam
719 1939 988 1993 moriendi
1033 1940 1348 1994 conditione
1364 1939 1725 2007 habebantur,
1749 1945 1878 1998 abs-

310 2027 554 2081 traheret
605 2027 719 2096 (88)
757 2047 771 2082 :
810 2029 950 2084 sicut
997 2030 1261 2098 scriptum
1314 2039 1444 2085 est:
1483 2031 1610 2099 quia
1653 2049 1672 2082 ι
1714 2032 1878 2087 multa

311 2132 540 2186 corpora
575 2131 884 2174 sanctorum
915 2121 1298 2176 dormientium
1348 2133 1710 2176 surrexerunt
1758 2139 1879 2176 cuin

309 2208 421 2275 illo,
452 2221 504 2263 et
545 2209 780 2279 ingressi
811 2221 938 2266 sunt
984 2213 1036 2266 iu
1069 2223 1316 2268 sanctam
1357 2214 1634 2269 civitatem
1664 2216 1732 2267 ⁸³.
1767 2235 1785 2264 ι
1823 2216 1879 2270 ln

306 2317 417 2370 quo
441 2313 498 2358 et
526 2303 809 2374 Propheta:
830 2306 972 2360 dicta
996 2306 1340 2374 complentur
1360 2307 1558 2377 quibus
1579 2308 1656 2362 ait
1681 2306 1790 2377 (89)
1811 2306 1878 2361 de

307 2395 568 2450 Christo:
602 2415 620 2447 ι
659 2392 972 2452 Ascendeus
1029 2398 1081 2452 in
1133 2397 1302 2452 altum
1338 2438 1353 2464 ,
1417 2399 1688 2468 captivam
1727 2401 1882 2454 duxit

307 2489 676 2558 captivitatem
699 2491 766 2542 ’⁸.
808 2509 826 2542 ι
861 2490 926 2544 Ει
959 2490 1062 2545 hoc
1095 2491 1255 2545 modo
1287 2506 1384 2560 per
1419 2495 1878 2547 resurrectionem

307 2595 461 2634 suam
493 2581 685 2637 mortis
729 2581 946 2650 quidem
972 2582 1084 2652 jam
1123 2597 1284 2652 regna
1333 2583 1623 2649 destruxit,
1658 2585 1800 2639 unde
1824 2595 1880 2640 et

307 2672 681 2740 captivitatem
705 2672 962 2726 scribitur
987 2673 1273 2726 liberasse.
1309 2671 1488 2743 [psmn
1521 2689 1653 2727 vero
1692 2675 1878 2728 inimi-

306 2778 429 2815 cum
458 2774 514 2818 et
548 2774 865 2833 tyrannum,
893 2764 1048 2834 cujus
1095 2779 1258 2834 regna
1289 2763 1536 2818 dissolvit
1569 2764 1704 2836 (90),
1751 2766 1877 2820 audi

307 2857 576 2924 quomodo
604 2857 750 2912 dicat
776 2857 1068 2926 Apostolus
1109 2857 1494 2912 destruendum
1523 2876 1538 2912 :
1577 2875 1597 2908 ι
1629 2857 1876 2912 Novissi-

309 2965 451 3015 ntus,
491 2969 512 3001 ι
555 2951 747 3020 inquit,
791 2970 810 3002 ι
844 2950 1094 3004 inimicus
1117 2951 1430 3005 destruetur
1447 2965 1594 3005 mors
1619 2951 1686 3006 ’7.
1722 2971 1740 3003 ι
1771 2953 1876 3006 Re-

307 3056 473 3108 gnum
504 3057 633 3096 vero
656 3043 766 3110 jam
793 3043 983 3098 mortis
1008 3043 1342 3098 destructum
1382 3053 1486 3105 est,
1516 3053 1570 3098 et
1593 3045 1878 3113 captivitas

309 3146 429 3200 qute
468 3133 570 3186 sub
591 3148 655 3188 ea
699 3135 984 3189 tenebatur
1031 3135 1260 3190 abducta
1295 3145 1397 3189 est.
1452 3134 1557 3190 Sed
1591 3137 1718 3206 quia
1769 3137 1882 3206 ipse

310 3225 561 3280 inimicus
586 3237 639 3280 et
670 3235 932 3298 tyrannus
973 3229 1154 3283 adhuc
1195 3229 1246 3283 in
1273 3229 1571 3284 itavissituo
1607 3241 1662 3284 et
1691 3231 1744 3285 in
1776 3232 1883 3287 ﬁne

309 3315 496 3370 saeculi
525 3318 886 3375 destruendus
912 3330 997 3375 est
1019 3318 1158 3392 (01),
1196 3321 1402 3375 idcirco
1431 3323 1600 3376 etiam
1627 3338 1770 3378 nunc
1804 3325 1884 3380 vi-

311 3414 500 3464 denms
519 3428 641 3467 eum
680 3431 784 3469 non
811 3425 919 3469 tam
947 3431 1200 3486 regnare,
1231 3432 1393 3486 quam
1426 3417 1737 3473 latrocinari
1767 3437 1782 3485 ;
1829 3429 1886 3475 et

312 3504 596 3571 depulsum
627 3520 814 3572 regno,
839 3522 937 3575 per
959 3507 1174 3561 deserta
1207 3518 1260 3562 et
1292 3509 1412 3562 avia
1451 3511 1882 3565 circumeuntem

311 3609 557 3661 quaerere
584 3595 689 3650 sibi
720 3596 1016 3652 inﬁdelium
1049 3614 1269 3653 manum
1301 3617 1316 3666 ;
1361 3613 1410 3654 et
1445 3601 1568 3656 ideo
1614 3602 1887 3657 clamabat

311 3688 645 3754 Apostolus:
675 3707 695 3740 ι
727 3688 842 3744 Non
873 3705 1004 3761 ergo
1055 3703 1248 3763 regnet
1290 3704 1575 3762 peccatum
1611 3695 1663 3749 in
1698 3707 1884 3750 vestro

315 3780 527 3834 mortali
551 3796 778 3852 corpore
804 3784 868 3836 ad
897 3785 1264 3840 obediendum
1299 3785 1591 3842 desideriis
1620 3786 1737 3856 ejus
1760 3789 1827 3841 ”.
1856 3807 1875 3839 ι

314 3867 514 3923 Verum
552 3887 652 3927 nos
707 3875 952 3929 contenti
1008 3877 1397 3944 perstrinxisse
1429 3880 1619 3947 paucis
1664 3895 1727 3933 ea
1760 3895 1882 3949 quae

310 3958 603 4026 Apostolus
633 3964 846 4017 obtecta
874 3964 987 4034 (92)
1018 3981 1139 4021 esse
1169 3967 1357 4032 voluit,
1383 3970 1662 4037 sequentia
1699 3971 1886 4039 requi-

314 4065 519 4104 ramus.
553 4051 778 4108 Addidit
809 4065 928 4124 post
967 4057 1080 4112 haec
1108 4077 1121 4111 :
1159 4077 1178 4109 ι
1215 4058 1317 4125 Qtti
1349 4071 1431 4114 est
1461 4060 1631 4114 forma
1655 4060 1879 4120 futuri.»

313 4141 466 4204 Ouod
495 4145 708 4213 quidem
736 4149 1050 4217 ambiguum
1085 4152 1213 4206 mihi
1240 4153 1474 4217 videtur,
1510 4164 1692 4208 utrum
1720 4171 1786 4210 ex
1819 4173 1886 4211 eo

317 4244 555 4303 tempore
578 4252 684 4304 quo
716 4239 830 4295 inec
857 4242 1131 4296 scribebat
1162 4245 1470 4312 Apostolus,
1513 4245 1680 4300 Adam
1718 4247 1884 4304 futuri

317 4326 484 4380 forma
515 4330 734 4396 dicitur,
767 4334 909 4401 quod
940 4341 1023 4388 est
1074 4335 1254 4388 saeculi
1304 4337 1514 4390 venturi
1543 4352 1559 4401 ;
1595 4353 1664 4392 an
1716 4355 1746 4392 a
1801 4354 1888 4393 se-

1979 490 2108 531 sane
2141 476 2409 544 quomodo
2438 477 2559 545 quis
2587 478 2762 546 possit
2797 486 2851 531 et
2877 477 3384 546 praevaricationem
3409 479 3536 546 ejus,

1979 578 2034 620 et
2061 577 2365 637 peccatum,
2395 577 2448 623 et
2480 569 2581 624 hoc
2610 569 2750 638 quod
2779 583 2929 623 mors
2962 570 3252 638 peripsum
3278 571 3333 624 in
3362 585 3537 627 omnes

1982 659 2231 713 homines
2268 661 2605 728 pertransiit,
2643 661 2695 714 iu
2741 659 2970 714 turmam
3003 659 3204 716 Christi
3246 670 3496 730 coaptare
3519 702 3536 729 ,

1980 753 2082 807 nisi
2112 752 2252 808 forte
2279 768 2347 806 ex
2371 753 2690 817 contrariis,
2723 762 2781 806 ut
2807 752 2950 806 idem
2983 753 3278 822 Apostolus
3306 755 3362 808 in
3396 770 3538 824 supe-

1981 847 2216 902 rioribus
2243 847 2488 917 exponit,
2511 862 2632 900 cum
2663 845 2825 900 dicit:
2859 863 2877 896 ι
2912 844 3063 900 Sicut
3091 845 3238 900 enim
3265 861 3363 915 per
3391 861 3540 901 unum

1982 940 2254 994 hominem
2291 955 2458 1004 mors,
2494 940 2564 992 ita
2614 948 2670 993 et
2700 953 2796 1008 per
2819 955 2989 994 unum
3023 940 3362 994 resurrectio
3405 955 3542 994 mor-

1983 1041 2196 1085 tuorum
2223 1032 2286 1098 ¹;
2334 1051 2352 1082 ι
2395 1044 2449 1086 et
2475 1031 2670 1085 iterum
2703 1050 2716 1085 :
2771 1049 2793 1084 ι
2829 1032 2983 1086 Sicut
3033 1032 3179 1086 enim
3229 1047 3331 1101 per
3370 1032 3545 1087 inobe-

1982 1125 2240 1180 dientiam
2270 1124 2428 1178 unius
2464 1123 2703 1178 hominis
2748 1134 3065 1193 peccatores
3099 1123 3390 1178 constituti
3431 1134 3546 1178 sunt

1983 1217 2162 1280 mttlti,
2191 1217 2262 1271 ita
2288 1226 2341 1272 et
2371 1231 2467 1286 per
2501 1215 2659 1270 unius
2679 1216 3043 1271 obedientiam
3062 1217 3194 1285 justi
3221 1216 3546 1270 constituen-

1984 1317 2073 1362 tur
2094 1309 2246 1362 multi
2273 1309 2314 1362 ⁸.
2355 1327 2374 1360 ›
2408 1308 2462 1362 Si
2489 1321 2620 1363 vero
2651 1306 3018 1377 intelligamus
3041 1307 3361 1376 Apostolum
3389 1322 3418 1360 a
3444 1309 3547 1361 suis

1985 1401 2322 1469 temporibus
2354 1397 2554 1468 quibus
2623 1399 2741 1454 haec
2800 1399 3097 1461 scribebat,
3147 1397 3359 1452 dixisse
3387 1397 3544 1450 Adam

1984 1491 2149 1545 futuri
2177 1505 2300 1546 esse
2334 1489 2588 1554 formam,
2612 1489 2685 1542 ita
2714 1490 2885 1560 magis
2905 1488 3248 1558 intelligitur,
3273 1489 3422 1558 quod
3447 1490 3548 1544 sic-

1983 1593 2040 1638 ut
2111 1585 2162 1639 in
2216 1585 2316 1638 hoc
2353 1582 2551 1637 saeculo
2589 1596 2737 1637 mors
2765 1583 3012 1651 regnavit
3035 1597 3128 1652 per
3161 1598 3334 1636 unum
3365 1583 3546 1648 Adam,

1983 1685 2037 1730 et
2086 1676 2320 1732 mortale
2360 1673 2612 1728 eii‘ectum
2641 1682 2727 1727 est
2747 1687 2908 1727 oume
2931 1673 3213 1727 hominum
3245 1687 3442 1743 genus,
3481 1675 3547 1729 ita

1987 1779 2042 1823 ct
2065 1769 2119 1824 iu
2152 1768 2336 1822 futuro
2381 1764 2582 1821 sarculo
2623 1766 2734 1818 vita
2765 1765 3018 1833 regnabit
3045 1779 3140 1833 per
3167 1763 3468 1827 Christum,
3502 1774 3550 1819 et

1986 1861 2393 1915 immortalitate
2451 1858 2739 1914 donabitur
2807 1871 2971 1911 omne
3041 1857 3327 1912 hominum
3370 1873 3546 1926 genus.

1987 1953 2254 2008 Similiter
2284 1964 2463 2008 autem
2497 1960 2556 2006 ut
2598 1950 2652 2005 in
2691 1949 2792 2003 hoc
2823 1947 3140 2017 ambiguum
3173 1948 3420 2002 diximus
3441 1961 3550 2002 esse

1985 2060 2289 2102 sermonem
2319 2060 2426 2114 quo
2477 2044 2572 2106 ait,
2605 2062 2624 2095 ι
2661 2042 2762 2108 Qui
2795 2049 2878 2095 est
2929 2039 3098 2095 forma
3133 2038 3308 2093 futuri
3339 2039 3379 2103 ³,
3422 2055 3440 2086 ο
3472 2039 3546 2094 in-

1984 2137 2232 2190 venimus
2255 2145 2312 2189 et
2356 2135 2422 2189 ad
2463 2135 2816 2189 Colossenses
2874 2130 3125 2200 ambigue
3150 2130 3442 2199 scriptum,
3471 2130 3549 2182 ubi

1985 2226 2119 2282 dicit
2151 2245 2164 2279 :
2213 2245 2233 2277 t
2266 2225 2380 2280 Non
2405 2239 2538 2294 ergo
2587 2237 2687 2279 vos
2725 2221 2934 2290 judicet
2985 2221 3272 2290 quisquam
3305 2221 3362 2274 in
3396 2218 3550 2282 cibo,

1985 2329 2078 2373 aut
2107 2321 2158 2374 in
2194 2329 2344 2389 potu,
2379 2327 2472 2372 aut
2500 2318 2552 2372 in
2582 2326 2738 2388 parte
2773 2316 2880 2372 diei
2906 2314 3051 2378 festi,
3086 2321 3179 2369 aut
3211 2312 3510 2368 ncomeniis
3532 2348 3549 2375 ,

1986 2411 2348 2466 autSahbatis
2372 2451 2388 2476 ,
2435 2425 2556 2481 qua:
2589 2419 2722 2466 sunt
2775 2411 2966 2466 umbra
3015 2411 3328 2464 futurorum
3353 2407 3398 2463 ⁸.
3437 2424 3457 2458 ι
3491 2406 3550 2460 Et

1986 2502 2113 2556 item
2140 2503 2268 2557 alibi
2300 2501 2439 2557 idem
2482 2502 2776 2572 Apostolus
2809 2503 2944 2558 dicit
2979 2521 2994 2556 :
3044 2521 3064 2553 ι
3125 2499 3389 2556 Umbram
3416 2499 3552 2553 enim

1985 2594 2148 2649 habet
2176 2595 2257 2648 lex
2295 2595 2558 2650 bonorum
2586 2593 2892 2650 futurorum
2917 2595 2962 2649 ⁸.
3002 2613 3020 2646 ο
3056 2594 3114 2648 1η
3139 2592 3346 2663 quibus
3374 2593 3548 2660 utique

1984 2687 2177 2742 similis
2214 2685 2482 2741 dubitatio
2504 2686 2616 2756 (95)
2649 2695 2758 2751 est,
2781 2695 2960 2740 utrum
2991 2686 3168 2750 cibus,
3199 2692 3256 2738 et
3283 2692 3472 2752 potus,
3500 2691 3549 2736 et

1984 2780 2100 2833 dies
2129 2779 2273 2842 festi,
2295 2787 2351 2834 et
2373 2781 2693 2844 neomeniae,
2719 2788 2776 2833 et
2791 2778 3050 2840 Sabbata,
3069 2777 3144 2831 ita
3174 2776 3421 2832 habeant
3444 2791 3550 2828 um-

1985 2872 2140 2925 bram
2165 2873 2490 2936 futurorum,
2524 2871 2662 2926 utin
2701 2873 2936 2926 adventu
2963 2871 3165 2926 Christi
3201 2871 3412 2924 veritas
3441 2884 3548 2921 utn-

1987 2963 2095 3015 bne
2119 2962 2286 3030 ipsius
2317 2961 2609 3030 adimpleta
2655 2961 2758 3027 sit;
2799 2975 2867 3014 an
2916 2959 2970 3014 in
3019 2958 3204 3013 futuro
3235 2955 3440 3011 suacqu
3487 2955 3551 3008 sit

1985 3050 2275 3121 implenda.
2303 3051 2410 3106 Sed
2439 3061 2492 3104 et
2519 3050 2662 3118 quod
2686 3049 2817 3104 dicit
2843 3047 3154 3120 Apostolus,
3177 3055 3356 3101 totam
3385 3045 3545 3114 legent

1987 3141 2232 3196 umbram
2269 3141 2473 3196 habere
2504 3141 2810 3195 futurorum
2845 3139 3134 3202 bonorum,
3163 3147 3356 3191 utrum
3382 3137 3435 3189 iit
3462 3135 3550 3189 ad-

1984 3242 2147 3287 ventu
2181 3234 2406 3301 Christi,
2437 3249 2504 3287 an
2535 3233 2588 3287 iu
2625 3230 2807 3286 futuro
2829 3230 3027 3286 saculo
3051 3230 3260 3284 umbrae
3290 3229 3448 3282 istius
3463 3241 3549 3280 ex-

1985 3326 2178 3396 plenda
2217 3327 2290 3379 sit
2323 3327 2548 3390 veritas,
2612 3325 2881 3379 incertum
2937 3330 3021 3376 est
3059 3339 3076 3387 ;
3128 3321 3257 3390 quia
3283 3329 3344 3375 et
3373 3319 3425 3372 itt
3452 3317 3546 3372 alio

1986 3415 2105 3472 loco
2128 3417 2390 3472 scribitur
2423 3417 2588 3471 etiam
2616 3415 2684 3470 de
2718 3413 2804 3468 his
2831 3427 2952 3481 qua:
2974 3413 3072 3467 sub
3093 3411 3212 3481 lege
3238 3422 3394 3475 sunt,
3421 3407 3549 3478 quod

1986 3508 2175 3564 forma:
2209 3521 2265 3564 et
2295 3512 2502 3565 umbrae
2535 3508 2853 3564 deserviant
2873 3505 3174 3560 caelestium
3209 3504 3254 3558 ⁸.
3300 3502 3406 3569 Qui
3434 3517 3550 3572 ergo

1987 3601 2103 3655 vult
2155 3610 2400 3656 astruere
2467 3601 2611 3670 quod
2646 3600 2698 3654 in
2753 3597 2988 3653 adventu
3033 3597 3240 3653 Christi
3270 3599 3379 3651 ista
3411 3610 3550 3651 cotu-

1987 3695 2128 3764 pleta
2160 3695 2290 3758 siut,
2323 3695 2428 3749 cibi
2452 3705 2506 3747 et
2526 3703 2686 3763 potus
2725 3693 2964 3746 rationes
2991 3691 3348 3746 conﬁrmabit
3373 3689 3549 3758 exple-

1991 3797 2074 3842 tas
2106 3785 2158 3840 in
2187 3800 2254 3841 eo
2288 3785 2379 3840 ubi
2441 3783 2637 3838 Petrus
2670 3797 2766 3852 per
2821 3781 3088 3837 visionem
3118 3781 3252 3835 vidit
3285 3781 3342 3834 in
3400 3781 3552 3836 linteo

1987 3893 2149 3933 omne
2186 3893 2358 3947 genus
2389 3878 2702 3932 animalium
2755 3877 2973 3946 deponi,
3003 3883 3058 3930 et
3086 3875 3296 3929 audivit
3328 3889 3509 3930 vocem
3535 3892 3548 3928 :

1995 3991 2013 4024 ι
2038 3969 2192 4037 Quod
2229 3973 2367 4029 Deus
2387 3971 2691 4037 inundavit,
2721 3979 2777 4024 tu
2806 3984 3094 4024 commune
3123 3985 3192 4023 ne
3221 3969 3474 4025 dixeris'
3502 3985 3545 4023 τι

1988 4072 2132 4139 quod
2163 4068 2229 4122 ad
2255 4065 2498 4120 diversos
2539 4062 2726 4132 utique
2761 4063 3035 4117 hominum
3059 4059 3223 4131 552
3250 4077 3433 4116 mores
3455 4077 3547 4129 .re-

1989 4161 2162 4214 fertur
2191 4177 2204 4212 :
2231 4167 2285 4213 et
2315 4155 2565 4226 poculum
2587 4154 2732 4208 dicet
2771 4168 2896 4210 esse
2947 4153 3172 4208 calicem
3205 4153 3342 4207 Novi
3369 4152 3549 4208 Testa-

1989 4251 2152 4306 menti
2183 4268 2197 4306 :
2226 4251 2367 4305 diem
2401 4262 2618 4319 quoque
2645 4244 2844 4300 festum
2862 4245 3135 4316 probabit,
3164 4245 3256 4300 ubi
3301 4263 3323 4296 ι
3361 4243 3547 4314 pascha

1988 4353 2231 4396 nostrum
2262 4340 2573 4394 immolatus
2598 4347 2685 4394 est
2711 4336 2968 4393 Christus
2991 4335 3034 4400 ³,
3064 4355 3084 4388 ι
3120 4345 3177 4389 et
3208 4336 3351 4390 diem
3368 4335 3547 4390 festum

319 4418 568 4486 metipso,
596 4421 646 4475 id
672 4431 776 4489 est,
815 4425 881 4480 ab
913 4426 1084 4478 Adam
1107 4424 1300 4492 futuri,
1335 4437 1393 4482 ut
1439 4431 1492 4484 in
1521 4431 1741 4485 Christo
1791 4446 1882 4486 ac-
1910 4435 1959 4496 υ
1984 4435 2323 4489 celebramus
2347 4451 2366 4484 ι
2393 4447 2501 4488 non
2531 4432 2582 4485 in
2613 4430 2878 4486 fermento
2907 4427 3100 4495 veteri,
3127 4431 3223 4483 sed
3254 4428 3312 4482 in
3353 4429 3546 4499 azymis

315 4512 549 4579 cipiatur
583 4537 594 4569 :
625 4517 768 4584 quod
798 4526 1008 4586 tempus
1046 4521 1308 4590 Apostolo
1361 4520 1477 4576 haec
1514 4523 1770 4576 scribenti
1802 4523 1884 4575 fu-

319 4612 494 4656 turum
521 4620 627 4659 non
661 4618 800 4672 erat,
825 4612 920 4664 sed
954 4613 1289 4678 praeteritum
1314 4614 1600 4682 :quamvis
1626 4623 1682 4668 et
1709 4613 1762 4667 in
1780 4614 1885 4668 alio

317 4695 433 4750 loco
453 4712 576 4751 cum
609 4700 676 4754 de
709 4702 876 4755 Adam
909 4714 964 4758 ct
989 4705 1097 4758 Eva
1140 4705 1456 4776 loqueretur
1487 4707 1626 4760 idem
1654 4705 1886 4774 Aposto-

316 4786 418 4848 lus,
449 4788 645 4844 dixerit
673 4810 688 4845 :
719 4810 738 4842 ι
774 4793 1084 4864 Mysterium
1117 4799 1217 4852 hoc
1243 4814 1496 4868 magnum
1517 4807 1641 4853 est:
1673 4814 1770 4869 ego
1791 4813 1887 4853 au-

319 4891 422 4933 tctu
456 4883 576 4936 dico
605 4886 658 4937 in
695 4886 917 4942 Christo
940 4897 995 4943 et
1029 4889 1082 4943 iit
1112 4889 1350 4944 Ecclesia
1381 4891 1467 4954 °’;
1499 4910 1519 4944 ι
1559 4892 1610 4945 itt
1661 4906 1770 4960 quo
1804 4891 1886 4944 vi-

315 4971 473 5025 detur
499 4972 600 5028 hoc
650 4979 822 5047 magis
881 4980 1038 5035 nobis
1071 4981 1136 5034 ad
1189 4981 1596 5052 intelligendum
1629 4983 1841 5038 dedisse
1865 5022 1884 5048 ,

315 5067 460 5131 quod
493 5065 664 5122 forma
695 5069 862 5125 futuri
914 5073 1131 5127 dicatur
1158 5074 1332 5128 Adam
1364 5077 1415 5128 in
1445 5089 1512 5130 eo
1534 5075 1680 5146 quod
1713 5075 1884 5130 adve-

387 5207 434 5240 ⁹¹⁵
461 5205 599 5259 Osee
630 5222 767 5270 xm,
806 5207 891 5260 M.

316 5277 362 5310 "
390 5279 582 5345 Ephcs.
619 5294 669 5340 v,
708 5278 794 5330 5'2.
877 5280 893 5308 ί
927 5277 945 5331 l
976 5277 1100 5333 Cor.
1135 5294 1220 5341 xv,
1245 5281 1336 5335 ιιι.

318 5365 450 5412 vni,
495 5349 548 5402 5.
625 5350 643 5378 "
688 5349 812 5404 Act.
843 5365 916 5411 Χ,
953 5348 1040 5403 15.
1115 5348 1137 5378 ⁸
1181 5351 1197 5402 l
1244 5349 1369 5403 Cor.
1405 5368 1456 5412 v,
1485 5351 1536 5404 7.
1611 5354 1630 5383 ’
1670 5352 1799 5405 ibid.
1833 5352 1888 5406 8.

391 5444 503 5511 (8'7)
535 5444 672 5497 Dici.
707 5443 761 5497 lit
789 5457 944 5498 antea
978 5444 1138 5499 editis
1159 5445 1451 5498 omittitur.

393 5515 502 5584 (88)
535 5516 890 5568 Abstraheret.
926 5514 1017 5568 Sic
1046 5515 1252 5569 rectius
1285 5515 1561 5572 ltabanus.
1592 5516 1732 5570 Editi
1761 5532 1887 5570 vero

320 5595 376 5635 et
402 5600 529 5636 mss.
569 5585 762 5649 nostri,
805 5604 823 5636 ι
860 5584 1184 5640 absolveret.
1219 5603 1239 5637 ›

396 5652 505 5725 (89)
541 5654 703 5725 Editi,
734 5673 753 5704 ι
789 5657 880 5725 qui
917 5657 1012 5709 ait.
1051 5674 1069 5708 ι
1658 5712 1664 5718 ,

393 5723 506 5786 (90)
543 5724 703 5788 Εύίιί.
742 5745 760 5775 ‹
802 5723 1188 5783 dissolvuntur.
1231 5745 1248 5779 ι
1285 5725 1486 5782 Deinde
1543 5743 1643 5784 ius.
1693 5742 1831 5782 unus
1865 5765 1880 5788 .

1967 5351 2009 5382 ¹⁰
2043 5348 2271 5402 Malach.
2328 5362 2422 5412 tv,
2477 5344 2532 5398 2.

1989 4523 2323 4580 sinceritatis
2347 4533 2404 4578 et
2437 4522 2686 4576 veritatis
2707 4521 2750 4575 '.
2796 4539 2816 4572 ι
2845 4520 3110 4575 Similiter
3131 4529 3189 4574 et
3216 4520 3544 4579 neomenias,

1992 4618 2094 4672 hoc
2118 4625 2202 4670 est
2237 4630 2409 4669 novos
2455 4629 2667 4668 menses
2691 4613 2805 4668 ﬁeri
2840 4615 3088 4667 ostendet
3141 4627 3240 4680 per
3282 4611 3545 4667 Christum

1993 4709 2171 4763 Solem
2193 4707 2421 4777 justitia:
2446 4707 2511 4773 ‘°,
2542 4717 2596 4760 et
2619 4707 2892 4775 apostolos
2908 4704 3073 4775 (ejus.
3104 4703 3212 4760 Sed
3243 4713 3301 4759 et
3319 4704 3542 4759 Sabhata

1992 4801 2269 4855 observari
2293 4799 2530 4866 docebit,
2559 4815 2662 4854 non
2689 4802 2955 4868 portando
2979 4812 3148 4853 onera
3185 4798 3421 4865 peccati,
3463 4796 3546 4849 sed

1991 4896 2184 4948 stando
2211 4907 2648 4962 unumquemque
2674 4893 2943 4948 stabiliter
2972 4895 3023 4945 in
3051 4893 3170 4946 loco
3198 4907 3322 4957 suo,
3340 4907 3439 4944 non
3463 4902 3545 4941 ac-

1993 4983 2309 5036 cendentetn
2342 4981 2519 5048 ignem
2551 4981 2614 5044 “,
2645 4981 2713 5033 de
2745 4995 2854 5048 quo
2875 4993 2967 5046 per
2989 4979 3307 5047 prophetam
3339 4978 3539 5031 dicitur:

1996 5092 2014 5125 t
2051 5073 2127 5126 ltc
2162 5074 2211 5126 in
2242 5073 2445 5127 lumine
2492 5073 2633 5142 ignis
2680 5072 2880 5136 vestri,
2921 5080 2976 5124 et
3017 5068 3250 5124 ﬂammae
3279 5084 3434 5139 quam
3463 5081 3544 5121 ac-

998 5207 1044 5240 ”
1091 5207 1277 5262 Matth.
1311 5225 1460 5262 xxvn
1487 5253 1501 5273 ,
1543 5209 1613 5263 5‘2
1643 5249 1657 5268 .
1717 5210 1807 5264 55.
1881 5210 1928 5242 ⁸⁸
1961 5207 2105 5262 Psal.
2141 5220 2313 5266 vatt,
2339 5204 2430 5258 19.
2503 5204 2547 5234 ³⁷
2579 5202 2601 5256 1
2634 5203 2761 5256 Cor.
2796 5218 2883 5265 xv,
2909 5202 2999 5255 26.
3072 5201 3120 5233 "
3152 5201 3312 5256 Rom.
3362 5217 3430 5273 vi,
3466 5198 3541 5273 l2.

1412 5282 1431 5311 ³
1460 5281 1615 5334 liom.
1651 5297 1704 5342 v,
1745 5283 1831 5334 lt).
1909 5281 1930 5311 ³
1963 5279 2092 5333 ihul.
2144 5277 2223 5330 14.
2302 5274 2556 5329 ‘Coluss.
2590 5290 2653 5339 ll,
2692 5273 2777 5327 l6.
2851 5275 2872 5305 ⁸
2899 5273 3062 5327 llebr.
3107 5289 3180 5336 x,
3222 5274 3273 5325 1.

3349 5273 3370 5302 ⁸
3395 5270 3542 5324 Hebr.

2612 5346 2652 5376 ιι
2686 5343 2857 5400 Exod.
2890 5359 2974 5397 xvr
2999 5384 3014 5408 ,
3040 5342 3146 5408 29;
3177 5358 3345 5409 xxxv,
3369 5341 3417 5398 5.

2000 5463 2019 5498 ι
2054 5445 2176 5499 audi
2207 5444 2425 5511 quando
2453 5443 2598 5496 dicat
2629 5440 2943 5510 Apostolus,
2978 5460 2995 5493 ι
3030 5451 3138 5497 etc.

2091 5515 2180 5584 9|)
2214 5513 2328 5568 Eu.
2376 5513 2533 5566 Deest
2551 5511 2613 5584 _iu
2647 5513 2827 5565 editis.

2094 5579 2180 5652 '92)
2215 5585 2380 5650 Editi,
2424 5603 2443 5635 ι
2475 5581 2712 5651 objecta,
2751 5599 2768 5631 ι
2804 5579 2958 5637 male.

2067 5653 2176 5728 (95)
2205 5656 2364 5723 Ει1ἱιὶ,
2405 5673 2422 5707 ι
2461 5653 2778 5724 disputatio.
2812 5669 2832 5703 ι
