3684 6148
177 284 311 340 ΙΟἮ

1183 287 1497 344 ΟΜΜΕΝΤ.
1543 289 1608 346 ΙΝ
1649 289 1868 349 EPIST.
1908 298 2002 352 AD
2038 299 2207 357 ROM.
2243 298 2368 355 UB.
2406 297 2474 353 Υ.

3295 297 3436 352 102?.

170 397 445 454 cendistis
470 397 626 455 vobis
657 399 722 454 ".
763 417 782 452 ι
819 397 972 455 Alius
997 414 1126 457 vero
1167 404 1260 472 qui
1311 404 1516 462 formas
1547 408 1681 464 istas
1705 418 1760 465 et
1785 413 1835 468 Δ
1859 430 2050 472 omnes
2077 434 2090 470 :
2123 425 2180 470 ut
2208 416 2353 472 sicut
2395 429 2542 470 mors
2568 429 2668 485 per
2698 429 2867 470 unum
2899 425 3226 486 regnaverat
3253 415 3304 470 in
3341 417 3436 470 de-

173 489 425 543 umbram
453 486 589 560 legis
610 490 678 542 ad
705 488 946 544 tutorum
974 490 1231 548 saeculum
1263 496 1546 565 transfert,
1573 508 1628 553 et
1656 501 1759 554 mi-

173 581 530 635 nisteriorum
557 581 859 636 ccelestium
886 584 987 638 has
1023 598 1144 640 esse
1167 587 1315 642 ducit
1338 587 1452 662 (94)
1488 591 1757 663 imagines

172 673 232 726 in
285 673 373 727 illa
433 673 642 728 caelesti
687 673 988 731 Jerusalem
1035 679 1408 750 complendas,
1444 682 1513 738 de
1543 683 1671 739 cibo
1701 691 1756 740 et

169 773 304 834 potu
333 764 621 820 conabitur
657 767 942 838 assignare
985 774 1284 826 secundum
1315 789 1380 829 ea
1415 790 1538 845 quae
1569 757 1757 832 Domi;

171 871 279 911 nus
312 855 445 911 dicit
471 856 555 911 ¹³ε
597 875 617 909 ‹
653 858 835 914 Donec
869 859 1050 915 bibam
1081 861 1210 916 illud
1243 879 1441 920 novum
1477 869 1752 924 vobiscum

170 945 229 1000 in
265 961 432 1016 regno
456 946 635 1002 Patris
665 949 795 1004 mei.
829 968 848 1002 ι
881 949 986 1004 Sed
1011 959 1066 1006 et
1095 953 1234 1006 diem
1263 954 1460 1010 festum
1488 958 1635 1014 dicet
1664 975 1754 1014 sc-

172 1041 417 1093 cundum
467 1041 749 1110 prophetae
777 1042 1023 1100 dictmn:
1077 1064 1097 1098 ι
1135 1047 1272 1115 Quid
1306 1048 1522 1106 facietis
1574 1053 1626 1106 in
1668 1055 1757 1110 die

171 1131 561 1198 solemnitatis,
589 1144 647 1189 et
678 1135 729 1189 in
765 1137 851 1192 die
889 1136 1034 1192 festo
1088 1137 1300 1195 Domini
1328 1141 1410 1196 “2
1443 1162 1463 1195 ι
1519 1143 1757 1201 Neome-

172 1223 301 1277 nias
339 1239 492 1292 vero,
531 1225 582 1280 id
614 1235 700 1282 est
721 1241 896 1284 novos
933 1245 1166 1299 nienses,
1201 1233 1252 1286 in
1281 1232 1389 1288 illis
1412 1237 1630 1291 aeternis
1659 1236 1762 1292 an;

173 1318 268 1374 nis
307 1318 550 1387 requiret
593 1320 661 1375 de
706 1321 901 1387 quibus
937 1323 1070 1378 dicit
1097 1323 1403 1395 Propheta:
1434 1347 1454 1380 ι
1490 1329 1759 1385 Memora-

175 1420 268 1466 tus
295 1425 415 1465 sum
467 1427 641 1468 annos
680 1425 932 1482 aeternos,
971 1427 1027 1471 et
1055 1417 1346 1476 meditatus
1380 1437 1498 1477 sum
1523 1425 1606 1488 ";
1639 1443 1658 1476 ι
1702 1435 1758 1479 et

173 1501 380 1558 iterum
433 1503 486 1559 in
520 1507 737 1563 cantico
789 1507 1242 1570 Deuteronomii:
1299 1531 1318 1566 ‹
1375 1513 1755 1572 Reeordamini

173 1594 296 1648 dies
344 1604 580 1652 aeternos
611 1598 694 1664 ¹⁶;
728 1617 749 1652 ο
785 1609 835 1655 et
867 1601 936 1656 de
967 1600 1208 1658 Sabbato
1233 1604 1435 1660 dicitur
1468 1624 1481 1659 :
1518 1624 1536 1658 ι
1572 1606 1758 1660 Relin-

172 1687 367 1756 quitur
393 1703 524 1758 ergo
553 1689 920 1747 sabbatismus
949 1695 1147 1763 populo
1167 1695 1262 1750 Dei
1288 1697 1350 1755 ⁸⁷,
1389 1716 1410 1750 ι
1437 1697 1500 1752 Et
1522 1709 1752 1765 astruet,

171 1781 308 1850 quia
341 1781 486 1835 sicut
513 1781 628 1837 haec
653 1783 866 1852 singula
899 1784 1127 1840 formam
1149 1785 1314 1842 futuri
1341 1789 1521 1844 saeculi
1547 1799 1754 1859 tenent,

174 1871 254 1926 ita
284 1882 464 1942 potest
495 1873 660 1928 etiam
693 1873 864 1930 Adam
909 1878 976 1932 de
1034 1894 1142 1948 quo
1195 1879 1419 1948 dicitur,
1452 1897 1474 1934 ‹
1519 1881 1626 1949 Qui
1674 1892 1760 1938 est

172 1964 360 2020 forma
386 1965 554 2020 futuri
582 1965 662 2032 ¹⁸,
705 1987 725 2019 ι
766 1967 1006 2024 conferri
1041 1971 1109 2026 ad
1161 1971 1329 2027 futuri
1363 1973 1546 2029 saeculi
1584 1976 1758 2030 ratio-

173 2071 306 2112 nem
335 2069 424 2112 :et
451 2068 739 2129 propterea
764 2075 886 2115 cum
906 2066 1247 2131 priemissum
1261 2076 1405 2121 esset
1423 2067 1489 2122 de
1512 2067 1596 2122 his
1622 2086 1641 2120 ι
1665 2069 1758 2137 qui

172 2162 545 2219 peccaverunt
565 2153 616 2207 in
635 2153 1046 2209 similitudinem
1083 2159 1544 2228 praevaricationis
1571 2161 1754 2230 Adae,»

173 2241 424 2298 additum
451 2253 576 2300 est:
617 2264 637 2298 ι
685 2245 785 2312 Qui
825 2257 909 2302 est
939 2248 1114 2302 forma
1150 2248 1338 2304 futuri.
1378 2269 1399 2304 ι

248 2336 304 2391 22
337 2357 358 2390 ‹
396 2336 502 2394 Sed
530 2354 635 2394 non
659 2339 1088 2409 sicutdelictum,
1113 2342 1185 2396 ita
1203 2353 1256 2398 et
1283 2344 1504 2400 donum.
1534 2344 1591 2400 Si
1614 2344 1757 2400 enim

173 2430 344 2485 unius
375 2431 574 2486 delicto
605 2432 762 2488 multi
805 2436 1009 2491 mortui
1047 2446 1197 2504 sunt,
1228 2437 1397 2492 multo
1428 2439 1600 2508 magis
1629 2454 1757 2508 gra-

172 2521 256 2577 tia
291 2521 383 2577 Dei
413 2533 468 2576 et
487 2523 688 2578 donum
724 2523 776 2578 in
800 2525 975 2593 gratia
1001 2527 1161 2580 unius
1187 2527 1423 2582 hominis
1447 2525 1575 2582 Jesu
1603 2528 1759 2584 Chri-

171 2613 251 2670 sti
277 2615 328 2668 in
355 2613 542 2684 plures
571 2614 882 2670 abundavit.
909 2616 976 2671 Et
997 2634 1106 2672 non
1141 2619 1285 2674 sicut
1309 2634 1405 2688 per
1435 2635 1598 2674 unum
1625 2636 1756 2691 pec-

167 2717 360 2760 catum
390 2705 525 2776 (95),
562 2705 634 2760 ita
667 2716 722 2761 et
739 2709 960 2763 donum.
993 2707 1125 2762 Nam
1149 2709 1410 2778 judicium
1442 2709 1664 2780 quidem
1689 2725 1758 2766 ex

173 2814 289 2853 uno
320 2799 374 2853 in
409 2801 921 2856 condemnationem
952 2821 966 2858 :
1003 2805 1178 2873 gratia
1234 2816 1414 2860 autem
1449 2821 1517 2861 ex
1571 2806 1758 2862 multis

170 2892 395 2948 delictis
424 2892 477 2946 in
504 2892 953 2962 justificationem
990 2897 1056 2948 ι’.
1091 2915 1110 2949 ι
1142 2895 1278 2952 Cum
1305 2898 1358 2952 in
1386 2899 1758 2968 superioribus

175 2987 411 3040 dixisset
445 2985 734 3054 Apostolus
766 2986 833 3040 de
865 2987 1077 3044 Adam:
1118 3007 1138 3040 ‹
1180 2989 1280 3056 Qui
1332 3000 1416 3045 est
1465 2990 1640 3046 forma
1673 2991 1758 3046 fu-

1859 508 2022 572 lictis,
2079 510 2154 564 ita
2186 519 2242 564 et
2293 523 2389 579 per
2418 509 2577 564 unius
2631 509 2996 564 obedientiam
3029 509 3139 563 vita
3183 520 3436 578 regnaret

1859 614 1956 669 per
1985 601 2278 671 justitiam.
2305 599 2474 672 igitur
2504 616 2609 655 non
2645 601 2764 656 sine
2791 600 3057 670 profunda
3074 610 3191 656 arte
3218 601 3432 656 dicendi

1860 694 2151 762 Apostolus
2183 693 2413 749 formam
2465 685 2668 750 Christi
2720 709 2844 750 esse
2875 694 3047 750 Adam
3083 695 3283 765 posuit,
3315 709 3436 763 qua:

1855 787 1930 841 sit
1961 801 2057 854 per
2081 802 2253 854 genus
2298 787 2526 853 similis,
2554 801 2652 855 per
2689 787 2931 855 speciem
2977 787 3278 841 contraria.
3332 785 3438 840 Per

1861 885 2034 940 genus
2065 887 2298 942 namque
2326 874 2516 930 similis
2544 887 2628 930 est
2650 875 2820 932 forma
2851 879 2905 933 in
2932 897 2996 936 eo
3021 885 3164 952 quod
3197 887 3338 941 sicut
3365 887 3434 942 ab

1862 973 1974 1012 uno
1996 960 2164 1014 Adam
2195 961 2250 1015 in
2284 962 2470 1032 plures
2510 964 2757 1020 homines
2797 967 3138 1037 diffunditur,
3175 973 3248 1027 ita
3283 984 3337 1029 et
3363 976 3434 1031 ab

1862 1064 1971 1103 uno
1995 1050 2212 1106 Christo
2232 1053 2286 1106 in
2320 1054 2502 1124 plures
2526 1055 2771 1111 homines
2795 1059 3143 1117 diffundatur.
3177 1063 3278 1119 Per
3306 1081 3433 1136 spc-

1861 1138 1998 1193 ciem
2024 1153 2152 1193 vero
2194 1142 2492 1206 contraria,
2521 1145 2662 1211 quod
2689 1160 2753 1198 ex
2794 1146 2963 1201 Adam
2991 1151 3433 1218 prtevaricatione

1859 1237 2070 1297 coepta,
2103 1247 2121 1280 ι
2168 1239 2479 1298 peccatores
2519 1233 2797 1288 constituti
2837 1245 2965 1290 sunt
3008 1239 3194 1306 multi;
3229 1260 3246 1289 ›
3273 1241 3433 1296 Chri-

1860 1313 1928 1366 sti
1960 1329 2088 1368 vero
2122 1333 2140 1364 «
2176 1315 2481 1370 obedientia
2508 1317 2641 1386 justi
2679 1319 3080 1374 constituentur
3121 1323 3274 1377 multi
3304 1325 3371 1379 ’°.
3408 1345 3429 1378 ι

1861 1400 1996 1466 Quia
2024 1417 2154 1473 ergo
2180 1413 2447 1472 quatenus
2475 1404 2644 1460 forma
2668 1405 2870 1462 Christi
2910 1409 3073 1464 fuerit
3095 1411 3282 1473 Adam,
3318 1415 3434 1468 sive

1860 1489 1916 1542 in
1945 1489 2228 1554 similibus,
2257 1491 2370 1547 sive
2408 1492 2462 1546 in
2492 1494 2806 1560 contrariis,
2839 1497 3137 1551 secundum
3169 1499 3433 1555 rationem

1859 1576 2059 1645 eloquii
2085 1576 2256 1646 ipsius
2284 1579 2628 1648 explanatum
2671 1590 2774 1645 est,
2815 1597 2961 1636 nunc
2989 1583 3150 1637 etiam
3193 1584 3320 1653 quid
3351 1586 3435 1639 in-

1860 1664 2076 1719 terioris
2105 1681 2299 1720 sensus
2319 1666 2610 1735 Apostolus
2636 1668 2838 1724 indicet
2867 1671 2922 1723 in
2953 1671 3039 1726 his
3065 1671 3200 1744 (99),
3233 1674 3317 1727 vel
3342 1689 3435 1744 po-

1787 1757 1828 1811 B
1859 1753 1967 1807 tius
2018 1764 2297 1826 contegat,
2338 1755 2633 1811 videamus.
2680 1758 2747 1811 Et
2789 1760 3034 1828 quamvis
3065 1761 3432 1830 periculosum

1858 1839 2106 1894 videatur
2133 1856 2195 1895 ea
2227 1857 2347 1912 quae
2391 1844 2656 1898 occultius
2692 1844 2747 1898 in
2792 1845 3034 1916 Apostoli
3082 1848 3300 1918 scriptis
3330 1866 3434 1920 po-

1857 1929 1962 1983 sita
1991 1939 2120 1985 sunt
2151 1932 2475 2001 patefacere,
2504 1942 2703 2000 tamen,
2743 1950 2846 2004 qua
2883 1951 2950 1990 ex
2982 1947 3134 2006 parte
3176 1938 3436 2008 possibile

1857 2027 1960 2083 est,
2004 2020 2200 2075 indicia
2230 2020 2476 2090 quaadam
2518 2036 2585 2076 ex
2627 2021 2712 2076 his
2758 2023 2952 2077 divinae
2993 2023 3247 2078 bonitatis
3281 2023 3436 2079 colli-

1856 2121 1984 2176 gere
2021 2122 2130 2161 non
2166 2117 2297 2177 puto
2322 2107 2616 2161 absurdum
2656 2107 2846 2164 videri.
2879 2108 3164 2178 Proposuit
3196 2109 3434 2179 Aposto-

1855 2192 1941 2248 lus
1965 2194 2255 2249 ostendere
2283 2193 2410 2264 quid
2436 2195 2674 2249 humano
2696 2195 2879 2266 generi
2903 2196 3143 2251 intulerit
3175 2217 3192 2247 ε
3229 2197 3436 2266 primus

1857 2279 2050 2347 Adam,
2087 2300 2105 2331 ι
2134 2280 2225 2351 qui
2255 2299 2273 2330 ι
2313 2280 2487 2335 factus
2527 2290 2610 2336 est
2653 2281 2708 2335 in
2737 2283 2971 2338 animam
3002 2283 3212 2350 vivam;
3250 2304 3269 2335 ι
3301 2283 3435 2354 quid

1855 2365 2020 2420 etiam
2053 2385 2070 2415 ι
2111 2364 2383 2418 secundus
2426 2363 2625 2430 Adam,
2667 2366 2804 2435 rqui
2835 2376 2917 2421 est
2950 2387 2967 2418 ι
3001 2367 3054 2420 in
3080 2367 3328 2437 spiritum
3350 2367 3434 2420 vi-

1855 2452 2168 2507 vificantem
2195 2453 2260 2506 “.
2292 2471 2310 2502 ι
2343 2452 2419 2506 Ex
2452 2452 2611 2515 illius,
2638 2451 2832 2522 inquit,
2857 2455 3296 2524 praevaricatione
3319 2468 3438 2522 pec-

1858 2551 2037 2599 catum
2067 2540 2350 2611 apparuit,
2378 2549 2434 2594 et
2462 2556 2560 2610 per
2591 2552 2872 2611 peccatum
2903 2558 3051 2596 mors
3079 2543 3320 2612 ingressa
3352 2550 3438 2596 est

1858 2624 1914 2684 in
1947 2646 2136 2686 omnes
2167 2629 2417 2683 homines
2443 2629 2489 2660 "
2515 2647 2528 2682 :
2552 2630 2680 2688 imo.
2710 2640 2769 2683 ut
2789 2644 3064 2684 servemus
3087 2629 3236 2683 Pauli
3267 2628 3436 2682 Litte-

1856 2712 1932 2768 ris
1975 2711 2404 2766 moderationem
2461 2725 2618 2766 suam
2645 2725 2806 2782 quam
2839 2711 2894 2768 in
2923 2715 3177 2783 praesenti
3212 2714 3333 2771 loco
3359 2725 3442 2772 te-

1857 2804 1996 2867 nuit,
2033 2805 2086 2858 in
2135 2803 2334 2860 multos
2377 2805 2626 2860 homines
2683 2821 2830 2861 mors
2885 2808 3206 2877 pertransiit
3234 2809 3302 2863 ”.
3333 2809 3440 2864 Per

1854 2894 2216 2950 obedientiam
2251 2911 2381 2951 vero
2413 2895 2615 2952 Christi
2650 2896 3001 2966 justifieatio,
3037 2910 3093 2954 et
3124 2899 3438 2970 perjustili.

1857 2985 2127 3040 cationem
2172 2986 2284 3040 vita
2329 2985 2500 3041 multo
2524 2987 2700 3058 magis
2732 2989 2784 3041 in
2817 2989 2998 3055 plures
3031 2990 3325 3045 abundavit
3366 2992 3435 3047 “.

175 3079 332 3145 turi,
368 3097 386 3132 ι
427 3079 618 3135 videns
653 3081 856 3150 requiri
907 3095 1068 3149 posse
1113 3081 1225 3152 (96)
1257 3122 1273 3148 ,
1328 3083 1453 3152 quia
1503 3083 1548 3137 si
1582 3084 1751 3139 Adam
1781 3104 1825 3162 ς
1859 3076 1923 3131 Et
1942 3076 2234 3132 ostendere
2266 3076 2381 3130 vult
2408 3078 2550 3148 quod
2595 3077 2766 3135 multo
2803 3081 2874 3133 sit
2900 3077 3096 3136 fertior
3120 3081 3230 3136 vita
3275 3098 3438 3153 quam

173 3171 354 3225 forma
414 3169 617 3226 Christi
658 3181 762 3239 est,
819 3186 954 3240 ergo
985 3180 1040 3226 et
1068 3171 1122 3225 in
1146 3186 1213 3226 eo
1248 3187 1358 3243 quo
1385 3173 1631 3241 peccavit
1660 3189 1758 3230 ne-

173 3278 338 3319 cesse
361 3274 445 3320 est
475 3273 534 3319 ut
556 3263 784 3319 formam
815 3264 1022 3320 Christi
1057 3265 1332 3334 habuerit,
1363 3277 1420 3321 et
1469 3267 1524 3322 in
1555 3282 1623 3323 eo
1651 3282 1760 3338 quo

174 3357 428 3426 regnavit
455 3371 602 3412 mors
631 3357 699 3412 ab
723 3357 896 3411 Adam
925 3371 1096 3426 usque
1125 3357 1192 3412 ad
1214 3357 1438 3428 Moysen
1469 3378 1485 3416 :
1520 3360 1626 3416 hoc
1662 3376 1761 3415 au-

177 3459 290 3504 tem
323 3448 390 3502 de
429 3447 653 3504 Christo
693 3447 901 3503 sentire
923 3447 1212 3502 videbatur
1236 3448 1555 3516 absurdum,
1579 3453 1757 3508 conti-

176 3557 293 3597 nuo
325 3541 602 3611 subiungit
637 3558 652 3596 :
685 3558 705 3591 σ
742 3541 850 3596 Sed
879 3555 987 3595 non
1019 3541 1162 3596 sicut
1183 3542 1464 3609 delictum,
1487 3544 1560 3600 ita
1585 3553 1642 3599 et
1664 3545 1761 3601 do-

175 3651 356 3690 num:
398 3645 500 3688 iet
546 3633 736 3704 incipit
762 3647 829 3688 ex
877 3633 981 3688 hoc
1028 3648 1282 3690 sermone
1333 3636 1498 3691 veluti
1554 3646 1760 3692 semet-

188 3726 372 3794 ipsum
399 3725 694 3796 explanare
739 3725 1011 3794 quomodo
1039 3725 1268 3780 formam
1299 3726 1506 3782 Christi
1559 3728 1762 3784 dixerit

172 3832 306 3872 esse
329 3818 521 3872 Adam.
553 3835 573 3868 ι
609 3817 664 3872 Si
683 3820 852 3885 enim,
883 3839 904 3872 ι
935 3820 1131 3890 inquit,
1161 3837 1181 3871 ι
1209 3819 1370 3874 unius
1387 3819 1585 3875 delicto
1606 3823 1757 3876 multi

171 3911 382 3965 mortui
417 3921 564 3977 sunt,
601 3929 622 3964 ι
679 3912 731 3966 in
783 3912 957 3967 Adam
1016 3913 1288 3976 videlicet,
1331 3931 1350 3964 ι
1385 3913 1554 3968 multo
1591 3915 1762 3984 magis

173 4005 361 4074 gratia
401 4003 491 4058 Dei
527 4013 582 4058 et
609 4004 808 4058 donum
847 4007 898 4059 in
936 4006 1108 4076 gratia
1158 4007 1316 4061 unius
1365 4007 1598 4061 hominis
1629 4006 1759 4061 Jesu

173 4097 384 4151 Christi
407 4098 459 4150 in
489 4097 670 4167 plures
694 4098 1026 4153 abundavit:
1056 4117 1074 4150 ι
1112 4099 1164 4152 id
1189 4109 1292 4162 est,
1330 4099 1374 4154 si
1414 4100 1464 4153 in
1500 4114 1608 4153 uno
1635 4115 1762 4169 pec-

173 4203 340 4244 cante
370 4190 546 4243 locum
606 4205 753 4246 mors
791 4191 1072 4245 inveniens
1127 4192 1181 4245 in
1235 4190 1420 4260 plures
1448 4193 1624 4260 potuit
1653 4190 1760 4246 dif-

173 4282 334 4337 fundi
371 4282 504 4352 (97),
543 4282 710 4337 multo
739 4284 914 4352 magis
948 4283 1125 4353 gratia
1163 4284 1278 4349 Dei,
1310 4298 1432 4352 qua!
1465 4284 1516 4338 in
1541 4283 1760 4339 Christo

174 4375 460 4446 cupiosius
491 4385 547 4428 et
574 4375 736 4429 latius
762 4375 1060 4428 abundavit
1093 4388 1252 4442 quam
1283 4387 1431 4428 mors
1457 4372 1510 4426 in
1537 4375 1708 4430 Adam
1731 4415 1750 4441 ,

1864 3185 2030 3236 mors,
2058 3179 2113 3226 et
2135 3169 2344 3240 justitia
2379 3186 2544 3242 quant
2579 3182 2861 3239 peccatum
2897 3192 2912 3228 :
2942 3185 2999 3229 et
3049 3190 3144 3245 per
3166 3175 3269 3232 hoc
3316 3180 3440 3232 edo.

1859 3277 1986 3318 cere
2007 3263 2132 3332 quia
2166 3262 2211 3317 si
2257 3263 2330 3317 ita
2379 3273 2660 3332 peccatum
2697 3272 2753 3318 et
2811 3279 2958 3320 mors
2989 3266 3068 3338 (1)
3102 3283 3329 3338 regnare
3379 3270 3437 3324 in

1859 3356 2108 3410 omnibus
2133 3356 2326 3425 pomit,
2368 3355 2640 3424 accipiens
2669 3370 2736 3409 ex
2777 3354 2939 3411 unius
2966 3357 3207 3414 hominis
3248 3359 3440 3416 inobe-

1861 3447 2068 3500 dientia
2105 3447 2342 3510 initium,
2362 3458 2566 3516 quanto
2597 3448 2871 3518 potentius
2899 3458 2954 3503 et
2986 3450 3204 3519 dignius
3238 3466 3334 3520 per
3357 3451 3442 3522 ju-

1859 3540 2062 3596 Stitiam
2094 3541 2202 3594 vita
2241 3541 2524 3611 regnabit,
2577 3541 2790 3595 initium
2834 3529 3240 3614 accipiens'per
3273 3545 3436 3602 unius

1861 3632 2020 3704 553
2053 3633 2415 3688 obedientiam
2447 3633 2526 3706 (2)
2553 3633 2792 3698 Christi;
2821 3633 3044 3702 Christi,
3073 3636 3320 3704 inquam,
3343 3638 3440 3707 qui

1861 3727 1928 3780 ad
1959 3725 2063 3780 hoc
2097 3741 2232 3795 opus
2272 3742 2376 3781 non
2411 3727 2739 3783 conditionis
2781 3729 3108 3784 necessitate
3129 3769 3144 3796 ,
3195 3730 3290 3784 sed
3323 3729 3441 3786 sola

1863 3817 2215 3872 miseratione
2247 3827 2522 3887 permotus
2573 3819 2827 3877 accessit.
2875 3839 2896 3873 ε
2936 3819 2990 3874 ln
3026 3821 3198 3874 forma
3233 3839 3254 3873 ι
3292 3821 3439 3876 enim

1869 3931 1887 3963 ι
1923 3912 2012 3967 Dei
2051 3931 2071 3964 ι
2107 3919 2260 3978 erat,
2287 3921 2341 3965 et
2369 3912 2558 3965 videns
2587 3911 2749 3967 unius
2791 3913 3028 3968 hominis
3053 3913 3254 3969 delicto
3289 3929 3438 3968 mor-

1867 4015 1969 4057 tem
2005 4018 2236 4073 regnare
2267 4017 2364 4074 per
2398 4003 2624 4073 populus
2649 4045 2664 4070 ,
2715 4015 2981 4061 creatura:
3031 4023 3142 4062 sua:
3171 4023 3274 4060 non
3302 4007 3442 4062 obli-

1862 4091 2126 4159 viscitur,
2188 4110 2208 4144 ‹
2244 4108 2346 4148 nec
2398 4095 2643 4162 rapinam
2697 4095 2845 4149 ducit
2896 4110 3015 4150 esse
3067 4113 3126 4152 se
3173 4098 3439 4168 aequalem

1866 4181 1974 4238 Deo
2001 4183 2046 4215 ’³
2075 4200 2090 4237 :
2133 4202 2152 4235 ι
2181 4184 2284 4239 hoc
2312 4193 2431 4250 est,
2483 4201 2590 4239 non
2624 4187 2726 4240 sibi
2761 4187 2941 4257 magni
2970 4187 3174 4258 aliquid
3217 4190 3442 4258 deputat

1862 4275 2006 4346 quod
2033 4277 2149 4346 ipse
2191 4276 2413 4345 quidem
2441 4278 2667 4348 aequalis
2694 4278 2806 4334 Deo
2837 4289 2892 4334 et
2934 4296 3101 4336 unum
3127 4297 3248 4336 cum
3280 4281 3442 4336 Patre

1863 4376 1966 4432 est,
2001 4383 2138 4438 opus
2186 4382 2318 4422 vero
2343 4385 2499 4423 suum
2547 4371 2859 4441 depascitur
2893 4387 3039 4427 mors
3073 4374 3230 4428 unius
3259 4373 3438 4427 homi-

174 4469 231 4524 in
258 4445 443 4536 plures
485 4465 922 4532 diiiunditur;et
955 4467 1007 4518 in
1057 4473 1262 4518 tantum
1293 4481 1398 4520 non
1450 4476 1535 4521 est
1564 4470 1753 4522 eadem
1784 4445 1833 4506 Ῑ)
1861 4460 1945 4514 nis
1997 4460 2240 4526 ingressa
2293 4460 2516 4517 delicto.
2587 4481 2604 4514 ι
2654 4461 2970 4518 Exinanivit
3017 4483 3036 4516 ι
3087 4465 3249 4534 igitur
3297 4485 3315 4516 ι
3352 4479 3442 4521 se-

175 4561 424 4616 rouditio
457 4560 669 4626 delicti,
714 4575 836 4628 quae
865 4568 920 4615 et
946 4559 1095 4625 doni,
1125 4568 1184 4612 ut
1217 4574 1340 4613 cum
1360 4559 1626 4629 judicium
1657 4561 1756 4614 ha-

173 4656 359 4710 bitum
387 4654 457 4708 sit
507 4654 576 4709 de
622 4652 794 4706 Adam
821 4695 836 4718 ,
872 4667 940 4706 ex
994 4667 1100 4706 uno
1131 4650 1245 4719 ipso
1271 4651 1384 4722 (98)
1414 4651 1760 4721 delinquente

174 4744 569 4798 condemnatio
591 4742 646 4796 in
669 4756 858 4796 omnes
885 4741 1132 4795 homines
1167 4741 1413 4806 venerit;
1448 4744 1760 4796 econtrario

177 4850 319 4889 vero
351 4847 448 4903 per
473 4833 756 4888 Christum
782 4848 847 4887 ex
879 4831 1068 4886 multis
1096 4831 1332 4894 delictis,
1368 4833 1564 4900 quibus
1597 4848 1761 4887 omne

174 4942 357 4998 genus
384 4926 668 4982 hominum
723 4925 1044 4991 tenebatur,
1085 4921 1404 4991 justificatio
1435 4923 1562 4978 data
1603 4924 1674 4979 sit
1703 4925 1756 4979 in

252 5067 298 5098 "
316 5065 440 5121 lsai.
478 5081 528 5126 ι..
557 5065 643 5120 11.

161 5137 206 5168 ¹⁸
247 5137 604 5202 Rom.v,14.
673 5132 1092 5197 "ibid.15,16.
1135 5132 1180 5164 ²⁰
1213 5131 1347 5187 ibid.
1406 5133 1492 5187 19.

161 5209 208 5240 ι·
259 5209 462 5278 Philip.
501 5223 574 5274 ιι,
625 5207 680 5262 6.
780 5207 826 5237 ὀ
857 5205 990 5260 ibid.
1021 5203 1075 5257 7.

251 5325 364 5396 (94)
398 5325 570 5396 Alias,
601 5341 620 5375 ι
653 5323 805 5378 dicit.
836 5340 857 5374 ι

252 5390 366 5469 (95)
411 5390 772 5464 Μεεέριιιτεε,
815 5411 834 5445 ι
874 5391 942 5446 Et
995 5406 1100 5446 non
1137 5390 1275 5447 sicut
1306 5405 1402 5462 per
1430 5407 1594 5445 unum
1623 5407 1752 5462 pec-

181 5479 424 5528 cantem,
465 5484 483 5516 ι
512 5476 620 5520 etc.

254 5536 367 5604 (96)
395 5535 557 5601 Editi,
593 5553 612 5586 ε
641 5534 764 5604 quia
796 5532 998 5603 requiri
1028 5541 1241 5604 posset.
1270 5551 1289 5584 ι

253 5603 370 5674 (97)
402 5607 567 5670 Editi,
603 5623 618 5656 ι
646 5603 960 5669 abundabit,
989 5604 1170 5667 idest,
1201 5603 1246 5657 si
1273 5617 1380 5655 uno
1420 5612 1700 5674 peccante.
1726 5622 1745 5655 ι

1856 4549 2030 4619 ipsum
2074 4569 2094 4604 ι
2147 4551 2214 4605 de
2261 4552 2568 4620 mqualitate
2612 4562 2668 4607 et
2713 4554 2888 4608 forma
2922 4554 3039 4620 Dei,
3087 4567 3141 4610 et
3177 4574 3195 4607 ι
3230 4555 3372 4612 servi
3411 4574 3433 4608 ι

1856 4640 2094 4708 suscepit
2127 4657 2146 4691 ι
2179 4639 2406 4696 formam
2438 4641 2483 4673 “
2509 4681 2525 4706 .
2560 4660 2580 4694 ι
2632 4651 2689 4696 et
2721 4643 2781 4696 fit
2811 4645 2991 4710 homo,
3028 4647 3096 4698 ad
3129 4662 3288 4714 quem
3321 4655 3440 4700 ten-

1857 4738 2078 4792 tandum
2111 4737 2336 4792 auderet
2377 4736 2597 4807 quidem
2629 4738 2820 4791 venire
2847 4737 2935 4792 ille
2962 4742 3054 4807 qui
3084 4743 3344 4809 regnabat
3373 4739 3428 4794 in

1855 4831 2132 4894 onmibus,
2184 4829 2278 4884 sed
2324 4829 2527 4882 intrare
2572 4843 2679 4882 non
2723 4839 2925 4897 posset.
2989 4828 3216 4884 Mortem
3249 4839 3432 4883 tamen

1856 4924 2016 4979 istam
2050 4937 2392 4978 communem
2419 4923 2679 4992 suscepit,
2718 4937 2841 4976 cum
2871 4922 3018 4976 illam
3051 4922 3283 4991 peccati,
3318 4936 3438 4990 qua:

723 5063 766 5095 ¹³
797 5061 986 5118 Matth.
1016 5077 1166 5119 xxvr.
1186 5060 1276 5115 29.
1353 5061 1396 5092 ¹⁴⁵
1412 5060 1548 5117 Osee
1577 5079 1653 5126 Ix,
1675 5062 1730 5116 5.

739 5135 870 5189 ibid.
899 5132 1092 5189 15.16.
1135 5132 1180 5164 ὀ
1213 5131 1347 5187 ibid.
1406 5133 1492 5187 19.
1590 5134 1634 5166 “
1670 5132 1751 5188 lC

1925 5062 2015 5118 sal.
2043 5077 2226 5121 Lxxvr,
2261 5059 2314 5116 6.
2393 5060 2437 5092 ⁸⁸
2472 5060 2625 5114 Deut.
2670 5075 2846 5123 xxxii,
2868 5059 2926 5115 7.
3003 5060 3046 5091 ¹⁷
3079 5058 3242 5112 Hebr.
3274 5075 3346 5126 iV,
3378 5061 3433 5115 9.

1925 5151 1967 5189 γ.
1995 5135 2086 5188 45.
2180 5136 2224 5166 ¹¹
2247 5130 2402 5186 Rom.
2436 5131 2604 5189 v.12.
2706 5131 2752 5163 ³³
2783 5133 2919 5187 ibid.
2977 5133 3068 5189 £5-
3112 5129 3157 5161 "'
3184 5130 3313 5184 ibid.
3351 5132 3433 5187 t9.

2180 5136 2224 5166 ¹¹
2247 5130 2402 5186 Rom.
2436 5147 2489 5197 v,
2517 5131 2604 5185 12.
2706 5131 2752 5163 ³³
2783 5133 2919 5187 ibid.
2977 5133 3068 5194 £5.
3112 5129 3157 5161 ³⁸⁵
3184 5130 3313 5184 ibid.
3351 5132 3434 5187 t9.

1947 5321 2037 5388 98)
2067 5322 2237 5388 Alias,
2265 5338 2286 5371 ι
2319 5331 2374 5374 et
2408 5335 2473 5373 ex
2509 5335 2616 5373 uno
2639 5319 2775 5386 ipso.
2813 5335 2834 5368 ι
2954 5384 2972 5388 _
3013 5384 3026 5388 _
3158 5359 3162 5363 .

1947 5322 2015 5376 98
2067 5322 2237 5388 Alias,
2265 5338 2286 5371 ι
2319 5331 2374 5374 et
2408 5335 2473 5373 ex
2509 5335 2616 5373 uno
2639 5322 2775 5386 ipso.
2813 5335 2834 5368 ι
3158 5359 3162 5363 .

1925 5322 2040 5464 i99i
2067 5391 2208 5467 Editi
2238 5401 2292 5467 et
2313 5405 2447 5446 mss.
2475 5391 2716 5467 quidam,
2757 5407 2776 5440 ι
2800 5384 3121 5467 ἧψε-[ειν]
3142 5385 3257 5467 qui,
3286 5405 3304 5437 ι
3334 5386 3435 5453 al.,

1859 5480 1880 5514 ο
1917 5457 2085 5534 quid]
2121 5463 2348 5534 interior
2367 5457 2563 5516 sensus
2591 5458 2834 5528 Apostoli
2853 5457 3054 5510 indiCet
3081 5457 3134 5510 in
3165 5458 3301 5521 his,»
3323 5472 3434 5515 etc.

1925 5534 2002 5604 (1)
2035 5533 2208 5599 Alias,
2241 5552 2258 5583 ι
2287 5533 2347 5604 εἰη
2367 5534 2445 5604 ita
2477 5547 2576 5604 per
2597 5537 2876 5604 peccaturi:
2909 5540 3078 5604 mors,
3121 5546 3140 5579 ι
3180 5538 3288 5604 etc.

1926 5535 1972 5604 (1
2035 5535 2208 5599 Alias,
2241 5552 2258 5583 ι
2287 5535 2330 5588 si
2368 5535 2445 5585 ita
2477 5547 2576 5599 per
2597 5537 2876 5598 peceatum
2909 5540 3078 5608 rnors,
3121 5546 3140 5579 ι
3180 5538 3288 5583 etc.

1926 5535 2002 5676 (ἓξ
2042 5605 2232 5676 Editi_,
2266 5621 2285 5654 ι
2320 5602 2557 5676 Christi;
2594 5600 2884 5676 Christus,
2920 5612 3182 5676 mquam,
3207 5599 3289 5676 _ad_
3334 5599 3437 5656 hoc

184 5667 411 5740 Deinde,
451 5695 469 5726 σ
501 5667 621 5746 quae
646 5675 700 5729 in
727 5667 957 5747 Christo:
1003 5684 1088 5747 est
1114 5711 1129 5736 ,
1182 5667 1465 5747 copiosius
1487 5683 1563 5747 et_
1593 5673 1751 5728 latius
1852 5667 2008 5747 opus,
2034 5683 2170 5730 ietc.
2189 5673 2317 5730 Mss.
2354 5673 2573 5742 quidam
2602 5667 2770 5727 semel
2801 5669 3000 5725 habent
3039 5685 3061 5721 ι
3091 5668 3318 5728 Christi.
3341 5687 3359 5715 ι

187 5748 500 5817 abundabit,
518 5743 684 5819 quam
707 5761 855 5803 mors
881 5746 1053 5802 Adam
1077 5746 1131 5802 in
1160 5745 1341 5813 plures
1365 5743 1745 5800 diffundatur.»
