3684 6148
252 225 391 278 10ὶὸ

1699 223 2019 281 ORIGENIS

3360 226 3498 283 1024

252 342 512 410 rcgttaltal
545 342 597 394 in
624 339 876 394 omnibus
897 380 912 405 ,
944 354 1049 393 non
1079 337 1348 408 receperit
1374 355 1389 392 :
1420 347 1479 394 ut
1506 339 1646 394 sicut
1675 358 1694 392 ι
1736 356 1832 411 per
1859 347 1905 402 Α
1933 340 2146 396 caeteris
2170 354 2333 395 causa
2369 339 2578 394 exstitit
2603 339 2811 405 mortis,
2840 339 3095 397 Christus
3127 346 3407 399 revocavit
3432 348 3497 400 ad

254 431 528 488 hominem
559 445 728 500 mors,
762 431 834 484 ita
883 438 938 485 et
989 447 1083 500 per
1128 429 1404 485 hominem
1443 450 1462 483 ι
1497 431 1648 486 ﬁeret
1687 452 1705 484 ι
1743 448 1828 487 re-

255 522 525 576 surrectio
559 498 894 575 moriuorum
924 521 968 552 "’
1002 540 1016 575 :
1054 540 1073 573 ι
1122 531 1177 576 et
1202 523 1342 577 sicut
1390 541 1410 574 ι
1445 525 1609 578 unius
1631 523 1828 578 delicto

256 614 412 670 multi
440 616 636 668 mortui
669 623 821 678 sunt,
841 613 1010 668 multo
1041 613 1215 682 magis
1237 613 1408 683 gratia
1429 614 1522 669 Dei
1548 624 1603 669 et
1629 615 1827 669 donum

258 707 313 762 in
357 708 533 778 gratia
583 707 744 761 unius
796 706 1033 761 hominis
1085 705 1211 762 Jesu
1257 708 1458 763 Christi
1507 709 1559 764 in
1585 709 1771 780 plures
1803 729 1823 762 ι

257 798 559 852 abundaret
588 800 654 852 ⁸⁸.
699 798 812 852 Non
848 808 1031 852 autem
1063 799 1270 868 absque
1297 799 1563 868 profunda
1610 803 1826 872 sapien-

261 890 356 952 tia,
382 905 544 957 quam
591 887 786 942 Paulus
833 888 977 941 inter
1023 889 1293 957 perfectos
1333 888 1477 958 loqui
1509 903 1567 943 se
1595 889 1728 943 dicit
1760 889 1826 955 ",

260 979 314 1032 in
349 981 450 1034 hoc
485 980 605 1034 loco
631 995 911 1034 sermones
944 995 1069 1033 suos
1111 980 1427 1036 moderatus
1460 990 1577 1050 est,
1612 991 1665 1036 et
1693 997 1832 1051 quos

259 1069 386 1123 alibi
419 1088 438 1120 ‹
479 1085 669 1124 omnes
707 1089 724 1121 ι
775 1070 1028 1134 dixerat,
1063 1070 1153 1125 hic
1190 1089 1211 1123 ι
1245 1072 1442 1127 multos
1470 1092 1490 1125 ι
1534 1073 1612 1128 vel
1662 1090 1684 1124 ‹
1712 1073 1832 1142 plu-

258 1176 349 1215 res
407 1179 426 1212 ›
480 1161 812 1230 appellavit,
875 1162 964 1216 ubi
1035 1165 1492 1230 comparationem
1547 1165 1726 1221 dill'usi
1777 1166 1830 1220 in

258 1265 449 1306 omnes
476 1252 724 1306 homines
757 1254 962 1322 peccati
992 1264 1044 1307 et
1075 1255 1267 1308 mortis
1295 1257 1363 1310 ab
1388 1256 1559 1309 Adam
1593 1256 1740 1318 facit,
1776 1264 1834 1310 et.

256 1341 668 1412 justillcationis
712 1357 777 1396 ac
819 1343 943 1396 vita:
969 1359 996 1396 a
1022 1344 1276 1409 Christo;
1325 1360 1394 1399 ne
1424 1344 1564 1400 forte
1595 1347 1638 1399 si
1669 1347 1832 1400 abso-

258 1435 370 1489 lute
394 1435 772 1504 pronuntiaret
803 1438 929 1506 quia
959 1437 1073 1506 pari
1104 1439 1314 1493 ratione
1344 1447 1504 1507 atque
1529 1439 1714 1494 eodem
1745 1457 1834 1495 or-

261 1526 388 1579 dine
417 1540 526 1594 quo
559 1527 628 1580 ab
659 1525 830 1580 Adam
868 1528 920 1580 in
949 1543 1136 1582 omnes
1173 1532 1422 1583 homines
1465 1545 1611 1585 mors
1643 1529 1832 1603 dillusa

263 1618 469 1684 peccati
503 1625 607 1682 est,
647 1618 813 1671 etiam
853 1618 1174 1687 justiticatio
1208 1631 1262 1674 et
1295 1621 1424 1685 vita,
1459 1636 1580 1690 qua:
1605 1637 1634 1675 a
1673 1624 1834 1677 Chri-

1927 436 2095 489 vitam
2143 453 2157 490 :
2203 444 2266 489 ut
2292 449 2478 488 verum
2506 433 2576 486 sit
2603 432 2733 488 illud
2782 435 2926 504 quod
2956 451 3010 488 tn
3036 435 3501 503 consequentibus

1927 525 2117 580 scribit
2165 524 2457 594 Apostolus
2489 523 2534 554 ³³
2558 563 2573 586 ,
2607 524 2732 592 quia
2774 541 2792 575 ι
2827 524 2966 578 sicut
2993 539 3090 592 per
3116 525 3283 580 unius
3327 528 3503 579 homi-

1929 617 2013 671 nis
2043 616 2297 670 delictum
2354 617 2408 668 in
2453 615 2962 670 condemnationem
3003 617 3199 671 mortis
3228 619 3282 670 in
3314 631 3504 672 omnes

1930 709 2177 762 homines
2201 746 2218 772 ,
2253 707 2325 760 ita
2357 715 2412 760 et
2440 720 2538 773 per
2565 707 2723 759 unius
2757 707 2986 774 gratiam
3020 706 3072 760 in
3099 722 3297 762 onmes
3333 709 3504 761 horni-

1929 813 2026 853 nes
2058 796 2580 866 iujustilicationem
2627 798 2752 852 vita
2781 799 2879 869 (6).
2917 816 2935 850 ι
2977 797 3150 853 Homo
3194 807 3380 853 autem
3423 809 3506 852 est

1928 893 2088 948 etiam
2119 893 2287 944 Adam
2321 907 2334 944 :
2367 906 2495 961 ergo
2526 901 2580 945 et
2602 891 2652 943 iu
2677 893 2848 959 ipsum
2870 889 3186 958 justiﬁeatio
3218 893 3347 944 vita:
3376 907 3504 961 per-

1928 985 2133 1052 veniet.
2172 981 2278 1038 Sed
2315 983 2460 1038 dices
2490 981 2722 1038 fortasse
2752 1001 2765 1037 :
2804 982 2860 1037 Si
2897 999 3006 1036 uno
3044 994 3315 1051 peccante
3359 999 3508 1038 mors

1930 1074 1984 1129 in
2010 1089 2198 1128 omnes
2229 1073 2476 1128 homines
2500 1074 2909 1143 pertransiit,et
2935 1089 3125 1127 rursus
3157 1074 3324 1127 unius
3344 1074 3510 1143 justi-

1932 1164 2002 1219 tia
2039 1167 2092 1218 in
2126 1180 2316 1220 omnes
2337 1163 2921 1232 hominesjustiticatio
2949 1164 3074 1217 vita:
3096 1165 3370 1234 pervenit,
3415 1180 3510 1218 ne-

1930 1271 2037 1326 que
2067 1265 2124 1309 ut
2153 1271 2488 1310 moreremur
2514 1254 2715 1324 aliquid
2745 1253 2898 1308 nobis
2927 1263 3134 1322 gestum
3167 1263 3251 1309 est
3271 1297 3289 1322 ,
3331 1271 3510 1323 neque

1932 1359 1994 1402 ut
2036 1347 2302 1408 vivamus,
2355 1352 2448 1400 sed
2481 1355 2563 1401 est
2592 1345 2784 1400 mortis
2825 1346 3041 1414 quidem
3093 1360 3255 1401 causa
3309 1349 3506 1410 Adam,

1931 1440 2057 1493 vitze
2099 1447 2283 1491 autem
2332 1436 2602 1491 Christus.
2666 1435 2909 1490 Diximus
2955 1435 3173 1503 quidem
3213 1437 3331 1506 jam
3364 1451 3422 1490 et
3454 1437 3506 1491 in

1933 1530 2324 1599 superioribus,
2353 1529 2496 1597 quod
2522 1537 2777 1597 parentes
2801 1543 2906 1581 non
2939 1528 3111 1582 solum
3142 1539 3410 1599 generant
3443 1529 3508 1583 1i-

1934 1622 2055 1685 lios,
2094 1621 2187 1674 sed
2217 1629 2272 1674 et
2305 1620 2584 1681 imbuunt;
2615 1628 2669 1673 et
2703 1618 2792 1684 qui
2827 1628 3140 1685 nascuntur,
3189 1635 3301 1675 non
3333 1620 3510 1675 solum

259 1714 344 1760 sto
369 1718 487 1772 est,
522 1707 572 1760 in
604 1722 794 1762 onmes
842 1709 1092 1763 homines
1126 1709 1486 1776 dill‘unditur,
1539 1713 1835 1768 resolveret
1863 1738 1906 1792 Β
1938 1713 2030 1767 lilii
2067 1711 2416 1782 parentibus,
2467 1711 2564 1765 sed
2611 1721 2666 1765 et
2697 1711 2945 1780 discipuli
2971 1710 3139 1774 ﬁunt,
3173 1721 3228 1764 et
3257 1725 3366 1765 non
3399 1720 3508 1765 tan

259 1799 532 1851 auditores
575 1796 688 1868 (ὅ),
741 1807 794 1852 et
835 1799 1115 1870 segniores
1149 1801 1339 1854 llereut
1369 1817 1497 1870 erga
1539 1804 1832 1856 observan-

259 1893 415 1958 tiam,
446 1891 584 1945 certi
611 1892 678 1945 de
711 1893 1006 1947 securitate
1050 1893 1176 1946 vitae
1200 1909 1319 1963 quae
1350 1895 1402 1948 in
1431 1909 1621 1950 omnes
1660 1896 1838 1949 homi-

261 1997 358 2036 nes
390 1997 486 2050 per
524 1982 724 2036 Christi
759 1982 988 2051 gratiam
1020 1984 1344 2039 traderetur.
1409 1985 1475 2038 Et
1513 1986 1634 2040 ideo
1663 1987 1834 2055 repri-

263 2073 360 2127 mit
381 2072 457 2142 (4)
483 2087 812 2135 sermonem,
841 2082 896 2125 et
927 2088 1035 2126 non
1063 2090 1253 2129 omnes
1288 2075 1534 2132 homines
1564 2075 1725 2139 (sicut
1756 2092 1838 2132 so-

263 2166 338 2220 Icl
385 2167 438 2220 in
488 2166 727 2237 caeteris)
757 2168 928 2236 ponit,
962 2169 1055 2222 sed
1087 2167 1305 2232 multos,
1336 2169 1424 2236 qni
1455 2169 1614 2224 unius
1641 2169 1838 2225 delicto

262 2265 577 2324 peccatores
611 2258 890 2310 constituti
925 2267 1052 2311 sunt
1084 2275 1097 2310 :
1132 2265 1187 2310 et
1215 2273 1429 2310 rursum
1460 2257 1511 2310 in
1540 2258 1711 2328 gratia
1747 2260 1836 2314 Dei

264 2349 462 2400 donum
511 2362 608 2416 per
654 2363 822 2402 unum
872 2349 1148 2404 hominem
1175 2349 1359 2404 Jesum
1388 2351 1662 2406 Christum
1687 2391 1702 2416 ,
1731 2367 1836 2407 non

265 2441 318 2494 in
345 2455 560 2506 omnes,
599 2442 693 2496 sed
731 2444 784 2497 in
817 2443 1004 2512 plures
1046 2445 1245 2498 asserit
1275 2446 1553 2499 abundare
1595 2463 1608 2499 :
1645 2461 1753 2516 quo
1784 2457 1840 2500 et

265 2530 687 2599 negligentiores
725 2543 868 2586 metu
914 2535 1211 2604 suspendat
1256 2550 1318 2590 ac
1362 2535 1626 2591 sollicitos
1655 2537 1838 2604 faciat,

263 2629 320 2674 et
349 2623 764 2690 perlectioribus
791 2625 987 2679 divina:
1017 2626 1277 2680 bonitatis
1317 2637 1525 2682 secreta
1556 2643 1660 2683 non
1694 2628 1842 2684 clau-

264 2713 377 2768 dat.
417 2713 560 2770 Bene
589 2727 768 2770 autem
792 2718 917 2787 quia
954 2717 1140 2786 plures
1168 2719 1345 2788 posuit
1375 2719 1442 2772 ad
1475 2734 1614 2789 quos
1641 2722 1839 2776 donum

263 2809 453 2876 gratiae
477 2811 732 2879 pertinet,
760 2826 922 2880 quam
964 2827 1058 2868 eos
1084 2814 1176 2884 qui
1219 2815 1377 2870 unius
1409 2817 1605 2872 delicto
1635 2817 1833 2872 consti-

265 2899 368 2953 tuti
402 2910 528 2954 sunt
577 2912 917 2970 peccatores.
981 2904 1038 2958 ln
1074 2921 1182 2974 quo
1216 2906 1456 2962 arbitror
1493 2911 1711 2978 quidem
1743 2909 1843 2964 ali-

268 2989 396 3056 quid
424 2998 478 3045 et
501 2991 718 3047 latentis
749 3009 869 3048 esse
905 2995 1150 3065 mysterii
1184 3017 1196 3050 :
1227 2999 1352 3064 quia
1379 3007 1434 3052 et
1463 2997 1594 3052 alibi
1621 2999 1666 3030 ³ο
1690 3014 1839 3053 mor-

1937 1815 2128 1858 natura
2176 1811 2437 1872 urgentur
2487 1801 2539 1854 in
2587 1811 2815 1856 mortem
2865 1801 3094 1868 peccati,
3147 1816 3311 1870 quam
3345 1802 3513 1856 disci—

1936 1895 2101 1964 plina.
2140 1893 2300 1948 Verbi
2327 1907 2490 1948 causa
2521 1893 2598 1962 (7)
2623 1891 2790 1955 enim,
2823 1893 2867 1945 si
2902 1892 3023 1960 quis
3048 1907 3077 1945 a
3111 1892 3222 1948 Deo
3246 1893 3509 1947 recedens

1939 1989 2076 2042 idola
2115 1987 2289 2052 colat,
2327 2000 2503 2040 nonne
2530 1986 2789 2040 continuo
2817 1984 2980 2038 etiam
3012 1985 3148 2039 lilios
3171 1985 3215 2040 si
3253 1987 3509 2055 genuerit

1937 2080 2155 2134 docebit
2186 2080 2327 2134 idola
2352 2077 2430 2150 (8)
2465 2079 2734 2141 venerari,
2787 2090 2841 2132 et
2885 2075 3150 2132 sacriﬁcia
3181 2075 3383 2131 oll‘erre
3406 2080 3511 2128 «la--

1935 2171 2175 2227 moniis?
2222 2170 2335 2225 Hoc
2383 2170 2676 2226 secundum
2709 2169 2877 2223 Adam
2907 2169 3074 2231 facit,
3109 2177 3165 2222 et
3197 2169 3248 2221 in
3284 2168 3391 2222 hoc
3423 2183 3514 2222 re-

1938 2273 2066 2334 gnat
2111 2279 2258 2318 mors
2302 2263 2373 2318 ab
2401 2265 2594 2324 Adam,
2633 2263 2735 2316 hoc
2777 2269 2859 2314 est
2923 2276 2953 2314 a
2991 2260 3299 2321 nativitate,
3337 2276 3514 2329 usque

1938 2357 2007 2410 ad
2041 2355 2174 2426 legis
2223 2364 2453 2422 tempus,
2497 2369 2605 2423 quo
2649 2353 2715 2408 ad
2748 2352 3133 2407 discretionem
3163 2353 3298 2406 recti
3331 2353 3514 2421 pravi-

1939 2461 2045 2517 que
2076 2445 2258 2516 aperis
2290 2443 2514 2498 veniens
2537 2483 2553 2508 ,
2586 2458 2752 2511 capax
2785 2443 2985 2497 Christi
3030 2441 3213 2512 gratiae
3242 2442 3383 2495 eﬂici
3419 2458 3515 2513 po—

1940 2548 2047 2594 test
2079 2557 2094 2593 :
2128 2548 2181 2594 et
2208 2537 2281 2592 ibi
2305 2536 2561 2605 relinquit
2585 2536 2757 2589 Adam
2789 2533 2880 2602 qui
2923 2548 3042 2587 eum
3070 2533 3151 2587 vel
3183 2535 3392 2603 genuit,
3429 2534 3512 2588 vel

1939 2631 2126 2686 docuit
2161 2632 2214 2685 in
2245 2639 2496 2694 mortem,
2532 2637 2588 2683 et
2623 2626 2869 2696 sequitur
2893 2623 3192 2688 Christum,
3243 2625 3340 2692 qui
3385 2639 3510 2678 eum

1939 2735 1995 2779 et
2023 2724 2208 2787 docet,
2255 2731 2308 2774 et
2338 2720 2510 2790 gignit
2542 2717 2606 2772 ad
2636 2718 2828 2770 vitam.
2864 2715 2960 2770 Vis
2992 2725 3172 2768 autem
3207 2715 3354 2768 scire
3383 2715 3509 2782 quia

1942 2830 2048 2869 non
2075 2812 2251 2868 solum
2280 2809 2618 2875 nativitatis,
2651 2809 2745 2862 sed
2797 2815 2853 2861 et
2885 2807 3146 2860 doctrina:
3174 2815 3286 2870 est,
3320 2806 3374 2858 in
3406 2819 3512 2873 quo

1941 2922 2088 2961 mors
2119 2903 2367 2972 regnavit
2409 2903 2477 2956 ab
2509 2900 2718 2954 Adam?
2768 2899 2925 2954 Disce
2958 2897 3061 2952 hoc
3089 2912 3157 2953 ex
3189 2898 3508 2952 contrariis.

1942 2997 2155 3052 Etenim
2191 2996 2451 3051 Dominus
2494 2991 2653 3048 Jesus
2699 2989 2950 3046 Christus
2978 3005 3101 3045 cum
3127 2989 3369 3044 venisset
3395 3003 3514 3056 qua:

267 3092 373 3136 tem
401 3083 532 3138 dicit
563 3098 819 3153 regnasse
852 3089 918 3140 ab
951 3087 1122 3141 Adam
1157 3103 1328 3158 usque
1353 3090 1418 3142 ad
1452 3088 1696 3162 Moysen,
1732 3106 1838 3146 non
1867 3095 1908 3154 (ζ
1945 3103 2230 3158 perperam
2258 3095 2409 3156 gesta
2446 3084 2665 3138 fuerant
2705 3079 3031 3144 emendare,
3064 3093 3162 3148 pro
3189 3092 3256 3132 eo
3284 3078 3428 3146 quod
3456 3077 3506 3130 in

267 3174 322 3227 in
352 3189 564 3241 omnes,
594 3177 687 3231 sed
719 3177 772 3231 in
801 3193 896 3232 eos
927 3188 1158 3245 tantum,
1195 3182 1285 3251 qui
1325 3184 1620 3237 secundum
1647 3184 1840 3239 simili-

269 3269 513 3321 tudinem
551 3271 1018 3338 prmvaricationis
1058 3274 1187 3328 Adae
1216 3285 1598 3343 peccaverunt.
1634 3275 1838 3332 Tamen

266 3368 322 3410 et
373 3358 701 3427 simpliciore
735 3362 1011 3418 intellectu
1056 3376 1233 3434 potest
1279 3367 1448 3421 videri
1495 3369 1614 3422 ideo
1661 3368 1841 3437 plures

266 3450 462 3518 dictos,
496 3453 621 3522 quia
653 3454 900 3522 quamvis
933 3457 1023 3524 qui
1057 3472 1120 3510 ex
1151 3457 1319 3511 Adam
1365 3469 1680 3528 peccatores
1712 3459 1840 3513 facti

269 3551 396 3595 sunt
430 3542 582 3597 multi
615 3546 755 3610 sint,
791 3555 968 3601 tamen
1005 3549 1094 3616 qui
1127 3561 1221 3615 per
1264 3550 1494 3615 gratiam
1529 3549 1728 3605 Christi
1761 3550 1844 3604 vi-

269 3631 561 3688 viﬁcantur
587 3635 706 3689 ideo
735 3635 914 3704 plures
940 3638 1068 3691 dicti
1100 3647 1224 3692 sunt
1260 3638 1373 3709 (5),
1401 3640 1527 3709 quia
1553 3640 1717 3694 etiam
1755 3641 1844 3695 ille

272 3724 386 3792 ipse
433 3741 499 3779 ex
549 3741 657 3796 quo
704 3728 758 3782 iu
809 3739 1036 3784 caeteros
1082 3745 1226 3783 mors
1257 3729 1464 3800 peccati
1512 3729 1704 3785 diﬂusa
1738 3739 1842 3797 est,
1886 3789 1896 3794 _,

271 3817 491 3872 additur
541 3835 771 3874 numero
820 3836 1054 3886 eorum,
1093 3837 1158 3877 eo
1207 3821 1348 3891 quod
1400 3837 1522 3876 cum
1569 3825 1842 3890 omnibus,

272 3924 409 3977 quos
437 3910 551 3980 ipse
581 3913 785 3966 fecerat
815 3913 913 3967 sub
942 3913 1137 3969 delicto
1158 3954 1174 3982 ,
1233 3917 1397 3969 etiam
1436 3915 1549 3983 ipse
1577 3915 1840 3980 salvetur,

274 4002 416 4055 sicut
457 4002 522 4056 de
568 4003 851 4072 Sapientia
901 4004 1148 4060 dicitur:
1188 4023 1207 4057 ι
1241 4006 1386 4075 Haec,
1424 4027 1442 4061 ι
1483 4008 1674 4075 inquit,
1716 4024 1734 4058 ι
1777 4007 1844 4058 il-

275 4090 411 4157 lmn,
441 4094 532 4162 qui
565 4096 770 4164 primus
802 4096 975 4150 factus
1002 4105 1107 4160 est,
1129 4105 1339 4164 patrem
1367 4099 1573 4163 mundi,
1607 4112 1729 4152 cum
1759 4112 1848 4151 so-

275 4181 360 4237 lus
410 4193 556 4238 esset
601 4196 845 4253 creatus,
881 4188 1209 4251 cnstodivit,
1242 4197 1298 4242 et
1325 4189 1580 4243 liberavit
1623 4203 1747 4242 eum
1781 4187 1849 4242 de

277 4284 503 4342 peccato
529 4291 629 4330 suo
656 4276 719 4330 ⁸¹.
751 4295 771 4329 ι
805 4277 933 4342 Qua:
957 4287 1040 4332 est
1069 4288 1251 4333 autem
1277 4280 1393 4334 haec
1421 4278 1697 4348 Sapientia
1729 4293 1849 4348 qua:

279 4367 511 4432 primum
567 4369 836 4423 hominem
889 4370 1140 4424 liberavit
1185 4370 1254 4426 de
1298 4382 1520 4442 peccatu
1565 4387 1696 4437 suo,
1743 4371 1847 4426 nisi

1946 3189 2172 3236 mortem
2203 3187 2486 3249 generaret
2510 3175 2598 3228 illa
2624 3187 2743 3243 qua:
2771 3185 2838 3225 ex
2863 3171 3034 3225 Adam
3059 3167 3318 3224 veniebat
3341 3168 3510 3237 prima

1942 3274 2236 3333 nativitas.
2279 3267 2583 3324 introduxit
2613 3264 2905 3321 secundam
2939 3261 3274 3316 nativitatem
3302 3299 3319 3325 ,
3353 3276 3509 3328 quam

1943 3383 2048 3420 non
2090 3375 2194 3417 tam
2219 3361 2643 3434 generationem,
2671 3355 2835 3428 554
2855 3370 3016 3425 quam
3049 3352 3508 3424 regenerationem

1943 3455 2229 3525 appellavit
2259 3453 2332 3524 (9)
2361 3491 2377 3516 ,
2430 3467 2525 3520 per
2558 3464 2722 3518 quam
2770 3448 2887 3501 sine
2911 3446 3075 3498 dubio
3107 3443 3298 3496 vitium
3328 3442 3512 3511 prima:

1945 3547 2246 3602 nativitatis
2281 3543 2524 3598 aboleret
2553 3559 2566 3594 :
2599 3548 2656 3592 et
2680 3539 2820 3592 sicut
2851 3533 3184 3604 generationi
3236 3533 3512 3587 substituit

1946 3635 2440 3708 regenerationem,
2459 3634 2530 3686 ita
2565 3638 2620 3684 et
2640 3627 2902 3682 doctrinm
2919 3625 3032 3694 (10)
3050 3624 3330 3679 substituit
3354 3624 3510 3677 aliam

1945 3731 2270 3785 doctrinam.
2334 3725 2548 3779 Mittens
2587 3721 2787 3778 etenim
2821 3719 2889 3772 ad
2920 3719 3024 3772 huc
3053 3731 3189 3786 Opus
3220 3714 3512 3784 discipulos

1945 3837 2091 3887 suos,
2125 3836 2230 3874 non
2257 3819 2397 3872 dixit
2431 3824 2638 3870 tantum
2673 3832 2688 3868 :
2723 3812 2820 3877 lte,
2845 3810 3127 3878 baptizate
3161 3823 3355 3862 omnes
3383 3823 3508 3877 gen-

1945 3924 2058 3982 tes;
2094 3915 2186 3969 sed
2217 3915 2291 3966 ait
2320 3931 2332 3967 :
2373 3931 2392 3963 ‹
2423 3911 2532 3971 Ite,
2562 3909 2750 3962 docete
2780 3919 2969 3961 omnes
3001 3911 3208 3974 gentes,
3238 3903 3513 3971 baptizan-

1948 4017 2028 4062 tes
2054 4022 2149 4062 eos
2177 4006 2229 4059 in
2263 4003 2481 4058 nomine
2512 4000 2692 4054 Patris
2713 4038 2728 4061 ,
2759 4008 2810 4051 et
2842 3995 2964 4051 Filii
2991 4036 3006 4059 ,
3035 4004 3091 4050 et
3119 3993 3357 4063 Spiritus
3390 4006 3514 4045 San-

1945 4099 2018 4153 cti
2051 4097 2117 4151 ³⁸.
2145 4116 2163 4149 ι
2205 4096 2396 4150 Sciens
2428 4093 2592 4161 igitur
2617 4100 2910 4158 utrumque
2936 4088 3133 4144 essein
3167 4085 3351 4154 culpa,
3385 4083 3513 4136 utri-

1945 4206 2051 4262 que
2103 4189 2402 4244 remedium
2451 4185 2600 4240 dedit
2639 4183 2791 4253 (11),
2849 4191 2906 4234 ut
2950 4178 3225 4245 generatio
3273 4174 3511 4230 mortalis

1947 4285 2364 4355 regeneratione
2417 4277 2673 4348 baptismi
2727 4283 3072 4336 mutaretur,
3125 4281 3182 4326 et
3229 4269 3514 4338 impietatis

1949 4375 2255 4432 doctrinam
2302 4369 2548 4426 doctrina
2597 4367 2819 4438 pietatis
2871 4364 3182 4421 excluderet
3213 4361 3350 4432 (1‘2).
3403 4360 3512 4442 Non

276 4455 545 4524 Christus,
573 4460 662 4528 qui
691 4471 774 4514 est
798 4462 889 4515 Dei
921 4465 1094 4516 virtus
1127 4472 1182 4518 et
1209 4465 1302 4518 Dei
1336 4465 1602 4534 sapientia
1631 4463 1722 4517 “?
1753 4463 1846 4518 Sic
1875 4456 1921 4510 D
1949 4481 2080 4534 ergo
2109 4462 2242 4518 nihil
2269 4460 2622 4532 peccantibus
2667 4456 2823 4511 nobis
2854 4470 3003 4509 mors
3037 4452 3283 4521 regnavit
3335 4451 3386 4504 in
3420 4468 3512 4504 no—

275 4565 407 4620 ergo
436 4551 616 4620 plures
646 4551 897 4608 Christus
929 4553 1136 4607 reducit
1161 4555 1228 4608 ad
1259 4555 1444 4621 vitam,
1478 4569 1639 4624 quam
1670 4556 1841 4609 Adam

276 4643 432 4696 duxit
480 4645 546 4699 ad
596 4655 824 4701 mortem
877 4663 892 4701 :
942 4649 1066 4716 quia
1115 4649 1276 4702 etiam
1327 4649 1502 4718 ipsum
1529 4648 1723 4714 Adam,
1751 4648 1842 4718 qui

348 4784 438 4838 "1
468 4785 593 4856 Cor.
615 4801 706 4856 xv,
738 4787 830 4841 21.
899 4789 944 4820 "
971 4789 1128 4842 Rom.
1154 4803 1208 4856 v,
1239 4790 1323 4845 15.

276 4869 329 4917 ν,
361 4857 448 4910 18.
539 4855 586 4888 “
619 4855 806 4911 Matth.
843 4874 1035 4923 xxvm,
1065 4859 1151 4912 19.

352 4964 427 5038 (5)
463 4965 626 5030 Editi,
667 4986 686 5020 ι
725 4969 1123 5024 resolverentur
1151 4970 1446 5025 auditores.
1484 4988 1504 5022 ι

352 5038 432 5107 μ)
470 5038 635 5108 Editi,
669 5057 687 5089 ι
725 5039 1008 5108 imprimit.
1044 5060 1062 5092 ι

355 5109 430 5175 (5)
470 5107 636 5171 Alias,
672 5126 694 5159 ε
727 5107 858 5162 dicti
885 5110 1012 5162 sint.
1055 5129 1073 5162 ι

355 5178 430 5247 (6)
473 5177 562 5232 Sic
614 5187 760 5232 recte
807 5194 910 5233 ms.
969 5196 1126 5234 unus.
1191 5179 1330 5233 Editi
1379 5195 1509 5233 vero
1562 5189 1615 5230 et
1672 5177 1851 5229 cmteri

286 5265 442 5312 mss.,
483 5267 502 5299 ‹
535 5248 660 5316 quia
692 5248 900 5319 primus
924 5247 1046 5319 [al.,
1088 5269 1106 5300 ι
1138 5266 1234 5315 per
1263 5249 1423 5319 unius
1461 5249 1508 5319 ι)
1535 5249 1760 5319 gratiam
1799 5247 1852 5319 in

286 5335 476 5394 otnnes
503 5316 750 5394 homines
786 5316 1176 5394 justilicattone
1199 5321 1352 5394 vitae;
1394 5316 1529 5394 [_al._
1560 5336 1577 5369 ι
1613 5319 1662 5371 in
1689 5316 1854 5394 justi-

290 5387 1251 5471 ticationemvitm;)al.,«justi1icatio
1276 5400 1360 5445 est
1384 5387 1553 5462 vitae],
1592 5407 1612 5440 ι
1643 5387 1862 5441 ondssis

289 5469 528 5512 caeteris.

325 5596 336 5606 _
368 5528 444 5595 (7)
481 5527 652 5590 Alias,
687 5544 706 5576 ι
740 5542 899 5595 quam
929 5529 1274 5600 discipulatu.
1327 5528 1466 5584 Nam
1493 5528 1641 5585 verbi
1672 5540 1858 5592 causa,

292 5607 642 5735 δι’ξὸῖῗξῖυια-
673 5664 832 5721 Deest
861 5667 914 5722 in
945 5677 1101 5723 antea
1132 5666 1312 5724 editis.

1400 4791 1444 4822 ²⁹
1471 4789 1490 4845 l
1513 4791 1636 4845 Cor.
1669 4787 1808 4856 ",6.
1873 4787 1918 4819 '°
1953 4784 2106 4840 Rom.
2133 4797 2188 4849 ν,
2221 4780 2306 4833 14.
2363 4777 2406 4809 ἰ
2435 4776 2562 4845 Sap.
2592 4791 2646 4842 x,
2679 4777 2728 4831 1.

1950 4558 2032 4611 bis
2059 4575 2073 4611 :
2103 4557 2246 4610 sicut
2271 4568 2484 4607 rursum
2518 4566 2621 4605 non
2654 4547 2846 4603 otiosis
2893 4545 3071 4611 nobis,
3110 4555 3161 4597 et
3191 4541 3327 4596 nihil
3359 4557 3514 4611 ageno

1951 4647 2095 4701 tibus
2143 4647 2249 4697 vita
2303 4643 2550 4713 regnabit
2591 4642 2644 4694 iu
2691 4638 2867 4693 nobis.
2911 4636 3016 4690 Sed
3063 4633 3272 4688 initium
3304 4633 3511 4700 quidem

2805 4773 2849 4805 ³¹
2870 4774 2889 4827 l
2910 4773 3035 4828 Cor.
3066 4787 3102 4836 ι,
3129 4770 3220 4824 24.
3299 4769 3344 4800 ³⁸
3363 4769 3508 4822 ltum.

2030 4962 2106 5032 (9)
2148 4959 2287 5032 Editi
2313 4999 2331 5025 ,
2383 4975 2402 5009 ‹
2437 4972 2595 5032 quam
2652 4956 3110 5025 regenerationem
3157 4951 3459 5032 appellavit.
3489 4969 3508 5001 ι

1960 5025 2097 5088 Mss.
2123 5031 2362 5099 quidam,
2386 5047 2411 5099 ν(
2439 5029 2580 5095 quod
2614 5041 2724 5081 non
2757 5036 2864 5080 tam
2893 5025 3223 5097 regenerari,
3248 5039 3410 5092 quam
3439 5038 3514 5073 re-

1961 5098 2220 5173 generari
2245 5098 2550 5173 appellavit.
2572 5114 2608 5173 ,ι

2033 5172 2144 5243 (10)
2184 5162 2359 5243 Ediji,
2391 5186 2416 5243 μ
2453 5175 2508 5243 c_t
2541 5166 2683 5243 sicut
2715 5165 3118 5243 generationem
3153 5180 3173 5216 ι
3221 5162 3351 5235 (aL,
3387 5177 3404 5213 ι
3432 5174 3514 5230 ge-

1962 5235 2297 5310 nerationis]
2322 5237 2623 5299 substituit,
2655 5239 2725 5288 ita
2754 5246 2808 5289 ct
2840 5235 3123 5310 doctrinm,
3151 5245 3311 5310 ιρις.

2038 5312 2148 5378 (11)
2187 5303 2354 5372 Alias,
2392 5326 2411 5358 ι
2450 5317 2738 5378 utrumque
2770 5303 3258 5378 remedium‘dedit.
3289 5322 3309 5354 ο

2038 5369 2150 5448 (1‘2)
2192 5369 2362 5444 Alias,
2399 5398 2421 5429 ι
2450 5387 2504 5448 et
2547 5369 2878 5448 intrpietatem
2914 5373 3161 5448 doctrina
3187 5369 3411 5448 pietatis
3427 5383 3510 5420 ex-

1966 5437 2244 5512 clmleret;
2299 5467 2317 5500 ι
2348 5437 2535 5502 ἰιιυιε.
2597 5437 2797 5499 Deinde
2839 5437 3254 5512 Geuebrardus,
3317 5459 3334 5496 ι
3372 5437 3510 5491 Tunc

1968 5538 2128 5592 ergo;
2167 5541 2186 5572 ι
2224 5510 2546 5592 Salodiauus
2596 5526 2650 5569 et
2700 5515 2955 5592 Merliuus
2981 5553 2995 5575 ,
3037 5531 3056 5563 ι
3094 5510 3251 5592 Nunc
3293 5525 3444 5579 ergo;
3486 5525 3503 5557 ι
3600 5541 3605 5550 .

1970 5581 2062 5647 sed
2094 5581 2219 5645 mss.
2251 5589 2418 5643 nostri
2463 5601 2686 5651 omnes,
2721 5603 2739 5635 ι
2773 5585 2886 5638 Non
2925 5597 3071 5651 ergo.
3113 5601 3130 5633 ι
3174 5581 3363 5636 Postea
3395 5593 3508 5632 vero

1971 5665 2062 5718 alii
2090 5662 2310 5725 habent,
2352 5677 2370 5712 ι
2407 5655 2668 5728 regnavit,
2701 5673 2722 5708 ι
2754 5655 2866 5722 alii,
2903 5673 2920 5706 ί
2961 5652 3222 5723 regnabit.
3262 5673 3281 5704 ι
