3684 6148
295 295 316 346 l
327 291 431 348 027

1740 293 2066 350 ORIGENlS

3400 301 3521 358 1033

286 406 461 459 rietur
488 402 556 457 “.
581 423 599 456 ι
634 401 750 473 Ipsa
789 404 1019 474 denique
1053 405 1232 461 anima
1262 405 1462 462 clamat
1499 421 1594 478 per
1625 407 1866 477 Prophe-
1892 418 1939 472 Α
1970 425 2096 464 vero
2121 408 2399 466 Christum
2444 409 2577 466 dicit
2612 411 2904 482 Apostolus
2937 425 3042 467 non
3070 412 3242 467 solum
3277 414 3344 465 ad
3377 431 3502 469 mor-

289 510 440 558 tam.
505 501 694 554 dicens
744 517 758 554 :
811 519 830 550 ι
874 499 926 553 In
991 500 1270 567 pulverem
1336 503 1531 557 mortis
1585 504 1860 557 deduxisti

288 608 375 645 me
398 592 462 646 δ’.
491 610 511 645 ι
544 589 698 658 Quod
733 592 916 660 utique
945 593 990 646 ei
1019 593 1120 646 nisi
1152 609 1218 648 ex
1245 593 1442 648 delicto
1465 610 1570 649 non
1599 597 1858 664 petuisset

288 683 558 736 accidere.
590 681 746 738 Unde
773 686 1052 739 evidenter
1076 693 1306 753 apparet
1326 701 1446 740 eam
1479 702 1574 754 per
1603 688 1858 742 delictum

287 775 651 845 chirographa
708 778 789 830 sui
844 780 1241 847 conscripsisse
1292 795 1414 833 cum
1471 789 1667 844 morte,
1716 789 1861 836 utet

287 864 541 920 libertate
587 867 1015 923 immortalitatis
1058 871 1284 935 amissa,
1316 871 1502 941 jugum
1536 874 1774 940 peccati,
1806 881 1861 927 et

287 972 513 1026 regnmn
547 959 738 1014 mortis
777 962 1076 1029 exciperet.
1123 960 1325 1017 Volens
1371 964 1541 1030 igitur
1568 966 1859 1033 Apostolus

287 1048 576 1103 ostendere
601 1059 813 1119 quanto
838 1051 1044 1120 majora
1073 1068 1169 1121 per
1195 1053 1473 1109 Christum
1516 1056 1694 1110 anima
1723 1058 1860 1111 reci-

285 1140 387 1206 pit,
427 1155 589 1210 quam
643 1141 908 1196 amiserat
955 1159 1052 1211 per
1104 1145 1299 1209 Adam,
1355 1146 1665 1217 frequentat
1727 1149 1859 1204 istos

285 1245 587 1294 sermones,
616 1240 677 1285 ut
705 1233 852 1287 dicat
881 1276 895 1300 ,
946 1251 964 1285 ι
992 1235 1160 1290 Multo
1191 1238 1357 1306 magis
1381 1277 1398 1302 ,
1429 1255 1449 1290 ι
1491 1247 1569 1303 et,
1627 1256 1646 1288 ι
1675 1237 1851 1292 abun-

283 1322 522 1375 dantiam
555 1324 744 1392 gratia:
767 1362 782 1388 ,
814 1333 870 1379 et
904 1325 1101 1379 donum
1131 1325 1382 1395 iustitiae,
1409 1347 1428 1380 ι
1478 1337 1529 1382 et
1551 1373 1565 1394 ,
1617 1347 1634 1380 ι
1666 1345 1859 1400 regna-

281 1413 419 1468 bunt
452 1414 566 1484 (‘21)
608 1431 705 1485 per
730 1433 893 1470 unum
921 1415 1114 1472 Jesum
1143 1419 1420 1475 Christum
1445 1421 1512 1476 '°.
1541 1441 1560 1474 ι
1591 1422 1720 1488 Qum
1741 1439 1856 1476 om-

283 1508 377 1561 nia
415 1508 604 1576 utique
632 1508 911 1562 declarant
941 1509 1112 1564 multo
1147 1510 1540 1569 abundantiora
1567 1528 1690 1569 esse
1717 1516 1854 1570 dona

282 1612 444 1664 quam
477 1601 696 1656 damna.
734 1597 842 1654 Sed
893 1599 1176 1671 requires,
1209 1600 1302 1657 isti
1334 1617 1473 1674 quos
1503 1603 1642 1659 dicit
1667 1619 1856 1674 regna-

279 1689 432 1736 turos
473 1681 528 1736 in
557 1684 664 1742 vita
705 1701 800 1753 per
837 1685 1024 1740 Jesum
1068 1687 1367 1757 Christum,
1397 1707 1560 1760 super
1586 1707 1724 1763 quos
1758 1707 1848 1746 re-

1965 511 2068 556 tem
2103 503 2506 568 destruendam,
2537 504 2631 558 sed
2658 515 2709 558 et
2738 505 2804 558 ad
2839 505 2987 558 illum
3026 505 3224 574 ipsum,
3255 507 3344 576 qui
3369 507 3519 563 hahe-

1965 593 2060 647 bat
2089 595 2282 648 mortis
2349 596 2656 665 imperium.
2693 597 2746 650 id
2793 607 2878 650 est
2917 593 3214 664 diabolum,
3251 600 3304 652 in
3361 602 3522 654 medio

1964 684 2067 738 hoc
2087 721 2102 745 ,
2131 682 2183 737 id
2208 683 2321 753 (24)
2345 697 2450 750 est,
2478 696 2772 757 antequam
2804 688 2938 742 illud
2967 688 3058 742 ﬁat
3097 690 3242 759 quod
3271 692 3521 759 scriptum

1961 786 2045 830 est
2079 794 2093 831 :
2131 795 2149 827 ι
2183 777 2387 833 Deinde
2420 779 2563 843 ﬁnis,
2611 795 2735 834 cum
2768 781 3057 836 tradiderit
3089 797 3317 851 regnum
3347 783 3451 837 Deo
3478 795 3524 837 et

1960 868 2108 923 Patri
2137 870 2185 910 ⁸⁸
2217 887 2233 926 :
2267 889 2286 922 ι
2314 870 2335 940 )
2360 871 2484 940 quis
2511 881 2721 942 regnat.
2767 872 2824 927 Si
2865 873 3006 926 enim
3033 873 3281 928 dicamus
3317 875 3370 928 id
3391 879 3522 944 quod

1960 973 2301 1028 consequens
2385 961 2629 1027 videtur,
2700 965 2828 1035 quia
2900 964 3013 1018 vita
3083 968 3288 1034 iregnat
3366 976 3526 1019 morte

1960 1051 2238 1104 destructa
2270 1066 2284 1115 ;
2343 1059 2520 1118 potest
2548 1053 2708 1110 nobis
2764 1057 2982 1109 occurri
3015 1071 3028 1106 :
3062 1055 3352 1122 Quomodo
3407 1072 3527 1125 ergo

1958 1142 2261 1210 peccatur?
2305 1143 2375 1196 Et
2407 1143 2754 1200 manifestum
2792 1157 2876 1201 est
2919 1158 3152 1200 mortem
3187 1162 3421 1218 regnare
3441 1164 3530 1217 per

1959 1244 2259 1302 peccatum.
2293 1233 2349 1289 Si
2384 1250 2516 1290 vero
2544 1237 2793 1293 dicamus
2838 1239 2890 1291 in
2942 1238 3268 1307 quibusdam
3307 1256 3528 1310 regnare

1958 1325 2251 1394 Christum,
2281 1327 2384 1382 hoc
2433 1339 2517 1383 est
2544 1330 2734 1396 vitam,
2765 1341 2818 1386 et
2847 1332 2898 1386 in
2917 1332 3241 1402 quibusdam
3268 1344 3526 1389 mortem:

1957 1433 2116 1486 quos,
2157 1429 2250 1474 aut
2274 1420 2362 1474 ubi
2394 1421 2755 1487 inveniemus,
2792 1423 2846 1477 in
2875 1425 3074 1492 quibus
3099 1425 3172 1479 ita
3208 1439 3437 1497 regnum
3461 1427 3527 1481 sit

1957 1510 2103 1575 vitae,
2135 1519 2196 1565 ut
2225 1525 2449 1580 regnum
2475 1514 2670 1568 mortis
2701 1515 2756 1568 in
2791 1516 2872 1571 eis
2921 1531 3028 1571 non
3058 1516 3263 1572 habeat
3286 1528 3529 1588 potesta-

1957 1611 2088 1668 tem,
2150 1603 2256 1658 hoc
2301 1613 2407 1670 est,
2457 1605 2551 1674 qui
2589 1607 2808 1676 penitus
2862 1609 3068 1678 absque
3116 1619 3345 1679 peccato
3392 1611 3530 1665 sint?

1955 1690 2086 1756 Qure
2137 1695 2268 1749 mihi
2317 1697 2570 1754 videntur
2622 1701 2791 1773 magis
2844 1703 2910 1757 ad
2965 1704 3206 1760 futurum
3259 1707 3529 1777 pertinere

275 1775 534 1843 gnabunt.
561 1775 786 1832 Videtur
810 1779 940 1834 mihi
965 1783 1110 1852 quod
1135 1784 1276 1839 sicut
1303 1785 1493 1840 mortis
1527 1799 1753 1856 regnum
1795 1783 1848 1837 in
1882 1770 1924 1824 Β
1958 1799 2216 1853 regnum,
2260 1795 2314 1841 et
2351 1787 2424 1841 ibi
2463 1789 2580 1845 haec
2618 1770 2737 1846 esse
2773 1794 3123 1864 complenda,
3165 1770 3413 1865 ubi-(23)
3451 1799 3527 1853 di-

273 1879 368 1919 eos
391 1866 628 1920 ostendit
647 1867 816 1923 fuisse
835 1886 972 1940 quos
992 1875 1090 1928 sibi
1118 1876 1392 1942 peccando
1413 1876 1541 1931 fecit
1562 1875 1846 1937 obnoxios,

277 1942 351 1996 ita
395 1957 452 1998 et
488 1960 678 2001 eorum
714 1948 805 2017 qui
853 1950 1239 2006 abundantiam
1275 1956 1488 2024 gratim,
1548 1965 1603 2011 et
1651 1958 1850 2014 donum

271 2031 499 2102 justitiae
539 2038 834 2108 accipiunt,
894 2050 948 2093 et
991 2056 1086 2108 per
1142 2059 1308 2098 unum
1345 2045 1532 2101 Jesum
1574 2049 1850 2108 Christum

278 2128 555 2192 regnaturi
588 2129 858 2194 dicuntur,
892 2148 1117 2202 regnum
1151 2137 1402 2192 ostendat
1430 2139 1668 2195 futurum
1692 2157 1854 2213 super

277 2215 402 2270 illos
429 2218 521 2287 qui
565 2220 646 2274 eis
683 2220 735 2274 in
771 2223 1083 2279 eruditione
1130 2228 1282 2297 regni
1315 2229 1409 2284 Dei
1445 2231 1646 2287 subditi
1693 2234 1850 2298 liunt,

274 2317 350 2372 et,
387 2317 445 2360 ut
477 2309 549 2362 ita
577 2311 776 2376 dicam,
809 2314 896 2382 qui
928 2316 1234 2385 sapientiae,
1269 2301 1605 2388 et‘justitice,
1643 2339 1706 2376 ac
1731 2327 1851 2378 vita:

273 2414 397 2468 quae
423 2401 476 2455 in
508 2402 588 2456 eis
623 2413 728 2467 est,
761 2414 817 2459 et
846 2421 942 2475 per
977 2424 1139 2478 quam
1179 2423 1445 2481 regnant,
1475 2429 1706 2485 capaces
1734 2417 1850 2472 fue-

278 2489 386 2543 rint
408 2491 632 2546 inventi.
659 2491 811 2548 Uude
827 2505 880 2549 et
907 2511 1011 2551 non
1041 2501 1214 2555 otiose
1235 2502 1447 2557 videtur
1470 2505 1601 2560 mihi
1628 2506 1853 2578 Aposto-

275 2578 380 2644 lus,
416 2582 505 2651 qui
553 2582 606 2637 iu
643 2587 853 2640 caeteris
914 2587 1046 2644 locis
1091 2591 1323 2658 dixerat,
1353 2596 1479 2664 quia
1528 2597 1623 2652 «in
1660 2613 1851 2656 omnes

276 2671 525 2730 homines
575 2691 722 2730 mors
767 2682 1086 2748 pertransiit
1116 2700 1133 2750 ;
1170 2702 1190 2735 ι
1224 2694 1278 2740 et
1333 2686 1572 2744 iterum:
1613 2707 1634 2742 ι
1662 2688 1850 2748 Gratia

275 2765 368 2819 Dei
405 2765 517 2837 (9.9.)
554 2768 605 2820 in
639 2768 820 2837 plures
854 2771 1152 2828 abundavit
1184 2791 1198 2841 ;
1242 2793 1262 2827 ι
1307 2787 1361 2830 et
1389 2778 1583 2833 iterum
1619 2799 1632 2834 :
1670 2799 1688 2833 ι
1713 2781 1852 2838 Gra-

277 2859 352 2911 tia
380 2874 443 2912 ex
479 2860 663 2915 tnultis
697 2861 910 2918 delictis
948 2864 1001 2918 in
1023 2865 1475 2936 justilicationem
1499 2873 1566 2938 5',
1593 2891 1612 2924 ι
1651 2874 1752 2928 hoc
1792 2874 1846 2929 in

277 2950 395 3005 loco
451 2967 625 3023 neque
677 2970 888 3022 omnes,
941 2973 1118 3027 neque
1167 2961 1399 3030 multos,
1440 2979 1616 3034 neque
1665 2967 1849 3036 plures

277 3045 562 3113 posuisse;
609 3047 785 3101 sciens
814 3051 879 3103 ad
926 3065 1128 3118 paucos
1161 3053 1439 3121 pertinere
1475 3055 1635 3111 istius
1673 3058 1849 3115 beati-

1955 1875 2096 1927 citur
2125 1876 2268 1944 quod
2304 1897 2324 1929 ι
2360 1878 2429 1933 sit
2453 1881 2597 1936 Deus
2617 1885 2798 1937 omnia
2825 1884 2876 1938 in
2904 1887 3156 1941 omnibus
3179 1889 3244 1943 ⁸⁷.
3278 1907 3298 1938 ι
3333 1890 3527 1944 Idcirco

1957 1962 2100 2016 enim
2155 1975 2211 2018 et
2267 1967 2320 2019 in
2362 1968 2610 2024 oratione
2675 1971 2947 2025 bominica
3006 1974 3192 2028 dicere
3248 1975 3527 2034 docemur,

1963 2073 1981 2105 ι
2007 2056 2272 2111 Adveniat
2301 2075 2525 2130 regnum
2569 2072 2717 2116 tuum
2770 2063 2839 2129 ⁵⁸,
2869 2083 2888 2117 ι
2938 2065 3089 2133 quasi
3121 2065 3264 2133 quod
3298 2065 3526 2119 nondum

1957 2151 2237 2209 advenerit
2266 2172 2279 2208 :
2312 2165 2369 2210 et
2397 2155 2514 2225 ipse
2547 2157 2806 2215 Dominus
2833 2159 2886 2213 in
2925 2159 3083 2215 initio
3117 2161 3527 2230 praedicationis

1957 2258 2069 2298 sua:
2094 2261 2199 2300 non
2228 2247 2365 2301 dicit
2395 2264 2410 2300 :
2438 2248 2603 2304 Venit
2635 2265 2858 2321 regnum
2888 2254 3146 2306 celerum
3171 2268 3186 2317 ;
3210 2255 3336 2317 sed,
3380 2273 3400 2304 ι
3426 2254 3528 2322 Ap-

1957 2335 2343 2404 propinquavit
2371 2353 2598 2408 regnum
2627 2341 2891 2397 ctelorum
2933 2342 2999 2396 ".
3029 2362 3048 2394 ι
3099 2343 3356 2400 Ρι-ειξεθηε
3408 2361 3526 2399 vero

1959 2432 2172 2493 tempus
2204 2442 2314 2481 non
2351 2436 2459 2482 tam
2498 2430 2646 2500 regni
2677 2431 2909 2486 dixerim
2948 2433 3116 2487 videri
3150 2448 3320 2503 quam
3357 2434 3478 2490 belli
3511 2454 3525 2489 :

1956 2529 2054 2584 per
2125 2518 2270 2585 quod
2343 2519 2542 2575 bellum
2606 2522 2846 2577 futurum
2912 2539 3133 2595 regnum
3196 2537 3526 2596 quaratur,

1955 2606 2208 2671 quamvis
2237 2610 2340 2662 hoc
2367 2609 2484 2680 ipso
2514 2611 2635 2666 belli
2670 2621 2937 2684 tempore,
2963 2616 3086 2685 quia
3111 2616 3220 2685 jam
3251 2632 3321 2669 ex
3354 2616 3523 2686 aliqua

1955 2708 2112 2766 parte
2181 2714 2404 2770 regnum
2470 2703 2661 2759 mortis
2727 2704 3080 2774 infringitur,
3139 2717 3195 2762 et
3258 2707 3522 2777 paulatim

1956 2790 2275 2858 destruitur,
2330 2795 2476 2864 quod
2523 2798 2674 2866 prius
2718 2799 2769 2852 in
2827 2813 3015 2853 omnes
3055 2800 3308 2855 homines
3358 2803 3523 2855 fuerat

1957 2883 2266 2949 dilatatum,
2292 2886 2542 2944 Christus
2569 2905 2796 2961 regnare
2813 2889 3045 2956 dicatur,
3065 2893 3370 2947 secundum
3404 2893 3522 2946 illud

1953 2977 2097 3045 quod
2131 2978 2391 3046 scriptum
2426 2989 2552 3035 est:
2588 2999 2608 3031 ι
2635 2978 2863 3050 Oportet
2905 2982 3051 3036 enim
3104 2997 3227 3036 eum
3273 2997 3519 3053 regnare,

1954 3067 2127 3122 donec
2195 3076 2360 3138 ponat
2423 3084 2613 3124 omnes
2670 3069 2927 3126 inimicos
2978 3071 3096 3140 ejus
3148 3074 3251 3128 sub
3305 3075 3525 3144 pedibus

275 3134 481 3190 tudinis
551 3152 817 3192 summam
843 3179 858 3203 ,
901 3157 920 3190 ι
947 3140 1037 3209 qui
1073 3143 1460 3198 abundantiam
1521 3150 1714 3216 gratia:
1735 3189 1749 3215 ,
1797 3160 1852 3206 et
1877 3127 1922 3187 θ
1952 3158 2070 3230 ejus
2090 3127 2215 3227 °°;;
2249 3170 2303 3213 et
2337 3160 2462 3214 item
2492 3161 2617 3216 alibi
2649 3163 2782 3217 dicit
2811 3181 2825 3217 :
2861 3181 2880 3214 ι
2911 3127 3066 3218 Nunc
3091 3174 3274 3218 autem
3301 3127 3522 3221 necdum

273 3225 472 3279 donum
499 3226 725 3296 justitia:
756 3230 1091 3302 accipientes
1113 3273 1130 3300 ,
1161 3233 1213 3287 in
1253 3235 1358 3288 vita
1402 3239 1705 3308 regnabunt
1755 3256 1851 3311 per

274 3331 442 3371 unum
491 3317 672 3374 Iesum
716 3321 993 3381 Christum
1036 3327 1102 3383 “.
1131 3347 1152 3381 ι
1197 3329 1370 3400 lpsius
1425 3342 1607 3389 autem
1662 3339 1851 3392 mortis

274 3407 366 3464 hic
419 3411 747 3470 describitur
795 3433 1043 3488 regnum,
1082 3437 1207 3491 quae
1241 3425 1376 3478 alias
1413 3426 1459 3457 ⁵³
1497 3428 1697 3481 dicitur
1734 3428 1848 3500 (25)

275 3501 534 3558 inimicus
594 3521 716 3562 esse
754 3509 958 3565 Christi
1006 3513 1228 3569 ultimus
1275 3516 1360 3570 vel
1397 3519 1724 3575 novissimus
1755 3522 1850 3576 de-

273 3600 594 3653 struendus.
653 3599 979 3658 Destruetur
1012 3616 1192 3662 autem
1225 3608 1280 3662 in
1323 3623 1409 3675 eo,
1468 3621 1524 3664 ut
1549 3612 1690 3666 ultra
1739 3628 1847 3667 non

270 3699 480 3756 regnet.
527 3692 680 3757 Quod
727 3694 774 3748 si
823 3711 928 3749 non
966 3708 1178 3768 regnat,
1227 3711 1435 3756 certum
1487 3713 1568 3758 est
1602 3705 1712 3775 jam
1749 3721 1849 3761 nec

269 3779 528 3838 delictum
585 3785 824 3841 futurum
875 3803 1034 3854 esse,
1089 3791 1142 3844 in
1192 3808 1302 3862 quo
1362 3794 1480 3849 solo
1538 3799 1727 3851 mortis
1764 3807 1850 3853 est

272 3885 518 3939 regnum,
563 3886 690 3931 tune
747 3879 866 3934 sine
913 3881 1076 3936 dubio
1127 3900 1251 3938 cum
1302 3887 1369 3940 ad
1422 3903 1542 3942 eam
1585 3889 1842 3944 dicetur:

273 3962 933 4027 «Ubiest,mors.aculeus
963 3981 1085 4026 tuus
1116 3973 1198 4028 5"?
1221 3994 1238 4028 ι
1297 3979 1558 4046 quoniam
1599 3981 1843 4050 quidem,

268 4066 328 4108 ut
363 4056 475 4126 ipse
498 4059 790 4128 Apostolus
821 4065 976 4130 dicit,
1020 4084 1040 4118 ι
1065 4070 1290 4126 aculeus
1332 4072 1528 4127 mortis
1562 4084 1841 4142 peccatum

264 4158 370 4214 est,
406 4151 580 4207 virtus
606 4165 784 4209 autem
815 4159 1024 4225 peccati
1059 4161 1143 4214 lex
1171 4162 1240 4216 ".
1270 4181 1290 4214 ι
1333 4161 1524 4219 Restat
1551 4181 1680 4237 ergo
1715 4178 1845 4226 tunc

267 4257 443 4310 neque
497 4243 670 4313 legem
722 4248 996 4314 futuram,
1056 4251 1102 4305 si
1153 4253 1371 4322 quidem
1407 4259 1615 4324 peccati
1672 4261 1844 4318 virtus

267 4334 384 4404 ipsa
429 4335 662 4405 dicatur,
719 4352 776 4395 ut
827 4345 1034 4412 peccati
1074 4346 1278 4402 virtute
1334 4349 1584 4416 sublata,
1645 4355 1841 4412 merito

263 4428 436 4496 possit
459 4438 512 4483 et
545 4445 767 4501 regnum
795 4436 987 4491 mortis
1015 4438 1241 4494 aboleri.
1287 4437 1392 4494 Sed
1419 4442 1531 4498 haec
1561 4445 1617 4498 in
1646 4461 1838 4502 exces-

263 4535 326 4573 su
368 4536 509 4577 nuuc
540 4524 680 4579 dicta
711 4525 823 4580 sint
853 4545 866 4580 :
907 4530 1018 4584 suis
1041 4531 1187 4584 enim
1226 4531 1279 4584 in
1313 4531 1450 4589 locis
1479 4543 1838 4605 opportunius
1870 4506 1914 4563 D

263 4611 636 4681 requirentur.
709 4613 882 4670 Velim
936 4627 1115 4672 tamen
1175 4624 1485 4688 percontari
1546 4625 1835 4697 (quoniam

262 4703 481 4769 quidem
544 4715 771 4760 mortem
839 4724 1064 4778 regnum
1137 4726 1307 4781 usque
1356 4714 1423 4767 ad
1489 4720 1835 4786 praesentiam

260 4792 486 4859 Christi,
521 4797 614 4865 qui
666 4806 752 4853 est
803 4799 934 4867 vita,
992 4803 1230 4862 diximus
1294 4810 1568 4876 tenuisse;
1626 4816 1840 4872 venisse

1951 3252 2198 3306 videmus
2220 3252 2466 3320 subjecta
2495 3268 2615 3308 esse
2646 3254 2694 3308 ei
2723 3251 2835 3324 (26)
2865 3254 3046 3308 omnia
3079 3253 3146 3308 “.
3173 3273 3193 3306 ι
3248 3253 3409 3311 Unde
3437 3273 3522 3326 ap-

1949 3353 2104 3413 paret
2155 3344 2282 3414 quia
2337 3345 2440 3399 hoc
2473 3345 2617 3416 quod
2659 3347 2813 3409 dicit,
2881 3345 3155 3416 «Oportet
3200 3348 3352 3400 enim
3401 3363 3516 3402 eum

1949 3449 2194 3504 regnare.
2225 3455 2242 3488 ι
2281 3434 2448 3508 556
2477 3451 2574 3505 pro
2599 3452 2824 3508 regnum
2857 3453 3073 3507 parare,
3103 3438 3376 3508 posuerit.
3397 3439 3517 3494 Cer-

1951 3537 2063 3582 tum
2091 3535 2174 3582 est
2203 3527 2346 3582 enim
2375 3529 2500 3597 quia
2527 3528 2677 3598 prius
2719 3526 2833 3600 (27)
2880 3531 3227 3600 pugnandum
3284 3541 3406 3594 est,
3463 3539 3516 3584 et

1949 3617 2253 3688 alligandus
2302 3629 2384 3674 est
2427 3619 2603 3682 fortis.
2663 3630 2720 3676 et
2771 3621 2850 3676 sic
2886 3637 3012 3676 vasa
3053 3621 3170 3691 ejus
3217 3621 3517 3692 diripienda

1948 3720 2074 3762 sunt
2098 3709 2165 3762 θ’,
2224 3709 2294 3764 Ει
2343 3711 2466 3766 ideo
2510 3713 2675 3766 etiam
2711 3714 2829 3782 ipse
2857 3711 3112 3766 Salvator
3137 3713 3274 3766 dicit
3306 3733 3320 3767 :
3358 3732 3377 3764 ι
3407 3711 3514 3766 Non

1946 3802 2067 3856 veni
2103 3816 2287 3870 pacem
2315 3804 2556 3868 mittere,
2587 3804 2680 3859 sed
2722 3805 2962 3875 gladium
2998 3804 3065 3859 ⁸³.
3096 3823 3116 3856 ι
3151 3805 3365 3859 Tandiu
3397 3819 3518 3858 vero

1945 3896 2288 3963 pugnandum
2337 3907 2422 3951 est
2466 3897 2533 3952 ab
2569 3898 2651 3951 his
2684 3898 2777 3967 qui
2825 3912 3054 3967 regnare
3087 3896 3276 3951 volunt
3325 3899 3379 3951 in
3415 3897 3516 3950 vita

1944 4001 2041 4056 per
2065 3986 2248 4042 Jesum
2285 3987 2581 4056 Christum,
2606 3989 2786 4044 donec
2813 4008 2833 4041 ι
2859 3989 3190 4044 novissimus
3220 3989 3474 4042 inimicus
3492 4005 3510 4038 ι

1945 4081 2257 4135 destruatur
2283 4099 2302 4133 ι
2331 4095 2480 4135 mors
2513 4081 2580 4135 “.
2612 4101 2630 4134 ι
2669 4081 2774 4138 Sed
2818 4093 2874 4137 et
2915 4085 2981 4137 de
3017 4081 3357 4136 abundantia
3399 4095 3516 4149 gra-

1943 4170 2054 4236 tiae,
2101 4181 2159 4228 et
2207 4173 2348 4228 dono
2393 4172 2618 4242 iustitiae
2669 4173 2950 4230 sciendum
2979 4173 3218 4242 estquia
3265 4173 3335 4225 ad
3385 4171 3511 4226 illud

1953 4278 2204 4332 regnum,
2237 4267 2380 4334 quod
2411 4267 2646 4322 diximus
2670 4268 2963 4337 praeparari
3011 4279 3107 4335 per
3142 4263 3370 4327 bellum,
3405 4277 3507 4316 non

1941 4358 2090 4410 venit
2133 4357 2328 4427 aliquis
2358 4359 2454 4426 qui
2505 4375 2663 4413 unam
2699 4360 2929 4428 gratiam
2973 4357 3146 4414 solum
3187 4364 3509 4410 consecutus

1943 4455 2046 4507 est,
2076 4447 2179 4500 hoc
2205 4457 2310 4508 est,
2345 4449 2436 4517 qui
2467 4448 2519 4502 in
2549 4463 2656 4503 uno
2675 4449 2854 4517 aliquo
2884 4462 3047 4516 opere
3077 4445 3380 4514 placuerit;
3420 4443 3508 4497 sed

1942 4538 2272 4592 abundantia
2307 4541 2494 4608 gratiae
2515 4544 2582 4595 ab
2611 4555 2677 4595 eo
2705 4541 3020 4610 requiritur,
3048 4539 3348 4592 secundum
3389 4551 3507 4588 eum

1941 4631 2032 4698 qui
2087 4629 2265 4684 dicit:
2299 4618 2326 4682 “«
2368 4631 2750 4686 Abundantius
2795 4643 2974 4686 autem
3018 4645 3181 4700 quam
3211 4643 3400 4684 omnes
3435 4625 3504 4679 illi

1940 4721 2207 4789 laboravi,
2231 4739 2338 4778 non
2369 4735 2549 4780 autem
2579 4740 2700 4793 ego,
2732 4725 2824 4780 sed
2854 4724 3028 4794 gratia
3053 4722 3147 4776 Dei
3179 4736 3388 4775 mecum
3405 4719 3501 4771 ⁸⁸.»

1943 4815 2154 4870 Similia
2185 4833 2418 4888 quaaque
2447 4818 2559 4889 (28)
2585 4820 2746 4874 etiam
2798 4818 2884 4873 bis
2928 4831 3066 4888 quos
3101 4818 3293 4872 imbuit
3321 4826 3505 4888 preca-

332 4929 599 5015 ρης-ξι.
626 4925 862 5015 xy_u_t_,_4_.
898 4937 978 5015 -.ξ’
999 4937 1282 5015 ΡεξιΙηΑΧ-ιι,
1308 4940 1399 5015 56.
1472 4942 1523 5015 ξ’
1551 4943 1708 5000 Rom.
1739 4963 1790 5011 ν,

2002 4952 2028 4982 ¹¹
2071 4951 2198 5005 ibid.
2228 4951 2432 5015 12,15,
2467 4951 2552 5006 16.
2629 4951 2675 4982 ⁵¹
2709 4950 2837 5005 ibid.
2880 4950 2966 5004 17.
3041 4949 3088 4980 ⁸³
3120 4949 3285 5004 lCor.
3309 4951 3500 5009 “.26.

260 4998 582 5071 'Fihid.55.
658 5004 704 5035 ιι
734 5005 862 5058 ibid.
895 5008 980 5062 56.
1058 5010 1104 5042 ιο
1141 4998 1390 5066 illidet.
1469 4998 1796 5071 "mima.

1890 5021 1936 5052 ⁸⁸
1966 5021 2241 5086 Matthm,
2271 5022 2356 5074 10.

2445 5023 2491 5053 ⁵⁸
2531 5021 2720 5076 Matth.
2763 5037 2844 5083 ιιι,
2871 5021 2925 5074 2.
3005 5021 3050 5052 ⁶⁰
3083 5020 3103 5074 l
3132 5020 3261 5074 Cor.
3299 5037 3384 5086 xv,

263 5070 302 5101 “
333 5070 495 5126 Hebr.
527 5087 588 5134 It.
625 5073 680 5129 8.
758 5075 801 5105 ⁶²
845 5076 1154 5144 Matth.xu,
1188 5081 1278 5134 ‘29.
1355 5082 1400 5113 "
1417 5082 1608 5138 Matth.
1644 5101 1696 5151 κ,

2002 5070 2375 5159 enisus.
2455 5093 2499 5124 οε
2531 5070 2932 5157 Γιῗόὶῖῖιῖξιῦζ

335 5183 445 5264 (2i)
482 5189 573 5244 Sic
614 5205 716 5264 ms.
750 5207 902 5264 unus
953 5194 1175 5262 Regius.
1215 5195 1354 5250 Editi
1406 5212 1555 5264 vero,
1621 5218 1639 5250 ι
1666 5201 1830 5255 Multo

2003 5208 2117 5277 (25)
2151 5209 2350 5271 Alias,t
2386 5210 2486 5264 hoc
2517 5207 2850 5264 describitur
2873 5222 3119 5277 regnum,
3150 5221 3273 5277 qua:
3302 5211 3352 5263 in
3381 5209 3496 5265 aliis

261 5260 536 5341 magisnet
583 5261 916 5341 abundantia
961 5260 1169 5330 gratiae,
1232 5275 1293 5341 _et
1345 5260 1550 5341 donum
1597 5267 1830 5338 justitite
1929 5260 2193 5341 dic‘itu'r,_;
2225 5260 2336 5332 etc'.

261 5330 535 5406 regnabit,
560 5350 579 5383 ι
617 5345 721 5406 etc.
757 5333 908 5406 Alter
945 5349 1046 5406 ms.
1093 5335 1306 5406 ιιιιιιιιυ
1346 5339 1516 5406 magis
1560 5330 1616 5392 ei
1659 5343 1831 5395 abun-

261 5400 499 5479 dantiam
530 5403 736 5479 gratim,
767 5414 818 5456 et
845 5403 994 5465 doni,
1017 5403 1342 5479 e_t‘j_u‘sti_tia?,
1379 5400 1778 5479 et'regnabuut,
1803 5431 1821 5463 ι

259 5477 366 5522 etc.
410 5469 565 5545 Alius
593 5473 792 5537 Regius
845 5489 1001 5545 num.
1036 5473 1172 5529 1659
1227 5476 1386 5529 habet
1421 5469 1816 5545 tanﬁnnmodb,

266 5554 285 5586 ι
314 5544 609 5618 regnabunt
637 5559 734 5610 per
773 5560 937 5598 unum
974 5542 1156 5599 .Iesum
1199 5545 1499 5614 Christum,
1527 5567 1546 5600 ι
1602 5542 1820 5606 omissis

257 5616 494 5662 ciete-ris.

333 5674 446 5757 (Ἐξ
507 5677 696 5757 Gratia
743 5680 875 5757 Dei,
941 5694 996 5738 et
1034 5685 1230 5739 iterum
1277 5686 1435 5755 paulo
1474 5696 1623 5756 post,
1677 5703 1815 5757 agra—

263 5747 372 5812 tiu,
416 5747 607 5802 desunt
633 5751 685 5803 in
711 5747 892 5813 editis.
928 5765 982 5810 et
1011 5757 1063 5810 in
1095 5747 1366 5816 Dlerisdnc
1400 5747 1528 5813 mss.

2002 5324 2208 5417 Ἰιι
2229 5324 2406 5401 ἶιξξιὶο
2430 5324 2548 5414 hoc,
2579 5349 2653 5403 id.
2684 5348 2808 5403 Haec
2839 5349 3032 5403 desunt
3069 5350 3122 5404 in
3167 5349 3346 5405 editis.
3379 5350 3480 5405 Ms.

1924 5431 2067 5470 tinus
2098 5435 2192 5486 pro
2229 5437 2246 5468 ι
2272 5417 2324 5470 in
2362 5420 2536 5473 medio
2560 5439 2578 5469 ι
2616 5423 2780 5473 habet
2817 5439 2834 5470 ι
2867 5421 3168 5476 moriendo.
3207 5441 3224 5473 ι

1983 5489 2110 5554 (‘25)
2166 5487 2288 5541 Ubi.
2320 5486 2374 5540 lu
2410 5489 2568 5542 editis
2593 5493 2882 5545 omittitur.

1999 5558 2113 5628 (26)
2147 5559 2234 5628 Ei.
2262 5559 2609 5628 Desideratur
2635 5560 2687 5612 in
2719 5561 2899 5614 editis.

2000 5626 2111 5701 (2])
2143 5627 2324 5701 Prius.
2353 5626 2623 5701 Nusquam
2655 5632 2704 5681 in
2741 5632 2900 5686 editis
2921 5640 3225 5701 comparet.

1998 5699 2109 5770 ('28)
2139 5699 2312 5766 Alias,
2344 5718 2363 5750 ι
2388 5700 2586 5754 similia
2616 5714 2850 5770 quoque.
2871 5719 2893 5754 ι
