3684 6148
121 275 270 335 1029

1083 278 1443 337 COMMENT.
1479 280 1548 335 IN
1585 280 1806 338 EPIST.
1844 283 1934 337 AD
1966 283 2134 344 ROM.
2166 286 2292 344 LIB.
2330 289 2394 346 ν.

3249 306 3269 358 1
3281 305 3384 362 050

123 406 242 458 tur,
285 410 410 450 cum
443 395 576 450 dicit
607 413 620 452 :
653 414 670 446 α
696 396 882 452 Gratia
933 396 1090 452 vobls
1130 407 1185 452 et
1234 416 1336 469 pax
1387 401 1709 470 mnltiplice—
1737 407 1785 460 A
1815 411 2131 469 peccatores
2160 407 2441 461 constituti
2473 418 2599 464 sunt
2657 412 2834 475 multi,
2879 413 2952 469 ita
2986 425 3042 470 et
3078 433 3174 487 per
3221 424 3382 478 unius

119 500 215 544 tur
247 489 316 543 “.
345 508 364 541 ι
397 488 790 560 Multiplicatur
815 503 948 562 ergo
981 491 1157 558 gratia
1192 503 1248 545 et
1266 493 1506 548 abundat
1529 533 1546 557 ,
1575 495 1618 547 si
1649 504 1704 548 et

121 595 313 636 sermo
347 589 536 636 noster
558 595 776 652 semper
808 580 862 636 in
892 583 1070 652 gratia
1098 583 1212 638 sale
1243 585 1313 638 sit
1341 585 1616 651 conditus,
1649 595 1706 641 et

118 687 266 742 opus
293 681 539 729 nostrum
565 688 688 728 cum
712 675 889 745 gratia
913 675 1237 731 humilitatis
1258 686 1312 731 et
1338 677 1704 746 simplicitatis

118 764 240 830 flat,
267 773 322 820 et
349 765 536 820 omnia
564 780 684 834 qua:
715 766 928 836 agimus
972 767 1040 821 ad
1065 766 1291 837 gloriam
1332 768 1426 824 Dei
1456 785 1702 842 agamus.

116 857 391 912 Similiter
415 858 581 912 etiam
613 859 680 913 de
714 858 858 914 dono
893 859 1120 930 justitiaa
1172 861 1546 929 accipiendum
1595 874 1699 919 est.

116 949 272 1004 Nihil
300 953 444 1006 enim
471 951 819 1021 sinejustitia
855 968 1020 1024 agere
1057 955 1216 1010 debet
1253 959 1344 1026 qui
1368 958 1702 1025 justifieatur

117 1057 150 1096 a
180 1042 446 1111 Christo,
482 1047 777 1100 secundum
827 1063 950 1101 eum
1003 1050 1095 1118 qui
1142 1051 1274 1104 dicit
1309 1071 1322 1105 :
1363 1049 1560 1106 (Beati
1606 1053 1698 1122 qui

115 1137 442 1193 custodiunt
467 1138 727 1208 judicium
750 1179 766 1204 ,
820 1150 877 1195 et
918 1139 1125 1195 faciunt
1172 1142 1438 1212 justitiam
1469 1145 1520 1198 in
1552 1146 1698 1199 omni

114 1236 370 1298 tempore
396 1229 478 1295 ‘7;
506 1246 524 1281 ι
555 1240 610 1284 et
649 1231 946 1285 secundum
978 1234 1120 1302 quod
1154 1232 1432 1303 Sapientia
1459 1251 1702 1306 pronun-

115 1319 221 1374 tiat
254 1319 462 1388 dicens,
517 1321 646 1389 quia
675 1339 695 1374 ι
724 1330 780 1376 et
811 1323 856 1376 si
902 1323 1176 1392 perfectus
1206 1325 1280 1379 sit
1305 1328 1429 1395 quis
1477 1329 1528 1383 in
1574 1328 1698 1384 filiis

115 1412 433 1477 hominum,
467 1412 643 1468 si-nun
676 1414 818 1469 adsit
839 1415 1124 1483 e'rjustitia
1156 1432 1184 1470 a
1220 1417 1359 1482 Deo,
1384 1418 1438 1472 in
1469 1419 1697 1474 nihilum

115 1505 469 1576 reputabitur
490 1505 576 1572 ⁶⁸;
613 1525 632 1559 ι
672 1516 726 1562 et
755 1507 857 1563 hoc
883 1509 1044 1566 modo
1092 1510 1184 1579 qui
1213 1509 1503 1566 habuerint
1525 1511 1698 1566 abun-

109 1599 368 1654 dantiam
395 1599 586 1669 gratiae
607 1609 663 1655 et
682 1601 879 1656 donum
901 1601 1151 1670 justitite,
1179 1605 1231 1659 in
1257 1605 1364 1664 vita
1396 1607 1698 1679 regnabant

108 1701 215 1757 per
246 1703 416 1742 unum
446 1686 631 1745 Jesum
654 1689 936 1747 Christum
961 1693 1031 1748 ".

183 1780 244 1837 4.
300 1781 528 1854 «Itaque
573 1785 720 1840 sicut
762 1800 861 1856 per
903 1788 1064 1842 unius
1095 1788 1351 1845 delictum
1401 1790 1454 1846 in
1507 1806 1695 1849 omnes

106 1871 369 1928 homines
401 1873 453 1928 in
478 1870 1012 1942 condemnationem,
1042 1879 1113 1932 ita
1137 1890 1191 1935 et
1223 1896 1320 1950 per
1345 1882 1506 1937 unius
1532 1883 1695 1951 juSIi-

113 1964 253 2018 tiam
287 1965 341 2018 in
378 1980 568 2020 omnes
597 1966 846 2024 homines
873 1967 926 2022 in
950 1968 1393 2039 justificationem
1425 1975 1548 2028 vita:
1575 1974 1641 2027 ⁷⁸.
1667 1993 1688 2028 ι

107 2052 235 2109 5am
267 2063 321 2110 et
346 2056 599 2125 superius
624 2057 862 2113 diximus
912 2061 1057 2130 quod
1104 2077 1202 2132 per
1250 2063 1508 2119 delictum
1563 2065 1693 2120 Adae

109 2147 268 2204 velut
301 2149 481 2205 aditus
514 2151 736 2220 quidam
770 2151 932 2208 datus
955 2163 1059 2220 est,
1085 2170 1195 2225 quo
1231 2155 1284 2210 in
1307 2171 1496 2214 omnes
1518 2157 1694 2214 homi-

108 2254 215 2296 nes
247 2240 334 2296 vel
355 2253 661 2311 peccatum,
687 2243 770 2299 vel
797 2260 947 2302 mors
968 2247 1182 2316 peccati
1210 2289 1226 2313 ,
1255 2249 1337 2304 vel
1365 2252 1693 2308 condemna-

107 2332 191 2387 tio
242 2334 574 2403 perveniret.
641 2335 960 2394 Econtrario
994 2355 1124 2410 ergo
1172 2341 1422 2399 Christus
1483 2345 1689 2402 aditum

105 2423 526 2494 justifieationis
579 2429 818 2498 aperuit,
852 2444 948 2500 per
977 2447 1136 2501 quem
1162 2434 1267 2488 vita
1314 2436 1693 2506 ingrederetur

109 2517 181 2572 ad
220 2517 494 2585 homines,
558 2531 614 2576 et
661 2521 783 2579 ideo
817 2524 1034 2580 dicebat
1063 2525 1132 2581 de
1162 2530 1494 2598 semetipso:
1529 2547 1548 2582 ι
1581 2531 1691 2602 Ego

109 2623 237 2665 sum
270 2611 492 2666 ostium.
523 2611 630 2668 Per
658 2629 745 2670 me
767 2616 809 2670 si
840 2616 962 2685 quis
989 2617 1270 2688 ingressus
1295 2619 1479 2688 fuerit,
1513 2622 1690 2677 salvae

109 2701 269 2756 bitur
293 2702 361 2756 7‘.
393 2722 413 2756 ι
450 2703 555 2758 Sed
581 2706 645 2760 de
676 2707 759 2762 his
787 2707 900 2775 jam
949 2709 1002 2764 in
1047 2711 1417 2780 superioribus
1449 2717 1582 2769 satis
1608 2725 1691 2771 est

108 2794 344 2849 dictum.
389 2793 523 2850 Illud
557 2805 735 2853 tamen
785 2801 1182 2856 observandum
1230 2812 1336 2868 est,
1386 2807 1530 2875 quod
1581 2823 1688 2864 non

112 2887 258 2942 dixit
289 2905 305 2943 :
347 2907 366 2940 ‹
395 2888 555 2945 Sicut
594 2889 648 2944 in
684 2906 873 2947 omnes
917 2892 1163 2950 homines
1195 2895 1248 2949 in
1280 2898 1688 2955 condemnatio-

110 2992 240 3032 nem
271 2996 292 3030 ›
328 2979 545 3041 mortis.
593 2981 688 3036 sed
739 2983 1134 3049 tantummodo,
1203 2985 1300 3041 «in
1354 2989 1686 3046 condemna-

1808 500 2176 554 obedientiam
2216 501 2347 569 justi
2384 505 2781 560 constituentur
2831 511 2984 565 multi
3027 511 3095 568 ".
3121 532 3142 565 ι
3199 515 3378 574 Potest

1811 591 2031 659 quidem
2070 591 2184 647 fieri
2213 603 2272 647 ut
2313 597 2606 651 secundum
2642 613 2704 652 ea
2743 614 2862 668 quae
2914 602 2964 655 in
3010 607 3376 675 superioribus

1808 685 2243 750 observavimus,
2269 684 2501 752 Paulus,
2552 689 2740 746 volens
2781 696 3043 762 mysteria
3086 702 3376 755 secretiora

1805 785 2122 845 contegere,
2151 793 2285 845 quos
2308 779 2433 833 alibi
2467 798 2485 831 ι
2518 795 2712 836 omnes
2736 801 2756 834 ι
2800 784 3049 852 dixerat,
3079 790 3202 845 alibi
3242 794 3374 846 mul-

1807 877 1890 918 los
1922 877 2124 934 ponat,
2159 883 2224 923 ne
2255 869 2396 924 forte
2437 872 2481 924 si
2525 873 2755 927 dixisset
2812 893 2830 926 ε
2856 890 2950 944 per
2983 879 3140 934 unius
3189 882 3374 938 inobe-

1805 959 2066 1012 dientiam
2099 971 2420 1028 peccatores
2443 981 2461 1014 ι
2501 961 2674 1018 factos
2705 982 2828 1022 esse
2863 984 3074 1036 omnes,
3113 982 3166 1026 et
3195 991 3374 1031 neces-

1805 1050 1952 1104 sario
1984 1051 2381 1120 subjunxisset,
2420 1074 2439 1106 ι
2474 1056 2543 1110 ita
2589 1069 2643 1112 et
2679 1075 2773 1128 per
2820 1060 2982 1116 unius
3014 1063 3378 1121 obedientiam

1797 1139 1926 1206 justi
1955 1145 2366 1198 constituentur
2390 1163 2408 1196 ι
2436 1162 2645 1212 omnes,
2670 1149 2948 1205 videretur
2977 1167 3043 1207 ex
3070 1153 3374 1224 hujusmodi

1801 1233 2185 1304 promissionis
2233 1236 2535 1293 securitate
2584 1239 2856 1295 resolvere
2916 1243 3129 1298 animos
3187 1262 3375 1302 eorum

1801 1323 1996 1391 quibus
2020 1327 2236 1394 expedit
2267 1343 2388 1382 esse
2421 1329 2521 1382 sub
2548 1341 2715 1385 metu.
2745 1331 2810 1384 Et
2833 1332 2954 1388 ideo
2979 1351 3078 1391 nos
3105 1337 3277 1393 fidelis
3317 1349 3374 1394 et

1801 1417 2082 1486 prudentis
2147 1418 2198 1472 in
2241 1421 2407 1475 verbo
2463 1419 2555 1476 Dei
2630 1423 3028 1492 dispensatoris
3086 1431 3372 1486 consilium

1798 1521 2102 1576 servantes,
2131 1525 2234 1580 pro
2263 1526 2327 1567 eo
2368 1513 2540 1584 magis
2589 1516 2912 1572 satisfacere
2938 1519 3194 1576 debemus
3233 1537 3373 1592 quo-

1798 1603 1962 1659 modo
2009 1619 2105 1674 per
2149 1607 2308 1662 unius
2368 1609 2800 1666 inohedieutiam
2858 1629 2963 1669 non
3021 1631 3229 1681 omnes,
3275 1619 3373 1672 sed

1800 1697 1952 1752 multi
2007 1709 2132 1755 sunt
2169 1711 2486 1770 peccatores
2527 1704 2677 1760 facti.
2732 1705 2866 1761 Nam
2919 1723 3015 1777 per
3054 1711 3213 1764 unius
3241 1712 3372 1766 obe-

1797 1789 2055 1845 dientiam
2092 1794 2366 1862 quomodo
2405 1810 2512 1849 non
2568 1811 2780 1865 omnes,
2829 1799 2922 1854 sed
2956 1799 3108 1854 multi
3163 1802 3371 1856 consti-

1797 1888 2043 1947 tuantur,
2091 1881 2462 1939 diflicultatem
2542 1902 2646 1941 non
2704 1887 2925 1943 habebit
2976 1890 3366 1961 intelligentiae,

1794 1972 2091 2026 secundum
2123 1973 2252 2027 illud
2277 1977 2420 2041 quod
2452 1977 2713 2033 Dominus
2739 1979 2870 2033 dicit
2897 1981 2947 2033 iu
2981 1982 3273 2051 Evangelia
3296 1983 3365 2038 7’:

1799 2080 1819 2115 ε
1858 2061 2006 2118 Multi
2041 2065 2186 2120 enim
2219 2068 2439 2120 venient
2487 2068 2555 2123 ab
2583 2069 2807 2126 Oriente
2852 2080 2906 2124 et
2950 2069 3260 2136 Occidente,
3313 2084 3372 2128 et

1795 2157 2257 2212 recumbentcum
2286 2159 2596 2225 Abraham,
2638 2170 2693 2215 et
2745 2161 2914 2224 Isaac,
2975 2171 3029 2217 et
3091 2161 3258 2220 Jacob
3311 2165 3368 2219 in

1793 2262 1964 2315 regno
1993 2249 2109 2314 Dei,
2141 2269 2160 2302 ι
2204 2260 2258 2304 et
2288 2265 2394 2304 non
2423 2251 2584 2317 dixit,
2613 2255 2815 2309 Omnes
2841 2255 3084 2310 venient.
3115 2255 3368 2310 Peccato.

1793 2354 1886 2394 res
1908 2349 2086 2394 autem
2119 2342 2390 2410 quomodo
2423 2341 2580 2396 multi
2613 2350 2797 2396 etnon
2839 2357 3027 2398 omnes
3059 2344 3365 2411 videantur,

1793 2449 1915 2488 eum
1951 2433 2092 2487 idem
2118 2431 2417 2501 Apostolus
2447 2433 2590 2486 dicat
2632 2434 2776 2502 quod
2830 2451 2848 2484 ι
2877 2449 3067 2490 omnes
3106 2450 3367 2503 peccave-

1792 2531 1938 2588 runt,
1967 2541 1986 2574 ι
2027 2523 2284 2577 debemus
2326 2523 2638 2577 ostendere.
2694 2522 2855 2577 Aliud
2889 2533 2971 2578 est
3028 2538 3256 2591 peccare
3287 2525 3363 2589 ",

1791 2615 1937 2670 aliud
2001 2625 2338 2685 peccatorem
2389 2629 2532 2670 esse.
2609 2613 2872 2669 Peccator
2920 2616 3120 2671 dicitur
3166 2617 3211 2672 is
3267 2618 3362 2688 qui

1792 2707 1956 2762 multa
2001 2705 2365 2777 delinquendo
2397 2750 2410 2774 ,
2445 2707 2498 2761 in
2534 2707 2984 2762 consuetudinem
3008 2751 3023 2774 ,
3061 2717 3135 2774 et,
3186 2718 3245 2764 ut
3286 2710 3362 2764 ita

1793 2799 2012 2865 dicam,
2076 2800 2129 2854 in
2198 2799 2440 2855 studium
2485 2800 2747 2868 peccandi
2801 2799 2912 2871 jam
2972 2801 3158 2867 venit;
3217 2803 3364 2856 sicut

1790 2889 2098 2946 econtrario
2132 2889 2315 2960 justus
2359 2905 2466 2944 non
2502 2889 2704 2944 dicitur
2744 2891 2790 2945 is
2825 2891 2918 2961 qui
2953 2891 3121 2946 semel
3148 2899 3244 2944 aut
3278 2891 3363 2945 his

1792 2982 1995 3055 aliquid
2053 2982 2283 3053 justitiae
2341 2981 2582 3050 fecerit,
2668 2983 2764 3037 sed
2827 2983 2915 3037 ille
2975 2985 3066 3054 qui
3140 2999 3362 3051 semper

110 3070 343 3136 tionem,
375 3092 396 3125 ι
453 3087 560 3142 quo
588 3074 800 3131 scilicet
855 3076 908 3130 in
977 3078 1231 3134 omnibus
1275 3081 1471 3149 probet
1519 3083 1686 3140 multo
1716 3111 1758 3170 ε
1788 3077 1934 3148 juste
1984 3077 2208 3148 agendo,
2251 3075 2306 3130 in
2357 3090 2458 3130 usu
2517 3084 2572 3130 et
2636 3076 3034 3170 consuetudine
3089 3075 3359 3170 justitiam

109 3163 483 3222 abundantius
518 3167 718 3222 donum
745 3184 870 3224 esse
901 3185 1063 3240 quam
1089 3172 1370 3228 delictum.
1411 3173 1690 3242 Quomodo

109 3273 268 3324 sane,
300 3259 383 3313 vel
406 3274 528 3328 quae
549 3261 932 3317 condemnatio
962 3263 1012 3316 in
1038 3279 1226 3319 omnes
1249 3264 1498 3323 homines
1527 3284 1690 3324 vene-

109 3351 186 3402 rit
215 3349 508 3404 videndum
532 3359 635 3406 est.
673 3350 739 3404 Et
768 3351 1015 3408 sufficere
1042 3352 1268 3410 forsitan
1299 3367 1476 3427 potest
1494 3373 1689 3416 secun-

107 3441 240 3495 dum
271 3441 574 3512 simplicem
605 3443 1025 3511 expositionem,
1056 3455 1112 3500 ut
1153 3448 1398 3505 dicamus
1427 3452 1686 3506 condem-

111 3533 394 3588 nationem
444 3548 566 3589 esse
606 3533 789 3588 delicti
845 3550 1187 3592 communem
1236 3540 1377 3596 hanc
1435 3553 1685 3611 mortem,

109 3641 234 3694 quae
265 3625 521 3681 omnibus
545 3627 714 3693 venit,
744 3635 798 3680 et
827 3628 1028 3690 veniet,
1061 3630 1226 3684 etiam
1248 3633 1290 3685 si
1309 3631 1440 3701 justi
1471 3633 1688 3689 videan-

109 3729 224 3774 tur.
253 3716 408 3785 Quod
445 3718 490 3772 si
522 3717 664 3774 fortc
688 3719 887 3790 aliquis
927 3720 1154 3790 objiciat
1180 3724 1245 3778 de
1270 3724 1456 3780 Enoch
1483 3737 1538 3780 et
1568 3727 1684 3782 Elia

105 3809 203 3879 qui
255 3808 512 3864 translati
563 3817 691 3864 sunt
742 3825 810 3865 ne
865 3810 1117 3866 viderent
1171 3822 1400 3870 mortem
1439 3817 1530 3872 7'z
1581 3818 1685 3874 hoc

107 3900 276 3956 modo
308 3901 426 3956 haec
451 3917 614 3956 causa
643 3902 884 3959 salvatur
917 3904 1053 3978 (29),
1092 3907 1234 3975 quod
1281 3922 1386 3962 non
1429 3911 1686 3965 continuo

105 3994 246 4049 falsa
299 3994 586 4049 videantur
637 4009 698 4049 ea
740 4012 863 4066 qute
890 4001 956 4054 de
1001 4000 1257 4055 omnibus
1303 4002 1577 4066 dicuntur,
1636 4005 1683 4060 si

105 4084 294 4154 aliqua
326 4084 658 4154 dispensatio
684 4085 778 4141 Dei
803 4088 858 4142 in
894 4103 1002 4143 uno
1032 4090 1116 4144 vel
1139 4091 1348 4146 duobus
1377 4093 1684 4152 hominibus

105 4178 254 4233 facta
287 4188 391 4234 est.
447 4177 555 4234 Sed
599 4188 655 4233 et
703 4181 832 4236 illud
863 4183 986 4252 quis
1017 4193 1414 4254 competenter,
1449 4193 1508 4239 ut
1537 4188 1684 4243 arbi-

104 4279 248 4338 tror,
286 4273 526 4341 proferet
556 4276 610 4330 in
651 4275 791 4340 loco,
821 4275 946 4344 quia
987 4292 1108 4331 cum
1133 4276 1454 4348 deliquisset
1484 4281 1682 4344 Adam,

102 4363 375 4432 scriptum
402 4374 486 4420 est
516 4366 562 4398 ⁷³
585 4368 729 4436 quod
756 4368 918 4436 eiecit
963 4383 1088 4423 eum
1132 4367 1394 4425 Dominus
1444 4370 1586 4425 Deus
1618 4373 1683 4426 de

1796 3166 1958 3239 557
1990 3167 2170 3221 habet.
2212 3162 2344 3219 Nam
2379 3165 2424 3220 si
2451 3165 2574 3234 quis
2607 3165 2661 3218 in
2695 3166 2908 3220 caeteris
2950 3163 3062 3223 fere
3097 3169 3350 3224 omnibus

1792 3254 2040 3330 injustus’
2054 3256 2146 3320 sit,
2177 3258 2344 3314 semel
2365 3271 2543 3312 autem
2576 3258 2658 3313 vel
2682 3259 2765 3314 bis
2793 3259 2994 3328 aliquid
3013 3259 3146 3329 justi
3177 3266 3361 3331 operis

1788 3351 1982 3422 egerit,
2014 3351 2116 3406 iste
2165 3351 2385 3420 quidem
2430 3349 2484 3404 in
2521 3364 2589 3405 eo
2623 3365 2788 3420 opere
2834 3349 2886 3405 iu
2939 3367 3048 3421 quo
3091 3352 3356 3423 justitiam

1791 3442 2142 3512 tenuit,juste
2169 3443 2346 3510 egisse
2362 3441 2598 3508 dicetur,
2632 3457 2736 3496 non
2763 3451 2943 3498 tamen
2968 3459 3033 3498 ex
3058 3443 3159 3500 hoc
3176 3444 3360 3513 justus

1788 3533 2170 3605 appellabitur.
2211 3534 2285 3588 Ita
2325 3547 2380 3589 et
2423 3533 2604 3603 justus
2655 3549 2904 3604 peccasse
2955 3536 3177 3606 quidem
3215 3537 3359 3592 dice-

1791 3636 1882 3682 tur
1907 3626 2020 3698 (50)
2052 3627 2098 3683 si
2132 3627 2335 3696 aliquid
2362 3627 2700 3681 commiserit
2756 3627 3048 3697 aliquando
3078 3630 3220 3698 quod
3248 3645 3353 3684 non

1788 3721 1938 3783 licet.
1972 3736 2079 3776 non
2109 3730 2297 3775 tamen
2325 3734 2389 3774 ex
2441 3719 2543 3774 hoc
2572 3727 2826 3789 peccator
2865 3719 3238 3790 appellabitur,
3265 3722 3355 3790 qui

1787 3814 2046 3886 peccandi
2081 3830 2237 3870 usum
2286 3823 2342 3868 et
2370 3812 2817 3867 consuetudinem
2855 3827 2961 3866 non
2997 3822 3141 3867 tenet
3171 3828 3186 3866 :
3218 3814 3357 3868 sicut

1786 3915 1841 3958 et
1875 3903 2121 3959 medicus
2155 3903 2246 3958 ille
2285 3917 2390 3956 non
2421 3901 2626 3956 dicitur
2675 3901 2768 3970 qui
2823 3911 2918 3955 aut
2953 3900 3145 3957 leviter
3185 3913 3358 3972 rupta:

1787 3995 1982 4065 capitis
2011 3995 2120 4050 cuti
2147 3997 2250 4050 scit
2285 3995 2563 4064 imponere
2595 4008 2874 4057 araneatn,
2919 4003 3016 4047 aut
3042 3995 3136 4064 qui
3172 4004 3354 4050 temo-

1784 4102 1900 4142 rem
1934 4086 2176 4142 vulneris
2229 4101 2370 4156 aqua
2419 4086 2592 4142 calida
2653 4084 2869 4148 foverit,
2919 4085 3168 4155 quamvis
3191 4088 3356 4142 etiam

1786 4179 1891 4233 hoc.
1921 4179 2206 4234 medicinae
2232 4193 2354 4234 esse
2390 4180 2642 4234 videatur
2674 4196 2688 4233 :
2721 4180 2815 4234 sed
2846 4177 2936 4234 ille
2968 4179 3165 4234 dicitur
3190 4181 3360 4234 medi.

1785 4286 1881 4326 cus
1921 4271 2012 4340 qui
2051 4285 2231 4335 usum,
2281 4286 2347 4326 ac
2385 4271 2661 4336 studium,
2705 4281 2760 4325 et
2811 4270 3156 4338 disciplinam
3190 4272 3358 4326 habet

1784 4365 2053 4420 medendi.
2077 4365 2154 4419 Ex
2174 4363 2376 4435 quibus
2399 4366 2653 4419 omnibus
2682 4375 2810 4434 puto
2832 4363 3161 4419 sufficienter
3176 4375 3360 4418 osten-

101 4458 388 4527 paradiso,
429 4467 482 4512 et
514 4461 799 4514 constituit
845 4476 970 4515 eum
1028 4461 1080 4515 in
1131 4469 1276 4516 terra
1340 4463 1444 4518 hac
1487 4475 1678 4518 contra
1713 4454 1758 4510 D
1787 4458 1838 4512 di
1873 4456 2016 4527 quod
2069 4457 2216 4512 aliud
2265 4457 2337 4510 Sit
2370 4471 2618 4527 Peccaret
2655 4457 2802 4510 amid
2836 4465 3174 4526 Peccalorem
3209 4470 3356 4510 esse-

103 4550 422 4618 paradisnm
449 4551 802 4620 deliciarum;
831 4563 885 4608 et
910 4554 1025 4608 hare
1057 4554 1160 4609 fuit
1185 4555 1364 4610 delicti
1401 4556 1520 4626 ejus
1543 4571 1677 4611 con-

103 4641 408 4707 demnatio,
444 4658 563 4713 quae
600 4645 656 4698 in
688 4659 878 4700 omnes
907 4645 1159 4702 homines
1189 4648 1307 4702 sine
1337 4650 1504 4704 dubio
1551 4665 1678 4720 per-

101 4735 281 4789 venit.
305 4733 507 4790 Omnes
535 4736 681 4790 enim
730 4737 782 4791 in
821 4737 941 4793 loco
986 4737 1090 4793 hoc
1119 4740 1511 4796 humiliationis
1540 4753 1593 4798 et
1624 4744 1676 4797 in

102 4824 361 4880 convalle
391 4824 550 4880 fletus
589 4826 768 4882 effecti
824 4837 994 4895 sunt;
1029 4828 1144 4883 sive
1187 4830 1331 4898 quod
1384 4831 1436 4884 in
1484 4831 1682 4886 lumbis

101 4915 239 4969 Adae
264 4915 484 4971 fuerunt
510 4931 700 4972 omnes
750 4918 845 4989 qui
881 4933 947 4972 ex
991 4934 1056 4973 eo
1101 4929 1420 4983 nascuntur,
1457 4929 1510 4974 et
1555 4937 1676 4976 cum

105 5007 226 5074 ipso
256 5022 322 5074 pa
334 5009 464 5062 riter
487 5008 643 5076 ejecti
669 5019 799 5064 sunt
821 5026 836 5064 :
855 5010 971 5064 sive
999 5009 1106 5066 alio
1132 5011 1374 5080 quolibet
1397 5013 1684 5068 inenarra-

104 5100 202 5154 bili
237 5101 396 5155 modo
414 5109 469 5155 et
497 5101 595 5156 soli
629 5102 740 5157 Deo
769 5105 987 5174 cognito
1017 5103 1387 5174 unusquisque
1414 5105 1481 5158 de
1517 5116 1682 5172 para-
1716 5125 1718 5127 ’

103 5193 229 5248 diso
255 5202 434 5250 trusus
463 5196 696 5260 videtur,
732 5207 790 5252 et
823 5198 1106 5267 excepisse
1146 5198 1675 5256 condemnationem.

179 5285 237 5341 5.
273 5305 293 5339 ι
321 5287 472 5344 Sicut
500 5289 643 5344 enim
668 5304 768 5362 per
794 5291 1217 5346 inobedientiam
1243 5290 1404 5345 unius
1435 5289 1676 5345 hominis

179 5439 269 5494 “l
297 5438 446 5496 Petr.
469 5457 512 5506 t,
535 5443 591 5498 2.
665 5444 710 5475 ⁸⁷
740 5443 882 5499 Psal.
915 5457 1001 5505 cv,
1033 5442 1088 5498 5.
1165 5443 1208 5473 ⁸⁸
1238 5443 1366 5512 Sap.
1402 5459 1480 5508 Ix,
1508 5442 1562 5496 6.

210 5511 316 5572 24;
345 5511 408 5565 IV
445 5512 578 5572 Reg.
617 5513 797 5572 ιι.11.
869 5515 915 5546 ⁷³
950 5514 1299 5572 Gen.ttt.25.
1329 5514 1421 5569 2i.
1499 5516 1544 5546 "
1573 5513 1634 5568 Rt

1165 5443 1208 5473 ⁸⁸
1238 5443 1366 5512 Sap.
1402 5459 1480 5508 Ix,
1508 5442 1562 5496 6.
1641 5445 1685 5476 ⁸⁸
1730 5443 1885 5496 Rom.
1913 5457 1969 5505 ι’,
2009 5441 2094 5494 l7.
2170 5441 2215 5472 ⁷⁸
2239 5440 2370 5492 ibid.
2403 5437 2492 5493 18.

1120 5515 1299 5572 (11.25.
1329 5514 1421 5569 2i.
1499 5516 1544 5546 "
1573 5513 1732 5569 Rom.
1769 5529 1824 5572 ν,
1856 5513 1942 5568 19.
2019 5513 2068 5543 ⁷⁵
2101 5509 2288 5564 Matth.
2329 5523 2448 5572 vttt,
2485 5507 2575 5562 il.

105 5526 162 5576 v,
210 5511 316 5584 247;
345 5511 408 5584 iV
445 5512 578 5584 Reg.
617 5531 680 5580 tl,
711 5513 797 5568 ll.
869 5515 915 5546 ⁷³
950 5511 1421 5582 ϐθη.ιιι,25,“2ί.

107 5597 226 5649 xlv,
259 5583 318 5651 4,
348 5581 399 5636 5.

186 5702 298 5776 (‘29)
329 5703 498 5781 Alias,
539 5721 558 5756 ι
593 5704 647 5759 id
689 5704 1023 5781 quod_modo
1060 5700 1200 5781 [_a.l.,
1232 5717 1251 5752 ‹
1306 5714 1358 5781 In
1389 5700 1497 5781 huc
1525 5714 1679 5781 mun-

109 5767 207 5844 do,
232 5794 250 5828 ι
279 5767 397 5844 'al.,
435 5792 455 5828 ι
483 5767 586 5832 hoc
616 5767 773 5831 modo
801 5771 864 5849 ι]
891 5767 1288 5831 excusabitur.»
1322 5767 1427 5825 Sed
1468 5770 1668 5826 rectius

1785 4547 1986 4604 Omnes
2032 4549 2175 4605 enim
2231 4558 2409 4618 potest
2455 4548 2571 4602 fieri
2602 4557 2661 4602 ut
2713 4549 3082 4617 peccaverint,
3134 4548 3356 4602 etiamsi

1787 4643 1958 4696 sancti
1994 4641 2215 4704 fuerint,
2253 4641 2382 4710 quia
2414 4657 2432 4690 ι
2477 4653 2635 4693 nemo
2663 4640 2895 4692 mundus
2926 4654 2956 4691 a
2978 4640 3158 4703 sorde,
3188 4653 3285 4692 nec
3308 4639 3358 4692 si

1787 4734 1947 4788 unius
1975 4732 2081 4786 diei
2116 4732 2281 4786 fuerit
2312 4732 2419 4786 vita
2461 4731 2579 4801 ejus
2606 4731 2672 4786 ⁷⁷.
2704 4750 2722 4782 ι
2757 4729 2888 4796 Quis
2938 4731 3081 4784 enim
3131 4739 3214 4784 est
3259 4730 3356 4800 qui

1791 4839 1898 4878 non
1929 4831 2024 4876 aut
2059 4823 2111 4876 in
2143 4822 2306 4887 facto,
2335 4831 2426 4874 aut
2457 4821 2511 4875 in
2547 4821 2740 4884 verbo,
2771 4830 2865 4874 aut
2894 4821 2983 4888 qui
3010 4820 3357 4874 cautissimus

1791 4900 1941 4969 certe
1975 4922 2080 4979 est,
2113 4913 2194 4965 vel
2232 4913 2284 4964 in
2308 4912 2634 4982 cogitatione
2661 4908 3011 4979 peccaverit?
3037 4906 3103 4960 Et
3127 4907 3269 4972 ideo,
3299 4918 3359 4962 ut

1791 5009 1926 5072 dixi,
1955 5021 2208 5075 peccasse
2229 5003 2447 5075 quidem
2475 5017 2667 5058 omnes
2715 5002 2906 5056 merito
2935 5001 3200 5065 dicentur,
3232 5013 3357 5066 pec-

1792 5110 2010 5155 catores
2035 5108 2218 5151 autem
2262 5094 2390 5150 facti
2428 5109 2534 5148 non
2569 5108 2791 5156 omnes;
2845 5093 2938 5144 sed
2970 5089 3143 5144 multi.
3179 5085 3353 5142 Simili

1789 5205 2004 5262 quoque
2027 5189 2196 5244 forma
2220 5197 2275 5243 et
2291 5187 2423 5256 justi
2444 5187 2594 5240 multi
2615 5185 2978 5248 habebuntur,
3007 5197 3112 5237 non
3141 5193 3353 5243 omnes,

1789 5283 2005 5339 etiamsi
2035 5295 2226 5338 omnes
2252 5279 2382 5350 justi
2431 5278 2635 5348 aliquid
2657 5279 2837 5348 operis
2865 5285 3048 5347 agant.
3078 5272 3222 5327 Bene
3252 5286 3354 5324 au-

3120 5431 3166 5464 ⁷³
3210 5428 3353 5485 Gen.

3168 5499 3214 5534 ’⁷
3251 5497 3356 5555 Juh

2588 5437 2633 5468 ’ί
2677 5434 2833 5489 Joan.
2880 5449 2936 5494 ι,
2972 5433 3026 5487 9.

2650 5508 2695 5538 "
2713 5506 2872 5560 Rom.
2904 5518 2958 5569 v,
2987 5503 3071 5559 12.

1787 5712 1891 5752 ms.
1917 5710 2058 5749 unus
2095 5701 2154 5748 ιΙΙ.
2183 5709 2237 5748 ιη
2271 5701 2458 5747 nostro
2489 5702 2657 5750 testu.

1849 5768 1961 5838 (50)
1996 5764 2165 5832 Alias,
2205 5782 2222 5816 ι
2254 5763 2472 5820 dicitur.
2507 5782 2527 5818 ο
