  <div class='ocr_page' id='page_1' title='image "/cluster/home/n/w/nwhite01/storage/ocr_20150623/14/mdp.39015052831362/593.png"; bbox 0 0 3684 6148; ppageno 0'>
   <div class='ocr_carea' id='block_1_1' title="bbox 377 246 508 301">
    <p class='ocr_par' dir='ltr' id='par_1_1' title="bbox 377 246 508 301">
     <span class='ocr_line' id='line_1_1' title="bbox 377 246 508 301; baseline 0.008 0"><span class='ocrx_word' id='word_1_1' title='bbox 377 246 508 301; x_wconf 74' lang='grc'><strong>1031</strong></span> 
     </span>
    </p>
   </div>
   <div class='ocr_carea' id='block_1_2' title="bbox 1810 246 2128 302">
    <p class='ocr_par' dir='ltr' id='par_1_2' title="bbox 1810 246 2128 302">
     <span class='ocr_line' id='line_1_2' title="bbox 1810 246 2128 302; baseline -0.003 -1"><span class='ocrx_word' id='word_1_2' title='bbox 1810 246 2128 302; x_wconf 68' lang='grc' dir='ltr'>θιιιϐωιιε</span> 
     </span>
    </p>
   </div>
   <div class='ocr_carea' id='block_1_3' title="bbox 3465 255 3580 312">
    <p class='ocr_par' dir='ltr' id='par_1_3' title="bbox 3465 255 3580 312">
     <span class='ocr_line' id='line_1_3' title="bbox 3465 255 3580 312; baseline 0.035 -4"><span class='ocrx_word' id='word_1_3' title='bbox 3465 255 3580 312; x_wconf 68' lang='grc' dir='ltr'>ωδε).</span> 
     </span>
    </p>
   </div>
   <div class='ocr_carea' id='block_1_4' title="bbox 376 360 3584 442">
    <p class='ocr_par' dir='ltr' id='par_1_4' title="bbox 376 360 3584 442">
     <span class='ocr_line' id='line_1_4' title="bbox 376 360 3584 442; baseline 0.002 -26"><span class='ocrx_word' id='word_1_4' title='bbox 376 375 484 416; x_wconf 88' lang='lat' dir='ltr'><strong>tetu</strong></span> <span class='ocrx_word' id='word_1_5' title='bbox 517 361 586 414; x_wconf 87' lang='lat' dir='ltr'><strong>ab</strong></span> <span class='ocrx_word' id='word_1_6' title='bbox 615 360 874 428; x_wconf 83' lang='lat' dir='ltr'><strong>Apostolo</strong></span> <span class='ocrx_word' id='word_1_7' title='bbox 896 361 1060 416; x_wconf 89' lang='lat' dir='ltr'><strong>etiam</strong></span> <span class='ocrx_word' id='word_1_8' title='bbox 1092 372 1399 432; x_wconf 73' lang='lat' dir='ltr'><strong>temporum</strong></span> <span class='ocrx_word' id='word_1_9' title='bbox 1431 363 1570 416; x_wconf 92' lang='lat' dir='ltr'><strong>ratio</strong></span> <span class='ocrx_word' id='word_1_10' title='bbox 1604 363 1932 417; x_wconf 74' lang='lat' dir='ltr'><strong>custoditur.</strong></span> <span class='ocrx_word' id='word_1_11' title='bbox 1963 367 2009 421; x_wconf 77' lang='grc' dir='ltr'><strong>Α</strong></span> <span class='ocrx_word' id='word_1_12' title='bbox 2037 362 2212 415; x_wconf 90' lang='lat' dir='ltr'><strong>stituti</strong></span> <span class='ocrx_word' id='word_1_13' title='bbox 2251 371 2378 415; x_wconf 92' lang='lat' dir='ltr'><strong>sunt</strong></span> <span class='ocrx_word' id='word_1_14' title='bbox 2433 362 2607 417; x_wconf 92' lang='lat' dir='ltr'><strong>multi.</strong></span> <span class='ocrx_word' id='word_1_15' title='bbox 2646 382 2664 416; x_wconf 86' lang='grc' dir='ltr'><strong>ι</strong></span> <span class='ocrx_word' id='word_1_16' title='bbox 2697 362 2801 418; x_wconf 87' lang='lat' dir='ltr'><strong>Ubi</strong></span> <span class='ocrx_word' id='word_1_17' title='bbox 2837 380 2967 420; x_wconf 88' lang='lat' dir='ltr'><strong>vero</strong></span> <span class='ocrx_word' id='word_1_18' title='bbox 3013 385 3032 417; x_wconf 77' lang='grc' dir='ltr'><strong>ι</strong></span> <span class='ocrx_word' id='word_1_19' title='bbox 3067 368 3428 424; x_wconf 83' lang='lat' dir='ltr'><strong>obedientiam</strong></span> <span class='ocrx_word' id='word_1_20' title='bbox 3464 392 3482 422; x_wconf 75' lang='grc' dir='ltr'><strong>ι</strong></span> <span class='ocrx_word' id='word_1_21' title='bbox 3510 392 3584 442; x_wconf 74' lang='grc' dir='ltr'><strong>νο.</strong></span> 
     </span>
    </p>
   </div>
   <div class='ocr_carea' id='block_1_5' title="bbox 372 449 1941 524">
    <p class='ocr_par' dir='ltr' id='par_1_5' title="bbox 372 449 1941 524">
     <span class='ocr_line' id='line_1_5' title="bbox 372 449 1941 524; baseline 0.001 -17"><span class='ocrx_word' id='word_1_22' title='bbox 372 455 508 508; x_wconf 87' lang='lat' dir='ltr'><strong>Nam</strong></span> <span class='ocrx_word' id='word_1_23' title='bbox 560 469 680 506; x_wconf 84' lang='lat' dir='ltr'><strong>cum</strong></span> <span class='ocrx_word' id='word_1_24' title='bbox 716 454 916 506; x_wconf 86' lang='lat' dir='ltr'><strong>multos</strong></span> <span class='ocrx_word' id='word_1_25' title='bbox 961 449 1294 509; x_wconf 72' lang='lat' dir='ltr'><strong>constituitle</strong></span> <span class='ocrx_word' id='word_1_26' title='bbox 1350 468 1472 508; x_wconf 87' lang='lat' dir='ltr'><strong>esse</strong></span> <span class='ocrx_word' id='word_1_27' title='bbox 1515 464 1832 524; x_wconf 85' lang='lat' dir='ltr'><strong>peccatores</strong></span> <span class='ocrx_word' id='word_1_28' title='bbox 1873 455 1941 508; x_wconf 90' lang='lat' dir='ltr'><strong>ad</strong></span> 
     </span>
    </p>
   </div>
   <div class='ocr_carea' id='block_1_6' title="bbox 373 544 1945 614">
    <p class='ocr_par' dir='ltr' id='par_1_6' title="bbox 373 544 1945 614">
     <span class='ocr_line' id='line_1_6' title="bbox 373 544 1945 614; baseline 0.002 -17"><span class='ocrx_word' id='word_1_29' title='bbox 373 544 703 614; x_wconf 65' lang='lat' dir='ltr'><strong>praeteritum</strong></span> <span class='ocrx_word' id='word_1_30' title='bbox 757 545 1101 610; x_wconf 77' lang='lat' dir='ltr'><strong>retulerit&quot;,</strong></span> <span class='ocrx_word' id='word_1_31' title='bbox 1131 545 1309 612; x_wconf 83' lang='lat' dir='ltr'><strong>justos</strong></span> <span class='ocrx_word' id='word_1_32' title='bbox 1363 547 1776 600; x_wconf 71' lang='lat' dir='ltr'><strong>consﬁtuendos</strong></span> <span class='ocrx_word' id='word_1_33' title='bbox 1823 561 1945 600; x_wconf 86' lang='lat' dir='ltr'><strong>esse</strong></span> 
     </span>
    </p>
   </div>
   <div class='ocr_carea' id='block_1_7' title="bbox 375 633 1944 704">
    <p class='ocr_par' dir='ltr' id='par_1_7' title="bbox 375 633 1944 704">
     <span class='ocr_line' id='line_1_7' title="bbox 375 633 1944 704; baseline 0.005 -19"><span class='ocrx_word' id='word_1_34' title='bbox 375 635 576 686; x_wconf 89' lang='lat' dir='ltr'><strong>multos</strong></span> <span class='ocrx_word' id='word_1_35' title='bbox 602 637 667 686; x_wconf 85' lang='lat' dir='ltr'><strong>ad</strong></span> <span class='ocrx_word' id='word_1_36' title='bbox 705 633 943 686; x_wconf 91' lang='lat' dir='ltr'><strong>futurum</strong></span> <span class='ocrx_word' id='word_1_37' title='bbox 981 637 1257 690; x_wconf 92' lang='lat' dir='ltr'><strong>transtulit</strong></span> <span class='ocrx_word' id='word_1_38' title='bbox 1307 645 1541 704; x_wconf 81' lang='lat' dir='ltr'><strong>tempus,</strong></span> <span class='ocrx_word' id='word_1_39' title='bbox 1595 637 1772 690; x_wconf 91' lang='lat' dir='ltr'><strong>sciens</strong></span> <span class='ocrx_word' id='word_1_40' title='bbox 1826 639 1944 693; x_wconf 86' lang='lat' dir='ltr'><strong>sine</strong></span> 
     </span>
    </p>
   </div>
   <div class='ocr_carea' id='block_1_8' title="bbox 371 725 1943 798">
    <p class='ocr_par' dir='ltr' id='par_1_8' title="bbox 371 725 1943 798">
     <span class='ocr_line' id='line_1_8' title="bbox 371 725 1943 798; baseline 0.006 -22"><span class='ocrx_word' id='word_1_41' title='bbox 371 725 534 777; x_wconf 89' lang='lat' dir='ltr'><strong>dubio</strong></span> <span class='ocrx_word' id='word_1_42' title='bbox 558 725 697 790; x_wconf 87' lang='lat' dir='ltr'><strong>quod</strong></span> <span class='ocrx_word' id='word_1_43' title='bbox 725 741 975 794; x_wconf 77' lang='lat' dir='ltr'><strong>processu</strong></span> <span class='ocrx_word' id='word_1_44' title='bbox 1001 728 1400 797; x_wconf 73' lang='lat' dir='ltr'><strong>prredicationis</strong></span> <span class='ocrx_word' id='word_1_45' title='bbox 1422 731 1742 796; x_wconf 68' lang='lat' dir='ltr'><strong>evangelicae</strong></span> <span class='ocrx_word' id='word_1_46' title='bbox 1759 729 1943 798; x_wconf 90' lang='lat' dir='ltr'><strong>justo-</strong></span> 
     </span>
    </p>
   </div>
   <div class='ocr_carea' id='block_1_9' title="bbox 372 818 1941 891">
    <p class='ocr_par' dir='ltr' id='par_1_9' title="bbox 372 818 1941 891">
     <span class='ocr_line' id='line_1_9' title="bbox 372 818 1941 891; baseline 0.007 -22"><span class='ocrx_word' id='word_1_47' title='bbox 372 833 486 869; x_wconf 93' lang='lat' dir='ltr'><strong>rnm</strong></span> <span class='ocrx_word' id='word_1_48' title='bbox 511 818 799 871; x_wconf 82' lang='lat' dir='ltr'><strong>multitudo</strong></span> <span class='ocrx_word' id='word_1_49' title='bbox 835 821 1004 888; x_wconf 83' lang='lat' dir='ltr'><strong>major</strong></span> <span class='ocrx_word' id='word_1_50' title='bbox 1041 831 1404 876; x_wconf 89' lang='lat' dir='ltr'><strong>accresceret.</strong></span> <span class='ocrx_word' id='word_1_51' title='bbox 1429 821 1582 889; x_wconf 93' lang='lat' dir='ltr'><strong>Quod</strong></span> <span class='ocrx_word' id='word_1_52' title='bbox 1609 824 1941 891; x_wconf 88' lang='lat' dir='ltr'><strong>autemjusti</strong></span> 
     </span>
    </p>
   </div>
   <div class='ocr_carea' id='block_1_10' title="bbox 371 909 1939 972">
    <p class='ocr_par' dir='ltr' id='par_1_10' title="bbox 371 909 1939 972">
     <span class='ocr_line' id='line_1_10' title="bbox 371 909 1939 972; baseline 0.006 -12"><span class='ocrx_word' id='word_1_53' title='bbox 371 909 523 962; x_wconf 89' lang='lat' dir='ltr'><strong>multi</strong></span> <span class='ocrx_word' id='word_1_54' title='bbox 558 909 758 964; x_wconf 78' lang='lat' dir='ltr'><strong>fuerint</strong></span> <span class='ocrx_word' id='word_1_55' title='bbox 781 913 943 963; x_wconf 83' lang='lat' dir='ltr'><strong>etiam</strong></span> <span class='ocrx_word' id='word_1_56' title='bbox 977 922 1100 965; x_wconf 86' lang='lat' dir='ltr'><strong>ante</strong></span> <span class='ocrx_word' id='word_1_57' title='bbox 1128 912 1433 968; x_wconf 86' lang='lat' dir='ltr'><strong>Salvatoris</strong></span> <span class='ocrx_word' id='word_1_58' title='bbox 1459 916 1753 970; x_wconf 89' lang='lat' dir='ltr'><strong>adventum</strong></span> <span class='ocrx_word' id='word_1_59' title='bbox 1799 917 1939 972; x_wconf 88' lang='lat' dir='ltr'><strong>idem</strong></span> 
     </span>
    </p>
   </div>
   <div class='ocr_carea' id='block_1_11' title="bbox 373 999 1940 1074">
    <p class='ocr_par' dir='ltr' id='par_1_11' title="bbox 373 999 1940 1074">
     <span class='ocr_line' id='line_1_11' title="bbox 373 999 1940 1074; baseline 0.008 -23"><span class='ocrx_word' id='word_1_60' title='bbox 373 999 632 1054; x_wconf 85' lang='lat' dir='ltr'><strong>Dominus</strong></span> <span class='ocrx_word' id='word_1_61' title='bbox 657 1011 888 1055; x_wconf 88' lang='lat' dir='ltr'><strong>testatur</strong></span> <span class='ocrx_word' id='word_1_62' title='bbox 912 1002 962 1055; x_wconf 92' lang='lat' dir='ltr'><strong>in</strong></span> <span class='ocrx_word' id='word_1_63' title='bbox 988 1003 1319 1074; x_wconf 84' lang='lat' dir='ltr'><strong>Evangeliis,</strong></span> <span class='ocrx_word' id='word_1_64' title='bbox 1347 1021 1471 1060; x_wconf 85' lang='lat' dir='ltr'><strong>cum</strong></span> <span class='ocrx_word' id='word_1_65' title='bbox 1495 1008 1625 1061; x_wconf 84' lang='lat' dir='ltr'><strong>dicit</strong></span> <span class='ocrx_word' id='word_1_66' title='bbox 1643 1009 1688 1040; x_wconf 68' lang='lat'><strong>7&quot;</strong></span> <span class='ocrx_word' id='word_1_67' title='bbox 1712 1025 1724 1060; x_wconf 93' lang='lat'>:</span> <span class='ocrx_word' id='word_1_68' title='bbox 1748 1028 1766 1060; x_wconf 78' lang='grc' dir='ltr'><strong>ι</strong></span> <span class='ocrx_word' id='word_1_69' title='bbox 1790 1009 1940 1063; x_wconf 83' lang='lat' dir='ltr'><strong>Multi</strong></span> 
     </span>
    </p>
   </div>
   <div class='ocr_carea' id='block_1_12' title="bbox 369 1092 1932 1168">
    <p class='ocr_par' dir='ltr' id='par_1_12' title="bbox 369 1092 1932 1168">
     <span class='ocr_line' id='line_1_12' title="bbox 369 1092 1932 1168; baseline 0.008 -27"><span class='ocrx_word' id='word_1_70' title='bbox 369 1092 641 1159; x_wconf 71' lang='lat' dir='ltr'><strong>prophetze</strong></span> <span class='ocrx_word' id='word_1_71' title='bbox 689 1101 743 1146; x_wconf 89' lang='lat' dir='ltr'><strong>et</strong></span> <span class='ocrx_word' id='word_1_72' title='bbox 770 1094 900 1162; x_wconf 88' lang='lat' dir='ltr'><strong>justi</strong></span> <span class='ocrx_word' id='word_1_73' title='bbox 933 1097 1223 1163; x_wconf 82' lang='lat' dir='ltr'><strong>cupierunt</strong></span> <span class='ocrx_word' id='word_1_74' title='bbox 1264 1098 1448 1150; x_wconf 78' lang='lat' dir='ltr'><strong>videre</strong></span> <span class='ocrx_word' id='word_1_75' title='bbox 1501 1115 1620 1168; x_wconf 77' lang='lat' dir='ltr'><strong>qua:</strong></span> <span class='ocrx_word' id='word_1_76' title='bbox 1650 1101 1866 1156; x_wconf 83' lang='lat' dir='ltr'><strong>videtis.</strong></span> <span class='ocrx_word' id='word_1_77' title='bbox 1913 1121 1932 1154; x_wconf 78' lang='grc' dir='ltr'><strong>ι</strong></span> 
     </span>
    </p>
   </div>
   <div class='ocr_carea' id='block_1_13' title="bbox 371 1175 1938 1258">
    <p class='ocr_par' dir='ltr' id='par_1_13' title="bbox 371 1175 1938 1258">
     <span class='ocr_line' id='line_1_13' title="bbox 371 1175 1938 1258; baseline 0.01 -25"><span class='ocrx_word' id='word_1_78' title='bbox 371 1179 476 1234; x_wconf 90' lang='lat' dir='ltr'><strong>Sed</strong></span> <span class='ocrx_word' id='word_1_79' title='bbox 507 1182 663 1235; x_wconf 82' lang='lat' dir='ltr'><strong>aliter</strong></span> <span class='ocrx_word' id='word_1_80' title='bbox 689 1183 778 1238; x_wconf 91' lang='lat' dir='ltr'><strong>hic</strong></span> <span class='ocrx_word' id='word_1_81' title='bbox 815 1175 1009 1238; x_wconf 77' lang='lat' dir='ltr'><strong>multos</strong></span> <span class='ocrx_word' id='word_1_82' title='bbox 1033 1187 1435 1242; x_wconf 82' lang='lat' dir='ltr'><strong>dicitSalvator</strong></span> <span class='ocrx_word' id='word_1_83' title='bbox 1461 1191 1661 1258; x_wconf 89' lang='lat' dir='ltr'><strong>justos,</strong></span> <span class='ocrx_word' id='word_1_84' title='bbox 1687 1203 1740 1246; x_wconf 93' lang='lat' dir='ltr'><strong>et</strong></span> <span class='ocrx_word' id='word_1_85' title='bbox 1775 1194 1938 1249; x_wconf 89' lang='lat' dir='ltr'><strong>aliter</strong></span> 
     </span>
    </p>
   </div>
   <div class='ocr_carea' id='block_1_14' title="bbox 367 1274 1935 1350">
    <p class='ocr_par' dir='ltr' id='par_1_14' title="bbox 367 1274 1935 1350">
     <span class='ocr_line' id='line_1_14' title="bbox 367 1274 1935 1350; baseline 0.011 -26"><span class='ocrx_word' id='word_1_86' title='bbox 367 1274 660 1340; x_wconf 80' lang='lat' dir='ltr'><strong>Apostolus</strong></span> <span class='ocrx_word' id='word_1_87' title='bbox 699 1277 877 1343; x_wconf 91' lang='lat' dir='ltr'><strong>posuit</strong></span> <span class='ocrx_word' id='word_1_88' title='bbox 915 1277 1048 1346; x_wconf 79' lang='lat' dir='ltr'><strong>(5i).</strong></span> <span class='ocrx_word' id='word_1_89' title='bbox 1100 1277 1232 1331; x_wconf 89' lang='lat' dir='ltr'><strong>Nam</strong></span> <span class='ocrx_word' id='word_1_90' title='bbox 1267 1279 1519 1335; x_wconf 80' lang='lat' dir='ltr'><strong>Salvator</strong></span> <span class='ocrx_word' id='word_1_91' title='bbox 1568 1285 1935 1350; x_wconf 87' lang='lat' dir='ltr'><strong>apostolorqu</strong></span> 
     </span>
    </p>
   </div>
   <div class='ocr_carea' id='block_1_15' title="bbox 369 1367 1936 1442">
    <p class='ocr_par' dir='ltr' id='par_1_15' title="bbox 369 1367 1936 1442">
     <span class='ocr_line' id='line_1_15' title="bbox 369 1367 1936 1442; baseline 0.011 -28"><span class='ocrx_word' id='word_1_92' title='bbox 369 1379 655 1418; x_wconf 79' lang='lat' dir='ltr'><strong>tnunerum</strong></span> <span class='ocrx_word' id='word_1_93' title='bbox 709 1367 1033 1434; x_wconf 87' lang='lat' dir='ltr'><strong>respiciens,</strong></span> <span class='ocrx_word' id='word_1_94' title='bbox 1069 1371 1134 1421; x_wconf 91' lang='lat' dir='ltr'><strong>ad</strong></span> <span class='ocrx_word' id='word_1_95' title='bbox 1174 1369 1412 1438; x_wconf 87' lang='lat' dir='ltr'><strong>ipsorqu</strong></span> <span class='ocrx_word' id='word_1_96' title='bbox 1467 1375 1936 1442; x_wconf 88' lang='lat' dir='ltr'><strong>comparationem</strong></span> 
     </span>
    </p>
   </div>
   <div class='ocr_carea' id='block_1_16' title="bbox 366 1453 1940 1528">
    <p class='ocr_par' dir='ltr' id='par_1_16' title="bbox 366 1453 1940 1528">
     <span class='ocr_line' id='line_1_16' title="bbox 366 1453 1940 1528; baseline 0.009 -24"><span class='ocrx_word' id='word_1_97' title='bbox 366 1453 566 1506; x_wconf 88' lang='lat' dir='ltr'><strong>mullos</strong></span> <span class='ocrx_word' id='word_1_98' title='bbox 604 1455 742 1508; x_wconf 81' lang='lat' dir='ltr'><strong>dixit</strong></span> <span class='ocrx_word' id='word_1_99' title='bbox 779 1455 954 1525; x_wconf 88' lang='lat' dir='ltr'><strong>justos</strong></span> <span class='ocrx_word' id='word_1_100' title='bbox 996 1467 1050 1510; x_wconf 92' lang='lat' dir='ltr'><strong>et</strong></span> <span class='ocrx_word' id='word_1_101' title='bbox 1076 1459 1370 1526; x_wconf 84' lang='lat' dir='ltr'><strong>prophetas</strong></span> <span class='ocrx_word' id='word_1_102' title='bbox 1398 1475 1412 1512; x_wconf 89' lang='lat'><strong>:</strong></span> <span class='ocrx_word' id='word_1_103' title='bbox 1445 1460 1496 1512; x_wconf 93' lang='lat' dir='ltr'><strong>in</strong></span> <span class='ocrx_word' id='word_1_104' title='bbox 1527 1464 1780 1528; x_wconf 76' lang='lat' dir='ltr'><strong>praesenti</strong></span> <span class='ocrx_word' id='word_1_105' title='bbox 1811 1479 1940 1520; x_wconf 89' lang='lat' dir='ltr'><strong>vero</strong></span> 
     </span>
    </p>
   </div>
   <div class='ocr_carea' id='block_1_17' title="bbox 366 1541 1938 1619">
    <p class='ocr_par' dir='ltr' id='par_1_17' title="bbox 366 1541 1938 1619">
     <span class='ocr_line' id='line_1_17' title="bbox 366 1541 1938 1619; baseline 0.008 -23"><span class='ocrx_word' id='word_1_106' title='bbox 366 1541 483 1596; x_wconf 92' lang='lat' dir='ltr'><strong>loco</strong></span> <span class='ocrx_word' id='word_1_107' title='bbox 510 1543 796 1613; x_wconf 85' lang='lat' dir='ltr'><strong>Apostolus</strong></span> <span class='ocrx_word' id='word_1_108' title='bbox 823 1551 1021 1601; x_wconf 90' lang='lat' dir='ltr'><strong>multos</strong></span> <span class='ocrx_word' id='word_1_109' title='bbox 1046 1549 1110 1600; x_wconf 90' lang='lat' dir='ltr'><strong>ad</strong></span> <span class='ocrx_word' id='word_1_110' title='bbox 1138 1549 1375 1602; x_wconf 85' lang='lat' dir='ltr'><strong>Omnium</strong></span> <span class='ocrx_word' id='word_1_111' title='bbox 1407 1552 1494 1619; x_wconf 88' lang='lat' dir='ltr'><strong>qu&#39;i</strong></span> <span class='ocrx_word' id='word_1_112' title='bbox 1531 1552 1581 1604; x_wconf 93' lang='lat' dir='ltr'><strong>in</strong></span> <span class='ocrx_word' id='word_1_113' title='bbox 1609 1553 1710 1606; x_wconf 88' lang='lat' dir='ltr'><strong>hoc</strong></span> <span class='ocrx_word' id='word_1_114' title='bbox 1737 1556 1938 1609; x_wconf 92' lang='lat' dir='ltr'><strong>mundo</strong></span> 
     </span>
    </p>
   </div>
   <div class='ocr_carea' id='block_1_18' title="bbox 363 1634 1935 1715">
    <p class='ocr_par' dir='ltr' id='par_1_18' title="bbox 363 1634 1935 1715">
     <span class='ocr_line' id='line_1_18' title="bbox 363 1634 1935 1715; baseline 0.01 -29"><span class='ocrx_word' id='word_1_115' title='bbox 363 1634 475 1686; x_wconf 87' lang='lat' dir='ltr'><strong>nati</strong></span> <span class='ocrx_word' id='word_1_116' title='bbox 512 1643 639 1688; x_wconf 91' lang='lat' dir='ltr'><strong>sunt</strong></span> <span class='ocrx_word' id='word_1_117' title='bbox 659 1645 716 1690; x_wconf 85' lang='lat' dir='ltr'><strong>et</strong></span> <span class='ocrx_word' id='word_1_118' title='bbox 743 1649 1037 1692; x_wconf 89' lang='lat' dir='ltr'><strong>nascentur</strong></span> <span class='ocrx_word' id='word_1_119' title='bbox 1067 1641 1531 1708; x_wconf 88' lang='lat' dir='ltr'><strong>comparationem</strong></span> <span class='ocrx_word' id='word_1_120' title='bbox 1553 1643 1935 1715; x_wconf 85' lang='lat' dir='ltr'><strong>intelligendus</strong></span> 
     </span>
    </p>
   </div>
   <div class='ocr_carea' id='block_1_19' title="bbox 2053 453 3583 532">
    <p class='ocr_par' dir='ltr' id='par_1_19' title="bbox 2053 453 3583 532">
     <span class='ocr_line' id='line_1_19' title="bbox 2053 453 3583 532; baseline 0.01 -26"><span class='ocrx_word' id='word_1_121' title='bbox 2053 453 2134 506; x_wconf 84' lang='lat' dir='ltr'><strong>nit</strong></span> <span class='ocrx_word' id='word_1_122' title='bbox 2163 471 2182 504; x_wconf 79' lang='grc' dir='ltr'><strong>ι</strong></span> <span class='ocrx_word' id='word_1_123' title='bbox 2216 453 2396 515; x_wconf 91' lang='lat' dir='ltr'><strong>unius,</strong></span> <span class='ocrx_word' id='word_1_124' title='bbox 2434 473 2454 506; x_wconf 76' lang='grc' dir='ltr'><strong>ι</strong></span> <span class='ocrx_word' id='word_1_125' title='bbox 2495 470 2598 508; x_wconf 91' lang='lat' dir='ltr'><strong>non</strong></span> <span class='ocrx_word' id='word_1_126' title='bbox 2624 456 2796 520; x_wconf 88' lang='lat' dir='ltr'><strong>addit,</strong></span> <span class='ocrx_word' id='word_1_127' title='bbox 2827 456 3088 522; x_wconf 85' lang='lat' dir='ltr'><strong>hominis,</strong></span> <span class='ocrx_word' id='word_1_128' title='bbox 3113 479 3132 512; x_wconf 81' lang='grc' dir='ltr'><strong>ι</strong></span> <span class='ocrx_word' id='word_1_129' title='bbox 3170 477 3266 530; x_wconf 91' lang='lat' dir='ltr'><strong>per</strong></span> <span class='ocrx_word' id='word_1_130' title='bbox 3298 477 3454 531; x_wconf 88' lang='lat' dir='ltr'><strong>quem</strong></span> <span class='ocrx_word' id='word_1_131' title='bbox 3475 466 3583 532; x_wconf 78' lang='lat' dir='ltr'><strong>justi</strong></span> 
     </span>
    </p>
   </div>
   <div class='ocr_carea' id='block_1_20' title="bbox 2051 546 3582 625">
    <p class='ocr_par' dir='ltr' id='par_1_20' title="bbox 2051 546 3582 625">
     <span class='ocr_line' id='line_1_20' title="bbox 2051 546 3582 625; baseline 0.01 -27"><span class='ocrx_word' id='word_1_132' title='bbox 2051 546 2447 600; x_wconf 88' lang='lat' dir='ltr'><strong>constituentur</strong></span> <span class='ocrx_word' id='word_1_133' title='bbox 2481 547 2637 600; x_wconf 90' lang='lat' dir='ltr'><strong>multi</strong></span> <span class='ocrx_word' id='word_1_134' title='bbox 2673 549 2812 618; x_wconf 77' lang='lat'><strong>(35).</strong></span> <span class='ocrx_word' id='word_1_135' title='bbox 2832 568 2851 601; x_wconf 77' lang='grc' dir='ltr'><strong>ι</strong></span> <span class='ocrx_word' id='word_1_136' title='bbox 2885 551 2983 604; x_wconf 89' lang='lat' dir='ltr'><strong>Hic</strong></span> <span class='ocrx_word' id='word_1_137' title='bbox 3010 552 3155 605; x_wconf 84' lang='lat' dir='ltr'><strong>enim</strong></span> <span class='ocrx_word' id='word_1_138' title='bbox 3179 568 3274 621; x_wconf 93' lang='lat' dir='ltr'><strong>per</strong></span> <span class='ocrx_word' id='word_1_139' title='bbox 3302 571 3459 622; x_wconf 88' lang='lat' dir='ltr'><strong>quem</strong></span> <span class='ocrx_word' id='word_1_140' title='bbox 3476 559 3582 625; x_wconf 80' lang='lat' dir='ltr'><strong>justi</strong></span> 
     </span>
    </p>
   </div>
   <div class='ocr_carea' id='block_1_21' title="bbox 2051 634 3583 706">
    <p class='ocr_par' dir='ltr' id='par_1_21' title="bbox 2051 634 3583 706">
     <span class='ocr_line' id='line_1_21' title="bbox 2051 634 3583 706; baseline 0.009 -20"><span class='ocrx_word' id='word_1_141' title='bbox 2051 634 2210 699; x_wconf 80' lang='lat' dir='ltr'><strong>fiunt,</strong></span> <span class='ocrx_word' id='word_1_142' title='bbox 2268 639 2390 688; x_wconf 89' lang='lat' dir='ltr'><strong>sine</strong></span> <span class='ocrx_word' id='word_1_143' title='bbox 2435 636 2598 691; x_wconf 90' lang='lat' dir='ltr'><strong>dubio</strong></span> <span class='ocrx_word' id='word_1_144' title='bbox 2655 638 2772 706; x_wconf 90' lang='lat' dir='ltr'><strong>ipsa</strong></span> <span class='ocrx_word' id='word_1_145' title='bbox 2809 639 3018 704; x_wconf 90' lang='lat' dir='ltr'><strong>justitia</strong></span> <span class='ocrx_word' id='word_1_146' title='bbox 3064 651 3172 704; x_wconf 92' lang='lat' dir='ltr'><strong>est,</strong></span> <span class='ocrx_word' id='word_1_147' title='bbox 3225 642 3367 696; x_wconf 92' lang='lat' dir='ltr'><strong>sicut</strong></span> <span class='ocrx_word' id='word_1_148' title='bbox 3392 657 3443 698; x_wconf 90' lang='lat' dir='ltr'><strong>et</strong></span> <span class='ocrx_word' id='word_1_149' title='bbox 3470 647 3583 701; x_wconf 87' lang='lat' dir='ltr'><strong>idem</strong></span> 
     </span>
    </p>
   </div>
   <div class='ocr_carea' id='block_1_22' title="bbox 2048 723 3584 799">
    <p class='ocr_par' dir='ltr' id='par_1_22' title="bbox 2048 723 3584 799">
     <span class='ocr_line' id='line_1_22' title="bbox 2048 723 3584 799; baseline 0.012 -22"><span class='ocrx_word' id='word_1_150' title='bbox 2048 723 2336 791; x_wconf 81' lang='lat' dir='ltr'><strong>Apostolus</strong></span> <span class='ocrx_word' id='word_1_151' title='bbox 2365 728 2492 781; x_wconf 82' lang='lat' dir='ltr'><strong>dicit</strong></span> <span class='ocrx_word' id='word_1_152' title='bbox 2526 728 2594 782; x_wconf 85' lang='lat' dir='ltr'><strong>de</strong></span> <span class='ocrx_word' id='word_1_153' title='bbox 2628 728 2848 783; x_wconf 88' lang='lat' dir='ltr'><strong>Christo</strong></span> <span class='ocrx_word' id='word_1_154' title='bbox 2884 747 2897 782; x_wconf 94' lang='lat'>:</span> <span class='ocrx_word' id='word_1_155' title='bbox 2937 750 2955 782; x_wconf 83' lang='grc' dir='ltr'><strong>ι</strong></span> <span class='ocrx_word' id='word_1_156' title='bbox 2998 731 3102 799; x_wconf 86' lang='lat' dir='ltr'><strong>Qui</strong></span> <span class='ocrx_word' id='word_1_157' title='bbox 3137 731 3316 788; x_wconf 88' lang='lat' dir='ltr'><strong>factus</strong></span> <span class='ocrx_word' id='word_1_158' title='bbox 3343 746 3427 790; x_wconf 88' lang='lat' dir='ltr'><strong>est</strong></span> <span class='ocrx_word' id='word_1_159' title='bbox 3455 742 3584 795; x_wconf 87' lang='lat' dir='ltr'><strong>nobis</strong></span> 
     </span>
    </p>
   </div>
   <div class='ocr_carea' id='block_1_23' title="bbox 2043 814 3584 892">
    <p class='ocr_par' dir='ltr' id='par_1_23' title="bbox 2043 814 3584 892">
     <span class='ocr_line' id='line_1_23' title="bbox 2043 814 3584 892; baseline 0.012 -28"><span class='ocrx_word' id='word_1_160' title='bbox 2043 814 2252 882; x_wconf 88' lang='lat' dir='ltr'><strong>justitia</strong></span> <span class='ocrx_word' id='word_1_161' title='bbox 2284 831 2311 869; x_wconf 92' lang='lat' dir='ltr'><strong>a</strong></span> <span class='ocrx_word' id='word_1_162' title='bbox 2347 815 2455 870; x_wconf 83' lang='lat' dir='ltr'><strong>Deo</strong></span> <span class='ocrx_word' id='word_1_163' title='bbox 2477 817 2546 866; x_wconf 81' lang='grc'><strong>⁸⁸.</strong></span> <span class='ocrx_word' id='word_1_164' title='bbox 2578 837 2596 869; x_wconf 83' lang='grc' dir='ltr'><strong>ι</strong></span> <span class='ocrx_word' id='word_1_165' title='bbox 2647 819 2806 874; x_wconf 84' lang='lat' dir='ltr'><strong>Dedit</strong></span> <span class='ocrx_word' id='word_1_166' title='bbox 2859 836 2987 890; x_wconf 86' lang='lat' dir='ltr'><strong>ergo</strong></span> <span class='ocrx_word' id='word_1_167' title='bbox 3034 824 3206 876; x_wconf 89' lang='lat' dir='ltr'><strong>Adam</strong></span> <span class='ocrx_word' id='word_1_168' title='bbox 3238 830 3584 892; x_wconf 77' lang='lat' dir='ltr'><strong>peccatoribus</strong></span> 
     </span>
    </p>
   </div>
   <div class='ocr_carea' id='block_1_24' title="bbox 2051 903 3586 975">
    <p class='ocr_par' dir='ltr' id='par_1_24' title="bbox 2051 903 3586 975">
     <span class='ocr_line' id='line_1_24' title="bbox 2051 903 3586 975; baseline 0.012 -20"><span class='ocrx_word' id='word_1_169' title='bbox 2051 903 2278 956; x_wconf 80' lang='lat' dir='ltr'><strong>formam</strong></span> <span class='ocrx_word' id='word_1_170' title='bbox 2317 920 2412 974; x_wconf 90' lang='lat' dir='ltr'><strong>per</strong></span> <span class='ocrx_word' id='word_1_171' title='bbox 2443 905 2898 975; x_wconf 90' lang='lat' dir='ltr'><strong>iuobedientiam;</strong></span> <span class='ocrx_word' id='word_1_172' title='bbox 2927 910 3174 967; x_wconf 87' lang='lat' dir='ltr'><strong>Christus</strong></span> <span class='ocrx_word' id='word_1_173' title='bbox 3206 929 3336 968; x_wconf 85' lang='lat' dir='ltr'><strong>vero</strong></span> <span class='ocrx_word' id='word_1_174' title='bbox 3366 931 3586 972; x_wconf 83' lang='lat' dir='ltr'><strong>econtra-</strong></span> 
     </span>
    </p>
   </div>
   <div class='ocr_carea' id='block_1_25' title="bbox 2049 999 3587 1080">
    <p class='ocr_par' dir='ltr' id='par_1_25' title="bbox 2049 999 3587 1080">
     <span class='ocr_line' id='line_1_25' title="bbox 2049 999 3587 1080; baseline 0.013 -28"><span class='ocrx_word' id='word_1_175' title='bbox 2049 999 2130 1052; x_wconf 90' lang='lat' dir='ltr'><strong>rio</strong></span> <span class='ocrx_word' id='word_1_176' title='bbox 2159 999 2323 1080; x_wconf 21' lang='lat' dir='ltr'><strong>jus‘tis</strong></span> <span class='ocrx_word' id='word_1_177' title='bbox 2348 1001 2574 1056; x_wconf 90' lang='lat' dir='ltr'><strong>formam</strong></span> <span class='ocrx_word' id='word_1_178' title='bbox 2609 1020 2702 1074; x_wconf 86' lang='lat' dir='ltr'><strong>per</strong></span> <span class='ocrx_word' id='word_1_179' title='bbox 2733 1005 3100 1063; x_wconf 90' lang='lat' dir='ltr'><strong>obedientiam</strong></span> <span class='ocrx_word' id='word_1_180' title='bbox 3147 1014 3354 1080; x_wconf 86' lang='lat' dir='ltr'><strong>posuit,</strong></span> <span class='ocrx_word' id='word_1_181' title='bbox 3383 1016 3512 1068; x_wconf 81' lang='lat' dir='ltr'><strong>sicut</strong></span> <span class='ocrx_word' id='word_1_182' title='bbox 3545 1032 3587 1072; x_wconf 86' lang='lat' dir='ltr'><strong>et</strong></span> 
     </span>
    </p>
   </div>
   <div class='ocr_carea' id='block_1_26' title="bbox 2048 1073 3586 1166">
    <p class='ocr_par' dir='ltr' id='par_1_26' title="bbox 2048 1073 3586 1166">
     <span class='ocr_line' id='line_1_26' title="bbox 2048 1073 3586 1166; baseline 0.016 -24"><span class='ocrx_word' id='word_1_183' title='bbox 2048 1091 2174 1145; x_wconf 90' lang='lat' dir='ltr'><strong>alibi</strong></span> <span class='ocrx_word' id='word_1_184' title='bbox 2227 1073 2489 1164; x_wconf 77' lang='lat' dir='ltr'><strong>scriptum</strong></span> <span class='ocrx_word' id='word_1_185' title='bbox 2521 1073 2679 1150; x_wconf 80' lang='lat' dir='ltr'><strong>est“</strong></span> <span class='ocrx_word' id='word_1_186' title='bbox 2709 1113 2722 1148; x_wconf 91' lang='lat'><strong>:</strong></span> <span class='ocrx_word' id='word_1_187' title='bbox 2773 1116 2792 1148; x_wconf 86' lang='grc'><strong>(</strong></span> <span class='ocrx_word' id='word_1_188' title='bbox 2824 1099 3099 1154; x_wconf 87' lang='lat' dir='ltr'><strong>Obedistis</strong></span> <span class='ocrx_word' id='word_1_189' title='bbox 3132 1073 3313 1159; x_wconf 82' lang='lat' dir='ltr'><strong>autem</strong></span> <span class='ocrx_word' id='word_1_190' title='bbox 3348 1120 3414 1160; x_wconf 77' lang='lat' dir='ltr'><strong>ex</strong></span> <span class='ocrx_word' id='word_1_191' title='bbox 3450 1111 3586 1166; x_wconf 86' lang='lat' dir='ltr'><strong>corde</strong></span> 
     </span>
    </p>
   </div>
   <div class='ocr_carea' id='block_1_27' title="bbox 2047 1185 3582 1262">
    <p class='ocr_par' dir='ltr' id='par_1_27' title="bbox 2047 1185 3582 1262">
     <span class='ocr_line' id='line_1_27' title="bbox 2047 1185 3582 1262; baseline 0.011 -24"><span class='ocrx_word' id='word_1_192' title='bbox 2047 1185 2100 1238; x_wconf 92' lang='lat' dir='ltr'><strong>in</strong></span> <span class='ocrx_word' id='word_1_193' title='bbox 2137 1200 2256 1240; x_wconf 89' lang='lat' dir='ltr'><strong>eam</strong></span> <span class='ocrx_word' id='word_1_194' title='bbox 2288 1186 2522 1241; x_wconf 86' lang='lat' dir='ltr'><strong>formam</strong></span> <span class='ocrx_word' id='word_1_195' title='bbox 2562 1190 2847 1255; x_wconf 72' lang='lat' dir='ltr'><strong>doctrinae,</strong></span> <span class='ocrx_word' id='word_1_196' title='bbox 2881 1191 2932 1245; x_wconf 95' lang='lat' dir='ltr'><strong>in</strong></span> <span class='ocrx_word' id='word_1_197' title='bbox 2968 1208 3131 1262; x_wconf 92' lang='lat' dir='ltr'><strong>quam</strong></span> <span class='ocrx_word' id='word_1_198' title='bbox 3181 1200 3369 1252; x_wconf 88' lang='lat' dir='ltr'><strong>traditi</strong></span> <span class='ocrx_word' id='word_1_199' title='bbox 3401 1203 3536 1257; x_wconf 86' lang='lat' dir='ltr'><strong>estis.</strong></span> <span class='ocrx_word' id='word_1_200' title='bbox 3568 1223 3582 1255; x_wconf 85' lang='grc' dir='ltr'><strong>ι</strong></span> 
     </span>
    </p>
   </div>
   <div class='ocr_carea' id='block_1_28' title="bbox 2045 1273 3586 1362">
    <p class='ocr_par' dir='ltr' id='par_1_28' title="bbox 2045 1273 3586 1362">
     <span class='ocr_line' id='line_1_28' title="bbox 2045 1273 3586 1362; baseline 0.015 -35"><span class='ocrx_word' id='word_1_201' title='bbox 2045 1273 2338 1344; x_wconf 83' lang='lat' dir='ltr'><strong>Propterea</strong></span> <span class='ocrx_word' id='word_1_202' title='bbox 2366 1279 2510 1332; x_wconf 91' lang='lat' dir='ltr'><strong>enim</strong></span> <span class='ocrx_word' id='word_1_203' title='bbox 2541 1287 2596 1334; x_wconf 83' lang='lat' dir='ltr'><strong>et</strong></span> <span class='ocrx_word' id='word_1_204' title='bbox 2635 1281 2750 1350; x_wconf 91' lang='lat' dir='ltr'><strong>ipse</strong></span> <span class='ocrx_word' id='word_1_205' title='bbox 2784 1302 2803 1334; x_wconf 80' lang='grc' dir='ltr'><strong>ι</strong></span> <span class='ocrx_word' id='word_1_206' title='bbox 2843 1282 3100 1340; x_wconf 88' lang='lat' dir='ltr'><strong>obedieus</strong></span> <span class='ocrx_word' id='word_1_207' title='bbox 3133 1287 3315 1344; x_wconf 89' lang='lat' dir='ltr'><strong>factus</strong></span> <span class='ocrx_word' id='word_1_208' title='bbox 3339 1303 3420 1346; x_wconf 87' lang='lat' dir='ltr'><strong>est</strong></span> <span class='ocrx_word' id='word_1_209' title='bbox 3445 1309 3586 1362; x_wconf 79' lang='lat' dir='ltr'><strong>usque</strong></span> 
     </span>
    </p>
   </div>
   <div class='ocr_carea' id='block_1_29' title="bbox 2047 1367 3585 1451">
    <p class='ocr_par' dir='ltr' id='par_1_29' title="bbox 2047 1367 3585 1451">
     <span class='ocr_line' id='line_1_29' title="bbox 2047 1367 3585 1451; baseline 0.014 -32"><span class='ocrx_word' id='word_1_210' title='bbox 2047 1367 2112 1419; x_wconf 90' lang='lat' dir='ltr'><strong>ad</strong></span> <span class='ocrx_word' id='word_1_211' title='bbox 2156 1380 2379 1422; x_wconf 91' lang='lat' dir='ltr'><strong>mortem</strong></span> <span class='ocrx_word' id='word_1_212' title='bbox 2405 1371 2475 1435; x_wconf 81' lang='grc'><strong>⁸⁷,</strong></span> <span class='ocrx_word' id='word_1_213' title='bbox 2517 1390 2535 1422; x_wconf 80' lang='grc' dir='ltr'><strong>ι</strong></span> <span class='ocrx_word' id='word_1_214' title='bbox 2590 1383 2646 1425; x_wconf 89' lang='grc' dir='ltr'><strong>ιιι</strong></span> <span class='ocrx_word' id='word_1_215' title='bbox 2677 1376 2767 1442; x_wconf 89' lang='lat' dir='ltr'><strong>qui</strong></span> <span class='ocrx_word' id='word_1_216' title='bbox 2798 1377 3122 1432; x_wconf 64' lang='lat' dir='ltr'><strong>obedientiam:</strong></span> <span class='ocrx_word' id='word_1_217' title='bbox 3150 1380 3273 1448; x_wconf 80' lang='lat' dir='ltr'><strong>ejus</strong></span> <span class='ocrx_word' id='word_1_218' title='bbox 3312 1397 3585 1451; x_wconf 88' lang='lat' dir='ltr'><strong>sequuntur</strong></span> 
     </span>
    </p>
   </div>
   <div class='ocr_carea' id='block_1_30' title="bbox 2043 1463 3586 1543">
    <p class='ocr_par' dir='ltr' id='par_1_30' title="bbox 2043 1463 3586 1543">
     <span class='ocr_line' id='line_1_30' title="bbox 2043 1463 3586 1543; baseline 0.014 -31"><span class='ocrx_word' id='word_1_219' title='bbox 2043 1463 2374 1531; x_wconf 83' lang='lat' dir='ltr'><strong>exemplum,</strong></span> <span class='ocrx_word' id='word_1_220' title='bbox 2392 1463 2525 1529; x_wconf 89' lang='lat' dir='ltr'><strong>justi</strong></span> <span class='ocrx_word' id='word_1_221' title='bbox 2552 1470 2954 1526; x_wconf 89' lang='lat' dir='ltr'><strong>constituantur</strong></span> <span class='ocrx_word' id='word_1_222' title='bbox 2981 1472 3049 1527; x_wconf 89' lang='lat' dir='ltr'><strong>ab</strong></span> <span class='ocrx_word' id='word_1_223' title='bbox 3076 1474 3189 1543; x_wconf 88' lang='lat' dir='ltr'><strong>ipsa</strong></span> <span class='ocrx_word' id='word_1_224' title='bbox 3218 1473 3586 1542; x_wconf 72' lang='lat' dir='ltr'><strong>justitia.sicut</strong></span> 
     </span>
    </p>
   </div>
   <div class='ocr_carea' id='block_1_31' title="bbox 2047 1551 3586 1633">
    <p class='ocr_par' dir='ltr' id='par_1_31' title="bbox 2047 1551 3586 1633">
     <span class='ocr_line' id='line_1_31' title="bbox 2047 1551 3586 1633; baseline 0.016 -31"><span class='ocrx_word' id='word_1_225' title='bbox 2047 1551 2117 1604; x_wconf 93' lang='lat' dir='ltr'><strong>illi</strong></span> <span class='ocrx_word' id='word_1_226' title='bbox 2166 1554 2544 1612; x_wconf 73' lang='lat' dir='ltr'><strong>iuobedientize</strong></span> <span class='ocrx_word' id='word_1_227' title='bbox 2577 1557 2808 1614; x_wconf 86' lang='lat' dir='ltr'><strong>formam</strong></span> <span class='ocrx_word' id='word_1_228' title='bbox 2853 1573 3145 1633; x_wconf 87' lang='lat' dir='ltr'><strong>sequentes</strong></span> <span class='ocrx_word' id='word_1_229' title='bbox 3169 1568 3456 1624; x_wconf 86' lang='lat' dir='ltr'><strong>constituti</strong></span> <span class='ocrx_word' id='word_1_230' title='bbox 3482 1585 3586 1627; x_wconf 84' lang='lat' dir='ltr'><strong>sunt</strong></span> 
     </span>
    </p>
   </div>
   <div class='ocr_carea' id='block_1_32' title="bbox 2043 1652 2372 1707">
    <p class='ocr_par' dir='ltr' id='par_1_32' title="bbox 2043 1652 2372 1707">
     <span class='ocr_line' id='line_1_32' title="bbox 2043 1652 2372 1707; baseline 0.015 -13"><span class='ocrx_word' id='word_1_231' title='bbox 2043 1652 2372 1707; x_wconf 87' lang='lat' dir='ltr'><strong>peccatores.</strong></span> 
     </span>
    </p>
   </div>
   <div class='ocr_carea' id='block_1_33' title="bbox 362 1723 3583 1807">
    <p class='ocr_par' dir='ltr' id='par_1_33' title="bbox 362 1723 3583 1807">
     <span class='ocr_line' id='line_1_33' title="bbox 362 1723 3583 1807; baseline 0.008 -29"><span class='ocrx_word' id='word_1_232' title='bbox 362 1735 449 1780; x_wconf 92' lang='lat' dir='ltr'><strong>est</strong></span> <span class='ocrx_word' id='word_1_233' title='bbox 472 1741 778 1783; x_wconf 82' lang='lat' dir='ltr'><strong>revocasse.</strong></span> <span class='ocrx_word' id='word_1_234' title='bbox 806 1727 977 1797; x_wconf 85' lang='lat' dir='ltr'><strong>Igitur</strong></span> <span class='ocrx_word' id='word_1_235' title='bbox 1001 1748 1020 1781; x_wconf 80' lang='grc' dir='ltr'><strong>ι</strong></span> <span class='ocrx_word' id='word_1_236' title='bbox 1059 1746 1154 1800; x_wconf 93' lang='lat' dir='ltr'><strong>per</strong></span> <span class='ocrx_word' id='word_1_237' title='bbox 1179 1732 1338 1786; x_wconf 90' lang='lat' dir='ltr'><strong>unius</strong></span> <span class='ocrx_word' id='word_1_238' title='bbox 1364 1733 1783 1789; x_wconf 86' lang='lat' dir='ltr'><strong>iuobedientiam</strong></span> <span class='ocrx_word' id='word_1_239' title='bbox 1815 1753 1938 1806; x_wconf 86' lang='lat' dir='ltr'><strong>pec-</strong></span> <span class='ocrx_word' id='word_1_240' title='bbox 1969 1723 2011 1778; x_wconf 82' lang='grc' dir='ltr'>Β</span> <span class='ocrx_word' id='word_1_241' title='bbox 2113 1728 2169 1782; x_wconf 81' lang='grc'><strong>6-</strong></span> <span class='ocrx_word' id='word_1_242' title='bbox 2205 1747 2223 1780; x_wconf 71' lang='grc' dir='ltr'><strong>ε</strong></span> <span class='ocrx_word' id='word_1_243' title='bbox 2275 1729 2385 1785; x_wconf 67' lang='lat' dir='ltr'><strong>Lex</strong></span> <span class='ocrx_word' id='word_1_244' title='bbox 2446 1743 2628 1788; x_wconf 69' lang='lat' dir='ltr'><strong>autem</strong></span> <span class='ocrx_word' id='word_1_245' title='bbox 2667 1736 2779 1807; x_wconf 78' lang='lat'><strong>(36)</strong></span> <span class='ocrx_word' id='word_1_246' title='bbox 2811 1739 3160 1807; x_wconf 72' lang='lat' dir='ltr'><strong>svbinlravit.</strong></span> <span class='ocrx_word' id='word_1_247' title='bbox 3195 1753 3251 1799; x_wconf 90' lang='lat' dir='ltr'><strong>ut</strong></span> <span class='ocrx_word' id='word_1_248' title='bbox 3313 1747 3583 1805; x_wconf 80' lang='lat' dir='ltr'><strong>abundaret</strong></span> 
     </span>
    </p>
   </div>
   <div class='ocr_carea' id='block_1_34' title="bbox 363 1820 1939 1886">
    <p class='ocr_par' dir='ltr' id='par_1_34' title="bbox 363 1820 1939 1886">
     <span class='ocr_line' id='line_1_34' title="bbox 363 1820 1939 1886; baseline 0.007 -16"><span class='ocrx_word' id='word_1_249' title='bbox 363 1827 580 1870; x_wconf 81' lang='lat' dir='ltr'><strong>calores</strong></span> <span class='ocrx_word' id='word_1_250' title='bbox 612 1820 894 1873; x_wconf 87' lang='lat' dir='ltr'><strong>constituti</strong></span> <span class='ocrx_word' id='word_1_251' title='bbox 915 1820 1301 1886; x_wconf 76' lang='lat' dir='ltr'><strong>suutmultt“,</strong></span> <span class='ocrx_word' id='word_1_252' title='bbox 1325 1827 1655 1878; x_wconf 76' lang='grc' dir='ltr'>»εεςιιηιιιιιιι</span> <span class='ocrx_word' id='word_1_253' title='bbox 1689 1841 1805 1880; x_wconf 88' lang='lat' dir='ltr'><strong>eam</strong></span> <span class='ocrx_word' id='word_1_254' title='bbox 1837 1829 1939 1881; x_wconf 71' lang='lat' dir='ltr'><strong>ob~</strong></span> 
     </span>
    </p>
   </div>
   <div class='ocr_carea' id='block_1_35' title="bbox 364 1909 1940 1986">
    <p class='ocr_par' dir='ltr' id='par_1_35' title="bbox 364 1909 1940 1986">
     <span class='ocr_line' id='line_1_35' title="bbox 364 1909 1940 1986; baseline 0.009 -26"><span class='ocrx_word' id='word_1_255' title='bbox 364 1909 699 1963; x_wconf 84' lang='lat' dir='ltr'><strong>servantiam</strong></span> <span class='ocrx_word' id='word_1_256' title='bbox 731 1910 882 1962; x_wconf 92' lang='lat' dir='ltr'><strong>multi</strong></span> <span class='ocrx_word' id='word_1_257' title='bbox 911 1918 1230 1978; x_wconf 84' lang='lat' dir='ltr'><strong>peccatores</strong></span> <span class='ocrx_word' id='word_1_258' title='bbox 1261 1912 1619 1984; x_wconf 76' lang='lat' dir='ltr'><strong>intelligendi,</strong></span> <span class='ocrx_word' id='word_1_259' title='bbox 1652 1931 1812 1986; x_wconf 89' lang='lat' dir='ltr'><strong>quam</strong></span> <span class='ocrx_word' id='word_1_260' title='bbox 1849 1936 1940 1973; x_wconf 84' lang='lat' dir='ltr'><strong>su-</strong></span> 
     </span>
    </p>
   </div>
   <div class='ocr_carea' id='block_1_36' title="bbox 361 1999 1936 2074">
    <p class='ocr_par' dir='ltr' id='par_1_36' title="bbox 361 1999 1936 2074">
     <span class='ocr_line' id='line_1_36' title="bbox 361 1999 1936 2074; baseline 0.011 -25"><span class='ocrx_word' id='word_1_261' title='bbox 361 2013 459 2067; x_wconf 87' lang='lat' dir='ltr'><strong>pra</strong></span> <span class='ocrx_word' id='word_1_262' title='bbox 500 1999 569 2053; x_wconf 90' lang='lat' dir='ltr'><strong>de</strong></span> <span class='ocrx_word' id='word_1_263' title='bbox 625 2009 885 2067; x_wconf 89' lang='lat' dir='ltr'><strong>peccante</strong></span> <span class='ocrx_word' id='word_1_264' title='bbox 927 2010 982 2054; x_wconf 91' lang='lat' dir='ltr'><strong>et</strong></span> <span class='ocrx_word' id='word_1_265' title='bbox 1007 2010 1294 2069; x_wconf 88' lang='lat' dir='ltr'><strong>peccatore</strong></span> <span class='ocrx_word' id='word_1_266' title='bbox 1321 2005 1666 2072; x_wconf 90' lang='lat' dir='ltr'><strong>protulimus.</strong></span> <span class='ocrx_word' id='word_1_267' title='bbox 1709 2008 1860 2074; x_wconf 87' lang='lat' dir='ltr'><strong>Quod</strong></span> <span class='ocrx_word' id='word_1_268' title='bbox 1893 2012 1936 2066; x_wconf 92' lang='lat' dir='ltr'><strong>si</strong></span> 
     </span>
    </p>
   </div>
   <div class='ocr_carea' id='block_1_37' title="bbox 361 2091 1940 2170">
    <p class='ocr_par' dir='ltr' id='par_1_37' title="bbox 361 2091 1940 2170">
     <span class='ocr_line' id='line_1_37' title="bbox 361 2091 1940 2170; baseline 0.01 -31"><span class='ocrx_word' id='word_1_269' title='bbox 361 2091 484 2158; x_wconf 88' lang='lat' dir='ltr'><strong>quis</strong></span> <span class='ocrx_word' id='word_1_270' title='bbox 511 2091 663 2144; x_wconf 85' lang='lat' dir='ltr'><strong>nobis</strong></span> <span class='ocrx_word' id='word_1_271' title='bbox 683 2091 905 2159; x_wconf 88' lang='lat' dir='ltr'><strong>ohjiciat</strong></span> <span class='ocrx_word' id='word_1_272' title='bbox 937 2091 1068 2148; x_wconf 90' lang='lat' dir='ltr'><strong>illud</strong></span> <span class='ocrx_word' id='word_1_273' title='bbox 1101 2097 1243 2162; x_wconf 91' lang='lat' dir='ltr'><strong>quod</strong></span> <span class='ocrx_word' id='word_1_274' title='bbox 1287 2095 1355 2149; x_wconf 89' lang='lat' dir='ltr'><strong>de</strong></span> <span class='ocrx_word' id='word_1_275' title='bbox 1385 2111 1444 2150; x_wconf 89' lang='lat' dir='ltr'><strong>se</strong></span> <span class='ocrx_word' id='word_1_276' title='bbox 1476 2098 1594 2166; x_wconf 91' lang='lat' dir='ltr'><strong>ipso</strong></span> <span class='ocrx_word' id='word_1_277' title='bbox 1633 2099 1762 2154; x_wconf 91' lang='lat' dir='ltr'><strong>dicit</strong></span> <span class='ocrx_word' id='word_1_278' title='bbox 1802 2102 1940 2170; x_wconf 81' lang='lat' dir='ltr'><strong>Apo-</strong></span> 
     </span>
    </p>
   </div>
   <div class='ocr_carea' id='block_1_38' title="bbox 363 2180 1940 2246">
    <p class='ocr_par' dir='ltr' id='par_1_38' title="bbox 363 2180 1940 2246">
     <span class='ocr_line' id='line_1_38' title="bbox 363 2180 1940 2246; baseline 0.007 -13"><span class='ocrx_word' id='word_1_279' title='bbox 363 2180 536 2234; x_wconf 89' lang='lat' dir='ltr'><strong>stolus</strong></span> <span class='ocrx_word' id='word_1_280' title='bbox 570 2197 584 2232; x_wconf 91' lang='lat'><strong>:</strong></span> <span class='ocrx_word' id='word_1_281' title='bbox 626 2199 645 2231; x_wconf 78' lang='grc' dir='ltr'><strong>ι</strong></span> <span class='ocrx_word' id='word_1_282' title='bbox 695 2180 829 2246; x_wconf 86' lang='lat' dir='ltr'><strong>Quia</strong></span> <span class='ocrx_word' id='word_1_283' title='bbox 857 2182 1110 2238; x_wconf 88' lang='lat' dir='ltr'><strong>Christus</strong></span> <span class='ocrx_word' id='word_1_284' title='bbox 1139 2181 1298 2239; x_wconf 78' lang='lat' dir='ltr'><strong>Jesus</strong></span> <span class='ocrx_word' id='word_1_285' title='bbox 1330 2186 1477 2240; x_wconf 88' lang='lat' dir='ltr'><strong>venit</strong></span> <span class='ocrx_word' id='word_1_286' title='bbox 1512 2188 1563 2240; x_wconf 94' lang='lat' dir='ltr'><strong>in</strong></span> <span class='ocrx_word' id='word_1_287' title='bbox 1592 2187 1734 2242; x_wconf 91' lang='lat' dir='ltr'><strong>hunc</strong></span> <span class='ocrx_word' id='word_1_288' title='bbox 1783 2207 1940 2244; x_wconf 83' lang='lat' dir='ltr'><strong>mun-</strong></span> 
     </span>
    </p>
   </div>
   <div class='ocr_carea' id='block_1_39' title="bbox 364 2271 1937 2351">
    <p class='ocr_par' dir='ltr' id='par_1_39' title="bbox 364 2271 1937 2351">
     <span class='ocr_line' id='line_1_39' title="bbox 364 2271 1937 2351; baseline 0.01 -29"><span class='ocrx_word' id='word_1_289' title='bbox 364 2273 488 2325; x_wconf 89' lang='lat' dir='ltr'><strong>dum</strong></span> <span class='ocrx_word' id='word_1_290' title='bbox 514 2271 628 2341; x_wconf 73' lang='grc'>(52)</span> <span class='ocrx_word' id='word_1_291' title='bbox 661 2283 976 2341; x_wconf 85' lang='lat' dir='ltr'><strong>peccatores</strong></span> <span class='ocrx_word' id='word_1_292' title='bbox 1007 2275 1188 2330; x_wconf 88' lang='lat' dir='ltr'><strong>salvos</strong></span> <span class='ocrx_word' id='word_1_293' title='bbox 1213 2277 1420 2346; x_wconf 86' lang='lat' dir='ltr'><strong>facere,</strong></span> <span class='ocrx_word' id='word_1_294' title='bbox 1457 2293 1686 2348; x_wconf 89' lang='lat' dir='ltr'><strong>quorum</strong></span> <span class='ocrx_word' id='word_1_295' title='bbox 1728 2285 1937 2351; x_wconf 89' lang='lat' dir='ltr'><strong>primus</strong></span> 
     </span>
    </p>
   </div>
   <div class='ocr_carea' id='block_1_40' title="bbox 361 2363 1940 2439">
    <p class='ocr_par' dir='ltr' id='par_1_40' title="bbox 361 2363 1940 2439">
     <span class='ocr_line' id='line_1_40' title="bbox 361 2363 1940 2439; baseline 0.007 -22"><span class='ocrx_word' id='word_1_296' title='bbox 361 2378 459 2430; x_wconf 72' lang='lat' dir='ltr'><strong>ego</strong></span> <span class='ocrx_word' id='word_1_297' title='bbox 480 2378 596 2417; x_wconf 89' lang='lat' dir='ltr'><strong>sum</strong></span> <span class='ocrx_word' id='word_1_298' title='bbox 614 2363 717 2427; x_wconf 68' lang='lat' dir='ltr'><strong>“,r</strong></span> <span class='ocrx_word' id='word_1_299' title='bbox 739 2366 892 2433; x_wconf 87' lang='lat' dir='ltr'><strong>quasi</strong></span> <span class='ocrx_word' id='word_1_300' title='bbox 910 2368 1072 2420; x_wconf 90' lang='lat' dir='ltr'><strong>etiam</strong></span> <span class='ocrx_word' id='word_1_301' title='bbox 1099 2384 1158 2423; x_wconf 91' lang='lat' dir='ltr'><strong>se</strong></span> <span class='ocrx_word' id='word_1_302' title='bbox 1184 2379 1526 2439; x_wconf 89' lang='lat' dir='ltr'><strong>peccatorem</strong></span> <span class='ocrx_word' id='word_1_303' title='bbox 1557 2372 1738 2427; x_wconf 90' lang='lat' dir='ltr'><strong>dicere</strong></span> <span class='ocrx_word' id='word_1_304' title='bbox 1761 2375 1940 2428; x_wconf 85' lang='lat' dir='ltr'><strong>videa-</strong></span> 
     </span>
    </p>
   </div>
   <div class='ocr_carea' id='block_1_41' title="bbox 363 2455 1933 2534">
    <p class='ocr_par' dir='ltr' id='par_1_41' title="bbox 363 2455 1933 2534">
     <span class='ocr_line' id='line_1_41' title="bbox 363 2455 1933 2534; baseline 0.008 -28"><span class='ocrx_word' id='word_1_305' title='bbox 363 2467 470 2517; x_wconf 89' lang='lat' dir='ltr'><strong>tur,</strong></span> <span class='ocrx_word' id='word_1_306' title='bbox 499 2455 742 2510; x_wconf 91' lang='lat' dir='ltr'><strong>dicemus</strong></span> <span class='ocrx_word' id='word_1_307' title='bbox 784 2457 929 2526; x_wconf 90' lang='lat' dir='ltr'><strong>quod</strong></span> <span class='ocrx_word' id='word_1_308' title='bbox 960 2458 1102 2513; x_wconf 91' lang='lat' dir='ltr'><strong>aliud</strong></span> <span class='ocrx_word' id='word_1_309' title='bbox 1134 2471 1218 2515; x_wconf 91' lang='lat' dir='ltr'><strong>est</strong></span> <span class='ocrx_word' id='word_1_310' title='bbox 1247 2475 1314 2515; x_wconf 81' lang='lat' dir='ltr'><strong>ex</strong></span> <span class='ocrx_word' id='word_1_311' title='bbox 1351 2477 1584 2531; x_wconf 84' lang='lat' dir='ltr'><strong>persona</strong></span> <span class='ocrx_word' id='word_1_312' title='bbox 1615 2464 1933 2534; x_wconf 52' lang='lat' dir='ltr'><strong>Scriptura;</strong></span> 
     </span>
    </p>
   </div>
   <div class='ocr_carea' id='block_1_42' title="bbox 359 2549 1938 2625">
    <p class='ocr_par' dir='ltr' id='par_1_42' title="bbox 359 2549 1938 2625">
     <span class='ocr_line' id='line_1_42' title="bbox 359 2549 1938 2625; baseline 0.009 -26"><span class='ocrx_word' id='word_1_313' title='bbox 359 2549 441 2602; x_wconf 85' lang='lat' dir='ltr'><strong>vel</strong></span> <span class='ocrx_word' id='word_1_314' title='bbox 466 2551 761 2620; x_wconf 73' lang='lat' dir='ltr'><strong>pr0phetae.</strong></span> <span class='ocrx_word' id='word_1_315' title='bbox 785 2550 867 2604; x_wconf 88' lang='lat' dir='ltr'><strong>vel</strong></span> <span class='ocrx_word' id='word_1_316' title='bbox 903 2552 1111 2607; x_wconf 89' lang='lat' dir='ltr'><strong>Domini</strong></span> <span class='ocrx_word' id='word_1_317' title='bbox 1158 2555 1392 2624; x_wconf 85' lang='lat' dir='ltr'><strong>aliquem</strong></span> <span class='ocrx_word' id='word_1_318' title='bbox 1430 2567 1767 2625; x_wconf 91' lang='lat' dir='ltr'><strong>peccatorem</strong></span> <span class='ocrx_word' id='word_1_319' title='bbox 1797 2558 1938 2613; x_wconf 87' lang='lat' dir='ltr'><strong>desi-</strong></span> 
     </span>
    </p>
   </div>
   <div class='ocr_carea' id='block_1_43' title="bbox 357 2643 1934 2716">
    <p class='ocr_par' dir='ltr' id='par_1_43' title="bbox 357 2643 1934 2716">
     <span class='ocr_line' id='line_1_43' title="bbox 357 2643 1934 2716; baseline 0.005 -21"><span class='ocrx_word' id='word_1_320' title='bbox 357 2645 532 2710; x_wconf 60' lang='lat' dir='ltr'><strong>gnari,</strong></span> <span class='ocrx_word' id='word_1_321' title='bbox 565 2643 708 2697; x_wconf 90' lang='lat' dir='ltr'><strong>aliud</strong></span> <span class='ocrx_word' id='word_1_322' title='bbox 728 2645 1038 2714; x_wconf 90' lang='lat' dir='ltr'><strong>estjustum</strong></span> <span class='ocrx_word' id='word_1_323' title='bbox 1072 2647 1245 2716; x_wconf 88' lang='lat' dir='ltr'><strong>ipsum</strong></span> <span class='ocrx_word' id='word_1_324' title='bbox 1282 2648 1362 2702; x_wconf 92' lang='lat' dir='ltr'><strong>sui</strong></span> <span class='ocrx_word' id='word_1_325' title='bbox 1390 2647 1506 2701; x_wconf 80' lang='lat' dir='ltr'><strong>fieri</strong></span> <span class='ocrx_word' id='word_1_326' title='bbox 1540 2657 1934 2716; x_wconf 85' lang='lat' dir='ltr'><strong>accusatorem,</strong></span> 
     </span>
    </p>
   </div>
   <div class='ocr_carea' id='block_1_44' title="bbox 355 2733 1936 2810">
    <p class='ocr_par' dir='ltr' id='par_1_44' title="bbox 355 2733 1936 2810">
     <span class='ocr_line' id='line_1_44' title="bbox 355 2733 1936 2810; baseline 0.004 -24"><span class='ocrx_word' id='word_1_327' title='bbox 355 2745 411 2786; x_wconf 87' lang='lat' dir='ltr'><strong>et</strong></span> <span class='ocrx_word' id='word_1_328' title='bbox 441 2733 730 2789; x_wconf 90' lang='lat' dir='ltr'><strong>humiliare</strong></span> <span class='ocrx_word' id='word_1_329' title='bbox 761 2739 1113 2808; x_wconf 89' lang='lat' dir='ltr'><strong>semetipsum</strong></span> <span class='ocrx_word' id='word_1_330' title='bbox 1141 2749 1197 2791; x_wconf 91' lang='lat' dir='ltr'><strong>ut</strong></span> <span class='ocrx_word' id='word_1_331' title='bbox 1219 2738 1493 2792; x_wconf 85' lang='lat' dir='ltr'><strong>exaltetur</strong></span> <span class='ocrx_word' id='word_1_332' title='bbox 1517 2754 1547 2792; x_wconf 90' lang='lat' dir='ltr'><strong>a</strong></span> <span class='ocrx_word' id='word_1_333' title='bbox 1572 2739 1714 2805; x_wconf 90' lang='lat' dir='ltr'><strong>Deo;</strong></span> <span class='ocrx_word' id='word_1_334' title='bbox 1741 2755 1936 2810; x_wconf 90' lang='lat' dir='ltr'><strong>quam-</strong></span> 
     </span>
    </p>
   </div>
   <div class='ocr_carea' id='block_1_45' title="bbox 357 2824 1935 2900">
    <p class='ocr_par' dir='ltr' id='par_1_45' title="bbox 357 2824 1935 2900">
     <span class='ocr_line' id='line_1_45' title="bbox 357 2824 1935 2900; baseline 0.007 -24"><span class='ocrx_word' id='word_1_335' title='bbox 357 2825 440 2878; x_wconf 91' lang='lat' dir='ltr'><strong>vis</strong></span> <span class='ocrx_word' id='word_1_336' title='bbox 472 2834 526 2878; x_wconf 89' lang='lat' dir='ltr'><strong>et</strong></span> <span class='ocrx_word' id='word_1_337' title='bbox 553 2824 752 2880; x_wconf 84' lang='lat' dir='ltr'><strong>Paulus</strong></span> <span class='ocrx_word' id='word_1_338' title='bbox 785 2827 835 2880; x_wconf 90' lang='lat' dir='ltr'><strong>in</strong></span> <span class='ocrx_word' id='word_1_339' title='bbox 871 2841 937 2882; x_wconf 94' lang='lat' dir='ltr'><strong>co</strong></span> <span class='ocrx_word' id='word_1_340' title='bbox 984 2830 1128 2899; x_wconf 92' lang='lat' dir='ltr'><strong>quod</strong></span> <span class='ocrx_word' id='word_1_341' title='bbox 1177 2829 1312 2885; x_wconf 90' lang='lat' dir='ltr'><strong>dicit</strong></span> <span class='ocrx_word' id='word_1_342' title='bbox 1345 2841 1691 2900; x_wconf 88' lang='lat' dir='ltr'><strong>persecutum</strong></span> <span class='ocrx_word' id='word_1_343' title='bbox 1723 2847 1782 2887; x_wconf 93' lang='lat' dir='ltr'><strong>se</strong></span> <span class='ocrx_word' id='word_1_344' title='bbox 1813 2847 1935 2888; x_wconf 90' lang='lat' dir='ltr'><strong>esse</strong></span> 
     </span>
    </p>
   </div>
   <div class='ocr_carea' id='block_1_46' title="bbox 356 2915 1934 2990">
    <p class='ocr_par' dir='ltr' id='par_1_46' title="bbox 356 2915 1934 2990">
     <span class='ocr_line' id='line_1_46' title="bbox 356 2915 1934 2990; baseline 0.006 -20"><span class='ocrx_word' id='word_1_345' title='bbox 356 2915 653 2971; x_wconf 86' lang='lat' dir='ltr'><strong>Ecclesiam</strong></span> <span class='ocrx_word' id='word_1_346' title='bbox 681 2918 800 2984; x_wconf 90' lang='lat' dir='ltr'><strong>Dei,</strong></span> <span class='ocrx_word' id='word_1_347' title='bbox 824 2928 879 2972; x_wconf 90' lang='lat' dir='ltr'><strong>et</strong></span> <span class='ocrx_word' id='word_1_348' title='bbox 906 2935 1249 2989; x_wconf 79' lang='lat' dir='ltr'><strong>expugnasse</strong></span> <span class='ocrx_word' id='word_1_349' title='bbox 1276 2937 1419 2990; x_wconf 88' lang='lat' dir='ltr'><strong>eam,</strong></span> <span class='ocrx_word' id='word_1_350' title='bbox 1453 2933 1507 2978; x_wconf 92' lang='lat' dir='ltr'><strong>et</strong></span> <span class='ocrx_word' id='word_1_351' title='bbox 1532 2922 1765 2978; x_wconf 77' lang='lat' dir='ltr'><strong>traxisse</strong></span> <span class='ocrx_word' id='word_1_352' title='bbox 1787 2924 1934 2980; x_wconf 89' lang='lat' dir='ltr'><strong>viros</strong></span> 
     </span>
    </p>
   </div>
   <div class='ocr_carea' id='block_1_47' title="bbox 356 3012 1930 3088">
    <p class='ocr_par' dir='ltr' id='par_1_47' title="bbox 356 3012 1930 3088">
     <span class='ocr_line' id='line_1_47' title="bbox 356 3012 1930 3088; baseline 0.006 -26"><span class='ocrx_word' id='word_1_353' title='bbox 356 3025 420 3064; x_wconf 82' lang='lat' dir='ltr'><strong>ac</strong></span> <span class='ocrx_word' id='word_1_354' title='bbox 447 3012 720 3075; x_wconf 88' lang='lat' dir='ltr'><strong>mulieres,</strong></span> <span class='ocrx_word' id='word_1_355' title='bbox 750 3013 881 3067; x_wconf 91' lang='lat' dir='ltr'><strong>etin</strong></span> <span class='ocrx_word' id='word_1_356' title='bbox 911 3013 1124 3068; x_wconf 82' lang='lat' dir='ltr'><strong>vincula</strong></span> <span class='ocrx_word' id='word_1_357' title='bbox 1159 3013 1484 3082; x_wconf 87' lang='lat' dir='ltr'><strong>conjecisse,</strong></span> <span class='ocrx_word' id='word_1_358' title='bbox 1519 3016 1648 3071; x_wconf 91' lang='lat' dir='ltr'><strong>licet</strong></span> <span class='ocrx_word' id='word_1_359' title='bbox 1672 3017 1930 3088; x_wconf 84' lang='lat' dir='ltr'><strong>ignoran-</strong></span> 
     </span>
    </p>
   </div>
   <div class='ocr_carea' id='block_1_48' title="bbox 357 3101 1807 3169">
    <p class='ocr_par' dir='ltr' id='par_1_48' title="bbox 357 3101 1807 3169">
     <span class='ocr_line' id='line_1_48' title="bbox 357 3101 1807 3169; baseline 0.006 -17"><span class='ocrx_word' id='word_1_360' title='bbox 357 3101 430 3153; x_wconf 90' lang='lat' dir='ltr'><strong>tia</strong></span> <span class='ocrx_word' id='word_1_361' title='bbox 462 3103 574 3159; x_wconf 78' lang='lat' dir='ltr'><strong>h:rc</strong></span> <span class='ocrx_word' id='word_1_362' title='bbox 606 3103 820 3169; x_wconf 78' lang='lat' dir='ltr'><strong>fecerit,</strong></span> <span class='ocrx_word' id='word_1_363' title='bbox 856 3116 912 3158; x_wconf 91' lang='lat' dir='ltr'><strong>et</strong></span> <span class='ocrx_word' id='word_1_364' title='bbox 950 3106 1390 3162; x_wconf 78' lang='lat' dir='ltr'><strong>misericordiam</strong></span> <span class='ocrx_word' id='word_1_365' title='bbox 1417 3118 1739 3164; x_wconf 87' lang='lat' dir='ltr'><strong>consecutus</strong></span> <span class='ocrx_word' id='word_1_366' title='bbox 1763 3109 1807 3162; x_wconf 90' lang='lat' dir='ltr'><strong>si</strong></span> 
     </span>
    </p>
   </div>
   <div class='ocr_carea' id='block_1_49' title="bbox 357 3197 1930 3271">
    <p class='ocr_par' dir='ltr' id='par_1_49' title="bbox 357 3197 1930 3271">
     <span class='ocr_line' id='line_1_49' title="bbox 357 3197 1930 3271; baseline 0.006 -25"><span class='ocrx_word' id='word_1_367' title='bbox 357 3203 536 3249; x_wconf 78' lang='lat' dir='ltr'><strong>tamen</strong></span> <span class='ocrx_word' id='word_1_368' title='bbox 567 3211 688 3251; x_wconf 90' lang='lat' dir='ltr'><strong>cum</strong></span> <span class='ocrx_word' id='word_1_369' title='bbox 711 3197 827 3251; x_wconf 79' lang='lat' dir='ltr'><strong>luec</strong></span> <span class='ocrx_word' id='word_1_370' title='bbox 855 3198 1059 3252; x_wconf 88' lang='lat' dir='ltr'><strong>faceret</strong></span> <span class='ocrx_word' id='word_1_371' title='bbox 1082 3215 1187 3254; x_wconf 94' lang='lat' dir='ltr'><strong>non</strong></span> <span class='ocrx_word' id='word_1_372' title='bbox 1219 3200 1495 3254; x_wconf 84' lang='lat' dir='ltr'><strong>immerito</strong></span> <span class='ocrx_word' id='word_1_373' title='bbox 1525 3199 1771 3256; x_wconf 87' lang='lat' dir='ltr'><strong>fortassis</strong></span> <span class='ocrx_word' id='word_1_374' title='bbox 1801 3216 1930 3271; x_wconf 88' lang='lat' dir='ltr'><strong>pec-</strong></span> 
     </span>
    </p>
   </div>
   <div class='ocr_carea' id='block_1_50' title="bbox 354 3289 1930 3346">
    <p class='ocr_par' dir='ltr' id='par_1_50' title="bbox 354 3289 1930 3346">
     <span class='ocr_line' id='line_1_50' title="bbox 354 3289 1930 3346; baseline 0.005 -8"><span class='ocrx_word' id='word_1_375' title='bbox 354 3296 597 3340; x_wconf 63' lang='lat' dir='ltr'><strong>calorem</strong></span> <span class='ocrx_word' id='word_1_376' title='bbox 628 3302 685 3340; x_wconf 94' lang='lat' dir='ltr'><strong>se</strong></span> <span class='ocrx_word' id='word_1_377' title='bbox 718 3289 823 3342; x_wconf 91' lang='lat' dir='ltr'><strong>dici</strong></span> <span class='ocrx_word' id='word_1_378' title='bbox 853 3289 1108 3344; x_wconf 84' lang='lat' dir='ltr'><strong>debuisse</strong></span> <span class='ocrx_word' id='word_1_379' title='bbox 1136 3289 1389 3345; x_wconf 80' lang='lat' dir='ltr'><strong>fateatur.</strong></span> <span class='ocrx_word' id='word_1_380' title='bbox 1426 3289 1495 3345; x_wconf 94' lang='lat' dir='ltr'><strong>Ut</strong></span> <span class='ocrx_word' id='word_1_381' title='bbox 1524 3302 1705 3346; x_wconf 87' lang='lat' dir='ltr'><strong>autem</strong></span> <span class='ocrx_word' id='word_1_382' title='bbox 1741 3291 1930 3346; x_wconf 91' lang='lat' dir='ltr'><strong>distin-</strong></span> 
     </span>
    </p>
   </div>
   <div class='ocr_carea' id='block_1_51' title="bbox 355 3378 1929 3453">
    <p class='ocr_par' dir='ltr' id='par_1_51' title="bbox 355 3378 1929 3453">
     <span class='ocr_line' id='line_1_51' title="bbox 355 3378 1929 3453; baseline 0.005 -25"><span class='ocrx_word' id='word_1_383' title='bbox 355 3378 556 3432; x_wconf 72' lang='lat' dir='ltr'><strong>ctionis</strong></span> <span class='ocrx_word' id='word_1_384' title='bbox 610 3378 768 3446; x_wconf 88' lang='lat' dir='ltr'><strong>hujus</strong></span> <span class='ocrx_word' id='word_1_385' title='bbox 804 3395 967 3450; x_wconf 87' lang='lat' dir='ltr'><strong>quam</strong></span> <span class='ocrx_word' id='word_1_386' title='bbox 1018 3381 1269 3436; x_wconf 90' lang='lat' dir='ltr'><strong>dedimus</strong></span> <span class='ocrx_word' id='word_1_387' title='bbox 1323 3383 1468 3437; x_wconf 90' lang='lat' dir='ltr'><strong>inter</strong></span> <span class='ocrx_word' id='word_1_388' title='bbox 1515 3395 1834 3453; x_wconf 86' lang='lat' dir='ltr'><strong>peccantem</strong></span> <span class='ocrx_word' id='word_1_389' title='bbox 1874 3392 1929 3438; x_wconf 92' lang='lat' dir='ltr'><strong>et</strong></span> 
     </span>
    </p>
   </div>
   <div class='ocr_carea' id='block_1_52' title="bbox 355 3472 1930 3545">
    <p class='ocr_par' dir='ltr' id='par_1_52' title="bbox 355 3472 1930 3545">
     <span class='ocr_line' id='line_1_52' title="bbox 355 3472 1930 3545; baseline 0.008 -27"><span class='ocrx_word' id='word_1_390' title='bbox 355 3478 694 3536; x_wconf 75' lang='lat' dir='ltr'><strong>peccatorem</strong></span> <span class='ocrx_word' id='word_1_391' title='bbox 732 3483 873 3535; x_wconf 87' lang='lat' dir='ltr'><strong>esse,</strong></span> <span class='ocrx_word' id='word_1_392' title='bbox 913 3472 1218 3527; x_wconf 89' lang='lat' dir='ltr'><strong>evidentior</strong></span> <span class='ocrx_word' id='word_1_393' title='bbox 1247 3474 1420 3527; x_wconf 89' lang='lat' dir='ltr'><strong>adhuc</strong></span> <span class='ocrx_word' id='word_1_394' title='bbox 1447 3473 1558 3545; x_wconf 78' lang='lat'><strong>(33)</strong></span> <span class='ocrx_word' id='word_1_395' title='bbox 1592 3474 1733 3529; x_wconf 87' lang='lat' dir='ltr'><strong>ratio</strong></span> <span class='ocrx_word' id='word_1_396' title='bbox 1754 3473 1930 3530; x_wconf 89' lang='lat' dir='ltr'><strong>clare-</strong></span> 
     </span>
    </p>
   </div>
   <div class='ocr_carea' id='block_1_53' title="bbox 355 3561 1918 3635">
    <p class='ocr_par' dir='ltr' id='par_1_53' title="bbox 355 3561 1918 3635">
     <span class='ocr_line' id='line_1_53' title="bbox 355 3561 1918 3635; baseline 0.004 -22"><span class='ocrx_word' id='word_1_397' title='bbox 355 3571 492 3624; x_wconf 67' lang='lat' dir='ltr'><strong>seat,</strong></span> <span class='ocrx_word' id='word_1_398' title='bbox 531 3561 653 3616; x_wconf 94' lang='lat' dir='ltr'><strong>vide</strong></span> <span class='ocrx_word' id='word_1_399' title='bbox 686 3562 838 3627; x_wconf 91' lang='lat' dir='ltr'><strong>Cain,</strong></span> <span class='ocrx_word' id='word_1_400' title='bbox 869 3564 961 3632; x_wconf 91' lang='lat' dir='ltr'><strong>qui</strong></span> <span class='ocrx_word' id='word_1_401' title='bbox 1018 3579 1139 3618; x_wconf 91' lang='lat' dir='ltr'><strong>cum</strong></span> <span class='ocrx_word' id='word_1_402' title='bbox 1200 3563 1489 3620; x_wconf 81' lang='lat' dir='ltr'><strong>manifeste</strong></span> <span class='ocrx_word' id='word_1_403' title='bbox 1525 3577 1783 3635; x_wconf 88' lang='lat' dir='ltr'><strong>peccator</strong></span> <span class='ocrx_word' id='word_1_404' title='bbox 1822 3570 1918 3632; x_wconf 90' lang='lat' dir='ltr'><strong>sit,</strong></span> 
     </span>
    </p>
   </div>
   <div class='ocr_carea' id='block_1_54' title="bbox 356 3653 1929 3739">
    <p class='ocr_par' dir='ltr' id='par_1_54' title="bbox 356 3653 1929 3739">
     <span class='ocr_line' id='line_1_54' title="bbox 356 3653 1929 3739; baseline 0.003 -33"><span class='ocrx_word' id='word_1_405' title='bbox 356 3653 488 3708; x_wconf 86' lang='lat' dir='ltr'><strong>fecit</strong></span> <span class='ocrx_word' id='word_1_406' title='bbox 521 3663 702 3708; x_wconf 86' lang='lat' dir='ltr'><strong>tamen</strong></span> <span class='ocrx_word' id='word_1_407' title='bbox 727 3653 928 3723; x_wconf 93' lang='lat' dir='ltr'><strong>aliquid</strong></span> <span class='ocrx_word' id='word_1_408' title='bbox 958 3666 1166 3710; x_wconf 90' lang='lat' dir='ltr'><strong>rectum</strong></span> <span class='ocrx_word' id='word_1_409' title='bbox 1203 3675 1217 3710; x_wconf 88' lang='lat'><strong>:</strong></span> <span class='ocrx_word' id='word_1_410' title='bbox 1250 3668 1472 3727; x_wconf 87' lang='lat' dir='ltr'><strong>propter</strong></span> <span class='ocrx_word' id='word_1_411' title='bbox 1492 3660 1636 3728; x_wconf 91' lang='lat' dir='ltr'><strong>quod</strong></span> <span class='ocrx_word' id='word_1_412' title='bbox 1673 3659 1929 3739; x_wconf 82' lang='lat' dir='ltr'><strong>Dominus</strong></span> 
     </span>
    </p>
   </div>
   <div class='ocr_carea' id='block_1_55' title="bbox 356 3748 1926 3806">
    <p class='ocr_par' dir='ltr' id='par_1_55' title="bbox 356 3748 1926 3806">
     <span class='ocr_line' id='line_1_55' title="bbox 356 3748 1926 3806; baseline 0.005 -8"><span class='ocrx_word' id='word_1_413' title='bbox 356 3748 422 3800; x_wconf 85' lang='lat' dir='ltr'><strong>ad</strong></span> <span class='ocrx_word' id='word_1_414' title='bbox 477 3763 599 3801; x_wconf 93' lang='lat' dir='ltr'><strong>eum</strong></span> <span class='ocrx_word' id='word_1_415' title='bbox 649 3748 829 3802; x_wconf 83' lang='lat' dir='ltr'><strong>dixit:</strong></span> <span class='ocrx_word' id='word_1_416' title='bbox 869 3767 887 3800; x_wconf 78' lang='grc' dir='ltr'><strong>ι</strong></span> <span class='ocrx_word' id='word_1_417' title='bbox 918 3749 974 3803; x_wconf 91' lang='lat' dir='ltr'><strong>Si</strong></span> <span class='ocrx_word' id='word_1_418' title='bbox 1020 3759 1167 3805; x_wconf 89' lang='lat' dir='ltr'><strong>recte</strong></span> <span class='ocrx_word' id='word_1_419' title='bbox 1220 3750 1509 3806; x_wconf 75' lang='lat' dir='ltr'><strong>offeras”.</strong></span> <span class='ocrx_word' id='word_1_420' title='bbox 1546 3770 1565 3804; x_wconf 84' lang='grc' dir='ltr'><strong>ι</strong></span> <span class='ocrx_word' id='word_1_421' title='bbox 1594 3751 1662 3805; x_wconf 89' lang='grc' dir='ltr'>Ει</span> <span class='ocrx_word' id='word_1_422' title='bbox 1712 3750 1926 3806; x_wconf 90' lang='lat' dir='ltr'><strong>Pharao</strong></span> 
     </span>
    </p>
   </div>
   <div class='ocr_carea' id='block_1_56' title="bbox 355 3839 1921 3912">
    <p class='ocr_par' dir='ltr' id='par_1_56' title="bbox 355 3839 1921 3912">
     <span class='ocr_line' id='line_1_56' title="bbox 355 3839 1921 3912; baseline 0.004 -24"><span class='ocrx_word' id='word_1_423' title='bbox 355 3854 477 3890; x_wconf 79' lang='lat' dir='ltr'><strong>cum</strong></span> <span class='ocrx_word' id='word_1_424' title='bbox 503 3839 637 3892; x_wconf 90' lang='lat' dir='ltr'><strong>dicit</strong></span> <span class='ocrx_word' id='word_1_425' title='bbox 668 3854 681 3890; x_wconf 91' lang='lat'><strong>:</strong></span> <span class='ocrx_word' id='word_1_426' title='bbox 725 3857 743 3891; x_wconf 80' lang='grc' dir='ltr'><strong>ι</strong></span> <span class='ocrx_word' id='word_1_427' title='bbox 780 3839 1038 3893; x_wconf 92' lang='lat' dir='ltr'><strong>Dominus</strong></span> <span class='ocrx_word' id='word_1_428' title='bbox 1059 3839 1278 3909; x_wconf 86' lang='lat' dir='ltr'><strong>justus;</strong></span> <span class='ocrx_word' id='word_1_429' title='bbox 1325 3856 1428 3911; x_wconf 90' lang='lat' dir='ltr'><strong>ego</strong></span> <span class='ocrx_word' id='word_1_430' title='bbox 1461 3852 1645 3895; x_wconf 91' lang='lat' dir='ltr'><strong>autem</strong></span> <span class='ocrx_word' id='word_1_431' title='bbox 1676 3853 1730 3897; x_wconf 90' lang='lat' dir='ltr'><strong>et</strong></span> <span class='ocrx_word' id='word_1_432' title='bbox 1755 3857 1921 3912; x_wconf 88' lang='lat' dir='ltr'><strong>popu-</strong></span> 
     </span>
    </p>
   </div>
   <div class='ocr_carea' id='block_1_57' title="bbox 355 3928 1923 4000">
    <p class='ocr_par' dir='ltr' id='par_1_57' title="bbox 355 3928 1923 4000">
     <span class='ocr_line' id='line_1_57' title="bbox 355 3928 1923 4000; baseline 0.003 -18"><span class='ocrx_word' id='word_1_433' title='bbox 355 3929 439 3982; x_wconf 91' lang='lat' dir='ltr'><strong>lus</strong></span> <span class='ocrx_word' id='word_1_434' title='bbox 473 3944 624 3983; x_wconf 90' lang='lat' dir='ltr'><strong>meus</strong></span> <span class='ocrx_word' id='word_1_435' title='bbox 661 3930 810 3999; x_wconf 90' lang='lat' dir='ltr'><strong>impii</strong></span> <span class='ocrx_word' id='word_1_436' title='bbox 837 3929 884 3961; x_wconf 72' lang='grc'><strong>⁸⁵</strong></span> <span class='ocrx_word' id='word_1_437' title='bbox 919 3947 932 3983; x_wconf 91' lang='lat'><strong>:</strong></span> <span class='ocrx_word' id='word_1_438' title='bbox 965 3949 984 3981; x_wconf 77' lang='grc' dir='ltr'><strong>ι</strong></span> <span class='ocrx_word' id='word_1_439' title='bbox 1010 3928 1216 4000; x_wconf 90' lang='lat' dir='ltr'><strong>justum</strong></span> <span class='ocrx_word' id='word_1_440' title='bbox 1266 3931 1469 4000; x_wconf 91' lang='lat' dir='ltr'><strong>aliquid</strong></span> <span class='ocrx_word' id='word_1_441' title='bbox 1502 3930 1651 3995; x_wconf 89' lang='lat' dir='ltr'><strong>fecit,</strong></span> <span class='ocrx_word' id='word_1_442' title='bbox 1689 3936 1784 3986; x_wconf 91' lang='lat' dir='ltr'><strong>sed</strong></span> <span class='ocrx_word' id='word_1_443' title='bbox 1817 3949 1923 3987; x_wconf 91' lang='lat' dir='ltr'><strong>non</strong></span> 
     </span>
    </p>
   </div>
   <div class='ocr_carea' id='block_1_58' title="bbox 355 4022 1926 4093">
    <p class='ocr_par' dir='ltr' id='par_1_58' title="bbox 355 4022 1926 4093">
     <span class='ocr_line' id='line_1_58' title="bbox 355 4022 1926 4093; baseline 0.004 -20"><span class='ocrx_word' id='word_1_444' title='bbox 355 4037 420 4075; x_wconf 81' lang='lat' dir='ltr'><strong>ex</strong></span> <span class='ocrx_word' id='word_1_445' title='bbox 456 4024 555 4076; x_wconf 92' lang='lat' dir='ltr'><strong>hoc</strong></span> <span class='ocrx_word' id='word_1_446' title='bbox 579 4023 757 4090; x_wconf 89' lang='lat' dir='ltr'><strong>justus</strong></span> <span class='ocrx_word' id='word_1_447' title='bbox 779 4023 1002 4080; x_wconf 88' lang='lat' dir='ltr'><strong>dicitur.</strong></span> <span class='ocrx_word' id='word_1_448' title='bbox 1039 4023 1102 4078; x_wconf 81' lang='lat' dir='ltr'><strong>Et</strong></span> <span class='ocrx_word' id='word_1_449' title='bbox 1146 4022 1314 4077; x_wconf 80' lang='lat' dir='ltr'><strong>multa</strong></span> <span class='ocrx_word' id='word_1_450' title='bbox 1344 4023 1656 4093; x_wconf 89' lang='lat' dir='ltr'><strong>hujusmodi</strong></span> <span class='ocrx_word' id='word_1_451' title='bbox 1691 4027 1742 4078; x_wconf 92' lang='lat' dir='ltr'><strong>in</strong></span> <span class='ocrx_word' id='word_1_452' title='bbox 1778 4025 1926 4079; x_wconf 90' lang='lat' dir='ltr'><strong>Scri-</strong></span> 
     </span>
    </p>
   </div>
   <div class='ocr_carea' id='block_1_59' title="bbox 357 4112 1926 4186">
    <p class='ocr_par' dir='ltr' id='par_1_59' title="bbox 357 4112 1926 4186">
     <span class='ocr_line' id='line_1_59' title="bbox 357 4112 1926 4186; baseline 0.004 -23"><span class='ocrx_word' id='word_1_453' title='bbox 357 4114 531 4182; x_wconf 83' lang='lat' dir='ltr'><strong>pturis</strong></span> <span class='ocrx_word' id='word_1_454' title='bbox 566 4113 762 4168; x_wconf 87' lang='lat' dir='ltr'><strong>divinis</strong></span> <span class='ocrx_word' id='word_1_455' title='bbox 819 4112 1086 4178; x_wconf 89' lang='lat' dir='ltr'><strong>invenies,</strong></span> <span class='ocrx_word' id='word_1_456' title='bbox 1119 4129 1184 4169; x_wconf 80' lang='lat' dir='ltr'><strong>ex</strong></span> <span class='ocrx_word' id='word_1_457' title='bbox 1233 4115 1430 4184; x_wconf 91' lang='lat' dir='ltr'><strong>quibus</strong></span> <span class='ocrx_word' id='word_1_458' title='bbox 1471 4125 1526 4171; x_wconf 90' lang='lat' dir='ltr'><strong>et</strong></span> <span class='ocrx_word' id='word_1_459' title='bbox 1559 4115 1766 4186; x_wconf 90' lang='lat' dir='ltr'><strong>justum</strong></span> <span class='ocrx_word' id='word_1_460' title='bbox 1800 4131 1926 4185; x_wconf 87' lang='lat' dir='ltr'><strong>pec-</strong></span> 
     </span>
    </p>
   </div>
   <div class='ocr_carea' id='block_1_60' title="bbox 355 4203 1924 4279">
    <p class='ocr_par' dir='ltr' id='par_1_60' title="bbox 355 4203 1924 4279">
     <span class='ocr_line' id='line_1_60' title="bbox 355 4203 1924 4279; baseline 0.004 -24"><span class='ocrx_word' id='word_1_461' title='bbox 355 4220 509 4259; x_wconf 75' lang='lat' dir='ltr'><strong>casse</strong></span> <span class='ocrx_word' id='word_1_462' title='bbox 543 4203 766 4271; x_wconf 88' lang='lat' dir='ltr'><strong>aliquid,</strong></span> <span class='ocrx_word' id='word_1_463' title='bbox 817 4213 872 4259; x_wconf 88' lang='lat' dir='ltr'><strong>et</strong></span> <span class='ocrx_word' id='word_1_464' title='bbox 921 4215 1265 4276; x_wconf 83' lang='lat' dir='ltr'><strong>peccatorem</strong></span> <span class='ocrx_word' id='word_1_465' title='bbox 1318 4208 1448 4278; x_wconf 92' lang='lat' dir='ltr'><strong>justi</strong></span> <span class='ocrx_word' id='word_1_466' title='bbox 1501 4209 1702 4279; x_wconf 89' lang='lat' dir='ltr'><strong>aliquid</strong></span> <span class='ocrx_word' id='word_1_467' title='bbox 1749 4209 1924 4278; x_wconf 80' lang='lat' dir='ltr'><strong>egisse</strong></span> 
     </span>
    </p>
   </div>
   <div class='ocr_carea' id='block_1_61' title="bbox 355 4297 1922 4371">
    <p class='ocr_par' dir='ltr' id='par_1_61' title="bbox 355 4297 1922 4371">
     <span class='ocr_line' id='line_1_61' title="bbox 355 4297 1922 4371; baseline 0.003 -24"><span class='ocrx_word' id='word_1_468' title='bbox 355 4297 729 4365; x_wconf 79' lang='lat' dir='ltr'><strong>deprehendas</strong></span> <span class='ocrx_word' id='word_1_469' title='bbox 765 4315 779 4351; x_wconf 88' lang='lat'><strong>:</strong></span> <span class='ocrx_word' id='word_1_470' title='bbox 813 4312 912 4352; x_wconf 90' lang='lat' dir='ltr'><strong>nec</strong></span> <span class='ocrx_word' id='word_1_471' title='bbox 941 4309 1120 4353; x_wconf 90' lang='lat' dir='ltr'><strong>tamen</strong></span> <span class='ocrx_word' id='word_1_472' title='bbox 1150 4307 1243 4353; x_wconf 89' lang='lat' dir='ltr'><strong>aut</strong></span> <span class='ocrx_word' id='word_1_473' title='bbox 1281 4298 1486 4367; x_wconf 91' lang='lat' dir='ltr'><strong>justum</strong></span> <span class='ocrx_word' id='word_1_474' title='bbox 1533 4300 1667 4371; x_wconf 68' lang='lat'><strong>(54),</strong></span> <span class='ocrx_word' id='word_1_475' title='bbox 1697 4303 1842 4369; x_wconf 90' lang='lat' dir='ltr'><strong>quod</strong></span> <span class='ocrx_word' id='word_1_476' title='bbox 1870 4302 1922 4351; x_wconf 87' lang='lat' dir='ltr'><strong>in</strong></span> 
     </span>
    </p>
   </div>
   <div class='ocr_carea' id='block_1_62' title="bbox 353 4388 1998 4476">
    <p class='ocr_par' dir='ltr' id='par_1_62' title="bbox 353 4388 1998 4476">
     <span class='ocr_line' id='line_1_62' title="bbox 353 4388 1998 4476; baseline 0.001 -36"><span class='ocrx_word' id='word_1_477' title='bbox 353 4388 535 4456; x_wconf 86' lang='lat' dir='ltr'><strong>aliquo</strong></span> <span class='ocrx_word' id='word_1_478' title='bbox 564 4389 894 4458; x_wconf 84' lang='lat' dir='ltr'><strong>peccaverit,</strong></span> <span class='ocrx_word' id='word_1_479' title='bbox 935 4399 1279 4459; x_wconf 90' lang='lat' dir='ltr'><strong>peccatorem</strong></span> <span class='ocrx_word' id='word_1_480' title='bbox 1313 4391 1552 4458; x_wconf 89' lang='lat' dir='ltr'><strong>dictum;</strong></span> <span class='ocrx_word' id='word_1_481' title='bbox 1587 4400 1679 4444; x_wconf 87' lang='lat' dir='ltr'><strong>aut</strong></span> <span class='ocrx_word' id='word_1_482' title='bbox 1725 4405 1920 4457; x_wconf 86' lang='lat' dir='ltr'><strong>pecca-</strong></span> <span class='ocrx_word' id='word_1_483' title='bbox 1955 4421 1998 4476; x_wconf 70' lang='grc' dir='ltr'>ι)</span> 
     </span>
    </p>
   </div>
   <div class='ocr_carea' id='block_1_63' title="bbox 359 4482 1924 4552">
    <p class='ocr_par' dir='ltr' id='par_1_63' title="bbox 359 4482 1924 4552">
     <span class='ocr_line' id='line_1_63' title="bbox 359 4482 1924 4552; baseline 0.002 -19"><span class='ocrx_word' id='word_1_484' title='bbox 359 4491 554 4544; x_wconf 90' lang='lat' dir='ltr'><strong>torem,</strong></span> <span class='ocrx_word' id='word_1_485' title='bbox 601 4483 744 4551; x_wconf 91' lang='lat' dir='ltr'><strong>quod</strong></span> <span class='ocrx_word' id='word_1_486' title='bbox 784 4482 988 4551; x_wconf 87' lang='lat' dir='ltr'><strong>aliquid</strong></span> <span class='ocrx_word' id='word_1_487' title='bbox 1012 4483 1147 4552; x_wconf 92' lang='lat' dir='ltr'><strong>justi</strong></span> <span class='ocrx_word' id='word_1_488' title='bbox 1198 4483 1396 4552; x_wconf 87' lang='lat' dir='ltr'><strong>egerit,</strong></span> <span class='ocrx_word' id='word_1_489' title='bbox 1441 4482 1649 4551; x_wconf 88' lang='lat' dir='ltr'><strong>justum</strong></span> <span class='ocrx_word' id='word_1_490' title='bbox 1679 4484 1924 4536; x_wconf 89' lang='lat' dir='ltr'><strong>invenies</strong></span> 
     </span>
    </p>
   </div>
   <div class='ocr_carea' id='block_1_64' title="bbox 356 4572 1922 4644">
    <p class='ocr_par' dir='ltr' id='par_1_64' title="bbox 356 4572 1922 4644">
     <span class='ocr_line' id='line_1_64' title="bbox 356 4572 1922 4644; baseline 0.003 -20"><span class='ocrx_word' id='word_1_491' title='bbox 356 4572 701 4641; x_wconf 85' lang='lat' dir='ltr'><strong>appellatum.</strong></span> <span class='ocrx_word' id='word_1_492' title='bbox 735 4575 931 4629; x_wconf 85' lang='lat' dir='ltr'><strong>Verum</strong></span> <span class='ocrx_word' id='word_1_493' title='bbox 959 4590 1026 4629; x_wconf 93' lang='lat' dir='ltr'><strong>ne</strong></span> <span class='ocrx_word' id='word_1_494' title='bbox 1065 4574 1196 4628; x_wconf 92' lang='lat' dir='ltr'><strong>illud</strong></span> <span class='ocrx_word' id='word_1_495' title='bbox 1234 4574 1452 4644; x_wconf 91' lang='lat' dir='ltr'><strong>quidem</strong></span> <span class='ocrx_word' id='word_1_496' title='bbox 1485 4575 1752 4630; x_wconf 90' lang='lat' dir='ltr'><strong>intentum</strong></span> <span class='ocrx_word' id='word_1_497' title='bbox 1783 4591 1922 4644; x_wconf 67' lang='lat' dir='ltr'><strong>prte-</strong></span> 
     </span>
    </p>
   </div>
   <div class='ocr_carea' id='block_1_65' title="bbox 356 4663 1917 4734">
    <p class='ocr_par' dir='ltr' id='par_1_65' title="bbox 356 4663 1917 4734">
     <span class='ocr_line' id='line_1_65' title="bbox 356 4663 1917 4734; baseline 0 -19"><span class='ocrx_word' id='word_1_498' title='bbox 356 4671 526 4716; x_wconf 88' lang='lat' dir='ltr'><strong>tereat</strong></span> <span class='ocrx_word' id='word_1_499' title='bbox 555 4665 877 4730; x_wconf 85' lang='lat' dir='ltr'><strong>auditorem,</strong></span> <span class='ocrx_word' id='word_1_500' title='bbox 911 4665 1054 4734; x_wconf 91' lang='lat' dir='ltr'><strong>quod</strong></span> <span class='ocrx_word' id='word_1_501' title='bbox 1086 4663 1178 4718; x_wconf 92' lang='lat' dir='ltr'><strong>ubi</strong></span> <span class='ocrx_word' id='word_1_502' title='bbox 1222 4682 1242 4716; x_wconf 80' lang='grc' dir='ltr'><strong>ι</strong></span> <span class='ocrx_word' id='word_1_503' title='bbox 1282 4664 1701 4719; x_wconf 90' lang='lat' dir='ltr'><strong>iuobedientiam</strong></span> <span class='ocrx_word' id='word_1_504' title='bbox 1731 4666 1917 4718; x_wconf 66' lang='lat' dir='ltr'><strong>unius»</strong></span> 
     </span>
    </p>
   </div>
   <div class='ocr_carea' id='block_1_66' title="bbox 353 4750 1926 4824">
    <p class='ocr_par' dir='ltr' id='par_1_66' title="bbox 353 4750 1926 4824">
     <span class='ocr_line' id='line_1_66' title="bbox 353 4750 1926 4824; baseline 0.002 -20"><span class='ocrx_word' id='word_1_505' title='bbox 353 4750 508 4815; x_wconf 89' lang='lat' dir='ltr'><strong>dicit,</strong></span> <span class='ocrx_word' id='word_1_506' title='bbox 538 4753 687 4806; x_wconf 89' lang='lat' dir='ltr'><strong>addit</strong></span> <span class='ocrx_word' id='word_1_507' title='bbox 719 4763 772 4807; x_wconf 92' lang='lat' dir='ltr'><strong>et</strong></span> <span class='ocrx_word' id='word_1_508' title='bbox 793 4772 811 4804; x_wconf 80' lang='grc' dir='ltr'><strong>ι</strong></span> <span class='ocrx_word' id='word_1_509' title='bbox 837 4753 1094 4817; x_wconf 88' lang='lat' dir='ltr'><strong>hominis,</strong></span> <span class='ocrx_word' id='word_1_510' title='bbox 1119 4768 1216 4821; x_wconf 91' lang='lat' dir='ltr'><strong>per</strong></span> <span class='ocrx_word' id='word_1_511' title='bbox 1249 4769 1413 4822; x_wconf 87' lang='lat' dir='ltr'><strong>quem</strong></span> <span class='ocrx_word' id='word_1_512' title='bbox 1443 4763 1760 4824; x_wconf 89' lang='lat' dir='ltr'><strong>peccatores</strong></span> <span class='ocrx_word' id='word_1_513' title='bbox 1795 4770 1926 4808; x_wconf 88' lang='lat' dir='ltr'><strong>con-</strong></span> 
     </span>
    </p>
   </div>
   <div class='ocr_carea' id='block_1_67' title="bbox 1815 3067 2004 3175">
    <p class='ocr_par' dir='ltr' id='par_1_67' title="bbox 1815 3067 2004 3175">
     <span class='ocr_line' id='line_1_67' title="bbox 1815 3067 2004 3175; baseline 0.005 -35"><span class='ocrx_word' id='word_1_514' title='bbox 1815 3067 1928 3175; x_wconf 53' lang='grc' dir='ltr'><strong>(ᾖ,</strong></span> <span class='ocrx_word' id='word_1_515' title='bbox 1958 3067 2004 3129; x_wconf 86' lang='lat' dir='ltr'><strong>C</strong></span> 
     </span>
    </p>
   </div>
   <div class='ocr_carea' id='block_1_68' title="bbox 2043 1819 3582 1910">
    <p class='ocr_par' dir='ltr' id='par_1_68' title="bbox 2043 1819 3582 1910">
     <span class='ocr_line' id='line_1_68' title="bbox 2043 1819 3582 1910; baseline 0.019 -40"><span class='ocrx_word' id='word_1_516' title='bbox 2043 1819 2324 1910; x_wconf 85' lang='lat' dir='ltr'><strong>delictum.</strong></span> <span class='ocrx_word' id='word_1_517' title='bbox 2361 1823 2462 1879; x_wconf 89' lang='lat' dir='ltr'><strong>Ubi</strong></span> <span class='ocrx_word' id='word_1_518' title='bbox 2496 1835 2676 1880; x_wconf 86' lang='lat' dir='ltr'><strong>autem</strong></span> <span class='ocrx_word' id='word_1_519' title='bbox 2714 1829 3007 1886; x_wconf 89' lang='lat' dir='ltr'><strong>abundavit</strong></span> <span class='ocrx_word' id='word_1_520' title='bbox 3033 1845 3346 1903; x_wconf 88' lang='lat' dir='ltr'><strong>peccatum,</strong></span> <span class='ocrx_word' id='word_1_521' title='bbox 3390 1855 3582 1910; x_wconf 76' lang='lat' dir='ltr'><strong>supera-</strong></span> 
     </span>
    </p>
   </div>
   <div class='ocr_carea' id='block_1_69' title="bbox 2039 1907 3578 1992">
    <p class='ocr_par' dir='ltr' id='par_1_69' title="bbox 2039 1907 3578 1992">
     <span class='ocr_line' id='line_1_69' title="bbox 2039 1907 3578 1992; baseline 0.014 -31"><span class='ocrx_word' id='word_1_522' title='bbox 2039 1907 2301 1964; x_wconf 87' lang='lat' dir='ltr'><strong>bundavit</strong></span> <span class='ocrx_word' id='word_1_523' title='bbox 2333 1915 2539 1982; x_wconf 86' lang='lat' dir='ltr'><strong>gratia,</strong></span> <span class='ocrx_word' id='word_1_524' title='bbox 2597 1923 2655 1970; x_wconf 87' lang='lat' dir='ltr'><strong>ut</strong></span> <span class='ocrx_word' id='word_1_525' title='bbox 2707 1919 2847 1972; x_wconf 90' lang='lat' dir='ltr'><strong>sicut</strong></span> <span class='ocrx_word' id='word_1_526' title='bbox 2913 1924 3163 1992; x_wconf 82' lang='lat' dir='ltr'><strong>regnavit</strong></span> <span class='ocrx_word' id='word_1_527' title='bbox 3215 1907 3495 1992; x_wconf 73' lang='lat' dir='ltr'><strong>peccatum</strong></span> <span class='ocrx_word' id='word_1_528' title='bbox 3539 1930 3578 1982; x_wconf 90' lang='lat' dir='ltr'><strong>in</strong></span> 
     </span>
    </p>
   </div>
   <div class='ocr_carea' id='block_1_70' title="bbox 2041 2000 3579 2082">
    <p class='ocr_par' dir='ltr' id='par_1_70' title="bbox 2041 2000 3579 2082">
     <span class='ocr_line' id='line_1_70' title="bbox 2041 2000 3579 2082; baseline 0.017 -34"><span class='ocrx_word' id='word_1_529' title='bbox 2041 2007 2290 2063; x_wconf 82' lang='lat' dir='ltr'><strong>mortem,</strong></span> <span class='ocrx_word' id='word_1_530' title='bbox 2321 2000 2393 2055; x_wconf 92' lang='lat' dir='ltr'><strong>ita</strong></span> <span class='ocrx_word' id='word_1_531' title='bbox 2427 2012 2480 2058; x_wconf 93' lang='lat' dir='ltr'><strong>et</strong></span> <span class='ocrx_word' id='word_1_532' title='bbox 2503 2006 2676 2074; x_wconf 88' lang='lat' dir='ltr'><strong>gratia</strong></span> <span class='ocrx_word' id='word_1_533' title='bbox 2713 2018 2905 2078; x_wconf 87' lang='lat' dir='ltr'><strong>regnet</strong></span> <span class='ocrx_word' id='word_1_534' title='bbox 2933 2025 3030 2080; x_wconf 91' lang='lat' dir='ltr'><strong>per</strong></span> <span class='ocrx_word' id='word_1_535' title='bbox 3046 2012 3322 2082; x_wconf 85' lang='lat' dir='ltr'><strong>justitiam</strong></span> <span class='ocrx_word' id='word_1_536' title='bbox 3357 2017 3411 2069; x_wconf 93' lang='lat' dir='ltr'><strong>in</strong></span> <span class='ocrx_word' id='word_1_537' title='bbox 3443 2020 3579 2074; x_wconf 85' lang='lat' dir='ltr'><strong>vitam</strong></span> 
     </span>
    </p>
   </div>
   <div class='ocr_carea' id='block_1_71' title="bbox 2038 2092 3573 2160">
    <p class='ocr_par' dir='ltr' id='par_1_71' title="bbox 2038 2092 3573 2160">
     <span class='ocr_line' id='line_1_71' title="bbox 2038 2092 3573 2160; baseline 0.012 -22"><span class='ocrx_word' id='word_1_538' title='bbox 2038 2097 2322 2154; x_wconf 74' lang='lat' dir='ltr'><strong>mternam,</strong></span> <span class='ocrx_word' id='word_1_539' title='bbox 2351 2107 2446 2160; x_wconf 91' lang='lat' dir='ltr'><strong>per</strong></span> <span class='ocrx_word' id='word_1_540' title='bbox 2462 2092 2643 2148; x_wconf 82' lang='lat' dir='ltr'><strong>Jesum</strong></span> <span class='ocrx_word' id='word_1_541' title='bbox 2659 2094 2932 2152; x_wconf 89' lang='lat' dir='ltr'><strong>Christum</strong></span> <span class='ocrx_word' id='word_1_542' title='bbox 2945 2099 3573 2160; x_wconf 57' lang='lat' dir='ltr'><strong>Dominumnostrum&#39;h</strong></span> 
     </span>
    </p>
   </div>
   <div class='ocr_carea' id='block_1_72' title="bbox 2041 2175 3579 2261">
    <p class='ocr_par' dir='ltr' id='par_1_72' title="bbox 2041 2175 3579 2261">
     <span class='ocr_line' id='line_1_72' title="bbox 2041 2175 3579 2261; baseline 0.012 -31"><span class='ocrx_word' id='word_1_543' title='bbox 2041 2175 2096 2231; x_wconf 93' lang='lat' dir='ltr'><strong>Si</strong></span> <span class='ocrx_word' id='word_1_544' title='bbox 2129 2181 2341 2248; x_wconf 89' lang='lat' dir='ltr'><strong>quidem</strong></span> <span class='ocrx_word' id='word_1_545' title='bbox 2378 2193 2664 2254; x_wconf 88' lang='lat' dir='ltr'><strong>antequam</strong></span> <span class='ocrx_word' id='word_1_546' title='bbox 2695 2186 2778 2241; x_wconf 80' lang='lat' dir='ltr'><strong>lex</strong></span> <span class='ocrx_word' id='word_1_547' title='bbox 2811 2205 2906 2259; x_wconf 90' lang='lat' dir='ltr'><strong>per</strong></span> <span class='ocrx_word' id='word_1_548' title='bbox 2926 2189 3140 2261; x_wconf 87' lang='lat' dir='ltr'><strong>Moysen</strong></span> <span class='ocrx_word' id='word_1_549' title='bbox 3169 2202 3400 2246; x_wconf 86' lang='lat' dir='ltr'><strong>daretur</strong></span> <span class='ocrx_word' id='word_1_550' title='bbox 3447 2210 3579 2251; x_wconf 88' lang='lat' dir='ltr'><strong>nemo</strong></span> 
     </span>
    </p>
   </div>
   <div class='ocr_carea' id='block_1_73' title="bbox 2041 2273 3580 2356">
    <p class='ocr_par' dir='ltr' id='par_1_73' title="bbox 2041 2273 3580 2356">
     <span class='ocr_line' id='line_1_73' title="bbox 2041 2273 3580 2356; baseline 0.012 -35"><span class='ocrx_word' id='word_1_551' title='bbox 2041 2281 2344 2338; x_wconf 89' lang='lat' dir='ltr'><strong>peccasset,</strong></span> <span class='ocrx_word' id='word_1_552' title='bbox 2373 2273 2621 2329; x_wconf 88' lang='lat' dir='ltr'><strong>volentes</strong></span> <span class='ocrx_word' id='word_1_553' title='bbox 2644 2292 2902 2333; x_wconf 86' lang='lat' dir='ltr'><strong>accusare</strong></span> <span class='ocrx_word' id='word_1_554' title='bbox 2927 2280 3095 2350; x_wconf 89' lang='lat' dir='ltr'><strong>legem</strong></span> <span class='ocrx_word' id='word_1_555' title='bbox 3129 2299 3194 2336; x_wconf 78' lang='lat' dir='ltr'><strong>ex</strong></span> <span class='ocrx_word' id='word_1_556' title='bbox 3235 2284 3327 2339; x_wconf 91' lang='lat' dir='ltr'><strong>his</strong></span> <span class='ocrx_word' id='word_1_557' title='bbox 3367 2286 3580 2356; x_wconf 87' lang='lat' dir='ltr'><strong>Apostoli</strong></span> 
     </span>
    </p>
   </div>
   <div class='ocr_carea' id='block_1_74' title="bbox 2037 2360 3581 2431">
    <p class='ocr_par' dir='ltr' id='par_1_74' title="bbox 2037 2360 3581 2431">
     <span class='ocr_line' id='line_1_74' title="bbox 2037 2360 3581 2431; baseline 0.014 -20"><span class='ocrx_word' id='word_1_558' title='bbox 2037 2360 2218 2413; x_wconf 88' lang='lat' dir='ltr'><strong>verbis</strong></span> <span class='ocrx_word' id='word_1_559' title='bbox 2249 2361 2487 2418; x_wconf 88' lang='lat' dir='ltr'><strong>Marcion</strong></span> <span class='ocrx_word' id='word_1_560' title='bbox 2521 2376 2578 2420; x_wconf 91' lang='lat' dir='ltr'><strong>et</strong></span> <span class='ocrx_word' id='word_1_561' title='bbox 2606 2370 2787 2422; x_wconf 60' lang='lat' dir='ltr'><strong>ceteri</strong></span> <span class='ocrx_word' id='word_1_562' title='bbox 2833 2371 3073 2424; x_wconf 61' lang='lat' dir='ltr'><strong>haeretici</strong></span> <span class='ocrx_word' id='word_1_563' title='bbox 3119 2376 3467 2430; x_wconf 87' lang='lat' dir='ltr'><strong>occasionem</strong></span> <span class='ocrx_word' id='word_1_564' title='bbox 3505 2393 3581 2431; x_wconf 79' lang='lat' dir='ltr'><strong>ea-</strong></span> 
     </span>
    </p>
   </div>
   <div class='ocr_carea' id='block_1_75' title="bbox 2037 2452 3582 2532">
    <p class='ocr_par' dir='ltr' id='par_1_75' title="bbox 2037 2452 3582 2532">
     <span class='ocr_line' id='line_1_75' title="bbox 2037 2452 3582 2532; baseline 0.013 -30"><span class='ocrx_word' id='word_1_565' title='bbox 2037 2463 2165 2517; x_wconf 91' lang='lat' dir='ltr'><strong>pere</strong></span> <span class='ocrx_word' id='word_1_566' title='bbox 2193 2452 2531 2521; x_wconf 87' lang='lat' dir='ltr'><strong>viderentur,</strong></span> <span class='ocrx_word' id='word_1_567' title='bbox 2587 2465 2848 2528; x_wconf 87' lang='lat' dir='ltr'><strong>tanquam</strong></span> <span class='ocrx_word' id='word_1_568' title='bbox 2880 2459 3044 2532; x_wconf 74' lang='lat'><strong>558</strong></span> <span class='ocrx_word' id='word_1_569' title='bbox 3083 2464 3197 2517; x_wconf 64' lang='lat' dir='ltr'><strong>haec</strong></span> <span class='ocrx_word' id='word_1_570' title='bbox 3243 2463 3416 2520; x_wconf 89' lang='lat' dir='ltr'><strong>fuerit</strong></span> <span class='ocrx_word' id='word_1_571' title='bbox 3442 2483 3582 2522; x_wconf 62' lang='lat' dir='ltr'><strong>causa</strong></span> 
     </span>
    </p>
   </div>
   <div class='ocr_carea' id='block_1_76' title="bbox 2035 2542 3579 2626">
    <p class='ocr_par' dir='ltr' id='par_1_76' title="bbox 2035 2542 3579 2626">
     <span class='ocr_line' id='line_1_76' title="bbox 2035 2542 3579 2626; baseline 0.014 -33"><span class='ocrx_word' id='word_1_572' title='bbox 2035 2543 2174 2598; x_wconf 73' lang='lat' dir='ltr'><strong>data:</strong></span> <span class='ocrx_word' id='word_1_573' title='bbox 2191 2542 2343 2613; x_wconf 84' lang='lat' dir='ltr'><strong>legis,</strong></span> <span class='ocrx_word' id='word_1_574' title='bbox 2370 2556 2428 2600; x_wconf 90' lang='lat' dir='ltr'><strong>ut</strong></span> <span class='ocrx_word' id='word_1_575' title='bbox 2448 2559 2749 2617; x_wconf 89' lang='lat' dir='ltr'><strong>peccatum,</strong></span> <span class='ocrx_word' id='word_1_576' title='bbox 2770 2555 2909 2621; x_wconf 89' lang='lat' dir='ltr'><strong>quod</strong></span> <span class='ocrx_word' id='word_1_577' title='bbox 2935 2566 3060 2609; x_wconf 89' lang='lat' dir='ltr'><strong>ante</strong></span> <span class='ocrx_word' id='word_1_578' title='bbox 3087 2555 3258 2626; x_wconf 86' lang='lat' dir='ltr'><strong>legem</strong></span> <span class='ocrx_word' id='word_1_579' title='bbox 3281 2574 3388 2612; x_wconf 90' lang='lat' dir='ltr'><strong>non</strong></span> <span class='ocrx_word' id='word_1_580' title='bbox 3412 2559 3579 2625; x_wconf 86' lang='lat' dir='ltr'><strong>fuerat,</strong></span> 
     </span>
    </p>
   </div>
   <div class='ocr_carea' id='block_1_77' title="bbox 2035 2635 3580 2716">
    <p class='ocr_par' dir='ltr' id='par_1_77' title="bbox 2035 2635 3580 2716">
     <span class='ocr_line' id='line_1_77' title="bbox 2035 2635 3580 2716; baseline 0.014 -31"><span class='ocrx_word' id='word_1_581' title='bbox 2035 2635 2356 2690; x_wconf 78' lang='lat' dir='ltr'><strong>abundaret.</strong></span> <span class='ocrx_word' id='word_1_582' title='bbox 2387 2637 2492 2693; x_wconf 89' lang='lat' dir='ltr'><strong>Sed</strong></span> <span class='ocrx_word' id='word_1_583' title='bbox 2536 2642 2723 2695; x_wconf 89' lang='lat' dir='ltr'><strong>nescio</strong></span> <span class='ocrx_word' id='word_1_584' title='bbox 2763 2645 2907 2712; x_wconf 92' lang='lat' dir='ltr'><strong>quod</strong></span> <span class='ocrx_word' id='word_1_585' title='bbox 2950 2655 3164 2716; x_wconf 89' lang='lat' dir='ltr'><strong>tempus</strong></span> <span class='ocrx_word' id='word_1_586' title='bbox 3199 2651 3481 2705; x_wconf 88' lang='lat' dir='ltr'><strong>inveniant</strong></span> <span class='ocrx_word' id='word_1_587' title='bbox 3507 2668 3580 2705; x_wconf 82' lang='lat' dir='ltr'><strong>va-</strong></span> 
     </span>
    </p>
   </div>
   <div class='ocr_carea' id='block_1_78' title="bbox 2034 2731 3581 2803">
    <p class='ocr_par' dir='ltr' id='par_1_78' title="bbox 2034 2731 3581 2803">
     <span class='ocr_line' id='line_1_78' title="bbox 2034 2731 3581 2803; baseline 0.013 -23"><span class='ocrx_word' id='word_1_588' title='bbox 2034 2739 2194 2780; x_wconf 92' lang='lat' dir='ltr'><strong>cuum</strong></span> <span class='ocrx_word' id='word_1_589' title='bbox 2223 2731 2458 2796; x_wconf 91' lang='lat' dir='ltr'><strong>peccatis</strong></span> <span class='ocrx_word' id='word_1_590' title='bbox 2480 2743 2605 2784; x_wconf 89' lang='lat' dir='ltr'><strong>ante</strong></span> <span class='ocrx_word' id='word_1_591' title='bbox 2630 2735 2820 2803; x_wconf 90' lang='lat' dir='ltr'><strong>legem.</strong></span> <span class='ocrx_word' id='word_1_592' title='bbox 2846 2736 3072 2802; x_wconf 86' lang='lat' dir='ltr'><strong>Quando</strong></span> <span class='ocrx_word' id='word_1_593' title='bbox 3092 2740 3581 2800; x_wconf 79' lang='lat' dir='ltr'><strong>interficiebatCair.</strong></span> 
     </span>
    </p>
   </div>
   <div class='ocr_carea' id='block_1_79' title="bbox 2033 2814 3581 2900">
    <p class='ocr_par' dir='ltr' id='par_1_79' title="bbox 2033 2814 3581 2900">
     <span class='ocr_line' id='line_1_79' title="bbox 2033 2814 3581 2900; baseline 0.014 -32"><span class='ocrx_word' id='word_1_594' title='bbox 2033 2814 2188 2882; x_wconf 85' lang='lat' dir='ltr'><strong>Abel,</strong></span> <span class='ocrx_word' id='word_1_595' title='bbox 2218 2828 2273 2872; x_wconf 87' lang='lat' dir='ltr'><strong>et</strong></span> <span class='ocrx_word' id='word_1_596' title='bbox 2305 2827 2504 2873; x_wconf 87' lang='lat' dir='ltr'><strong>terram</strong></span> <span class='ocrx_word' id='word_1_597' title='bbox 2539 2821 2780 2878; x_wconf 88' lang='lat' dir='ltr'><strong>fraterno</strong></span> <span class='ocrx_word' id='word_1_598' title='bbox 2802 2829 3062 2898; x_wconf 88' lang='lat' dir='ltr'><strong>sanguine</strong></span> <span class='ocrx_word' id='word_1_599' title='bbox 3100 2831 3400 2900; x_wconf 86' lang='lat' dir='ltr'><strong>polluebat,</strong></span> <span class='ocrx_word' id='word_1_600' title='bbox 3437 2837 3499 2888; x_wconf 89' lang='lat' dir='ltr'><strong>ita</strong></span> <span class='ocrx_word' id='word_1_601' title='bbox 3539 2846 3581 2889; x_wconf 63' lang='lat' dir='ltr'><strong>u&quot;</strong></span> 
     </span>
    </p>
   </div>
   <div class='ocr_carea' id='block_1_80' title="bbox 2033 2906 3580 2997">
    <p class='ocr_par' dir='ltr' id='par_1_80' title="bbox 2033 2906 3580 2997">
     <span class='ocr_line' id='line_1_80' title="bbox 2033 2906 3580 2997; baseline 0.012 -36"><span class='ocrx_word' id='word_1_602' title='bbox 2033 2906 2304 2965; x_wconf 86' lang='lat' dir='ltr'><strong>diceretur</strong></span> <span class='ocrx_word' id='word_1_603' title='bbox 2328 2912 2395 2966; x_wconf 90' lang='lat' dir='ltr'><strong>ad</strong></span> <span class='ocrx_word' id='word_1_604' title='bbox 2417 2927 2562 2981; x_wconf 89' lang='lat' dir='ltr'><strong>eum,</strong></span> <span class='ocrx_word' id='word_1_605' title='bbox 2583 2933 2602 2967; x_wconf 81' lang='grc' dir='ltr'><strong>ι</strong></span> <span class='ocrx_word' id='word_1_606' title='bbox 2627 2915 2905 2973; x_wconf 86' lang='lat' dir='ltr'><strong>Maledicta</strong></span> <span class='ocrx_word' id='word_1_607' title='bbox 2926 2929 3067 2974; x_wconf 90' lang='lat' dir='ltr'><strong>terra</strong></span> <span class='ocrx_word' id='word_1_608' title='bbox 3095 2922 3146 2976; x_wconf 93' lang='lat' dir='ltr'><strong>in</strong></span> <span class='ocrx_word' id='word_1_609' title='bbox 3171 2939 3344 2992; x_wconf 91' lang='lat' dir='ltr'><strong>opere</strong></span> <span class='ocrx_word' id='word_1_610' title='bbox 3364 2937 3452 2980; x_wconf 91' lang='lat' dir='ltr'><strong>tuo</strong></span> <span class='ocrx_word' id='word_1_611' title='bbox 3468 2927 3580 2997; x_wconf 79' lang='lat'><strong>(37),</strong></span> 
     </span>
    </p>
   </div>
   <div class='ocr_carea' id='block_1_81' title="bbox 2033 3002 3579 3082">
    <p class='ocr_par' dir='ltr' id='par_1_81' title="bbox 2033 3002 3579 3082">
     <span class='ocr_line' id='line_1_81' title="bbox 2033 3002 3579 3082; baseline 0.014 -32"><span class='ocrx_word' id='word_1_612' title='bbox 2033 3013 2153 3067; x_wconf 68' lang='lat' dir='ltr'><strong>qua:</strong></span> <span class='ocrx_word' id='word_1_613' title='bbox 2183 3002 2399 3070; x_wconf 91' lang='lat' dir='ltr'><strong>aperuit</strong></span> <span class='ocrx_word' id='word_1_614' title='bbox 2428 3018 2490 3059; x_wconf 91' lang='lat' dir='ltr'><strong>os</strong></span> <span class='ocrx_word' id='word_1_615' title='bbox 2511 3020 2668 3060; x_wconf 87' lang='lat' dir='ltr'><strong>suum</strong></span> <span class='ocrx_word' id='word_1_616' title='bbox 2701 3012 3079 3079; x_wconf 88' lang='lat' dir='ltr'><strong>utsusciperet</strong></span> <span class='ocrx_word' id='word_1_617' title='bbox 3125 3019 3453 3082; x_wconf 87' lang='lat' dir='ltr'><strong>sanguinem</strong></span> <span class='ocrx_word' id='word_1_618' title='bbox 3489 3018 3579 3072; x_wconf 83' lang='lat' dir='ltr'><strong>fra-</strong></span> 
     </span>
    </p>
   </div>
   <div class='ocr_carea' id='block_1_82' title="bbox 2042 3090 3581 3171">
    <p class='ocr_par' dir='ltr' id='par_1_82' title="bbox 2042 3090 3581 3171">
     <span class='ocr_line' id='line_1_82' title="bbox 2042 3090 3581 3171; baseline 0.011 -28"><span class='ocrx_word' id='word_1_619' title='bbox 2042 3090 2139 3144; x_wconf 92' lang='lat' dir='ltr'><strong>tris</strong></span> <span class='ocrx_word' id='word_1_620' title='bbox 2171 3093 2246 3145; x_wconf 91' lang='lat' dir='ltr'><strong>tui</strong></span> <span class='ocrx_word' id='word_1_621' title='bbox 2277 3091 2344 3159; x_wconf 80' lang='lat'><strong>&quot;,</strong></span> <span class='ocrx_word' id='word_1_622' title='bbox 2384 3111 2405 3146; x_wconf 78' lang='grc' dir='ltr'><strong>ι</strong></span> <span class='ocrx_word' id='word_1_623' title='bbox 2442 3111 2546 3150; x_wconf 92' lang='lat' dir='ltr'><strong>non</strong></span> <span class='ocrx_word' id='word_1_624' title='bbox 2579 3099 2888 3153; x_wconf 86' lang='lat' dir='ltr'><strong>abundabat</strong></span> <span class='ocrx_word' id='word_1_625' title='bbox 2928 3106 3254 3171; x_wconf 80' lang='lat' dir='ltr'><strong>peccatum?</strong></span> <span class='ocrx_word' id='word_1_626' title='bbox 3284 3109 3581 3163; x_wconf 80' lang='lat' dir='ltr'><strong>Abuttdabat</strong></span> 
     </span>
    </p>
   </div>
   <div class='ocr_carea' id='block_1_83' title="bbox 2037 3179 3580 3259">
    <p class='ocr_par' dir='ltr' id='par_1_83' title="bbox 2037 3179 3580 3259">
     <span class='ocr_line' id='line_1_83' title="bbox 2037 3179 3580 3259; baseline 0.014 -28"><span class='ocrx_word' id='word_1_627' title='bbox 2037 3179 2213 3249; x_wconf 90' lang='lat' dir='ltr'><strong>plane.</strong></span> <span class='ocrx_word' id='word_1_628' title='bbox 2255 3183 2394 3251; x_wconf 88' lang='lat' dir='ltr'><strong>Quid</strong></span> <span class='ocrx_word' id='word_1_629' title='bbox 2419 3187 2564 3241; x_wconf 89' lang='lat' dir='ltr'><strong>enim</strong></span> <span class='ocrx_word' id='word_1_630' title='bbox 2593 3203 2713 3243; x_wconf 90' lang='lat' dir='ltr'><strong>cum</strong></span> <span class='ocrx_word' id='word_1_631' title='bbox 2755 3189 2866 3259; x_wconf 77' lang='lat'><strong>(5‘8)</strong></span> <span class='ocrx_word' id='word_1_632' title='bbox 2897 3200 2951 3246; x_wconf 91' lang='lat' dir='ltr'><strong>et</strong></span> <span class='ocrx_word' id='word_1_633' title='bbox 2986 3195 3236 3251; x_wconf 88' lang='lat' dir='ltr'><strong>homines</strong></span> <span class='ocrx_word' id='word_1_634' title='bbox 3267 3199 3580 3253; x_wconf 85' lang='lat' dir='ltr'><strong>abundarent</strong></span> 
     </span>
    </p>
   </div>
   <div class='ocr_carea' id='block_1_84' title="bbox 2038 3271 3578 3345">
    <p class='ocr_par' dir='ltr' id='par_1_84' title="bbox 2038 3271 3578 3345">
     <span class='ocr_line' id='line_1_84' title="bbox 2038 3271 3578 3345; baseline 0.014 -22"><span class='ocrx_word' id='word_1_635' title='bbox 2038 3271 2118 3325; x_wconf 89' lang='lat' dir='ltr'><strong>vel</strong></span> <span class='ocrx_word' id='word_1_636' title='bbox 2155 3281 2285 3328; x_wconf 91' lang='lat' dir='ltr'><strong>tunc</strong></span> <span class='ocrx_word' id='word_1_637' title='bbox 2334 3290 2457 3330; x_wconf 93' lang='lat' dir='ltr'><strong>cum</strong></span> <span class='ocrx_word' id='word_1_638' title='bbox 2490 3279 2705 3333; x_wconf 89' lang='lat' dir='ltr'><strong>dicebat</strong></span> <span class='ocrx_word' id='word_1_639' title='bbox 2738 3279 2973 3338; x_wconf 81' lang='lat' dir='ltr'><strong>Lamecb</strong></span> <span class='ocrx_word' id='word_1_640' title='bbox 2999 3303 3013 3340; x_wconf 88' lang='lat'><strong>:</strong></span> <span class='ocrx_word' id='word_1_641' title='bbox 3044 3303 3065 3336; x_wconf 81' lang='grc' dir='ltr'><strong>ι</strong></span> <span class='ocrx_word' id='word_1_642' title='bbox 3100 3285 3292 3341; x_wconf 84' lang='lat' dir='ltr'><strong>Virum</strong></span> <span class='ocrx_word' id='word_1_643' title='bbox 3340 3293 3502 3344; x_wconf 86' lang='lat' dir='ltr'><strong>occidi</strong></span> <span class='ocrx_word' id='word_1_644' title='bbox 3537 3293 3578 3345; x_wconf 89' lang='lat' dir='ltr'><strong>iu</strong></span> 
     </span>
    </p>
   </div>
   <div class='ocr_carea' id='block_1_85' title="bbox 2035 3364 3577 3440">
    <p class='ocr_par' dir='ltr' id='par_1_85' title="bbox 2035 3364 3577 3440">
     <span class='ocr_line' id='line_1_85' title="bbox 2035 3364 3577 3440; baseline 0.013 -25"><span class='ocrx_word' id='word_1_645' title='bbox 2035 3364 2258 3422; x_wconf 89' lang='lat' dir='ltr'><strong>vulnere</strong></span> <span class='ocrx_word' id='word_1_646' title='bbox 2285 3384 2422 3434; x_wconf 90' lang='lat' dir='ltr'><strong>meo,</strong></span> <span class='ocrx_word' id='word_1_647' title='bbox 2459 3380 2514 3424; x_wconf 91' lang='lat' dir='ltr'><strong>et</strong></span> <span class='ocrx_word' id='word_1_648' title='bbox 2530 3369 2782 3440; x_wconf 86' lang='lat' dir='ltr'><strong>juvenem</strong></span> <span class='ocrx_word' id='word_1_649' title='bbox 2815 3375 2867 3429; x_wconf 91' lang='lat' dir='ltr'><strong>in</strong></span> <span class='ocrx_word' id='word_1_650' title='bbox 2902 3375 3072 3432; x_wconf 89' lang='lat' dir='ltr'><strong>livore</strong></span> <span class='ocrx_word' id='word_1_651' title='bbox 3099 3394 3220 3434; x_wconf 91' lang='lat' dir='ltr'><strong>meo</strong></span> <span class='ocrx_word' id='word_1_652' title='bbox 3241 3380 3268 3434; x_wconf 85' lang='lat'><strong>?</strong></span> <span class='ocrx_word' id='word_1_653' title='bbox 3291 3380 3363 3435; x_wconf 85' lang='lat' dir='ltr'><strong>Et</strong></span> <span class='ocrx_word' id='word_1_654' title='bbox 3390 3383 3450 3436; x_wconf 89' lang='lat' dir='ltr'><strong>de</strong></span> <span class='ocrx_word' id='word_1_655' title='bbox 3468 3383 3577 3437; x_wconf 87' lang='lat' dir='ltr'><strong>Cain</strong></span> 
     </span>
    </p>
   </div>
   <div class='ocr_carea' id='block_1_86' title="bbox 2036 3457 3578 3536">
    <p class='ocr_par' dir='ltr' id='par_1_86' title="bbox 2036 3457 3578 3536">
     <span class='ocr_line' id='line_1_86' title="bbox 2036 3457 3578 3536; baseline 0.011 -27"><span class='ocrx_word' id='word_1_656' title='bbox 2036 3457 2250 3525; x_wconf 90' lang='lat' dir='ltr'><strong>quidem</strong></span> <span class='ocrx_word' id='word_1_657' title='bbox 2301 3460 2630 3517; x_wconf 88' lang='lat' dir='ltr'><strong>vindicatum</strong></span> <span class='ocrx_word' id='word_1_658' title='bbox 2681 3478 2764 3520; x_wconf 92' lang='lat' dir='ltr'><strong>est</strong></span> <span class='ocrx_word' id='word_1_659' title='bbox 2804 3469 3024 3536; x_wconf 88' lang='lat' dir='ltr'><strong>septies,</strong></span> <span class='ocrx_word' id='word_1_660' title='bbox 3067 3471 3133 3525; x_wconf 88' lang='lat' dir='ltr'><strong>de</strong></span> <span class='ocrx_word' id='word_1_661' title='bbox 3180 3470 3423 3529; x_wconf 89' lang='lat' dir='ltr'><strong>Lamecb</strong></span> <span class='ocrx_word' id='word_1_662' title='bbox 3473 3490 3578 3528; x_wconf 87' lang='lat' dir='ltr'><strong>vero</strong></span> 
     </span>
    </p>
   </div>
   <div class='ocr_carea' id='block_1_87' title="bbox 2035 3550 3579 3632">
    <p class='ocr_par' dir='ltr' id='par_1_87' title="bbox 2035 3550 3579 3632">
     <span class='ocr_line' id='line_1_87' title="bbox 2035 3550 3579 3632; baseline 0.01 -31"><span class='ocrx_word' id='word_1_663' title='bbox 2035 3550 2338 3619; x_wconf 86' lang='lat' dir='ltr'><strong>septuagies</strong></span> <span class='ocrx_word' id='word_1_664' title='bbox 2368 3555 2568 3622; x_wconf 88' lang='lat' dir='ltr'><strong>septies</strong></span> <span class='ocrx_word' id='word_1_665' title='bbox 2589 3556 2655 3608; x_wconf 84' lang='lat'><strong>’°.</strong></span> <span class='ocrx_word' id='word_1_666' title='bbox 2683 3576 2701 3608; x_wconf 73' lang='grc' dir='ltr'><strong>ι</strong></span> <span class='ocrx_word' id='word_1_667' title='bbox 2734 3556 2844 3612; x_wconf 83' lang='lat' dir='ltr'><strong>Noe</strong></span> <span class='ocrx_word' id='word_1_668' title='bbox 2879 3574 3008 3614; x_wconf 89' lang='lat' dir='ltr'><strong>vero</strong></span> <span class='ocrx_word' id='word_1_669' title='bbox 3043 3565 3384 3632; x_wconf 88' lang='lat' dir='ltr'><strong>temporibus</strong></span> <span class='ocrx_word' id='word_1_670' title='bbox 3409 3565 3456 3618; x_wconf 92' lang='lat' dir='ltr'><strong>in</strong></span> <span class='ocrx_word' id='word_1_671' title='bbox 3481 3577 3579 3619; x_wconf 89' lang='lat' dir='ltr'><strong>tan-</strong></span> 
     </span>
    </p>
   </div>
   <div class='ocr_carea' id='block_1_88' title="bbox 2038 3643 3579 3723">
    <p class='ocr_par' dir='ltr' id='par_1_88' title="bbox 2038 3643 3579 3723">
     <span class='ocr_line' id='line_1_88' title="bbox 2038 3643 3579 3723; baseline 0.01 -31"><span class='ocrx_word' id='word_1_672' title='bbox 2038 3648 2147 3693; x_wconf 88' lang='lat' dir='ltr'><strong>ttuu</strong></span> <span class='ocrx_word' id='word_1_673' title='bbox 2175 3643 2470 3699; x_wconf 80' lang='lat' dir='ltr'><strong>abundavit</strong></span> <span class='ocrx_word' id='word_1_674' title='bbox 2497 3646 2770 3714; x_wconf 90' lang='lat' dir='ltr'><strong>delictum,</strong></span> <span class='ocrx_word' id='word_1_675' title='bbox 2802 3659 2861 3703; x_wconf 93' lang='lat' dir='ltr'><strong>ut</strong></span> <span class='ocrx_word' id='word_1_676' title='bbox 2893 3669 2912 3702; x_wconf 82' lang='grc' dir='ltr'><strong>ι</strong></span> <span class='ocrx_word' id='word_1_677' title='bbox 2945 3653 3154 3714; x_wconf 85' lang='lat' dir='ltr'><strong>videns,</strong></span> <span class='ocrx_word' id='word_1_678' title='bbox 3185 3655 3387 3723; x_wconf 90' lang='lat' dir='ltr'><strong>inquit,</strong></span> <span class='ocrx_word' id='word_1_679' title='bbox 3424 3657 3579 3710; x_wconf 87' lang='lat' dir='ltr'><strong>Domi-</strong></span> 
     </span>
    </p>
   </div>
   <div class='ocr_carea' id='block_1_89' title="bbox 2036 3735 3579 3817">
    <p class='ocr_par' dir='ltr' id='par_1_89' title="bbox 2036 3735 3579 3817">
     <span class='ocr_line' id='line_1_89' title="bbox 2036 3735 3579 3817; baseline 0.011 -33"><span class='ocrx_word' id='word_1_680' title='bbox 2036 3747 2138 3786; x_wconf 90' lang='lat' dir='ltr'><strong>nus</strong></span> <span class='ocrx_word' id='word_1_681' title='bbox 2163 3735 2286 3802; x_wconf 91' lang='lat' dir='ltr'><strong>quia</strong></span> <span class='ocrx_word' id='word_1_682' title='bbox 2318 3737 2685 3807; x_wconf 71' lang='lat' dir='ltr'><strong>multiplicatae</strong></span> <span class='ocrx_word' id='word_1_683' title='bbox 2715 3753 2844 3796; x_wconf 85' lang='lat' dir='ltr'><strong>sunt</strong></span> <span class='ocrx_word' id='word_1_684' title='bbox 2873 3743 3090 3800; x_wconf 68' lang='lat' dir='ltr'><strong>malitia:</strong></span> <span class='ocrx_word' id='word_1_685' title='bbox 3130 3747 3420 3801; x_wconf 85' lang='lat' dir='ltr'><strong>hominum</strong></span> <span class='ocrx_word' id='word_1_686' title='bbox 3443 3764 3579 3817; x_wconf 85' lang='lat' dir='ltr'><strong>super</strong></span> 
     </span>
    </p>
   </div>
   <div class='ocr_carea' id='block_1_90' title="bbox 2034 3829 3575 3910">
    <p class='ocr_par' dir='ltr' id='par_1_90' title="bbox 2034 3829 3575 3910">
     <span class='ocr_line' id='line_1_90' title="bbox 2034 3829 3575 3910; baseline 0.012 -36"><span class='ocrx_word' id='word_1_687' title='bbox 2034 3829 2257 3890; x_wconf 88' lang='lat' dir='ltr'><strong>terram,</strong></span> <span class='ocrx_word' id='word_1_688' title='bbox 2281 3835 2334 3880; x_wconf 93' lang='lat' dir='ltr'><strong>et</strong></span> <span class='ocrx_word' id='word_1_689' title='bbox 2362 3831 2539 3885; x_wconf 90' lang='lat' dir='ltr'><strong>omnis</strong></span> <span class='ocrx_word' id='word_1_690' title='bbox 2574 3831 2735 3888; x_wconf 90' lang='lat' dir='ltr'><strong>homo</strong></span> <span class='ocrx_word' id='word_1_691' title='bbox 2773 3851 2867 3889; x_wconf 90' lang='lat' dir='ltr'><strong>cor</strong></span> <span class='ocrx_word' id='word_1_692' title='bbox 2904 3851 3057 3891; x_wconf 90' lang='lat' dir='ltr'><strong>suum</strong></span> <span class='ocrx_word' id='word_1_693' title='bbox 3098 3838 3395 3909; x_wconf 84' lang='lat' dir='ltr'><strong>diligenter</strong></span> <span class='ocrx_word' id='word_1_694' title='bbox 3431 3856 3575 3910; x_wconf 89' lang='lat' dir='ltr'><strong>appo-</strong></span> 
     </span>
    </p>
   </div>
   <div class='ocr_carea' id='block_1_91' title="bbox 2033 3912 3576 4000">
    <p class='ocr_par' dir='ltr' id='par_1_91' title="bbox 2033 3912 3576 4000">
     <span class='ocr_line' id='line_1_91' title="bbox 2033 3912 3576 4000; baseline 0.01 -35"><span class='ocrx_word' id='word_1_695' title='bbox 2033 3912 2138 3965; x_wconf 89' lang='lat' dir='ltr'><strong>suit</strong></span> <span class='ocrx_word' id='word_1_696' title='bbox 2176 3914 2226 3967; x_wconf 93' lang='lat' dir='ltr'><strong>in</strong></span> <span class='ocrx_word' id='word_1_697' title='bbox 2251 3916 2453 3972; x_wconf 89' lang='lat' dir='ltr'><strong>malitia</strong></span> <span class='ocrx_word' id='word_1_698' title='bbox 2484 3922 2733 3977; x_wconf 91' lang='lat' dir='ltr'><strong>omnibus</strong></span> <span class='ocrx_word' id='word_1_699' title='bbox 2755 3924 2941 3979; x_wconf 88' lang='lat' dir='ltr'><strong>diebus</strong></span> <span class='ocrx_word' id='word_1_700' title='bbox 2972 3926 3093 3981; x_wconf 70' lang='lat' dir='ltr'><strong>vitae</strong></span> <span class='ocrx_word' id='word_1_701' title='bbox 3112 3942 3246 3992; x_wconf 59' lang='lat' dir='ltr'><strong>sum,</strong></span> <span class='ocrx_word' id='word_1_702' title='bbox 3282 3930 3576 4000; x_wconf 83' lang='lat' dir='ltr'><strong>recogitavit</strong></span> 
     </span>
    </p>
   </div>
   <div class='ocr_carea' id='block_1_92' title="bbox 2035 4002 3578 4088">
    <p class='ocr_par' dir='ltr' id='par_1_92' title="bbox 2035 4002 3578 4088">
     <span class='ocr_line' id='line_1_92' title="bbox 2035 4002 3578 4088; baseline 0.011 -33"><span class='ocrx_word' id='word_1_703' title='bbox 2035 4002 2290 4060; x_wconf 92' lang='lat' dir='ltr'><strong>Dominus</strong></span> <span class='ocrx_word' id='word_1_704' title='bbox 2323 4008 2450 4077; x_wconf 92' lang='lat' dir='ltr'><strong>quia</strong></span> <span class='ocrx_word' id='word_1_705' title='bbox 2488 4011 2691 4066; x_wconf 85' lang='lat' dir='ltr'><strong>fecerat</strong></span> <span class='ocrx_word' id='word_1_706' title='bbox 2745 4015 3017 4071; x_wconf 89' lang='lat' dir='ltr'><strong>hominem</strong></span> <span class='ocrx_word' id='word_1_707' title='bbox 3075 4033 3244 4088; x_wconf 89' lang='lat' dir='ltr'><strong>super</strong></span> <span class='ocrx_word' id='word_1_708' title='bbox 3285 4031 3499 4082; x_wconf 87' lang='lat' dir='ltr'><strong>terram,</strong></span> <span class='ocrx_word' id='word_1_709' title='bbox 3533 4031 3578 4073; x_wconf 86' lang='lat' dir='ltr'><strong>et</strong></span> 
     </span>
    </p>
   </div>
   <div class='ocr_carea' id='block_1_93' title="bbox 2033 4098 3570 4173">
    <p class='ocr_par' dir='ltr' id='par_1_93' title="bbox 2033 4098 3570 4173">
     <span class='ocr_line' id='line_1_93' title="bbox 2033 4098 3570 4173; baseline 0.009 -23"><span class='ocrx_word' id='word_1_710' title='bbox 2033 4098 2283 4164; x_wconf 78' lang='lat' dir='ltr'><strong>pteuituit</strong></span> <span class='ocrx_word' id='word_1_711' title='bbox 2325 4099 2380 4155; x_wconf 92' lang='lat' dir='ltr'><strong>in</strong></span> <span class='ocrx_word' id='word_1_712' title='bbox 2418 4105 2582 4160; x_wconf 91' lang='lat' dir='ltr'><strong>corde</strong></span> <span class='ocrx_word' id='word_1_713' title='bbox 2607 4120 2728 4173; x_wconf 91' lang='lat' dir='ltr'><strong>suo,</strong></span> <span class='ocrx_word' id='word_1_714' title='bbox 2774 4117 2830 4162; x_wconf 91' lang='lat' dir='ltr'><strong>et</strong></span> <span class='ocrx_word' id='word_1_715' title='bbox 2875 4109 3011 4163; x_wconf 78' lang='lat' dir='ltr'><strong>dixit</strong></span> <span class='ocrx_word' id='word_1_716' title='bbox 3041 4128 3056 4164; x_wconf 91' lang='lat'><strong>:</strong></span> <span class='ocrx_word' id='word_1_717' title='bbox 3089 4110 3295 4168; x_wconf 87' lang='lat' dir='ltr'><strong>Delebo</strong></span> <span class='ocrx_word' id='word_1_718' title='bbox 3324 4114 3570 4168; x_wconf 87' lang='lat' dir='ltr'><strong>hominem</strong></span> 
     </span>
    </p>
   </div>
   <div class='ocr_carea' id='block_1_94' title="bbox 2031 4188 3570 4278">
    <p class='ocr_par' dir='ltr' id='par_1_94' title="bbox 2031 4188 3570 4278">
     <span class='ocr_line' id='line_1_94' title="bbox 2031 4188 3570 4278; baseline 0.018 -39"><span class='ocrx_word' id='word_1_719' title='bbox 2031 4201 2187 4253; x_wconf 87' lang='lat' dir='ltr'><strong>quem</strong></span> <span class='ocrx_word' id='word_1_720' title='bbox 2212 4188 2313 4246; x_wconf 87' lang='lat' dir='ltr'><strong>feci</strong></span> <span class='ocrx_word' id='word_1_721' title='bbox 2345 4207 2374 4246; x_wconf 89' lang='lat' dir='ltr'><strong>a</strong></span> <span class='ocrx_word' id='word_1_722' title='bbox 2403 4191 2538 4250; x_wconf 89' lang='lat' dir='ltr'><strong>facie</strong></span> <span class='ocrx_word' id='word_1_723' title='bbox 2569 4206 2748 4263; x_wconf 70' lang='lat' dir='ltr'><strong>terrae,</strong></span> <span class='ocrx_word' id='word_1_724' title='bbox 2773 4201 2840 4254; x_wconf 90' lang='lat' dir='ltr'><strong>ab</strong></span> <span class='ocrx_word' id='word_1_725' title='bbox 2863 4200 3082 4258; x_wconf 90' lang='lat' dir='ltr'><strong>homine</strong></span> <span class='ocrx_word' id='word_1_726' title='bbox 3111 4219 3288 4274; x_wconf 88' lang='lat' dir='ltr'><strong>usque</strong></span> <span class='ocrx_word' id='word_1_727' title='bbox 3323 4207 3390 4259; x_wconf 93' lang='lat' dir='ltr'><strong>ad</strong></span> <span class='ocrx_word' id='word_1_728' title='bbox 3410 4221 3570 4278; x_wconf 65' lang='lat' dir='ltr'><strong>pecus,</strong></span> 
     </span>
    </p>
   </div>
   <div class='ocr_carea' id='block_1_95' title="bbox 2031 4281 3573 4364">
    <p class='ocr_par' dir='ltr' id='par_1_95' title="bbox 2031 4281 3573 4364">
     <span class='ocr_line' id='line_1_95' title="bbox 2031 4281 3573 4364; baseline 0.01 -36"><span class='ocrx_word' id='word_1_729' title='bbox 2031 4286 2084 4329; x_wconf 82' lang='lat' dir='ltr'><strong>et</strong></span> <span class='ocrx_word' id='word_1_730' title='bbox 2107 4295 2134 4329; x_wconf 74' lang='grc' dir='ltr'>ει</span> <span class='ocrx_word' id='word_1_731' title='bbox 2164 4281 2444 4350; x_wconf 83' lang='lat' dir='ltr'><strong>reptilibus</strong></span> <span class='ocrx_word' id='word_1_732' title='bbox 2466 4299 2636 4356; x_wconf 89' lang='lat' dir='ltr'><strong>usque</strong></span> <span class='ocrx_word' id='word_1_733' title='bbox 2661 4289 2727 4342; x_wconf 86' lang='lat' dir='ltr'><strong>ad</strong></span> <span class='ocrx_word' id='word_1_734' title='bbox 2757 4305 2882 4345; x_wconf 87' lang='lat' dir='ltr'><strong>aves</strong></span> <span class='ocrx_word' id='word_1_735' title='bbox 2913 4291 3064 4358; x_wconf 68' lang='lat' dir='ltr'><strong>caeli,</strong></span> <span class='ocrx_word' id='word_1_736' title='bbox 3094 4294 3353 4363; x_wconf 89' lang='lat' dir='ltr'><strong>quoniam</strong></span> <span class='ocrx_word' id='word_1_737' title='bbox 3373 4293 3573 4364; x_wconf 74' lang='lat' dir='ltr'><strong>pteuitet</strong></span> 
     </span>
    </p>
   </div>
   <div class='ocr_carea' id='block_1_96' title="bbox 2032 4373 3566 4447">
    <p class='ocr_par' dir='ltr' id='par_1_96' title="bbox 2032 4373 3566 4447">
     <span class='ocr_line' id='line_1_96' title="bbox 2032 4373 3566 4447; baseline 0.008 -25"><span class='ocrx_word' id='word_1_738' title='bbox 2032 4387 2117 4424; x_wconf 89' lang='lat' dir='ltr'><strong>me</strong></span> <span class='ocrx_word' id='word_1_739' title='bbox 2155 4374 2292 4441; x_wconf 89' lang='lat' dir='ltr'><strong>quod</strong></span> <span class='ocrx_word' id='word_1_740' title='bbox 2319 4373 2540 4431; x_wconf 89' lang='lat' dir='ltr'><strong>fecerim</strong></span> <span class='ocrx_word' id='word_1_741' title='bbox 2559 4393 2652 4432; x_wconf 88' lang='lat' dir='ltr'><strong>eos</strong></span> <span class='ocrx_word' id='word_1_742' title='bbox 2674 4380 2743 4432; x_wconf 72' lang='grc' dir='ltr'>οι.</span> <span class='ocrx_word' id='word_1_743' title='bbox 2777 4398 2796 4432; x_wconf 80' lang='grc' dir='ltr'><strong>ι</strong></span> <span class='ocrx_word' id='word_1_744' title='bbox 2823 4381 2889 4435; x_wconf 85' lang='grc' dir='ltr'>Ει</span> <span class='ocrx_word' id='word_1_745' title='bbox 2928 4383 3148 4447; x_wconf 90' lang='lat' dir='ltr'><strong>iterum,</strong></span> <span class='ocrx_word' id='word_1_746' title='bbox 3180 4400 3307 4439; x_wconf 90' lang='lat' dir='ltr'><strong>cum</strong></span> <span class='ocrx_word' id='word_1_747' title='bbox 3344 4387 3566 4440; x_wconf 88' lang='lat' dir='ltr'><strong>dicitur:</strong></span> 
     </span>
    </p>
   </div>
   <div class='ocr_carea' id='block_1_97' title="bbox 2036 4462 3569 4543">
    <p class='ocr_par' dir='ltr' id='par_1_97' title="bbox 2036 4462 3569 4543">
     <span class='ocr_line' id='line_1_97' title="bbox 2036 4462 3569 4543; baseline 0.01 -28"><span class='ocrx_word' id='word_1_748' title='bbox 2036 4481 2055 4510; x_wconf 76' lang='grc' dir='ltr'><strong>ι</strong></span> <span class='ocrx_word' id='word_1_749' title='bbox 2089 4462 2350 4534; x_wconf 89' lang='lat' dir='ltr'><strong>Corrupta</strong></span> <span class='ocrx_word' id='word_1_750' title='bbox 2381 4477 2466 4522; x_wconf 91' lang='lat' dir='ltr'><strong>est</strong></span> <span class='ocrx_word' id='word_1_751' title='bbox 2513 4478 2656 4524; x_wconf 87' lang='lat' dir='ltr'><strong>terra</strong></span> <span class='ocrx_word' id='word_1_752' title='bbox 2687 4471 2740 4525; x_wconf 91' lang='lat' dir='ltr'><strong>in</strong></span> <span class='ocrx_word' id='word_1_753' title='bbox 2794 4485 3086 4543; x_wconf 87' lang='lat' dir='ltr'><strong>conspectu</strong></span> <span class='ocrx_word' id='word_1_754' title='bbox 3119 4475 3366 4543; x_wconf 91' lang='lat' dir='ltr'><strong>Domini,</strong></span> <span class='ocrx_word' id='word_1_755' title='bbox 3406 4488 3458 4533; x_wconf 92' lang='lat' dir='ltr'><strong>et</strong></span> <span class='ocrx_word' id='word_1_756' title='bbox 3501 4494 3569 4531; x_wconf 87' lang='lat' dir='ltr'><strong>rc-</strong></span> 
     </span>
    </p>
   </div>
   <div class='ocr_carea' id='block_1_98' title="bbox 2031 4555 3565 4631">
    <p class='ocr_par' dir='ltr' id='par_1_98' title="bbox 2031 4555 3565 4631">
     <span class='ocr_line' id='line_1_98' title="bbox 2031 4555 3565 4631; baseline 0.007 -24"><span class='ocrx_word' id='word_1_757' title='bbox 2031 4555 2169 4622; x_wconf 90' lang='lat' dir='ltr'><strong>pleta</strong></span> <span class='ocrx_word' id='word_1_758' title='bbox 2199 4567 2282 4612; x_wconf 91' lang='lat' dir='ltr'><strong>est</strong></span> <span class='ocrx_word' id='word_1_759' title='bbox 2315 4567 2458 4612; x_wconf 91' lang='lat' dir='ltr'><strong>terra</strong></span> <span class='ocrx_word' id='word_1_760' title='bbox 2487 4559 2884 4631; x_wconf 90' lang='lat' dir='ltr'><strong>iniquitatibus.</strong></span> <span class='ocrx_word' id='word_1_761' title='bbox 2914 4566 2978 4619; x_wconf 79' lang='lat' dir='ltr'><strong>Et</strong></span> <span class='ocrx_word' id='word_1_762' title='bbox 3011 4567 3144 4620; x_wconf 90' lang='lat' dir='ltr'><strong>vidit</strong></span> <span class='ocrx_word' id='word_1_763' title='bbox 3191 4566 3337 4623; x_wconf 89' lang='lat' dir='ltr'><strong>Deus</strong></span> <span class='ocrx_word' id='word_1_764' title='bbox 3368 4579 3565 4629; x_wconf 88' lang='lat' dir='ltr'><strong>terram,</strong></span> 
     </span>
    </p>
   </div>
   <div class='ocr_carea' id='block_1_99' title="bbox 2025 4657 3568 4732">
    <p class='ocr_par' dir='ltr' id='par_1_99' title="bbox 2025 4657 3568 4732">
     <span class='ocr_line' id='line_1_99' title="bbox 2025 4657 3568 4732; baseline 0.011 -31"><span class='ocrx_word' id='word_1_765' title='bbox 2025 4659 2079 4701; x_wconf 89' lang='lat' dir='ltr'><strong>et</strong></span> <span class='ocrx_word' id='word_1_766' title='bbox 2103 4660 2216 4704; x_wconf 90' lang='lat' dir='ltr'><strong>erat</strong></span> <span class='ocrx_word' id='word_1_767' title='bbox 2243 4664 2500 4724; x_wconf 89' lang='lat' dir='ltr'><strong>corrupta</strong></span> <span class='ocrx_word' id='word_1_768' title='bbox 2541 4657 2718 4724; x_wconf 84' lang='lat' dir='ltr'><strong>valde,</strong></span> <span class='ocrx_word' id='word_1_769' title='bbox 2750 4661 2876 4728; x_wconf 91' lang='lat' dir='ltr'><strong>quia</strong></span> <span class='ocrx_word' id='word_1_770' title='bbox 2909 4675 3230 4732; x_wconf 88' lang='lat' dir='ltr'><strong>corruperat</strong></span> <span class='ocrx_word' id='word_1_771' title='bbox 3259 4667 3436 4720; x_wconf 90' lang='lat' dir='ltr'><strong>omnis</strong></span> <span class='ocrx_word' id='word_1_772' title='bbox 3463 4679 3568 4719; x_wconf 87' lang='lat' dir='ltr'><strong>caro</strong></span> 
     </span>
    </p>
   </div>
   <div class='ocr_carea' id='block_1_100' title="bbox 2029 4745 3567 4828">
    <p class='ocr_par' dir='ltr' id='par_1_100' title="bbox 2029 4745 3567 4828">
     <span class='ocr_line' id='line_1_100' title="bbox 2029 4745 3567 4828; baseline 0.012 -34"><span class='ocrx_word' id='word_1_773' title='bbox 2029 4745 2170 4797; x_wconf 89' lang='lat' dir='ltr'><strong>viam</strong></span> <span class='ocrx_word' id='word_1_774' title='bbox 2200 4759 2352 4800; x_wconf 87' lang='lat' dir='ltr'><strong>suam</strong></span> <span class='ocrx_word' id='word_1_775' title='bbox 2379 4762 2542 4818; x_wconf 87' lang='lat' dir='ltr'><strong>super</strong></span> <span class='ocrx_word' id='word_1_776' title='bbox 2575 4759 2776 4805; x_wconf 89' lang='lat' dir='ltr'><strong>terram</strong></span> <span class='ocrx_word' id='word_1_777' title='bbox 2800 4755 2865 4808; x_wconf 83' lang='lat'><strong>”.</strong></span> <span class='ocrx_word' id='word_1_778' title='bbox 2894 4773 2912 4806; x_wconf 83' lang='grc' dir='ltr'><strong>ι</strong></span> <span class='ocrx_word' id='word_1_779' title='bbox 2946 4756 3078 4822; x_wconf 90' lang='lat' dir='ltr'><strong>Quis</strong></span> <span class='ocrx_word' id='word_1_780' title='bbox 3107 4773 3236 4828; x_wconf 86' lang='lat' dir='ltr'><strong>ergo</strong></span> <span class='ocrx_word' id='word_1_781' title='bbox 3269 4771 3354 4814; x_wconf 90' lang='lat' dir='ltr'><strong>est</strong></span> <span class='ocrx_word' id='word_1_782' title='bbox 3384 4762 3451 4815; x_wconf 89' lang='lat' dir='ltr'><strong>ita</strong></span> <span class='ocrx_word' id='word_1_783' title='bbox 3474 4771 3567 4813; x_wconf 49' lang='lat' dir='ltr'><strong>stoc</strong></span> 
     </span>
    </p>
   </div>
   <div class='ocr_carea' id='block_1_101' title="bbox 423 4886 1983 4959">
    <p class='ocr_par' dir='ltr' id='par_1_101' title="bbox 423 4887 1983 4959">
     <span class='ocr_line' id='line_1_101' title="bbox 423 4887 1983 4959; baseline 0.005 -22"><span class='ocrx_word' id='word_1_784' title='bbox 423 4887 470 4959; x_wconf 16' lang='grc' dir='ltr'><strong>τῖε</strong></span> <span class='ocrx_word' id='word_1_785' title='bbox 485 4888 718 4948; x_wconf 76' lang='lat' dir='ltr'><strong>Rom.v.</strong></span> <span class='ocrx_word' id='word_1_786' title='bbox 738 4888 828 4943; x_wconf 83' lang='grc'><strong>19.</strong></span> <span class='ocrx_word' id='word_1_787' title='bbox 888 4890 934 4922; x_wconf 72' lang='grc' dir='ltr'><strong>τ’</strong></span> <span class='ocrx_word' id='word_1_788' title='bbox 958 4889 1145 4945; x_wconf 91' lang='lat' dir='ltr'><strong>Matth.</strong></span> <span class='ocrx_word' id='word_1_789' title='bbox 1166 4890 1407 4954; x_wconf 72' lang='lat' dir='ltr'><strong>x1u,t7;</strong></span> <span class='ocrx_word' id='word_1_790' title='bbox 1447 4890 1578 4944; x_wconf 86' lang='lat' dir='ltr'><strong>Luc.</strong></span> <span class='ocrx_word' id='word_1_791' title='bbox 1607 4890 1770 4954; x_wconf 51' lang='grc' dir='ltr'>Σάι.</span> <span class='ocrx_word' id='word_1_792' title='bbox 1844 4891 1890 4922; x_wconf 75' lang='grc' dir='ltr'><strong>⁸ο</strong></span> <span class='ocrx_word' id='word_1_793' title='bbox 1909 4891 1983 4945; x_wconf 83' lang='lat' dir='ltr'><strong>Ro</strong></span> 
     </span>
    </p>
   </div>
   <div class='ocr_carea' id='block_1_102' title="bbox 2092 4886 3564 4959">
    <p class='ocr_par' dir='ltr' id='par_1_102' title="bbox 2097 4886 3564 4959">
     <span class='ocr_line' id='line_1_102' title="bbox 2097 4886 3564 4959; baseline 0.004 -18"><span class='ocrx_word' id='word_1_794' title='bbox 2097 4904 2148 4951; x_wconf 89' lang='lat' dir='ltr'><strong>v,</strong></span> <span class='ocrx_word' id='word_1_795' title='bbox 2179 4888 2275 4959; x_wconf 33' lang='grc' dir='ltr'><strong>19ἐ</strong></span> <span class='ocrx_word' id='word_1_796' title='bbox 2329 4886 2417 4959; x_wconf 75' lang='lat' dir='ltr'><strong>°‘_l</strong></span> <span class='ocrx_word' id='word_1_797' title='bbox 2436 4886 2574 4941; x_wconf 88' lang='lat' dir='ltr'><strong>Tim.</strong></span> <span class='ocrx_word' id='word_1_798' title='bbox 2600 4905 2639 4950; x_wconf 88' lang='lat' dir='ltr'><strong>l,</strong></span> <span class='ocrx_word' id='word_1_799' title='bbox 2663 4888 2746 4942; x_wconf 85' lang='lat' dir='ltr'><strong>l5.</strong></span> <span class='ocrx_word' id='word_1_800' title='bbox 2821 4891 3058 4946; x_wconf 76' lang='lat' dir='ltr'><strong>“Galat.</strong></span> <span class='ocrx_word' id='word_1_801' title='bbox 3080 4910 3121 4958; x_wconf 90' lang='lat' dir='ltr'><strong>I,</strong></span> <span class='ocrx_word' id='word_1_802' title='bbox 3150 4895 3252 4959; x_wconf 72' lang='lat' dir='ltr'><strong>i5;</strong></span> <span class='ocrx_word' id='word_1_803' title='bbox 3279 4896 3404 4950; x_wconf 84' lang='lat' dir='ltr'><strong>Act.</strong></span> <span class='ocrx_word' id='word_1_804' title='bbox 3431 4913 3497 4956; x_wconf 78' lang='grc' dir='ltr'>ιι,</span> <span class='ocrx_word' id='word_1_805' title='bbox 3519 4897 3564 4949; x_wconf 70' lang='lat'><strong>‘2.</strong></span> 
     </span>
    </p>
   </div>
   <div class='ocr_carea' id='block_1_103' title="bbox 352 4957 747 5022">
    <p class='ocr_par' dir='ltr' id='par_1_103' title="bbox 352 4957 747 5022">
     <span class='ocr_line' id='line_1_103' title="bbox 352 4957 747 5022; baseline -0.005 -8"><span class='ocrx_word' id='word_1_806' title='bbox 352 4957 398 4988; x_wconf 84' lang='grc'><strong><em>⁸³</em></strong></span> <span class='ocrx_word' id='word_1_807' title='bbox 424 4958 561 5014; x_wconf 87' lang='lat' dir='ltr'><strong>Gen.</strong></span> <span class='ocrx_word' id='word_1_808' title='bbox 591 4975 664 5022; x_wconf 83' lang='lat' dir='ltr'><strong>tv,</strong></span> <span class='ocrx_word' id='word_1_809' title='bbox 695 4960 747 5013; x_wconf 90' lang='lat'><strong>7.</strong></span> 
     </span>
    </p>
   </div>
   <div class='ocr_carea' id='block_1_104' title="bbox 823 4957 2300 5026">
    <p class='ocr_par' dir='ltr' id='par_1_104' title="bbox 823 4957 2300 5026">
     <span class='ocr_line' id='line_1_104' title="bbox 823 4957 2300 5026; baseline -0.001 -15"><span class='ocrx_word' id='word_1_810' title='bbox 823 4959 868 4991; x_wconf 73' lang='lat'><strong>“</strong></span> <span class='ocrx_word' id='word_1_811' title='bbox 903 4960 1068 5014; x_wconf 80' lang='lat' dir='ltr'><strong>Exod.</strong></span> <span class='ocrx_word' id='word_1_812' title='bbox 1102 4976 1175 5020; x_wconf 79' lang='lat' dir='ltr'><strong>Ix.</strong></span> <span class='ocrx_word' id='word_1_813' title='bbox 1197 4960 1287 5016; x_wconf 74' lang='lat'><strong>27.</strong></span> <span class='ocrx_word' id='word_1_814' title='bbox 1349 4961 1396 4992; x_wconf 80' lang='grc'><strong>⁸⁸</strong></span> <span class='ocrx_word' id='word_1_815' title='bbox 1426 4963 1441 5014; x_wconf 92' lang='lat' dir='ltr'><strong>l</strong></span> <span class='ocrx_word' id='word_1_816' title='bbox 1466 4962 1592 5015; x_wconf 83' lang='lat' dir='ltr'><strong>Cor.</strong></span> <span class='ocrx_word' id='word_1_817' title='bbox 1625 4978 1662 5026; x_wconf 88' lang='lat' dir='ltr'><strong>I,</strong></span> <span class='ocrx_word' id='word_1_818' title='bbox 1686 4961 1772 5015; x_wconf 78' lang='lat' dir='ltr'><strong>5t).</strong></span> <span class='ocrx_word' id='word_1_819' title='bbox 1849 4961 1894 4992; x_wconf 74' lang='grc'><strong>⁸⁸⁸</strong></span> <span class='ocrx_word' id='word_1_820' title='bbox 1931 4962 2084 5015; x_wconf 78' lang='lat' dir='ltr'><strong>Rom.</strong></span> <span class='ocrx_word' id='word_1_821' title='bbox 2114 4974 2184 5017; x_wconf 85' lang='lat' dir='ltr'><strong>vt.</strong></span> <span class='ocrx_word' id='word_1_822' title='bbox 2213 4957 2300 5010; x_wconf 79' lang='grc'>17.</span> 
     </span>
    </p>
   </div>
   <div class='ocr_carea' id='block_1_105' title="bbox 2374 4957 3563 5030">
    <p class='ocr_par' dir='ltr' id='par_1_105' title="bbox 2374 4957 3563 5030">
     <span class='ocr_line' id='line_1_105' title="bbox 2374 4957 3563 5030; baseline 0.007 -22"><span class='ocrx_word' id='word_1_823' title='bbox 2374 4957 2418 4987; x_wconf 84' lang='grc'><strong>⁸⁷</strong></span> <span class='ocrx_word' id='word_1_824' title='bbox 2445 4959 2638 5028; x_wconf 82' lang='lat' dir='ltr'><strong>l’hilip.</strong></span> <span class='ocrx_word' id='word_1_825' title='bbox 2660 4975 2718 5025; x_wconf 88' lang='lat' dir='ltr'><strong>It,</strong></span> <span class='ocrx_word' id='word_1_826' title='bbox 2750 4960 2805 5013; x_wconf 89' lang='lat'><strong>8.</strong></span> <span class='ocrx_word' id='word_1_827' title='bbox 2879 4961 2924 4993; x_wconf 81' lang='grc'><strong>⁸⁸</strong></span> <span class='ocrx_word' id='word_1_828' title='bbox 2945 4957 3114 5018; x_wconf 82' lang='lat' dir='ltr'><strong>Rom.</strong></span> <span class='ocrx_word' id='word_1_829' title='bbox 3134 4981 3185 5030; x_wconf 89' lang='lat' dir='ltr'><strong>v,</strong></span> <span class='ocrx_word' id='word_1_830' title='bbox 3216 4957 3306 5020; x_wconf 66' lang='lat'><strong>20.</strong></span> <span class='ocrx_word' id='word_1_831' title='bbox 3385 4969 3427 5000; x_wconf 82' lang='grc'><strong>⁸³</strong></span> <span class='ocrx_word' id='word_1_832' title='bbox 3447 4967 3563 5022; x_wconf 78' lang='lat' dir='ltr'><strong>Gen.</strong></span> 
     </span>
    </p>
   </div>
   <div class='ocr_carea' id='block_1_106' title="bbox 352 5027 1983 5098">
    <p class='ocr_par' dir='ltr' id='par_1_106' title="bbox 352 5029 1983 5098">
     <span class='ocr_line' id='line_1_106' title="bbox 352 5029 1983 5098; baseline 0.001 -14"><span class='ocrx_word' id='word_1_833' title='bbox 352 5045 428 5096; x_wconf 82' lang='lat' dir='ltr'><strong>tv,</strong></span> <span class='ocrx_word' id='word_1_834' title='bbox 461 5031 552 5095; x_wconf 73' lang='lat' dir='ltr'><strong>ll,</strong></span> <span class='ocrx_word' id='word_1_835' title='bbox 585 5030 672 5084; x_wconf 74' lang='grc'>12.</span> <span class='ocrx_word' id='word_1_836' title='bbox 748 5029 793 5062; x_wconf 77' lang='grc' dir='ltr'><strong>ὀ</strong></span> <span class='ocrx_word' id='word_1_837' title='bbox 819 5031 949 5086; x_wconf 90' lang='lat' dir='ltr'><strong>ibid.</strong></span> <span class='ocrx_word' id='word_1_838' title='bbox 987 5031 1079 5096; x_wconf 79' lang='grc'><strong>25,</strong></span> <span class='ocrx_word' id='word_1_839' title='bbox 1107 5031 1198 5084; x_wconf 71' lang='grc'><strong>24.</strong></span> <span class='ocrx_word' id='word_1_840' title='bbox 1255 5030 1298 5062; x_wconf 81' lang='grc'><strong>³⁸</strong></span> <span class='ocrx_word' id='word_1_841' title='bbox 1326 5029 1461 5085; x_wconf 86' lang='lat' dir='ltr'><strong>Gen.</strong></span> <span class='ocrx_word' id='word_1_842' title='bbox 1493 5046 1567 5098; x_wconf 80' lang='lat' dir='ltr'><strong>vi,</strong></span> <span class='ocrx_word' id='word_1_843' title='bbox 1597 5031 1653 5097; x_wconf 85' lang='lat'><strong>5,</strong></span> <span class='ocrx_word' id='word_1_844' title='bbox 1686 5034 1739 5090; x_wconf 85' lang='lat'><strong>9.</strong></span> <span class='ocrx_word' id='word_1_845' title='bbox 1807 5031 1853 5063; x_wconf 82' lang='lat'><strong>&quot;</strong></span> <span class='ocrx_word' id='word_1_846' title='bbox 1883 5033 1983 5086; x_wconf 87' lang='lat' dir='ltr'><strong>ibid</strong></span> 
     </span>
    </p>
   </div>
   <div class='ocr_carea' id='block_1_107' title="bbox 2092 5027 2247 5098">
    <p class='ocr_par' dir='ltr' id='par_1_107' title="bbox 2092 5027 2247 5090">
     <span class='ocr_line' id='line_1_107' title="bbox 2092 5027 2247 5090; baseline -0.013 -8"><span class='ocrx_word' id='word_1_847' title='bbox 2092 5033 2132 5090; x_wconf 85' lang='grc' dir='ltr'>Ι.</span> <span class='ocrx_word' id='word_1_848' title='bbox 2163 5027 2247 5081; x_wconf 72' lang='grc'>12.</span> 
     </span>
    </p>
   </div>
   <div class='ocr_carea' id='block_1_108' title="bbox 423 5148 1046 5216">
    <p class='ocr_par' dir='ltr' id='par_1_108' title="bbox 423 5148 1046 5216">
     <span class='ocr_line' id='line_1_108' title="bbox 423 5148 1046 5216; baseline -0.005 -13"><span class='ocrx_word' id='word_1_849' title='bbox 423 5149 538 5216; x_wconf 71' lang='grc' dir='ltr'><strong>(δι)</strong></span> <span class='ocrx_word' id='word_1_850' title='bbox 577 5150 745 5212; x_wconf 89' lang='lat' dir='ltr'><strong>Alias,</strong></span> <span class='ocrx_word' id='word_1_851' title='bbox 781 5166 800 5200; x_wconf 78' lang='grc' dir='ltr'><strong>ι</strong></span> <span class='ocrx_word' id='word_1_852' title='bbox 836 5148 987 5202; x_wconf 87' lang='lat' dir='ltr'><strong>dicit.</strong></span> <span class='ocrx_word' id='word_1_853' title='bbox 1028 5166 1046 5200; x_wconf 77' lang='grc' dir='ltr'><strong>ι</strong></span> 
     </span>
    </p>
   </div>
   <div class='ocr_carea' id='block_1_109' title="bbox 423 5216 1531 5291">
    <p class='ocr_par' dir='ltr' id='par_1_109' title="bbox 423 5216 1531 5291">
     <span class='ocr_line' id='line_1_109' title="bbox 423 5216 1531 5291; baseline -0.001 -18"><span class='ocrx_word' id='word_1_854' title='bbox 423 5219 534 5291; x_wconf 74' lang='lat'><strong>(5&#39;2)</strong></span> <span class='ocrx_word' id='word_1_855' title='bbox 578 5219 741 5291; x_wconf 62' lang='lat' dir='ltr'><strong>@diti,</strong></span> <span class='ocrx_word' id='word_1_856' title='bbox 773 5236 792 5270; x_wconf 85' lang='grc' dir='ltr'><strong>ι</strong></span> <span class='ocrx_word' id='word_1_857' title='bbox 835 5219 1025 5291; x_wconf 85' lang='lat' dir='ltr'><strong>iu_hoc</strong></span> <span class='ocrx_word' id='word_1_858' title='bbox 1052 5217 1272 5291; x_wconf 86' lang='lat' dir='ltr'><strong>mundo,</strong></span> <span class='ocrx_word' id='word_1_859' title='bbox 1312 5234 1330 5268; x_wconf 85' lang='grc' dir='ltr'><strong>ι</strong></span> <span class='ocrx_word' id='word_1_860' title='bbox 1369 5216 1531 5272; x_wconf 90' lang='lat' dir='ltr'><strong>male.</strong></span> 
     </span>
    </p>
   </div>
   <div class='ocr_carea' id='block_1_110' title="bbox 422 5289 1394 5358">
    <p class='ocr_par' dir='ltr' id='par_1_110' title="bbox 422 5289 1394 5358">
     <span class='ocr_line' id='line_1_110' title="bbox 422 5289 1394 5358; baseline -0.005 -15"><span class='ocrx_word' id='word_1_861' title='bbox 422 5289 536 5358; x_wconf 59' lang='grc'>(55⁷)</span> <span class='ocrx_word' id='word_1_862' title='bbox 579 5289 741 5354; x_wconf 88' lang='lat' dir='ltr'><strong>Editi,</strong></span> <span class='ocrx_word' id='word_1_863' title='bbox 772 5307 791 5340; x_wconf 81' lang='grc' dir='ltr'><strong>ι</strong></span> <span class='ocrx_word' id='word_1_864' title='bbox 830 5289 1111 5358; x_wconf 82' lang='lat' dir='ltr'><strong>evidenter</strong></span> <span class='ocrx_word' id='word_1_865' title='bbox 1134 5290 1332 5341; x_wconf 87' lang='lat' dir='ltr'><strong>adhuc.</strong></span> <span class='ocrx_word' id='word_1_866' title='bbox 1374 5305 1394 5338; x_wconf 69' lang='grc' dir='ltr'><strong>ι</strong></span> 
     </span>
    </p>
   </div>
   <div class='ocr_carea' id='block_1_111' title="bbox 423 5357 1916 5428">
    <p class='ocr_par' dir='ltr' id='par_1_111' title="bbox 423 5357 1916 5428">
     <span class='ocr_line' id='line_1_111' title="bbox 423 5357 1916 5428; baseline 0 -16"><span class='ocrx_word' id='word_1_867' title='bbox 423 5357 535 5426; x_wconf 78' lang='grc'><strong>(54)</strong></span> <span class='ocrx_word' id='word_1_868' title='bbox 579 5361 670 5412; x_wconf 87' lang='lat' dir='ltr'><strong>Sic</strong></span> <span class='ocrx_word' id='word_1_869' title='bbox 730 5375 858 5412; x_wconf 88' lang='lat' dir='ltr'><strong>mss.</strong></span> <span class='ocrx_word' id='word_1_870' title='bbox 898 5357 1040 5411; x_wconf 87' lang='lat' dir='ltr'><strong>Editi</strong></span> <span class='ocrx_word' id='word_1_871' title='bbox 1096 5373 1247 5421; x_wconf 87' lang='lat' dir='ltr'><strong>vero,</strong></span> <span class='ocrx_word' id='word_1_872' title='bbox 1284 5373 1305 5408; x_wconf 81' lang='grc' dir='ltr'><strong>ι</strong></span> <span class='ocrx_word' id='word_1_873' title='bbox 1344 5357 1754 5428; x_wconf 84' lang='lat' dir='ltr'><strong>deprehendes;</strong></span> <span class='ocrx_word' id='word_1_874' title='bbox 1812 5371 1916 5412; x_wconf 91' lang='lat' dir='ltr'><strong>nec</strong></span> 
     </span>
    </p>
   </div>
   <div class='ocr_carea' id='block_1_112' title="bbox 354 5429 999 5497">
    <p class='ocr_par' dir='ltr' id='par_1_112' title="bbox 354 5429 999 5497">
     <span class='ocr_line' id='line_1_112' title="bbox 354 5429 999 5497; baseline 0 -17"><span class='ocrx_word' id='word_1_875' title='bbox 354 5439 532 5480; x_wconf 88' lang='lat' dir='ltr'><strong>tamen</strong></span> <span class='ocrx_word' id='word_1_876' title='bbox 558 5429 787 5497; x_wconf 91' lang='lat' dir='ltr'><strong>justum,</strong></span> <span class='ocrx_word' id='word_1_877' title='bbox 836 5447 854 5480; x_wconf 75' lang='grc' dir='ltr'><strong>ι</strong></span> <span class='ocrx_word' id='word_1_878' title='bbox 890 5440 999 5480; x_wconf 90' lang='lat' dir='ltr'><strong>etc.</strong></span> 
     </span>
    </p>
   </div>
   <div class='ocr_carea' id='block_1_113' title="bbox 421 5497 1912 5566">
    <p class='ocr_par' dir='ltr' id='par_1_113' title="bbox 421 5497 1912 5566">
     <span class='ocr_line' id='line_1_113' title="bbox 421 5497 1912 5566; baseline -0.001 -16"><span class='ocrx_word' id='word_1_879' title='bbox 421 5498 532 5566; x_wconf 61' lang='grc'>(55)</span> <span class='ocrx_word' id='word_1_880' title='bbox 573 5497 670 5550; x_wconf 82' lang='lat' dir='ltr'><strong>Ubi</strong></span> <span class='ocrx_word' id='word_1_881' title='bbox 693 5515 814 5552; x_wconf 80' lang='lat' dir='ltr'><strong>vero</strong></span> <span class='ocrx_word' id='word_1_882' title='bbox 841 5498 1187 5552; x_wconf 79' lang='lat' dir='ltr'><strong>obedientiam</strong></span> <span class='ocrx_word' id='word_1_883' title='bbox 1216 5498 1361 5565; x_wconf 81' lang='lat' dir='ltr'><strong>ponit</strong></span> <span class='ocrx_word' id='word_1_884' title='bbox 1385 5498 1564 5558; x_wconf 75' lang='lat' dir='ltr'><strong>unius.</strong></span> <span class='ocrx_word' id='word_1_885' title='bbox 1607 5514 1714 5551; x_wconf 87' lang='lat' dir='ltr'><strong>non</strong></span> <span class='ocrx_word' id='word_1_886' title='bbox 1743 5497 1912 5558; x_wconf 81' lang='lat' dir='ltr'><strong>addit,</strong></span> 
     </span>
    </p>
   </div>
   <div class='ocr_carea' id='block_1_114' title="bbox 353 5567 1914 5646">
    <p class='ocr_par' dir='ltr' id='par_1_114' title="bbox 353 5567 1914 5646">
     <span class='ocr_line' id='line_1_114' title="bbox 353 5567 1914 5646; baseline 0.001 -28"><span class='ocrx_word' id='word_1_887' title='bbox 353 5568 600 5646; x_wconf 68' lang='lat' dir='ltr'><strong>hominis,</strong></span> <span class='ocrx_word' id='word_1_888' title='bbox 626 5567 1049 5646; x_wconf 59' lang='lat' dir='ltr'><strong>perquemjuati</strong></span> <span class='ocrx_word' id='word_1_889' title='bbox 1077 5567 1618 5646; x_wconf 71' lang='lat' dir='ltr'><strong>constituenlnr_lal.,</strong></span> <span class='ocrx_word' id='word_1_890' title='bbox 1646 5568 1914 5646; x_wconf 61' lang='lat' dir='ltr'><strong>constituti</strong></span> 
     </span>
    </p>
   </div>
   <div class='ocr_carea' id='block_1_115' title="bbox 353 5634 1913 5718">
    <p class='ocr_par' dir='ltr' id='par_1_115' title="bbox 353 5634 1913 5718">
     <span class='ocr_line' id='line_1_115' title="bbox 353 5634 1913 5718; baseline 0.001 -29"><span class='ocrx_word' id='word_1_891' title='bbox 353 5634 498 5701; x_wconf 72' lang='lat' dir='ltr'><strong>sunt]</strong></span> <span class='ocrx_word' id='word_1_892' title='bbox 531 5634 698 5691; x_wconf 81' lang='lat' dir='ltr'><strong>multi.</strong></span> <span class='ocrx_word' id='word_1_893' title='bbox 731 5634 854 5692; x_wconf 71' lang='lat' dir='ltr'><strong>Han:</strong></span> <span class='ocrx_word' id='word_1_894' title='bbox 874 5634 1253 5695; x_wconf 77' lang='lat' dir='ltr'><strong>desiderantur</strong></span> <span class='ocrx_word' id='word_1_895' title='bbox 1279 5639 1330 5691; x_wconf 92' lang='lat' dir='ltr'><strong>iu</strong></span> <span class='ocrx_word' id='word_1_896' title='bbox 1362 5634 1517 5693; x_wconf 74' lang='lat' dir='ltr'><strong>libris</strong></span> <span class='ocrx_word' id='word_1_897' title='bbox 1539 5649 1696 5718; x_wconf 71' lang='lat' dir='ltr'><strong>antea</strong></span> <span class='ocrx_word' id='word_1_898' title='bbox 1728 5638 1913 5692; x_wconf 90' lang='lat' dir='ltr'><strong>editis.</strong></span> 
     </span>
    </p>
   </div>
   <div class='ocr_carea' id='block_1_116' title="bbox 2095 5143 3562 5222">
    <p class='ocr_par' dir='ltr' id='par_1_116' title="bbox 2095 5143 3562 5222">
     <span class='ocr_line' id='line_1_116' title="bbox 2095 5143 3562 5222; baseline 0.005 -26"><span class='ocrx_word' id='word_1_899' title='bbox 2095 5143 2207 5214; x_wconf 79' lang='lat'><strong>(56)</strong></span> <span class='ocrx_word' id='word_1_900' title='bbox 2243 5143 2338 5222; x_wconf 74' lang='lat' dir='ltr'><strong>Sic</strong></span> <span class='ocrx_word' id='word_1_901' title='bbox 2367 5157 2554 5222; x_wconf 72' lang='lat' dir='ltr'><strong>omnes</strong></span> <span class='ocrx_word' id='word_1_902' title='bbox 2582 5149 2929 5222; x_wconf 80' lang='lat' dir='ltr'><strong>mss._nostri.</strong></span> <span class='ocrx_word' id='word_1_903' title='bbox 2950 5149 3088 5204; x_wconf 86' lang='lat' dir='ltr'><strong>Editi</strong></span> <span class='ocrx_word' id='word_1_904' title='bbox 3117 5166 3263 5220; x_wconf 88' lang='lat' dir='ltr'><strong>vero,</strong></span> <span class='ocrx_word' id='word_1_905' title='bbox 3281 5167 3562 5222; x_wconf 88' lang='lat' dir='ltr'><strong>perperam,</strong></span> 
     </span>
    </p>
   </div>
   <div class='ocr_carea' id='block_1_117' title="bbox 2030 5213 3559 5288">
    <p class='ocr_par' dir='ltr' id='par_1_117' title="bbox 2030 5213 3559 5288">
     <span class='ocr_line' id='line_1_117' title="bbox 2030 5213 3559 5288; baseline 0.007 -23"><span class='ocrx_word' id='word_1_906' title='bbox 2030 5232 2050 5265; x_wconf 81' lang='grc' dir='ltr'><strong>ι</strong></span> <span class='ocrx_word' id='word_1_907' title='bbox 2082 5225 2140 5266; x_wconf 86' lang='grc' dir='ltr'><strong>ιιι</strong></span> <span class='ocrx_word' id='word_1_908' title='bbox 2167 5213 2255 5282; x_wconf 89' lang='lat' dir='ltr'><strong>qui</strong></span> <span class='ocrx_word' id='word_1_909' title='bbox 2289 5215 2684 5288; x_wconf 53' lang='lat' dir='ltr'><strong>iuobedientim</strong></span> <span class='ocrx_word' id='word_1_910' title='bbox 2713 5215 2936 5271; x_wconf 87' lang='lat' dir='ltr'><strong>formam</strong></span> <span class='ocrx_word' id='word_1_911' title='bbox 2974 5213 3262 5288; x_wconf 79' lang='lat' dir='ltr'><strong>sequentes</strong></span> <span class='ocrx_word' id='word_1_912' title='bbox 3281 5213 3559 5277; x_wconf 57' lang='lat' dir='ltr'><strong>&#39;cousntuli</strong></span> 
     </span>
    </p>
   </div>
   <div class='ocr_carea' id='block_1_118' title="bbox 2019 5285 3555 5350">
    <p class='ocr_par' dir='ltr' id='par_1_118' title="bbox 2019 5285 3555 5350">
     <span class='ocr_line' id='line_1_118' title="bbox 2019 5285 3555 5350; baseline 0.003 -13"><span class='ocrx_word' id='word_1_913' title='bbox 2019 5294 2144 5337; x_wconf 87' lang='lat' dir='ltr'><strong>sunt</strong></span> <span class='ocrx_word' id='word_1_914' title='bbox 2177 5295 2506 5350; x_wconf 85' lang='lat' dir='ltr'><strong>peccatores,</strong></span> <span class='ocrx_word' id='word_1_915' title='bbox 2529 5285 2895 5341; x_wconf 82' lang='lat' dir='ltr'><strong>obedientiam</strong></span> <span class='ocrx_word' id='word_1_916' title='bbox 2917 5285 3118 5344; x_wconf 72' lang='lat' dir='ltr'><strong>Christi</strong></span> <span class='ocrx_word' id='word_1_917' title='bbox 3143 5292 3419 5347; x_wconf 84' lang='lat' dir='ltr'><strong>imitantes</strong></span> <span class='ocrx_word' id='word_1_918' title='bbox 3441 5293 3555 5345; x_wconf 76' lang='lat' dir='ltr'><strong>salvi</strong></span> 
     </span>
    </p>
   </div>
   <div class='ocr_carea' id='block_1_119' title="bbox 2019 5353 2740 5412">
    <p class='ocr_par' dir='ltr' id='par_1_119' title="bbox 2019 5353 2740 5412">
     <span class='ocr_line' id='line_1_119' title="bbox 2019 5353 2740 5412; baseline 0.004 -5"><span class='ocrx_word' id='word_1_919' title='bbox 2019 5356 2168 5407; x_wconf 83' lang='lat' dir='ltr'><strong>fiant.</strong></span> <span class='ocrx_word' id='word_1_920' title='bbox 2195 5353 2303 5407; x_wconf 78' lang='lat' dir='ltr'><strong>Lex</strong></span> <span class='ocrx_word' id='word_1_921' title='bbox 2334 5362 2538 5412; x_wconf 89' lang='lat' dir='ltr'><strong>autem.</strong></span> <span class='ocrx_word' id='word_1_922' title='bbox 2579 5373 2598 5405; x_wconf 79' lang='grc' dir='ltr'><strong>ι</strong></span> <span class='ocrx_word' id='word_1_923' title='bbox 2633 5367 2740 5410; x_wconf 91' lang='lat' dir='ltr'><strong>etc.</strong></span> 
     </span>
    </p>
   </div>
   <div class='ocr_carea' id='block_1_120' title="bbox 2094 5422 3559 5500">
    <p class='ocr_par' dir='ltr' id='par_1_120' title="bbox 2094 5422 3559 5500">
     <span class='ocr_line' id='line_1_120' title="bbox 2094 5422 3559 5500; baseline 0.005 -26"><span class='ocrx_word' id='word_1_924' title='bbox 2094 5422 2202 5494; x_wconf 74' lang='lat'><strong>(&#39;57)</strong></span> <span class='ocrx_word' id='word_1_925' title='bbox 2246 5423 2270 5475; x_wconf 90' lang='grc'><em>1</em></span> <span class='ocrx_word' id='word_1_926' title='bbox 2280 5441 2312 5476; x_wconf 85' lang='grc' dir='ltr'><strong>ιι</strong></span> <span class='ocrx_word' id='word_1_927' title='bbox 2336 5438 2485 5490; x_wconf 81' lang='lat' dir='ltr'><strong>opere</strong></span> <span class='ocrx_word' id='word_1_928' title='bbox 2513 5434 2624 5478; x_wconf 83' lang='lat' dir='ltr'><strong>tuo.</strong></span> <span class='ocrx_word' id='word_1_929' title='bbox 2659 5426 2782 5482; x_wconf 65' lang='lat' dir='ltr'><strong>time</strong></span> <span class='ocrx_word' id='word_1_930' title='bbox 2802 5427 2996 5482; x_wconf 89' lang='lat' dir='ltr'><strong>desunt</strong></span> <span class='ocrx_word' id='word_1_931' title='bbox 3029 5429 3084 5482; x_wconf 93' lang='lat' dir='ltr'><strong>in</strong></span> <span class='ocrx_word' id='word_1_932' title='bbox 3110 5430 3290 5495; x_wconf 88' lang='lat' dir='ltr'><strong>editis,</strong></span> <span class='ocrx_word' id='word_1_933' title='bbox 3316 5442 3372 5485; x_wconf 88' lang='lat' dir='ltr'><strong>et</strong></span> <span class='ocrx_word' id='word_1_934' title='bbox 3398 5431 3449 5484; x_wconf 82' lang='lat' dir='ltr'><strong>in</strong></span> <span class='ocrx_word' id='word_1_935' title='bbox 3468 5428 3559 5500; x_wconf 77' lang='lat' dir='ltr'><strong>ple-</strong></span> 
     </span>
    </p>
   </div>
   <div class='ocr_carea' id='block_1_121' title="bbox 2020 5508 2366 5548">
    <p class='ocr_par' dir='ltr' id='par_1_121' title="bbox 2020 5508 2366 5548">
     <span class='ocr_line' id='line_1_121' title="bbox 2020 5508 2366 5548; baseline 0.006 -1"><span class='ocrx_word' id='word_1_936' title='bbox 2020 5508 2204 5548; x_wconf 81' lang='lat' dir='ltr'><strong>rtsuue</strong></span> <span class='ocrx_word' id='word_1_937' title='bbox 2237 5509 2366 5548; x_wconf 73' lang='lat' dir='ltr'><strong>lllSS.</strong></span> 
     </span>
    </p>
   </div>
   <div class='ocr_carea' id='block_1_122' title="bbox 2089 5510 3558 5643">
    <p class='ocr_par' dir='ltr' id='par_1_122' title="bbox 2089 5510 3558 5643">
     <span class='ocr_line' id='line_1_122' title="bbox 2089 5510 3558 5643; baseline 0.01 -28"><span class='ocrx_word' id='word_1_938' title='bbox 2237 5510 2554 5620; x_wconf 38' lang='lat' dir='ltr'><strong>lSnisr-Tﬁ&#39;ectius</strong></span> <span class='ocrx_word' id='word_1_939' title='bbox 2586 5580 2689 5622; x_wconf 84' lang='lat' dir='ltr'><strong>ms.</strong></span> <span class='ocrx_word' id='word_1_940' title='bbox 2715 5582 2868 5624; x_wconf 88' lang='lat' dir='ltr'><strong>unus.</strong></span> <span class='ocrx_word' id='word_1_941' title='bbox 2898 5565 3002 5624; x_wconf 74' lang='lat' dir='ltr'><strong>Alii</strong></span> <span class='ocrx_word' id='word_1_942' title='bbox 3031 5583 3184 5640; x_wconf 89' lang='lat' dir='ltr'><strong>vero,</strong></span> <span class='ocrx_word' id='word_1_943' title='bbox 3220 5589 3238 5624; x_wconf 86' lang='grc' dir='ltr'><strong>ι</strong></span> <span class='ocrx_word' id='word_1_944' title='bbox 3276 5582 3330 5628; x_wconf 85' lang='lat' dir='ltr'><strong>et</strong></span> <span class='ocrx_word' id='word_1_945' title='bbox 3359 5571 3558 5643; x_wconf 76' lang='lat' dir='ltr'><strong>quidem</strong></span> 
     </span>
    </p>
   </div>
   <div class='ocr_carea' id='block_1_123' title="bbox 2018 5643 2353 5698">
    <p class='ocr_par' dir='ltr' id='par_1_123' title="bbox 2018 5643 2353 5698">
     <span class='ocr_line' id='line_1_123' title="bbox 2018 5643 2353 5698; baseline 0.006 -11"><span class='ocrx_word' id='word_1_946' title='bbox 2018 5647 2162 5698; x_wconf 89' lang='lat' dir='ltr'><strong>cum,</strong></span> <span class='ocrx_word' id='word_1_947' title='bbox 2199 5651 2216 5686; x_wconf 85' lang='grc' dir='ltr'><strong>ι</strong></span> <span class='ocrx_word' id='word_1_948' title='bbox 2250 5643 2353 5690; x_wconf 87' lang='lat' dir='ltr'><strong>etc.</strong></span> 
     </span>
    </p>
   </div>
  </div>
