3684 6148
96 318 216 375 1033

1054 307 1405 367 COMMENT.
1445 307 1508 363 IN
1537 303 1753 363 EPIST.
1790 303 1876 358 AD
1907 303 2074 359 ROM.
2107 302 2232 356 LIB.
2266 299 2326 356 γ.

3181 303 3317 361 1οη

96 436 236 494 “illis,
272 430 358 497 qui
393 429 446 483 in
477 427 563 482 his
595 425 850 482 omnibus
893 437 1060 497 neget
1109 428 1414 482 abundasse
1445 441 1638 496 pecca-
1672 431 1716 486 Α
1744 421 1918 476 Adam
1953 421 2219 476 accidisse
2244 420 2499 474 videntur
2538 420 2793 483 adversa,
2821 429 2876 474 et
2903 419 3073 475 mttlto
3106 424 3311 491 majora

97 522 233 580 tum?
263 519 351 574 Vel
397 530 542 576 certe
574 535 694 581 cum
730 521 796 574 de
845 520 1140 586 Sodontitis
1173 520 1374 574 dicitur
1399 534 1426 572 a
1477 519 1586 572 Deo
1619 535 1634 571 :

99 636 118 670 ι
152 614 396 670 Descendi
433 623 487 666 ut
519 613 756 666 viderem
781 611 825 665 si
860 610 1158 665 secundum
1206 610 1502 665 clamorem
1543 609 1644 664 So-

98 703 870 758 domitarumconsummantur
911 700 1224 769 iniquitates
1275 716 1462 756 eorum
1489 700 1574 767 ⁹³;
1618 720 1636 752 ι

99 792 170 846 vel
200 807 313 845 cum
339 792 827 845 circumsteterunt
886 789 1103 843 domum
1138 790 1258 853 Lot,
1296 790 1645 859 impudicitia:

96 898 194 937 sure
217 882 385 937 scelus
415 882 576 936 etiam
611 882 663 936 in
693 882 912 949 angelos
945 881 1228 938 molientes
1256 882 1347 936 εει
1373 883 1484 936 Aut
1518 892 1644 937 tunc

98 977 306 1028 fortasse
354 990 459 1028 non
510 974 823 1029 abundabat
880 983 1202 1044 peccatum,
1256 991 1376 1030 cum
1435 974 1645 1030 Pharao

98 1068 347 1135 aﬂligebat
401 1067 541 1122 ﬁlios
574 1065 738 1122 Israel
790 1069 844 1122 in
895 1068 1006 1123 luto
1057 1078 1111 1124 et
1145 1069 1332 1134 latere,
1386 1077 1441 1124 et
1482 1079 1646 1123 natos

96 1173 266 1214 eorum
293 1161 468 1214 neCari
497 1159 721 1226 jubebat
768 1161 881 1231 ('59)
916 1161 968 1214 in
995 1159 1277 1215 ﬂumine”
1307 1162 1330 1213 ?
1364 1161 1429 1214 Et
1458 1162 1645 1230 utique

107 1253 328 1306 nondum
376 1251 543 1324 Moysi
581 1253 663 1307 lex
711 1254 1136 1320 subintraverat,
1184 1268 1306 1308 cum
1347 1253 1463 1308 haec
1498 1262 1643 1307 tanta

99 1361 418 1420 peccatorum
452 1349 600 1404 labes
632 1347 1035 1404 diﬂundebatur
1061 1349 1115 1402 in
1139 1357 1306 1403 terra.
1349 1347 1426 1402 Ex
1451 1347 1647 1417 quibus

99 1443 369 1510 colligitur,
404 1441 692 1495 haereticos
717 1456 854 1509 quos
882 1455 1046 1511 supra
1084 1439 1343 1504 diximus,
1369 1439 1454 1493 vel
1482 1439 1526 1493 si
1553 1437 1645 1506 qui

99 1544 209 1589 sunt
241 1533 327 1603 qui
357 1549 475 1587 cum
509 1533 612 1586 illis
637 1532 746 1605 (40)
778 1533 893 1588 hree
917 1533 980 1588 de
1010 1531 1172 1603 Moysi
1205 1532 1319 1599 lege
1341 1531 1480 1585 dicta
1524 1546 1646 1585 sus-

97 1627 306 1693 cipiant,
359 1641 425 1679 ne
476 1624 664 1678 leviter
722 1626 938 1694 quidem
1006 1623 1361 1694 apostolicum
1409 1633 1634 1675 sensum

101 1716 316 1786 potuisse
341 1716 675 1786 contingere.
714 1714 884 1785 Magis
939 1728 1068 1782 ergo
1121 1712 1251 1766 illud
1287 1712 1340 1765 in
1368 1710 1472 1766 hoc
1521 1711 1644 1765 loco

1743 516 1980 570 ostendit
2019 529 2138 569 esse
2185 528 2305 583 qua:
2355 528 2446 581 per
2471 515 2696 582 gratiam
2732 511 2934 568 Christi
2980 515 3046 568 ad
3076 515 3314 570 medium

1743 605 1938 661 collata
1966 615 2096 660 sunt
2127 622 2138 656 :
2164 614 2218 659 et
2240 605 2290 658 in
2323 605 2571 674 prtesenti
2590 603 2707 658 loco
2729 619 2849 659 cum
2883 605 3113 661 dixisset
3141 607 3316 662 abun-

1746 699 1902 754 dasse
1952 707 2259 768 peccatum,
2299 711 2550 751 sermone
2579 697 2893 766 dignissimo
2926 713 3055 753 usus
3092 708 3178 754 est
3206 715 3316 770 quo

1747 789 2137 844 abundantiam
2175 787 2439 853 vinceret,
2490 797 2546 842 et
2577 788 3128 856 superabundantiam
3157 805 3319 860 pone-

1745 889 1844 934 ret.
1881 879 2349 948 Superabundavit
2389 888 2567 933 autem
2631 884 2802 950 gratia
2863 881 3063 938 Christi
3125 884 3180 938 in
3210 896 3316 950 eo,

1747 982 1932 1027 utnon
1956 972 2130 1028 solum
2161 987 2189 1026 a
2219 972 2511 1042 przeteritis
2551 976 2789 1040 peccatis
2814 975 3126 1031 absolveret
3152 978 3321 1032 homi-

1748 1078 1890 1127 nem,
1920 1077 2109 1117 verum
2133 1063 2297 1116 etiam
2325 1063 2687 1116 communiret
2719 1078 2748 1116 a
2786 1063 3005 1120 futuris.
3037 1066 3317 1136 Siquidem

1749 1157 1853 1210 duo
1879 1154 2122 1223 quaedam
2158 1168 2324 1225 regna
2371 1155 2609 1208 ostendit
2640 1157 2693 1210 in
2719 1157 2938 1212 homine
2974 1175 2988 1213 :
3019 1175 3184 1212 unum
3211 1174 3320 1231 quo

1747 1255 2027 1317 peccatum
2061 1247 2114 1300 in
2143 1255 2372 1301 mortem
2399 1247 2674 1313 regnavit;
2713 1247 2854 1303 aliud
2887 1264 2993 1318 quo
3024 1252 3193 1320 gratia
3225 1266 3323 1322 per

1742 1339 2005 1406 justitiam
2055 1347 2245 1408 regnet
2277 1339 2330 1393 in
2361 1339 2552 1396 vitam.
2584 1338 2770 1395 Gratia
2803 1357 2933 1412 ergo
2972 1355 3057 1398 est
3089 1359 3210 1414 quae.
3255 1347 3322 1400 de

1749 1445 1916 1499 regno
1969 1443 2089 1497 suo,
2144 1431 2196 1484 id
2246 1441 2350 1498 est,
2399 1431 2468 1487 de
2503 1430 2762 1486 membris
2793 1433 2996 1488 nostris
3038 1445 3319 1504 peccatum

1748 1524 1908 1594 ejecit
1937 1533 1991 1579 et
2021 1524 2247 1593 expulit,
2297 1539 2422 1579 cum
2480 1538 2586 1594 quo
2629 1527 2942 1582 necessario
2974 1529 3136 1583 etiam
3176 1546 3322 1586 mors

1748 1616 1880 1670 exiit
1912 1615 2117 1684 pariter
2145 1625 2200 1671 et
2228 1617 2454 1688 expulsa
2487 1627 2570 1672 est
2602 1616 2737 1687 (46),
2763 1628 2821 1672 ut
2853 1619 2924 1672 ita
2957 1621 3172 1676 demum
3229 1639 3321 1678 re-

1751 1720 1912 1775 gnum
1945 1706 2046 1761 sibi
2090 1707 2144 1760 in
2179 1708 2334 1762 nobis
2360 1707 2533 1778 gratia
2563 1723 2660 1777 per
2690 1707 2959 1774 justitiam
2991 1712 3319 1780 vindicaret,

101 1808 243 1860 debet
283 1805 527 1876 intelligi,
557 1820 704 1869 esse,
740 1815 800 1858 ut
829 1819 970 1874 saepe
1002 1803 1110 1872 jam
1160 1803 1415 1865 diximus,
1471 1801 1643 1870 legem
1679 1813 1718 1866 Β
1747 1809 1802 1854 et
1831 1800 1921 1854 ubi
1949 1815 2096 1855 mors
2117 1801 2312 1866 fuerat,
2347 1811 2548 1856 aeterna
2579 1802 2688 1856 vita
2717 1803 3061 1862 consisteret.
3095 1805 3206 1864 Hoc
3231 1823 3324 1862 au-

101 1904 286 1950 naturte
310 1911 425 1965 quae
467 1914 483 1948 ι
523 1895 721 1966 scripta
757 1913 777 1948 ι
803 1903 886 1950 est
923 1913 942 1946 ‹
971 1910 1078 1949 non
1111 1895 1165 1949 in
1191 1894 1643 1962 tabulislapideis,

99 1988 183 2042 sed
223 1985 276 2040 in
323 1986 522 2042 tabulis
557 1987 740 2042 cordis
786 1986 1129 2053 carnalibus;
1181 2000 1286 2040 non
1322 1995 1644 2050 atramento,

99 2076 184 2132 sed
210 2075 394 2144 Spiritu
421 2076 516 2130 Dei
545 2076 648 2130 vivi
674 2077 720 2108 ’⁸
747 2092 759 2128 :
792 2094 811 2128 ι
847 2090 965 2145 quae
993 2075 1077 2130 lex
1113 2078 1180 2130 ab
1209 2075 1300 2130 illo
1321 2076 1413 2145 qui
1443 2077 1511 2130 ab
1544 2075 1648 2128 ini-

102 2170 168 2224 tio
214 2170 410 2222 creavit
452 2168 727 2222 hominem
782 2168 856 2222 ita
889 2167 942 2221 in
975 2166 1264 2238 principali
1307 2167 1493 2222 cordis
1526 2164 1646 2234 ejus

101 2262 313 2332 ascripta
375 2271 478 2327 est,
530 2269 589 2315 ut
637 2272 940 2330 opportuno
968 2269 1231 2330 tempore,
1260 2275 1382 2314 cum
1411 2259 1520 2329 jam
1550 2274 1644 2328 pa-

101 2355 224 2422 ginae
271 2354 395 2424 ipsae
432 2353 597 2408 menti
657 2351 768 2422 (41)
828 2351 1185 2419 adoleverint,
1239 2351 1322 2405 vel
1354 2354 1550 2422 potius,
1591 2362 1648 2406 ut

102 2447 358 2516 Scriptura
386 2447 712 2508 nominavit,
738 2446 828 2501 ubi
853 2445 1046 2500 tabulae
1066 2445 1247 2500 cordis
1268 2445 1518 2498 carnales
1543 2458 1648 2499 etn-

102 2536 265 2606 perint
293 2546 580 2608 augmento
614 2537 790 2590 aetatis
837 2536 1036 2604 aperiri
1085 2533 1218 2608 (42),
1247 2533 1469 2588 diffundi
1511 2533 1647 2587 inci-

101 2628 203 2695 piat
232 2642 322 2696 per
346 2628 562 2682 interna
598 2627 965 2692 conseientim,
1000 2635 1054 2679 et
1099 2624 1310 2694 replere
1341 2623 1647 2678 rationibus

102 2734 297 2776 sensus.
327 2719 480 2775 Tunc
507 2733 636 2790 ergo
666 2720 956 2774 adversum
984 2726 1253 2787 przecepta
1283 2731 1406 2787 quae
1450 2731 1516 2770 ex
1549 2716 1650 2770 ltu-

105 2811 320 2879 jusmodi
367 2811 486 2882 lege
566 2811 885 2866 naturaliter
941 2817 1332 2880 suggeruntur,
1397 2807 1648 2862 voluntas

103 2904 267 2959 carnis
298 2905 564 2972 exsurgit,
591 2911 646 2956 et
676 2903 779 2956 alia
840 2902 1076 2972 suggerit
1104 2899 1367 2955 desideria
1403 2918 1417 2955 :
1455 2909 1508 2955 et
1540 2901 1642 2956 hoc

101 3004 174 3049 est
219 2996 354 3066 quod
409 2996 526 3064 ipse
553 2995 840 3066 Apostolus
867 3011 885 3044 ι
923 2994 1093 3064 legem
1132 2991 1186 3046 in
1221 2992 1478 3047 membris
1506 2991 1650 3061 posi-

105 3097 202 3144 tam
236 3109 253 3143 ι
281 3089 603 3152 nominavit,
641 3106 660 3139 ι
693 3087 1040 3143 resistentem
1067 3083 1171 3156 legi
1189 3081 1445 3139 mentis”
1467 3081 1632 3152 (45).»

1751 1901 1857 1946 tem
1893 1899 1975 1946 est
1991 1894 2135 1962 quod
2167 1901 2222 1946 et
2240 1892 2370 1946 alibi
2395 1891 2534 1947 idem
2555 1893 2841 1963 Apostolus
2857 1896 2985 1952 dicit
3003 1898 3174 1955 :rNon
3192 1915 3321 1973 ergo

1742 1983 1853 2054 jam
1884 1993 2073 2053 regnet
2104 1994 2383 2052 peccatum
2417 1984 2471 2038 in
2503 1995 2682 2042 vestro
2713 1989 2924 2043 mortali
2951 1994 3260 2061 corpore";
3296 2015 3315 2046 ι

1747 2085 1802 2128 et
1838 2074 1980 2130 idem
1999 2075 2126 2131 alibi
2157 2075 2517 2130 :rSicutenim
2537 2077 2858 2134 exhibuistis
2880 2083 3118 2138 membra
3143 2096 3320 2141 vestra

1748 2183 1897 2222 arma
1918 2168 2224 2239 iniquitatis
2244 2180 2488 2238 peccato,
2515 2171 2588 2224 ita
2611 2175 2753 2227 nunc
2784 2174 3039 2230 exhibete
3080 2179 3319 2232 membra

1749 2257 1912 2328 559
1940 2268 2119 2313 vestra
2145 2274 2292 2314 arma
2321 2259 2547 2330 justitite
2567 2261 2674 2316 Deo
2696 2263 2738 2318 ί.
2777 2283 2796 2314 ι
2826 2263 2924 2318 Est
2947 2280 3075 2336 ergo
3103 2269 3323 2337 grandis

1748 2348 2244 2417 superabundantia
2273 2366 2339 2406 ex
2372 2367 2439 2406 eo
2469 2351 2611 2421 quod
2661 2354 2750 2407 ubi
2797 2368 3073 2424 peccatum
3120 2358 3223 2414 fuit
3268 2373 3325 2416 et

1749 2454 1916 2500 mors,
1947 2440 2020 2494 ibi
2052 2457 2194 2496 nunc
2219 2451 2301 2497 est
2334 2446 2530 2512 gratia,
2557 2444 2932 2515 etjustitia,et
2959 2450 3066 2502 vita
3096 2459 3320 2507 aeterna.

1750 2531 1816 2585 Et
1838 2533 1951 2587 haec
1988 2534 2169 2588 omnia
2203 2545 2327 2589 sunt
2357 2536 2573 2604 quidem
2614 2552 2775 2606 supra
2821 2550 3021 2595 cetera
3071 2542 3183 2614 (47)
3228 2560 3325 2611 per

1750 2622 2031 2678 Dominum
2066 2635 2310 2681 nostrum
2359 2625 2544 2682 Jesum
2578 2627 2876 2686 Christum.
2922 2631 3106 2688 Potest
3140 2646 3320 2691 autem

1752 2716 1890 2782 ﬁeri,
1929 2727 1986 2772 ut
2027 2718 2169 2773 sicut
2201 2719 2318 2774 hzee
2357 2721 2538 2774 omnia
2569 2719 2710 2776 bona
2738 2722 2874 2778 dixit
2921 2726 3192 2782 exsistere
3227 2744 3324 2800 [cr

1750 2808 2036 2863 Dominum
2069 2819 2311 2864 nostrum
2337 2808 2519 2865 Jesum
2552 2812 2828 2868 Christum
2866 2813 3002 2886 (48),
3034 2817 3109 2871 ita
3146 2827 3202 2873 et
3232 2819 3322 2874 illa

1750 2899 1889 2954 mala
1933 2899 2155 2970 intelligi
2189 2900 2418 2956 voluerit
2450 2901 2726 2956 exstitisse
2754 2917 2850 2972 per
2884 2904 3155 2959 diabolum
3177 2945 3194 2972 ,
3229 2912 3324 2964 sed

1752 2989 1965 3045 siluisse
2009 2991 2074 3046 de
2117 2991 2358 3046 auctoris
2389 3006 2576 3046 eorum
2611 2993 2850 3060 nomine,
2896 3004 2951 3049 ut
2980 2999 3324 3064 superabun-

1753 3082 1988 3135 dantiam
2037 3083 2221 3152 gratiae
2256 3082 2310 3136 in
2361 3084 2612 3139 omnibus
2647 3085 2959 3157 designaret
3005 3089 3141 3160 (40).
3186 3089 3321 3146 Nam

102 3181 235 3239 Hanc
255 3198 379 3252 ergo
408 3197 552 3236 nunc
585 3180 755 3250 legem
786 3177 1154 3234 membrorum
1193 3175 1436 3244 posuisse
1469 3175 1521 3229 in
1549 3177 1649 3229 hoc
1675 3177 1718 3237 C
1751 3173 1891 3228 sicut
1921 3173 2174 3230 Christus
2207 3191 2370 3229 unum
2425 3176 2640 3244 quidem
2693 3186 2776 3232 est
2807 3193 2902 3247 per
2932 3181 3321 3248 substantiam.

101 3275 211 3330 loco
245 3276 458 3329 videtur
493 3271 807 3341 Apostolus,
842 3284 1002 3338 quam
1053 3267 1391 3358 subiugasse
1428 3266 1558 3322 dicit
1593 3274 1652 3319 ut

99 3367 378 3423 abundaret
428 3375 732 3437 peccatmn.
763 3363 896 3417 Nam
927 3370 981 3416 et
1023 3361 1135 3431 ipse
1163 3375 1343 3415 sermo
1376 3375 1485 3430 quo
1523 3373 1651 3413 usus

101 3467 190 3521 est,
241 3459 553 3528 plenissime
593 3457 722 3510 mihi
757 3455 970 3510 videtur
1004 3454 1116 3508 lucc
1157 3468 1278 3522 qua:
1305 3453 1533 3508 dicimus
1563 3451 1652 3505 in-

99 3549 286 3604 dicare.
310 3550 474 3604 Aliud
500 3563 736 3618 namque
760 3556 843 3601 est
874 3547 1098 3611 intrare,
1133 3545 1279 3600 aliud
1311 3544 1650 3609 subintrare;

98 3642 226 3694 sicut
254 3642 395 3695 aliud
431 3649 513 3696 est
545 3641 760 3702 dueere,
807 3648 857 3693 et
914 3636 1059 3691 aliud
1117 3636 1453 3700 subducere;
1508 3634 1651 3688 aliud

99 3732 325 3795 trahere,
368 3743 423 3787 et
458 3731 602 3785 aliud
654 3730 997 3785 subtrahere.
1058 3727 1378 3782 Subintrare
1421 3739 1655 3794 namque

98 3823 193 3878 hoc
221 3824 448 3887 indicat,
483 3839 603 3877 cum
649 3821 754 3876 alio
792 3823 1063 3890 ingresso,
1113 3819 1213 3873 sub
1256 3819 1477 3872 obtentu
1510 3816 1654 3870 illius

92 3915 224 3971 alius
249 3916 556 3984 ingreditur
579 3915 716 3986 (M).
742 3913 801 3967 ln
835 3927 944 3982 quo
986 3911 1146 3974 ratio,
1177 3925 1338 3979 quam
1369 3923 1529 3977 supra
1553 3923 1650 3962 ex-

92 4010 380 4078 posuimus,
402 4007 688 4062 evidenter
718 4002 955 4059 osteudit
976 4001 1119 4071 quod
1147 4002 1246 4055 sub
1268 4000 1492 4053 obtentu
1517 3998 1653 4066 legis

95 4101 366 4164 naturalis,
396 4113 562 4168 quam
585 4097 760 4166 legem
793 4094 992 4149 mentis
1020 4093 1320 4146 nominavit
1342 4090 1650 4162 Apostolus,

92 4206 203 4260 quae.
223 4192 323 4263 legi
343 4192 442 4246 Dei
474 4191 760 4256 consentit,
790 4200 905 4244 orta
923 4189 993 4243 sit
1030 4187 1116 4241 lex
1141 4184 1504 4240 membrorum
1535 4197 1654 4254 qua:

96 4284 352 4340 desideria
385 4283 569 4338 carnis
604 4295 932 4352 suggerens,
978 4287 1032 4333 et
1071 4277 1344 4346 captivum
1380 4274 1651 4328 hominem

90 4379 284 4434 ducens
314 4377 526 4434 libidini
546 4393 607 4432 ac
629 4375 992 4445 voluptatibus
1012 4372 1328 4426 inclinatum
1358 4369 1495 4439 (45),
1523 4367 1655 4423 facit

90 4469 140 4525 in
165 4486 228 4526 eo
241 4470 517 4525 abundare
545 4447 848 4537 peccatum.
879 4464 969 4518 Sic
992 4476 1122 4530 ergo
1144 4478 1161 4509 ι
1195 4460 1283 4515 lex
1306 4458 1649 4520 subintravit,

1757 3266 1922 3319 multa
1955 3277 2133 3321 autem
2164 3267 2452 3323 virtutibus
2481 3277 2535 3323 et
2559 3269 2962 3339 operationibus
3007 3272 3326 3343 designatur

1755 3359 1902 3427 (nam
1928 3370 1982 3413 et
2015 3360 2186 3429 gratia
2230 3361 2344 3430 ipse
2390 3375 2509 3416 esse
2548 3361 2886 3432 intelligitur,
2919 3365 3059 3419 sicut
3086 3366 3323 3436 jnstitia,

1753 3451 1892 3505 sicut
1923 3466 2045 3520 pax,
2077 3453 2218 3507 sicut
2259 3454 2391 3518 vita,
2421 3454 2562 3510 sicut
2607 3457 2826 3517 veritas,
2861 3457 3002 3512 sicut
3042 3458 3322 3530 Verbum),

1756 3542 1829 3597 ita
1878 3542 2127 3598 fortassis
2161 3553 2217 3598 et
2246 3545 2490 3600 diabolus
2543 3547 2595 3602 in
2638 3547 2870 3602 diversis
2911 3549 3325 3618 signiﬁcationi-

1755 3632 1856 3689 bus
1908 3649 2047 3705 saape
2095 3643 2271 3706 potest
2301 3636 2520 3709 intelligi
2575 3638 2708 3710 (50).
2755 3639 2886 3696 Nam
2937 3654 2991 3699 et
3041 3658 3323 3715 peccatum

1755 3729 1898 3798 quod
1965 3743 2192 3797 regnare
2280 3730 2521 3795 dicitur,
2596 3731 2713 3802 ipse
2786 3739 3053 3801 putandus
3098 3751 3215 3807 est;
3273 3752 3330 3796 et

1758 3835 1906 3874 mors
1969 3821 2084 3888 ipse
2139 3821 2444 3876 credendus
2491 3831 2608 3887 est,
2674 3822 2740 3877 de
2796 3842 2904 3895 quo
2942 3829 3166 3900 dicitur,
3196 3833 3323 3900 quia

1760 3931 1780 3963 ι
1821 3913 2151 3967 novissimus
2207 3913 2458 3969 inimicus
2509 3915 2819 3970 destruetur
2873 3934 3018 3976 mors
3051 3922 3090 3976 ¹.
3138 3942 3158 3976 ι
3217 3922 3326 3978 Sed

1756 4016 1810 4058 et
1847 4006 2076 4074 perditio
2123 4006 2238 4076 ipse
2288 4007 2605 4080 intelligitur
2631 4052 2646 4076 ,
2692 4013 2986 4067 secundum
3023 4015 3149 4070 illud
3180 4019 3326 4088 quod

1757 4097 1956 4151 dictum
2014 4106 2098 4152 est
2155 4113 2184 4151 a
2235 4099 2494 4168 propheta
2543 4103 2870 4158 :tPerditio
2923 4104 3095 4163 factus
3151 4122 3232 4174 es,
3273 4116 3329 4164 et

1755 4202 1863 4241 non
1907 4188 2174 4244 subsistes
2207 4189 2258 4244 in
2293 4201 2554 4245 aeternum
2610 4203 2821 4263 tempus
2849 4195 2922 4252 ³.»
2955 4193 3060 4251 Sed
3093 4207 3147 4253 et
3180 4203 3325 4269 quod

1756 4282 1885 4337 dicit
1910 4282 2224 4351 Apostolus,
2247 4302 2265 4336 ι
2293 4282 2408 4338 Non
2447 4299 2578 4356 ergo
2607 4298 2794 4357 regnet
2830 4300 3113 4358 peccatum
3148 4291 3202 4347 in
3228 4309 3327 4347 ve-

1755 4383 1869 4430 stro
1896 4374 2109 4428 mortali
2148 4388 2376 4444 corpore
2404 4378 2446 4440 δ,
2478 4397 2496 4428 ο
2529 4387 2656 4445 puto
2684 4379 2826 4448 quod
2883 4380 3054 4449 magis
3103 4382 3169 4438 de
3209 4382 3326 4453 ipso

1757 4464 1957 4518 dictum
1993 4465 2084 4520 sit.
2127 4465 2245 4533 Ipse
2274 4474 2358 4520 est
2379 4467 2521 4520 enim
2552 4477 2742 4522 auctor
2772 4470 3000 4538 peccati,
3028 4480 3083 4525 et
3109 4477 3322 4540 monis,

89 4568 144 4612 ut
170 4560 474 4614 abundaret
503 4558 778 4612 delictum.
814 4553 918 4607 Sed
955 4553 1042 4606 ubi
1073 4550 1399 4614 abundavit.
1451 4549 1646 4618 inquit.
1683 4522 1726 4576 θ
1757 4567 1811 4611 et
1838 4559 2181 4626 perditionis;
2222 4569 2277 4614 et
2321 4571 2717 4629 consequenter
2763 4522 2830 4617 ab
2883 4522 3114 4620 inventis
3157 4522 3327 4624 rebus

89 4661 386 4719 peccatum,
427 4644 1168 4719 superabundavitgratia".
1211 4661 1228 4693 ι
1271 4643 1420 4696 Sicut
1463 4643 1514 4696 in
1562 4659 1655 4696 su-

86 4742 386 4809 perioribus
421 4741 720 4806 docuimus,
755 4739 843 4792 ubi
879 4752 974 4806 per
1006 4735 1220 4804 singula
1251 4749 1479 4803 qumque
1503 4749 1653 4788 com-

89 4837 420 4905 parationem
479 4834 609 4889 facit
655 4849 842 4889 eorum
893 4846 1014 4901 qua:
1074 4845 1137 4883 ex
1186 4828 1635 4896 praevaricatione

171 4931 218 4962 ³³
243 4931 382 4987 Cen.
416 4945 570 4992 xvut,
599 4929 690 4982 2|.
766 4926 969 4982 "Gen.
1002 4941 1116 4986 xrx,
1150 4923 1206 4977 4.

1309 4923 1355 4954 ⁸⁵
1389 4922 1556 4978 Exod.
1586 4937 1628 4985 ι,
1667 4921 1754 4983 M,
1785 4923 1874 4978 '52.

1762 4658 1952 4703 auctor
1985 4650 2182 4704 inventi
2231 4652 2563 4706 nominatur.
2595 4652 2707 4708 Non
2733 4670 2860 4724 ergo
2889 4664 3068 4725 potest
3122 4657 3238 4714 ﬁeri
3271 4670 3328 4716 ut

1761 4735 1879 4791 sine
1908 4752 2034 4806 rege
2080 4739 2368 4807 aliquando
2411 4741 2483 4795 sit
2521 4742 2732 4808 anima;
2773 4745 2867 4799 sed
2900 4745 3000 4802 hoe
3042 4750 3331 4817 providen-

1745 4828 1872 4882 dum
1909 4838 1994 4884 est
2027 4839 2087 4883 ut
2134 4829 2412 4885 Christum
2455 4848 2634 4901 regem
2682 4834 2903 4901 habeat,
2933 4837 3090 4908 cujus
3137 4840 3328 4912 jugum

1971 4925 2017 4957 9°
2049 4923 2089 4977 lI
2120 4927 2246 4980 Cor.
2278 4941 2360 4996 nr,
2393 4925 2445 4979 5.
2516 4927 2560 4958 ⁸⁷
2597 4927 2754 4982 Rom.
2792 4943 2886 4996 vrr,
2911 4929 3002 4986 25.
3089 4932 3137 4965 ⁹⁸
3168 4932 3327 4989 Rom.

89 5017 136 5064 v,
173 5001 263 5055 20.
342 5003 390 5033 '9
422 5003 579 5055 Rom.
603 5015 677 5064 vr,
707 5000 793 5052 l2.
871 4999 885 5028 ³
923 4997 1051 5051 ibid.
1076 4995 1162 5060 l3,
1196 4993 1283 5048 l9.
1358 4994 1378 5024 '
1405 4993 1425 5046 ι
1457 4992 1581 5054 Cor.
1609 5009 1636 5044 χ

1888 4995 1908 5027 ³
1935 4995 2135 5051 Jeretn.
2164 5013 2238 5060 ιι,
2269 4995 2358 5050 26.
2435 4997 2455 5028 ⁸
2487 4996 2645 5052 Rom.
2670 5014 2744 5064 γι,
2768 4999 2852 5056 12.

153 5095 265 5166 ('59)
305 5096 474 5159 Alias,
509 5113 528 5146 ι
564 5094 850 5166 volebat.)
880 5091 1037 5166 male,

154 5160 264 5296 (40)
307 5167 471 5248 Editi,
509 5184 527 5217 ι
565 5165 644 5220 vel
671 5166 712 5218 si
732 5163 832 5246 .qui
861 5179 982 5217 cum
1014 5160 1140 5224 illis,
1176 5178 1196 5212 ι
1227 5169 1332 5215 etc.

178 5237 267 5296 Η)
308 5238 484 5296 Alias,
519 5254 538 5288 ι
580 5246 796 5296 mentis,
836 5251 855 5284 ι
900 5232 1059 5288 male.

162 5232 267 5308 μι)
308 5238 484 5301 Alias,
519 5254 538 5288 ι
580 5232 796 5299 mentis,
836 5251 855 5284 ι
900 5232 1059 5288 male.

154 5300 266 5380 (42)
310 5300 480 5380 @diti,
513 5326 531 5360 ι
565 5300 1292 5380 augmentotantoaperiri.
1326 5318 1344 5352 ι

155 5371 266 5450 (45)
310 5371 478 5442 Editi,
515 5395 534 5428 ι
571 5371 713 5450 quod
744 5376 820 5429 ait
850 5371 1164 5450 A_po_stolus._
1190 5371 1362 5440 legem
1397 5371 1449 5425 in
1480 5385 1649 5425 mem-

88 5442 198 5504 bris
221 5442 478 5516 positam,
505 5442 849 5502 resistentem
876 5445 978 5512 legi
1004 5442 1220 5496 mentis.
1249 5460 1278 5516 _o_

155 5511 265 5593 (44)
303 5511 799 5593 Μεετςιιιθ-νίιιιιθ,ᾼ‹
840 5511 1005 5593 quell“
1033 5528 1155 5593 cum
1211 5513 1348 5593 alio,
1398 5511 1642 5582 ingressu

87 5583 337 5655 obiento,
393 5583 530 5662 alius
566 5583 887 5662 ingreditur.
919 5605 937 5638 ι
971 5583 1176 5638 Deinde
1221 5583 1352 5636 editi
1403 5596 1641 5662 etunss.

86 5663 326 5731 quidam,
362 5677 381 5708 ι
420 5661 472 5713 In
499 5675 606 5729 qua
638 5659 870 5719 ratione,
893 5670 1053 5726 quam
1087 5668 1248 5724 supra
1271 5659 1643 5722 exposuimus,

87 5733 366 5786 evidenter
395 5731 728 5792 ostenditur,
756 5737 858 5781 etc.
877 5747 892 5778 ι

155 5803 268 5875 (υἱ)
312 5801 406 5856 Sic
436 5817 563 5855 mss.
595 5801 790 5854 nostri.
817 5801 952 5852 Editi
983 5811 1133 5862 vero,
1167 5815 1186 5848 ι
1217 5793 1437 5851 libidine
1462 5808 1523 5850 ac
1554 5808 1646 5849 vo-

420 5893 688 5956 PATROL.
735 5891 851 5952 Gtt.
903 5891 1073 5952 XIV.

1753 5089 2052 5159 luptatibus
2086 5089 2444 5155 inquinatum,
2477 5108 2496 5142 ι
2528 5089 2652 5154 al.,t
2679 5093 2938 5147 deditum.
2989 5113 3006 5144 ι

1821 5160 1934 5226 (46)
1975 5162 2137 5225 Editi,
2176 5179 2193 5212 ι
2235 5176 2380 5216 mors
2409 5161 2611 5230 pariter
2643 5163 2860 5218 exclusa
2889 5174 2994 5218 est.
3043 5184 3062 5216 ι

1843 5231 1934 5299 47)
1959 5233 2130 5297 Alias,
2160 5250 2179 5282 ι
2219 5241 2346 5302 sunt
2377 5233 2518 5300 quod
2547 5245 2631 5288 e5t
2650 5249 2814 5302 super
2843 5245 3062 5288 czetera.
3098 5254 3119 5288 ι

1817 5301 1931 5384 (ξὸ)
1969 5303 2228 5358 Nostrum
2266 5301 2449 5358 Iesum
2484 5301 2772 5358 Christum.
2805 5305 3008 5360 Desunt
3058 5308 3110 5360 in
3163 5318 3328 5364 antea

1747 5373 1938 5514 eda?)
1971 5444 2141 5509 Alias,
2177 5462 2196 5496 ι
2229 5445 2281 5498 in
2311 5445 2622 5500 hominibus
2646 5445 2947 5516 assignaret
2974 5462 2987 5509 ς
3017 5464 3036 5496 ³
3069 5446 3163 5506 ³¹η
3187 5464 3207 5498 ⁴
3237 5463 3328 5505 ³⁸”
3390 5459 3395 5465 ’

1750 5515 2047 5584 signasset;
2085 5533 2104 5567 ι
2136 5516 2232 5577 aL,
2263 5533 2282 5566 ι
2321 5518 2744 5571 commendaret.
2772 5515 2775 5516 ⁷
2802 5536 2820 5568 ι
2857 5517 3063 5571 Deinde
3107 5519 3239 5573 editi
3271 5527 3329 5576 et
3387 5567 3401 5582 .

1750 5602 1855 5639 ms.
1883 5601 2020 5639 unus
2051 5603 2064 5638 :
2100 5603 2119 5636 ι
2157 5585 2339 5641 multis
2365 5597 2546 5641 autem
2578 5586 2865 5640 virtutibus
2884 5626 2898 5649 ,
2925 5607 2945 5639 ι
2971 5598 3078 5642 etc.

1823 5655 1934 5727 (5'0)
1961 5656 2128 5723 Alias,
2158 5674 2176 5710 ι
2202 5671 2321 5711 esse
2347 5667 2520 5729 potest
2546 5656 2800 5727 intelligi;
2825 5676 2841 5709 ο
2875 5658 2946 5711 al.
2976 5658 3130 5714 deest
3156 5676 3176 5712 ι
3215 5678 3314 5716 τωο

1754 5742 1841 5797 pe,
1877 5745 1895 5779 ι
1933 5733 2004 5794 ct,
2039 5744 2058 5779 ι
2089 5740 2226 5784 esse.
2263 5745 2282 5780 ι

2942 5882 3018 5943 33
