3684 6148
325 260 495 317 ’1055

1835 263 2156 322 ORlGENlS

3479 273 3602 326 11156

351 393 519 435 suave
547 387 651 444 est,
691 388 747 432 et
801 392 937 433 onus
985 379 1100 435 leve
1123 379 1258 444 ';et
1288 395 1392 435 non
1427 381 1738 446 diabolum,
1769 383 1927 452 cujus
1955 384 1999 440 A
2029 387 2118 450 qui
2155 402 2172 433 ‹
2225 396 2324 451 pro
2357 382 2535 451 impiis
2568 392 2815 440 mortuus
2860 392 2944 438 est
2971 385 3037 448 '°,
3071 403 3089 436 1
3137 384 3403 454 paeniteat
3432 384 3486 436 in
3528 386 3601 439 his

352 485 577 542 regnum
604 485 767 540 grave
795 481 896 524 est.
929 468 1189 541 lniquitas
1219 473 1361 527 enim
1395 483 1477 527 est
1506 489 1626 543 qua:
1660 475 1814 528 sedet
1835 490 1924 529 su-

350 580 448 634 per
477 562 731 619 talentum
767 563 971 632 plumbi
1005 566 1045 617 ⁸.
1079 565 1326 620 Christus
1363 576 1543 621 autem
1595 567 1682 621 ubi
1715 581 1924 636 regnat,

352 657 424 714 ibi
464 653 1084 726 superabundantgratia
1099 654 1373 722 etjustitia
1416 657 1468 711 in
1497 659 1606 712 vita
1630 669 1853 718 aeterna.

423 749 475 802 7.
517 767 539 801 ι
572 749 710 817 Quid
756 765 886 821 ergo
916 750 1200 805 dicemus?
1230 750 1681 807 Permanebimus
1714 754 1766 806 in
1795 768 1924 821 pec-

351 848 495 904 cato,
528 852 586 896 ttt
623 843 801 914 gratia
851 843 1139 897 abundet?
1169 843 1342 900 Absit.
1389 843 1490 911 Qui
1530 846 1675 900 enim
1727 849 1924 902 mortui

351 949 540 988 sumus
568 943 818 1004 peccato,
849 935 1118 1003 quomodo
1158 936 1334 990 adhuc
1360 935 1605 992 vivemus
1636 937 1688 992 in
1721 939 1818 994 e07
1850 940 1874 992 ?
1901 959 1921 991 1

351 1025 620 1094 Quoniam
662 1026 913 1097 superius
937 1025 959 1056 ⁸
991 1026 1225 1090 dixerat,
1255 1026 1381 1096 quia
1411 1046 1430 1079 ι
1485 1027 1574 1082 ubi
1629 1030 1927 1084 abundavit

351 1127 659 1185 peccatum,
715 1115 1175 1186 superabundavit
1222 1117 1417 1182 gratia,
1456 1135 1476 1168 1
1516 1127 1828 1172 nascentem
1859 1133 1922 1172 ex

353 1208 456 1264 hoc
487 1208 845 1278 quaestionem
895 1222 1038 1261 nunc
1089 1207 1190 1262 sibi
1227 1208 1340 1274 ipse
1388 1209 1660 1277 proponit,
1710 1209 1838 1277 quia
1879 1210 1924 1265 si

351 1300 676 1356 abundantia
707 1299 914 1368 peccati
947 1298 1137 1368 gratiae
1158 1300 1714 1364 superabundantiam
1761 1301 1921 1370 parit,

348 1407 484 1462 ergo
515 1391 849 1462 peccandum
896 1400 1000 1454 est,
1045 1399 1106 1445 ut
1135 1391 1307 1461 gratia
1350 1391 1470 1461 plus
1504 1393 1761 1448 abundet.
1818 1393 1924 1448 Sed

351 1485 742 1540 absolutionem
776 1484 940 1538 citam
988 1482 1100 1555 (51)
1143 1483 1458 1554 quaestionis
1507 1485 1750 1540 ostendit
1800 1501 1922 1541 cum

350 1577 524 1642 dicit,
566 1593 585 1628 ι
627 1575 783 1630 Absit
817 1593 831 1630 :
874 1593 893 1627 1
934 1586 988 1630 et
1040 1576 1299 1632 continuo
1356 1574 1589 1644 subjecit
1633 1577 1920 1640 rationem,

343 1673 595 1725 mortuos
624 1669 810 1724 dicens
851 1683 972 1724 esse
1019 1679 1242 1739 peccato
1277 1683 1372 1725 eos
1425 1671 1478 1725 in
1526 1671 1724 1741 quibus
1754 1673 1925 1726 abun-

349 1759 558 1816 daverit
613 1761 812 1832 gratia.
859 1759 1077 1815 Certum
1126 1768 1213 1814 est
1249 1769 1432 1815 autem
1495 1770 1765 1816 mortuum
1796 1777 1923 1832 pec-

347 1862 470 1907 cato
520 1861 858 1921 peccatorem
909 1866 1030 1906 esse
1085 1866 1190 1906 non
1241 1866 1402 1921 posse
1441 1851 1575 1924 (52).
1632 1852 1747 1907 Non
1793 1869 1922 1924 ergo

346 1959 667 2016 permanere
695 1944 898 2015 poterit
937 1945 988 1998 in
1020 1952 1245 2014 peccato
1275 1945 1365 2014 qui
1396 1956 1644 2001 mortuus
1673 1956 1758 2002 est
1797 1963 1922 2016 pec-

347 2047 488 2094 cato.
531 2037 726 2092 Verum
762 2038 876 2092 haec
910 2047 968 2090 ut
1015 2037 1258 2107 apertius
1299 2036 1624 2103 clarescant,
1672 2041 1920 2109 requira-

347 2147 468 2186 mus
493 2131 618 2200 quid
653 2139 736 2184 est
779 2130 963 2185 vivere
995 2138 1243 2198 peccato,
1275 2139 1332 2185 et
1357 2131 1486 2200 quid
1511 2141 1596 2186 est
1626 2133 1762 2187 mori
1790 2147 1919 2202 pec-

345 2234 490 2282 cato.
545 2223 697 2280 Sicut
745 2222 853 2276 Deo
912 2221 1095 2277 vivere
1126 2222 1329 2278 dicitur
1378 2222 1426 2277 is
1474 2223 1568 2292 qui
1621 2226 1919 2281 secundum

347 2313 680 2369 voluntatem
718 2311 810 2366 Dei
841 2311 990 2373 vivit,
1018 2312 1090 2366 ita
1136 2319 1190 2368 et
1235 2320 1459 2380 peccato
1493 2315 1675 2369 vivere
1720 2315 1920 2372 dicitur

345 2406 393 2462 is
423 2407 513 2476 qui
545 2405 843 2460 secundum
884 2403 1210 2459 voluntatem
1242 2407 1449 2472 peccati
1484 2407 1636 2474 vivit,
1683 2416 1741 2462 ut
1774 2409 1914 2464 idem

346 2500 592 2569 designat
637 2497 948 2569 Apostolus,
981 2513 1105 2552 cum
1149 2498 1321 2553 dicit:
1358 2517 1377 2550 t
1415 2498 1530 2555 Non
1563 2516 1694 2572 ergo
1731 2513 1917 2574 regnet

342 2604 624 2662 peccatum
654 2593 706 2645 in
742 2601 922 2646 vestro
945 2591 1158 2645 mortali
1190 2605 1438 2660 corpore,
1464 2594 1530 2647 ad
1559 2595 1914 2652 obediendum

345 2685 630 2739 desideriis
659 2683 778 2753 ejus
807 2683 884 2738 ’.1
919 2681 976 2736 10
1008 2695 1114 2751 quo
1141 2683 1381 2738 ostendit
1405 2686 1546 2753 quod
1580 2686 1801 2742 obedire
1825 2690 1919 2742 de-

343 2777 558 2833 sideriis
589 2775 818 2847 peccati,
853 2774 957 2829 hoc
991 2782 1073 2828 est
1102 2774 1282 2827 vivere
1306 2786 1550 2843 peccato.
1582 2777 1731 2844 Quod
1763 2779 1806 2833 si
1836 2778 1916 2833 fa-

340 2884 470 2926 cere
499 2869 766 2924 desideria
797 2868 1004 2938 peccati
1042 2877 1263 2935 peccato
1300 2871 1481 2927 vivere
1520 2880 1636 2936 est;
1690 2886 1809 2944 non~
1835 2873 1915 2926 fa-

341 2977 470 3018 cere
507 2960 774 3017 desideria
803 2960 1035 3030 peccati,
1080 2974 1181 3014 nec
1225 2960 1446 3015 obedire
1477 2962 1736 3016 voluntati
1773 2963 1909 3030 ejus,

333 3058 446 3114 ‘boc
472 3065 552 3111 est
581 3055 716 3110 mori
749 3065 1013 3123 peccato:
1049 3057 1189 3122 quod
1235 3065 1412 3109 tamen
1455 3066 1734 3124 peccatum
1769 3059 1911 3112 velut
1939 3083 1983 3143 ρ

340 3151 522 3205 sedem
559 3149 845 3216 quamdam
886 3155 940 3201 et
969 3147 1160 3202 solium
1191 3151 1336 3217 regni
1369 3150 1448 3203 sui
1493 3150 1543 3202 in
1575 3159 1760 3206 nostro
1788 3167 1912 3207 cor-

341 3258 473 3312 pore
521 3241 839 3296 collocatum
896 3239 1096 3296 habere
1128 3241 1258 3295 dicit
1286 3240 1596 3310 Apostolus.
1631 3243 1723 3298 Est
1762 3246 1910 3301 enim

342 3333 664 3388 fauiiliarior
685 3333 735 3387 ei
758 3347 884 3401 pars
911 3333 1011 3386 ista
1042 3332 1361 3388 substantia;
1387 3343 1440 3388 et
1467 3335 1636 3390 amica
1667 3338 1910 3406 quaedam

341 3442 462 3478 cum
491 3425 669 3480 carnis
698 3425 1064 3492 voluptatibus
1093 3424 1326 3480 societas
1357 3425 1494 3496 (55),
1517 3442 1586 3482 ex
1619 3443 1722 3498 qua
1756 3446 1913 3485 ocea-

338 3519 524 3573 sionos
551 3516 884 3571 iucitamenti
915 3516 1176 3571 naturalis
1205 3531 1510 3584 assumens,
1543 3536 1708 3590 parvo
1735 3522 1913 3576 diver-

335 3611 506 3666 ticulo
531 3611 585 3666 in
613 3609 965 3680 praecipitium
993 3609 1184 3663 mortis
1215 3616 1422 3665 natura:
1449 3613 1693 3668 ordinem
1716 3615 1906 3685 vergit.

335 3703 448 3762 Sed
499 3711 557 3756 ut
599 3701 740 3771 quod
779 3699 1011 3757 dicimus
1053 3701 1232 3758 adhuc
1280 3704 1520 3773 apertius
1567 3706 1905 3776 explanetur,

333 3795 564 3864 exempli
590 3810 811 3854 causam
841 3809 1124 3864 ponamus.
1145 3794 1434 3850 Naturales
1462 3799 1800 3865 appetentias
1817 3799 1907 3853 ha-

333 3892 421 3947 bet
444 3904 572 3946 caro
594 3889 696 3944 cibi
729 3897 785 3944 ct
833 3896 991 3958 potus
1013 3929 1029 3953 ,
1061 3903 1179 3958 quae
1231 3890 1372 3944 intra
1417 3900 1596 3945 certas
1630 3906 1909 3948 mensuras

333 3982 663 4038 sutlicieutize
685 3980 1066 4042 continentur;
1112 3996 1246 4050 quas
1279 3983 1322 4036 si
1355 3982 1476 4050 quis
1519 3985 1746 4037 excedat
1785 4001 1909 4054 per-

332 4074 590 4134 suasione
617 4073 844 4142 peccati,
870 4071 981 4141 jam
1014 4086 1119 4127 non
1164 4073 1343 4126 cibum
1369 4083 1424 4127 et
1471 4082 1660 4143 potum
1683 4076 1774 4144 qui
1812 4092 1906 4130 na-

333 4177 468 4219 tura;
512 4163 728 4229 sutIicit,
757 4179 922 4230 caro,
973 4161 1065 4218 sed
1108 4162 1380 4218 luxuriam
1427 4164 1906 4236 temulentiamque

330 4258 595 4328 deposcit.
625 4257 796 4313 Simili
820 4259 985 4313 etiam
1020 4259 1179 4312 modo
1228 4259 1368 4314 inest
1398 4261 1548 4314 carni
1579 4260 1901 4317 incitamen-

331 4360 443 4403 tum
472 4348 744 4413 naturale,
766 4363 873 4418 quo
902 4347 1116 4403 misceri
1144 4347 1359 4403 femina:
1385 4364 1550 4403 causa
1585 4355 1900 4419 reparanda:

2029 475 2299 539 omnibus,
2320 485 2375 530 et
2401 477 2543 530 velut
2569 477 2862 543 pessimum
2892 489 3072 546 regem
3099 487 3415 547 regnantem
3439 476 3492 529 in
3515 492 3598 530 sua

2027 582 2192 621 carne
2219 567 2474 636 depellat,
2505 568 2849 638 alienumque
2889 586 2949 625 se
2976 571 3043 624 ab
3079 569 3193 637 ejus
3222 568 3507 622 desideriis
3536 568 3599 622 fa-

2027 657 2133 710 ciat
2169 673 2232 730 a_c
2256 659 2558 728 prmeeptis,
2598 659 2702 713 iste
2728 672 2852 712 vere
2876 659 2987 730 (54)
3023 675 3117 728 per
3153 670 3386 714 mortem
3413 659 3594 714 Christi

2028 763 2253 821 peccato
2282 762 2530 807 mortuus
2558 769 2678 809 esse
2710 755 2928 809 dicitur.
2964 753 3060 810 llic
3107 763 3290 809 autem
3331 764 3595 823 peccatum

2029 843 2200 913 ipsum
2233 843 2434 912 peccati
2479 855 2762 899 auctorem
2799 844 3040 898 arbitror
3067 844 3365 899 nominari.
3400 845 3458 898 Si
3483 859 3595 916 ergo

2029 935 2258 988 moritur
2278 935 2400 1004 quis
2425 944 2671 1005 peccato,
2701 946 2908 990 certum
2928 943 3013 990 est
3042 935 3169 1004 quia
3209 950 3307 1002 per
3333 936 3582 1004 paeniten-

2031 1027 2158 1082 tiam
2202 1028 2458 1088 moritur.
2493 1027 2778 1096 Quomodo
2812 1043 2942 1098 ergo
2995 1029 3116 1097 quis
3157 1028 3500 1104 permanebit
3544 1029 3591 1080 iu

2028 1126 2250 1185 peccato
2281 1124 2338 1171 ut
2367 1119 2542 1186 gratia
2575 1119 2836 1180 abundet,
2868 1132 2991 1172 cum
3031 1118 3204 1186 gratia
3248 1133 3316 1171 ex
3344 1131 3413 1172 eo
3443 1117 3595 1170 abun-

2025 1209 2138 1272 det,
2163 1209 2304 1277 quod
2335 1218 2556 1277 peccato
2581 1209 2702 1277 quis
2743 1207 2968 1261 moritur
2985 1209 3008 1260 1
3025 1207 3080 1262 Si
3107 1208 3250 1261 enim
3291 1222 3596 1277 permanea-

2029 1313 2172 1362 mus,
2218 1307 2279 1352 ut
2317 1299 2668 1368 proponitur,
2703 1298 2754 1350 in
2803 1307 3052 1365 peccato,
3097 1308 3307 1350 certum
3356 1308 3443 1351 est
3485 1299 3594 1364 quia

2029 1405 2132 1444 non
2164 1391 2449 1454 morimur,
2482 1391 2576 1444 sed
2619 1390 2852 1444 vivimus
2876 1397 3099 1459 peccato
3127 1405 3142 1442 :
3175 1389 3485 1442 viventibus
3512 1405 3594 1442 au-

2029 1493 2132 1537 tem
2174 1492 2398 1551 peccato
2430 1481 2603 1552 gratia
2637 1497 2741 1535 non
2785 1490 2963 1550 potest
3001 1481 3302 1536 abundare.
3356 1479 3596 1550 Requiri-

2028 1585 2113 1630 tur
2145 1590 2305 1637 sane,
2333 1575 2377 1630 si
2409 1575 2460 1628 in
2493 1573 2624 1628 solis
2669 1574 2977 1629 hominibus
3023 1573 3429 1642 superabundet
3481 1591 3596 1644 gra-

2029 1670 2122 1729 tia.
2153 1669 2204 1722 in
2231 1667 2429 1738 quibus
2454 1667 2754 1720 abundavit
2777 1663 3070 1735 aliquando
3103 1674 3388 1734 peccatum
3421 1681 3438 1732 ;
3466 1676 3517 1720 et
3537 1682 3595 1720 an

1957 1730 1998 1786 Β
2025 1761 2079 1814 10
2106 1730 2687 1828 0011050001-01100001
2718 1730 2914 1827 gratia,
2950 1755 3050 1809 nisi
3097 1730 3151 1810 in
3177 1772 3286 1826 quo
3312 1730 3598 1812 abundavit

2025 1862 2349 1922 peccatum;
2377 1849 2538 1921 560
2589 1863 2658 1903 an
2689 1858 2745 1904 et
2778 1848 2829 1902 iu
2874 1847 3140 1916 aliquibus
3187 1857 3370 1918 potest
3420 1865 3598 1918 super-

2023 1945 2300 1998 abundare
2331 1943 2527 2014 gratia,
2559 1943 2613 1996 in
2649 1940 2846 2010 quibus
2876 1957 3148 2012 nunquam
3181 1942 3263 1995 vel
3294 1943 3596 1998 abundave-

2023 2037 2115 2100 rit,
2166 2035 2248 2091 vel
2302 2033 2471 2090 fuerit
2513 2043 2822 2103 peccatum.
2873 2034 2939 2089 Et
2964 2037 3008 2090 si
3043 2035 3164 2104 quis
3193 2034 3327 2088 illud
3378 2036 3596 2100 aSpiciat

2020 2129 2162 2198 quod
2195 2128 2328 2184 dicit
2359 2128 2672 2197 Apostolus,
2699 2129 2827 2196 quia
2860 2147 2878 2179 t
2900 2127 3202 2197 pacilicavit
3230 2127 3485 2182 Christus
3507 2142 3598 2195 per

2019 2221 2339 2291 sanguinem
2370 2236 2526 2276 suum
2561 2236 2662 2275 non
2693 2221 2865 2275 solum
2894 2235 3013 2290 qua:
3050 2221 3102 2274 in
3139 2221 3300 2274 terris
3327 2229 3479 2285 sunt,
3510 2220 3594 2274 sed

2019 2322 2072 2368 et
2101 2327 2221 2382 qum
2251 2313 2302 2366 in
2339 2312 2491 2368 caelis
2515 2313 2594 2378 “;
2631 2333 2649 2365 1
2678 2323 2732 2367 et
2761 2312 2912 2379 illud,
2932 2330 2951 2363 t
2984 2312 3051 2368 Ut
3075 2313 3191 2367 sine
3221 2312 3334 2366 Deo
3363 2327 3462 2382 pro
3484 2329 3596 2367 om-

2019 2411 2178 2464 nibus
2202 2417 2446 2477 gustaret
2473 2418 2702 2463 mortem
2735 2409 2776 2439 ¹²
2809 2407 2943 2477 (55),
2986 2425 3005 2457 1
3038 2406 3248 2476 putabit
3272 2415 3329 2461 et
3355 2407 3428 2462 ibi
3453 2408 3596 2461 simi-

2018 2501 2142 2555 liter
2171 2501 2405 2572 aliquam
2452 2500 2839 2554 abundantiam
2869 2498 3037 2553 fuisse
3075 2498 3311 2564 peccati,
3350 2507 3414 2553 ut
3454 2499 3593 2553 nihi-

2017 2593 2249 2649 lominus
2307 2593 2472 2647 etiam
2528 2593 2712 2662 gratia:
2761 2591 3254 2662 superabundantia
3305 2591 3489 2646 ﬁeret.
3538 2591 3590 2644 Si

2016 2700 2144 2739 vero
2172 2685 2240 2740 ad
2276 2685 2375 2740 hoc
2400 2684 2542 2754 quod
2572 2687 2823 2755 superior
2847 2683 3007 2738 lectio
3036 2684 3494 2739 commemoravit
3517 2695 3594 2737 at-

2018 2779 2227 2843 tendas,
2263 2778 2352 2831 tibi
2382 2787 2663 2847 peccatum
2718 2777 2771 2829 in
2814 2777 2957 2831 hunc
2993 2776 3255 2830 tnundum
3302 2791 3400 2844 per
3431 2791 3590 2829 unum

2016 2869 2288 2925 hominem
2331 2871 2528 2924 dicitur
2580 2868 2693 2940 (56)
2753 2870 3044 2934 introisse,
3079 2877 3134 2922 et
3186 2882 3283 2936 per
3313 2879 3590 2936 peccatum

2014 2975 2160 3014 mors
2187 2958 2320 3031 (57),
2351 2968 2406 3014 et
2431 2960 2502 3012 ita
2524 2960 2574 3012 in
2591 2974 2775 3014 omnes
2794 2960 3148 3029 pertransisse
3166 2959 3208 2990 ¹³
3227 2975 3242 3025 ;
3258 2960 3406 3014 dices
3425 2975 3490 3014 ex
3509 2960 3592 3014 illo

2016 3049 2170 3103 initio
2205 3049 2422 3120 prodire
2443 3052 2608 3105 etiam
2641 3051 2740 3104 ista
2783 3065 2901 3118 quae
2927 3050 3197 3104 habentur
3230 3051 3285 3102 in
3321 3051 3590 3116 manibus,

2017 3151 2074 3195 ut
2104 3141 2170 3196 de
2195 3142 2279 3196 bis
2300 3142 2430 3196 solis
2451 3158 2570 3212 qua:
2592 3143 2645 3198 iu
2674 3143 2829 3196 initio
2851 3144 3126 3212 proposuit
3143 3143 3462 3211 Apostolus,
3484 3154 3591 3197 tra-

2015 3245 2165 3290 ctare
2199 3235 2466 3300 videatur,
2496 3236 2547 3289 id
2579 3247 2684 3300 cst,
2715 3251 2833 3305 quae
2860 3238 2927 3291 ad
2954 3237 3201 3292 homines
3221 3239 3591 3292 tantummodo

2015 3335 2285 3393 spectant.
2318 3322 2728 3381 Observandum
2759 3341 2893 3382 sane
2922 3336 3005 3382 est
3033 3343 3192 3397 quam
3233 3330 3428 3383 librato
3477 3345 3589 3383 scr-

2014 3432 2172 3472 mone
2207 3433 2334 3472 usus
2367 3419 2438 3472 sit
2471 3419 2768 3487 Apostolus
2806 3430 2861 3472 ut
2894 3420 3099 3475 diceret
3133 3438 3148 3475 :
3181 3440 3199 3472 1
3239 3420 3588 3477 Permanebi-

2011 3524 2130 3564 mus
2181 3509 2234 3562 in
2282 3521 2504 3578 peccato
2546 3510 2643 3565 “‘2
2681 3531 2700 3564 1
2730 3510 3061 3568 Permanere
3121 3529 3393 3582 namque,
3424 3527 3514 3569 est
3556 3531 3586 3568 ι

2009 3611 2186 3672 coepto
2211 3618 2316 3656 non
2343 3604 2608 3660 desinere.
2636 3606 2787 3674 Quod
2824 3608 3007 3677 utique
3037 3608 3079 3661 si
3103 3609 3228 3677 quis
3259 3607 3443 3672 faciat,
3465 3624 3587 3663 cer-

2012 3708 2122 3753 tum
2141 3710 2224 3755 est
2240 3702 2380 3768 quod
2401 3715 2499 3755 nec
2523 3701 2734 3756 initium
2754 3700 3121 3756 conversionis
3137 3703 3432 3771 acceperit.
3453 3701 3588 3756 illud

2008 3804 2184 3847 autem
2223 3794 2492 3850 interdum
2523 3795 2738 3858 accidit,
2763 3803 2822 3848 ut
2861 3808 2964 3848 non
3004 3793 3224 3863 quidem
3263 3806 3589 3863 permaneat

2007 3887 2128 3952 quis
2155 3886 2206 3940 iu
2246 3893 2494 3954 peccato,
2531 3886 2624 3941 sed
2668 3901 2788 3940 cum
2839 3885 3082 3949 desierit,
3131 3900 3350 3940 rursum
3401 3887 3588 3941 redeat

2009 3981 2074 4032 ad
2101 3981 2385 4044 vomitum,
2404 3990 2458 4034 et
2488 3980 2582 4034 [iat
2613 3979 3038 4043 infelicissimus,
3066 3990 3125 4034 ut
3149 3991 3272 4051 post
3297 3981 3585 4050 depulsum

2005 4086 2035 4125 a
2065 4087 2124 4126 se
2158 4071 2270 4142 (58)
2302 4088 2519 4142 regnum
2558 4073 2761 4140 peccati
2791 4080 2843 4126 et
2878 4073 3086 4139 mortis,
3115 4084 3169 4126 et
3198 4089 3430 4144 regnum
3463 4076 3586 4127 vitae

1999 4158 2332 4230 justitiacque
2364 4172 2694 4231 susceptum,
2745 4163 2942 4216 iterum
2973 4177 3032 4217 se
3060 4163 3417 4218 dominationi
3462 4180 3585 4234 pec-

2004 4255 2109 4309 cati
2143 4256 2452 4311 substernat
2474 4265 2530 4312 et
2563 4257 2770 4312 mortis.
2798 4256 2864 4312 Et
2903 4257 3005 4311 ista
3040 4266 3170 4311 sunt
3201 4272 3325 4327 qua:
3358 4259 3582 4312 naufra-

2004 4349 2091 4416 gia
2146 4348 2266 4404 ﬁdei
2309 4347 2542 4418 appellat
2590 4347 2883 4415 Apostolus
2927 4348 2991 4402 η.
3025 4346 3415 4406 Verumtamen
3468 4351 3580 4424 (59)

329 4441 690 4504 successionis
712 4449 1008 4511 exposcat;
1039 4443 1133 4496 sed
1163 4440 1208 4496 si
1239 4455 1302 4496 ex
1333 4440 1436 4496 hac
1465 4443 1750 4497 occasione
1779 4457 1899 4511 per-
1927 4447 1976 4506 ι)
2001 4441 2248 4510 quamvis
2295 4449 2608 4509 permaneat
2639 4441 2761 4510 quis
2809 4442 2861 4495 in
2914 4451 3156 4511 peccato,
3199 4445 3456 4512 quamvis
3482 4447 3579 4500 sub

328 4535 590 4590 suadente
611 4544 833 4603 peccato
865 4533 1166 4589 declinetur
1197 4549 1226 4587 a
1257 4533 1394 4604 lege,
1423 4542 1479 4588 et
1501 4534 1761 4588 naturalis
1786 4533 1900 4590 libi-

327 4628 471 4684 dinis
499 4637 677 4682 motus
693 4627 758 4684 ad
785 4627 972 4682 illicita
996 4628 1362 4693 concitentur,
1397 4636 1621 4696 peccato
1653 4628 1783 4682 vivit
1804 4628 1895 4698 qui

321 4719 382 4772 in
406 4719 491 4774 his
516 4719 741 4790 singulis
771 4737 878 4775 non
903 4721 996 4774 Dei
1027 4719 1156 4791 legi,
1187 4720 1279 4775 sed
1301 4721 1507 4790 peccati
1534 4722 1894 4789 persuasioni-

321 4810 428 4868 bus
471 4821 646 4882 paret.
680 4811 738 4867 Si
778 4827 907 4884 ergo
956 4813 1317 4868 commonitus
1343 4813 1466 4882 quis
1491 4823 1665 4866 morte
1693 4814 1894 4869 Christi

395 4903 418 4935 ³
447 4903 634 4958 Matth.
662 4919 738 4968 ιι,
773 4905 863 4962 '50.
940 4906 961 4938 ⁶
984 4904 1151 4960 Zach.
1182 4921 1236 4968 v,
1266 4905 1316 4970 7,
1362 4906 1414 4961 8.
1493 4907 1512 4937 τ
1545 4905 1704 4960 Rom.
1750 4923 1827 4972 vr,
1850 4909 1907 4972 1,
1929 4911 1988 4963 2.
2079 4908 2102 4940 ⁸
2137 4907 2253 4961 Bon

395 4973 600 5029 Coloss.
649 4989 688 5034 I.
710 4976 802 5031 20.
877 4977 920 5008 “
952 4976 1113 5032 llebr.
1143 4992 1205 5034 tt.
1229 4975 1282 5030 9.
1362 4978 1406 5008 ³³
1437 4977 1590 5031 Rom.
1619 4993 1669 5034 v.
1705 4977 1794 5033 12.
1867 4981 1906 5011 ¹¹
1935 4981 2092 5034 Rom.
2124 4994 2204 5034 vt.
2228 4979 2253 5031 1

1483 4993 1590 5031 um.
1619 4993 1669 5043 v,
1705 4993 1794 5033 12.
1867 4993 1906 5011 "
1935 4993 2092 5034 nom.
2124 4994 2204 5044 Vt,
2228 4993 2280 5031 ι.

322 4974 369 5006 ⁸⁸
393 4973 600 5029 001055.
649 4989 688 5037 ι.
710 4976 802 5031 20.
877 4977 920 5008 ¹¹
952 4976 1113 5032 llebr.
1143 4992 1205 5042 tt,
1229 4975 1282 5030 9.

394 5069 508 5142 (51)
540 5069 704 5142 Editi,
737 5091 764 5142 1
796 5073 984 5136 etiam,
1021 5092 1040 5124 1
1071 5073 1228 5127 male.

393 5140 508 5212 (52)
539 5140 666 5198 Mss.
694 5141 933 5213 plures,«
961 5153 1230 5198 mortuum
1259 5158 1484 5212 peccare
1517 5160 1623 5199 non
1656 5159 1845 5214 posse;
1871 5167 1891 5198 1

323 5210 418 5277 aL,
443 5210 774 5293 emortuum
810 5225 1144 5283 peccatorem
1179 5210 1300 5270 esse
1338 5231 1444 5269 non
1489 5210 1670 5284 posse.
1720 5233 1740 5267 1
1787 5210 1896 5272 sed

323 5284 524 5336 rectius
554 5293 613 5336 ut
647 5284 698 5337 in
731 5295 917 5338 nostro
946 5294 1115 5338 textu.

393 5352 506 5425 (55)
536 5351 793 5408 Societas.
847 5355 1008 5408 Deest
1047 5356 1099 5408 in
1156 5354 1309 5409 libris
1355 5365 1510 5410 antea
1556 5358 1738 5412 editis.
1788 5357 1888 5414 Ms.

325 5424 466 5477 unus
494 5440 590 5493 pro
619 5442 638 5476 ‹
677 5424 911 5481 societas
957 5443 976 5475 1
1010 5425 1172 5480 habet
1199 5442 1220 5475 ‹
1268 5426 1523 5494 obligatio
1556 5469 1574 5493 ,
1620 5446 1638 5479 1
1670 5439 1726 5483 et
1755 5429 1892 5485 alter

319 5507 417 5560 pro
455 5512 473 5544 1
518 5495 880 5563 voluptatibus
909 5513 927 5546 1
961 5495 1122 5549 habet
1179 5513 1197 5545 t
1231 5496 1526 5551 voluntate.
1560 5517 1581 5550 1

392 5563 507 5698 (51)
557 5561 699 5618 Vere.
729 5565 785 5618 In
809 5567 967 5620 editis
988 5566 1275 5620 omittitur.

418 5632 508 5698 35)
545 5631 634 5686 Sic
664 5650 792 5688 mss.
822 5638 992 5690 nostri
1021 5651 1230 5689 omnes.
1262 5637 1275 5686 ε

245 5614 275 5687 ἐ
545 5614 639 5708 Sic
657 5614 1242 5708 iidéiia'iih‘diéé.
1262 5614 1586 5691 Salodianus
1613 5652 1762 5700 vero,
1787 5657 1806 5688 ε
1825 5649 1880 5693 et

328 5698 456 5758 illm!
478 5698 626 5760 velut
646 5705 764 5762 sine
796 5706 910 5764 Deo
934 5708 1051 5766 sine
1084 5708 1250 5764 dubio
1299 5723 1396 5775 pro
1419 5708 1669 5764 omnibus
1694 5698 1878 5777 gusta-

2008 4533 2193 4588 mortis
2223 4548 2389 4604 regno
2434 4542 2488 4589 et
2517 4542 2785 4602 potestate
2823 4535 3116 4603 perduret,
3147 4550 3256 4590 non
3292 4547 3477 4591 tamen
3509 4538 3576 4592 ita

2003 4635 2265 4680 aeternum
2294 4625 2438 4680 istud
2485 4627 2677 4680 mortis
2719 4641 2840 4682 esse
2887 4626 3128 4682 arbitror
3159 4641 3384 4697 regnum
3417 4629 3576 4700 (59‘),

2005 4731 2063 4774 ut
2085 4730 2170 4775 est
2204 4720 2326 4773 vitm
2353 4730 2514 4790 atque
2535 4719 2786 4785 iustitiae;
2813 4719 3046 4774 maxime
3068 4735 3191 4775 cum
3223 4721 3600 4776 novissimum'

2005 4813 2278 4867 inimicum
2308 4823 2534 4866 mortem
2564 4812 2632 4865 ab
2652 4811 2910 4882 Apostolo
2925 4812 3035 4882 (60)
3053 4813 3272 4869 audiam
3291 4815 3574 4869 destruen-

2079 4908 2102 4940 ⁸
2137 4907 2292 4961 Rom.
2331 4921 2384 4969 ν,
2411 4906 2500 4960 20.
2596 4908 2616 4938 °
2650 4905 2816 4965 Rom.,
2851 4921 2924 4972 vr,
2969 4905 3057 4964 12.
3157 4906 3202 4937 ¹⁰
3248 4906 3406 4963 Rom.
3439 4924 3493 4972 v,
3519 4909 3566 4961 6.

2079 5016 2092 5033 .
2124 4994 2204 5033 Vt.
2228 4979 2280 5031 1.
2361 4977 2796 5033 ¹⁵1Τ101.ι.19.

2519 4994 2607 5031 1111.
2641 4993 2680 5041 1,
2709 4993 2796 5033 ιν.

1998 5083 2083 5129 ret
2135 5083 2383 5127 mortem.
2431 5092 2450 5124 1
2489 5071 2680 5127 Caeteri
2726 5073 2891 5138 editi,
2935 5080 2988 5127 et
3020 5090 3040 5124 ε
3086 5070 3222 5126 illud
3256 5070 3384 5126 velit
3428 5072 3568 5142 quod

1994 5146 2110 5200 sine
2144 5145 2304 5198 dubio
2337 5160 2437 5213 pro
2459 5145 2712 5198 omnibus
2731 5144 2962 5213 gustarit
2998 5153 3253 5200 mortem.
3279 5161 3300 5194 1

2064 5214 2174 5284 (56)
2207 5215 2374 5278 Alias,
2408 5233 2427 5265 ί
2461 5215 2614 5276 dicit,
2657 5234 2674 5266 1
2703 5215 2862 5270 male.

2063 5285 2177 5357 (57)
2211 5285 2374 5350 Editi,
2410 5297 2718 5357 «nmortetn.
2751 5306 2768 5337 1

2063 5355 2176 5428 (58)
2215 5359 2356 5428 Asc.
2391 5355 2558 5428 Alias,
2594 5374 2611 5406 1
2647 5357 2700 5409 10
2728 5371 2806 5410 se.
2843 5375 2861 5407 1

2059 5422 2351 5550 (59)1ἔὶάθ
2421 5425 2860 5495 Origeuiauorum
2917 5425 3012 5481 lib.
3067 5440 3142 5488 ιι,
3199 5434 3390 5495 quast.
3454 5422 3562 5491 11,

2059 5516 2141 5550 un.
2247 5535 2261 5548 .

1991 5516 2141 5554 nllﬂl.
2174 5516 2261 5550 ‘IO.

2083 5567 2195 5633 59‘)
2237 5567 2404 5623 Caute
2433 5566 2569 5637 lege.

1985 5709 2018 5766 d
2059 5636 2172 5712 (60)
2203 5637 2371 5706 Alias,
2422 5658 2440 5691 ι
2484 5636 2832 5694 novissimam
2872 5636 3244 5693 inimicam...
3279 5637 3552 5700 destruen-

2023 5726 2127 5765 alll.
2163 5730 2182 5763 1

2023 5726 2127 5765 alii.
2163 5730 2182 5763 1
