3692 6138
355 308 494 362 1059

1842 303 2160 359 ORIGENIS

3473 312 3592 365 1030

359 428 548 477 sancto
593 418 804 475 tradere
837 433 932 490 per
981 418 1293 492 Scripturas
1337 421 1479 492 quod
1519 429 1575 477 et
1621 422 1925 493 sepulcrum
1957 425 2002 485 Α
2031 423 2113 477 vel
2164 422 2380 477 Patrem
2449 421 2788 485 nominaret,
2851 421 2937 477 vel
2995 421 3257 492 Spiritum
3328 437 3587 477 sanctum.

360 527 558 568 novum
589 509 750 566 fuerit
781 512 832 566 in
861 527 970 582 quo
1007 513 1251 582 sepultus
1290 523 1373 569 est
1405 514 1582 579 Jesus,
1624 525 1679 570 et
1711 515 1851 584 quod
1876 515 1928 568 in

361 605 592 662 sindone
623 604 820 660 munda
854 606 1139 661 obvolutus
1171 607 1242 661 sit
1271 609 1351 662 ἐς
1385 617 1439 661 ιιι
1469 608 1607 663 sciat
1635 607 1814 663 omnis
1836 607 1928 678 qui

357 698 681 769 consepeliri
711 697 825 753 vult
851 696 1066 753 Christo
1105 713 1201 768 per
1227 698 1572 768 baptismum,
1603 698 1739 755 nihil
1774 709 1930 755 vetu-

354 792 519 847 statis
559 794 626 847 ad
683 790 986 861 sepulcrum
1032 803 1251 856 novum,
1301 791 1434 846 nihil
1480 791 1834 847 imtnunditire
1865 792 1931 846 ad

361 884 612 940 mundam
643 883 924 938 sindonem
953 882 1330 939 deferendum.
1366 884 1471 938 lsta
1496 893 1580 940 est
1612 899 1744 954 ergo
1775 885 1929 939 beata

358 990 530 1039 mors,
561 976 628 1031 de
657 990 765 1044 qua
805 975 934 1032 dicit
961 975 1272 1046 Apostolus,
1296 976 1423 1045 quia
1463 994 1481 1028 ι
1527 990 1748 1045 semper
1780 991 1928 1030 mor-

360 1073 469 1121 tem
496 1065 622 1122 Jesu
666 1066 869 1122 Christi
916 1067 970 1121 in
1011 1081 1242 1136 corpore
1294 1075 1483 1122 nostro
1535 1085 1555 1118 ι
1592 1066 1932 1122 circumteri-

356 1173 484 1215 mus
514 1159 559 1191 ²⁹
591 1176 608 1226 ;
638 1167 693 1213 et
728 1159 962 1214 iterum:
996 1178 1014 1212 ε
1053 1157 1306 1226 Quotidie
1343 1160 1545 1214 morior
1583 1160 1649 1214 ³⁰.
1692 1178 1710 1211 ι
1745 1158 1850 1213 Sed
1879 1169 1932 1213 et

331 1252 491 1309 "Illud
514 1267 637 1307 cum
670 1251 806 1306 dicit
835 1271 847 1306 :
892 1271 910 1304 ε
951 1251 1144 1308 Omnia
1172 1261 1352 1306 vestra
1387 1260 1536 1316 sunt,
1565 1251 1679 1307 sive
1710 1251 1930 1315 Paulus,

359 1347 476 1402 sive
507 1343 718 1414 Apollo,
736 1345 850 1399 sive
876 1343 1105 1413 Cephas,
1135 1344 1247 1398 sive
1270 1342 1356 1398 hic
1382 1344 1634 1408 mundus,
1655 1343 1772 1396 sive
1801 1343 1929 1409 vita,

361 1440 474 1494 sive
499 1451 646 1495 mors
671 1437 736 1501 ³⁸,
773 1457 791 1490 ι
827 1445 1053 1493 mortem
1091 1436 1228 1491 hanc
1251 1451 1354 1506 qua
1395 1445 1614 1506 peccato
1651 1435 1930 1499 morimur,

361 1543 418 1588 et
455 1530 672 1586 Christo
718 1530 1117 1600 consepelimur
1171 1537 1473 1583 enumerat.
1517 1529 1717 1584 Verum
1758 1535 1935 1597 potest

362 1625 487 1694 quis
555 1623 609 1678 in
660 1623 745 1677 his
816 1620 949 1677 locis
1014 1625 1292 1690 requirere
1359 1637 1454 1676 cur
1517 1621 1808 1691 Apostolus
1866 1619 1934 1674 de

362 1715 634 1784 baptismo
680 1723 866 1770 nostro
896 1711 1010 1784 (69)
1061 1712 1288 1782 loquens
1317 1723 1370 1768 et
1407 1712 1474 1768 de
1499 1712 1648 1780 Jesu,
1677 1713 1875 1767 dixerit
1916 1732 1929 1768 :

2036 536 2054 567 ι
2091 517 2323 572 Verbum
2360 537 2378 569 ι
2415 520 2557 573 enim
2593 539 2612 572 ι
2652 535 2782 574 caro
2809 519 3008 574 factum
3041 528 3122 572 est
3154 517 3220 580 ³⁸,
3264 536 3284 567 ι
3325 526 3381 570 et
3417 517 3590 570 merito

2033 609 2122 663 ubi
2164 625 2292 666 caro
2318 620 2427 674 est,
2469 612 2539 666 ibi
2561 614 2628 667 de
2654 623 2824 668 morte
2855 620 3140 666 tractatur.
3171 608 3284 664 Nec
3315 609 3587 662 convenie-

2032 704 2124 757 bat
2153 713 2211 758 ut
2248 704 2453 760 diceret
2490 725 2503 759 :
2540 723 2558 756 ι
2592 705 2914 775 Quicunque
2945 701 3210 772 baptizati
3250 716 3446 756 sumus
3482 718 3500 752 ι
3545 700 3587 753 in

2035 796 2252 852 nomine
2282 795 2485 862 Patris,
2517 797 2600 851 vel
2629 797 2681 850 in
2715 797 2931 850 nomine
2981 792 3216 865 Spiritus
3257 793 3464 857 sancti,
3499 809 3518 842 ι
3547 794 3589 845 iu

2035 898 2208 943 morte
2255 889 2424 959 ipsius
2460 889 2716 957 baptizati
2764 904 2971 943 sumus.
3012 904 3030 938 ›
3081 885 3232 940 Unde
3264 885 3592 939 observanda

2033 991 2116 1035 est
2150 995 2212 1034 ex
2264 981 2366 1036 hoc
2407 981 2526 1035 loco
2565 981 2730 1036 etiam
2767 981 2817 1035 in
2861 979 3077 1035 caeteris
3113 978 3225 1048 (76)
3271 978 3597 1032 consuetudo

2034 1078 2293 1147 Apostoli,
2326 1077 2467 1148 quod
2499 1093 2602 1132 non
2627 1093 2842 1148 semper
2865 1093 2988 1132 cum
3013 1077 3216 1146 aliquid
3241 1076 3316 1131 ex
3355 1075 3597 1146 Scriptu-

2037 1169 2110 1224 ris
2135 1171 2379 1234 assumit,
2414 1170 2682 1240 integrum
2720 1181 2924 1224 textum
2966 1169 3253 1224 verborum
3278 1210 3293 1234 ,
3331 1180 3391 1221 ut
3434 1169 3486 1220 in
3515 1183 3599 1222 suo

2034 1261 2153 1317 loco
2179 1263 2385 1332 positus
2409 1271 2515 1325 est,
2544 1264 2807 1330 assumit;
2842 1264 2938 1317 sed
2962 1278 3024 1317 ea
3061 1271 3294 1325 tantum,
3319 1276 3448 1329 quae
3473 1275 3596 1328 pra:-

2037 1357 2209 1411 sentis
2237 1371 2413 1411 causa:
2445 1356 2678 1424 requirit
2708 1357 2975 1417 assertio.
3012 1356 3152 1410 sicut
3187 1366 3240 1409 et
3267 1356 3319 1407 in
3357 1354 3598 1424 praesenti

2036 1463 2285 1504 sermone
2306 1493 2320 1516 ,
2341 1447 2468 1520 quia
2492 1447 2604 1519 (75)
2646 1449 2713 1504 de
2743 1461 2917 1504 morte
2946 1447 3150 1502 Christi
3198 1449 3401 1502 docere
3427 1448 3596 1516 cupie-

2034 1541 2149 1603 bat,
2181 1539 2394 1595 suﬂ'ecit
2424 1539 2533 1612 (76)
2569 1540 2618 1594 ei
2657 1540 2838 1595 dicere
2871 1559 2883 1594 :
2925 1558 2943 1590 ι
2983 1539 3302 1608 Quicunque
3348 1538 3596 1606 baptizati

2037 1625 2196 1697 562
2244 1641 2436 1682 sumus
2464 1629 2516 1681 in
2545 1626 2793 1696 Christo,
2840 1629 2892 1682 in
2934 1637 3111 1684 morte
3142 1630 3315 1698 ipsius
3345 1629 3594 1697 baptizati

2037 1731 2244 1774 sumus.
2287 1737 2306 1769 ι
2344 1717 2468 1772 M-ihi
2498 1733 2628 1772 vero
2661 1733 2727 1772 ne
2766 1719 2895 1772 illud
2927 1720 3144 1788 quidem
3190 1721 3368 1774 otiose
3401 1719 3596 1789 pra'mi-

373 1782 724 1875 «Cousepulti
747 1804 796 1857 ei
819 1782 1007 1858 sumus
1028 1817 1124 1872 per
1141 1804 1462 1873 baptismum
1489 1804 1542 1858 in
1573 1811 1799 1858 mortem
1820 1803 1883 1868 ";
1911 1822 1928 1855 ι
1970 1782 2008 1837 Β
2040 1806 2175 1862 sisse
2205 1808 2257 1862 in
2289 1807 2390 1864 hoc
2413 1807 2651 1876 capitulo
2689 1809 2902 1864 videtur
2935 1782 3226 1878 Apostolus
3253 1782 3555 1878 quod-dicit
3580 1827 3591 1840 ·

361 1903 416 1949 ct
450 1893 575 1948 item
606 1893 732 1948 alibi
769 1893 855 1946 ³³ε
888 1912 906 1944 ι
941 1890 999 1946 Si
1042 1893 1431 1947 commorimur
1457 1893 1527 1960 ei,
1582 1903 1638 1948 et
1679 1895 1933 1949 convivo--

361 2000 511 2052 mus;
553 2005 572 2037 ι
621 1994 677 2039 et.
746 1985 916 2039 item:
965 2002 982 2035 ι
1021 1982 1078 2038 Si
1111 1985 1505 2054 compatimur,
1554 1995 1609 2040 et
1638 1999 1936 2053 conregna-

361 2077 578 2141 bitntts;
630 2094 647 2126 ι
680 2084 734 2129 et
767 2089 1034 2144 nusquam
1081 2073 1219 2128 dixit
1253 2089 1268 2128 :
1297 2074 1517 2130 Christo
1562 2075 1934 2144 conbaptizati

367 2185 590 2236 sumus;
621 2183 744 2224 cum
785 2168 971 2236 utique
1006 2167 1148 2222 sicut
1177 2182 1322 2222 mors
1353 2169 1534 2234 morti,
1563 2177 1617 2222 et
1641 2170 1748 2222 vita
1782 2171 1932 2235 vitae,

364 2265 436 2319 ita
463 2270 517 2318 et
547 2260 842 2330 haptismus
861 2257 1126 2327 baptismo
1150 2257 1385 2312 conferri
1404 2257 1652 2313 debuisse
1670 2258 1934 2312 videatur.

367 2358 471 2413 Sed
499 2355 620 2411 vide
647 2354 698 2408 in
742 2351 986 2422 Apostoli
1021 2342 1216 2405 litteris
1247 2359 1445 2420 quanta
1465 2350 1672 2406 cautela
1705 2352 1775 2406 sit
1809 2369 1823 2418 ;
1861 2351 1937 2406 ait

363 2452 505 2506 enim
558 2469 570 2504 :
613 2468 631 2501 ι
679 2447 999 2515 Quicunque
1051 2444 1307 2514 baptizati
1376 2459 1561 2499 sumus
1616 2446 1670 2500 in
1722 2445 1936 2502 Christo

364 2542 509 2597 Jesu.
546 2559 564 2592 ι
596 2538 848 2594 Nostrum
882 2551 1012 2606 ergo
1040 2536 1307 2607 baptisma
1335 2538 1388 2591 in
1411 2535 1630 2591 Christo
1660 2534 1783 2592 Jesu
1817 2551 1937 2591 esse

364 2636 515 2691 dicit.
542 2634 658 2704 Ipse
695 2641 875 2686 autem
896 2629 1146 2686 Christus
1179 2645 1207 2684 a
1241 2627 1451 2684 Joanne
1484 2628 1790 2698 baptizatus
1822 2629 1934 2700 (70)

365 2728 616 2788 refertur,
651 2742 755 2782 non
779 2741 844 2782 eo
868 2725 1193 2795 baptismate
1218 2723 1359 2792 quod
1392 2721 1444 2776 in
1475 2723 1695 2789 Christo
1717 2731 1822 2789 est,
1841 2723 1934 2778 sed

363 2838 430 2878 eo
458 2822 598 2891 quod
650 2821 702 2874 in
744 2820 862 2890 lege
903 2829 1008 2875 est.
1045 2816 1120 2871 Ita
1161 2817 1304 2873 enim
1344 2824 1397 2872 et
1420 2819 1532 2887 ipse
1557 2819 1634 2872 ait
1663 2818 1728 2871 ad
1765 2816 1934 2873 Joan-

362 2929 488 2968 nem
526 2932 539 2968 :
585 2931 603 2964 ε
641 2911 768 2967 Sine
791 2912 949 2966 modo
981 2925 996 2963 :
1025 2910 1105 2964 sic
1133 2909 1278 2964 enim
1319 2909 1476 2964 decet
1507 2923 1606 2964 nos
1637 2908 1935 2978 adimplere

361 3021 576 3063 onmem
605 3005 871 3076 justitiam
906 3004 970 3056 ³⁵.
1013 3023 1030 3056 ι
1065 3002 1122 3058 In
1156 3019 1264 3074 quo
1292 3003 1549 3066 05tendit,
1580 3003 1727 3073 quod
1757 3003 1936 3073 bapti-

363 3114 514 3155 smus
533 3096 760 3154 Joannis
793 3097 1029 3168 expletio
1055 3107 1173 3152 erat
1199 3104 1469 3162 veterum,
1511 3112 1616 3151 non
1662 3096 1932 3152 inchoatio
1961 3132 2004 3190 α

363 3205 648 3248 novorum.
713 3189 954 3259 Denique
997 3188 1233 3244 refertur
1281 3189 1333 3243 in
1382 3189 1608 3244 Actibus
1659 3190 1933 3260 apostolo-

363 3297 483 3337 rum
526 3282 594 3345 ³⁸,
635 3281 778 3350 quod
812 3281 1029 3350 quidam
1076 3296 1147 3337 ex
1192 3281 1472 3352 discipulis
1519 3280 1613 3351 qui
1662 3283 1933 3352 baptismo

366 3374 595 3431 Joannis
619 3375 840 3430 fuerant
863 3375 1138 3443 liaptizati,
1159 3374 1523 3443 apostolorum
1547 3375 1816 3430 sententia
1844 3391 1934 3432 re-

365 3467 628 3538 baptizati
655 3476 780 3522 sunt
809 3466 860 3519 in
879 3465 1093 3521 nomine
1112 3464 1325 3520 Domini
1350 3463 1500 3520 Jesu.
1530 3485 1548 3516 ι
1574 3465 1890 3535 Quicunque
1909 3485 1927 3519 ι

363 3575 497 3629 ergo
521 3580 541 3614 ι
565 3557 820 3629 baptizati
848 3571 1036 3612 sumus
1055 3555 1168 3626 (7|)
1192 3557 1246 3610 in
1263 3556 1481 3612 Christo
1506 3557 1657 3625 Jesu,
1680 3559 1733 3613 in
1763 3568 1936 3616 morte

363 3651 534 3721 ipsius
554 3651 811 3720 baptizati
842 3664 1030 3706 sumus
1059 3648 1127 3703 ³⁸.
1167 3669 1185 3702 ι
1209 3648 1474 3718 Requiras
1499 3649 1750 3706 fortassis
1768 3652 1933 3706 etiam

365 3743 648 3812 hoc,quod
681 3758 804 3798 cum
839 3742 952 3812 ipse
972 3740 1233 3797 Dominus
1261 3741 1459 3796 dixerit
1486 3742 1552 3796 ad
1585 3743 1874 3812 discipulos
1889 3746 1933 3776 ³⁷

364 3848 423 3892 ut
450 3837 792 3906 baptizarent
828 3848 1016 3890 omnes
1050 3842 1236 3904 gentes
1278 3834 1330 3887 in
1381 3834 1600 3889 nomine
1643 3836 1849 3904 Patris,
1883 3848 1937 3892 et

365 3927 508 3992 Filii,
555 3938 607 3982 et
657 3926 891 3996 Spiritus
934 3926 1133 3991 sancti,
1171 3939 1269 3981 cur
1317 3926 1406 3982 hic
1449 3925 1739 3995 Apostolus
1769 3928 1937 3984 solius

361 4021 565 4078 Christi
599 4020 652 4074 in
684 4021 951 4090 baptismo
969 4033 1162 4073 nomen
1191 4020 1550 4090 assumpserit
1576 4019 1686 4091 (72)
1711 4020 1933 4076 dicens:

369 4132 390 4166 ι
426 4113 744 4181 Quicunque
775 4111 1028 4180 baptizati
1067 4125 1256 4166 sumus
1278 4110 1593 4174 inChristo,
1623 4129 1640 4162 ι
1675 4127 1798 4166 cum
1829 4113 1937 4166 uti-

366 4214 472 4269 que
501 4215 604 4254 non
643 4198 910 4253 habeatur
944 4198 1245 4270 legitimum
1270 4199 1559 4268 baptisma,
1593 4201 1692 4255 nisi
1717 4201 1815 4256 sub
1849 4217 1938 4258 uo.

366 4291 512 4346 mine
534 4289 837 4344 Trinitatis.
857 4287 964 4344 Sed
989 4290 1201 4345 intuere
1224 4290 1565 4358 prudentiam
1583 4285 1770 4357 ’Pauli,
1799 4308 1935 4363 quo-

366 4385 513 4438 niam
536 4382 754 4452 quidem
789 4383 840 4436 in
872 4383 1124 4452 praesenti
1154 4381 1274 4436 loco
1317 4399 1422 4438 non
1462 4394 1566 4439 tam
1603 4387 1938 4457 baptismatis

2045 1918 2062 1950 ι
2103 1900 2182 1953 An
2217 1901 2438 1955 nescitis
2467 1901 2626 1971 (77)?
2652 1920 2669 1952 ι
2700 1899 2806 1955 Per
2829 1903 2972 1970 quod
3005 1902 3267 1963 ostendit,
3293 1902 3425 1971 quia
3457 1911 3594 1964 tunc,

2039 1989 2140 2045 hoc
2161 2001 2244 2046 est
2288 1993 2652 2061 apostolorum
2690 1993 3050 2061 temporibus,
3077 2007 3207 2057 non,
3244 2002 3305 2046 ut
3331 2010 3474 2049 nunc
3494 1993 3595 2049 ﬁeri

2038 2084 2300 2149 videmus,
2327 2095 2481 2155 typus
2511 2086 2880 2140 tantummodo
2903 2085 3282 2156 mysteriorum
3304 2086 3389 2140 his
3407 2086 3496 2156 qui
3515 2089 3588 2141 ba-

2037 2177 2398 2246 ptizabantur,
2419 2178 2513 2234 sed
2535 2179 2708 2233 virtus
2735 2193 2921 2233 eorum
2943 2191 3005 2231 ac
3030 2177 3166 2233 ratio
3190 2179 3529 2244 tradebatur,
3548 2190 3594 2233 et

2040 2278 2292 2340 tanquam
2325 2270 2623 2326 scientibus
2644 2281 2699 2325 et
2723 2271 2927 2326 edoctis
2946 2271 3072 2340 quia
3109 2272 3198 2340 qui
3230 2270 3594 2341 baptizautur,

2037 2361 2092 2415 in
2134 2372 2306 2416 morte
2343 2360 2543 2418 Christi
2576 2364 2949 2432 baptizantur,
2989 2373 3044 2418 et
3085 2363 3529 2434 eonsepcliuntur
3555 2365 3596 2418 ei

2039 2468 2134 2524 per
2171 2454 2492 2522 baptismum
2521 2455 2574 2507 in
2633 2465 2858 2510 mortem
2894 2473 2908 2522 ;
2961 2465 3015 2511 et
3044 2456 3171 2526 quia
3195 2457 3341 2510 sicut
3363 2456 3598 2511 Christus

2038 2545 2273 2598 surrexit
2310 2561 2337 2598 a
2375 2544 2601 2599 mortuis
2636 2560 2734 2614 per
2759 2545 2982 2614 gloriam
3019 2545 3220 2613 Patris,
3262 2547 3338 2600 ita
3376 2547 3429 2601 in
3458 2548 3596 2601 novi-

2041 2645 2147 2690 tate
2194 2634 2305 2705 (73)
2351 2637 2474 2690 vitm
2523 2636 2802 2691 ambulare
2835 2637 3067 2692 debeant
3111 2638 3164 2692 hi
3203 2639 3298 2706 qui
3343 2639 3596 2708 baptizati

2038 2737 2162 2784 sunt
2179 2728 2244 2781 δ’.
2267 2726 2388 2783 llmc
2410 2727 2696 2796 Apostolus
2714 2727 2923 2782 scribit.
2954 2727 3141 2782 Adhuc
3168 2727 3420 2784 fortassis
3446 2731 3597 2784 etiam

2037 2820 2140 2874 hoc
2175 2819 2229 2872 in
2261 2819 2512 2889 praesenti
2544 2816 2778 2887 capitulo
2807 2817 3114 2886 requiratur
3142 2837 3154 2870 :
3193 2818 3250 2872 Si
3288 2820 3494 2874 mortui
3519 2836 3599 2873 su-

2038 2927 2157 2967 mus
2186 2921 2431 2982 peccato,
2464 2919 2518 2965 et
2545 2909 2841 2979 consepulti
2873 2925 3059 2965 sumus
3093 2911 3346 2977 Christo,
3393 2923 3448 2967 et
3484 2927 3601 2966 cou-

2037 3006 2378 3062 surreximus
2411 3019 2532 3059 cum
2566 3018 2654 3068 eo,
2702 3004 3070 3058 necessarium
3107 3005 3388 3059 videbitur
3413 3021 3602 3062 secun-

2037 3100 2164 3155 dum
2197 3098 2336 3153 hanc
2364 3096 2594 3150 formam
2620 3095 2829 3152 ostendi
2857 3095 3126 3164 quomodo
3154 3097 3318 3150 etiam
3347 3112 3472 3151 eum
3501 3099 3604 3167 ipso

2040 3201 2148 3246 tres
2174 3191 2309 3252 dies,
2341 3199 2394 3242 et
2424 3197 2533 3244 tres
2557 3196 2747 3242 noctes
2777 3187 2828 3240 in
2855 3187 3018 3242 corde
3043 3197 3200 3242 terrm
3234 3189 3435 3259 sepulti
3472 3189 3605 3245 fece-

2039 3283 2209 3338 rimus
2233 3282 2368 3351 (79).
2398 3281 2465 3335 Et
2496 3282 2617 3336 vide
2644 3280 2689 3334 si
2729 3281 3002 3350 possimus
3029 3290 3139 3336 tres
3165 3281 3287 3337 dies
3308 3285 3604 3355 consepulti

2036 3372 2255 3427 Christo
2281 3372 2482 3437 facere,
2510 3387 2635 3426 cum
2661 3370 2872 3439 plenam
2893 3370 3176 3426 Trinitatis
3196 3372 3495 3428 scientiam
3525 3390 3606 3428 ca-

2037 3463 2214 3532 pimus
2245 3482 2257 3516 :
2283 3463 2372 3516 lux
2400 3471 2483 3517 est
2525 3461 2638 3534 (80)
2681 3462 2824 3517 enim
2869 3460 3050 3527 Pater,
3079 3473 3135 3516 et
3173 3462 3227 3515 in
3265 3461 3472 3519 lumine
3500 3463 3606 3533 eius

2037 3557 2128 3624 qui
2189 3567 2272 3610 est
2312 3554 2478 3609 Filius
2523 3554 2703 3608 lumen
2745 3554 2990 3608 videmus
3033 3552 3299 3620 Spiritum
3332 3565 3601 3609 sanctum.

2039 3645 2289 3702 Facimus
2320 3654 2497 3700 autem
2527 3655 2583 3700 et
2612 3654 2721 3699 tres
2751 3653 2937 3700 noctes
2958 3683 2973 3707 ,
3003 3659 3128 3697 cum
3163 3644 3505 3701 destruimus
3539 3657 3609 3700 te-

2039 3739 2332 3793 nebrarum
2361 3747 2416 3792 et
2457 3736 2773 3807 ignorantia:
2798 3745 3003 3805 patrem
3031 3751 3133 3788 una
3162 3751 3290 3791 cum
3329 3739 3608 3794 mendacio

2038 3835 2180 3902 quod
2208 3848 2274 3888 ex
2301 3847 2364 3888 eo
2394 3839 2576 3886 natum
2610 3841 2711 3899 est,
2740 3842 2795 3887 et
2838 3851 2856 3883 ε
2898 3831 3131 3886 mendax
3161 3841 3245 3888 est
3268 3833 3413 3887 sicut
3439 3842 3498 3888 et
3523 3850 3610 3903 pa-

2042 3921 2530 3992 terejus,tettcum
2561 3925 2798 3994 loquitur
2826 3923 3166 3979 mendacium
3189 3964 3205 3989 ,
3237 3925 3303 3979 de
3333 3926 3454 3981 suis
3491 3942 3609 3995 pro-

2039 4017 2172 4087 priis
2201 4017 2437 4087 loquitur
2466 4016 2532 4064 ιθ.
2573 4033 2592 4066 ι
2638 4015 2742 4069 Sed
2777 4022 2832 4068 et
2860 4013 3018 4068 tertio
3043 4013 3163 4068 loco
3190 4013 3446 4084 spiritum
3472 4031 3611 4071 erro-

2041 4105 2117 4160 ris
2139 4105 2488 4169 destruimus,
2518 4103 2609 4172 qui
2645 4103 2878 4172 inSpirat
2913 4103 3419 4172 pseudoprophetas
3458 4116 3517 4159 ut
3537 4107 3612 4160 di-

2041 4207 2166 4252 cant
2195 4218 2206 4252 :
2250 4216 2268 4248 ι
2304 4197 2428 4252 llaec
2449 4197 2578 4251 dicit
2609 4195 2885 4258 Dominus,
2927 4210 3063 4264 quos
3089 4196 3354 4252 Dominus
3384 4214 3496 4253 non
3523 4205 3614 4253 mi-

2042 4291 2112 4345 sit
2142 4290 2208 4344 “.
2246 4309 2263 4342 ι
2307 4289 2644 4344 Destruimus
2667 4288 2782 4342 ιιωο
2804 4299 2856 4342 et.
2889 4286 3296 4353 conculcamus,
3331 4291 3381 4344 si
3413 4307 3608 4346 conse-

2042 4381 2173 4451 pulti
2220 4395 2404 4436 sumus
2454 4379 2916 4445 Cltristo,.etiam
2961 4383 3260 4436 secundum
3295 4381 3431 4436 illud
3474 4383 3611 4452 quod

368 4476 652 4539 rationem,
684 4489 843 4543 quam
886 4475 1075 4529 mortis
1105 4474 1306 4530 Christi
1353 4477 1624 4532 discutere
1659 4481 1932 4549 cupiebat,
1971 4487 2014 4542 ι)
2044 4473 2156 4542 ipse
2194 4471 2367 4526 die“:
2408 4487 2426 4521 ε
2471 4470 2608 4525 Ecce
2648 4469 2767 4525 dedi
2806 4470 2958 4524 VObiS
3011 4479 3336 4540 pOleSlalem
3368 4470 3610 4526 caleant“

368 4566 434 4622 ad
468 4564 622 4636 cujus
645 4563 1054 4619 similitudinem
1078 4565 1240 4619 etiam
1279 4582 1375 4620 nos
1401 4567 1656 4622 suaderet
1687 4572 1823 4623 mori
1845 4571 1938 4626 de-

369 4657 496 4712 bere
523 4664 769 4726 peccato,
820 4667 874 4710 et
916 4656 1241 4725 consepeliri
1279 4657 1512 4712 Christo.
1566 4658 1628 4711 Et
1669 4675 1773 4713 non
1819 4671 1936 4717 erat

368 4749 554 4818 utique
581 4746 911 4801 conveniens
961 4745 1097 4818 (75),
1150 4757 1207 4801 ut
1242 4748 1329 4801 ubi
1367 4751 1433 4803 de
1472 4759 1644 4802 morte
1686 4750 1928 4818 dicebat,

440 4887 486 4919 ⁸⁸
510 4886 698 4941 Matth.
735 4903 904 4948 xxv",
943 4885 1030 4948 60,
1065 4887 1155 4942 59.
1256 4888 1299 4919 ¹⁹
1342 4888 1377 4941 ΙΙ
1403 4888 1531 4942 Cor.
1558 4905 1630 4942 tv.
1667 4890 1748 4945 l0.

371 4957 509 5014 Tim.
544 4973 616 5016 tt.
657 4959 745 5016 Η.
785 4957 871 5012 12.

1825 4893 1869 4926 ³⁰
1898 4895 2061 4950 lCor.
2105 4909 2192 4953 xv,
2226 4891 2315 4944 51.

975 4957 1020 4987 ³⁸
1063 4957 1259 5028 Matth.
1291 4974 1384 5022 ιιι,
1424 4961 1510 5013 15.
1588 4960 1634 4991 ³⁸
1671 4964 1787 5015 Act.
1831 4980 1942 5028 χιχ,
1975 4970 2026 5028 5,
2065 4965 2118 5018 5.
2195 4963 2238 4993 ³⁵
2267 4963 2426 5015 Rom.
2466 4978 2538 5022 vt,
2569 4962 2621 5012 5.

2044 4580 2208 4634 super
2249 4572 2527 4634 serpentes
2577 4571 2633 4616 et
2684 4566 3030 4632 scorpiones,
3090 4573 3146 4616 et
3195 4577 3361 4633 super
3395 4579 3610 4618 omnem

2044 4659 2297 4712 virtutem
2329 4658 2530 4712 inimici
2562 4656 2628 4710 “.
2669 4674 2688 4708 ι
2727 4656 2855 4724 Quae
2888 4655 3096 4723 singula
3133 4655 3207 4710 ita
3239 4667 3369 4710 sunt
3393 4668 3612 4712 contra-

2045 4752 2124 4806 ria
2155 4751 2433 4814 Trinitati,
2471 4760 2526 4804 ut
2562 4765 2666 4804 nox
2692 4751 2819 4815 dici,
2844 4759 2897 4804 et
2927 4751 3164 4805 tenebrae
3194 4749 3297 4803 luci
3322 4795 3337 4817 ,
3365 4761 3420 4806 et
3464 4767 3611 4804 men-

2392 4891 2434 4920 ³¹
2477 4889 2492 4941 1
2532 4888 2655 4944 Cor.
2689 4905 2773 4951 Ill,
2811 4889 2899 4943 29.
2976 4889 3020 4920 ³³
3045 4887 3201 4943 Rom.
3237 4904 3314 4951 Vl,
3363 4889 3416 4942 4.
3501 4891 3545 4921 ³³
3577 4889 3613 4942 ll

2697 4960 2740 4989 ³⁷
2772 4959 2960 5015 Matth.
2989 4975 3191 5022 xxvm,
3226 4961 3315 5013 19.
3392 4960 3438 4990 ³⁸
3460 4959 3610 5016 Joazi.

370 5045 409 5096 ι,
438 5031 524 5084 Η.
602 5029 644 5059 ³³
670 5029 825 5082 flent.
850 5042 926 5093 Vt,
954 5029 1007 5092 5,
1033 5029 1086 5082 4.
1161 5029 1205 5059 ⁸ο
1232 5027 1393 5084 Joan.
1428 5045 1544 5094 \‘llt,
1571 5031 1660 5084 44.
1734 5033 1775 5063 ⁵¹
1803 5034 1903 5089 Eze

2117 5051 2152 5099 I,
2178 5032 2232 5086 6.
2306 5031 2350 5061 ⁸³
2382 5033 2509 5086 Luc.
2547 5046 2601 5094 x,
2641 5031 2728 5084 l9.

442 5176 552 5246 (69)
582 5175 752 5247 ΑΙίθειΣ
796 5193 824 5247 r
845 5174 911 5228 de
959 5174 1248 5247 baptismo_
1292 5189 1432 5230 novo
1491 5175 1607 5247 (aL,
1673 5181 1736 5231 de
1772 5181 1940 5246 bapti-

377 5250 473 5302 smi
523 5243 755 5320 nomine]
816 5245 1039 5320 loquens
1068 5250 1204 5320 etde.
1225 5244 1350 5300 Jesu
1369 5287 1383 5312 ,
1425 5243 1521 5319 [aL
1549 5247 1699 5320 deest
1726 5266 1744 5298 ι
1773 5243 1925 5320 eti],

371 5319 568 5371 dixerit
600 5333 614 5368 :
646 5315 947 5388 consepulti
998 5317 1142 5369 enim
1204 5332 1390 5371 sumus
1426 5315 1529 5388 per
1577 5315 1939 5388 baptismum;

371 5399 426 5444 et
458 5392 650 5441 iterum
685 5387 833 5439 alibi.
872 5403 890 5436 ι

343 5514 346 5522 λ
444 5455 554 5528 (70)
580 5455 911 5528 Baptizatus.
949 5457 1106 5510 Deest
1135 5456 1188 5510 in
1221 5457 1457 5513 editione
1476 5457 1833 5517 Genebrardi.

343 5531 346 5587 ;
443 5526 557 5597 (7t)
595 5527 815 5597 Sumus.
848 5526 907 5579 lu
932 5536 1086 5580 antea
1107 5528 1268 5581 editis
1295 5528 1658 5583 desideratur.

447 5597 560 5662 (72)
592 5596 749 5675 Editi,
783 5615 801 5646 ι
850 5598 992 5666 quod
1029 5597 1143 5668 ipse
1176 5598 1435 5652 Dominus
1480 5599 1710 5656 dixit....
1745 5618 1938 5658 nomen

375 5675 685 5731 assumpsu.
718 5685 736 5716 ι
1609 5691 1614 5698 ·

452 5733 561 5803 (7'5)
591 5733 752 5802 Etilii,
779 5755 796 5788 ι
833 5748 889 5795 et
913 5753 1018 5794 non
1053 5738 1238 5808 utique
1266 5739 1614 5798 conveniens.
1653 5763 1670 5794 ›

2116 5178 2227 5247 (74)
2257 5177 2420 5242 Editi,
2454 5195 2473 5227 ι
2508 5176 2559 5230 in
2586 5177 2688 5230 hoc
2719 5175 2858 5241 loco,
2890 5184 2945 5229 et
2973 5176 3026 5230 in
3045 5176 3278 5230 caeteris.
3319 5193 3338 5227 ι

2117 5245 2229 5322 (75)
2263 5247 2432 5314 Alias,
2471 5265 2489 5298 ‹
2528 5248 2667 5301 sicut
2696 5248 2747 5301 in
2782 5247 3035 5316 praesenti
3077 5260 3333 5302 sermone
3356 5245 3615 5314 dixius,

2086 5323 2192 5380 uia,
2229 5337 2246 5368 ι
2279 5328 2382 5370 etc.

2045 5337 2192 5392 qttta,
2229 5337 2246 5368 ι
2279 5337 2382 5370 etc.

2117 5387 2231 5459 (76)
2259 5387 2428 5450 Alias,
2466 5405 2486 5437 ε
2525 5386 2742 5459 sufﬁcit.
2780 5407 2799 5439 ι

2142 5456 2230 5525 77)
2257 5459 2335 5508 An
2368 5456 2610 5511 nescitis?
2633 5459 2739 5525 AL,
2775 5477 2794 5510 ‹
2837 5467 2926 5511 aut
2961 5458 3201 5514 nescitis.
3246 5477 3264 5510 ι

2143 5468 2230 5526 77)
2257 5468 2335 5508 An
2368 5468 2610 5511 nescitis!
2633 5468 2739 5525 AL,
2775 5477 2794 5510 ‹
2837 5468 2926 5511 aut
2961 5468 3201 5514 nescitis.
3246 5477 3264 5510 ι

2117 5468 2229 5600 (78)
2264 5527 2391 5582 Mss.
2440 5530 2698 5600 plerique,
2749 5547 2766 5580 ‹
2815 5530 2956 5584 sicut
3010 5529 3258 5584 Christus
3299 5543 3535 5600 surgens
3586 5550 3612 5585 a

2050 5597 2277 5655 mortuis
2308 5613 2401 5665 per
2424 5598 2645 5666 gloriam
2673 5597 2874 5662 Patris,
2910 5601 2963 5653 in
2996 5601 3253 5656 novitate.
3286 5619 3306 5650 ι

2121 5669 2231 5738 (79)
2266 5670 2436 5738 Alias,
2478 5687 2496 5719 ‹
2532 5670 2726 5736 sepulti
2763 5670 3047 5725 fuerimus.
3093 5690 3110 5722 ο

2124 5736 2235 5798 (80)
2268 5736 2383 5795 Est.
2417 5740 2574 5794 Deest
2604 5741 2654 5794 in
2688 5752 2845 5795 antea
2872 5741 3054 5792 editis.
