  <div class='ocr_page' id='page_1' title='image "/cluster/home/n/w/nwhite01/storage/ocr_20150623/14/mdp.39015052831362/599.png"; bbox 0 0 3692 6138; ppageno 0'>
   <div class='ocr_carea' id='block_1_1' title="bbox 351 274 497 344">
    <p class='ocr_par' dir='ltr' id='par_1_1' title="bbox 351 274 497 344">
     <span class='ocr_line' id='line_1_1' title="bbox 351 274 497 344; baseline -0.027 -10"><span class='ocrx_word' id='word_1_1' title='bbox 351 276 380 344; x_wconf 70' lang='grc'>,1</span> <span class='ocrx_word' id='word_1_2' title='bbox 388 274 497 335; x_wconf 66' lang='grc' dir='ltr'><strong>ωδ</strong></span> 
     </span>
    </p>
   </div>
   <div class='ocr_carea' id='block_1_2' title="bbox 1794 261 2116 320">
    <p class='ocr_par' dir='ltr' id='par_1_2' title="bbox 1794 261 2116 320">
     <span class='ocr_line' id='line_1_2' title="bbox 1794 261 2116 320; baseline -0.019 0"><span class='ocrx_word' id='word_1_3' title='bbox 1794 261 2116 320; x_wconf 80' lang='lat' dir='ltr'><strong>ORIGENIS</strong></span> 
     </span>
    </p>
   </div>
   <div class='ocr_carea' id='block_1_3' title="bbox 3473 241 3596 298">
    <p class='ocr_par' dir='ltr' id='par_1_3' title="bbox 3473 241 3596 298">
     <span class='ocr_line' id='line_1_3' title="bbox 3473 241 3596 298; baseline 0.016 -3"><span class='ocrx_word' id='word_1_4' title='bbox 3473 241 3596 298; x_wconf 66' lang='lat' dir='ltr'><strong>10H</strong></span> 
     </span>
    </p>
   </div>
   <div class='ocr_carea' id='block_1_4' title="bbox 355 361 3592 457">
    <p class='ocr_par' dir='ltr' id='par_1_4' title="bbox 355 361 3592 457">
     <span class='ocr_line' id='line_1_4' title="bbox 355 361 3592 457; baseline -0.009 -14"><span class='ocrx_word' id='word_1_5' title='bbox 355 387 693 457; x_wconf 74' lang='lat' dir='ltr'><strong>Imperfectis</strong></span> <span class='ocrx_word' id='word_1_6' title='bbox 727 399 855 441; x_wconf 85' lang='lat' dir='ltr'><strong>vero</strong></span> <span class='ocrx_word' id='word_1_7' title='bbox 886 395 938 440; x_wconf 88' lang='lat' dir='ltr'><strong>et</strong></span> <span class='ocrx_word' id='word_1_8' title='bbox 967 385 1145 441; x_wconf 88' lang='lat' dir='ltr'><strong>adhuc</strong></span> <span class='ocrx_word' id='word_1_9' title='bbox 1172 384 1324 440; x_wconf 91' lang='lat' dir='ltr'><strong>initia</strong></span> <span class='ocrx_word' id='word_1_10' title='bbox 1359 385 1684 441; x_wconf 75' lang='lat' dir='ltr'><strong>habentibus</strong></span> <span class='ocrx_word' id='word_1_11' title='bbox 1725 383 1925 438; x_wconf 90' lang='lat' dir='ltr'><strong>dicitur</strong></span> <span class='ocrx_word' id='word_1_12' title='bbox 1954 385 2001 442; x_wconf 79' lang='grc' dir='ltr'>Α</span> <span class='ocrx_word' id='word_1_13' title='bbox 2028 379 2074 433; x_wconf 89' lang='lat' dir='ltr'><strong>si</strong></span> <span class='ocrx_word' id='word_1_14' title='bbox 2103 375 2264 432; x_wconf 90' lang='lat' dir='ltr'><strong>unius</strong></span> <span class='ocrx_word' id='word_1_15' title='bbox 2292 373 2394 429; x_wconf 89' lang='lat' dir='ltr'><strong>diei</strong></span> <span class='ocrx_word' id='word_1_16' title='bbox 2426 369 2590 425; x_wconf 80' lang='lat' dir='ltr'><strong>fuerit</strong></span> <span class='ocrx_word' id='word_1_17' title='bbox 2616 367 2730 424; x_wconf 86' lang='lat' dir='ltr'><strong>vita</strong></span> <span class='ocrx_word' id='word_1_18' title='bbox 2767 367 2883 438; x_wconf 86' lang='lat' dir='ltr'><strong>ejus</strong></span> <span class='ocrx_word' id='word_1_19' title='bbox 2904 365 2972 420; x_wconf 77' lang='grc'><strong>⁸⁸.</strong></span> <span class='ocrx_word' id='word_1_20' title='bbox 3018 382 3037 417; x_wconf 83' lang='grc' dir='ltr'><strong>ι</strong></span> <span class='ocrx_word' id='word_1_21' title='bbox 3077 361 3299 418; x_wconf 85' lang='lat' dir='ltr'><strong>idcirco</strong></span> <span class='ocrx_word' id='word_1_22' title='bbox 3328 376 3462 433; x_wconf 86' lang='lat' dir='ltr'><strong>ergo</strong></span> <span class='ocrx_word' id='word_1_23' title='bbox 3493 363 3592 432; x_wconf 81' lang='lat' dir='ltr'><strong>ipsa</strong></span> 
     </span>
    </p>
   </div>
   <div class='ocr_carea' id='block_1_5' title="bbox 358 473 1924 551">
    <p class='ocr_par' dir='ltr' id='par_1_5' title="bbox 358 473 1924 551">
     <span class='ocr_line' id='line_1_5' title="bbox 358 473 1924 551; baseline -0.006 -14"><span class='ocrx_word' id='word_1_24' title='bbox 358 495 417 538; x_wconf 93' lang='grc' dir='ltr'><strong>ιιι</strong></span> <span class='ocrx_word' id='word_1_25' title='bbox 445 481 722 538; x_wconf 83' lang='lat' dir='ltr'><strong>ambulent</strong></span> <span class='ocrx_word' id='word_1_26' title='bbox 747 487 869 551; x_wconf 88' lang='lat' dir='ltr'><strong>post</strong></span> <span class='ocrx_word' id='word_1_27' title='bbox 897 479 1180 535; x_wconf 88' lang='lat' dir='ltr'><strong>Dominum</strong></span> <span class='ocrx_word' id='word_1_28' title='bbox 1211 479 1378 534; x_wconf 91' lang='lat' dir='ltr'><strong>Deum</strong></span> <span class='ocrx_word' id='word_1_29' title='bbox 1407 494 1587 544; x_wconf 88' lang='lat' dir='ltr'><strong>suum;</strong></span> <span class='ocrx_word' id='word_1_30' title='bbox 1616 485 1672 530; x_wconf 91' lang='lat' dir='ltr'><strong>et</strong></span> <span class='ocrx_word' id='word_1_31' title='bbox 1701 475 1767 530; x_wconf 92' lang='lat' dir='ltr'><strong>de</strong></span> <span class='ocrx_word' id='word_1_32' title='bbox 1803 473 1924 528; x_wconf 89' lang='lat' dir='ltr'><strong>aliis</strong></span> 
     </span>
    </p>
   </div>
   <div class='ocr_carea' id='block_1_6' title="bbox 355 565 1923 644">
    <p class='ocr_par' dir='ltr' id='par_1_6' title="bbox 355 565 1923 644">
     <span class='ocr_line' id='line_1_6' title="bbox 355 565 1923 644; baseline -0.004 -17"><span class='ocrx_word' id='word_1_33' title='bbox 355 575 552 629; x_wconf 88' lang='lat' dir='ltr'><strong>dicitur</strong></span> <span class='ocrx_word' id='word_1_34' title='bbox 580 590 595 626; x_wconf 87' lang='lat'><strong>:</strong></span> <span class='ocrx_word' id='word_1_35' title='bbox 625 592 644 624; x_wconf 85' lang='grc' dir='ltr'><strong>ι</strong></span> <span class='ocrx_word' id='word_1_36' title='bbox 675 572 956 627; x_wconf 91' lang='lat' dir='ltr'><strong>Dimittere</strong></span> <span class='ocrx_word' id='word_1_37' title='bbox 987 586 1082 627; x_wconf 90' lang='lat' dir='ltr'><strong>eos</strong></span> <span class='ocrx_word' id='word_1_38' title='bbox 1109 571 1322 644; x_wconf 85' lang='lat' dir='ltr'><strong>jejunos</strong></span> <span class='ocrx_word' id='word_1_39' title='bbox 1351 569 1495 638; x_wconf 86' lang='lat' dir='ltr'><strong>nolo,</strong></span> <span class='ocrx_word' id='word_1_40' title='bbox 1528 584 1598 624; x_wconf 91' lang='lat' dir='ltr'><strong>ne</strong></span> <span class='ocrx_word' id='word_1_41' title='bbox 1626 568 1767 622; x_wconf 83' lang='lat' dir='ltr'><strong>forte</strong></span> <span class='ocrx_word' id='word_1_42' title='bbox 1791 565 1923 622; x_wconf 91' lang='lat' dir='ltr'><strong>deﬁ-</strong></span> 
     </span>
    </p>
   </div>
   <div class='ocr_carea' id='block_1_7' title="bbox 352 663 832 718">
    <p class='ocr_par' dir='ltr' id='par_1_7' title="bbox 352 663 832 718">
     <span class='ocr_line' id='line_1_7' title="bbox 352 663 832 718; baseline 0.006 -5"><span class='ocrx_word' id='word_1_43' title='bbox 352 666 496 718; x_wconf 84' lang='lat' dir='ltr'><strong>ciant</strong></span> <span class='ocrx_word' id='word_1_44' title='bbox 526 665 579 717; x_wconf 91' lang='lat' dir='ltr'><strong>in</strong></span> <span class='ocrx_word' id='word_1_45' title='bbox 610 664 695 717; x_wconf 83' lang='lat' dir='ltr'><strong>via</strong></span> <span class='ocrx_word' id='word_1_46' title='bbox 711 663 778 715; x_wconf 81' lang='grc'><strong>⁵⁷.</strong></span> <span class='ocrx_word' id='word_1_47' title='bbox 815 683 832 716; x_wconf 72' lang='grc' dir='ltr'><strong>ι</strong></span> 
     </span>
    </p>
   </div>
   <div class='ocr_carea' id='block_1_8' title="bbox 421 752 1920 826">
    <p class='ocr_par' dir='ltr' id='par_1_8' title="bbox 421 752 1920 826">
     <span class='ocr_line' id='line_1_8' title="bbox 421 752 1920 826; baseline -0.001 -16"><span class='ocrx_word' id='word_1_48' title='bbox 421 755 474 810; x_wconf 88' lang='grc'><strong>9.</strong></span> <span class='ocrx_word' id='word_1_49' title='bbox 516 774 534 806; x_wconf 88' lang='grc' dir='ltr'><strong>ι</strong></span> <span class='ocrx_word' id='word_1_50' title='bbox 569 755 624 810; x_wconf 89' lang='lat' dir='ltr'><strong>Si</strong></span> <span class='ocrx_word' id='word_1_51' title='bbox 655 757 800 812; x_wconf 91' lang='lat' dir='ltr'><strong>enim</strong></span> <span class='ocrx_word' id='word_1_52' title='bbox 836 755 1187 826; x_wconf 84' lang='lat' dir='ltr'><strong>complantati</strong></span> <span class='ocrx_word' id='word_1_53' title='bbox 1219 755 1346 809; x_wconf 79' lang='lat' dir='ltr'><strong>facti</strong></span> <span class='ocrx_word' id='word_1_54' title='bbox 1372 768 1556 814; x_wconf 88' lang='lat' dir='ltr'><strong>sumus</strong></span> <span class='ocrx_word' id='word_1_55' title='bbox 1579 752 1920 809; x_wconf 80' lang='lat' dir='ltr'><strong>similitudini</strong></span> 
     </span>
    </p>
   </div>
   <div class='ocr_carea' id='block_1_9' title="bbox 352 843 1922 917">
    <p class='ocr_par' dir='ltr' id='par_1_9' title="bbox 352 843 1922 917">
     <span class='ocr_line' id='line_1_9' title="bbox 352 843 1922 917; baseline 0 -17"><span class='ocrx_word' id='word_1_56' title='bbox 352 847 547 901; x_wconf 86' lang='lat' dir='ltr'><strong>&#39;mortis</strong></span> <span class='ocrx_word' id='word_1_57' title='bbox 576 845 714 916; x_wconf 83' lang='lat' dir='ltr'><strong>ejus,</strong></span> <span class='ocrx_word' id='word_1_58' title='bbox 747 847 911 903; x_wconf 90' lang='lat' dir='ltr'><strong>etiam</strong></span> <span class='ocrx_word' id='word_1_59' title='bbox 952 847 1374 901; x_wconf 84' lang='lat' dir='ltr'><strong>resurrectionis</strong></span> <span class='ocrx_word' id='word_1_60' title='bbox 1398 847 1604 901; x_wconf 84' lang='lat' dir='ltr'><strong>erimus</strong></span> <span class='ocrx_word' id='word_1_61' title='bbox 1635 843 1767 917; x_wconf 72' lang='grc'>(94),</span> <span class='ocrx_word' id='word_1_62' title='bbox 1812 844 1922 900; x_wconf 87' lang='lat' dir='ltr'><strong>hoc</strong></span> 
     </span>
    </p>
   </div>
   <div class='ocr_carea' id='block_1_10' title="bbox 351 935 1921 1008">
    <p class='ocr_par' dir='ltr' id='par_1_10' title="bbox 351 935 1921 1008">
     <span class='ocr_line' id='line_1_10' title="bbox 351 935 1921 1008; baseline -0.002 -13"><span class='ocrx_word' id='word_1_63' title='bbox 351 939 615 1007; x_wconf 72' lang='lat' dir='ltr'><strong>scientes,</strong></span> <span class='ocrx_word' id='word_1_64' title='bbox 644 941 769 1008; x_wconf 90' lang='lat' dir='ltr'><strong>quia</strong></span> <span class='ocrx_word' id='word_1_65' title='bbox 798 949 952 993; x_wconf 84' lang='lat' dir='ltr'><strong>vetus</strong></span> <span class='ocrx_word' id='word_1_66' title='bbox 987 939 1150 994; x_wconf 89' lang='lat' dir='ltr'><strong>homo</strong></span> <span class='ocrx_word' id='word_1_67' title='bbox 1199 948 1385 995; x_wconf 86' lang='lat' dir='ltr'><strong>noster</strong></span> <span class='ocrx_word' id='word_1_68' title='bbox 1432 938 1593 993; x_wconf 89' lang='lat' dir='ltr'><strong>simul</strong></span> <span class='ocrx_word' id='word_1_69' title='bbox 1627 935 1921 994; x_wconf 82' lang='lat' dir='ltr'><strong>cruciﬁxus</strong></span> 
     </span>
    </p>
   </div>
   <div class='ocr_carea' id='block_1_11' title="bbox 351 1031 1921 1102">
    <p class='ocr_par' dir='ltr' id='par_1_11' title="bbox 351 1031 1921 1102">
     <span class='ocr_line' id='line_1_11' title="bbox 351 1031 1921 1102; baseline -0.001 -17"><span class='ocrx_word' id='word_1_70' title='bbox 351 1042 436 1086; x_wconf 90' lang='lat' dir='ltr'><strong>est</strong></span> <span class='ocrx_word' id='word_1_71' title='bbox 467 1032 542 1096; x_wconf 90' lang='lat' dir='ltr'><strong>ei,</strong></span> <span class='ocrx_word' id='word_1_72' title='bbox 578 1041 636 1087; x_wconf 94' lang='lat' dir='ltr'><strong>ut</strong></span> <span class='ocrx_word' id='word_1_73' title='bbox 669 1033 985 1088; x_wconf 81' lang='lat' dir='ltr'><strong>destruatur</strong></span> <span class='ocrx_word' id='word_1_74' title='bbox 1031 1047 1229 1102; x_wconf 90' lang='lat' dir='ltr'><strong>corpus</strong></span> <span class='ocrx_word' id='word_1_75' title='bbox 1275 1032 1512 1101; x_wconf 90' lang='lat' dir='ltr'><strong>peccati,</strong></span> <span class='ocrx_word' id='word_1_76' title='bbox 1549 1039 1608 1085; x_wconf 92' lang='lat' dir='ltr'><strong>ut</strong></span> <span class='ocrx_word' id='word_1_77' title='bbox 1640 1031 1781 1085; x_wconf 87' lang='lat' dir='ltr'><strong>ultra</strong></span> <span class='ocrx_word' id='word_1_78' title='bbox 1815 1045 1921 1084; x_wconf 92' lang='lat' dir='ltr'><strong>non</strong></span> 
     </span>
    </p>
   </div>
   <div class='ocr_carea' id='block_1_12' title="bbox 351 1123 1921 1196">
    <p class='ocr_par' dir='ltr' id='par_1_12' title="bbox 351 1123 1921 1196">
     <span class='ocr_line' id='line_1_12' title="bbox 351 1123 1921 1196; baseline -0.002 -18"><span class='ocrx_word' id='word_1_79' title='bbox 351 1124 656 1178; x_wconf 85' lang='lat' dir='ltr'><strong>serviamus</strong></span> <span class='ocrx_word' id='word_1_80' title='bbox 703 1131 944 1194; x_wconf 89' lang='lat' dir='ltr'><strong>peccato.</strong></span> <span class='ocrx_word' id='word_1_81' title='bbox 1010 1123 1112 1191; x_wconf 98' lang='lat' dir='ltr'><strong>Qui</strong></span> <span class='ocrx_word' id='word_1_82' title='bbox 1166 1123 1278 1196; x_wconf 78' lang='lat'><strong>(95)</strong></span> <span class='ocrx_word' id='word_1_83' title='bbox 1321 1125 1465 1178; x_wconf 90' lang='lat' dir='ltr'><strong>enim</strong></span> <span class='ocrx_word' id='word_1_84' title='bbox 1534 1133 1779 1179; x_wconf 88' lang='lat' dir='ltr'><strong>mortuus</strong></span> <span class='ocrx_word' id='word_1_85' title='bbox 1816 1132 1921 1192; x_wconf 90' lang='lat' dir='ltr'><strong>est,</strong></span> 
     </span>
    </p>
   </div>
   <div class='ocr_carea' id='block_1_13' title="bbox 350 1215 1922 1286">
    <p class='ocr_par' dir='ltr' id='par_1_13' title="bbox 350 1215 1922 1286">
     <span class='ocr_line' id='line_1_13' title="bbox 350 1215 1922 1286; baseline -0.001 -17"><span class='ocrx_word' id='word_1_86' title='bbox 350 1216 675 1284; x_wconf 84' lang='lat' dir='ltr'><strong>justilicatus</strong></span> <span class='ocrx_word' id='word_1_87' title='bbox 713 1225 797 1271; x_wconf 92' lang='lat' dir='ltr'><strong>est</strong></span> <span class='ocrx_word' id='word_1_88' title='bbox 825 1232 855 1270; x_wconf 86' lang='lat' dir='ltr'><strong>a</strong></span> <span class='ocrx_word' id='word_1_89' title='bbox 883 1227 1108 1286; x_wconf 87' lang='lat' dir='ltr'><strong>peccato</strong></span> <span class='ocrx_word' id='word_1_90' title='bbox 1137 1215 1206 1270; x_wconf 81' lang='grc'><strong>⁸⁸.</strong></span> <span class='ocrx_word' id='word_1_91' title='bbox 1248 1236 1267 1269; x_wconf 78' lang='grc' dir='ltr'><strong>ι</strong></span> <span class='ocrx_word' id='word_1_92' title='bbox 1305 1216 1500 1271; x_wconf 85' lang='lat' dir='ltr'><strong>Omnia</strong></span> <span class='ocrx_word' id='word_1_93' title='bbox 1537 1216 1652 1271; x_wconf 64' lang='lat' dir='ltr'><strong>haec</strong></span> <span class='ocrx_word' id='word_1_94' title='bbox 1677 1215 1744 1271; x_wconf 89' lang='lat' dir='ltr'><strong>ad</strong></span> <span class='ocrx_word' id='word_1_95' title='bbox 1777 1215 1922 1269; x_wconf 86' lang='lat' dir='ltr'><strong>illam</strong></span> 
     </span>
    </p>
   </div>
   <div class='ocr_carea' id='block_1_14' title="bbox 352 1307 1924 1380">
    <p class='ocr_par' dir='ltr' id='par_1_14' title="bbox 352 1307 1924 1380">
     <span class='ocr_line' id='line_1_14' title="bbox 352 1307 1924 1380; baseline -0.001 -17"><span class='ocrx_word' id='word_1_96' title='bbox 352 1307 660 1377; x_wconf 87' lang='lat' dir='ltr'><strong>respiciunt</strong></span> <span class='ocrx_word' id='word_1_97' title='bbox 694 1309 1074 1380; x_wconf 75' lang='lat' dir='ltr'><strong>quaestionem,</strong></span> <span class='ocrx_word' id='word_1_98' title='bbox 1105 1323 1174 1363; x_wconf 94' lang='lat' dir='ltr'><strong>ne</strong></span> <span class='ocrx_word' id='word_1_99' title='bbox 1204 1309 1452 1363; x_wconf 89' lang='lat' dir='ltr'><strong>videatur</strong></span> <span class='ocrx_word' id='word_1_100' title='bbox 1493 1307 1668 1362; x_wconf 87' lang='lat' dir='ltr'><strong>locum</strong></span> <span class='ocrx_word' id='word_1_101' title='bbox 1709 1308 1924 1362; x_wconf 84' lang='lat' dir='ltr'><strong>dedisse</strong></span> 
     </span>
    </p>
   </div>
   <div class='ocr_carea' id='block_1_15' title="bbox 351 1396 1925 1469">
    <p class='ocr_par' dir='ltr' id='par_1_15' title="bbox 351 1396 1925 1469">
     <span class='ocr_line' id='line_1_15' title="bbox 351 1396 1925 1469; baseline -0.001 -17"><span class='ocrx_word' id='word_1_102' title='bbox 351 1396 620 1466; x_wconf 81' lang='lat' dir='ltr'><strong>peccandi</strong></span> <span class='ocrx_word' id='word_1_103' title='bbox 651 1398 705 1452; x_wconf 86' lang='lat' dir='ltr'><strong>in</strong></span> <span class='ocrx_word' id='word_1_104' title='bbox 733 1413 799 1454; x_wconf 92' lang='lat' dir='ltr'><strong>eo</strong></span> <span class='ocrx_word' id='word_1_105' title='bbox 827 1399 969 1469; x_wconf 89' lang='lat' dir='ltr'><strong>quod</strong></span> <span class='ocrx_word' id='word_1_106' title='bbox 999 1397 1134 1453; x_wconf 89' lang='lat' dir='ltr'><strong>dixit</strong></span> <span class='ocrx_word' id='word_1_107' title='bbox 1169 1397 1278 1468; x_wconf 88' lang='lat'><strong>(96)</strong></span> <span class='ocrx_word' id='word_1_108' title='bbox 1307 1417 1318 1451; x_wconf 93' lang='lat'>:</span> <span class='ocrx_word' id='word_1_109' title='bbox 1360 1417 1379 1450; x_wconf 79' lang='grc' dir='ltr'><strong>ι</strong></span> <span class='ocrx_word' id='word_1_110' title='bbox 1414 1396 1512 1452; x_wconf 84' lang='lat' dir='ltr'><strong>Ubi</strong></span> <span class='ocrx_word' id='word_1_111' title='bbox 1546 1409 1724 1451; x_wconf 86' lang='lat' dir='ltr'><strong>autem</strong></span> <span class='ocrx_word' id='word_1_112' title='bbox 1755 1397 1925 1451; x_wconf 87' lang='lat' dir='ltr'><strong>abun-</strong></span> 
     </span>
    </p>
   </div>
   <div class='ocr_carea' id='block_1_16' title="bbox 351 1473 1924 1559">
    <p class='ocr_par' dir='ltr' id='par_1_16' title="bbox 351 1473 1924 1559">
     <span class='ocr_line' id='line_1_16' title="bbox 351 1473 1924 1559; baseline 0.002 -19"><span class='ocrx_word' id='word_1_113' title='bbox 351 1473 502 1541; x_wconf 84' lang='lat' dir='ltr'><strong>davit</strong></span> <span class='ocrx_word' id='word_1_114' title='bbox 527 1497 836 1558; x_wconf 91' lang='lat' dir='ltr'><strong>peccatum,</strong></span> <span class='ocrx_word' id='word_1_115' title='bbox 869 1489 1330 1559; x_wconf 87' lang='lat' dir='ltr'><strong>superabundavit</strong></span> <span class='ocrx_word' id='word_1_116' title='bbox 1359 1489 1533 1559; x_wconf 83' lang='lat' dir='ltr'><strong>gratia</strong></span> <span class='ocrx_word' id='word_1_117' title='bbox 1557 1490 1624 1543; x_wconf 72' lang='grc'><strong>⁵³.</strong></span> <span class='ocrx_word' id='word_1_118' title='bbox 1659 1508 1679 1542; x_wconf 87' lang='grc'><strong>›</strong></span> <span class='ocrx_word' id='word_1_119' title='bbox 1712 1488 1924 1543; x_wconf 84' lang='lat' dir='ltr'><strong>idcirco</strong></span> 
     </span>
    </p>
   </div>
   <div class='ocr_carea' id='block_1_17' title="bbox 353 1583 1925 1651">
    <p class='ocr_par' dir='ltr' id='par_1_17' title="bbox 353 1583 1925 1651">
     <span class='ocr_line' id='line_1_17' title="bbox 353 1583 1925 1651; baseline 0.003 -19"><span class='ocrx_word' id='word_1_120' title='bbox 353 1594 587 1650; x_wconf 87' lang='lat' dir='ltr'><strong>namque</strong></span> <span class='ocrx_word' id='word_1_121' title='bbox 631 1595 687 1640; x_wconf 84' lang='lat' dir='ltr'><strong>et</strong></span> <span class='ocrx_word' id='word_1_122' title='bbox 737 1594 977 1637; x_wconf 89' lang='lat' dir='ltr'><strong>mortuos</strong></span> <span class='ocrx_word' id='word_1_123' title='bbox 1038 1598 1135 1638; x_wconf 92' lang='lat' dir='ltr'><strong>nos</strong></span> <span class='ocrx_word' id='word_1_124' title='bbox 1176 1583 1307 1638; x_wconf 88' lang='lat' dir='ltr'><strong>dicit</strong></span> <span class='ocrx_word' id='word_1_125' title='bbox 1384 1597 1504 1638; x_wconf 88' lang='lat' dir='ltr'><strong>esse</strong></span> <span class='ocrx_word' id='word_1_126' title='bbox 1556 1593 1821 1651; x_wconf 88' lang='lat' dir='ltr'><strong>peccato,</strong></span> <span class='ocrx_word' id='word_1_127' title='bbox 1870 1590 1925 1637; x_wconf 91' lang='lat' dir='ltr'><strong>et</strong></span> 
     </span>
    </p>
   </div>
   <div class='ocr_carea' id='block_1_18' title="bbox 350 1675 1920 1747">
    <p class='ocr_par' dir='ltr' id='par_1_18' title="bbox 350 1675 1920 1747">
     <span class='ocr_line' id='line_1_18' title="bbox 350 1675 1920 1747; baseline 0.002 -18"><span class='ocrx_word' id='word_1_128' title='bbox 350 1675 659 1746; x_wconf 85' lang='lat' dir='ltr'><strong>quicunque</strong></span> <span class='ocrx_word' id='word_1_129' title='bbox 709 1676 968 1747; x_wconf 85' lang='lat' dir='ltr'><strong>baptizati</strong></span> <span class='ocrx_word' id='word_1_130' title='bbox 1014 1694 1201 1733; x_wconf 91' lang='lat' dir='ltr'><strong>sumus</strong></span> <span class='ocrx_word' id='word_1_131' title='bbox 1255 1678 1307 1731; x_wconf 92' lang='lat' dir='ltr'><strong>in</strong></span> <span class='ocrx_word' id='word_1_132' title='bbox 1359 1677 1600 1742; x_wconf 86' lang='lat' dir='ltr'><strong>Christo,</strong></span> <span class='ocrx_word' id='word_1_133' title='bbox 1651 1675 1703 1730; x_wconf 90' lang='lat' dir='ltr'><strong>in</strong></span> <span class='ocrx_word' id='word_1_134' title='bbox 1746 1686 1920 1732; x_wconf 90' lang='lat' dir='ltr'><strong>morte</strong></span> 
     </span>
    </p>
   </div>
   <div class='ocr_carea' id='block_1_19' title="bbox 351 1742 1994 1840">
    <p class='ocr_par' dir='ltr' id='par_1_19' title="bbox 351 1742 1994 1840">
     <span class='ocr_line' id='line_1_19' title="bbox 351 1742 1994 1840; baseline 0.001 -16"><span class='ocrx_word' id='word_1_135' title='bbox 351 1769 520 1839; x_wconf 81' lang='lat' dir='ltr'><strong>ipsius</strong></span> <span class='ocrx_word' id='word_1_136' title='bbox 553 1769 852 1840; x_wconf 88' lang='lat' dir='ltr'><strong>baptizatos</strong></span> <span class='ocrx_word' id='word_1_137' title='bbox 869 1787 964 1826; x_wconf 92' lang='lat' dir='ltr'><strong>nos</strong></span> <span class='ocrx_word' id='word_1_138' title='bbox 997 1773 1186 1828; x_wconf 75' lang='lat' dir='ltr'><strong>dicit“</strong></span> <span class='ocrx_word' id='word_1_139' title='bbox 1219 1782 1303 1827; x_wconf 88' lang='lat' dir='ltr'><strong>:et</strong></span> <span class='ocrx_word' id='word_1_140' title='bbox 1346 1787 1490 1826; x_wconf 91' lang='lat' dir='ltr'><strong>nunc</strong></span> <span class='ocrx_word' id='word_1_141' title='bbox 1526 1772 1922 1840; x_wconf 90' lang='lat' dir='ltr'><strong>complantatos</strong></span> <span class='ocrx_word' id='word_1_142' title='bbox 1952 1742 1994 1800; x_wconf 73' lang='grc' dir='ltr'><strong>Β</strong></span> 
     </span>
    </p>
   </div>
   <div class='ocr_carea' id='block_1_20' title="bbox 354 1861 1924 1932">
    <p class='ocr_par' dir='ltr' id='par_1_20' title="bbox 354 1861 1924 1932">
     <span class='ocr_line' id='line_1_20' title="bbox 354 1861 1924 1932; baseline 0.002 -17"><span class='ocrx_word' id='word_1_143' title='bbox 354 1877 454 1916; x_wconf 92' lang='lat' dir='ltr'><strong>nos</strong></span> <span class='ocrx_word' id='word_1_144' title='bbox 482 1861 546 1916; x_wconf 87' lang='lat' dir='ltr'><strong>ad</strong></span> <span class='ocrx_word' id='word_1_145' title='bbox 584 1864 777 1917; x_wconf 80' lang='lat' dir='ltr'><strong>mortis</strong></span> <span class='ocrx_word' id='word_1_146' title='bbox 809 1863 926 1932; x_wconf 83' lang='lat' dir='ltr'><strong>ejus</strong></span> <span class='ocrx_word' id='word_1_147' title='bbox 953 1864 1360 1919; x_wconf 87' lang='lat' dir='ltr'><strong>similitudinem</strong></span> <span class='ocrx_word' id='word_1_148' title='bbox 1387 1863 1581 1918; x_wconf 83' lang='lat' dir='ltr'><strong>scribit</strong></span> <span class='ocrx_word' id='word_1_149' title='bbox 1616 1864 1682 1928; x_wconf 82' lang='grc'><strong>⁶²,</strong></span> <span class='ocrx_word' id='word_1_150' title='bbox 1721 1862 1924 1918; x_wconf 87' lang='lat' dir='ltr'><strong>addens</strong></span> 
     </span>
    </p>
   </div>
   <div class='ocr_carea' id='block_1_21' title="bbox 354 1951 1923 2025">
    <p class='ocr_par' dir='ltr' id='par_1_21' title="bbox 354 1951 1923 2025">
     <span class='ocr_line' id='line_1_21' title="bbox 354 1951 1923 2025; baseline 0.006 -26"><span class='ocrx_word' id='word_1_151' title='bbox 354 1951 496 2018; x_wconf 84' lang='lat' dir='ltr'><strong>quod</strong></span> <span class='ocrx_word' id='word_1_152' title='bbox 547 1951 592 2006; x_wconf 94' lang='lat' dir='ltr'><strong>si</strong></span> <span class='ocrx_word' id='word_1_153' title='bbox 641 1952 1049 2009; x_wconf 85' lang='lat' dir='ltr'><strong>similitudinem</strong></span> <span class='ocrx_word' id='word_1_154' title='bbox 1103 1956 1293 2010; x_wconf 91' lang='lat' dir='ltr'><strong>mortis</strong></span> <span class='ocrx_word' id='word_1_155' title='bbox 1333 1955 1476 2025; x_wconf 85' lang='lat' dir='ltr'><strong>ejus,</strong></span> <span class='ocrx_word' id='word_1_156' title='bbox 1535 1969 1645 2024; x_wconf 88' lang='lat' dir='ltr'><strong>qua</strong></span> <span class='ocrx_word' id='word_1_157' title='bbox 1698 1966 1923 2024; x_wconf 84' lang='lat' dir='ltr'><strong>peccato</strong></span> 
     </span>
    </p>
   </div>
   <div class='ocr_carea' id='block_1_22' title="bbox 351 2045 1912 2115">
    <p class='ocr_par' dir='ltr' id='par_1_22' title="bbox 351 2045 1912 2115">
     <span class='ocr_line' id='line_1_22' title="bbox 351 2045 1912 2115; baseline 0.007 -22"><span class='ocrx_word' id='word_1_158' title='bbox 351 2051 600 2096; x_wconf 90' lang='lat' dir='ltr'><strong>mortuus</strong></span> <span class='ocrx_word' id='word_1_159' title='bbox 631 2051 737 2106; x_wconf 89' lang='lat' dir='ltr'><strong>est,</strong></span> <span class='ocrx_word' id='word_1_160' title='bbox 760 2059 1036 2115; x_wconf 83' lang='lat' dir='ltr'><strong>geramus,</strong></span> <span class='ocrx_word' id='word_1_161' title='bbox 1067 2045 1232 2100; x_wconf 89' lang='lat' dir='ltr'><strong>etiam</strong></span> <span class='ocrx_word' id='word_1_162' title='bbox 1273 2048 1690 2103; x_wconf 84' lang='lat' dir='ltr'><strong>resurrectionis</strong></span> <span class='ocrx_word' id='word_1_163' title='bbox 1723 2049 1912 2108; x_wconf 86' lang='lat' dir='ltr'><strong>simili-</strong></span> 
     </span>
    </p>
   </div>
   <div class='ocr_carea' id='block_1_23' title="bbox 352 2133 1922 2212">
    <p class='ocr_par' dir='ltr' id='par_1_23' title="bbox 352 2133 1922 2212">
     <span class='ocr_line' id='line_1_23' title="bbox 352 2133 1922 2212; baseline 0.008 -26"><span class='ocrx_word' id='word_1_164' title='bbox 352 2133 595 2190; x_wconf 84' lang='lat' dir='ltr'><strong>tudinem</strong></span> <span class='ocrx_word' id='word_1_165' title='bbox 626 2151 848 2204; x_wconf 88' lang='lat' dir='ltr'><strong>sperare</strong></span> <span class='ocrx_word' id='word_1_166' title='bbox 871 2138 1185 2194; x_wconf 89' lang='lat' dir='ltr'><strong>debeamus.</strong></span> <span class='ocrx_word' id='word_1_167' title='bbox 1224 2137 1329 2193; x_wconf 88' lang='lat' dir='ltr'><strong>Sed</strong></span> <span class='ocrx_word' id='word_1_168' title='bbox 1361 2138 1463 2196; x_wconf 86' lang='lat' dir='ltr'><strong>hoc</strong></span> <span class='ocrx_word' id='word_1_169' title='bbox 1491 2150 1762 2209; x_wconf 89' lang='lat' dir='ltr'><strong>quatenus</strong></span> <span class='ocrx_word' id='word_1_170' title='bbox 1801 2158 1922 2212; x_wconf 82' lang='lat' dir='ltr'><strong>pos-</strong></span> 
     </span>
    </p>
   </div>
   <div class='ocr_carea' id='block_1_24' title="bbox 349 2226 1923 2300">
    <p class='ocr_par' dir='ltr' id='par_1_24' title="bbox 349 2226 1923 2300">
     <span class='ocr_line' id='line_1_24' title="bbox 349 2226 1923 2300; baseline 0.004 -20"><span class='ocrx_word' id='word_1_171' title='bbox 349 2230 420 2280; x_wconf 88' lang='lat' dir='ltr'><strong>sit</strong></span> <span class='ocrx_word' id='word_1_172' title='bbox 456 2226 571 2280; x_wconf 92' lang='lat' dir='ltr'><strong>ﬁeri</strong></span> <span class='ocrx_word' id='word_1_173' title='bbox 605 2229 838 2282; x_wconf 85' lang='lat' dir='ltr'><strong>ostendit</strong></span> <span class='ocrx_word' id='word_1_174' title='bbox 895 2229 1102 2296; x_wconf 90' lang='lat' dir='ltr'><strong>dicens,</strong></span> <span class='ocrx_word' id='word_1_175' title='bbox 1153 2231 1277 2300; x_wconf 89' lang='lat' dir='ltr'><strong>quia</strong></span> <span class='ocrx_word' id='word_1_176' title='bbox 1313 2243 1477 2289; x_wconf 84' lang='lat' dir='ltr'><strong>vetus</strong></span> <span class='ocrx_word' id='word_1_177' title='bbox 1527 2233 1692 2290; x_wconf 89' lang='lat' dir='ltr'><strong>homo</strong></span> <span class='ocrx_word' id='word_1_178' title='bbox 1738 2247 1923 2289; x_wconf 85' lang='lat' dir='ltr'><strong>noster</strong></span> 
     </span>
    </p>
   </div>
   <div class='ocr_carea' id='block_1_25' title="bbox 350 2319 1918 2391">
    <p class='ocr_par' dir='ltr' id='par_1_25' title="bbox 350 2319 1918 2391">
     <span class='ocr_line' id='line_1_25' title="bbox 350 2319 1918 2391; baseline 0.006 -20"><span class='ocrx_word' id='word_1_179' title='bbox 350 2319 704 2389; x_wconf 76' lang='lat' dir='ltr'><strong>cancruciﬁgi</strong></span> <span class='ocrx_word' id='word_1_180' title='bbox 755 2319 865 2391; x_wconf 85' lang='grc'>(97)</span> <span class='ocrx_word' id='word_1_181' title='bbox 915 2321 1109 2377; x_wconf 86' lang='lat' dir='ltr'><strong>debeat</strong></span> <span class='ocrx_word' id='word_1_182' title='bbox 1164 2323 1382 2379; x_wconf 91' lang='lat' dir='ltr'><strong>Christo</strong></span> <span class='ocrx_word' id='word_1_183' title='bbox 1423 2327 1489 2378; x_wconf 82' lang='lat'><strong>&quot;.</strong></span> <span class='ocrx_word' id='word_1_184' title='bbox 1541 2325 1704 2381; x_wconf 83' lang='lat' dir='ltr'><strong>Vetus</strong></span> <span class='ocrx_word' id='word_1_185' title='bbox 1738 2338 1918 2380; x_wconf 88' lang='lat' dir='ltr'><strong>autem</strong></span> 
     </span>
    </p>
   </div>
   <div class='ocr_carea' id='block_1_26' title="bbox 351 2410 1921 2488">
    <p class='ocr_par' dir='ltr' id='par_1_26' title="bbox 351 2410 1921 2488">
     <span class='ocr_line' id='line_1_26' title="bbox 351 2410 1921 2488; baseline 0.006 -24"><span class='ocrx_word' id='word_1_186' title='bbox 351 2410 512 2466; x_wconf 89' lang='lat' dir='ltr'><strong>homo</strong></span> <span class='ocrx_word' id='word_1_187' title='bbox 546 2422 732 2468; x_wconf 89' lang='lat' dir='ltr'><strong>noster</strong></span> <span class='ocrx_word' id='word_1_188' title='bbox 764 2413 1146 2484; x_wconf 89' lang='lat' dir='ltr'><strong>intelligendus</strong></span> <span class='ocrx_word' id='word_1_189' title='bbox 1177 2428 1260 2471; x_wconf 91' lang='lat' dir='ltr'><strong>est</strong></span> <span class='ocrx_word' id='word_1_190' title='bbox 1290 2419 1395 2470; x_wconf 87' lang='lat' dir='ltr'><strong>vita</strong></span> <span class='ocrx_word' id='word_1_191' title='bbox 1435 2417 1585 2488; x_wconf 91' lang='lat' dir='ltr'><strong>prior</strong></span> <span class='ocrx_word' id='word_1_192' title='bbox 1625 2433 1790 2488; x_wconf 90' lang='lat' dir='ltr'><strong>quam</strong></span> <span class='ocrx_word' id='word_1_193' title='bbox 1825 2419 1921 2474; x_wconf 87' lang='lat' dir='ltr'><strong>du-</strong></span> 
     </span>
    </p>
   </div>
   <div class='ocr_carea' id='block_1_27' title="bbox 350 2496 1919 2582">
    <p class='ocr_par' dir='ltr' id='par_1_27' title="bbox 350 2496 1919 2582">
     <span class='ocr_line' id='line_1_27' title="bbox 350 2496 1919 2582; baseline 0.008 -28"><span class='ocrx_word' id='word_1_194' title='bbox 350 2496 531 2556; x_wconf 75' lang='lat' dir='ltr'><strong>ximus</strong></span> <span class='ocrx_word' id='word_1_195' title='bbox 561 2503 615 2558; x_wconf 86' lang='lat' dir='ltr'><strong>in</strong></span> <span class='ocrx_word' id='word_1_196' title='bbox 654 2506 918 2573; x_wconf 89' lang='lat' dir='ltr'><strong>peccatis,</strong></span> <span class='ocrx_word' id='word_1_197' title='bbox 953 2506 1108 2574; x_wconf 90' lang='lat' dir='ltr'><strong>cujus</strong></span> <span class='ocrx_word' id='word_1_198' title='bbox 1137 2507 1294 2562; x_wconf 89' lang='lat' dir='ltr'><strong>ﬁnem</strong></span> <span class='ocrx_word' id='word_1_199' title='bbox 1327 2521 1380 2563; x_wconf 88' lang='lat' dir='ltr'><strong>et</strong></span> <span class='ocrx_word' id='word_1_200' title='bbox 1410 2510 1690 2565; x_wconf 89' lang='lat' dir='ltr'><strong>interitum</strong></span> <span class='ocrx_word' id='word_1_201' title='bbox 1726 2527 1919 2582; x_wconf 91' lang='lat' dir='ltr'><strong>quem-</strong></span> 
     </span>
    </p>
   </div>
   <div class='ocr_carea' id='block_1_28' title="bbox 351 2596 1922 2676">
    <p class='ocr_par' dir='ltr' id='par_1_28' title="bbox 351 2596 1922 2676">
     <span class='ocr_line' id='line_1_28' title="bbox 351 2596 1922 2676; baseline 0.009 -30"><span class='ocrx_word' id='word_1_202' title='bbox 351 2597 474 2648; x_wconf 84' lang='lat' dir='ltr'><strong>dam</strong></span> <span class='ocrx_word' id='word_1_203' title='bbox 507 2596 734 2653; x_wconf 83' lang='lat' dir='ltr'><strong>facimus</strong></span> <span class='ocrx_word' id='word_1_204' title='bbox 754 2598 841 2652; x_wconf 83' lang='lat' dir='ltr'><strong>ubi</strong></span> <span class='ocrx_word' id='word_1_205' title='bbox 873 2599 1166 2670; x_wconf 87' lang='lat' dir='ltr'><strong>recipimus</strong></span> <span class='ocrx_word' id='word_1_206' title='bbox 1196 2602 1247 2656; x_wconf 91' lang='lat' dir='ltr'><strong>in</strong></span> <span class='ocrx_word' id='word_1_207' title='bbox 1283 2604 1438 2658; x_wconf 90' lang='lat' dir='ltr'><strong>nobis</strong></span> <span class='ocrx_word' id='word_1_208' title='bbox 1473 2603 1632 2658; x_wconf 89' lang='lat' dir='ltr'><strong>ﬁdem</strong></span> <span class='ocrx_word' id='word_1_209' title='bbox 1662 2604 1774 2676; x_wconf 85' lang='grc'>(98)</span> <span class='ocrx_word' id='word_1_210' title='bbox 1798 2621 1922 2660; x_wconf 90' lang='lat' dir='ltr'><strong>cru-</strong></span> 
     </span>
    </p>
   </div>
   <div class='ocr_carea' id='block_1_29' title="bbox 351 2685 1918 2765">
    <p class='ocr_par' dir='ltr' id='par_1_29' title="bbox 351 2685 1918 2765">
     <span class='ocr_line' id='line_1_29' title="bbox 351 2685 1918 2765; baseline 0.005 -23"><span class='ocrx_word' id='word_1_211' title='bbox 351 2685 432 2749; x_wconf 87' lang='lat' dir='ltr'><strong>cis</strong></span> <span class='ocrx_word' id='word_1_212' title='bbox 463 2686 687 2754; x_wconf 86' lang='lat' dir='ltr'><strong>Christi,</strong></span> <span class='ocrx_word' id='word_1_213' title='bbox 715 2703 812 2758; x_wconf 90' lang='lat' dir='ltr'><strong>per</strong></span> <span class='ocrx_word' id='word_1_214' title='bbox 833 2703 996 2758; x_wconf 86' lang='lat' dir='ltr'><strong>quam</strong></span> <span class='ocrx_word' id='word_1_215' title='bbox 1023 2691 1096 2744; x_wconf 90' lang='lat' dir='ltr'><strong>ita</strong></span> <span class='ocrx_word' id='word_1_216' title='bbox 1128 2694 1432 2748; x_wconf 91' lang='lat' dir='ltr'><strong>destruitur</strong></span> <span class='ocrx_word' id='word_1_217' title='bbox 1457 2710 1658 2764; x_wconf 86' lang='lat' dir='ltr'><strong>corpus</strong></span> <span class='ocrx_word' id='word_1_218' title='bbox 1689 2697 1918 2765; x_wconf 88' lang='lat' dir='ltr'><strong>peccati,</strong></span> 
     </span>
    </p>
   </div>
   <div class='ocr_carea' id='block_1_30' title="bbox 349 2779 1919 2859">
    <p class='ocr_par' dir='ltr' id='par_1_30' title="bbox 349 2779 1919 2859">
     <span class='ocr_line' id='line_1_30' title="bbox 349 2779 1919 2859; baseline 0.008 -25"><span class='ocrx_word' id='word_1_219' title='bbox 349 2789 410 2841; x_wconf 83' lang='lat' dir='ltr'><strong>ut</strong></span> <span class='ocrx_word' id='word_1_220' title='bbox 444 2779 683 2835; x_wconf 82' lang='lat' dir='ltr'><strong>membra</strong></span> <span class='ocrx_word' id='word_1_221' title='bbox 711 2792 920 2846; x_wconf 89' lang='lat' dir='ltr'><strong>nostra,</strong></span> <span class='ocrx_word' id='word_1_222' title='bbox 947 2798 1066 2852; x_wconf 67' lang='lat' dir='ltr'><strong>qua:</strong></span> <span class='ocrx_word' id='word_1_223' title='bbox 1094 2787 1405 2844; x_wconf 88' lang='lat' dir='ltr'><strong>serviebant</strong></span> <span class='ocrx_word' id='word_1_224' title='bbox 1430 2801 1675 2859; x_wconf 89' lang='lat' dir='ltr'><strong>peccato,</strong></span> <span class='ocrx_word' id='word_1_225' title='bbox 1708 2791 1846 2846; x_wconf 90' lang='lat' dir='ltr'><strong>ultra</strong></span> <span class='ocrx_word' id='word_1_226' title='bbox 1871 2793 1919 2846; x_wconf 91' lang='lat' dir='ltr'><strong>ei</strong></span> 
     </span>
    </p>
   </div>
   <div class='ocr_carea' id='block_1_31' title="bbox 351 2873 1921 2951">
    <p class='ocr_par' dir='ltr' id='par_1_31' title="bbox 351 2873 1921 2951">
     <span class='ocr_line' id='line_1_31' title="bbox 351 2873 1921 2951; baseline 0.01 -25"><span class='ocrx_word' id='word_1_227' title='bbox 351 2886 456 2928; x_wconf 91' lang='lat' dir='ltr'><strong>non</strong></span> <span class='ocrx_word' id='word_1_228' title='bbox 492 2873 754 2941; x_wconf 90' lang='lat' dir='ltr'><strong>serviant,</strong></span> <span class='ocrx_word' id='word_1_229' title='bbox 775 2878 866 2930; x_wconf 92' lang='lat' dir='ltr'><strong>sed</strong></span> <span class='ocrx_word' id='word_1_230' title='bbox 892 2875 1027 2935; x_wconf 91' lang='lat' dir='ltr'><strong>Deo.</strong></span> <span class='ocrx_word' id='word_1_231' title='bbox 1063 2878 1168 2934; x_wconf 90' lang='lat' dir='ltr'><strong>Sed</strong></span> <span class='ocrx_word' id='word_1_232' title='bbox 1198 2896 1339 2934; x_wconf 92' lang='lat' dir='ltr'><strong>nunc</strong></span> <span class='ocrx_word' id='word_1_233' title='bbox 1373 2891 1685 2951; x_wconf 84' lang='lat' dir='ltr'><strong>repetentes</strong></span> <span class='ocrx_word' id='word_1_234' title='bbox 1715 2899 1921 2940; x_wconf 87' lang='lat' dir='ltr'><strong>sermo-</strong></span> 
     </span>
    </p>
   </div>
   <div class='ocr_carea' id='block_1_32' title="bbox 351 2963 1918 3041">
    <p class='ocr_par' dir='ltr' id='par_1_32' title="bbox 351 2963 1918 3041">
     <span class='ocr_line' id='line_1_32' title="bbox 351 2963 1918 3041; baseline 0.008 -24"><span class='ocrx_word' id='word_1_235' title='bbox 351 2977 495 3028; x_wconf 87' lang='lat' dir='ltr'><strong>nem,</strong></span> <span class='ocrx_word' id='word_1_236' title='bbox 526 2963 809 3020; x_wconf 86' lang='lat' dir='ltr'><strong>videamus</strong></span> <span class='ocrx_word' id='word_1_237' title='bbox 852 2967 981 3037; x_wconf 89' lang='lat' dir='ltr'><strong>quid</strong></span> <span class='ocrx_word' id='word_1_238' title='bbox 1034 2978 1119 3025; x_wconf 89' lang='lat' dir='ltr'><strong>est</strong></span> <span class='ocrx_word' id='word_1_239' title='bbox 1171 2971 1530 3041; x_wconf 87' lang='lat' dir='ltr'><strong>complantari</strong></span> <span class='ocrx_word' id='word_1_240' title='bbox 1577 2974 1918 3031; x_wconf 90' lang='lat' dir='ltr'><strong>similitudini</strong></span> 
     </span>
    </p>
   </div>
   <div class='ocr_carea' id='block_1_33' title="bbox 353 3057 1919 3136">
    <p class='ocr_par' dir='ltr' id='par_1_33' title="bbox 353 3057 1919 3136">
     <span class='ocr_line' id='line_1_33' title="bbox 353 3057 1919 3136; baseline 0.01 -26"><span class='ocrx_word' id='word_1_241' title='bbox 353 3057 544 3112; x_wconf 89' lang='lat' dir='ltr'><strong>mortis</strong></span> <span class='ocrx_word' id='word_1_242' title='bbox 571 3057 798 3124; x_wconf 88' lang='lat' dir='ltr'><strong>Christi,</strong></span> <span class='ocrx_word' id='word_1_243' title='bbox 829 3059 880 3112; x_wconf 92' lang='lat' dir='ltr'><strong>in</strong></span> <span class='ocrx_word' id='word_1_244' title='bbox 912 3075 1021 3130; x_wconf 92' lang='lat' dir='ltr'><strong>quo</strong></span> <span class='ocrx_word' id='word_1_245' title='bbox 1055 3061 1201 3117; x_wconf 89' lang='lat' dir='ltr'><strong>velut</strong></span> <span class='ocrx_word' id='word_1_246' title='bbox 1228 3063 1466 3133; x_wconf 87' lang='lat' dir='ltr'><strong>plantam</strong></span> <span class='ocrx_word' id='word_1_247' title='bbox 1494 3066 1724 3136; x_wconf 88' lang='lat' dir='ltr'><strong>alicujus</strong></span> <span class='ocrx_word' id='word_1_248' title='bbox 1757 3070 1919 3125; x_wconf 89' lang='lat' dir='ltr'><strong>arbo-</strong></span> 
     </span>
    </p>
   </div>
   <div class='ocr_carea' id='block_1_34' title="bbox 348 3149 1920 3229">
    <p class='ocr_par' dir='ltr' id='par_1_34' title="bbox 348 3149 1920 3229">
     <span class='ocr_line' id='line_1_34' title="bbox 348 3149 1920 3229; baseline 0.01 -27"><span class='ocrx_word' id='word_1_249' title='bbox 348 3150 427 3202; x_wconf 84' lang='lat' dir='ltr'><strong>ris</strong></span> <span class='ocrx_word' id='word_1_250' title='bbox 451 3149 689 3204; x_wconf 88' lang='lat' dir='ltr'><strong>ostendit</strong></span> <span class='ocrx_word' id='word_1_251' title='bbox 726 3160 954 3208; x_wconf 86' lang='lat' dir='ltr'><strong>mortem</strong></span> <span class='ocrx_word' id='word_1_252' title='bbox 982 3155 1208 3223; x_wconf 89' lang='lat' dir='ltr'><strong>Christi,</strong></span> <span class='ocrx_word' id='word_1_253' title='bbox 1250 3157 1338 3211; x_wconf 92' lang='lat' dir='ltr'><strong>cui</strong></span> <span class='ocrx_word' id='word_1_254' title='bbox 1385 3173 1486 3214; x_wconf 93' lang='lat' dir='ltr'><strong>nos</strong></span> <span class='ocrx_word' id='word_1_255' title='bbox 1522 3159 1920 3229; x_wconf 89' lang='lat' dir='ltr'><strong>complantatos</strong></span> 
     </span>
    </p>
   </div>
   <div class='ocr_carea' id='block_1_35' title="bbox 351 3240 1920 3322">
    <p class='ocr_par' dir='ltr' id='par_1_35' title="bbox 351 3240 1920 3322">
     <span class='ocr_line' id='line_1_35' title="bbox 351 3240 1920 3322; baseline 0.011 -31"><span class='ocrx_word' id='word_1_256' title='bbox 351 3240 466 3295; x_wconf 77' lang='lat' dir='ltr'><strong>vult</strong></span> <span class='ocrx_word' id='word_1_257' title='bbox 499 3255 640 3306; x_wconf 85' lang='lat' dir='ltr'><strong>esse,</strong></span> <span class='ocrx_word' id='word_1_258' title='bbox 683 3251 742 3296; x_wconf 88' lang='lat' dir='ltr'><strong>ut</strong></span> <span class='ocrx_word' id='word_1_259' title='bbox 773 3257 840 3298; x_wconf 88' lang='lat' dir='ltr'><strong>ex</strong></span> <span class='ocrx_word' id='word_1_260' title='bbox 875 3258 1044 3300; x_wconf 90' lang='lat' dir='ltr'><strong>succo</strong></span> <span class='ocrx_word' id='word_1_261' title='bbox 1081 3247 1280 3303; x_wconf 88' lang='lat' dir='ltr'><strong>radicis</strong></span> <span class='ocrx_word' id='word_1_262' title='bbox 1324 3248 1444 3316; x_wconf 90' lang='lat' dir='ltr'><strong>ejus</strong></span> <span class='ocrx_word' id='word_1_263' title='bbox 1502 3250 1657 3304; x_wconf 81' lang='lat' dir='ltr'><strong>radix</strong></span> <span class='ocrx_word' id='word_1_264' title='bbox 1705 3267 1920 3322; x_wconf 89' lang='lat' dir='ltr'><strong>quoque</strong></span> 
     </span>
    </p>
   </div>
   <div class='ocr_carea' id='block_1_36' title="bbox 349 3335 1920 3408">
    <p class='ocr_par' dir='ltr' id='par_1_36' title="bbox 349 3335 1920 3408">
     <span class='ocr_line' id='line_1_36' title="bbox 349 3335 1920 3408; baseline 0.007 -22"><span class='ocrx_word' id='word_1_265' title='bbox 349 3341 534 3388; x_wconf 90' lang='lat' dir='ltr'><strong>nostra</strong></span> <span class='ocrx_word' id='word_1_266' title='bbox 568 3335 870 3405; x_wconf 91' lang='lat' dir='ltr'><strong>suscipiens</strong></span> <span class='ocrx_word' id='word_1_267' title='bbox 920 3338 1184 3407; x_wconf 87' lang='lat' dir='ltr'><strong>producat</strong></span> <span class='ocrx_word' id='word_1_268' title='bbox 1224 3355 1406 3396; x_wconf 90' lang='lat' dir='ltr'><strong>ramos</strong></span> <span class='ocrx_word' id='word_1_269' title='bbox 1443 3339 1690 3408; x_wconf 84' lang='lat' dir='ltr'><strong>justitiae,</strong></span> <span class='ocrx_word' id='word_1_270' title='bbox 1721 3356 1776 3399; x_wconf 90' lang='lat' dir='ltr'><strong>et</strong></span> <span class='ocrx_word' id='word_1_271' title='bbox 1806 3345 1920 3398; x_wconf 80' lang='lat' dir='ltr'><strong>tru-</strong></span> 
     </span>
    </p>
   </div>
   <div class='ocr_carea' id='block_1_37' title="bbox 350 3427 1918 3510">
    <p class='ocr_par' dir='ltr' id='par_1_37' title="bbox 350 3427 1918 3510">
     <span class='ocr_line' id='line_1_37' title="bbox 350 3427 1918 3510; baseline 0.006 -26"><span class='ocrx_word' id='word_1_272' title='bbox 350 3438 472 3484; x_wconf 83' lang='lat' dir='ltr'><strong>etus</strong></span> <span class='ocrx_word' id='word_1_273' title='bbox 499 3427 691 3484; x_wconf 77' lang='lat' dir='ltr'><strong>alierat</strong></span> <span class='ocrx_word' id='word_1_274' title='bbox 724 3431 868 3485; x_wconf 64' lang='lat' dir='ltr'><strong>vitae.</strong></span> <span class='ocrx_word' id='word_1_275' title='bbox 897 3431 1047 3499; x_wconf 84' lang='lat' dir='ltr'><strong>Quod</strong></span> <span class='ocrx_word' id='word_1_276' title='bbox 1093 3434 1138 3487; x_wconf 93' lang='lat' dir='ltr'><strong>si</strong></span> <span class='ocrx_word' id='word_1_277' title='bbox 1188 3433 1271 3488; x_wconf 89' lang='lat' dir='ltr'><strong>vis</strong></span> <span class='ocrx_word' id='word_1_278' title='bbox 1301 3435 1368 3487; x_wconf 93' lang='lat' dir='ltr'><strong>de</strong></span> <span class='ocrx_word' id='word_1_279' title='bbox 1404 3432 1704 3505; x_wconf 88' lang='lat' dir='ltr'><strong>Scripturis</strong></span> <span class='ocrx_word' id='word_1_280' title='bbox 1749 3453 1918 3510; x_wconf 85' lang='lat' dir='ltr'><strong>agno-</strong></span> 
     </span>
    </p>
   </div>
   <div class='ocr_carea' id='block_1_38' title="bbox 350 3522 1921 3596">
    <p class='ocr_par' dir='ltr' id='par_1_38' title="bbox 350 3522 1921 3596">
     <span class='ocr_line' id='line_1_38' title="bbox 350 3522 1921 3596; baseline 0.007 -22"><span class='ocrx_word' id='word_1_281' title='bbox 350 3535 506 3576; x_wconf 84' lang='lat' dir='ltr'><strong>scere</strong></span> <span class='ocrx_word' id='word_1_282' title='bbox 539 3537 662 3593; x_wconf 69' lang='lat' dir='ltr'><strong>qua:</strong></span> <span class='ocrx_word' id='word_1_283' title='bbox 698 3522 798 3579; x_wconf 86' lang='lat' dir='ltr'><strong>ista</strong></span> <span class='ocrx_word' id='word_1_284' title='bbox 830 3523 901 3578; x_wconf 89' lang='lat' dir='ltr'><strong>sit</strong></span> <span class='ocrx_word' id='word_1_285' title='bbox 929 3524 1109 3593; x_wconf 83' lang='lat' dir='ltr'><strong>planta</strong></span> <span class='ocrx_word' id='word_1_286' title='bbox 1140 3526 1229 3580; x_wconf 91' lang='lat' dir='ltr'><strong>cui</strong></span> <span class='ocrx_word' id='word_1_287' title='bbox 1261 3526 1613 3596; x_wconf 87' lang='lat' dir='ltr'><strong>complantati</strong></span> <span class='ocrx_word' id='word_1_288' title='bbox 1657 3543 1779 3584; x_wconf 84' lang='lat' dir='ltr'><strong>esse</strong></span> <span class='ocrx_word' id='word_1_289' title='bbox 1823 3530 1921 3584; x_wconf 91' lang='lat' dir='ltr'><strong>de-</strong></span> 
     </span>
    </p>
   </div>
   <div class='ocr_carea' id='block_1_39' title="bbox 349 3611 1924 3690">
    <p class='ocr_par' dir='ltr' id='par_1_39' title="bbox 349 3611 1924 3690">
     <span class='ocr_line' id='line_1_39' title="bbox 349 3611 1924 3690; baseline 0.004 -23"><span class='ocrx_word' id='word_1_290' title='bbox 349 3611 599 3677; x_wconf 82' lang='lat' dir='ltr'><strong>beamus,</strong></span> <span class='ocrx_word' id='word_1_291' title='bbox 643 3624 700 3668; x_wconf 89' lang='lat' dir='ltr'><strong>et</strong></span> <span class='ocrx_word' id='word_1_292' title='bbox 751 3614 904 3684; x_wconf 91' lang='lat' dir='ltr'><strong>cujus</strong></span> <span class='ocrx_word' id='word_1_293' title='bbox 937 3615 1155 3684; x_wconf 82' lang='lat' dir='ltr'><strong>generis</strong></span> <span class='ocrx_word' id='word_1_294' title='bbox 1190 3617 1374 3684; x_wconf 91' lang='lat' dir='ltr'><strong>arbor,</strong></span> <span class='ocrx_word' id='word_1_295' title='bbox 1405 3619 1528 3673; x_wconf 86' lang='lat' dir='ltr'><strong>audi</strong></span> <span class='ocrx_word' id='word_1_296' title='bbox 1563 3620 1694 3690; x_wconf 90' lang='lat' dir='ltr'><strong>quid</strong></span> <span class='ocrx_word' id='word_1_297' title='bbox 1731 3622 1795 3675; x_wconf 89' lang='lat' dir='ltr'><strong>de</strong></span> <span class='ocrx_word' id='word_1_298' title='bbox 1823 3619 1924 3674; x_wconf 90' lang='lat' dir='ltr'><strong>Sa-</strong></span> 
     </span>
    </p>
   </div>
   <div class='ocr_carea' id='block_1_40' title="bbox 349 3701 1918 3776">
    <p class='ocr_par' dir='ltr' id='par_1_40' title="bbox 349 3701 1918 3776">
     <span class='ocr_line' id='line_1_40' title="bbox 349 3701 1918 3776; baseline 0.007 -21"><span class='ocrx_word' id='word_1_299' title='bbox 349 3701 554 3776; x_wconf 86' lang='lat' dir='ltr'><strong>pientia</strong></span> <span class='ocrx_word' id='word_1_300' title='bbox 591 3704 885 3758; x_wconf 87' lang='lat' dir='ltr'><strong>scribitur:</strong></span> <span class='ocrx_word' id='word_1_301' title='bbox 912 3723 930 3756; x_wconf 83' lang='grc' dir='ltr'><strong>ι</strong></span> <span class='ocrx_word' id='word_1_302' title='bbox 961 3705 1160 3771; x_wconf 80' lang='lat' dir='ltr'><strong>Arbor,</strong></span> <span class='ocrx_word' id='word_1_303' title='bbox 1182 3706 1375 3776; x_wconf 87' lang='lat' dir='ltr'><strong>inquit,</strong></span> <span class='ocrx_word' id='word_1_304' title='bbox 1405 3709 1528 3764; x_wconf 64' lang='lat' dir='ltr'><strong>vitae</strong></span> <span class='ocrx_word' id='word_1_305' title='bbox 1557 3719 1640 3763; x_wconf 90' lang='lat' dir='ltr'><strong>est</strong></span> <span class='ocrx_word' id='word_1_306' title='bbox 1667 3711 1918 3766; x_wconf 90' lang='lat' dir='ltr'><strong>omnibus</strong></span> 
     </span>
    </p>
   </div>
   <div class='ocr_carea' id='block_1_41' title="bbox 351 3776 1913 3870">
    <p class='ocr_par' dir='ltr' id='par_1_41' title="bbox 351 3776 1913 3870">
     <span class='ocr_line' id='line_1_41' title="bbox 351 3776 1913 3870; baseline 0.006 -22"><span class='ocrx_word' id='word_1_307' title='bbox 351 3795 698 3865; x_wconf 79' lang='lat' dir='ltr'><strong>sperantibus</strong></span> <span class='ocrx_word' id='word_1_308' title='bbox 728 3796 779 3850; x_wconf 93' lang='lat' dir='ltr'><strong>in</strong></span> <span class='ocrx_word' id='word_1_309' title='bbox 816 3810 908 3862; x_wconf 91' lang='lat' dir='ltr'><strong>se;</strong></span> <span class='ocrx_word' id='word_1_310' title='bbox 947 3806 1003 3850; x_wconf 88' lang='lat' dir='ltr'><strong>et</strong></span> <span class='ocrx_word' id='word_1_311' title='bbox 1044 3799 1134 3865; x_wconf 90' lang='lat' dir='ltr'><strong>qui</strong></span> <span class='ocrx_word' id='word_1_312' title='bbox 1167 3799 1450 3854; x_wconf 87' lang='lat' dir='ltr'><strong>conﬁdunt</strong></span> <span class='ocrx_word' id='word_1_313' title='bbox 1477 3801 1529 3854; x_wconf 94' lang='lat' dir='ltr'><strong>in</strong></span> <span class='ocrx_word' id='word_1_314' title='bbox 1557 3815 1618 3854; x_wconf 89' lang='lat' dir='ltr'><strong>ea</strong></span> <span class='ocrx_word' id='word_1_315' title='bbox 1658 3776 1913 3870; x_wconf 78' lang='lat' dir='ltr'><strong>tanquam</strong></span> 
     </span>
    </p>
   </div>
   <div class='ocr_carea' id='block_1_42' title="bbox 353 3884 1917 3959">
    <p class='ocr_par' dir='ltr' id='par_1_42' title="bbox 353 3884 1917 3959">
     <span class='ocr_line' id='line_1_42' title="bbox 353 3884 1917 3959; baseline 0.005 -21"><span class='ocrx_word' id='word_1_316' title='bbox 353 3884 408 3938; x_wconf 90' lang='lat' dir='ltr'><strong>in</strong></span> <span class='ocrx_word' id='word_1_317' title='bbox 443 3885 670 3946; x_wconf 88' lang='lat' dir='ltr'><strong>Domino</strong></span> <span class='ocrx_word' id='word_1_318' title='bbox 708 3885 774 3939; x_wconf 74' lang='grc'><strong>⁸³.</strong></span> <span class='ocrx_word' id='word_1_319' title='bbox 820 3905 838 3938; x_wconf 79' lang='grc' dir='ltr'><strong>ι</strong></span> <span class='ocrx_word' id='word_1_320' title='bbox 894 3885 1150 3942; x_wconf 89' lang='lat' dir='ltr'><strong>Christus</strong></span> <span class='ocrx_word' id='word_1_321' title='bbox 1190 3903 1320 3959; x_wconf 88' lang='lat' dir='ltr'><strong>ergo</strong></span> <span class='ocrx_word' id='word_1_322' title='bbox 1360 3890 1453 3945; x_wconf 87' lang='lat' dir='ltr'><strong>Dei</strong></span> <span class='ocrx_word' id='word_1_323' title='bbox 1493 3891 1688 3957; x_wconf 89' lang='lat' dir='ltr'><strong>virtus,</strong></span> <span class='ocrx_word' id='word_1_324' title='bbox 1729 3900 1786 3946; x_wconf 90' lang='lat' dir='ltr'><strong>et</strong></span> <span class='ocrx_word' id='word_1_325' title='bbox 1825 3892 1917 3948; x_wconf 87' lang='lat' dir='ltr'><strong>Dei</strong></span> 
     </span>
    </p>
   </div>
   <div class='ocr_carea' id='block_1_43' title="bbox 351 3977 1922 4054">
    <p class='ocr_par' dir='ltr' id='par_1_43' title="bbox 351 3977 1922 4054">
     <span class='ocr_line' id='line_1_43' title="bbox 351 3977 1922 4054; baseline 0.006 -24"><span class='ocrx_word' id='word_1_326' title='bbox 351 3977 618 4045; x_wconf 82' lang='lat' dir='ltr'><strong>sapientia</strong></span> <span class='ocrx_word' id='word_1_327' title='bbox 649 3977 715 4050; x_wconf 73' lang='lat'><strong>“,</strong></span> <span class='ocrx_word' id='word_1_328' title='bbox 755 3978 869 4048; x_wconf 88' lang='lat' dir='ltr'><strong>ipse</strong></span> <span class='ocrx_word' id='word_1_329' title='bbox 915 3988 997 4033; x_wconf 89' lang='lat' dir='ltr'><strong>est</strong></span> <span class='ocrx_word' id='word_1_330' title='bbox 1035 3980 1200 4036; x_wconf 89' lang='lat' dir='ltr'><strong>arbor</strong></span> <span class='ocrx_word' id='word_1_331' title='bbox 1239 3983 1387 4049; x_wconf 65' lang='lat' dir='ltr'><strong>vitae,</strong></span> <span class='ocrx_word' id='word_1_332' title='bbox 1430 3983 1515 4036; x_wconf 92' lang='lat' dir='ltr'><strong>cui</strong></span> <span class='ocrx_word' id='word_1_333' title='bbox 1560 3983 1922 4054; x_wconf 89' lang='lat' dir='ltr'><strong>complantari</strong></span> 
     </span>
    </p>
   </div>
   <div class='ocr_carea' id='block_1_44' title="bbox 353 4066 1922 4142">
    <p class='ocr_par' dir='ltr' id='par_1_44' title="bbox 353 4066 1922 4142">
     <span class='ocr_line' id='line_1_44' title="bbox 353 4066 1922 4142; baseline 0.006 -22"><span class='ocrx_word' id='word_1_334' title='bbox 353 4066 636 4135; x_wconf 88' lang='lat' dir='ltr'><strong>debemus,</strong></span> <span class='ocrx_word' id='word_1_335' title='bbox 667 4078 720 4123; x_wconf 92' lang='lat' dir='ltr'><strong>et</strong></span> <span class='ocrx_word' id='word_1_336' title='bbox 747 4085 886 4123; x_wconf 89' lang='lat' dir='ltr'><strong>novo</strong></span> <span class='ocrx_word' id='word_1_337' title='bbox 919 4070 1151 4138; x_wconf 90' lang='lat' dir='ltr'><strong>quodam</strong></span> <span class='ocrx_word' id='word_1_338' title='bbox 1194 4081 1358 4142; x_wconf 88' lang='lat' dir='ltr'><strong>atque</strong></span> <span class='ocrx_word' id='word_1_339' title='bbox 1393 4073 1611 4129; x_wconf 85' lang='lat' dir='ltr'><strong>amabili</strong></span> <span class='ocrx_word' id='word_1_340' title='bbox 1647 4074 1740 4130; x_wconf 87' lang='lat' dir='ltr'><strong>Dei</strong></span> <span class='ocrx_word' id='word_1_341' title='bbox 1783 4075 1922 4130; x_wconf 87' lang='lat' dir='ltr'><strong>dono</strong></span> 
     </span>
    </p>
   </div>
   <div class='ocr_carea' id='block_1_45' title="bbox 351 4161 1920 4222">
    <p class='ocr_par' dir='ltr' id='par_1_45' title="bbox 351 4161 1920 4222">
     <span class='ocr_line' id='line_1_45' title="bbox 351 4161 1920 4222; baseline 0.004 -7"><span class='ocrx_word' id='word_1_342' title='bbox 351 4177 504 4215; x_wconf 84' lang='lat' dir='ltr'><strong>mors</strong></span> <span class='ocrx_word' id='word_1_343' title='bbox 552 4161 694 4218; x_wconf 90' lang='lat' dir='ltr'><strong>illius</strong></span> <span class='ocrx_word' id='word_1_344' title='bbox 740 4163 893 4217; x_wconf 87' lang='lat' dir='ltr'><strong>nobis</strong></span> <span class='ocrx_word' id='word_1_345' title='bbox 934 4163 1096 4216; x_wconf 83' lang='lat' dir='ltr'><strong>arbor</strong></span> <span class='ocrx_word' id='word_1_346' title='bbox 1129 4166 1251 4220; x_wconf 70' lang='lat' dir='ltr'><strong>vita:</strong></span> <span class='ocrx_word' id='word_1_347' title='bbox 1276 4163 1529 4222; x_wconf 72' lang='lat' dir='ltr'><strong>efﬁcitur.</strong></span> <span class='ocrx_word' id='word_1_348' title='bbox 1561 4165 1708 4221; x_wconf 88' lang='lat' dir='ltr'><strong>Bene</strong></span> <span class='ocrx_word' id='word_1_349' title='bbox 1738 4177 1920 4222; x_wconf 91' lang='lat' dir='ltr'><strong>autem</strong></span> 
     </span>
    </p>
   </div>
   <div class='ocr_carea' id='block_1_46' title="bbox 352 4256 1923 4328">
    <p class='ocr_par' dir='ltr' id='par_1_46' title="bbox 352 4256 1923 4328">
     <span class='ocr_line' id='line_1_46' title="bbox 352 4256 1923 4328; baseline 0.001 -17"><span class='ocrx_word' id='word_1_350' title='bbox 352 4256 668 4325; x_wconf 83' lang='lat' dir='ltr'><strong>Apostolus,</strong></span> <span class='ocrx_word' id='word_1_351' title='bbox 709 4257 888 4312; x_wconf 89' lang='lat' dir='ltr'><strong>sciens</strong></span> <span class='ocrx_word' id='word_1_352' title='bbox 916 4273 975 4312; x_wconf 90' lang='lat' dir='ltr'><strong>se</strong></span> <span class='ocrx_word' id='word_1_353' title='bbox 1004 4258 1055 4312; x_wconf 93' lang='lat' dir='ltr'><strong>in</strong></span> <span class='ocrx_word' id='word_1_354' title='bbox 1081 4262 1334 4328; x_wconf 84' lang='lat' dir='ltr'><strong>praesenti</strong></span> <span class='ocrx_word' id='word_1_355' title='bbox 1375 4260 1494 4321; x_wconf 90' lang='lat' dir='ltr'><strong>loco</strong></span> <span class='ocrx_word' id='word_1_356' title='bbox 1539 4277 1649 4315; x_wconf 93' lang='lat' dir='ltr'><strong>non</strong></span> <span class='ocrx_word' id='word_1_357' title='bbox 1679 4262 1744 4316; x_wconf 93' lang='lat' dir='ltr'><strong>de</strong></span> <span class='ocrx_word' id='word_1_358' title='bbox 1772 4277 1923 4316; x_wconf 84' lang='lat' dir='ltr'><strong>cum-</strong></span> 
     </span>
    </p>
   </div>
   <div class='ocr_carea' id='block_1_47' title="bbox 353 4346 1922 4422">
    <p class='ocr_par' dir='ltr' id='par_1_47' title="bbox 353 4346 1922 4422">
     <span class='ocr_line' id='line_1_47' title="bbox 353 4346 1922 4422; baseline 0.008 -24"><span class='ocrx_word' id='word_1_359' title='bbox 353 4346 502 4400; x_wconf 87' lang='lat' dir='ltr'><strong>tnuui</strong></span> <span class='ocrx_word' id='word_1_360' title='bbox 537 4347 661 4413; x_wconf 87' lang='lat' dir='ltr'><strong>hac,</strong></span> <span class='ocrx_word' id='word_1_361' title='bbox 699 4347 795 4412; x_wconf 85' lang='lat' dir='ltr'><strong>sed</strong></span> <span class='ocrx_word' id='word_1_362' title='bbox 826 4347 893 4402; x_wconf 93' lang='lat' dir='ltr'><strong>de</strong></span> <span class='ocrx_word' id='word_1_363' title='bbox 930 4351 1138 4417; x_wconf 88' lang='lat' dir='ltr'><strong>peccati</strong></span> <span class='ocrx_word' id='word_1_364' title='bbox 1191 4362 1365 4406; x_wconf 89' lang='lat' dir='ltr'><strong>morte</strong></span> <span class='ocrx_word' id='word_1_365' title='bbox 1414 4362 1671 4422; x_wconf 80' lang='lat' dir='ltr'><strong>tractare,</strong></span> <span class='ocrx_word' id='word_1_366' title='bbox 1703 4369 1806 4411; x_wconf 89' lang='lat' dir='ltr'><strong>non</strong></span> <span class='ocrx_word' id='word_1_367' title='bbox 1841 4354 1922 4411; x_wconf 92' lang='lat' dir='ltr'><strong>di-</strong></span> 
     </span>
    </p>
   </div>
   <div class='ocr_carea' id='block_1_48' title="bbox 2027 459 3593 541">
    <p class='ocr_par' dir='ltr' id='par_1_48' title="bbox 2027 459 3593 541">
     <span class='ocr_line' id='line_1_48' title="bbox 2027 459 3593 541; baseline -0.008 -19"><span class='ocrx_word' id='word_1_368' title='bbox 2027 469 2245 541; x_wconf 87' lang='lat' dir='ltr'><strong>quidem</strong></span> <span class='ocrx_word' id='word_1_369' title='bbox 2298 475 2478 520; x_wconf 89' lang='lat' dir='ltr'><strong>morte</strong></span> <span class='ocrx_word' id='word_1_370' title='bbox 2506 477 2615 532; x_wconf 90' lang='lat' dir='ltr'><strong>qua</strong></span> <span class='ocrx_word' id='word_1_371' title='bbox 2647 459 2806 516; x_wconf 81' lang='lat' dir='ltr'><strong>Jesus</strong></span> <span class='ocrx_word' id='word_1_372' title='bbox 2838 468 3088 512; x_wconf 88' lang='lat' dir='ltr'><strong>mortuus</strong></span> <span class='ocrx_word' id='word_1_373' title='bbox 3127 465 3212 512; x_wconf 87' lang='lat' dir='ltr'><strong>est</strong></span> <span class='ocrx_word' id='word_1_374' title='bbox 3257 464 3504 525; x_wconf 85' lang='lat' dir='ltr'><strong>peccato,</strong></span> <span class='ocrx_word' id='word_1_375' title='bbox 3546 468 3593 510; x_wconf 92' lang='lat' dir='ltr'><strong>ut</strong></span> 
     </span>
    </p>
   </div>
   <div class='ocr_carea' id='block_1_49' title="bbox 2028 547 3592 636">
    <p class='ocr_par' dir='ltr' id='par_1_49' title="bbox 2028 547 3592 636">
     <span class='ocr_line' id='line_1_49' title="bbox 2028 547 3592 636; baseline -0.013 -17"><span class='ocrx_word' id='word_1_376' title='bbox 2028 569 2312 636; x_wconf 83' lang='lat' dir='ltr'><strong>peccatum</strong></span> <span class='ocrx_word' id='word_1_377' title='bbox 2352 559 2574 613; x_wconf 91' lang='lat' dir='ltr'><strong>omnino</strong></span> <span class='ocrx_word' id='word_1_378' title='bbox 2607 569 2713 608; x_wconf 92' lang='lat' dir='ltr'><strong>non</strong></span> <span class='ocrx_word' id='word_1_379' title='bbox 2742 552 2935 607; x_wconf 83' lang='lat' dir='ltr'><strong>iecerit</strong></span> <span class='ocrx_word' id='word_1_380' title='bbox 2967 547 3100 620; x_wconf 87' lang='grc'>(99).</span> <span class='ocrx_word' id='word_1_381' title='bbox 3143 561 3248 602; x_wconf 91' lang='lat' dir='ltr'><strong>nos</strong></span> <span class='ocrx_word' id='word_1_382' title='bbox 3281 561 3391 599; x_wconf 89' lang='lat' dir='ltr'><strong>non</strong></span> <span class='ocrx_word' id='word_1_383' title='bbox 3425 560 3592 614; x_wconf 81' lang='lat' dir='ltr'><strong>possu-</strong></span> 
     </span>
    </p>
   </div>
   <div class='ocr_carea' id='block_1_50' title="bbox 2027 638 3590 709">
    <p class='ocr_par' dir='ltr' id='par_1_50' title="bbox 2027 638 3590 709">
     <span class='ocr_line' id='line_1_50' title="bbox 2027 638 3590 709; baseline -0.014 0"><span class='ocrx_word' id='word_1_384' title='bbox 2027 669 2152 709; x_wconf 92' lang='lat' dir='ltr'><strong>mus</strong></span> <span class='ocrx_word' id='word_1_385' title='bbox 2181 651 2316 706; x_wconf 90' lang='lat' dir='ltr'><strong>mori</strong></span> <span class='ocrx_word' id='word_1_386' title='bbox 2350 658 2409 703; x_wconf 90' lang='lat' dir='ltr'><strong>ut</strong></span> <span class='ocrx_word' id='word_1_387' title='bbox 2437 646 2658 701; x_wconf 89' lang='lat' dir='ltr'><strong>omnino</strong></span> <span class='ocrx_word' id='word_1_388' title='bbox 2688 644 2998 698; x_wconf 86' lang='lat' dir='ltr'><strong>nesciamus</strong></span> <span class='ocrx_word' id='word_1_389' title='bbox 3027 649 3316 709; x_wconf 88' lang='lat' dir='ltr'><strong>peccatum</strong></span> <span class='ocrx_word' id='word_1_390' title='bbox 3358 655 3374 690; x_wconf 90' lang='lat'><strong>:</strong></span> <span class='ocrx_word' id='word_1_391' title='bbox 3411 638 3590 690; x_wconf 84' lang='lat' dir='ltr'><strong>simili-</strong></span> 
     </span>
    </p>
   </div>
   <div class='ocr_carea' id='block_1_51' title="bbox 2027 728 3590 803">
    <p class='ocr_par' dir='ltr' id='par_1_51' title="bbox 2027 728 3590 803">
     <span class='ocr_line' id='line_1_51' title="bbox 2027 728 3590 803; baseline -0.01 -5"><span class='ocrx_word' id='word_1_392' title='bbox 2027 744 2268 798; x_wconf 89' lang='lat' dir='ltr'><strong>tudinem</strong></span> <span class='ocrx_word' id='word_1_393' title='bbox 2297 750 2475 794; x_wconf 90' lang='lat' dir='ltr'><strong>tamen</strong></span> <span class='ocrx_word' id='word_1_394' title='bbox 2504 737 2705 791; x_wconf 88' lang='lat' dir='ltr'><strong>habere</strong></span> <span class='ocrx_word' id='word_1_395' title='bbox 2728 747 3016 803; x_wconf 86' lang='lat' dir='ltr'><strong>possumus</strong></span> <span class='ocrx_word' id='word_1_396' title='bbox 3063 729 3164 802; x_wconf 84' lang='lat' dir='ltr'><strong>(i),</strong></span> <span class='ocrx_word' id='word_1_397' title='bbox 3213 739 3276 784; x_wconf 87' lang='lat' dir='ltr'><strong>ut</strong></span> <span class='ocrx_word' id='word_1_398' title='bbox 3324 728 3590 782; x_wconf 84' lang='lat' dir='ltr'><strong>imitantes</strong></span> 
     </span>
    </p>
   </div>
   <div class='ocr_carea' id='block_1_52' title="bbox 2025 823 3589 905">
    <p class='ocr_par' dir='ltr' id='par_1_52' title="bbox 2025 823 3589 905">
     <span class='ocr_line' id='line_1_52' title="bbox 2025 823 3589 905; baseline -0.013 -13"><span class='ocrx_word' id='word_1_399' title='bbox 2025 852 2172 905; x_wconf 87' lang='lat' dir='ltr'><strong>eum,</strong></span> <span class='ocrx_word' id='word_1_400' title='bbox 2207 844 2261 890; x_wconf 88' lang='lat' dir='ltr'><strong>et</strong></span> <span class='ocrx_word' id='word_1_401' title='bbox 2294 832 2519 903; x_wconf 88' lang='lat' dir='ltr'><strong>vestigia</strong></span> <span class='ocrx_word' id='word_1_402' title='bbox 2572 827 2689 897; x_wconf 88' lang='lat' dir='ltr'><strong>ejus</strong></span> <span class='ocrx_word' id='word_1_403' title='bbox 2724 835 3014 894; x_wconf 90' lang='lat' dir='ltr'><strong>sequentes</strong></span> <span class='ocrx_word' id='word_1_404' title='bbox 3031 823 3410 878; x_wconf 80' lang='lat' dir='ltr'><strong>abstineamus</strong></span> <span class='ocrx_word' id='word_1_405' title='bbox 3451 834 3542 872; x_wconf 86' lang='lat' dir='ltr'><strong>nos</strong></span> <span class='ocrx_word' id='word_1_406' title='bbox 3565 835 3589 871; x_wconf 73' lang='grc' dir='ltr'>ει</span> 
     </span>
    </p>
   </div>
   <div class='ocr_carea' id='block_1_53' title="bbox 2024 915 3591 1002">
    <p class='ocr_par' dir='ltr' id='par_1_53' title="bbox 2024 915 3591 1002">
     <span class='ocr_line' id='line_1_53' title="bbox 2024 915 3591 1002; baseline -0.013 -15"><span class='ocrx_word' id='word_1_407' title='bbox 2024 939 2273 1002; x_wconf 89' lang='lat' dir='ltr'><strong>peccato.</strong></span> <span class='ocrx_word' id='word_1_408' title='bbox 2304 927 2415 981; x_wconf 89' lang='lat' dir='ltr'><strong>Hoc</strong></span> <span class='ocrx_word' id='word_1_409' title='bbox 2443 935 2527 978; x_wconf 88' lang='lat' dir='ltr'><strong>est</strong></span> <span class='ocrx_word' id='word_1_410' title='bbox 2558 938 2686 992; x_wconf 82' lang='lat' dir='ltr'><strong>ergo</strong></span> <span class='ocrx_word' id='word_1_411' title='bbox 2715 921 2862 991; x_wconf 91' lang='lat' dir='ltr'><strong>quod</strong></span> <span class='ocrx_word' id='word_1_412' title='bbox 2896 918 3138 988; x_wconf 89' lang='lat' dir='ltr'><strong>recipere</strong></span> <span class='ocrx_word' id='word_1_413' title='bbox 3160 924 3343 986; x_wconf 89' lang='lat' dir='ltr'><strong>potest</strong></span> <span class='ocrx_word' id='word_1_414' title='bbox 3369 915 3591 968; x_wconf 81' lang='lat' dir='ltr'><strong>humana</strong></span> 
     </span>
    </p>
   </div>
   <div class='ocr_carea' id='block_1_54' title="bbox 2025 1003 3592 1084">
    <p class='ocr_par' dir='ltr' id='par_1_54' title="bbox 2025 1003 3592 1084">
     <span class='ocr_line' id='line_1_54' title="bbox 2025 1003 3592 1084; baseline -0.013 -9"><span class='ocrx_word' id='word_1_415' title='bbox 2025 1033 2246 1084; x_wconf 90' lang='lat' dir='ltr'><strong>natura,</strong></span> <span class='ocrx_word' id='word_1_416' title='bbox 2285 1026 2344 1071; x_wconf 88' lang='grc' dir='ltr'><strong>ιιι</strong></span> <span class='ocrx_word' id='word_1_417' title='bbox 2397 1017 2450 1070; x_wconf 92' lang='lat' dir='ltr'><strong>in</strong></span> <span class='ocrx_word' id='word_1_418' title='bbox 2507 1011 2923 1068; x_wconf 88' lang='lat' dir='ltr'><strong>similitudinem</strong></span> <span class='ocrx_word' id='word_1_419' title='bbox 2972 1007 3162 1062; x_wconf 88' lang='lat' dir='ltr'><strong>mortis</strong></span> <span class='ocrx_word' id='word_1_420' title='bbox 3208 1005 3332 1076; x_wconf 89' lang='lat' dir='ltr'><strong>ejus</strong></span> <span class='ocrx_word' id='word_1_421' title='bbox 3365 1003 3460 1057; x_wconf 91' lang='lat' dir='ltr'><strong>ﬁat</strong></span> <span class='ocrx_word' id='word_1_422' title='bbox 3501 1004 3592 1074; x_wconf 62' lang='grc' dir='ltr'>(ἓ),</span> 
     </span>
    </p>
   </div>
   <div class='ocr_carea' id='block_1_55' title="bbox 2024 1098 3594 1184">
    <p class='ocr_par' dir='ltr' id='par_1_55' title="bbox 2024 1098 3594 1184">
     <span class='ocr_line' id='line_1_55' title="bbox 2024 1098 3594 1184; baseline -0.011 -14"><span class='ocrx_word' id='word_1_423' title='bbox 2024 1116 2150 1171; x_wconf 92' lang='lat' dir='ltr'><strong>dum</strong></span> <span class='ocrx_word' id='word_1_424' title='bbox 2183 1114 2360 1184; x_wconf 89' lang='lat' dir='ltr'><strong>ipsum</strong></span> <span class='ocrx_word' id='word_1_425' title='bbox 2391 1107 2660 1163; x_wconf 90' lang='lat' dir='ltr'><strong>imitando</strong></span> <span class='ocrx_word' id='word_1_426' title='bbox 2706 1119 2815 1159; x_wconf 90' lang='lat' dir='ltr'><strong>non</strong></span> <span class='ocrx_word' id='word_1_427' title='bbox 2861 1111 3069 1174; x_wconf 88' lang='lat' dir='ltr'><strong>peccat.</strong></span> <span class='ocrx_word' id='word_1_428' title='bbox 3097 1098 3234 1153; x_wconf 90' lang='lat' dir='ltr'><strong>Nam</strong></span> <span class='ocrx_word' id='word_1_429' title='bbox 3271 1099 3499 1152; x_wconf 88' lang='lat' dir='ltr'><strong>omnino</strong></span> <span class='ocrx_word' id='word_1_430' title='bbox 3535 1115 3594 1153; x_wconf 88' lang='lat' dir='ltr'><strong>ex</strong></span> 
     </span>
    </p>
   </div>
   <div class='ocr_carea' id='block_1_56' title="bbox 2024 1194 3595 1277">
    <p class='ocr_par' dir='ltr' id='par_1_56' title="bbox 2024 1194 3595 1277">
     <span class='ocr_line' id='line_1_56' title="bbox 2024 1194 3595 1277; baseline -0.01 -15"><span class='ocrx_word' id='word_1_431' title='bbox 2024 1207 2238 1277; x_wconf 86' lang='lat' dir='ltr'><strong>integro</strong></span> <span class='ocrx_word' id='word_1_432' title='bbox 2291 1201 2506 1258; x_wconf 90' lang='lat' dir='ltr'><strong>nescire</strong></span> <span class='ocrx_word' id='word_1_433' title='bbox 2550 1207 2854 1268; x_wconf 88' lang='lat' dir='ltr'><strong>peccatum,</strong></span> <span class='ocrx_word' id='word_1_434' title='bbox 2897 1196 3062 1252; x_wconf 89' lang='lat' dir='ltr'><strong>solius</strong></span> <span class='ocrx_word' id='word_1_435' title='bbox 3111 1194 3317 1248; x_wconf 90' lang='lat' dir='ltr'><strong>Christi</strong></span> <span class='ocrx_word' id='word_1_436' title='bbox 3352 1203 3457 1248; x_wconf 77' lang='lat' dir='ltr'><strong>est.</strong></span> <span class='ocrx_word' id='word_1_437' title='bbox 3501 1195 3595 1247; x_wconf 86' lang='lat' dir='ltr'><strong>Sed</strong></span> 
     </span>
    </p>
   </div>
   <div class='ocr_carea' id='block_1_57' title="bbox 2024 1287 3596 1361">
    <p class='ocr_par' dir='ltr' id='par_1_57' title="bbox 2024 1287 3596 1361">
     <span class='ocr_line' id='line_1_57' title="bbox 2024 1287 3596 1361; baseline -0.008 -9"><span class='ocrx_word' id='word_1_438' title='bbox 2024 1298 2128 1353; x_wconf 94' lang='lat' dir='ltr'><strong>hoc</strong></span> <span class='ocrx_word' id='word_1_439' title='bbox 2161 1311 2267 1350; x_wconf 93' lang='lat' dir='ltr'><strong>non</strong></span> <span class='ocrx_word' id='word_1_440' title='bbox 2302 1292 2669 1361; x_wconf 86' lang='lat' dir='ltr'><strong>intelligentes</strong></span> <span class='ocrx_word' id='word_1_441' title='bbox 2713 1289 2932 1358; x_wconf 90' lang='lat' dir='ltr'><strong>quidam</strong></span> <span class='ocrx_word' id='word_1_442' title='bbox 2972 1288 3386 1352; x_wconf 73' lang='lat' dir='ltr'><strong>luereticorum,</strong></span> <span class='ocrx_word' id='word_1_443' title='bbox 3423 1287 3596 1342; x_wconf 81' lang='lat' dir='ltr'><strong>conati</strong></span> 
     </span>
    </p>
   </div>
   <div class='ocr_carea' id='block_1_58' title="bbox 2025 1374 3596 1452">
    <p class='ocr_par' dir='ltr' id='par_1_58' title="bbox 2025 1374 3596 1452">
     <span class='ocr_line' id='line_1_58' title="bbox 2025 1374 3596 1452; baseline -0.01 -10"><span class='ocrx_word' id='word_1_444' title='bbox 2025 1395 2154 1444; x_wconf 89' lang='lat' dir='ltr'><strong>sunt</strong></span> <span class='ocrx_word' id='word_1_445' title='bbox 2184 1402 2248 1441; x_wconf 83' lang='lat' dir='ltr'><strong>ex</strong></span> <span class='ocrx_word' id='word_1_446' title='bbox 2298 1385 2403 1439; x_wconf 93' lang='lat' dir='ltr'><strong>hoc</strong></span> <span class='ocrx_word' id='word_1_447' title='bbox 2435 1381 2674 1452; x_wconf 87' lang='lat' dir='ltr'><strong>Apostoli</strong></span> <span class='ocrx_word' id='word_1_448' title='bbox 2725 1381 2846 1434; x_wconf 91' lang='lat' dir='ltr'><strong>loco</strong></span> <span class='ocrx_word' id='word_1_449' title='bbox 2885 1392 3134 1433; x_wconf 89' lang='lat' dir='ltr'><strong>asserere</strong></span> <span class='ocrx_word' id='word_1_450' title='bbox 3176 1377 3326 1447; x_wconf 89' lang='lat' dir='ltr'><strong>quod</strong></span> <span class='ocrx_word' id='word_1_451' title='bbox 3357 1374 3596 1431; x_wconf 82' lang='lat' dir='ltr'><strong>Christus</strong></span> 
     </span>
    </p>
   </div>
   <div class='ocr_carea' id='block_1_59' title="bbox 2027 1468 3592 1552">
    <p class='ocr_par' dir='ltr' id='par_1_59' title="bbox 2027 1468 3592 1552">
     <span class='ocr_line' id='line_1_59' title="bbox 2027 1468 3592 1552; baseline -0.01 -17"><span class='ocrx_word' id='word_1_452' title='bbox 2027 1480 2190 1552; x_wconf 68' lang='grc'><strong>564.</strong></span> <span class='ocrx_word' id='word_1_453' title='bbox 2246 1494 2353 1533; x_wconf 94' lang='lat' dir='ltr'><strong>non</strong></span> <span class='ocrx_word' id='word_1_454' title='bbox 2410 1492 2539 1532; x_wconf 90' lang='lat' dir='ltr'><strong>vere</strong></span> <span class='ocrx_word' id='word_1_455' title='bbox 2583 1484 2830 1530; x_wconf 87' lang='lat' dir='ltr'><strong>mortuus</strong></span> <span class='ocrx_word' id='word_1_456' title='bbox 2885 1474 2978 1538; x_wconf 86' lang='lat' dir='ltr'><strong>sit,</strong></span> <span class='ocrx_word' id='word_1_457' title='bbox 3033 1471 3125 1527; x_wconf 84' lang='lat' dir='ltr'><strong>sed</strong></span> <span class='ocrx_word' id='word_1_458' title='bbox 3178 1468 3592 1525; x_wconf 85' lang='lat' dir='ltr'><strong>similitudinem</strong></span> 
     </span>
    </p>
   </div>
   <div class='ocr_carea' id='block_1_60' title="bbox 2027 1563 3594 1636">
    <p class='ocr_par' dir='ltr' id='par_1_60' title="bbox 2027 1563 3594 1636">
     <span class='ocr_line' id='line_1_60' title="bbox 2027 1563 3594 1636; baseline -0.011 -8"><span class='ocrx_word' id='word_1_459' title='bbox 2027 1574 2220 1628; x_wconf 88' lang='lat' dir='ltr'><strong>mortis</strong></span> <span class='ocrx_word' id='word_1_460' title='bbox 2252 1570 2524 1636; x_wconf 90' lang='lat' dir='ltr'><strong>habuerit,</strong></span> <span class='ocrx_word' id='word_1_461' title='bbox 2543 1578 2597 1622; x_wconf 92' lang='lat' dir='ltr'><strong>et</strong></span> <span class='ocrx_word' id='word_1_462' title='bbox 2626 1568 2774 1623; x_wconf 86' lang='lat' dir='ltr'><strong>visus</strong></span> <span class='ocrx_word' id='word_1_463' title='bbox 2799 1568 2868 1622; x_wconf 92' lang='lat' dir='ltr'><strong>sit</strong></span> <span class='ocrx_word' id='word_1_464' title='bbox 2894 1565 3066 1636; x_wconf 86' lang='lat' dir='ltr'><strong>magis</strong></span> <span class='ocrx_word' id='word_1_465' title='bbox 3088 1563 3249 1628; x_wconf 92' lang='lat' dir='ltr'><strong>mori,</strong></span> <span class='ocrx_word' id='word_1_466' title='bbox 3277 1577 3443 1632; x_wconf 88' lang='lat' dir='ltr'><strong>quam</strong></span> <span class='ocrx_word' id='word_1_467' title='bbox 3475 1575 3594 1613; x_wconf 86' lang='lat' dir='ltr'><strong>vere</strong></span> 
     </span>
    </p>
   </div>
   <div class='ocr_carea' id='block_1_61' title="bbox 2027 1652 3596 1730">
    <p class='ocr_par' dir='ltr' id='par_1_61' title="bbox 2027 1652 3596 1730">
     <span class='ocr_line' id='line_1_61' title="bbox 2027 1652 3596 1730; baseline -0.006 -13"><span class='ocrx_word' id='word_1_468' title='bbox 2027 1673 2273 1718; x_wconf 88' lang='lat' dir='ltr'><strong>mortuus</strong></span> <span class='ocrx_word' id='word_1_469' title='bbox 2301 1662 2391 1716; x_wconf 91' lang='lat' dir='ltr'><strong>sit.</strong></span> <span class='ocrx_word' id='word_1_470' title='bbox 2427 1660 2634 1727; x_wconf 80' lang='lat' dir='ltr'><strong>Quibus</strong></span> <span class='ocrx_word' id='word_1_471' title='bbox 2670 1661 3002 1730; x_wconf 84' lang='lat' dir='ltr'><strong>reSpondere</strong></span> <span class='ocrx_word' id='word_1_472' title='bbox 3033 1656 3293 1728; x_wconf 87' lang='lat' dir='ltr'><strong>quoniam</strong></span> <span class='ocrx_word' id='word_1_473' title='bbox 3344 1652 3596 1724; x_wconf 82' lang='lat' dir='ltr'><strong>perfacile</strong></span> 
     </span>
    </p>
   </div>
   <div class='ocr_carea' id='block_1_62' title="bbox 2025 1746 3593 1823">
    <p class='ocr_par' dir='ltr' id='par_1_62' title="bbox 2025 1746 3593 1823">
     <span class='ocr_line' id='line_1_62' title="bbox 2025 1746 3593 1823; baseline -0.008 -13"><span class='ocrx_word' id='word_1_474' title='bbox 2025 1764 2130 1821; x_wconf 89' lang='lat' dir='ltr'><strong>est,</strong></span> <span class='ocrx_word' id='word_1_475' title='bbox 2164 1769 2269 1809; x_wconf 92' lang='lat' dir='ltr'><strong>non</strong></span> <span class='ocrx_word' id='word_1_476' title='bbox 2309 1762 2438 1823; x_wconf 90' lang='lat' dir='ltr'><strong>puto</strong></span> <span class='ocrx_word' id='word_1_477' title='bbox 2465 1752 2833 1808; x_wconf 90' lang='lat' dir='ltr'><strong>necessarium</strong></span> <span class='ocrx_word' id='word_1_478' title='bbox 2869 1765 2934 1804; x_wconf 85' lang='lat' dir='ltr'><strong>ex</strong></span> <span class='ocrx_word' id='word_1_479' title='bbox 2972 1748 3187 1805; x_wconf 65' lang='lat' dir='ltr'><strong>caeteris</strong></span> <span class='ocrx_word' id='word_1_480' title='bbox 3218 1746 3304 1800; x_wconf 87' lang='lat' dir='ltr'><strong>vel</strong></span> <span class='ocrx_word' id='word_1_481' title='bbox 3335 1748 3593 1816; x_wconf 81' lang='lat' dir='ltr'><strong>Apostoli,</strong></span> 
     </span>
    </p>
   </div>
   <div class='ocr_carea' id='block_1_63' title="bbox 2025 1839 3593 1918">
    <p class='ocr_par' dir='ltr' id='par_1_63' title="bbox 2025 1839 3593 1918">
     <span class='ocr_line' id='line_1_63' title="bbox 2025 1839 3593 1918; baseline -0.006 -16"><span class='ocrx_word' id='word_1_482' title='bbox 2025 1849 2110 1905; x_wconf 88' lang='lat' dir='ltr'><strong>vel</strong></span> <span class='ocrx_word' id='word_1_483' title='bbox 2148 1846 2572 1918; x_wconf 87' lang='lat' dir='ltr'><strong>Evangeliorum</strong></span> <span class='ocrx_word' id='word_1_484' title='bbox 2599 1845 2781 1908; x_wconf 91' lang='lat' dir='ltr'><strong>dictis,</strong></span> <span class='ocrx_word' id='word_1_485' title='bbox 2811 1843 2899 1897; x_wconf 91' lang='lat' dir='ltr'><strong>ubi</strong></span> <span class='ocrx_word' id='word_1_486' title='bbox 2926 1843 3250 1911; x_wconf 89' lang='lat' dir='ltr'><strong>simpliciter</strong></span> <span class='ocrx_word' id='word_1_487' title='bbox 3278 1856 3434 1896; x_wconf 92' lang='lat' dir='ltr'><strong>mors</strong></span> <span class='ocrx_word' id='word_1_488' title='bbox 3459 1839 3593 1906; x_wconf 75' lang='lat' dir='ltr'><strong>eius,</strong></span> 
     </span>
    </p>
   </div>
   <div class='ocr_carea' id='block_1_64' title="bbox 2023 1932 3593 1997">
    <p class='ocr_par' dir='ltr' id='par_1_64' title="bbox 2023 1932 3593 1997">
     <span class='ocr_line' id='line_1_64' title="bbox 2023 1932 3593 1997; baseline -0.008 -1"><span class='ocrx_word' id='word_1_489' title='bbox 2023 1947 2078 1996; x_wconf 89' lang='lat' dir='ltr'><strong>et</strong></span> <span class='ocrx_word' id='word_1_490' title='bbox 2117 1955 2226 1995; x_wconf 90' lang='lat' dir='ltr'><strong>non</strong></span> <span class='ocrx_word' id='word_1_491' title='bbox 2260 1937 2569 1995; x_wconf 88' lang='lat' dir='ltr'><strong>similitudo</strong></span> <span class='ocrx_word' id='word_1_492' title='bbox 2611 1936 2802 1990; x_wconf 86' lang='lat' dir='ltr'><strong>mortis</strong></span> <span class='ocrx_word' id='word_1_493' title='bbox 2832 1934 3118 1997; x_wconf 90' lang='lat' dir='ltr'><strong>scribitur,</strong></span> <span class='ocrx_word' id='word_1_494' title='bbox 3155 1932 3593 1988; x_wconf 80' lang='lat' dir='ltr'><strong>testimoniorum</strong></span> 
     </span>
    </p>
   </div>
   <div class='ocr_carea' id='block_1_65' title="bbox 2023 2025 3593 2103">
    <p class='ocr_par' dir='ltr' id='par_1_65' title="bbox 2023 2025 3593 2103">
     <span class='ocr_line' id='line_1_65' title="bbox 2023 2025 3593 2103; baseline -0.008 -14"><span class='ocrx_word' id='word_1_495' title='bbox 2023 2033 2234 2103; x_wconf 90' lang='lat' dir='ltr'><strong>pondus</strong></span> <span class='ocrx_word' id='word_1_496' title='bbox 2263 2031 2548 2093; x_wconf 89' lang='lat' dir='ltr'><strong>adhibere,</strong></span> <span class='ocrx_word' id='word_1_497' title='bbox 2590 2043 2710 2082; x_wconf 91' lang='lat' dir='ltr'><strong>cum</strong></span> <span class='ocrx_word' id='word_1_498' title='bbox 2751 2028 3016 2097; x_wconf 89' lang='lat' dir='ltr'><strong>possimus</strong></span> <span class='ocrx_word' id='word_1_499' title='bbox 3054 2027 3120 2080; x_wconf 91' lang='lat' dir='ltr'><strong>ad</strong></span> <span class='ocrx_word' id='word_1_500' title='bbox 3149 2041 3246 2081; x_wconf 90' lang='lat' dir='ltr'><strong>eos</strong></span> <span class='ocrx_word' id='word_1_501' title='bbox 3276 2026 3466 2080; x_wconf 90' lang='lat' dir='ltr'><strong>dicere</strong></span> <span class='ocrx_word' id='word_1_502' title='bbox 3499 2042 3512 2077; x_wconf 96' lang='lat'>:</span> <span class='ocrx_word' id='word_1_503' title='bbox 3544 2025 3593 2078; x_wconf 87' lang='lat' dir='ltr'><strong>Si</strong></span> 
     </span>
    </p>
   </div>
   <div class='ocr_carea' id='block_1_66' title="bbox 2025 2119 3595 2188">
    <p class='ocr_par' dir='ltr' id='par_1_66' title="bbox 2025 2119 3595 2188">
     <span class='ocr_line' id='line_1_66' title="bbox 2025 2119 3595 2188; baseline -0.005 -7"><span class='ocrx_word' id='word_1_504' title='bbox 2025 2124 2323 2181; x_wconf 91' lang='lat' dir='ltr'><strong>similitudo</strong></span> <span class='ocrx_word' id='word_1_505' title='bbox 2353 2123 2545 2178; x_wconf 88' lang='lat' dir='ltr'><strong>mortis</strong></span> <span class='ocrx_word' id='word_1_506' title='bbox 2573 2119 2697 2188; x_wconf 83' lang='lat' dir='ltr'><strong>iuit,</strong></span> <span class='ocrx_word' id='word_1_507' title='bbox 2730 2130 2786 2174; x_wconf 89' lang='lat' dir='ltr'><strong>et</strong></span> <span class='ocrx_word' id='word_1_508' title='bbox 2821 2136 2929 2174; x_wconf 92' lang='lat' dir='ltr'><strong>non</strong></span> <span class='ocrx_word' id='word_1_509' title='bbox 2958 2134 3086 2174; x_wconf 85' lang='lat' dir='ltr'><strong>vera</strong></span> <span class='ocrx_word' id='word_1_510' title='bbox 3144 2120 3510 2184; x_wconf 90' lang='lat' dir='ltr'><strong>resurrectio,</strong></span> <span class='ocrx_word' id='word_1_511' title='bbox 3546 2128 3595 2173; x_wconf 89' lang='lat' dir='ltr'><strong>et</strong></span> 
     </span>
    </p>
   </div>
   <div class='ocr_carea' id='block_1_67' title="bbox 2025 2216 3595 2287">
    <p class='ocr_par' dir='ltr' id='par_1_67' title="bbox 2025 2216 3595 2287">
     <span class='ocr_line' id='line_1_67' title="bbox 2025 2216 3595 2287; baseline -0.008 -12"><span class='ocrx_word' id='word_1_512' title='bbox 2025 2235 2128 2275; x_wconf 90' lang='lat' dir='ltr'><strong>nos</strong></span> <span class='ocrx_word' id='word_1_513' title='bbox 2167 2232 2298 2287; x_wconf 84' lang='lat' dir='ltr'><strong>ergo</strong></span> <span class='ocrx_word' id='word_1_514' title='bbox 2327 2216 2640 2273; x_wconf 87' lang='lat' dir='ltr'><strong>videbimur</strong></span> <span class='ocrx_word' id='word_1_515' title='bbox 2666 2229 2972 2282; x_wconf 84' lang='lat' dir='ltr'><strong>resurgere,</strong></span> <span class='ocrx_word' id='word_1_516' title='bbox 3027 2223 3082 2267; x_wconf 90' lang='lat' dir='ltr'><strong>et</strong></span> <span class='ocrx_word' id='word_1_517' title='bbox 3129 2227 3235 2267; x_wconf 91' lang='lat' dir='ltr'><strong>non</strong></span> <span class='ocrx_word' id='word_1_518' title='bbox 3263 2227 3396 2267; x_wconf 84' lang='lat' dir='ltr'><strong>vere</strong></span> <span class='ocrx_word' id='word_1_519' title='bbox 3424 2227 3595 2266; x_wconf 83' lang='lat' dir='ltr'><strong>reSur-</strong></span> 
     </span>
    </p>
   </div>
   <div class='ocr_carea' id='block_1_68' title="bbox 2024 2304 3594 2381">
    <p class='ocr_par' dir='ltr' id='par_1_68' title="bbox 2024 2304 3594 2381">
     <span class='ocr_line' id='line_1_68' title="bbox 2024 2304 3594 2381; baseline -0.006 -17"><span class='ocrx_word' id='word_1_520' title='bbox 2024 2325 2213 2381; x_wconf 86' lang='lat' dir='ltr'><strong>gemus</strong></span> <span class='ocrx_word' id='word_1_521' title='bbox 2256 2327 2270 2362; x_wconf 88' lang='lat'><strong>:</strong></span> <span class='ocrx_word' id='word_1_522' title='bbox 2311 2317 2366 2364; x_wconf 90' lang='lat' dir='ltr'><strong>et</strong></span> <span class='ocrx_word' id='word_1_523' title='bbox 2409 2306 2718 2361; x_wconf 88' lang='lat' dir='ltr'><strong>videbimur</strong></span> <span class='ocrx_word' id='word_1_524' title='bbox 2760 2304 2897 2359; x_wconf 88' lang='lat' dir='ltr'><strong>mori</strong></span> <span class='ocrx_word' id='word_1_525' title='bbox 2950 2315 3195 2374; x_wconf 83' lang='lat' dir='ltr'><strong>peccato,</strong></span> <span class='ocrx_word' id='word_1_526' title='bbox 3231 2313 3286 2359; x_wconf 92' lang='lat' dir='ltr'><strong>et</strong></span> <span class='ocrx_word' id='word_1_527' title='bbox 3326 2319 3438 2358; x_wconf 91' lang='lat' dir='ltr'><strong>non</strong></span> <span class='ocrx_word' id='word_1_528' title='bbox 3480 2320 3594 2357; x_wconf 84' lang='lat' dir='ltr'><strong>vere</strong></span> 
     </span>
    </p>
   </div>
   <div class='ocr_carea' id='block_1_69' title="bbox 2026 2394 3596 2463">
    <p class='ocr_par' dir='ltr' id='par_1_69' title="bbox 2026 2394 3596 2463">
     <span class='ocr_line' id='line_1_69' title="bbox 2026 2394 3596 2463; baseline -0.005 -11"><span class='ocrx_word' id='word_1_529' title='bbox 2026 2399 2341 2454; x_wconf 88' lang='lat' dir='ltr'><strong>moriemur.</strong></span> <span class='ocrx_word' id='word_1_530' title='bbox 2375 2397 2441 2450; x_wconf 86' lang='lat' dir='ltr'><strong>Et</strong></span> <span class='ocrx_word' id='word_1_531' title='bbox 2470 2409 2633 2451; x_wconf 90' lang='lat' dir='ltr'><strong>omne</strong></span> <span class='ocrx_word' id='word_1_532' title='bbox 2661 2407 2792 2462; x_wconf 85' lang='lat' dir='ltr'><strong>ergo</strong></span> <span class='ocrx_word' id='word_1_533' title='bbox 2818 2397 2960 2463; x_wconf 90' lang='lat' dir='ltr'><strong>quod</strong></span> <span class='ocrx_word' id='word_1_534' title='bbox 2990 2404 3201 2460; x_wconf 81' lang='lat' dir='ltr'><strong>gestum</strong></span> <span class='ocrx_word' id='word_1_535' title='bbox 3230 2402 3340 2458; x_wconf 90' lang='lat' dir='ltr'><strong>est,</strong></span> <span class='ocrx_word' id='word_1_536' title='bbox 3373 2405 3429 2448; x_wconf 89' lang='lat' dir='ltr'><strong>et</strong></span> <span class='ocrx_word' id='word_1_537' title='bbox 3461 2394 3596 2462; x_wconf 83' lang='lat' dir='ltr'><strong>geri-</strong></span> 
     </span>
    </p>
   </div>
   <div class='ocr_carea' id='block_1_70' title="bbox 2027 2484 3594 2556">
    <p class='ocr_par' dir='ltr' id='par_1_70' title="bbox 2027 2484 3594 2556">
     <span class='ocr_line' id='line_1_70' title="bbox 2027 2484 3594 2556; baseline -0.005 -11"><span class='ocrx_word' id='word_1_538' title='bbox 2027 2499 2137 2556; x_wconf 93' lang='lat' dir='ltr'><strong>tur,</strong></span> <span class='ocrx_word' id='word_1_539' title='bbox 2168 2490 2349 2544; x_wconf 84' lang='lat' dir='ltr'><strong>visum</strong></span> <span class='ocrx_word' id='word_1_540' title='bbox 2378 2497 2461 2551; x_wconf 88' lang='lat' dir='ltr'><strong>est</strong></span> <span class='ocrx_word' id='word_1_541' title='bbox 2486 2488 2623 2556; x_wconf 82' lang='lat' dir='ltr'><strong>geri,</strong></span> <span class='ocrx_word' id='word_1_542' title='bbox 2655 2487 2748 2540; x_wconf 90' lang='lat' dir='ltr'><strong>sed</strong></span> <span class='ocrx_word' id='word_1_543' title='bbox 2789 2501 2892 2540; x_wconf 93' lang='lat' dir='ltr'><strong>non</strong></span> <span class='ocrx_word' id='word_1_544' title='bbox 2932 2495 3016 2539; x_wconf 90' lang='lat' dir='ltr'><strong>est</strong></span> <span class='ocrx_word' id='word_1_545' title='bbox 3060 2494 3294 2553; x_wconf 82' lang='lat' dir='ltr'><strong>gestum.</strong></span> <span class='ocrx_word' id='word_1_546' title='bbox 3345 2484 3594 2554; x_wconf 76' lang='lat' dir='ltr'><strong>Superest</strong></span> 
     </span>
    </p>
   </div>
   <div class='ocr_carea' id='block_1_71' title="bbox 2024 2577 3592 2652">
    <p class='ocr_par' dir='ltr' id='par_1_71' title="bbox 2024 2577 3592 2652">
     <span class='ocr_line' id='line_1_71' title="bbox 2024 2577 3592 2652; baseline -0.006 -15"><span class='ocrx_word' id='word_1_547' title='bbox 2024 2583 2194 2652; x_wconf 80' lang='lat' dir='ltr'><strong>igitur</strong></span> <span class='ocrx_word' id='word_1_548' title='bbox 2226 2591 2288 2637; x_wconf 92' lang='lat' dir='ltr'><strong>ut</strong></span> <span class='ocrx_word' id='word_1_549' title='bbox 2313 2592 2368 2636; x_wconf 91' lang='lat' dir='ltr'><strong>et</strong></span> <span class='ocrx_word' id='word_1_550' title='bbox 2397 2581 2544 2649; x_wconf 91' lang='lat' dir='ltr'><strong>quod</strong></span> <span class='ocrx_word' id='word_1_551' title='bbox 2578 2578 2768 2633; x_wconf 90' lang='lat' dir='ltr'><strong>salvati</strong></span> <span class='ocrx_word' id='word_1_552' title='bbox 2801 2593 3009 2642; x_wconf 90' lang='lat' dir='ltr'><strong>sumus,</strong></span> <span class='ocrx_word' id='word_1_553' title='bbox 3043 2578 3142 2631; x_wconf 83' lang='lat' dir='ltr'><strong>visi</strong></span> <span class='ocrx_word' id='word_1_554' title='bbox 3169 2578 3346 2632; x_wconf 90' lang='lat' dir='ltr'><strong>simus</strong></span> <span class='ocrx_word' id='word_1_555' title='bbox 3377 2577 3592 2642; x_wconf 79' lang='lat' dir='ltr'><strong>Salvari,</strong></span> 
     </span>
    </p>
   </div>
   <div class='ocr_carea' id='block_1_72' title="bbox 2022 2667 3591 2738">
    <p class='ocr_par' dir='ltr' id='par_1_72' title="bbox 2022 2667 3591 2738">
     <span class='ocr_line' id='line_1_72' title="bbox 2022 2667 3591 2738; baseline -0.007 -7"><span class='ocrx_word' id='word_1_556' title='bbox 2022 2678 2117 2732; x_wconf 88' lang='lat' dir='ltr'><strong>sed</strong></span> <span class='ocrx_word' id='word_1_557' title='bbox 2149 2690 2256 2729; x_wconf 91' lang='lat' dir='ltr'><strong>non</strong></span> <span class='ocrx_word' id='word_1_558' title='bbox 2285 2689 2412 2727; x_wconf 89' lang='lat' dir='ltr'><strong>vere</strong></span> <span class='ocrx_word' id='word_1_559' title='bbox 2441 2670 2632 2727; x_wconf 88' lang='lat' dir='ltr'><strong>salvati</strong></span> <span class='ocrx_word' id='word_1_560' title='bbox 2657 2668 2855 2723; x_wconf 86' lang='lat' dir='ltr'><strong>simus.</strong></span> <span class='ocrx_word' id='word_1_561' title='bbox 2891 2667 3042 2724; x_wconf 82' lang='lat' dir='ltr'><strong>Unde</strong></span> <span class='ocrx_word' id='word_1_562' title='bbox 3066 2668 3323 2738; x_wconf 90' lang='lat' dir='ltr'><strong>quoniam</strong></span> <span class='ocrx_word' id='word_1_563' title='bbox 3353 2668 3471 2723; x_wconf 59' lang='lat' dir='ltr'><strong>hac</strong></span> <span class='ocrx_word' id='word_1_564' title='bbox 3496 2678 3591 2722; x_wconf 85' lang='lat' dir='ltr'><strong>tam</strong></span> 
     </span>
    </p>
   </div>
   <div class='ocr_carea' id='block_1_73' title="bbox 2023 2761 3592 2833">
    <p class='ocr_par' dir='ltr' id='par_1_73' title="bbox 2023 2761 3592 2833">
     <span class='ocr_line' id='line_1_73' title="bbox 2023 2761 3592 2833; baseline -0.004 -10"><span class='ocrx_word' id='word_1_565' title='bbox 2023 2769 2256 2823; x_wconf 83' lang='lat' dir='ltr'><strong>absurda</strong></span> <span class='ocrx_word' id='word_1_566' title='bbox 2293 2777 2441 2832; x_wconf 88' lang='lat' dir='ltr'><strong>sunt,</strong></span> <span class='ocrx_word' id='word_1_567' title='bbox 2473 2775 2530 2819; x_wconf 94' lang='lat' dir='ltr'><strong>ut</strong></span> <span class='ocrx_word' id='word_1_568' title='bbox 2567 2781 2672 2820; x_wconf 89' lang='lat' dir='ltr'><strong>non</strong></span> <span class='ocrx_word' id='word_1_569' title='bbox 2708 2763 2985 2833; x_wconf 82' lang='lat' dir='ltr'><strong>indigeant</strong></span> <span class='ocrx_word' id='word_1_570' title='bbox 3021 2761 3483 2832; x_wconf 71' lang='lat' dir='ltr'><strong>probationibus,</strong></span> <span class='ocrx_word' id='word_1_571' title='bbox 3506 2779 3592 2817; x_wconf 86' lang='lat' dir='ltr'><strong>nos</strong></span> 
     </span>
    </p>
   </div>
   <div class='ocr_carea' id='block_1_74' title="bbox 2025 2855 3594 2931">
    <p class='ocr_par' dir='ltr' id='par_1_74' title="bbox 2025 2855 3594 2931">
     <span class='ocr_line' id='line_1_74' title="bbox 2025 2855 3594 2931; baseline -0.004 -15"><span class='ocrx_word' id='word_1_572' title='bbox 2025 2863 2093 2916; x_wconf 90' lang='lat' dir='ltr'><strong>ad</strong></span> <span class='ocrx_word' id='word_1_573' title='bbox 2123 2860 2566 2931; x_wconf 80' lang='lat' dir='ltr'><strong>explanationem</strong></span> <span class='ocrx_word' id='word_1_574' title='bbox 2598 2872 2790 2914; x_wconf 92' lang='lat' dir='ltr'><strong>eorum</strong></span> <span class='ocrx_word' id='word_1_575' title='bbox 2821 2871 2943 2925; x_wconf 85' lang='lat' dir='ltr'><strong>quae</strong></span> <span class='ocrx_word' id='word_1_576' title='bbox 2974 2855 3246 2910; x_wconf 86' lang='lat' dir='ltr'><strong>habentur</strong></span> <span class='ocrx_word' id='word_1_577' title='bbox 3274 2855 3329 2910; x_wconf 89' lang='lat' dir='ltr'><strong>in</strong></span> <span class='ocrx_word' id='word_1_578' title='bbox 3365 2871 3594 2926; x_wconf 84' lang='lat' dir='ltr'><strong>sequen-</strong></span> 
     </span>
    </p>
   </div>
   <div class='ocr_carea' id='block_1_75' title="bbox 2025 2948 3594 3021">
    <p class='ocr_par' dir='ltr' id='par_1_75' title="bbox 2025 2948 3594 3021">
     <span class='ocr_line' id='line_1_75' title="bbox 2025 2948 3594 3021; baseline -0.004 -11"><span class='ocrx_word' id='word_1_579' title='bbox 2025 2957 2171 3010; x_wconf 90' lang='lat' dir='ltr'><strong>tibus</strong></span> <span class='ocrx_word' id='word_1_580' title='bbox 2224 2962 2632 3009; x_wconf 90' lang='lat' dir='ltr'><strong>convertamur.</strong></span> <span class='ocrx_word' id='word_1_581' title='bbox 2691 2950 2863 3021; x_wconf 85' lang='lat' dir='ltr'><strong>lgitur</strong></span> <span class='ocrx_word' id='word_1_582' title='bbox 2916 2948 3277 3019; x_wconf 91' lang='lat' dir='ltr'><strong>complantari</strong></span> <span class='ocrx_word' id='word_1_583' title='bbox 3333 2966 3434 3005; x_wconf 90' lang='lat' dir='ltr'><strong>nos</strong></span> <span class='ocrx_word' id='word_1_584' title='bbox 3491 2950 3594 3004; x_wconf 79' lang='lat' dir='ltr'><strong>vult</strong></span> 
     </span>
    </p>
   </div>
   <div class='ocr_carea' id='block_1_76' title="bbox 2027 3044 3597 3115">
    <p class='ocr_par' dir='ltr' id='par_1_76' title="bbox 2027 3044 3597 3115">
     <span class='ocr_line' id='line_1_76' title="bbox 2027 3044 3597 3115; baseline -0.004 -13"><span class='ocrx_word' id='word_1_585' title='bbox 2027 3048 2216 3103; x_wconf 90' lang='lat' dir='ltr'><strong>tnortis</strong></span> <span class='ocrx_word' id='word_1_586' title='bbox 2247 3046 2363 3115; x_wconf 90' lang='lat' dir='ltr'><strong>ejus</strong></span> <span class='ocrx_word' id='word_1_587' title='bbox 2416 3044 2774 3105; x_wconf 89' lang='lat' dir='ltr'><strong>similitudini,</strong></span> <span class='ocrx_word' id='word_1_588' title='bbox 2820 3056 2926 3110; x_wconf 89' lang='lat' dir='ltr'><strong>qua</strong></span> <span class='ocrx_word' id='word_1_589' title='bbox 2978 3050 3203 3110; x_wconf 86' lang='lat' dir='ltr'><strong>peccato</strong></span> <span class='ocrx_word' id='word_1_590' title='bbox 3252 3054 3597 3097; x_wconf 86' lang='lat' dir='ltr'><strong>mortuusest</strong></span> 
     </span>
    </p>
   </div>
   <div class='ocr_carea' id='block_1_77' title="bbox 2027 3133 3592 3207">
    <p class='ocr_par' dir='ltr' id='par_1_77' title="bbox 2027 3133 3592 3207">
     <span class='ocr_line' id='line_1_77' title="bbox 2027 3133 3592 3207; baseline -0.004 -10"><span class='ocrx_word' id='word_1_591' title='bbox 2027 3141 2216 3205; x_wconf 88' lang='lat' dir='ltr'><strong>semel,</strong></span> <span class='ocrx_word' id='word_1_592' title='bbox 2243 3148 2299 3193; x_wconf 91' lang='lat' dir='ltr'><strong>ut</strong></span> <span class='ocrx_word' id='word_1_593' title='bbox 2336 3137 2605 3207; x_wconf 90' lang='lat' dir='ltr'><strong>possimus</strong></span> <span class='ocrx_word' id='word_1_594' title='bbox 2625 3145 2678 3191; x_wconf 89' lang='lat' dir='ltr'><strong>et</strong></span> <span class='ocrx_word' id='word_1_595' title='bbox 2717 3135 3104 3189; x_wconf 89' lang='lat' dir='ltr'><strong>resurrectioni</strong></span> <span class='ocrx_word' id='word_1_596' title='bbox 3144 3133 3262 3203; x_wconf 87' lang='lat' dir='ltr'><strong>ejus</strong></span> <span class='ocrx_word' id='word_1_597' title='bbox 3297 3151 3422 3191; x_wconf 91' lang='lat' dir='ltr'><strong>esse</strong></span> <span class='ocrx_word' id='word_1_598' title='bbox 3443 3151 3592 3192; x_wconf 86' lang='lat' dir='ltr'><strong>com-</strong></span> 
     </span>
    </p>
   </div>
   <div class='ocr_carea' id='block_1_78' title="bbox 2026 3229 3595 3303">
    <p class='ocr_par' dir='ltr' id='par_1_78' title="bbox 2026 3229 3595 3303">
     <span class='ocr_line' id='line_1_78' title="bbox 2026 3229 3595 3303; baseline -0.004 -18"><span class='ocrx_word' id='word_1_599' title='bbox 2026 3232 2253 3303; x_wconf 86' lang='lat' dir='ltr'><strong>plantati</strong></span> <span class='ocrx_word' id='word_1_600' title='bbox 2274 3230 2431 3285; x_wconf 73' lang='lat' dir='ltr'><strong>“7.Ad</strong></span> <span class='ocrx_word' id='word_1_601' title='bbox 2462 3239 2750 3297; x_wconf 87' lang='lat' dir='ltr'><strong>utrumque</strong></span> <span class='ocrx_word' id='word_1_602' title='bbox 2765 3229 2910 3283; x_wconf 87' lang='lat' dir='ltr'><strong>enim</strong></span> <span class='ocrx_word' id='word_1_603' title='bbox 2934 3229 3210 3285; x_wconf 88' lang='lat' dir='ltr'><strong>subaudiri</strong></span> <span class='ocrx_word' id='word_1_604' title='bbox 3236 3229 3399 3284; x_wconf 89' lang='lat' dir='ltr'><strong>debet</strong></span> <span class='ocrx_word' id='word_1_605' title='bbox 3415 3246 3435 3280; x_wconf 79' lang='grc' dir='ltr'><strong>ι</strong></span> <span class='ocrx_word' id='word_1_606' title='bbox 3456 3244 3595 3284; x_wconf 84' lang='lat' dir='ltr'><strong>corn-</strong></span> 
     </span>
    </p>
   </div>
   <div class='ocr_carea' id='block_1_79' title="bbox 2025 3319 3597 3395">
    <p class='ocr_par' dir='ltr' id='par_1_79' title="bbox 2025 3319 3597 3395">
     <span class='ocr_line' id='line_1_79' title="bbox 2025 3319 3597 3395; baseline -0.003 -18"><span class='ocrx_word' id='word_1_607' title='bbox 2025 3325 2273 3395; x_wconf 88' lang='lat' dir='ltr'><strong>plantati.</strong></span> <span class='ocrx_word' id='word_1_608' title='bbox 2305 3341 2324 3374; x_wconf 79' lang='grc' dir='ltr'><strong>ι</strong></span> <span class='ocrx_word' id='word_1_609' title='bbox 2364 3322 2429 3377; x_wconf 90' lang='grc' dir='ltr'>Ει</span> <span class='ocrx_word' id='word_1_610' title='bbox 2461 3321 2581 3376; x_wconf 89' lang='lat' dir='ltr'><strong>vide</strong></span> <span class='ocrx_word' id='word_1_611' title='bbox 2609 3336 2772 3391; x_wconf 79' lang='lat' dir='ltr'><strong>quam</strong></span> <span class='ocrx_word' id='word_1_612' title='bbox 2808 3322 3126 3377; x_wconf 89' lang='lat' dir='ltr'><strong>necessario</strong></span> <span class='ocrx_word' id='word_1_613' title='bbox 3175 3320 3410 3375; x_wconf 82' lang='lat' dir='ltr'><strong>formam</strong></span> <span class='ocrx_word' id='word_1_614' title='bbox 3453 3319 3597 3390; x_wconf 80' lang='lat' dir='ltr'><strong>plan-</strong></span> 
     </span>
    </p>
   </div>
   <div class='ocr_carea' id='block_1_80' title="bbox 2028 3412 3598 3484">
    <p class='ocr_par' dir='ltr' id='par_1_80' title="bbox 2028 3412 3598 3484">
     <span class='ocr_line' id='line_1_80' title="bbox 2028 3412 3598 3484; baseline -0.004 -12"><span class='ocrx_word' id='word_1_615' title='bbox 2028 3418 2249 3472; x_wconf 91' lang='lat' dir='ltr'><strong>tationis</strong></span> <span class='ocrx_word' id='word_1_616' title='bbox 2300 3416 2673 3484; x_wconf 86' lang='lat' dir='ltr'><strong>assumpserit.</strong></span> <span class='ocrx_word' id='word_1_617' title='bbox 2730 3414 2923 3472; x_wconf 86' lang='lat' dir='ltr'><strong>Omnis</strong></span> <span class='ocrx_word' id='word_1_618' title='bbox 2972 3414 3177 3470; x_wconf 91' lang='lat' dir='ltr'><strong>etenim</strong></span> <span class='ocrx_word' id='word_1_619' title='bbox 3242 3412 3428 3482; x_wconf 86' lang='lat' dir='ltr'><strong>planta</strong></span> <span class='ocrx_word' id='word_1_620' title='bbox 3485 3421 3598 3481; x_wconf 86' lang='lat' dir='ltr'><strong>post</strong></span> 
     </span>
    </p>
   </div>
   <div class='ocr_carea' id='block_1_81' title="bbox 2025 3505 3594 3574">
    <p class='ocr_par' dir='ltr' id='par_1_81' title="bbox 2025 3505 3594 3574">
     <span class='ocr_line' id='line_1_81' title="bbox 2025 3505 3594 3574; baseline -0.006 -8"><span class='ocrx_word' id='word_1_621' title='bbox 2025 3509 2220 3566; x_wconf 88' lang='lat' dir='ltr'><strong>hiemis</strong></span> <span class='ocrx_word' id='word_1_622' title='bbox 2262 3518 2488 3564; x_wconf 89' lang='lat' dir='ltr'><strong>mortem</strong></span> <span class='ocrx_word' id='word_1_623' title='bbox 2530 3509 2977 3562; x_wconf 84' lang='lat' dir='ltr'><strong>resurrectionem</strong></span> <span class='ocrx_word' id='word_1_624' title='bbox 3013 3505 3154 3561; x_wconf 89' lang='lat' dir='ltr'><strong>veris</strong></span> <span class='ocrx_word' id='word_1_625' title='bbox 3204 3515 3508 3574; x_wconf 80' lang='lat' dir='ltr'><strong>exspectat.</strong></span> <span class='ocrx_word' id='word_1_626' title='bbox 3542 3505 3594 3557; x_wconf 87' lang='lat' dir='ltr'><strong>Si</strong></span> 
     </span>
    </p>
   </div>
   <div class='ocr_carea' id='block_1_82' title="bbox 2025 3597 3593 3674">
    <p class='ocr_par' dir='ltr' id='par_1_82' title="bbox 2025 3597 3593 3674">
     <span class='ocr_line' id='line_1_82' title="bbox 2025 3597 3593 3674; baseline -0.008 -14"><span class='ocrx_word' id='word_1_627' title='bbox 2025 3618 2158 3674; x_wconf 86' lang='lat' dir='ltr'><strong>ergo</strong></span> <span class='ocrx_word' id='word_1_628' title='bbox 2188 3613 2243 3656; x_wconf 91' lang='lat' dir='ltr'><strong>et</strong></span> <span class='ocrx_word' id='word_1_629' title='bbox 2265 3616 2374 3667; x_wconf 87' lang='lat' dir='ltr'><strong>nos</strong></span> <span class='ocrx_word' id='word_1_630' title='bbox 2408 3601 2462 3654; x_wconf 93' lang='lat' dir='ltr'><strong>in</strong></span> <span class='ocrx_word' id='word_1_631' title='bbox 2493 3599 2691 3654; x_wconf 89' lang='lat' dir='ltr'><strong>Christi</strong></span> <span class='ocrx_word' id='word_1_632' title='bbox 2720 3610 2895 3654; x_wconf 91' lang='lat' dir='ltr'><strong>morte</strong></span> <span class='ocrx_word' id='word_1_633' title='bbox 2932 3597 3286 3666; x_wconf 88' lang='lat' dir='ltr'><strong>complantati</strong></span> <span class='ocrx_word' id='word_1_634' title='bbox 3333 3611 3522 3651; x_wconf 88' lang='lat' dir='ltr'><strong>sumus</strong></span> <span class='ocrx_word' id='word_1_635' title='bbox 3544 3597 3593 3649; x_wconf 92' lang='lat' dir='ltr'><strong>in</strong></span> 
     </span>
    </p>
   </div>
   <div class='ocr_carea' id='block_1_83' title="bbox 2027 3687 3593 3760">
    <p class='ocr_par' dir='ltr' id='par_1_83' title="bbox 2027 3687 3593 3760">
     <span class='ocr_line' id='line_1_83' title="bbox 2027 3687 3593 3760; baseline -0.006 -11"><span class='ocrx_word' id='word_1_636' title='bbox 2027 3695 2206 3750; x_wconf 88' lang='lat' dir='ltr'><strong>hieme</strong></span> <span class='ocrx_word' id='word_1_637' title='bbox 2244 3691 2424 3748; x_wconf 57' lang='lat' dir='ltr'><strong>saeculi</strong></span> <span class='ocrx_word' id='word_1_638' title='bbox 2453 3690 2610 3759; x_wconf 85' lang='lat' dir='ltr'><strong>hujus</strong></span> <span class='ocrx_word' id='word_1_639' title='bbox 2637 3701 2690 3746; x_wconf 90' lang='lat' dir='ltr'><strong>et</strong></span> <span class='ocrx_word' id='word_1_640' title='bbox 2716 3690 3002 3760; x_wconf 85' lang='lat' dir='ltr'><strong>praesentis</strong></span> <span class='ocrx_word' id='word_1_641' title='bbox 3029 3690 3175 3754; x_wconf 70' lang='lat' dir='ltr'><strong>vitae,</strong></span> <span class='ocrx_word' id='word_1_642' title='bbox 3203 3689 3372 3742; x_wconf 89' lang='lat' dir='ltr'><strong>etiam</strong></span> <span class='ocrx_word' id='word_1_643' title='bbox 3411 3689 3479 3742; x_wconf 85' lang='lat' dir='ltr'><strong>ad</strong></span> <span class='ocrx_word' id='word_1_644' title='bbox 3511 3687 3593 3742; x_wconf 80' lang='lat' dir='ltr'><strong>fu-</strong></span> 
     </span>
    </p>
   </div>
   <div class='ocr_carea' id='block_1_84' title="bbox 2027 3782 3595 3853">
    <p class='ocr_par' dir='ltr' id='par_1_84' title="bbox 2027 3782 3595 3853">
     <span class='ocr_line' id='line_1_84' title="bbox 2027 3782 3595 3853; baseline -0.004 -12"><span class='ocrx_word' id='word_1_645' title='bbox 2027 3797 2207 3842; x_wconf 92' lang='lat' dir='ltr'><strong>turum</strong></span> <span class='ocrx_word' id='word_1_646' title='bbox 2238 3802 2334 3840; x_wconf 90' lang='lat' dir='ltr'><strong>ver</strong></span> <span class='ocrx_word' id='word_1_647' title='bbox 2368 3785 2709 3840; x_wconf 84' lang='lat' dir='ltr'><strong>inveniemur</strong></span> <span class='ocrx_word' id='word_1_648' title='bbox 2729 3783 2940 3838; x_wconf 82' lang='lat' dir='ltr'><strong>fructus</strong></span> <span class='ocrx_word' id='word_1_649' title='bbox 2965 3782 3184 3853; x_wconf 68' lang='lat' dir='ltr'><strong>iustitia:</strong></span> <span class='ocrx_word' id='word_1_650' title='bbox 3214 3796 3280 3836; x_wconf 88' lang='lat' dir='ltr'><strong>ex</strong></span> <span class='ocrx_word' id='word_1_651' title='bbox 3312 3782 3483 3851; x_wconf 91' lang='lat' dir='ltr'><strong>ipsius</strong></span> <span class='ocrx_word' id='word_1_652' title='bbox 3517 3797 3595 3834; x_wconf 81' lang='lat' dir='ltr'><strong>ra-</strong></span> 
     </span>
    </p>
   </div>
   <div class='ocr_carea' id='block_1_85' title="bbox 2026 3874 3592 3947">
    <p class='ocr_par' dir='ltr' id='par_1_85' title="bbox 2026 3874 3592 3947">
     <span class='ocr_line' id='line_1_85' title="bbox 2026 3874 3592 3947; baseline -0.002 -15"><span class='ocrx_word' id='word_1_653' title='bbox 2026 3879 2145 3933; x_wconf 89' lang='lat' dir='ltr'><strong>dice</strong></span> <span class='ocrx_word' id='word_1_654' title='bbox 2179 3876 2516 3947; x_wconf 75' lang='lat' dir='ltr'><strong>proi‘erentes</strong></span> <span class='ocrx_word' id='word_1_655' title='bbox 2545 3892 2560 3942; x_wconf 89' lang='lat'><strong>;</strong></span> <span class='ocrx_word' id='word_1_656' title='bbox 2589 3885 2642 3930; x_wconf 89' lang='lat' dir='ltr'><strong>et</strong></span> <span class='ocrx_word' id='word_1_657' title='bbox 2672 3876 2716 3930; x_wconf 90' lang='lat' dir='ltr'><strong>si</strong></span> <span class='ocrx_word' id='word_1_658' title='bbox 2772 3874 3123 3942; x_wconf 89' lang='lat' dir='ltr'><strong>complantati</strong></span> <span class='ocrx_word' id='word_1_659' title='bbox 3162 3889 3355 3929; x_wconf 90' lang='lat' dir='ltr'><strong>sumus</strong></span> <span class='ocrx_word' id='word_1_660' title='bbox 3391 3875 3465 3941; x_wconf 91' lang='lat' dir='ltr'><strong>ei,</strong></span> <span class='ocrx_word' id='word_1_661' title='bbox 3502 3891 3592 3929; x_wconf 88' lang='lat' dir='ltr'><strong>ne-</strong></span> 
     </span>
    </p>
   </div>
   <div class='ocr_carea' id='block_1_86' title="bbox 2024 3968 3592 4040">
    <p class='ocr_par' dir='ltr' id='par_1_86' title="bbox 2024 3968 3592 4040">
     <span class='ocr_line' id='line_1_86' title="bbox 2024 3968 3592 4040; baseline -0.004 -12"><span class='ocrx_word' id='word_1_662' title='bbox 2024 3985 2176 4028; x_wconf 87' lang='lat' dir='ltr'><strong>cesse</strong></span> <span class='ocrx_word' id='word_1_663' title='bbox 2225 3982 2311 4027; x_wconf 93' lang='lat' dir='ltr'><strong>est</strong></span> <span class='ocrx_word' id='word_1_664' title='bbox 2361 3981 2420 4025; x_wconf 93' lang='lat' dir='ltr'><strong>ut</strong></span> <span class='ocrx_word' id='word_1_665' title='bbox 2475 3969 2638 4025; x_wconf 86' lang='lat' dir='ltr'><strong>Pater</strong></span> <span class='ocrx_word' id='word_1_666' title='bbox 2694 3968 2929 4040; x_wconf 74' lang='lat' dir='ltr'><strong>agricola</strong></span> <span class='ocrx_word' id='word_1_667' title='bbox 2964 3979 3158 4037; x_wconf 90' lang='lat' dir='ltr'><strong>purget</strong></span> <span class='ocrx_word' id='word_1_668' title='bbox 3193 3982 3292 4022; x_wconf 90' lang='lat' dir='ltr'><strong>nos</strong></span> <span class='ocrx_word' id='word_1_669' title='bbox 3336 3976 3592 4038; x_wconf 83' lang='lat' dir='ltr'><strong>tanquam</strong></span> 
     </span>
    </p>
   </div>
   <div class='ocr_carea' id='block_1_87' title="bbox 2023 4059 3594 4134">
    <p class='ocr_par' dir='ltr' id='par_1_87' title="bbox 2023 4059 3594 4134">
     <span class='ocr_line' id='line_1_87' title="bbox 2023 4059 3594 4134; baseline -0.004 -16"><span class='ocrx_word' id='word_1_670' title='bbox 2023 4065 2274 4134; x_wconf 87' lang='lat' dir='ltr'><strong>palmites</strong></span> <span class='ocrx_word' id='word_1_671' title='bbox 2305 4065 2428 4118; x_wconf 87' lang='lat' dir='ltr'><strong>vitis</strong></span> <span class='ocrx_word' id='word_1_672' title='bbox 2456 4077 2616 4128; x_wconf 62' lang='lat' dir='ltr'><strong>verat,</strong></span> <span class='ocrx_word' id='word_1_673' title='bbox 2669 4072 2728 4117; x_wconf 91' lang='lat' dir='ltr'><strong>ut</strong></span> <span class='ocrx_word' id='word_1_674' title='bbox 2778 4065 3012 4117; x_wconf 78' lang='lat' dir='ltr'><strong>fructum</strong></span> <span class='ocrx_word' id='word_1_675' title='bbox 3060 4059 3358 4127; x_wconf 89' lang='lat' dir='ltr'><strong>plurimum</strong></span> <span class='ocrx_word' id='word_1_676' title='bbox 3404 4062 3594 4114; x_wconf 80' lang='lat' dir='ltr'><strong>aiIera-</strong></span> 
     </span>
    </p>
   </div>
   <div class='ocr_carea' id='block_1_88' title="bbox 2024 4151 3589 4225">
    <p class='ocr_par' dir='ltr' id='par_1_88' title="bbox 2024 4151 3589 4225">
     <span class='ocr_line' id='line_1_88' title="bbox 2024 4151 3589 4225; baseline -0.003 -15"><span class='ocrx_word' id='word_1_677' title='bbox 2024 4171 2160 4224; x_wconf 87' lang='lat' dir='ltr'><strong>mus,</strong></span> <span class='ocrx_word' id='word_1_678' title='bbox 2199 4157 2339 4211; x_wconf 92' lang='lat' dir='ltr'><strong>sicut</strong></span> <span class='ocrx_word' id='word_1_679' title='bbox 2363 4167 2418 4210; x_wconf 89' lang='lat' dir='ltr'><strong>et</strong></span> <span class='ocrx_word' id='word_1_680' title='bbox 2447 4155 2562 4224; x_wconf 89' lang='lat' dir='ltr'><strong>ipse</strong></span> <span class='ocrx_word' id='word_1_681' title='bbox 2597 4157 2647 4209; x_wconf 94' lang='lat' dir='ltr'><strong>in</strong></span> <span class='ocrx_word' id='word_1_682' title='bbox 2685 4154 2991 4225; x_wconf 77' lang='lat' dir='ltr'><strong>Evangeliis</strong></span> <span class='ocrx_word' id='word_1_683' title='bbox 3028 4154 3162 4209; x_wconf 88' lang='lat' dir='ltr'><strong>dicit</strong></span> <span class='ocrx_word' id='word_1_684' title='bbox 3193 4170 3208 4208; x_wconf 85' lang='lat'><strong>;</strong></span> <span class='ocrx_word' id='word_1_685' title='bbox 3260 4171 3279 4205; x_wconf 79' lang='grc' dir='ltr'><strong>ι</strong></span> <span class='ocrx_word' id='word_1_686' title='bbox 3332 4151 3444 4222; x_wconf 80' lang='lat' dir='ltr'><strong>Ego</strong></span> <span class='ocrx_word' id='word_1_687' title='bbox 3477 4170 3589 4207; x_wconf 89' lang='lat' dir='ltr'><strong>sum</strong></span> 
     </span>
    </p>
   </div>
   <div class='ocr_carea' id='block_1_89' title="bbox 2023 4248 3590 4318">
    <p class='ocr_par' dir='ltr' id='par_1_89' title="bbox 2023 4248 3590 4318">
     <span class='ocr_line' id='line_1_89' title="bbox 2023 4248 3590 4318; baseline -0.002 -14"><span class='ocrx_word' id='word_1_688' title='bbox 2023 4251 2150 4304; x_wconf 89' lang='lat' dir='ltr'><strong>vitis</strong></span> <span class='ocrx_word' id='word_1_689' title='bbox 2183 4264 2330 4314; x_wconf 90' lang='lat' dir='ltr'><strong>vera,</strong></span> <span class='ocrx_word' id='word_1_690' title='bbox 2357 4265 2451 4304; x_wconf 89' lang='lat' dir='ltr'><strong>vos</strong></span> <span class='ocrx_word' id='word_1_691' title='bbox 2479 4248 2754 4318; x_wconf 84' lang='lat' dir='ltr'><strong>palmites,</strong></span> <span class='ocrx_word' id='word_1_692' title='bbox 2785 4260 2839 4302; x_wconf 91' lang='lat' dir='ltr'><strong>et</strong></span> <span class='ocrx_word' id='word_1_693' title='bbox 2862 4248 3028 4303; x_wconf 88' lang='lat' dir='ltr'><strong>Pater</strong></span> <span class='ocrx_word' id='word_1_694' title='bbox 3050 4265 3198 4304; x_wconf 91' lang='lat' dir='ltr'><strong>meus</strong></span> <span class='ocrx_word' id='word_1_695' title='bbox 3228 4248 3470 4317; x_wconf 82' lang='lat' dir='ltr'><strong>agricola</strong></span> <span class='ocrx_word' id='word_1_696' title='bbox 3493 4259 3590 4302; x_wconf 87' lang='lat' dir='ltr'><strong>est.</strong></span> 
     </span>
    </p>
   </div>
   <div class='ocr_carea' id='block_1_90' title="bbox 2024 4340 3592 4412">
    <p class='ocr_par' dir='ltr' id='par_1_90' title="bbox 2024 4340 3592 4412">
     <span class='ocr_line' id='line_1_90' title="bbox 2024 4340 3592 4412; baseline -0.001 -15"><span class='ocrx_word' id='word_1_697' title='bbox 2024 4341 2250 4397; x_wconf 91' lang='lat' dir='ltr'><strong>Otnnem</strong></span> <span class='ocrx_word' id='word_1_698' title='bbox 2311 4340 2584 4412; x_wconf 79' lang='lat' dir='ltr'><strong>palmitem</strong></span> <span class='ocrx_word' id='word_1_699' title='bbox 2635 4342 2726 4410; x_wconf 91' lang='lat' dir='ltr'><strong>qui</strong></span> <span class='ocrx_word' id='word_1_700' title='bbox 2769 4344 2821 4395; x_wconf 91' lang='lat' dir='ltr'><strong>in</strong></span> <span class='ocrx_word' id='word_1_701' title='bbox 2857 4356 2942 4395; x_wconf 88' lang='lat' dir='ltr'><strong>me</strong></span> <span class='ocrx_word' id='word_1_702' title='bbox 2977 4356 3080 4396; x_wconf 90' lang='lat' dir='ltr'><strong>non</strong></span> <span class='ocrx_word' id='word_1_703' title='bbox 3128 4347 3336 4408; x_wconf 87' lang='lat' dir='ltr'><strong>tn&#39;anet,</strong></span> <span class='ocrx_word' id='word_1_704' title='bbox 3384 4341 3592 4395; x_wconf 78' lang='lat' dir='ltr'><strong>excidet</strong></span> 
     </span>
    </p>
   </div>
   <div class='ocr_carea' id='block_1_91' title="bbox 353 4433 1888 4519">
    <p class='ocr_par' dir='ltr' id='par_1_91' title="bbox 353 4437 1888 4513">
     <span class='ocr_line' id='line_1_91' title="bbox 353 4437 1888 4513; baseline 0.006 -21"><span class='ocrx_word' id='word_1_705' title='bbox 353 4437 472 4494; x_wconf 85' lang='lat' dir='ltr'><strong>xit:</strong></span> <span class='ocrx_word' id='word_1_706' title='bbox 509 4459 527 4491; x_wconf 78' lang='grc' dir='ltr'><strong>ι</strong></span> <span class='ocrx_word' id='word_1_707' title='bbox 564 4438 621 4494; x_wconf 85' lang='lat' dir='ltr'><strong>Si</strong></span> <span class='ocrx_word' id='word_1_708' title='bbox 641 4439 783 4494; x_wconf 88' lang='lat' dir='ltr'><strong>enim</strong></span> <span class='ocrx_word' id='word_1_709' title='bbox 812 4443 1166 4513; x_wconf 87' lang='lat' dir='ltr'><strong>complantati</strong></span> <span class='ocrx_word' id='word_1_710' title='bbox 1196 4460 1384 4500; x_wconf 91' lang='lat' dir='ltr'><strong>sumus</strong></span> <span class='ocrx_word' id='word_1_711' title='bbox 1414 4463 1432 4497; x_wconf 81' lang='grc' dir='ltr'><strong>ι</strong></span> <span class='ocrx_word' id='word_1_712' title='bbox 1463 4446 1624 4502; x_wconf 90' lang='lat' dir='ltr'><strong>morti</strong></span> <span class='ocrx_word' id='word_1_713' title='bbox 1646 4444 1784 4513; x_wconf 86' lang='lat' dir='ltr'><strong>ejus,</strong></span> <span class='ocrx_word' id='word_1_714' title='bbox 1803 4447 1888 4501; x_wconf 84' lang='lat' dir='ltr'><strong>sed</strong></span> 
     </span>
    </p>
   </div>
   <div class='ocr_carea' id='block_1_92' title="bbox 2095 4433 3591 4519">
    <p class='ocr_par' dir='ltr' id='par_1_92' title="bbox 2095 4433 3591 4504">
     <span class='ocr_line' id='line_1_92' title="bbox 2095 4433 3591 4504; baseline -0.003 -15"><span class='ocrx_word' id='word_1_715' title='bbox 2095 4451 2176 4489; x_wconf 89' lang='lat' dir='ltr'><strong>um</strong></span> <span class='ocrx_word' id='word_1_716' title='bbox 2208 4433 2370 4489; x_wconf 88' lang='lat' dir='ltr'><strong>Pater</strong></span> <span class='ocrx_word' id='word_1_717' title='bbox 2403 4449 2575 4489; x_wconf 90' lang='lat' dir='ltr'><strong>meus.</strong></span> <span class='ocrx_word' id='word_1_718' title='bbox 2616 4433 2718 4500; x_wconf 92' lang='lat' dir='ltr'><strong>Qui</strong></span> <span class='ocrx_word' id='word_1_719' title='bbox 2753 4444 2932 4488; x_wconf 88' lang='lat' dir='ltr'><strong>autem</strong></span> <span class='ocrx_word' id='word_1_720' title='bbox 2959 4443 3141 4487; x_wconf 88' lang='lat' dir='ltr'><strong>manet</strong></span> <span class='ocrx_word' id='word_1_721' title='bbox 3175 4433 3228 4486; x_wconf 92' lang='lat' dir='ltr'><strong>in</strong></span> <span class='ocrx_word' id='word_1_722' title='bbox 3262 4448 3372 4498; x_wconf 91' lang='lat' dir='ltr'><strong>me,</strong></span> <span class='ocrx_word' id='word_1_723' title='bbox 3402 4449 3591 4504; x_wconf 78' lang='lat' dir='ltr'><strong>purga-</strong></span> 
     </span>
    </p>
   </div>
   <div class='ocr_carea' id='block_1_93' title="bbox 357 4533 1920 4606">
    <p class='ocr_par' dir='ltr' id='par_1_93' title="bbox 357 4533 1920 4606">
     <span class='ocr_line' id='line_1_93' title="bbox 357 4533 1920 4606; baseline 0.007 -23"><span class='ocrx_word' id='word_1_724' title='bbox 357 4550 376 4583; x_wconf 81' lang='grc' dir='ltr'><strong>ι</strong></span> <span class='ocrx_word' id='word_1_725' title='bbox 400 4533 741 4590; x_wconf 90' lang='lat' dir='ltr'><strong>similitudini</strong></span> <span class='ocrx_word' id='word_1_726' title='bbox 774 4537 968 4591; x_wconf 90' lang='lat' dir='ltr'><strong>mortis</strong></span> <span class='ocrx_word' id='word_1_727' title='bbox 998 4535 1138 4606; x_wconf 91' lang='lat' dir='ltr'><strong>ejus.</strong></span> <span class='ocrx_word' id='word_1_728' title='bbox 1172 4557 1190 4590; x_wconf 76' lang='grc' dir='ltr'><strong>ι</strong></span> <span class='ocrx_word' id='word_1_729' title='bbox 1228 4536 1482 4594; x_wconf 89' lang='lat' dir='ltr'><strong>Christus</strong></span> <span class='ocrx_word' id='word_1_730' title='bbox 1522 4539 1667 4594; x_wconf 91' lang='lat' dir='ltr'><strong>enim</strong></span> <span class='ocrx_word' id='word_1_731' title='bbox 1710 4539 1782 4592; x_wconf 90' lang='lat' dir='ltr'><strong>ita</strong></span> <span class='ocrx_word' id='word_1_732' title='bbox 1835 4554 1920 4594; x_wconf 87' lang='lat' dir='ltr'><strong>sc-</strong></span> 
     </span>
    </p>
   </div>
   <div class='ocr_carea' id='block_1_94' title="bbox 351 4629 1920 4700">
    <p class='ocr_par' dir='ltr' id='par_1_94' title="bbox 351 4629 1920 4700">
     <span class='ocr_line' id='line_1_94' title="bbox 351 4629 1920 4700; baseline 0.004 -21"><span class='ocrx_word' id='word_1_733' title='bbox 351 4629 460 4680; x_wconf 89' lang='lat' dir='ltr'><strong>mel</strong></span> <span class='ocrx_word' id='word_1_734' title='bbox 492 4636 739 4684; x_wconf 89' lang='lat' dir='ltr'><strong>mortuus</strong></span> <span class='ocrx_word' id='word_1_735' title='bbox 769 4641 853 4685; x_wconf 91' lang='lat' dir='ltr'><strong>est</strong></span> <span class='ocrx_word' id='word_1_736' title='bbox 885 4640 1133 4700; x_wconf 90' lang='lat' dir='ltr'><strong>peccato,</strong></span> <span class='ocrx_word' id='word_1_737' title='bbox 1168 4639 1228 4685; x_wconf 90' lang='lat' dir='ltr'><strong>ut</strong></span> <span class='ocrx_word' id='word_1_738' title='bbox 1255 4640 1535 4700; x_wconf 88' lang='lat' dir='ltr'><strong>peccatum</strong></span> <span class='ocrx_word' id='word_1_739' title='bbox 1563 4631 1782 4685; x_wconf 91' lang='lat' dir='ltr'><strong>omnino</strong></span> <span class='ocrx_word' id='word_1_740' title='bbox 1810 4647 1920 4686; x_wconf 92' lang='lat' dir='ltr'><strong>non</strong></span> 
     </span>
    </p>
   </div>
   <div class='ocr_carea' id='block_1_95' title="bbox 352 4719 1918 4794">
    <p class='ocr_par' dir='ltr' id='par_1_95' title="bbox 352 4719 1918 4794">
     <span class='ocr_line' id='line_1_95' title="bbox 352 4719 1918 4794; baseline 0.004 -22"><span class='ocrx_word' id='word_1_741' title='bbox 352 4719 563 4784; x_wconf 82' lang='lat' dir='ltr'><strong>iecerit,</strong></span> <span class='ocrx_word' id='word_1_742' title='bbox 616 4736 716 4777; x_wconf 90' lang='lat' dir='ltr'><strong>nec</strong></span> <span class='ocrx_word' id='word_1_743' title='bbox 787 4724 943 4780; x_wconf 89' lang='lat' dir='ltr'><strong>dolus</strong></span> <span class='ocrx_word' id='word_1_744' title='bbox 995 4725 1252 4780; x_wconf 91' lang='lat' dir='ltr'><strong>inventus</strong></span> <span class='ocrx_word' id='word_1_745' title='bbox 1313 4725 1385 4779; x_wconf 90' lang='lat' dir='ltr'><strong>sit</strong></span> <span class='ocrx_word' id='word_1_746' title='bbox 1441 4726 1494 4778; x_wconf 91' lang='lat' dir='ltr'><strong>in</strong></span> <span class='ocrx_word' id='word_1_747' title='bbox 1551 4739 1645 4779; x_wconf 90' lang='lat' dir='ltr'><strong>ore</strong></span> <span class='ocrx_word' id='word_1_748' title='bbox 1689 4725 1805 4794; x_wconf 90' lang='lat' dir='ltr'><strong>ejus</strong></span> <span class='ocrx_word' id='word_1_749' title='bbox 1851 4725 1918 4778; x_wconf 74' lang='grc'><strong>⁸⁵.</strong></span> 
     </span>
    </p>
   </div>
   <div class='ocr_carea' id='block_1_96' title="bbox 354 4812 1920 4888">
    <p class='ocr_par' dir='ltr' id='par_1_96' title="bbox 354 4812 1920 4888">
     <span class='ocr_line' id='line_1_96' title="bbox 354 4812 1920 4888; baseline 0.002 -20"><span class='ocrx_word' id='word_1_750' title='bbox 354 4812 514 4878; x_wconf 78' lang='lat' dir='ltr'><strong>Quod</strong></span> <span class='ocrx_word' id='word_1_751' title='bbox 543 4813 594 4866; x_wconf 92' lang='lat' dir='ltr'><strong>in</strong></span> <span class='ocrx_word' id='word_1_752' title='bbox 632 4814 739 4870; x_wconf 88' lang='lat' dir='ltr'><strong>alio</strong></span> <span class='ocrx_word' id='word_1_753' title='bbox 781 4817 1003 4872; x_wconf 90' lang='lat' dir='ltr'><strong>homine</strong></span> <span class='ocrx_word' id='word_1_754' title='bbox 1055 4831 1121 4872; x_wconf 80' lang='lat' dir='ltr'><strong>ex</strong></span> <span class='ocrx_word' id='word_1_755' title='bbox 1172 4817 1384 4888; x_wconf 79' lang='lat' dir='ltr'><strong>integro</strong></span> <span class='ocrx_word' id='word_1_756' title='bbox 1434 4815 1666 4870; x_wconf 88' lang='lat' dir='ltr'><strong>inveniri</strong></span> <span class='ocrx_word' id='word_1_757' title='bbox 1698 4816 1920 4871; x_wconf 91' lang='lat' dir='ltr'><strong>omnino</strong></span> 
     </span>
    </p>
   </div>
   <div class='ocr_carea' id='block_1_97' title="bbox 347 4891 1921 4976">
    <p class='ocr_par' dir='ltr' id='par_1_97' title="bbox 347 4891 1921 4976">
     <span class='ocr_line' id='line_1_97' title="bbox 347 4891 1921 4976; baseline 0.001 -15"><span class='ocrx_word' id='word_1_758' title='bbox 347 4921 455 4961; x_wconf 88' lang='lat' dir='ltr'><strong>non</strong></span> <span class='ocrx_word' id='word_1_759' title='bbox 490 4907 708 4975; x_wconf 88' lang='lat' dir='ltr'><strong>poterit.</strong></span> <span class='ocrx_word' id='word_1_760' title='bbox 744 4926 761 4959; x_wconf 88' lang='grc' dir='ltr'><strong>ι</strong></span> <span class='ocrx_word' id='word_1_761' title='bbox 794 4906 961 4963; x_wconf 82' lang='lat' dir='ltr'><strong>Nemo</strong></span> <span class='ocrx_word' id='word_1_762' title='bbox 986 4911 1163 4964; x_wconf 69' lang='lat' dir='ltr'><strong>ienim</strong></span> <span class='ocrx_word' id='word_1_763' title='bbox 1188 4927 1205 4960; x_wconf 90' lang='grc' dir='ltr'><strong>ι</strong></span> <span class='ocrx_word' id='word_1_764' title='bbox 1236 4909 1468 4962; x_wconf 88' lang='lat' dir='ltr'><strong>nmndus</strong></span> <span class='ocrx_word' id='word_1_765' title='bbox 1493 4923 1521 4960; x_wconf 89' lang='lat' dir='ltr'><strong>a</strong></span> <span class='ocrx_word' id='word_1_766' title='bbox 1539 4891 1786 4976; x_wconf 78' lang='lat' dir='ltr'><strong>peccato,</strong></span> <span class='ocrx_word' id='word_1_767' title='bbox 1821 4922 1921 4962; x_wconf 90' lang='lat' dir='ltr'><strong>nec</strong></span> 
     </span>
    </p>
   </div>
   <div class='ocr_carea' id='block_1_98' title="bbox 418 4998 1526 5069">
    <p class='ocr_par' dir='ltr' id='par_1_98' title="bbox 418 4998 1526 5069">
     <span class='ocr_line' id='line_1_98' title="bbox 418 4998 1526 5069; baseline 0.002 -17"><span class='ocrx_word' id='word_1_768' title='bbox 418 4999 464 5032; x_wconf 85' lang='lat'><strong>&quot;</strong></span> <span class='ocrx_word' id='word_1_769' title='bbox 488 4998 678 5056; x_wconf 87' lang='lat' dir='ltr'><strong>Matth.</strong></span> <span class='ocrx_word' id='word_1_770' title='bbox 715 5017 805 5066; x_wconf 86' lang='lat' dir='ltr'><strong>xv,</strong></span> <span class='ocrx_word' id='word_1_771' title='bbox 829 5001 919 5066; x_wconf 73' lang='lat'><strong>52.</strong></span> <span class='ocrx_word' id='word_1_772' title='bbox 1026 5003 1072 5035; x_wconf 81' lang='grc'><strong>⁸⁸</strong></span> <span class='ocrx_word' id='word_1_773' title='bbox 1118 5002 1274 5057; x_wconf 81' lang='lat' dir='ltr'><strong>Rotn.</strong></span> <span class='ocrx_word' id='word_1_774' title='bbox 1309 5017 1384 5069; x_wconf 73' lang='grc' dir='ltr'>ιιι,</span> <span class='ocrx_word' id='word_1_775' title='bbox 1412 5001 1526 5054; x_wconf 85' lang='grc'><strong>5-7.</strong></span> 
     </span>
    </p>
   </div>
   <div class='ocr_carea' id='block_1_99' title="bbox 346 5069 1877 5196">
    <p class='ocr_par' dir='ltr' id='par_1_99' title="bbox 346 5069 1877 5194">
     <span class='ocr_line' id='line_1_99' title="bbox 346 5069 1877 5194; baseline 0.017 -72"><span class='ocrx_word' id='word_1_776' title='bbox 346 5069 394 5194; x_wconf 55' lang='grc' dir='ltr'><em>ἵ</em></span> <span class='ocrx_word' id='word_1_777' title='bbox 417 5069 576 5194; x_wconf 54' lang='grc' dir='ltr'><strong>[ἐι-ον.</strong></span> <span class='ocrx_word' id='word_1_778' title='bbox 607 5084 690 5138; x_wconf 86' lang='grc' dir='ltr'>ιιι,</span> <span class='ocrx_word' id='word_1_779' title='bbox 724 5073 807 5128; x_wconf 81' lang='lat' dir='ltr'><strong>i8.</strong></span> <span class='ocrx_word' id='word_1_780' title='bbox 882 5073 929 5104; x_wconf 79' lang='lat'><strong>“</strong></span> <span class='ocrx_word' id='word_1_781' title='bbox 954 5072 974 5137; x_wconf 78' lang='grc' dir='ltr'>Ι</span> <span class='ocrx_word' id='word_1_782' title='bbox 1003 5074 1128 5129; x_wconf 83' lang='lat' dir='ltr'><strong>Cor.</strong></span> <span class='ocrx_word' id='word_1_783' title='bbox 1153 5091 1193 5141; x_wconf 84' lang='grc' dir='ltr'><strong>ι,</strong></span> <span class='ocrx_word' id='word_1_784' title='bbox 1213 5073 1305 5137; x_wconf 60' lang='grc'><strong>24-</strong></span> <span class='ocrx_word' id='word_1_785' title='bbox 1412 5072 1456 5102; x_wconf 69' lang='grc'><strong>⁸³</strong></span> <span class='ocrx_word' id='word_1_786' title='bbox 1484 5073 1496 5125; x_wconf 86' lang='grc'>¹</span> <span class='ocrx_word' id='word_1_787' title='bbox 1524 5070 1669 5127; x_wconf 69' lang='grc' dir='ltr'><strong>Ρθίῖ·</strong></span> <span class='ocrx_word' id='word_1_788' title='bbox 1691 5087 1752 5138; x_wconf 70' lang='grc' dir='ltr'><strong>¹¹ν</strong></span> <span class='ocrx_word' id='word_1_789' title='bbox 1785 5071 1877 5125; x_wconf 55' lang='lat'><strong>22°</strong></span> 
     </span>
    </p>
   </div>
   <div class='ocr_carea' id='block_1_100' title="bbox 417 5233 1840 5304">
    <p class='ocr_par' dir='ltr' id='par_1_100' title="bbox 417 5233 1840 5304">
     <span class='ocr_line' id='line_1_100' title="bbox 417 5233 1840 5304; baseline -0.001 -15"><span class='ocrx_word' id='word_1_790' title='bbox 417 5233 533 5304; x_wconf 77' lang='grc'>(94)</span> <span class='ocrx_word' id='word_1_791' title='bbox 567 5233 738 5304; x_wconf 75' lang='lat' dir='ltr'><strong>Alias,</strong></span> <span class='ocrx_word' id='word_1_792' title='bbox 778 5254 796 5286; x_wconf 84' lang='grc' dir='ltr'><strong>ι</strong></span> <span class='ocrx_word' id='word_1_793' title='bbox 832 5235 995 5290; x_wconf 90' lang='lat' dir='ltr'><strong>simul</strong></span> <span class='ocrx_word' id='word_1_794' title='bbox 1024 5246 1079 5300; x_wconf 88' lang='lat' dir='ltr'><strong>et</strong></span> <span class='ocrx_word' id='word_1_795' title='bbox 1109 5237 1521 5294; x_wconf 80' lang='lat' dir='ltr'><strong>resurrectionis</strong></span> <span class='ocrx_word' id='word_1_796' title='bbox 1552 5236 1778 5298; x_wconf 85' lang='lat' dir='ltr'><strong>erimus.</strong></span> <span class='ocrx_word' id='word_1_797' title='bbox 1821 5253 1840 5287; x_wconf 80' lang='grc' dir='ltr'><strong>ι</strong></span> 
     </span>
    </p>
   </div>
   <div class='ocr_carea' id='block_1_101' title="bbox 418 5301 1918 5438">
    <p class='ocr_par' dir='ltr' id='par_1_101' title="bbox 418 5301 1918 5438">
     <span class='ocr_line' id='line_1_101' title="bbox 418 5301 1918 5375; baseline 0 -17"><span class='ocrx_word' id='word_1_798' title='bbox 418 5301 530 5375; x_wconf 78' lang='grc'>(95)</span> <span class='ocrx_word' id='word_1_799' title='bbox 566 5301 670 5368; x_wconf 78' lang='lat' dir='ltr'><strong>Qui</strong></span> <span class='ocrx_word' id='word_1_800' title='bbox 700 5306 839 5359; x_wconf 85' lang='lat' dir='ltr'><strong>enim</strong></span> <span class='ocrx_word' id='word_1_801' title='bbox 875 5315 1112 5360; x_wconf 82' lang='lat' dir='ltr'><strong>mortuus</strong></span> <span class='ocrx_word' id='word_1_802' title='bbox 1142 5318 1240 5370; x_wconf 77' lang='lat' dir='ltr'><strong>est,</strong></span> <span class='ocrx_word' id='word_1_803' title='bbox 1265 5306 1594 5375; x_wconf 76' lang='lat' dir='ltr'><strong>justiﬁcatus</strong></span> <span class='ocrx_word' id='word_1_804' title='bbox 1631 5315 1706 5360; x_wconf 83' lang='lat' dir='ltr'><strong>est</strong></span> <span class='ocrx_word' id='word_1_805' title='bbox 1737 5323 1769 5360; x_wconf 82' lang='grc' dir='ltr'><em>α</em></span> <span class='ocrx_word' id='word_1_806' title='bbox 1798 5321 1918 5374; x_wconf 79' lang='lat' dir='ltr'><strong>pec-</strong></span> 
     </span>
     <span class='ocr_line' id='line_1_102' title="bbox 418 5374 1918 5438; baseline 0.003 -13"><span class='ocrx_word' id='word_1_807' title='bbox 418 5388 482 5428; x_wconf 78' lang='lat' dir='ltr'><strong>ro.</strong></span> <span class='ocrx_word' id='word_1_808' title='bbox 518 5374 641 5430; x_wconf 66' lang='lat' dir='ltr'><strong>Ha‘c</strong></span> <span class='ocrx_word' id='word_1_809' title='bbox 667 5377 832 5436; x_wconf 85' lang='lat' dir='ltr'><strong>verba</strong></span> <span class='ocrx_word' id='word_1_810' title='bbox 873 5376 1070 5438; x_wconf 85' lang='lat' dir='ltr'><strong>desunt</strong></span> <span class='ocrx_word' id='word_1_811' title='bbox 1097 5377 1151 5431; x_wconf 90' lang='lat' dir='ltr'><strong>in</strong></span> <span class='ocrx_word' id='word_1_812' title='bbox 1175 5377 1428 5436; x_wconf 86' lang='lat' dir='ltr'><strong>omnibus</strong></span> <span class='ocrx_word' id='word_1_813' title='bbox 1468 5393 1602 5436; x_wconf 80' lang='lat' dir='ltr'><strong>mss.</strong></span> <span class='ocrx_word' id='word_1_814' title='bbox 1637 5377 1918 5438; x_wconf 84' lang='lat' dir='ltr'><strong>codicibus</strong></span> 
     </span>
    </p>
   </div>
   <div class='ocr_carea' id='block_1_102' title="bbox 344 5386 1919 5509">
    <p class='ocr_par' dir='ltr' id='par_1_102' title="bbox 344 5386 1919 5509">
     <span class='ocr_line' id='line_1_103' title="bbox 345 5386 1919 5442; baseline 0.002 -15"><span class='ocrx_word' id='word_1_815' title='bbox 345 5388 482 5436; x_wconf 75' lang='lat' dir='ltr'><strong>cuto.</strong></span> <span class='ocrx_word' id='word_1_816' title='bbox 518 5386 641 5430; x_wconf 71' lang='lat' dir='ltr'><strong>tta‘c</strong></span> <span class='ocrx_word' id='word_1_817' title='bbox 667 5386 832 5436; x_wconf 80' lang='lat' dir='ltr'><strong>verba</strong></span> <span class='ocrx_word' id='word_1_818' title='bbox 873 5386 1070 5438; x_wconf 81' lang='lat' dir='ltr'><strong>desunt</strong></span> <span class='ocrx_word' id='word_1_819' title='bbox 1097 5386 1151 5431; x_wconf 84' lang='lat' dir='ltr'><strong>in</strong></span> <span class='ocrx_word' id='word_1_820' title='bbox 1175 5386 1428 5441; x_wconf 82' lang='lat' dir='ltr'><strong>omnibus</strong></span> <span class='ocrx_word' id='word_1_821' title='bbox 1468 5393 1602 5442; x_wconf 76' lang='lat' dir='ltr'><strong>mss.</strong></span> <span class='ocrx_word' id='word_1_822' title='bbox 1637 5386 1919 5440; x_wconf 80' lang='lat' dir='ltr'><strong>codicibus</strong></span> 
     </span>
     <span class='ocr_line' id='line_1_104' title="bbox 344 5446 1237 5509; baseline 0.006 -11"><span class='ocrx_word' id='word_1_823' title='bbox 344 5446 569 5509; x_wconf 87' lang='lat' dir='ltr'><strong>nostris,</strong></span> <span class='ocrx_word' id='word_1_824' title='bbox 603 5448 697 5501; x_wconf 89' lang='lat' dir='ltr'><strong>sed</strong></span> <span class='ocrx_word' id='word_1_825' title='bbox 723 5455 940 5502; x_wconf 89' lang='lat' dir='ltr'><strong>exstant</strong></span> <span class='ocrx_word' id='word_1_826' title='bbox 968 5447 1018 5499; x_wconf 93' lang='lat' dir='ltr'><strong>in</strong></span> <span class='ocrx_word' id='word_1_827' title='bbox 1051 5447 1237 5508; x_wconf 87' lang='lat' dir='ltr'><strong>editis.</strong></span> 
     </span>
    </p>
   </div>
   <div class='ocr_carea' id='block_1_103' title="bbox 389 5516 1642 5653">
    <p class='ocr_par' dir='ltr' id='par_1_103' title="bbox 389 5516 1642 5653">
     <span class='ocr_line' id='line_1_105' title="bbox 389 5516 1106 5653; baseline -0.001 -83"><span class='ocrx_word' id='word_1_828' title='bbox 389 5516 530 5653; x_wconf 56' lang='grc'>,(96)</span> <span class='ocrx_word' id='word_1_829' title='bbox 557 5517 722 5581; x_wconf 86' lang='lat' dir='ltr'><strong>Editi,</strong></span> <span class='ocrx_word' id='word_1_830' title='bbox 749 5536 767 5568; x_wconf 85' lang='grc' dir='ltr'><strong>ι</strong></span> <span class='ocrx_word' id='word_1_831' title='bbox 799 5517 1060 5572; x_wconf 79' lang='lat' dir='ltr'><strong>diximus.</strong></span> <span class='ocrx_word' id='word_1_832' title='bbox 1090 5536 1106 5569; x_wconf 83' lang='grc' dir='ltr'><strong>ι</strong></span> 
     </span>
     <span class='ocr_line' id='line_1_106' title="bbox 417 5585 1642 5653; baseline 0.007 -15"><span class='ocrx_word' id='word_1_833' title='bbox 417 5586 505 5653; x_wconf 85' lang='grc'>(97</span> <span class='ocrx_word' id='word_1_834' title='bbox 563 5585 691 5641; x_wconf 82' lang='lat' dir='ltr'><strong>Mss.</strong></span> <span class='ocrx_word' id='word_1_835' title='bbox 724 5588 926 5653; x_wconf 87' lang='lat' dir='ltr'><strong>plures,</strong></span> <span class='ocrx_word' id='word_1_836' title='bbox 951 5606 970 5638; x_wconf 81' lang='grc' dir='ltr'><strong>ι</strong></span> <span class='ocrx_word' id='word_1_837' title='bbox 1001 5587 1285 5653; x_wconf 78' lang='lat' dir='ltr'><strong>cruciﬁgi;</strong></span> <span class='ocrx_word' id='word_1_838' title='bbox 1319 5609 1337 5644; x_wconf 76' lang='grc' dir='ltr'><strong>ι</strong></span> <span class='ocrx_word' id='word_1_839' title='bbox 1369 5590 1523 5653; x_wconf 81' lang='lat' dir='ltr'><strong>editi,</strong></span> <span class='ocrx_word' id='word_1_840' title='bbox 1549 5609 1568 5644; x_wconf 85' lang='grc' dir='ltr'><strong>ι</strong></span> <span class='ocrx_word' id='word_1_841' title='bbox 1598 5589 1642 5647; x_wconf 89' lang='lat' dir='ltr'><strong>si</strong></span> 
     </span>
    </p>
   </div>
   <div class='ocr_carea' id='block_1_104' title="bbox 347 5585 1922 5722">
    <p class='ocr_par' dir='ltr' id='par_1_104' title="bbox 347 5585 1922 5722">
     <span class='ocr_line' id='line_1_107' title="bbox 347 5585 1922 5722; baseline 0.006 -85"><span class='ocrx_word' id='word_1_842' title='bbox 347 5585 691 5722; x_wconf 48' lang='grc' dir='ltr'><strong>ωἳξίξεῐέιεῗ.</strong></span> <span class='ocrx_word' id='word_1_843' title='bbox 724 5588 926 5658; x_wconf 87' lang='lat' dir='ltr'><strong>plures,</strong></span> <span class='ocrx_word' id='word_1_844' title='bbox 951 5606 970 5638; x_wconf 81' lang='grc' dir='ltr'><strong>ι</strong></span> <span class='ocrx_word' id='word_1_845' title='bbox 1001 5587 1244 5659; x_wconf 84' lang='lat' dir='ltr'><strong>cruciﬁgi</strong></span> <span class='ocrx_word' id='word_1_846' title='bbox 1269 5607 1285 5658; x_wconf 88' lang='lat'><strong>;</strong></span> <span class='ocrx_word' id='word_1_847' title='bbox 1319 5609 1337 5644; x_wconf 76' lang='grc' dir='ltr'><strong>ι</strong></span> <span class='ocrx_word' id='word_1_848' title='bbox 1369 5590 1523 5662; x_wconf 89' lang='lat' dir='ltr'><strong>editi,</strong></span> <span class='ocrx_word' id='word_1_849' title='bbox 1549 5609 1568 5644; x_wconf 83' lang='grc' dir='ltr'><strong>ι</strong></span> <span class='ocrx_word' id='word_1_850' title='bbox 1598 5589 1761 5648; x_wconf 89' lang='lat' dir='ltr'><strong>simul</strong></span> <span class='ocrx_word' id='word_1_851' title='bbox 1791 5603 1922 5650; x_wconf 86' lang='lat' dir='ltr'><strong>con-</strong></span> 
     </span>
    </p>
   </div>
   <div class='ocr_carea' id='block_1_105' title="bbox 420 5723 1245 5792">
    <p class='ocr_par' dir='ltr' id='par_1_105' title="bbox 420 5723 1245 5792">
     <span class='ocr_line' id='line_1_108' title="bbox 420 5723 1245 5792; baseline 0.007 -14"><span class='ocrx_word' id='word_1_852' title='bbox 420 5723 532 5784; x_wconf 79' lang='lat' dir='ltr'><strong>t98)</strong></span> <span class='ocrx_word' id='word_1_853' title='bbox 562 5724 720 5787; x_wconf 86' lang='lat' dir='ltr'><strong>Editi,</strong></span> <span class='ocrx_word' id='word_1_854' title='bbox 764 5746 782 5779; x_wconf 85' lang='grc' dir='ltr'><strong>ι</strong></span> <span class='ocrx_word' id='word_1_855' title='bbox 812 5729 999 5792; x_wconf 82' lang='lat' dir='ltr'><strong>tinem.</strong></span> <span class='ocrx_word' id='word_1_856' title='bbox 1030 5747 1050 5785; x_wconf 76' lang='grc' dir='ltr'><strong>ι</strong></span> <span class='ocrx_word' id='word_1_857' title='bbox 1085 5728 1245 5788; x_wconf 86' lang='lat' dir='ltr'><strong>male.</strong></span> 
     </span>
    </p>
   </div>
   <div class='ocr_carea' id='block_1_106' title="bbox 1642 4999 2476 5130">
    <p class='ocr_par' dir='ltr' id='par_1_106' title="bbox 1642 4999 2476 5130">
     <span class='ocr_line' id='line_1_109' title="bbox 1642 4999 2476 5067; baseline -0.016 -8"><span class='ocrx_word' id='word_1_858' title='bbox 1642 5001 1686 5032; x_wconf 70' lang='lat'><strong>&#39;9</strong></span> <span class='ocrx_word' id='word_1_859' title='bbox 1718 5000 1876 5058; x_wconf 73' lang='lat' dir='ltr'><strong>Rom.</strong></span> <span class='ocrx_word' id='word_1_860' title='bbox 1911 5017 1964 5067; x_wconf 85' lang='grc' dir='ltr'>ν,</span> <span class='ocrx_word' id='word_1_861' title='bbox 1995 4999 2086 5052; x_wconf 72' lang='grc'><strong>20.</strong></span> <span class='ocrx_word' id='word_1_862' title='bbox 2200 4999 2244 5037; x_wconf 65' lang='grc'><strong>⁵⁸</strong></span> <span class='ocrx_word' id='word_1_863' title='bbox 2271 4999 2426 5049; x_wconf 74' lang='grc' dir='ltr'>ιὶοιιι.</span> <span class='ocrx_word' id='word_1_864' title='bbox 2450 5009 2476 5046; x_wconf 75' lang='lat' dir='ltr'><strong>v</strong></span> 
     </span>
     <span class='ocr_line' id='line_1_110' title="bbox 1642 5064 2476 5130; baseline -0.011 -4"><span class='ocrx_word' id='word_1_865' title='bbox 1642 5087 1669 5127; x_wconf 84' lang='lat'><strong>&#39;.</strong></span> <span class='ocrx_word' id='word_1_866' title='bbox 1691 5087 1752 5130; x_wconf 83' lang='lat' dir='ltr'><strong>tt.</strong></span> <span class='ocrx_word' id='word_1_867' title='bbox 1785 5071 1877 5125; x_wconf 59' lang='grc' dir='ltr'><strong>ἓξ.</strong></span> <span class='ocrx_word' id='word_1_868' title='bbox 1984 5070 2028 5102; x_wconf 83' lang='grc'>⁶⁶</span> <span class='ocrx_word' id='word_1_869' title='bbox 2056 5068 2156 5124; x_wconf 83' lang='lat' dir='ltr'><strong>.Iob</strong></span> <span class='ocrx_word' id='word_1_870' title='bbox 2205 5082 2317 5130; x_wconf 76' lang='lat' dir='ltr'><strong>xw,</strong></span> <span class='ocrx_word' id='word_1_871' title='bbox 2343 5065 2396 5128; x_wconf 76' lang='grc'>4,</span> <span class='ocrx_word' id='word_1_872' title='bbox 2421 5064 2476 5118; x_wconf 82' lang='grc'><strong>5.</strong></span> 
     </span>
    </p>
   </div>
   <div class='ocr_carea' id='block_1_107' title="bbox 2027 4525 3592 4596">
    <p class='ocr_par' dir='ltr' id='par_1_107' title="bbox 2027 4525 3592 4596">
     <span class='ocr_line' id='line_1_111' title="bbox 2027 4525 3592 4596; baseline -0.001 -12"><span class='ocrx_word' id='word_1_873' title='bbox 2027 4529 2106 4584; x_wconf 90' lang='lat' dir='ltr'><strong>bit</strong></span> <span class='ocrx_word' id='word_1_874' title='bbox 2147 4545 2291 4592; x_wconf 90' lang='lat' dir='ltr'><strong>eum,</strong></span> <span class='ocrx_word' id='word_1_875' title='bbox 2332 4540 2391 4582; x_wconf 91' lang='lat' dir='ltr'><strong>ut</strong></span> <span class='ocrx_word' id='word_1_876' title='bbox 2437 4527 2674 4581; x_wconf 85' lang='lat' dir='ltr'><strong>fructum</strong></span> <span class='ocrx_word' id='word_1_877' title='bbox 2721 4526 3014 4596; x_wconf 90' lang='lat' dir='ltr'><strong>plurimum</strong></span> <span class='ocrx_word' id='word_1_878' title='bbox 3062 4525 3254 4580; x_wconf 80' lang='lat' dir='ltr'><strong>afferat</strong></span> <span class='ocrx_word' id='word_1_879' title='bbox 3297 4525 3370 4582; x_wconf 78' lang='grc'><strong>⁵⁸.</strong></span> <span class='ocrx_word' id='word_1_880' title='bbox 3415 4545 3436 4582; x_wconf 77' lang='grc' dir='ltr'><strong>ι</strong></span> <span class='ocrx_word' id='word_1_881' title='bbox 3487 4527 3592 4581; x_wconf 80' lang='lat' dir='ltr'><strong>Hoc</strong></span> 
     </span>
    </p>
   </div>
   <div class='ocr_carea' id='block_1_108' title="bbox 2026 4619 3590 4690">
    <p class='ocr_par' dir='ltr' id='par_1_108' title="bbox 2026 4619 3590 4690">
     <span class='ocr_line' id='line_1_112' title="bbox 2026 4619 3590 4690; baseline -0.002 -14"><span class='ocrx_word' id='word_1_882' title='bbox 2026 4636 2159 4690; x_wconf 82' lang='lat' dir='ltr'><strong>ergo</strong></span> <span class='ocrx_word' id='word_1_883' title='bbox 2186 4619 2346 4676; x_wconf 90' lang='lat' dir='ltr'><strong>modo</strong></span> <span class='ocrx_word' id='word_1_884' title='bbox 2381 4620 2734 4690; x_wconf 83' lang='lat' dir='ltr'><strong>complantati</strong></span> <span class='ocrx_word' id='word_1_885' title='bbox 2772 4634 2964 4675; x_wconf 89' lang='lat' dir='ltr'><strong>sumus</strong></span> <span class='ocrx_word' id='word_1_886' title='bbox 3011 4619 3355 4674; x_wconf 85' lang='lat' dir='ltr'><strong>similitudini</strong></span> <span class='ocrx_word' id='word_1_887' title='bbox 3408 4623 3590 4675; x_wconf 87' lang='lat' dir='ltr'><strong>mortis</strong></span> 
     </span>
    </p>
   </div>
   <div class='ocr_carea' id='block_1_109' title="bbox 2025 4711 3587 4784">
    <p class='ocr_par' dir='ltr' id='par_1_109' title="bbox 2025 4711 3587 4784">
     <span class='ocr_line' id='line_1_113' title="bbox 2025 4711 3587 4784; baseline -0.002 -16"><span class='ocrx_word' id='word_1_888' title='bbox 2025 4715 2164 4784; x_wconf 86' lang='lat' dir='ltr'><strong>ejus.</strong></span> <span class='ocrx_word' id='word_1_889' title='bbox 2226 4723 2284 4768; x_wconf 92' lang='lat' dir='ltr'><strong>ut</strong></span> <span class='ocrx_word' id='word_1_890' title='bbox 2319 4722 2374 4766; x_wconf 87' lang='lat' dir='ltr'><strong>et</strong></span> <span class='ocrx_word' id='word_1_891' title='bbox 2431 4713 2846 4774; x_wconf 84' lang='lat' dir='ltr'><strong>resurrectionis</strong></span> <span class='ocrx_word' id='word_1_892' title='bbox 2891 4712 3008 4783; x_wconf 90' lang='lat' dir='ltr'><strong>ejus</strong></span> <span class='ocrx_word' id='word_1_893' title='bbox 3055 4711 3400 4768; x_wconf 90' lang='lat' dir='ltr'><strong>similitudini</strong></span> <span class='ocrx_word' id='word_1_894' title='bbox 3448 4728 3587 4767; x_wconf 90' lang='lat' dir='ltr'><strong>com-</strong></span> 
     </span>
    </p>
   </div>
   <div class='ocr_carea' id='block_1_110' title="bbox 2023 4805 3588 4879">
    <p class='ocr_par' dir='ltr' id='par_1_110' title="bbox 2023 4805 3588 4879">
     <span class='ocr_line' id='line_1_114' title="bbox 2023 4805 3588 4879; baseline 0 -17"><span class='ocrx_word' id='word_1_895' title='bbox 2023 4808 2253 4879; x_wconf 89' lang='lat' dir='ltr'><strong>plantati</strong></span> <span class='ocrx_word' id='word_1_896' title='bbox 2309 4809 2503 4862; x_wconf 89' lang='lat' dir='ltr'><strong>simus.</strong></span> <span class='ocrx_word' id='word_1_897' title='bbox 2535 4806 2672 4874; x_wconf 89' lang='lat' dir='ltr'><strong>Quid</strong></span> <span class='ocrx_word' id='word_1_898' title='bbox 2701 4806 2968 4860; x_wconf 86' lang='lat' dir='ltr'><strong>sitautem</strong></span> <span class='ocrx_word' id='word_1_899' title='bbox 3015 4805 3359 4861; x_wconf 87' lang='lat' dir='ltr'><strong>similitudini</strong></span> <span class='ocrx_word' id='word_1_900' title='bbox 3410 4822 3588 4862; x_wconf 84' lang='lat' dir='ltr'><strong>resur-</strong></span> 
     </span>
    </p>
   </div>
   <div class='ocr_carea' id='block_1_111' title="bbox 2026 4896 3589 4968">
    <p class='ocr_par' dir='ltr' id='par_1_111' title="bbox 2026 4896 3589 4968">
     <span class='ocr_line' id='line_1_115' title="bbox 2026 4896 3589 4968; baseline -0.002 -11"><span class='ocrx_word' id='word_1_901' title='bbox 2026 4903 2283 4957; x_wconf 86' lang='lat' dir='ltr'><strong>rectionis</strong></span> <span class='ocrx_word' id='word_1_902' title='bbox 2317 4899 2434 4968; x_wconf 89' lang='lat' dir='ltr'><strong>ejus</strong></span> <span class='ocrx_word' id='word_1_903' title='bbox 2457 4914 2579 4954; x_wconf 87' lang='lat' dir='ltr'><strong>esse</strong></span> <span class='ocrx_word' id='word_1_904' title='bbox 2609 4898 3038 4967; x_wconf 84' lang='lat' dir='ltr'><strong>complantatum</strong></span> <span class='ocrx_word' id='word_1_905' title='bbox 3090 4896 3329 4953; x_wconf 84' lang='lat' dir='ltr'><strong>Joannes</strong></span> <span class='ocrx_word' id='word_1_906' title='bbox 3374 4910 3589 4968; x_wconf 87' lang='lat' dir='ltr'><strong>aposto-</strong></span> 
     </span>
    </p>
   </div>
   <div class='ocr_carea' id='block_1_112' title="bbox 3315 4990 3585 5047">
    <p class='ocr_par' dir='ltr' id='par_1_112' title="bbox 3315 4990 3585 5047">
     <span class='ocr_line' id='line_1_116' title="bbox 3315 4990 3585 5047; baseline 0.011 -4"><span class='ocrx_word' id='word_1_907' title='bbox 3315 4990 3362 5020; x_wconf 77' lang='lat'><strong>&quot;</strong></span> <span class='ocrx_word' id='word_1_908' title='bbox 3389 4990 3521 5047; x_wconf 87' lang='lat' dir='ltr'><strong>ibid.</strong></span> <span class='ocrx_word' id='word_1_909' title='bbox 3540 4992 3585 5046; x_wconf 85' lang='grc'><strong>6.</strong></span> 
     </span>
    </p>
   </div>
   <div class='ocr_carea' id='block_1_113' title="bbox 2200 4989 3567 5117">
    <p class='ocr_par' dir='ltr' id='par_1_113' title="bbox 2200 4989 3567 5117">
     <span class='ocr_line' id='line_1_117' title="bbox 2200 4989 3567 5058; baseline -0.004 -9"><span class='ocrx_word' id='word_1_910' title='bbox 2200 4996 2244 5037; x_wconf 75' lang='grc'><strong>⁶⁰</strong></span> <span class='ocrx_word' id='word_1_911' title='bbox 2271 4994 2426 5049; x_wconf 74' lang='lat' dir='ltr'><strong>Rom.</strong></span> <span class='ocrx_word' id='word_1_912' title='bbox 2450 5009 2525 5058; x_wconf 80' lang='lat' dir='ltr'><strong>Vt,</strong></span> <span class='ocrx_word' id='word_1_913' title='bbox 2550 4992 2606 5053; x_wconf 74' lang='grc'>2,</span> <span class='ocrx_word' id='word_1_914' title='bbox 2633 4992 2686 5045; x_wconf 81' lang='grc'><strong>5.</strong></span> <span class='ocrx_word' id='word_1_915' title='bbox 2797 4991 2840 5022; x_wconf 75' lang='grc'><strong>⁸⁸</strong></span> <span class='ocrx_word' id='word_1_916' title='bbox 2868 4989 3026 5046; x_wconf 82' lang='lat' dir='ltr'><strong>Rom.</strong></span> <span class='ocrx_word' id='word_1_917' title='bbox 3055 5005 3129 5055; x_wconf 76' lang='lat' dir='ltr'><strong>vt,</strong></span> <span class='ocrx_word' id='word_1_918' title='bbox 3149 4990 3204 5054; x_wconf 82' lang='lat'><strong>5.</strong></span> <span class='ocrx_word' id='word_1_919' title='bbox 3315 4990 3362 5020; x_wconf 77' lang='lat'><strong>&quot;</strong></span> <span class='ocrx_word' id='word_1_920' title='bbox 3389 4990 3521 5047; x_wconf 87' lang='lat' dir='ltr'><strong>ibid.</strong></span> <span class='ocrx_word' id='word_1_921' title='bbox 3540 4992 3567 5044; x_wconf 84' lang='lat'><strong>6</strong></span> 
     </span>
     <span class='ocr_line' id='line_1_118' title="bbox 2205 5058 3567 5117; baseline -0.001 0"><span class='ocrx_word' id='word_1_922' title='bbox 2205 5082 2317 5117; x_wconf 80' lang='lat' dir='ltr'><strong>xiv.</strong></span> <span class='ocrx_word' id='word_1_923' title='bbox 2343 5065 2396 5117; x_wconf 77' lang='grc'><strong>4.</strong></span> <span class='ocrx_word' id='word_1_924' title='bbox 2421 5064 2476 5117; x_wconf 82' lang='grc'><strong>5.</strong></span> <span class='ocrx_word' id='word_1_925' title='bbox 2587 5063 2632 5095; x_wconf 74' lang='grc'><strong>⁸⁷</strong></span> <span class='ocrx_word' id='word_1_926' title='bbox 2663 5063 2818 5117; x_wconf 81' lang='lat' dir='ltr'><strong>Rom.</strong></span> <span class='ocrx_word' id='word_1_927' title='bbox 2851 5067 2924 5117; x_wconf 84' lang='lat' dir='ltr'><strong>vi.</strong></span> <span class='ocrx_word' id='word_1_928' title='bbox 2963 5060 3014 5117; x_wconf 84' lang='lat'><strong>5.</strong></span> <span class='ocrx_word' id='word_1_929' title='bbox 3047 5062 3130 5116; x_wconf 76' lang='grc'><strong>10.</strong></span> <span class='ocrx_word' id='word_1_930' title='bbox 3246 5060 3290 5092; x_wconf 76' lang='grc'><strong>⁵⁸</strong></span> <span class='ocrx_word' id='word_1_931' title='bbox 3313 5058 3473 5117; x_wconf 78' lang='lat' dir='ltr'><strong>Joan.</strong></span> <span class='ocrx_word' id='word_1_932' title='bbox 3507 5078 3567 5116; x_wconf 75' lang='lat' dir='ltr'><strong>xv</strong></span> 
     </span>
    </p>
   </div>
   <div class='ocr_carea' id='block_1_114' title="bbox 2587 5060 3130 5126">
    <p class='ocr_par' dir='ltr' id='par_1_114' title="bbox 2587 5060 3130 5126">
     <span class='ocr_line' id='line_1_119' title="bbox 2587 5060 3130 5126; baseline -0.002 -9"><span class='ocrx_word' id='word_1_933' title='bbox 2587 5063 2632 5095; x_wconf 73' lang='grc'><strong>⁸⁷</strong></span> <span class='ocrx_word' id='word_1_934' title='bbox 2663 5063 2818 5117; x_wconf 81' lang='lat' dir='ltr'><strong>Rom.</strong></span> <span class='ocrx_word' id='word_1_935' title='bbox 2851 5067 2924 5126; x_wconf 84' lang='lat' dir='ltr'><strong>vi,</strong></span> <span class='ocrx_word' id='word_1_936' title='bbox 2963 5060 3014 5126; x_wconf 84' lang='lat'><strong>5,</strong></span> <span class='ocrx_word' id='word_1_937' title='bbox 3047 5062 3130 5116; x_wconf 85' lang='lat' dir='ltr'><strong>l0.</strong></span> 
     </span>
    </p>
   </div>
   <div class='ocr_carea' id='block_1_115' title="bbox 2094 5223 3582 5303">
    <p class='ocr_par' dir='ltr' id='par_1_115' title="bbox 2094 5223 3582 5303">
     <span class='ocr_line' id='line_1_120' title="bbox 2094 5223 3582 5303; baseline -0.007 -14"><span class='ocrx_word' id='word_1_938' title='bbox 2094 5231 2205 5303; x_wconf 87' lang='lat'><strong>(99)</strong></span> <span class='ocrx_word' id='word_1_939' title='bbox 2233 5229 2298 5303; x_wconf 85' lang='lat' dir='ltr'><strong>Ut</strong></span> <span class='ocrx_word' id='word_1_940' title='bbox 2325 5238 2595 5303; x_wconf 61' lang='lat' dir='ltr'><strong>peccatum</strong></span> <span class='ocrx_word' id='word_1_941' title='bbox 2620 5229 2832 5303; x_wconf 81' lang='lat' dir='ltr'><strong>omnino</strong></span> <span class='ocrx_word' id='word_1_942' title='bbox 2867 5243 2968 5282; x_wconf 79' lang='lat' dir='ltr'><strong>non</strong></span> <span class='ocrx_word' id='word_1_943' title='bbox 2993 5227 3197 5298; x_wconf 80' lang='lat' dir='ltr'><strong>fecerit.</strong></span> <span class='ocrx_word' id='word_1_944' title='bbox 3239 5223 3368 5282; x_wconf 62' lang='lat' dir='ltr'><strong>Haec</strong></span> <span class='ocrx_word' id='word_1_945' title='bbox 3398 5226 3582 5282; x_wconf 77' lang='lat' dir='ltr'><strong>deSunt</strong></span> 
     </span>
    </p>
   </div>
   <div class='ocr_carea' id='block_1_116' title="bbox 2029 5300 2924 5369">
    <p class='ocr_par' dir='ltr' id='par_1_116' title="bbox 2029 5300 2924 5369">
     <span class='ocr_line' id='line_1_121' title="bbox 2029 5300 2924 5369; baseline -0.008 -11"><span class='ocrx_word' id='word_1_946' title='bbox 2029 5304 2083 5358; x_wconf 91' lang='lat' dir='ltr'><strong>in</strong></span> <span class='ocrx_word' id='word_1_947' title='bbox 2105 5300 2309 5366; x_wconf 82' lang='lat' dir='ltr'><strong>editis,</strong></span> <span class='ocrx_word' id='word_1_948' title='bbox 2335 5312 2389 5356; x_wconf 89' lang='lat' dir='ltr'><strong>et</strong></span> <span class='ocrx_word' id='word_1_949' title='bbox 2415 5301 2470 5354; x_wconf 92' lang='lat' dir='ltr'><strong>in</strong></span> <span class='ocrx_word' id='word_1_950' title='bbox 2497 5300 2769 5369; x_wconf 85' lang='lat' dir='ltr'><strong>plerisque</strong></span> <span class='ocrx_word' id='word_1_951' title='bbox 2793 5314 2924 5356; x_wconf 87' lang='lat' dir='ltr'><strong>mss.</strong></span> 
     </span>
    </p>
   </div>
   <div class='ocr_carea' id='block_1_117' title="bbox 2095 5365 3584 5444">
    <p class='ocr_par' dir='ltr' id='par_1_117' title="bbox 2095 5365 3584 5444">
     <span class='ocr_line' id='line_1_122' title="bbox 2095 5365 3584 5444; baseline -0.003 -18"><span class='ocrx_word' id='word_1_952' title='bbox 2095 5375 2171 5444; x_wconf 86' lang='lat' dir='ltr'><strong>(i)</strong></span> <span class='ocrx_word' id='word_1_953' title='bbox 2205 5371 2270 5427; x_wconf 85' lang='lat' dir='ltr'><strong>Ut</strong></span> <span class='ocrx_word' id='word_1_954' title='bbox 2297 5365 2522 5425; x_wconf 78' lang='lat' dir='ltr'><strong>omnino</strong></span> <span class='ocrx_word' id='word_1_955' title='bbox 2555 5365 2845 5444; x_wconf 56' lang='lat' dir='ltr'><strong>nesciamus</strong></span> <span class='ocrx_word' id='word_1_956' title='bbox 2866 5377 3155 5444; x_wconf 72' lang='lat' dir='ltr'><strong>peccatum,</strong></span> <span class='ocrx_word' id='word_1_957' title='bbox 3193 5365 3584 5444; x_wconf 60' lang='lat' dir='ltr'><strong>similitudine-</strong></span> 
     </span>
    </p>
   </div>
   <div class='ocr_carea' id='block_1_118' title="bbox 2024 5437 3581 5510">
    <p class='ocr_par' dir='ltr' id='par_1_118' title="bbox 2024 5437 3581 5510">
     <span class='ocr_line' id='line_1_123' title="bbox 2024 5437 3581 5510; baseline -0.005 -12"><span class='ocrx_word' id='word_1_958' title='bbox 2024 5437 2198 5498; x_wconf 75' lang='lat' dir='ltr'><strong>tamén</strong></span> <span class='ocrx_word' id='word_1_959' title='bbox 2227 5444 2416 5497; x_wconf 81' lang='lat' dir='ltr'><strong>habere</strong></span> <span class='ocrx_word' id='word_1_960' title='bbox 2445 5455 2745 5510; x_wconf 77' lang='lat' dir='ltr'><strong>possumus.</strong></span> <span class='ocrx_word' id='word_1_961' title='bbox 2779 5437 2908 5495; x_wconf 65' lang='lat' dir='ltr'><strong>Haec</strong></span> <span class='ocrx_word' id='word_1_962' title='bbox 2928 5440 3312 5500; x_wconf 77' lang='lat' dir='ltr'><strong>desiderantur</strong></span> <span class='ocrx_word' id='word_1_963' title='bbox 3351 5439 3406 5492; x_wconf 86' lang='lat' dir='ltr'><strong>in</strong></span> <span class='ocrx_word' id='word_1_964' title='bbox 3440 5439 3581 5494; x_wconf 78' lang='lat' dir='ltr'><strong>libris</strong></span> 
     </span>
    </p>
   </div>
   <div class='ocr_carea' id='block_1_119' title="bbox 2024 5513 2415 5570">
    <p class='ocr_par' dir='ltr' id='par_1_119' title="bbox 2024 5513 2415 5570">
     <span class='ocr_line' id='line_1_124' title="bbox 2024 5513 2415 5570; baseline -0.013 -1"><span class='ocrx_word' id='word_1_965' title='bbox 2024 5525 2182 5570; x_wconf 88' lang='lat' dir='ltr'><strong>antea</strong></span> <span class='ocrx_word' id='word_1_966' title='bbox 2214 5513 2415 5568; x_wconf 89' lang='lat' dir='ltr'><strong>editis..</strong></span> 
     </span>
    </p>
   </div>
   <div class='ocr_carea' id='block_1_120' title="bbox 2097 5578 3580 5656">
    <p class='ocr_par' dir='ltr' id='par_1_120' title="bbox 2097 5578 3580 5656">
     <span class='ocr_line' id='line_1_125' title="bbox 2097 5578 3580 5656; baseline -0.001 -18"><span class='ocrx_word' id='word_1_967' title='bbox 2097 5585 2172 5656; x_wconf 76' lang='lat'><strong>(2)</strong></span> <span class='ocrx_word' id='word_1_968' title='bbox 2207 5583 2348 5656; x_wconf 79' lang='lat' dir='ltr'><strong>Editi</strong></span> <span class='ocrx_word' id='word_1_969' title='bbox 2378 5582 2642 5656; x_wconf 90' lang='lat' dir='ltr'><strong>plerique,</strong></span> <span class='ocrx_word' id='word_1_970' title='bbox 2680 5601 2700 5637; x_wconf 86' lang='grc' dir='ltr'><strong>ι</strong></span> <span class='ocrx_word' id='word_1_971' title='bbox 2726 5590 2786 5639; x_wconf 86' lang='grc' dir='ltr'><strong>ιιι</strong></span> <span class='ocrx_word' id='word_1_972' title='bbox 2831 5579 2902 5638; x_wconf 90' lang='lat' dir='ltr'><strong>ad</strong></span> <span class='ocrx_word' id='word_1_973' title='bbox 2942 5579 3358 5639; x_wconf 85' lang='lat' dir='ltr'><strong>similitudinem</strong></span> <span class='ocrx_word' id='word_1_974' title='bbox 3404 5578 3580 5638; x_wconf 87' lang='lat' dir='ltr'><strong>mortis</strong></span> 
     </span>
    </p>
   </div>
   <div class='ocr_carea' id='block_1_121' title="bbox 2026 5653 2458 5730">
    <p class='ocr_par' dir='ltr' id='par_1_121' title="bbox 2026 5653 2458 5730">
     <span class='ocr_line' id='line_1_126' title="bbox 2026 5653 2458 5730; baseline -0.009 -19"><span class='ocrx_word' id='word_1_975' title='bbox 2026 5653 2269 5730; x_wconf 55' lang='lat' dir='ltr'><strong>ejus&#39;hoc</strong></span> <span class='ocrx_word' id='word_1_976' title='bbox 2297 5653 2409 5708; x_wconf 85' lang='lat' dir='ltr'><strong>ﬁat.</strong></span> <span class='ocrx_word' id='word_1_977' title='bbox 2438 5673 2458 5707; x_wconf 78' lang='grc' dir='ltr'><strong>ι</strong></span> 
     </span>
    </p>
   </div>
  </div>
