3692 6138
60 257 135 315 10
147 259 218 312 15

1058 270 1408 332 COMMENT.
1446 275 1511 330 IN
1541 277 1756 334 EPIST.
1785 281 1877 336 AD
1905 283 2068 339 ROM.
2110 286 2234 340 LIB.
2280 286 2339 341 V.

3175 305 3321 359 10W

63 377 156 431 lus
187 377 393 492 doce:
423 396 443 430 ι
474 379 649 436 Filioli
684 381 783 454 (ὅ),
821 387 1058 442 nondum
1088 391 1294 449 scimus
1321 396 1448 464 quid
1482 396 1645 454 futuri
1676 411 1723 467 Α
1751 405 1891 459 mitti
1933 415 2132 475 potest,
2174 409 2242 462 de
2271 418 2500 478 utroque
2528 411 2654 479 quid
2681 413 2837 468 nobis
2867 416 3116 474 videatur
3135 437 3307 492 expo-

63 483 286 525 sumus.
323 471 380 525 Si
418 484 597 528 autem
626 478 892 534 revelatus
926 483 1081 538 nobis
1125 485 1310 554 fuerit,
1337 489 1540 546 similes
1568 492 1645 547 illi

63 565 281 618 erimus
303 566 369 618 ⁸⁸.
408 583 430 618 ι
463 567 544 646 Et.
564 570 758 624 iterum
791 572 905 642 ipse
937 574 1184 634 Salvator
1208 581 1403 636 dicit"o
1439 602 1454 640 :
1489 603 1509 637 ι
1542 586 1644 642 Pa-

67 667 178 720 ter,
213 657 337 712 volo
373 667 431 712 ut
462 661 551 714 ubi
580 675 681 730 ego
717 678 858 731 sum,
882 673 936 721 et
966 670 1053 722 isti
1085 671 1194 726 sint
1223 690 1429 730 mecum
1451 679 1524 748 (4)
1561 697 1576 740 :
1617 699 1638 734 ι

63 759 122 804 et
151 753 353 804 iterum
385 770 397 806 :
430 771 450 803 ι
483 753 636 808 Sicut
670 771 769 822 ego
800 757 854 811 in
890 769 960 828 te,
986 772 1039 817 et
1067 774 1120 818 tu
1154 766 1208 820 in
1247 783 1353 833 me,
1387 781 1445 824 ut
1474 782 1526 827 et
1552 775 1640 830 isti

64 843 118 896 in
159 844 322 900 nobis
350 861 513 898 unum
545 847 742 902 sint“.
776 869 794 900 ι
831 851 983 918 Quod
1027 857 1216 925 utique
1246 860 1310 914 de
1355 862 1462 917 illis
1487 865 1637 933 dicit,

61 938 160 1001 qui
206 938 261 990 in
299 941 552 1006 praesenti
599 942 707 995 vita
758 947 1108 1015 complantati
1151 951 1356 1008 fuerint
1385 956 1640 1013 similitu-

60 1025 182 1081 dini
215 1029 407 1084 mortis
435 1029 572 1097 ejus.
612 1032 749 1086 Puto
781 1045 961 1090 autem
994 1043 1136 1107 quod
1164 1056 1317 1110 grate
1344 1049 1448 1103 hoc
1489 1064 1542 1104 et
1573 1052 1638 1106 de

64 1121 157 1174 illo
187 1121 406 1177 latrone
435 1125 542 1180 dici
573 1129 768 1194 possit,
801 1131 889 1196 qui
925 1132 1086 1186 simul
1118 1134 1169 1188 in
1198 1152 1362 1196 cruce
1387 1147 1639 1214 pependit

59 1230 184 1265 cum
231 1212 361 1270 Jesu
402 1231 418 1280 ;
469 1225 517 1271 et
572 1234 670 1286 per
719 1220 1111 1278 confessionem
1155 1241 1306 1282 suam
1341 1212 1632 1306 quavdixit,

64 1322 84 1358 ι
127 1305 407 1362 Memento
436 1309 563 1373 mei,
611 1309 857 1378 Domine,
891 1329 1010 1368 cum
1043 1321 1256 1376 veneris
1305 1322 1358 1377 in
1410 1341 1632 1396 regnum

61 1410 215 1452 tuum
250 1400 319 1466 ⁷³,
355 1419 375 1452 ι
409 1410 463 1456 et
487 1401 650 1454 alium
682 1403 1144 1472 blasphemantem
1173 1416 1459 1485 corripuit,
1488 1434 1638 1474 com-

57 1492 302 1562 plautari
334 1508 433 1561 per
469 1493 585 1548 hrec
621 1496 773 1551 visus
794 1500 866 1552 sit
893 1501 1231 1560 similitudini
1263 1509 1453 1564 mortis
1483 1511 1630 1581 ejus:

56 1584 151 1636 sed
180 1593 238 1636 et
265 1585 657 1640 resurrectioni
688 1586 805 1655 ejus
841 1593 1240 1661 complantatus
1292 1597 1363 1652 sit
1398 1615 1492 1669 per
1532 1604 1634 1658 hoc

57 1675 201 1744 quod
261 1677 311 1730 ei
365 1677 615 1731 dicitur:
663 1698 682 1730 ι
728 1678 896 1736 Hodie
942 1697 1154 1740 mecum
1204 1690 1312 1743 eris
1359 1690 1410 1744 in
1471 1709 1632 1764 para-

1749 512 1959 555 nemus.
2002 500 2210 554 Etenim
2241 517 2284 557 st
2318 501 2590 572 proprium
2626 519 2823 575 corpus
2866 525 3133 577 ponamus
3185 531 3306 571 esse

1746 590 1977 658 peccati,
2020 591 2290 648 videbitur
2317 595 2457 663 quod
2485 595 2627 649 sicut
2655 598 2721 652 de
2761 600 2844 654 his
2875 603 2969 671 qui
3017 605 3073 659 in
3105 621 3304 662 novum

1748 680 2018 735 hominem
2054 687 2288 754 reparati
2317 695 2444 741 sunt
2474 687 2676 744 dictum
2708 701 2814 757 est,
2839 694 2962 760 quia
3003 712 3024 746 ρ
3046 713 3144 754 vos
3172 702 3302 756 estis

1745 785 1941 839 corpus
1975 773 2198 840 Christi,
2228 787 2283 832 et
2315 783 2552 836 membra
2578 797 2642 838 ex
2668 793 2821 852 parte
2842 785 2889 817 ⁷⁸
2936 786 3041 859 (8),
3085 807 3105 841 ι
3144 791 3216 844 ita
3249 801 3305 846 et

1744 863 1807 915 de
1839 864 1921 919 his
1944 866 2037 934 qui
2070 877 2306 922 veterem
2333 871 2602 928 hominem
2628 875 2862 930 nondum
2886 880 3300 946 cruciﬁxerunt,

1743 957 1848 1009 dici
1885 972 2045 1024 posse
2083 962 2227 1028 quod
2256 961 2365 1016 sint
2390 979 2589 1033 corpus
2607 968 2814 1034 peccati
2845 979 2897 1022 et
2923 972 3184 1037 membra,
3214 989 3305 1028 cu-

1736 1049 1824 1118 jus
1864 1052 2106 1121 corporis
2151 1053 2226 1124 (9)
2257 1066 2418 1124 caput
2467 1061 2540 1114 sit
2583 1060 2848 1126 diabolus,
2882 1063 3024 1118 sicut
3051 1063 3301 1122 Christus

1740 1151 1896 1207 Caput
1938 1151 2021 1196 est
2059 1146 2305 1214 corporis
2347 1146 2600 1205 Ecclesia.-
2655 1165 2760 1206 non
2815 1151 3065 1208 habentis
3112 1169 3300 1209 macu-

1739 1231 1846 1284 lam
1867 1242 1960 1287 aut
1984 1248 2167 1304 rugam
2196 1237 2260 1290 ’9.
2284 1237 2516 1294 POSSuut
2541 1251 2716 1295 autem
2743 1243 2984 1297 membra
3011 1259 3074 1298 ex
3106 1247 3303 1315 quibus

1739 1337 1937 1390 corpus
1968 1325 2110 1378 istud
2154 1331 2362 1395 peccati
2419 1341 2654 1396 constat,
2709 1334 2798 1388 illa
2856 1337 3025 1391 videri
3059 1354 3179 1408 quae
3207 1355 3302 1394 su-

1739 1414 1920 1481 perius
1968 1414 2128 1487 565
2175 1425 2513 1476 enumeravit
2554 1422 2666 1495 (l0)
2725 1426 3014 1494 Aposmlus
3059 1429 3299 1485 membra

1735 1517 1853 1557 esse
1901 1519 2061 1574 super
2109 1516 2344 1574 terram,
2377 1511 2426 1566 id
2456 1521 2538 1567 est
2562 1513 2994 1585 lornicationem,
3056 1520 3293 1576 immun-

1737 1593 1963 1660 ditiam,
2013 1598 2403 1669 impudicitiam
2432 1643 2447 1667 ,
2499 1606 2823 1672 avaritiam,
2871 1613 3287 1674 contentiones.

1737 1687 1894 1754 iram,
1952 1689 2121 1755 dolos,
2169 1695 2338 1758 rixas,
2391 1695 2781 1760 dissensiones,
2840 1699 3098 1768 luereses,
3155 1704 3302 1760 invi--

57 1770 174 1823 diso
198 1769 267 1822 ⁷³.
303 1786 324 1820 ι
361 1770 526 1840 Digna
556 1787 791 1842 namque
841 1786 960 1828 erat
988 1777 1170 1846 planta
1205 1757 1626 1856 paradisipquae
1663 1757 1704 1811 Β
1732 1781 1902 1847 diam,
1935 1787 2354 1842 comessationes
2376 1789 2444 1855 ⁸ο,
2491 1799 2545 1845 et
2582 1791 2667 1846 his
2714 1792 2909 1846 similia
2946 1810 3050 1851 :ex
3090 1798 3289 1867 quibus

57 1862 240 1916 arbori
276 1863 406 1916 vitae
437 1865 643 1917 sociata
671 1874 771 1919 est.
810 1865 1103 1936 Propterea
1136 1885 1265 1941 ergo
1296 1879 1440 1944 quod
1475 1878 1627 1934 dixe-

58 1965 136 2006 rat
166 1956 462 2023 Apostolus
488 1962 844 2028 complantari
885 1962 1230 2018 similitudini
1261 1969 1450 2024 mortis
1476 1970 1628 2026 Citri-

58 2046 146 2108 sﬁ,
178 2045 285 2098 alia
321 2059 508 2100 rursus
532 2047 701 2116 ﬁgura
733 2033 1111 2122 repetit(5),et
1133 2055 1262 2110 dicit
1289 2075 1302 2112 :
1334 2076 1354 2110 ι
1379 2061 1510 2125 Quia
1534 2076 1626 2115 ve-

61 2146 142 2190 tus
172 2137 340 2191 homo
364 2149 546 2191 noster
568 2139 729 2193 simul
757 2143 1048 2198 cruciﬁxus
1075 2155 1159 2200 est
1187 2148 1260 2210 ei,
1290 2159 1348 2202 ut
1381 2153 1624 2207 destrua-

59 2236 142 2282 tur
194 2244 396 2298 corpus
443 2231 649 2300 peccati
683 2229 747 2285 ⁷⁸.
782 2250 800 2282 ι
833 2231 890 2285 l-n
923 2237 1129 2304 multis,
1155 2247 1210 2292 et
1241 2255 1382 2310 sepe
1402 2243 1514 2312 jam
1542 2247 1624 2300 di-

58 2322 254 2385 ximus,
297 2324 426 2392 quid
457 2333 542 2377 est
570 2325 914 2396 concruciligi
951 2328 1173 2384 Christo
1208 2349 1222 2398 ;
1270 2347 1324 2388 et
1360 2336 1426 2390 de
1452 2339 1622 2393 veteri

57 2413 272 2468 homine
304 2431 447 2484 saepe
479 2419 831 2474 tractavimus
877 2436 893 2485 ;
945 2423 1089 2476 unde
1125 2422 1363 2480 breviter
1402 2431 1453 2482 iu
1487 2446 1623 2499 prie-

57 2508 189 2559 senti
221 2506 345 2562 loco
376 2518 618 2562 veterem
667 2510 948 2564 hominem
994 2513 1250 2582 dicimus,-
1297 2519 1386 2586 qui
1430 2535 1622 2577 secun-

59 2599 177 2651 dum
210 2600 385 2653 Adam
441 2600 573 2654 vixit
625 2603 1062 2671 prmvaricationi
1116 2609 1382 2665 obnoxius
1412 2624 1465 2665 et
1495 2629 1620 2682 pec-

58 2700 195 2758 cato,
226 2703 282 2747 et
323 2694 408 2746 cui
450 2694 730 2748 dominata
789 2707 869 2750 est
923 2713 1073 2752 morsa
1125 2703 1352 2769 peccati,
1401 2705 1467 2759 de
1515 2721 1622 2774 quo

65 2782 423 2853 chirographa
456 2787 663 2855 peccati
698 2789 871 2844 tenuit
902 2789 990 2845 ille
1018 2793 1109 2861 qui
1156 2792 1389 2849 habebat
1432 2798 1622 2854 mortis

63 2877 339 2946 imperium
368 2897 383 2934 :
415 2896 534 2950 qua:
557 2883 681 2951 quia
715 2885 964 2939 Christus
1003 2873 1268 2955 sanguine
1306 2903 1404 2942 suo
1437 2890 1620 2947 dolens

61 2972 201 3026 cruci
249 2987 364 3028 suae
395 2974 561 3029 aﬁixit
589 2977 656 3041 ⁷⁵,
697 2981 859 3033 etiam
912 2993 1009 3032 nos
1043 2981 1335 3033 secundmn
1381 2992 1617 3038 veterem

65 3062 331 3118 hominem
368 3066 456 3134 qui
491 3067 1013 3134 peccato'obnoxius
1056 3069 1176 3134 fuit,
1219 3072 1464 3126 cruciﬁxi
1500 3090 1620 3129 esse

65 3158 358 3228 debemus,
394 3180 413 3212 ι
451 3171 513 3216 ut
557 3163 878 3218 destruatur
927 3179 1123 3235 corpus
1171 3169 1401 3236 peccati,
1453 3180 1506 3224 et
1541 3172 1620 3225 ul-

66 3259 140 3308 tra
165 3253 242 3324 (6)
278 3269 390 3310 non
427 3257 731 3311 serviamus
762 3269 984 3328 peccato
1019 3259 1085 3313 ⁷⁸.
1133 3277 1152 3312 ι
1207 3259 1622 3316 Observandum

66 3357 237 3402 autem
270 3359 405 3418 puto
435 3349 577 3418 quod
609 3349 898 3418 ApOstolus
927 3349 1018 3403 ubi
1063 3351 1196 3405 dicit
1235 3352 1618 3408 destruendum

64 3455 173 3495 esse
205 3422 470 3510 icon-pus,
506 3460 526 3494 ι
561 3443 714 3511 ponit
754 3460 774 3494 ‹
804 3444 1052 3513 peccati:
1095 3463 1123 3495 ι·
1171 3444 1256 3498 ιιὺί
1292 3455 1473 3501 autem
1512 3461 1618 3501 non

64 3533 186 3587 dicit
220 3534 637 3598 destruendum,
662 3549 769 3589 non
808 3553 827 3587 ι
853 3550 1052 3604 corpus
1079 3537 1312 3605 peccati,
1349 3554 1369 3588 ι
1404 3538 1496 3591 sed
1521 3552 1618 3592 nos

65 3624 199 3691 ipsos
234 3627 367 3681 dicit
399 3641 521 3680 esse
556 3626 653 3696 qui
684 3640 791 3679 non
825 3627 1128 3679 serviamus
1157 3635 1404 3692 peccato,
1441 3637 1498 3678 ut
1533 3641 1619 3680 os-

65 3719 233 3773 tendat
265 3719 392 3788 quia
442 3721 486 3775 si
540 3720 874 3774 destructum
932 3717 1104 3772 fuerit
1149 3733 1345 3786 corpus
1383 3717 1616 3785 peccati,

57 3809 159 3878 jam
190 3826 286 3867 nos
320 3827 428 3866 non
455 3813 759 3867 serviamus
785 3818 1037 3880 peccato,
1073 3809 1160 3864 cui
1199 3808 1407 3862 scilicet
1448 3808 1620 3862 servi-

63 3903 228 3960 vimus
274 3907 447 3962 donec
499 3905 551 3959 in
601 3905 758 3960 nobis
798 3918 904 3958 non
953 3910 1072 3958 erat
1118 3901 1473 3966 destructum,
1518 3916 1616 3955 nec

62 4005 207 4048 erant
233 3996 563 4051 mortiﬁcata
606 3997 849 4050 membra
905 4007 1095 4050 nostra
1137 4009 1258 4063 qua:
1299 4003 1425 4046 sunt
1457 4007 1617 4063 super

63 4095 251 4142 terram
295 4089 363 4141 ⁷⁷.
407 4087 512 4143 Sed
553 4088 863 4158 diligentius
913 4089 1089 4143 adhuc
1131 4086 1486 4156 repetendum
1532 4096 1618 4142 est

63 4183 316 4245 quomodo
342 4181 544 4236 dixerit
573 4200 593 4232 ι
627 4196 824 4250 corpus
849 4179 1079 4250 peccati.
1116 4197 1136 4232 ι
1172 4176 1233 4232 ln
1273 4192 1388 4247 quo
1420 4177 1612 4247 duplex

62 4268 169 4325 dari
203 4273 415 4329 videtur
459 4273 792 4338 intellectus,
836 4274 921 4328 vel
958 4274 1089 4342 quia
1121 4281 1370 4326 nostrum
1415 4286 1614 4341 corpus

63 4362 255 4427 peccati
284 4377 408 4417 esse
440 4362 638 4416 dixerit
676 4377 874 4432 corpus
904 4361 982 4431 (7)
1021 4379 1037 4429 ;
1087 4360 1172 4414 vel
1220 4360 1346 4430 quia
1397 4362 1608 4430 peccati

1649 3117 1690 3174 C

1733 1874 1986 1929 omnibus
2030 1877 2288 1933 membris
2342 1879 2501 1948 digne
2551 1882 2764 1937 dicatur
2793 1901 2991 1956 corpus
3040 1898 3296 1944 constare

1730 1967 1965 2032 peccati,
1999 1977 2054 2023 et
2102 1969 2202 2024 hoc
2233 1984 2432 2040 corpus
2459 1983 2613 2027 vetus
2657 1974 2820 2030 homo
2856 1979 2964 2050 (Η)
3007 1982 3291 2050 appellari.

1732 2059 1884 2124 Quod
1916 2060 1962 2113 si
1990 2060 2110 2129 quis
2148 2076 2246 2130 per
2288 2077 2505 2117 crucem
2532 2064 2734 2121 Christi
2773 2069 3013 2124 destruat
3049 2072 3202 2139 (12),
3237 2085 3291 2126 et

1733 2151 1784 2204 in
1817 2167 2012 2205 novum
2041 2153 2311 2206 hominem
2341 2155 2432 2224 qui
2453 2158 2747 2211 secundum
2779 2160 2940 2213 Deum
2971 2173 3190 2217 creatus
3211 2173 3295 2218 est

1729 2257 2094 2300 commutetur
2119 2245 2188 2311 ⁸³,
2217 2246 2355 2300 ultra
2417 2263 2521 2302 non
2556 2249 2767 2304 dicetur
2799 2253 3006 2308 servi-re
3043 2263 3288 2324 peccato,

1729 2337 1814 2390 cui
1839 2339 1960 2391 sine
1991 2338 2156 2392 dubio
2190 2339 2360 2392 servit
2395 2340 2566 2394 donec
2601 2341 2760 2397 alicui
2811 2344 3006 2399 horum
3047 2347 3293 2416 subjacet

1729 2442 1848 2497 qua:
1892 2443 2056 2498 supra
2106 2432 2459 2499 exposui-mus
2507 2436 2752 2488 membra
2806 2449 2926 2489 esse
2959 2437 3195 2504 peccati.
3233 2438 3295 2491 Si

1729 2533 1860 2573 vero
1895 2521 2064 2589 magis
2112 2521 2212 2576 hoc
2251 2536 2450 2592 corpus
2499 2534 2741 2578 nostrum
2775 2526 2977 2583 dixisse
3013 2528 3287 2599 intelliga-

1730 2620 1818 2663 tur
1843 2611 2129 2679 Apostolus
2161 2627 2354 2680 corpus
2383 2617 2614 2683 peccati,
2649 2619 2940 2673 secundum
2975 2619 3121 2673 illam
3162 2636 3286 2690 pro-

1728 2702 1870 2756 l'ecto
1918 2703 2219 2771 accipietur
2269 2706 2717 2776 intelligentiam,
2749 2725 2851 2779 qua
2905 2723 2960 2765 et
3003 2713 3169 2766 David
3222 2715 3290 2768 de

1726 2797 2016 2864 semetipso
2056 2795 2207 2859 dicit,
2245 2799 2370 2865 quia
2422 2815 2438 2846 ι
2472 2798 2523 2850 in
2575 2799 2953 2868 iniquitatibus
2994 2812 3294 2872 conceptus

1726 2903 1867 2952 sum,
1901 2897 1954 2943 et
1986 2889 2035 2941 in
2064 2891 2301 2958 peccatis
2330 2893 2574 2960 concepit
2600 2908 2684 2947 me
2712 2902 2882 2948 mater
2901 2910 3015 2948 mea
3037 2894 3103 2948 ⁸³.
3130 2913 3148 2946 ι
3179 2893 3295 2951 δοκι.

1724 2989 1780 3034 et
1812 2981 1924 3050 ipse
1949 2982 2237 3050 Apostolus
2267 2983 2319 3034 in
2353 2985 2476 3039 aliis
2498 2987 2626 3039 dicit
2659 3004 2672 3040 :
2705 3005 2724 3038 ι
2751 2986 2882 3052 Quis
2921 3001 3006 3042 me
3035 2987 3288 3042 liberabit

1725 3072 1791 3125 de
1838 3087 2066 3141 corpore
2115 3077 2308 3129 mortis
2361 3077 2523 3146 hujus
2543 3079 2624 3132 ⁸³2
2657 3098 2675 3131 ι
2713 3087 2766 3132 et
2814 3081 3011 3133 iterum
3044 3097 3286 3151 «corpus

1725 3163 2050 3218 humilitatis
2071 3183 2092 3217 ι
2128 3167 2370 3220 nominat
2405 3183 2603 3238 corpus
2637 3179 2880 3225 nostrum
2897 3169 2962 3224 “.
2995 3171 3098 3226 Sed
3134 3182 3188 3226 et
3219 3175 3296 3227 de

1725 3253 2006 3310 Satvatore
2031 3257 2260 3324 quodam
2294 3259 2414 3315 loco
2447 3261 2593 3326 dicit,
2624 3263 2750 3331 quin
2778 3263 2986 3317 venerit
3011 3280 3029 3312 r
3056 3265 3109 3316 in
3131 3264 3287 3317 simi-

1724 3345 2003 3400 litudinem
2031 3351 2211 3403 carnis
2236 3352 2463 3419 peccati,
2492 3369 2512 3403 ι
2552 3360 2611 3404 ιιι
2651 3371 2669 3404 ι
2697 3355 2762 3408 de
2808 3365 3032 3424 peccato
3058 3375 3076 3407 ι
3127 3357 3284 3411 dam-

1722 3446 1878 3490 naret
1908 3456 1927 3489 r
1950 3450 2230 3506 peccatum
2255 3443 2308 3496 in
2325 3457 2489 3499 carne
2513 3445 2580 3499 ⁸⁵.
2607 3463 2628 3498 ι
2663 3445 2720 3499 in
2745 3460 2852 3514 quo
2882 3447 3117 3501 ostendit
3139 3448 3283 3517 quod

1721 3539 1904 3584 nostra
1940 3532 2156 3599 quidem
2192 3549 2324 3590 caro
2350 3537 2552 3606 peccati
2587 3538 2660 3593 sit
2686 3554 2837 3604 caro,
2869 3538 3068 3594 Christi
3102 3550 3281 3595 autem

1721 3636 1854 3676 caro
1886 3623 2082 3680 similis
2101 3627 2174 3680 sit
2201 3629 2351 3682 carni
2383 3633 2614 3698 peccati.
2650 3630 2765 3685 Non
2793 3631 2942 3686 enim
2969 3647 3036 3687 ex
3076 3635 3284 3688 semine

1719 3718 1821 3771 viri
1855 3728 2119 3789 concepta
2155 3731 2263 3788 est,
2302 3725 2395 3778 sed
2418 3723 2656 3793 Spiritus
2685 3735 2905 3780 sanctus
2931 3727 3079 3780 venit
3116 3743 3283 3797 super

1720 3809 1966 3877 Mariam,
1990 3823 2044 3866 et
2066 3815 2236 3869 virtus
2269 3816 2528 3870 Altissimi
2562 3817 2908 3873 obumbravit
2941 3818 3012 3884 ei,
3045 3828 3101 3871 ut
3135 3821 3288 3889 quod
3342 3878 3347 3886 ,

1719 3903 2049 3957 nascebatur
2086 3919 2152 3958 ex
2185 3921 2275 3972 ea,
2315 3906 2485 3961 Filius
2520 3918 2807 3963 vocaretur
2857 3909 3068 3965 Excelsi
3091 3910 3156 3965 ⁸⁸.
3185 3910 3279 3965 Sic

1717 4009 1846 4064 ergo
1892 3995 2094 4052 Paulus
2143 4014 2239 4068 per
2279 3999 2604 4055 ineffabilem
2664 4003 2754 4057 Dei
2792 4003 3135 4074 sapientiam,
3159 4021 3290 4074 qua}
3381 4047 3384 4051 .

1716 4089 1841 4142 data
1891 4099 1975 4144 est
2003 4091 2073 4155 ei,
2103 4107 2354 4146 arcanum
2395 4095 2580 4149 nescio
2611 4095 2736 4165 quid
2764 4097 2975 4153 intuens
3006 4108 3062 4152 et
3092 4113 3290 4152 recon-n

1717 4182 1909 4248 ditum,
1933 4197 2127 4253 corpus
2161 4195 2403 4241 nostrum
2428 4203 2655 4259 «corpus
2676 4191 2932 4258 peccati,»
2959 4201 3012 4245 et
3038 4211 3057 4243 ‹
3085 4208 3291 4263 corpus

1719 4275 1926 4341 mortis,
1957 4291 1976 4327 ι
2015 4285 2068 4330 et
2106 4295 2124 4328 ι
2149 4290 2347 4347 corpus
2393 4280 2718 4335 humilitatis
2743 4301 2762 4334 ι
2799 4283 3054 4353 appellat.
3089 4283 3197 4339 Sed
3227 4297 3281 4341 et

1719 4363 1883 4417 David
1910 4367 1975 4419 de
2008 4367 2198 4421 eodem
2226 4369 2432 4439 Spiritu
2467 4382 2796 4428 secretorum
2816 4376 3116 4431 ctelestium
3145 4394 3282 4448 gua-

63 4449 221 4519 ipsius
263 4456 413 4510 dicat
454 4470 576 4511 esse
631 4455 912 4525 proprium
953 4452 1168 4522 aliquod
1213 4467 1436 4522 corpus,
1467 4454 1608 4521 quod
1645 4457 1694 4511 D
1721 4470 1809 4509 rus
1843 4456 2058 4512 dicebat
2095 4458 2162 4513 de
2201 4475 2471 4532 corpore:
2503 4463 2612 4518 «Et
2654 4467 2708 4518 in
2757 4467 3036 4537 pulverem
3088 4471 3279 4526 mortis

65 4538 441 4602 destruendum
475 4547 546 4602 sit
590 4547 674 4601 his
720 4547 812 4616 qui
863 4559 970 4599 non
1003 4545 1200 4598 debent
1228 4543 1365 4597 ultra
1409 4546 1611 4598 servire

65 4643 290 4698 peccato.
328 4637 466 4707 Quia
501 4653 631 4707 ergo
662 4648 894 4693 uteruue
925 4651 1116 4690 sensus
1147 4635 1199 4688 in
1233 4634 1333 4688 hoc
1367 4634 1490 4690 loco
1515 4637 1609 4689 ad-

162 4771 202 4804 "
229 4773 248 4827 1
278 4774 433 4829 Joan.
461 4791 542 4838 ιιι,
571 4776 626 4828 2.
738 4775 783 4805 ⁷ο
813 4773 968 4827 Joan.
1001 4789 1129 4835 xvn,
1153 4771 1243 4824 24.
1350 4771 1392 4801 ⁷⁸
1421 4769 1548 4823 ibid.
1576 4775 1664 4827 21.

65 4837 106 4868 ’⁸
129 4839 326 4899 Coloss.
364 4861 422 4904 Il.
456 4837 545 4900 M.

67 4906 260 4984 Eoloss.
288 4930 369 4978 ιιι,
411 4917 465 4971 5.
565 4918 608 4949 ⁸¹
646 4917 842 4984 Ephes.
884 4906 959 4977 iv,
983 4915 1125 4984 24η
1160 4911 1384 4984 _"Psal.
1425 4927 1476 4974 ι,
1507 4912 1560 4984 7.

67 4976 111 5008 ⁸⁸
129 4980 254 5039 Luc.
279 5002 322 5051 ι,
359 4976 451 5042 55.
528 4988 571 5018 ⁸⁷
607 4976 750 5042 Psal.
781 5001 896 5050 ut,
930 4987 1014 5040 l6.
1089 4983 1133 5014 ³⁸
1155 4981 1299 5037 Psat.
1334 4997 1486 5045 xuii,
1519 4983 1608 5038 25.

134 5100 204 5169 (3)
231 5104 401 5172 Alias,
437 5123 459 5156 ι
485 5106 625 5172 Quid
656 5114 738 5159 est
773 5114 951 5158 autem
993 5099 1336 5172 similitudini
1371 5114 1615 5156 resurre~

69 5169 247 5244 ctionis
264 5169 391 5244 ejus
414 5169 536 5232 esse
567 5177 963 5244 complantatos
993 5173 1019 5225 ’ἒ
1067 5171 1307 5227 Joannes
1338 5173 1612 5239 apostolus

73 5238 717 5326 ιιίιξιιιὶεηεῑιίοιίηειυς,
791 5315 838 5326 __
922 5325 929 5326 ί
1342 5238 1387 5326 ί

133 5311 204 5381 (4)
226 5314 314 5369 Sic
346 5310 474 5371 mss.
505 5329 559 5372 et
588 5316 742 5370 editi.
791 5315 889 5372 Ms.
919 5325 1101 5368 tamen
1135 5310 1384 5382 quidam,
1425 5329 1449 5363 ι
1497 5313 1608 5371 illic

73 5378 484 5466 sitlf‘uminister
517 5402 690 5450 meus.
725 5405 742 5438 ³
780 5387 940 5466 mille-
1017 5454 1027 5465 .
1151 5378 1169 5382 '
1403 5460 1414 5466 ι
1501 5454 1533 5466 ··

135 5449 202 5522 (5)
231 5453 303 5508 Ita
336 5466 478 5510 recte
508 5473 636 5511 mss.
663 5449 818 5510 unus.
838 5454 1029 5510 Caeteri
1051 5467 1181 5509 vero
1211 5467 1344 5510 mss.
1367 5460 1419 5507 et
1448 5454 1599 5522 editi,

79 5531 96 5566 '
124 5521 492 5597 ﬁljamhrursus
525 5527 751 5597 ﬁguram
792 5531 1006 5594 repetit.
1033 5544 1051 5575 ι

137 5589 392 5667 (6)Aiias,
431 5613 450 5647 ι
476 5589 638 5652 etiam
673 5613 771 5651 nos
802 5589 894 5667 qui
930 5606 1155 5665 peccato
1179 5604 1476 5658 secundum
1512 5614 1605 5653 ve-

80 5665 229 5715 terem
252 5664 518 5772 homin'em
546 5669 764 5724 obnoxii
791 5664 1008 5736 titinius,
1038 5673 1281 5729 cruciﬁxi
1309 5689 1430 5732 esse
1447 5673 1607 5730 debe-

80 5741 198 5772 inus
304 5747 357 5772 nl
389 5753 420 5772 ιι
448 5747 524 5772 tm
585 5757 602 5772 ι

80 5741 270 5791 mus....
304 5747 360 5790 ut
389 5741 547 5793 ultra.
583 5757 611 5792 ι

738 4775 783 4805 ⁷ο
813 4773 968 4827 Joan.
1001 4789 1129 4835 xvn,
1153 4771 1243 4824 24.

622 4845 666 4876 ⁷⁸
693 4847 844 4898 Rom.
881 4860 951 4909 γι,
985 4845 1038 4895 6.
1113 4843 1157 4873 ⁷⁷
1193 4841 1396 4894 (iuloss.
1443 4857 1522 4904 III,
1557 4844 1608 4895 5.
1685 4846 1728 4875 ⁷⁸
1754 4844 1778 4897 ι
1801 4850 1926 4902 Cor.
1958 4865 2054 4914 xu,
2091 4853 2179 4908 27.

646 4917 842 4976 Ephes.
884 4931 959 4976 tv,
983 4915 1072 4967 24.
1177 4911 1384 4966 ⁸²Ρεειι.
1425 4927 1476 4974 ι,
1507 4912 1560 4964 7.
1661 4916 1705 4947 ⁸³
1743 4917 1901 4972 Rom.
1940 4935 2029 4976 vn.
2058 4923 2147 4976 24.

1793 4935 1901 4972 οιιι.
1940 4935 2029 4989 vn,
2058 4935 2147 4980 24.

1711 5615 1863 5672 etc.;
1897 5605 1945 5660 al

1719 4546 1985 4602 deduxisti
2015 4550 2192 4618 me";
2217 4569 2238 4603 ι
2271 4562 2327 4606 et
2354 4554 2546 4608 iterum
2573 4570 2588 4607 :
2615 4573 2632 4606 ε
2660 4554 2948 4612 Humiliata
2977 4570 3059 4615 est
3081 4559 3134 4615 in
3162 4561 3283 4630 pul-

1719 4647 1844 4692 vere
1897 4643 2077 4695 auima
2125 4645 2393 4700 nostra“.
2425 4666 2442 4700 ι
2490 4647 2754 4704 Jeremias
2809 4664 3024 4721 quoque
3085 4653 3282 4709 similis

2431 4786 2476 4816 '"
2512 4786 2640 4840 ibid.
2670 4786 2756 4840 45.
2864 4787 2909 4819 ⁷⁵
2937 4787 3092 4844 Rom.
3125 4806 3198 4852 vr.
3221 4791 3280 4848 6.

2286 4855 2558 4929 Ias-Eph“,
2597 4872 2645 4922 ν,
2667 4857 2762 4929 27.
2818 4928 2826 4929 ί
2862 4857 2908 4889 ⁸⁰
2937 4859 3091 4916 Rom.
3121 4862 3287 4929 1.29;

2254 4923 2300 4956 8"
2326 4925 2518 4996 Philip.
2551 4942 2632 4991 ιιι,
2659 4927 2711 4979 2.
2813 4928 2860 4959 ⁸⁸
2888 4930 3044 4984 Rom.
3079 4948 3194 4998 VIII,
3222 4923 3278 4987 ὃ.

1769 4776 1812 4847 _'"
1841 4775 1970 4834 Luc.
2039 4797 2196 4847 xxnt,
2235 4782 2324 4836 42.

1796 5109 2082 5191 (7)__Alias,
2121 5133 2139 5165 ι
2162 5115 2244 5170 vel
2274 5117 2398 5191 quia
2429 5128 2901 5191 nostrumcorpus
2935 5121 3140 5189 peccati
3193 5121 3280 5191 ip-

1720 5182 2005 5260 siusudicat
2025 5199 2178 5260 esse,
2214 5182 2304 5238 vel
2335 5191 2611 5260 proprium
2641 5182 2860 5258 aliquod
2892 5182 3110 5260 corpus.
3143 5209 3163 5242 ι

1790 5252 1866 5323 (8)
1898 5253 2059 5320 Editi,
2095 5273 2114 5307 ε
2145 5271 2241 5310 vos
2273 5252 2404 5313 estis
2437 5252 2676 5315 membra
2711 5252 2936 5326 Christi,
2983 5252 3038 5315 et
3081 5275 3286 5330 corpus

1715 5335 1780 5374 ex
1823 5338 1882 5378 Da
1893 5332 1991 5378 rte.
2023 5343 2042 5376 ι

1786 5338 2171 5463 (dimices.
2203 5397 2360 5452 Deest
2384 5397 2435 5451 in
2463 5398 2614 5455 libris
2645 5411 2804 5456 antea
2838 5401 3023 5458 editis.

1779 5465 1888 5535 (i0)
1917 5463 2084 5530 Alias,
2117 5483 2137 5516 ί
2161 5471 2495 5522 memoravit.
2520 5487 2539 5520 ι

1781 5533 1894 5604 (ti)
1929 5535 2091 5611 Sditi,
2127 5555 2145 5587 ι
2166 5548 2220 5611 et
2248 5541 2349 5594 hoc
2373 5555 2572 5608 corpus
2600 5541 2805 5611 peccati
2841 5548 2997 5595 vetus
3041 5542 3226 5609 homo,
3249 5561 3272 5598 ο

1953 5619 2124 5680 2pret
2164 5610 2266 5680 hoc
2297 5625 2490 5678 corpus
2519 5610 2715 5666 veteris
2745 5611 3044 5680 hominis.)
3080 5625 3194 5674 etc.

1785 5677 1907 5748 (12).
1930 5677 2094 5745 Editi,
2129 5677 2503 5734 (destruatur.
2535 5699 2566 5732 ι
