3692 6138
424 279 562 332 1051

1907 263 2228 322 ORIGENIS

3499 255 3591 308 lilii

423 405 547 448 mus
598 389 963 446 destruendus
1013 388 1218 445 dicitur
1254 388 1510 444 inimicus
1532 390 1599 458 ",
1652 403 1797 443 nunc
1835 389 2000 443 etiam
2032 392 2078 448 Α
2107 383 2267 440 bebat
2294 381 2484 436 mortis
2506 374 2820 448 imperium,
2855 371 2912 426 id
2942 379 3030 425 est
3057 366 3588 436 diabolum,'utlibera-

423 480 601 536 locum
631 479 851 549 inferni,
878 480 931 534 ln
965 493 1074 548 quo
1103 480 1294 534 mortis
1320 481 1523 535 habere
1552 480 1837 550 imperium
1877 480 1997 534 dia-

431 573 588 628 bolus
615 572 834 637 dicitur,
877 572 1164 628 conﬁrmet
1211 572 1280 626 ab
1315 571 1572 640 Apostolo
1608 572 1895 627 nominari.
1933 570 2000 626 Et

424 666 516 721 hic
545 681 676 737 ergo
707 666 820 739 (36)
856 666 998 736 quod
1025 664 1102 718 ait
1136 682 1148 718 :
1185 683 1202 716 ι
1229 663 1375 720 Mors
1399 665 1448 720 ei
1484 665 1624 718 ultra
1672 680 1777 718 non
1821 663 1998 719 domi-

428 757 726 822 nabitur”,
753 775 772 809 ι
804 757 870 812 de
897 757 998 811 ista
1047 763 1223 810 morte
1261 757 1462 811 dictum
1495 754 1863 819 conﬁrmabit,
1891 769 1996 824 qua

424 850 786 905 communiter
811 857 1059 905 mortuus
1081 849 1323 904 creditur
1345 848 1620 904 Christus.
1646 848 1778 916 Quae
1813 858 1994 902 tamen

423 943 657 997 assertio
675 957 839 1012 quam
865 941 938 996 sit
955 941 1158 1006 valida,
1181 943 1371 1013 probet
1395 941 1485 1010 qui
1508 939 1658 1011 legit.
1685 940 1840 995 Alius
1864 955 1995 994 vero

424 1033 518 1101 qui
571 1033 976 1102 profundiorem
1020 1037 1071 1090 in
1125 1035 1212 1090 his
1244 1033 1400 1088 Pauli
1441 1049 1662 1089 sensum
1716 1035 1768 1087 in
1797 1034 1999 1087 virtute

427 1120 665 1192 Spiritus
694 1135 999 1192 contuetur,
1023 1127 1165 1182 dicet
1190 1128 1318 1196 quia
1345 1141 1495 1181 mors
1526 1125 1615 1181 hic
1637 1124 1772 1194 (37),
1795 1126 1862 1180 de
1890 1140 1995 1194 qua

422 1215 623 1272 dicitur
672 1219 815 1288 quod
866 1220 1008 1276 ultra
1053 1235 1161 1276 non
1211 1221 1584 1277 dominabitur
1627 1220 1871 1286 Christo,
1908 1221 1997 1276 ille

423 1305 540 1375 ipse
572 1308 950 1379 intelligendus
988 1320 1073 1365 est
1105 1312 1436 1368 novissimus
1473 1311 1760 1376 inimicus,
1801 1312 1893 1382 qui
1929 1313 1994 1366 li-

423 1413 613 1466 guram
657 1402 846 1457 habuit
890 1403 1002 1473 (58)
1054 1405 1157 1458 ceti
1191 1404 1337 1460 illius
1370 1405 1462 1475 qui
1507 1405 1869 1461 absorbuerat
1898 1404 1996 1462 Jo-

425 1505 574 1556 nam,
613 1493 678 1546 de
704 1509 812 1563 quo
843 1495 895 1548 in
924 1495 1026 1550 Job
1057 1498 1321 1566 scriptum
1354 1507 1483 1551 est:
1521 1515 1540 1548 ι
1571 1496 1675 1552 Sed
1705 1498 1997 1552 maledieat

425 1582 569 1637 illam
601 1586 690 1655 qui
711 1588 988 1642 maledixit
1007 1589 1152 1644 illam
1181 1591 1346 1655 diem,
1374 1591 1464 1646 ille
1485 1591 1575 1660 qui
1600 1608 1852 1662 magnum
1879 1592 1993 1661 (59')

423 1685 600 1730 cetum
646 1690 1024 1749 perempturus
1057 1683 1225 1738 est”.
1265 1702 1283 1734 ι
1313 1681 1368 1736 1η
1406 1699 1566 1754 quam
1603 1694 1831 1739 mortem
1875 1696 1993 1738 tan-

423 1783 583 1840 quam
605 1771 773 1828 Jonas
805 1774 915 1846 (40)
952 1776 1004 1829 ἱη
1036 1785 1280 1831 ventrem
1311 1751 1437 1832 ceti
1489 1778 1744 1833 Christus
1784 1778 1994 1847 ingres-
2028 1751 2070 1806 Β

423 1875 517 1915 sus
547 1875 651 1930 est,
690 1865 741 1920 in
782 1882 906 1922 eum
935 1868 1143 1922 scilicet
1176 1869 1351 1924 locum
1384 1886 1544 1940 quem
1583 1871 1830 1926 Salvator
1883 1872 1996 1941 ipse

423 1969 522 2010 cor
552 1965 710 2010 terrae
732 1959 1029 2014 nominavit
1056 1960 1120 2022 ’⁵,
1155 1959 1207 2014 in
1235 1976 1346 2030 quo
1371 1971 1480 2016 tres
1511 1964 1624 2016 dies
1649 1972 1704 2017 et
1735 1971 1845 2016 tres
1869 1979 1965 2018 no-

427 2055 543 2100 etes
568 2047 815 2116 exemplo
841 2045 994 2102 Jonze
1015 2049 1280 2103 facturum
1305 2050 1419 2120 (4|)
1448 2066 1567 2106 esse
1594 2051 1784 2106 Filium
1817 2053 1996 2107 homi-

423 2137 510 2188 nis
567 2137 719 2202 dicit,
756 2146 814 2191 ut
870 2153 966 2193 eos
1023 2140 1115 2210 qui
1172 2141 1305 2197 inibi
1351 2159 1380 2196 a
1420 2153 1592 2198 morte
1619 2144 1999 2199 detinebantur

424 2226 712 2281 eximeret.
749 2226 1040 2297 Propterea
1086 2231 1229 2286 enim
1273 2232 1504 2287 lormam
1541 2235 1686 2287 servi
1738 2249 1997 2304 suscepe-

425 2328 535 2382 rat,
562 2327 618 2372 ttt
653 2321 721 2373 ad
746 2323 918 2390 ipsum
950 2321 1148 2385 locum,
1179 2324 1267 2378 ubi
1311 2340 1459 2380 mors
1496 2341 1721 2396 regnum
1757 2329 1995 2392 tenebat,

422 2421 605 2479 posset
632 2412 862 2478 intrare,
896 2417 1193 2469 secundum
1218 2420 1362 2487 quod
1390 2427 1445 2472 et
1473 2419 1743 2488 Propheta
1777 2437 1841 2473 ex
1877 2435 1999 2490 per-

424 2513 558 2554 sona
583 2501 758 2570 ipsius
794 2504 966 2560 dicit:
1011 2525 1029 2558 ι
1060 2507 1126 2560 Ει
1155 2508 1441 2579 deputatus
1486 2525 1608 2576 sum
1638 2526 1760 2564 cum
1789 2511 1874 2564 his
1903 2511 1993 2577 qui

423 2588 760 2649 descendunt
793 2595 845 2650 in
883 2596 1058 2652 lacum
1088 2598 1170 2664 ¹³³;
1202 2617 1220 2650 ι
1260 2609 1317 2654 et
1352 2601 1547 2655 iterum
1581 2617 1597 2656 :
1634 2622 1652 2652 ι
1686 2601 1818 2668 Quae
1852 2603 1998 2656 utili-

425 2689 510 2735 tas
540 2682 592 2736 in
639 2687 905 2756 sanguine
956 2704 1102 2755 meo,
1135 2690 1259 2745 dum
1294 2691 1568 2747 descendo
1609 2694 1662 2747 in
1691 2696 1995 2765 corruptio-

423 2784 551 2824 nem
575 2773 657 2827 "?
683 2792 704 2826 ι
735 2775 887 2842 Quod
912 2787 971 2832 ut
1005 2781 1181 2834 adhuc
1211 2782 1422 2851 planius.
1459 2785 1879 2853 possitadverti,
1905 2789 1994 2842 tali

425 2858 629 2916 iterum
681 2867 1040 2925 similitudine
1074 2879 1311 2928 utemur.
1363 2875 1563 2945 Regem
1610 2893 1876 2946 ponamus
1903 2879 1993 2949 ju-

430 2965 576 3010 smm
605 2959 949 3027 etnobilem,
992 2964 1276 3019 adversum
1328 2967 1582 3036 injustum
1633 2969 1866 3041 aliquem
1913 2984 1994 3044 ty-

423 3061 653 3101 ranuum
687 3047 765 3103 ita
811 3050 1009 3106 bellum
1064 3069 1256 3122 gerere
1281 3054 1397 3127 (42)
1433 3058 1722 3127 volentem,
1757 3077 1828 3136 ne
1878 3064 1994 3118 vio-

423 3137 575 3194 lento
622 3142 873 3197 videatur
931 3155 1264 3215 cruentoque
1311 3148 1510 3205 vicisse
1551 3151 1829 3219 conﬂictu,
1863 3156 1990 3224 quia

425 3233 725 3289 militantes
754 3236 854 3291 sub
887 3246 1116 3308 tyranno
1149 3240 1230 3294 sui
1269 3251 1446 3306 erant,
1479 3258 1617 3313 quos
1665 3261 1771 3300 non
1805 3248 2000 3316 perde-

424 3340 506 3390 re,
539 3327 636 3381 sed
691 3328 924 3384 liberare
970 3332 1243 3401 cupiebat.
1284 3332 1524 3390 Consilio
1575 3336 1741 3406 igitur
1776 3339 1998 3396 meliore

425 3415 668 3473 habitum
696 3421 862 3475 sumit
886 3434 1073 3477 eorum
1098 3424 1210 3493 (45)
1233 3425 1322 3494 qui
1349 3427 1492 3494 apud
1515 3437 1798 3497 tyrannum
1817 3441 1993 3499 erant,

422 3517 480 3565 et
508 3511 690 3578 specie
710 3527 806 3582 per
829 3515 1009 3568 omnia
1031 3516 1089 3568 lit
1111 3515 1303 3572 similis
1326 3516 1604 3580 eis,douec
1631 3521 1732 3574 sub
1747 3522 1996 3578 domina-

426 3603 571 3658 tione
589 3607 794 3676 positus
818 3609 1030 3676 tyranni
1053 3623 1146 3665 eos
1167 3611 1386 3680 quidem
1411 3610 1522 3682 (44)
1545 3613 1636 3681 qui
1660 3613 1708 3666 ei
1729 3615 1996 3683 parebant

424 3698 680 3753 suaderet
705 3699 1023 3767 abscedere,
1054 3712 1110 3756 et
1132 3702 1201 3756 ad
1235 3716 1458 3773 regnum
1509 3703 1806 3772 legitimum
1839 3722 1997 3777 repeo

421 3789 578 3854 dare.
610 3791 786 3861 ipsum
831 3808 960 3849 vero
996 3793 1191 3850 fortem
1237 3806 1486 3867 tempore
1531 3807 1839 3868 Opportuna
1874 3800 1995 3854 alli-

424 3896 579 3952 garet
610 3885 748 3956 (45),
779 3893 835 3939 et
866 3894 1165 3955 potestates
1189 3885 1307 3955 ejus
1347 3903 1410 3942 ac
1454 3890 1794 3958 principatus
1827 3907 1996 3948 exue-

423 3986 529 4043 ret,
554 3987 611 4031 et
644 3978 886 4032 avulsam
939 3980 1310 4049 captivitatem
1339 3995 1460 4050 quae
1487 3983 1557 4036 ab
1583 3997 1650 4037 eo
1688 3985 1994 4050 tenebatur,

423 4070 788 4124 abstraheret.
819 4069 932 4125 lloc
969 4084 1099 4142 ergo
1129 4073 1289 4128 modo
1322 4073 1489 4127 etiam
1531 4072 1778 4129 Christus
1808 4076 1998 4131 volun-

425 4169 535 4216 tate
594 4161 809 4231 quidem
867 4181 889 4215 ι
927 4164 1230 4218 exinanivit
1276 4183 1296 4217 ι
1344 4177 1469 4220 tunc
1519 4183 1538 4218 ι
1574 4168 1991 4237 semetipsum,»

423 4264 480 4310 et
521 4273 541 4308 ι
575 4255 805 4310 fortnam
845 4258 986 4311 servi
1016 4277 1033 4310 ι
1077 4257 1307 4326 accepit,
1363 4274 1666 4328 passusque
1711 4269 1797 4314 est
1826 4259 1999 4314 domi-

422 4358 610 4405 natum
667 4353 904 4420 tyranni,
944 4369 964 4404 ι
995 4352 1167 4406 factus
1223 4352 1485 4408 obediens
1537 4369 1709 4423 usque
1753 4354 1820 4408 ad
1854 4369 1998 4409 mor-

2020 3103 2062 3158 C

2100 482 2180 530 ret
2206 472 2320 544 (46)
2353 485 2447 525 eos
2476 467 2568 538 qui
2604 464 2934 521 tenebantur
2957 476 2988 515 a
3021 468 3215 514 morte.
3246 459 3344 514 llic
3371 459 3492 512 enim
3512 463 3588 513 alli-

2098 575 2225 636 gato
2273 562 2436 625 forte,
2468 570 2522 615 et
2579 559 2634 612 in
2681 567 2844 610 cruce
2901 566 2999 606 sua
3045 551 3390 619 triumphato,
3417 556 3587 618 perrexit

2098 656 2262 711 etiam
2292 655 2342 709 in
2382 653 2600 708 domum
2629 649 2769 718 ejus,
2815 649 2868 703 in
2903 647 3122 701 domum
3171 643 3381 707 mortis,
3407 641 3455 696 in
3480 643 3587 695 infcr-

2103 766 2254 815 num,
2276 758 2332 804 et
2372 749 2497 803 inde
2529 761 2654 800 vasa
2675 743 2794 812 ejus
2815 739 3056 810 diripuit,
3086 739 3137 793 id
3169 746 3253 792 est
3275 736 3466 791 animas
3501 752 3586 804 quas

2100 846 2317 900 tenebat
2343 840 2631 896 abstraxit.
2661 839 2722 892 Et
2767 837 2871 890 hoc
2907 843 3028 888 erat
3058 831 3198 900 quod
3238 829 3354 899 ipse
3393 844 3472 897 per
3506 829 3588 881 arni-

2099 945 2274 1004 gmata
2303 933 2620 1003 loquebatur
2645 931 2696 984 in
2726 927 3016 998 Evangelio
3037 926 3222 980 dicens
3239 922 3286 954 ⁸⁸
3318 940 3332 976 :
3360 940 3378 973 ι
3405 920 3510 988 Quis
3528 937 3588 988 po-

2101 1037 2205 1084 test
2231 1027 2461 1082 introire
2484 1025 2537 1078 in
2566 1025 2786 1077 domum
2817 1019 2994 1084 fortis,
3026 1029 3080 1074 et
3104 1033 3228 1072 vasa
3253 1017 3377 1085 (ejus
3398 1016 3587 1084 diripere.

2098 1119 2201 1173 nisi
2227 1117 2392 1188 568
2413 1115 2562 1185 prius
2585 1113 2888 1184 alligaverit
2911 1109 3144 1165 fortem?
3167 1126 3185 1158 ι
3218 1105 3375 1160 Prius
3388 1119 3494 1173 ergo
3511 1121 3590 1158 eum

2099 1212 2340 1281 alligavit
2363 1211 2417 1264 in
2449 1222 2635 1272 cruce,
2655 1214 2709 1262 et
2742 1205 2822 1260 sic
2852 1205 3130 1274 ingressus
3163 1208 3249 1254 est
3273 1199 3470 1252 domum
3515 1200 3591 1266 ejus

2099 1301 2300 1373 (47),ἱά
2330 1299 2719 1363 estinlernutn,
2739 1307 2793 1352 et
2823 1297 2949 1350 inde
2976 1312 2994 1346 ι
3027 1292 3327 1347 ascendens
3362 1288 3463 1359 (48)
3486 1287 3525 1342 in
3546 1288 3592 1339 aL

2102 1405 2238 1461 tum,
2260 1393 2524 1463 captivam
2541 1392 2694 1447 duxit
2714 1387 3080 1458 captivitatem
3104 1384 3174 1448 ",
3194 1403 3212 1434 ι
3236 1397 3327 1436 eos
3344 1381 3518 1435 scilicet
3536 1381 3591 1446 qui

2100 1502 2225 1542 cum
2251 1487 2372 1556 ipso
2404 1491 2784 1546 surrexerunt,
2821 1491 2876 1535 et
2900 1477 3136 1549 ingressi
3165 1485 3293 1531 sunt
3322 1482 3523 1527 sanetam
3547 1473 3593 1523 ci-

2102 1580 2325 1634 vitatem
2347 1576 2653 1632 Jerusalem
2679 1574 2963 1630 etelestem
2985 1572 3052 1623 ³ο.
3093 1569 3248 1624 Unde
3277 1577 3416 1621 recte
3437 1566 3592 1633 Aposto-

2101 1672 2182 1726 lus
2232 1671 2288 1725 in
2345 1671 2597 1740 praesenti
2639 1667 2759 1720 loco
2790 1665 2923 1720 dicit
2950 1664 3021 1728 ³⁸,
3045 1661 3172 1733 quia
3208 1678 3227 1711 ι
3263 1673 3399 1713 mors
3428 1657 3469 1711 ei
3502 1655 3592 1708 ultr:

2101 1778 2204 1817 non
2240 1760 2632 1817 dominabitur.
2658 1777 2676 1810 ι
2713 1757 2828 1813 Non
2868 1756 3017 1811 enim
3052 1753 3201 1807 dabit
3233 1752 3372 1805 ultra
3409 1746 3594 1814 semetip-

2101 1869 2222 1909 Sum
2253 1853 2306 1906 in
2338 1851 2762 1907 dominationem
2798 1845 3034 1918 tyranni,
3060 1857 3236 1912 neque
3264 1844 3442 1896 iterum
3469 1839 3592 1892 etim.

2103 1948 2215 2000 niet
2244 1959 2304 1998 se
2337 1954 2401 1998 ut
2431 1943 2669 1997 formam
2714 1939 2856 1994 servi
2909 1939 3160 2006 accipiat,
3199 1943 3255 1989 et
3296 1931 3593 1986 tiatohcdieus

2100 2053 2274 2108 usque
2302 2039 2370 2092 ad
2399 2044 2667 2100 mortem;
2705 2048 2775 2086 ne
2805 2031 2920 2102 (49)
2948 2045 3161 2085 rursum
3202 2030 3256 2082 in
3304 2025 3459 2080 forma
3485 2021 3592 2084 serti,

2101 2132 2356 2204 quamvis
2393 2130 2674 2185 voluntate
2709 2138 2764 2181 et
2801 2141 2908 2179 non
2948 2123 3282 2179 necessitate
3316 2119 3508 2189 positus,
3532 2118 3591 2169 do-

2102 2225 2454 2278 minationem
2525 2231 2708 2274 tamen
2783 2215 3000 2287 tyranni
3061 2216 3357 2281 mortisque
3407 2211 3590 2279 patiatur.

2105 2320 2259 2376 Unde
2296 2319 2464 2371 miror
2497 2314 2756 2385 quosdam
2799 2321 2993 2367 (outra
3039 2311 3181 2364 hanc
3213 2306 3592 2364 evidentissitnam

2107 2410 2254 2464 Pauli
2291 2409 2617 2464 sententiam
2637 2405 2773 2459 velle
2793 2417 3064 2466 asserere,
3088 2403 3233 2470 quod
3261 2401 3311 2454 in
3345 2399 3511 2452 futuris
3533 2398 3592 2449 ιιι»-

2103 2519 2222 2557 rttm
2258 2500 2474 2558 saeculis
2505 2499 2586 2552 vel
2620 2497 2804 2550 eadem
2835 2493 2920 2548 vel
2975 2491 3168 2547 similia
3208 2491 3314 2561 pati
3349 2503 3531 2543 necesse
3551 2487 3592 2539 sit

2103 2597 2401 2662 Christum,
2433 2601 2490 2647 ut
2514 2589 2736 2645 liberari
2763 2587 2972 2656 possint
3001 2586 3164 2638 etiam
3193 2583 3250 2636 bi
3281 2597 3408 2652 quos
3435 2582 3479 2634 in
3505 2595 3591 2649 pre-

2107 2688 2247 2744 senti
2277 2687 2386 2741 vita
2419 2680 2842 2755 dispensationis
2875 2677 2992 2748 ejus
3036 2676 3308 2731 medicina
3339 2688 3502 2729 sanare
3528 2685 3589 2722 non

2102 2781 2301 2852 potuit.
2349 2779 2516 2832 Aiunt
2570 2775 2757 2828 eniin:
2815 2789 2834 2822 ι
2865 2768 3122 2839 Nunquid
3179 2776 3358 2837 potest
3407 2762 3590 2821 saeculum

2100 2889 2222 2930 esse
2252 2871 2466 2938 aliquod
2491 2869 2542 2922 in
2575 2866 2755 2921 futuro
2779 2865 2865 2919 ubi
2895 2877 3070 2933 neque
3093 2862 3221 2916 boni
3250 2858 3590 2928 aliquid,ucque

2101 2965 2225 3020 mali
2260 2976 2470 3034 agatur,
2498 2961 2593 3014 sed
2621 2965 2875 3028 stupeant
2899 2971 3006 3023 res,
3029 2964 3084 3008 ct
3114 2962 3368 3007 maneant
3396 2944 3588 3020 profunda

2099 3055 2351 3113 silentia?
2383 3073 2405 3105 ι
2441 3053 2748 3108 Absurdum
2809 3051 2912 3104 hoc
2949 3046 3118 3102 videri
3175 3052 3438 3100 asserunt.
3486 3037 3591 3092 Dabi-

2101 3167 2222 3206 mus
2256 3162 2387 3218 ergo
2443 3146 2526 3216 agi
2575 3144 2798 3214 aliquid.
2837 3161 2855 3194 ι
2880 3141 2946 3196 Et
2978 3141 3068 3195 ubi
3101 3149 3293 3211 agatur
3318 3136 3510 3206 aliquid,
3532 3147 3590 3186 ne-

2100 3257 2253 3298 cesse
2284 3249 2388 3307 est,
2419 3240 2590 3302 aiunt,
2625 3247 2684 3291 ut
2709 3235 2913 3304 aliquid
2937 3245 3104 3298 recte,
3132 3232 3336 3302 aliquid
3373 3230 3508 3284 etiam
3527 3225 3591 3278 uti-

2101 3348 2204 3389 nus
2248 3341 2396 3387 recte
2429 3339 2644 3399 agatur,
2676 3338 2731 3382 et
2764 3326 2818 3380 in
2855 3325 2973 3394 ipso
3009 3333 3130 3377 actu
3163 3323 3255 3376 alii
3287 3319 3544 3391 proﬁciant,
3562 3324 3594 3367 et

2099 3425 2354 3481 meliores
2382 3423 2535 3489 ﬁant,
2568 3420 2658 3476 alii
2688 3418 3008 3474 deteriores.
3045 3415 3303 3471 Libertas
3342 3413 3469 3469 enim
3490 3407 3591 3462 arbi-

2101 3520 2188 3574 trii
2211 3531 2428 3585 semper
2453 3523 2660 3569 natura:
2691 3511 3007 3567 rationabili
3034 3508 3403 3580 permanebit,
3432 3514 3476 3558 et
3500 3503 3594 3554 sicut

2099 3609 2352 3683 possibile
2384 3608 2484 3661 fuit
2515 3607 2678 3660 etiam
2718 3606 2866 3660 illum
2913 3606 3004 3676 qui
3034 3617 3131 3674 pro
3163 3599 3438 3671 splendore
3464 3593 3592 3664 gloria

2099 3702 2316 3759 Lucifer
2345 3711 2463 3755 erat
2486 3697 2622 3770 (50),
2645 3710 2699 3752 et
2747 3708 2971 3767 propter
3013 3695 3196 3749 lumen
3231 3691 3455 3748 scientia:
3489 3697 3595 3740 mane

2099 3797 2380 3853 oriebatur
2410 3794 2478 3858 ”,
2520 3793 2841 3846 commutari
2880 3790 2948 3844 de
2978 3787 3148 3860 gloria
3185 3801 3306 3849 sua,
3339 3794 3389 3837 et
3411 3780 3521 3872 edici
3546 3788 3594 3872 te

2102 3889 2301 3944 nebras
2324 3895 2548 3958 propter
2571 3884 2830 3938 malitiam
2855 3897 3017 3950 quam
3049 3879 3289 3947 recepit;
3317 3887 3369 3931 et
3393 3867 3513 3928 illum
3535 3867 3594 3939 qui

2102 3981 2205 4034 fuit
2232 3978 2618 4034 immaculatus
2650 3993 2678 4031 a
2714 3976 2997 4030 nativitate
3026 3990 3148 4040 sua,
3175 3982 3230 4027 et
3260 3965 3493 4025 habitarit
3513 3976 3592 4015 cum

2100 4072 2407 4136 cherubim,
2433 4080 2489 4126 et
2519 4071 2570 4124 iu
2599 4069 2777 4123 medio
2800 4068 3035 4138 lapidum
3065 4066 3344 4136 igneorum
3375 4067 3594 4116 conversa-

2103 4175 2188 4219 tus
2214 4173 2322 4229 est,
2354 4173 2408 4218 et
2430 4161 2653 4216 indutus
2676 4173 2759 4215 est
2786 4175 2948 4215 omne
2973 4166 3352 4214 ornamentum
3375 4152 3592 4206 virtutum,

2102 4273 2202 4314 nec
2229 4255 2460 4311 fuitulla
2495 4256 2546 4309 in
2582 4255 2835 4324 paradiso
2867 4251 2960 4307 Dei
2988 4251 3152 4306 arbor
3186 4250 3430 4303 virtutum
3457 4236 3592 4311 quaeri

2101 4349 2408 4419 comparari
2433 4359 2635 4418 posset,
2663 4357 2786 4418 post
2810 4348 2925 4400 hmo
2949 4345 3179 4400 inventa:
3202 4350 3326 4398 sunt
3352 4335 3592 4406 iniquitates

426 4452 533 4498 teut
557 4445 638 4497 ’τι
680 4463 702 4496 ι
732 4460 830 4515 per
865 4461 1024 4515 quam
1063 4454 1291 4501 mortem
1314 4448 1585 4528 destruxit
1614 4463 1738 4503 eum
1765 4448 1858 4518 qui
1895 4449 1993 4501 ba-
2025 4461 2072 4516 ι)
2103 4447 2160 4500 in
2192 4460 2276 4510 eo,
2309 4453 2365 4498 et
2405 4441 2473 4496 de
2512 4440 2652 4496 coelo
2701 4440 2754 4494 in
2805 4447 3006 4494 terram
3055 4435 3327 4506 projectus
3360 4440 3435 4486 est
3459 4427 3523 4479 ³³ε
3546 4424 3590 4475 ili

529 4583 572 4614 “
605 4581 626 4634 Ι
656 4582 779 4638 Cor.
813 4599 904 4650 xv,
941 4583 1036 4637 26.

1139 4585 1182 4616 ²¹
1212 4583 1366 4642 llom.
1399 4601 1476 4650 vt,
1507 4583 1560 4639 9.
1639 4587 1684 4618 ²³
1707 4587 1808 4642 Joh
1865 4605 1943 4649 Ill,
1975 4588 1990 4642 Ξ

2106 4584 2151 4617 ³⁵
2178 4582 2366 4638 Matth.
2392 4597 2490 4646 xtl,
2522 4579 2612 4634 40.
2690 4578 2736 4610 ³⁸
2764 4578 2906 4650 Psal.
2938 4592 3107 4650 xxvtt,
3137 4577 3189 4631 1.

3267 4573 3313 4605 ¹⁶
3339 4569 3464 4626 Psal.
3487 4579 3590 4621 ult.

424 4651 510 4708 10·
574 4655 629 4729 ,Ἴ
659 4637 853 4729 Ριὶίμέ·
873 4637 1006 4729 {"7-
1082 4655 1126 4686 ³⁸
1158 4637 1476 4729 Μθιιὶἶῖξιίξ
1669 4637 1728 4688 ³³-
2075 4657 2128 4715 8.
2187 4637 2252 4685 ν³⁰
2278 4637 2665 4718 Μιιιιὴίχιίνιι,
2691 4650 2776 4718 52,
2803 4649 2891 4703 55.
2969 4649 3010 4680 ³¹
3046 4649 3203 4700 lionr.
3229 4659 3302 4709 Vt,
3332 4643 3379 4697 9.
3443 4641 3479 4671 ³²
3505 4637 3588 4690 lsai.

423 4737 536 4789 Juv,
566 4724 653 4779 12.
728 4725 772 4756 ³⁸
794 4725 994 4780 Ezech.
1019 4739 1211 4788 xxvnt,
1248 4725 1436 4782 14-17.

425 4815 607 4941 mliti?)
647 4814 814 4884 Editi,
851 4834 870 4868 ι
894 4827 948 4872 et
989 4820 1103 4872 haec
1131 4832 1285 4887 ergo.
1314 4835 1333 4869 ι
1382 4817 1605 4887 Deinde,
1652 4837 1673 4872 ι
1697 4821 1988 4876 conﬁrma-

466 4903 478 4940 Ι
580 4925 594 4940 .
628 4905 647 4938 ι

466 4897 823 5029 Ιι(ιέἓ’)’Διίιιε,
856 4959 1164 5031 nominet,
1202 4961 1333 5016 dicit
1365 4960 1490 5031 quia
1542 4976 1687 5017 mors
1737 4963 1874 5026 haec,
1925 4963 1991 5016 de

420 5042 552 5109 qua,
583 5046 602 5080 ι
637 5039 784 5096 etc.;
831 5030 930 5095 al.,
966 5039 1322 5098 (contuetur,
1369 5030 1621 5102 intelligit
1668 5035 1812 5103 quod
1845 5047 1991 5089 mors

425 5102 534 5165 hic,
561 5117 581 5151 ι
615 5109 721 5153 etc.

496 5167 608 5240 (58)
647 5169 810 5238 Editi,
848 5188 867 5222 ι
899 5169 1184 5227 habuerat.
1210 5191 1229 5224 ι

494 5239 808 5321 (ᾷῼλΕιιῃὶ,
841 5259 860 5292 ι
892 5243 984 5296 sed
1014 5243 1344 5298 maledicam
1365 5242 1512 5298 illam
1540 5243 1631 5314 qui
1660 5245 1991 5302 maledicunt

425 5311 534 5367 diei
565 5311 640 5365 illi
669 5313 760 5379 qui
791 5327 1068 5379 magnum,
1090 5332 1109 5366 ι
1143 5322 1250 5370 etc.

423 5449 459 5506 ι)
650 5382 840 5439 Jonas.
874 5382 1030 5438 Deest
1065 5385 1117 5438 in
1148 5383 1476 5440 editi‘onibus
1499 5385 1711 5440 Merlini
1735 5395 1790 5441 et
1815 5387 1990 5442 Gene-

464 5469 516 5504 ra
589 5469 622 5506 ι.

649 5522 741 5594 Sic
782 5538 972 5582 omnes
1005 5539 1138 5581 mss.
1191 5526 1383 5583 nostri.
1421 5525 1560 5582 Editi
1609 5542 1761 5594 vero,
1789 5543 1810 5578 ι
1842 5525 1988 5581 lutu-

431 5606 582 5654 rum;
610 5613 629 5646 ι
667 5593 942 5659 ιὶιώίιιιιιε,
977 5614 997 5647 ι
1020 5611 1350 5652 mansurum.
1375 5617 1394 5649 ι

501 5659 613 5737 (ῥὲ)
654 5662 814 5737 ἓιῇιῆ,
852 5685 870 5716 ι
895 5666 1092 5720 bellum
1123 5677 1420 5737 gerentem.
1446 5685 1468 5718 ι
1685 5712 1692 5718 .

505 5727 616 5808 (4.5)
653 5727 815 5798 Editi,
851 5754 870 5787 ι
895 5738 1078 5808 habito
1107 5727 1271 5790 sumit
1299 5752 1412 5792 eos.
1446 5756 1465 5788 ι
1498 5738 1695 5796 Deinde
1720 5756 1820 5794 tus.
1852 5753 1992 5793 unus

436 5796 639 5863 llcgius
686 5796 832 5860 nunt.
885 5807 1040 5870 1040.
1098 5809 1282 5869 habet,
1333 5809 1465 5868 tctui
1509 5826 1537 5862 a
1574 5821 1725 5867 parte
1775 5810 1992 5866 tvranni

2091 4825 2278 4953 θΐῖὲἓί)
2307 4831 2488 4944 ἈΙὶιιε,
2525 4899 2542 4930 ι
2574 4881 2744 4936 donec
2776 4878 2882 4933 sub
2904 4878 3272 4953 dominatione
3301 4870 3488 4953 tyranni
3519 4882 3583 4936 pn-

2094 4943 2360 5016 situsfeis
2398 4943 2677 5020 quidem,»
2711 4960 2850 5014 etc.;
2887 4950 2984 5012 al.,
3019 4968 3036 5000 ι
3063 4949 3234 5002 donec
3278 4943 3586 5020 sub_tl9ntsm-

2099 5013 2247 5081 tioue
2283 5013 2487 5092 positos
2509 5013 2770 5093 tyranni,
2803 5013 2898 5074 eos
2925 5020 3200 5093 quidem,»
3240 5027 3343 5070 etc.
3375 5013 3582 5093 Rabantts,

2103 5114 2120 5146 ι
2149 5091 2323 5149 donec
2352 5095 2451 5148 sub
2488 5091 2857 5146 dominatione
2888 5091 3047 5160 positi
3071 5091 3192 5159 ejus
3223 5091 3501 5158 tyranni,“
3521 5092 3583 5129 cus

2095 5169 2524 5237 qllltltellllee‘lC.

2168 5235 2280 5304 (45)
2322 5234 2487 5298 Editi,
2527 5252 2544 5285 ι
2574 5233 2812 5303 alligare.
2836 5251 2855 5284 ι

2167 5297 2276 5378 (ιδ)
2314 5304 2442 5378 Mss.
2475 5297 2694 5378 quidam
2727 5314 2781 5357 et
2809 5303 2969 5378 editi,
2996 5319 3013 5351 ι
3038 5297 3379 5378 et_liberarit,
3405 5312 3422 5345 ι
3453 5302 3531 5378 ειῇ

2168 5359 2280 5447 (d7)
2322 5375 2460 5447 Mss.
2483 5359 2730 5444 plerique
2759 5383 2813 5428 et
2843 5359 2970 5447 editi
3004 5372 3258 5447 omittunt
3290 5386 3310 5420 ι
3331 5359 3444 5447 ιήιιςἶ
3464 5359 3573 5447 illis.

2099 5435 2275 5514 unus;
2297 5467 2314 5499 ι
2347 5457 2401 5500 et
2422 5435 2501 5500 sic
2535 5435 2812 5516 ingressus
2836 5444 3041 5497 domu-it
3063 5441 3408 5504 inlet'nunt,et
3433 5435 3569 5493 inde,»

2095 5529 2201 5575 etc.

2172 5589 2283 5660 (48)
2327 5588 2493 5660 Ιςῖιιὶιί,
2533 5606 2551 5638 t
2590 5586 2850 5660 ascendit.
2887 5603 2909 5635 ι’

2172 5650 2286 5733 (49')
2327 5658 2418 5713 Sic
2469 5650 2597 5712 mss.
2631 5656 2873 5726 plerique
2910 5664 2962 5707 et
3006 5651 3272 5713 Rabanus.
3302 5650 3424 5706 Editi
3459 5654 3565 5700 vero,

2105 5750 2122 5784 ι
2155 5745 2347 5798 neque.
2374 5748 2392 5780 ι

2173 5795 2284 5864 (50}
2331 5799 2483 5855 Erat.
2523 5799 2577 5856 lu
2607 5796 2762 5856 editis
2789 5795 3082 5854 omittitur.
