3692 6138
69 232 198 289 1055
1017 244 1364 304 COMMENT.
1406 249 1477 303 IN
1512 251 1596 307 ΕΡ

1805 255 1859 310 .D
1896 257 2060 315 80M.
2102 260 2231 317 LIB.
2268 252 2334 319 ν.
3158 271 3296 329 1054

67 361 237 454 potest
277 347 402 404 fieri
445 360 500 404 ut
549 350 624 454 in.
648 368 970 454 quocunque
993 368 1136 416 statu
1167 361 1328 421 fuerit
1352 368 1550 434 anima,
1580 378 1635 424 et
1662 376 1707 433 Α
1737 375 1859 445 quia
1887 393 2060 449 neque
2093 381 2225 451 vita,
2263 396 2438 452 neque
2466 395 2631 450 mors,
2664 398 2839 454 neque
2861 386 3170 454 praesentia,
3196 406 3293 447 ne-

66 442 116 496 in
139 455 470 511 quacunque
499 441 834 512 perfectione
854 448 1144 518 virtutum,
1177 458 1431 524 quoniam
1461 461 1631 516 virtus

66 533 339 587 mutabilis
369 543 472 600 est,
507 533 714 603 lapsum
747 541 923 608 possit
971 542 1274 613 incurrere,
1323 558 1382 603 ut
1422 552 1566 606 sicut
1597 567 1629 607 a

65 627 203 680 vitiis
250 626 317 679 ad
362 627 640 691 virtutem,
674 629 748 684 ita
789 642 843 686 et
865 648 894 687 a
918 635 1208 692 virtutibus
1239 640 1529 698 inclinetur
1559 646 1627 699 ad

67 716 215 770 vitia.
249 717 406 784 Quod
442 720 485 772 si
521 732 627 786 est,
659 737 1003 796 consequens
1047 729 1320 787 videbitur
1350 736 1629 804 requirere

63 807 326 862 medicum
357 810 447 864 ubi
483 811 706 886 languor
729 824 830 882 est,
862 819 1009 888 quia,
1041 826 1334 878 secundum
1378 826 1624 883 Salvato-

65 899 132 952 ris
160 899 334 968 ipsius
367 916 580 970 vocem,
613 919 782 978 «opus
809 917 890 962 est
913 912 1119 966 medico
1147 915 1230 969 his
1257 917 1501 986 quintale
1529 910 1626 975 ha-

66 991 328 1047 «henW.»
378 991 503 1048 Haec
561 1011 690 1067 ergo
729 1007 786 1052 et
844 1001 930 1057 his
985 1004 1185 1059 similia
1236 1021 1618 1081 pr0ponentes,

61 1083 264 1136 easdem
291 1083 461 1137 etiam
505 1085 559 1139 in
607 1087 806 1146 futuris
854 1094 1073 1150 saxulis
1112 1097 1544 1166 dispensationes
1590 1120 1620 1162 a

61 1169 267 1225 Christo
323 1177 652 1243 repetendas
697 1193 816 1234 esse
863 1182 1218 1240 arbitrantur.
1253 1187 1358 1244 Sed
1393 1191 1458 1245 ad
1505 1192 1620 1250 haec

62 1272 152 1314 nos
189 1259 432 1317 breviter
462 1275 624 1335 prout
665 1284 951 1338 possumus
991 1279 1466 1345 respondebimus.
1502 1282 1618 1338 Ma-

62 1365 184 1406 nere
215 1354 432 1422 quidem
458 1367 665 1414 natura;
697 1363 1006 1419 rationabili
1035 1383 1248 1437 semper
1271 1370 1500 1428 liberum
1524 1390 1616 1429 ar-

62 1442 273 1499 bitrium
306 1461 412 1502 non
447 1462 740 1518 negamus;
779 1455 873 1508 sed
914 1453 1114 1512 tantam
1147 1476 1267 1517 esse
1301 1463 1407 1518 vim
1440 1468 1618 1523 crucis

62 1532 271 1606 Christi,
304 1546 358 1591 et
387 1540 582 1593 mortis
620 1542 799 1612 hujus,
835 1561 998 1615 quam
1046 1550 1098 1603 in
1140 1553 1458 1609 saeculorum
1510 1557 1616 1614 fine

64 1628 312 1696 suscepit,
335 1631 657 1696 asserimus,
679 1650 798 1704 quae
823 1639 888 1690 ad
913 1639 1202 1696 sanitatem
1231 1656 1284 1699 et
1317 1651 1611 1708 remedium

64 1733 158 1770 non
186 1721 356 1772 solum
387 1723 670 1789 praesentis
704 1732 759 1778 et
801 1725 992 1795 futuri,
1041 1732 1133 1785 sed
1171 1735 1334 1789 etiam
1369 1742 1611 1808 prteteri-
1646 1712 1689 1771 Β

64 1819 225 1863 torum
254 1811 600 1879 saeculorum,
636 1826 690 1869 et
722 1832 826 1871 non
874 1821 1046 1875 solum
1092 1824 1327 1881 humano
1363 1829 1486 1885 huic
1515 1847 1612 1886 no-

63 1914 168 1959 stro
195 1907 395 1972 ordini,
432 1909 526 1963 sed
564 1911 727 1964 etiam
752 1913 1067 1970 caelestibus
1094 1919 1385 1976 virtutibus
1405 1927 1613 1979 ordini-

63 2001 256 2066 busque
310 1998 565 2054 sufﬁciat.
626 2000 937 2059 Secundum
991 2011 1320 2066 sententiam
1381 2031 1615 2086 namque

63 2089 218 2158 ipsius
248 2089 395 2143 Pauli
433 2093 944 2160 apostoli.Christus
971 2099 1275 2166 paciﬁcavit
1314 2123 1332 2155 ι
1366 2119 1462 2172 per
1493 2123 1614 2161 san-

62 2179 261 2248 guinem
281 2181 469 2237 crucis
491 2197 600 2236 suae
623 2202 642 2236 ι
671 2198 776 2238 non
804 2185 978 2240 solum
1007 2207 1025 2239 ι
1050 2203 1167 2258 qua
1194 2191 1246 2246 in
1264 2201 1404 2248 terra
1427 2207 1607 2259 sunt,»

61 2272 144 2325 sed
177 2280 228 2325 et
260 2291 280 2326 ι
308 2289 432 2343 qua:
457 2275 509 2329 in
554 2276 710 2331 cmlis
735 2277 802 2332 ³⁸.
829 2298 848 2330 ι
889 2279 1045 2353 Quid‘
1066 2291 1244 2338 autem
1283 2286 1352 2340 sit
1383 2290 1526 2358 quod
1557 2291 1612 2344 in

63 2360 244 2419 futuris
291 2367 507 2424 steculis
559 2377 740 2424 teneat
789 2371 998 2426 arbitrii
1036 2374 1365 2445 libertatem,
1394 2395 1459 2432 ne
1498 2381 1610 2453 (5|)

63 2470 261 2509 rursum
296 2468 518 2514 corruat
575 2459 629 2513 in
681 2474 986 2527 peccatum,
1033 2465 1180 2519 brevi
1223 2483 1320 2522 nos
1357 2486 1612 2525 sermone

59 2546 330 2615 Apostolus
379 2548 559 2615 docet,
591 2551 818 2607 dicens:
857 2571 877 2608 ι
909 2553 1161 2610 Charitas
1213 2573 1489 2629 nunquam
1520 2578 1612 2617 ca-

60 2638 131 2692 dit
153 2637 216 2692 ".
242 2658 262 2692 ›
292 2638 503 2696 Idcirco
547 2643 692 2697 enim
719 2657 775 2699 et
809 2645 914 2700 ﬁde
947 2655 1000 2700 et
1037 2663 1132 2717 spe
1174 2651 1347 2723 major
1375 2654 1613 2711 Charitas

62 2729 247 2784 dicitur
278 2731 491 2802 ",quia
511 2733 625 2789 sola
655 2738 757 2791 erit
785 2752 882 2805 per
903 2753 1061 2806 quam
1087 2741 1320 2812 delinqui
1349 2745 1485 2799 ultra
1507 2743 1630 2801 non'

61 2824 260 2890 poterit.
295 2825 351 2879 Si
395 2825 540 2880 enim
587 2827 640 2881 in
682 2828 732 2882 id
765 2830 946 2884 anima
978 2832 1324 2901 perfectionis
1356 2841 1613 2893 ascende-

61 2914 142 2977 rit,
172 2924 226 2969 ut
254 2931 318 2971 ex
353 2925 471 2972 toto
508 2920 674 2974 corde
712 2936 831 2985 suo,
867 2930 920 2975 et
946 2939 1010 2978 ex
1053 2933 1162 2979 tota
1192 2927 1371 2981 anima
1409 2943 1527 2997 sua,
1561 2939 1613 2986 et

61 3018 118 3058 ex
156 3007 273 3062 totis
315 3009 530 3065 viribus
582 3010 698 3066 suis
753 3013 942 3084 diligat
973 3015 1163 3083 Deum,
1207 3030 1263 3074 et
1299 3023 1604 3090 proximum

60 3107 202 3149 suum
231 3106 485 3168 tanquam
517 3101 756 3167 seipsam
788 3104 857 3170 ³⁸,
886 3106 976 3160 ubi
1020 3109 1125 3162 erit
1165 3113 1372 3179 peccati
1419 3115 1606 3171 locus?

61 3189 250 3249 Idcirco
279 3194 517 3265 denique
549 3205 608 3252 et
642 3197 696 3252 in
725 3199 846 3269 lege
868 3201 971 3256 hoc
995 3203 1190 3259 dicitur
1218 3207 1451 3275 primum
1485 3225 1606 3268 esse

62 3286 376 3357 mandatum,
409 3298 465 3344 et
509 3289 564 3344 in
623 3288 932 3362 Evangeliis
984 3309 1146 3366 supra
1178 3309 1372 3356 caetera
1421 3305 1603 3357 omnia

63 3373 120 3428 de
139 3377 392 3433 charitate
422 3382 740 3450 mandatur;
775 3393 828 3438 et
854 3384 1014 3444 Petro
1043 3405 1162 3444 cum
1188 3407 1399 3446 summa
1427 3409 1602 3449 rerum

62 3464 120 3518 de
145 3471 424 3536 pascendis
448 3473 641 3528 ovibus
666 3477 989 3546 traderetur,
1018 3491 1072 3533 et
1114 3485 1466 3554 superipsum
1495 3485 1606 3540 vel-

64 3565 118 3612 ut
160 3574 312 3628 super
339 3574 546 3619 terram
589 3565 907 3623 fundaretur
942 3571 1204 3642 Ecclesia,
1239 3577 1439 3632 nullius
1468 3577 1602 3631 alte-

63 3648 162 3705 rius
203 3652 267 3707 ah
308 3669 375 3710 eo
417 3656 636 3711 virtutis
685 3658 982 3726 confessio,
1029 3663 1130 3718 nisi
1179 3665 1602 3741 charitatis(52)

60 3747 272 3818 exigitur
291 3750 373 3818 ⁸ος
411 3763 467 3806 et
489 3750 728 3810 Joannes
752 3771 872 3810 cum
899 3759 1064 3814 multa
1093 3762 1159 3816 de
1181 3764 1470 3833 charitate,
1491 3777 1601 3822 tum

60 3839 214 3924 etiam
237 3841 335 3897 hoc
367 3843 521 3910 dicit,
549 3845 675 3914 quia
716 3863 735 3898 ι
773 3850 864 3918 qui
910 3862 1095 3922 manet
1132 3855 1186 3907 in
1228 3846 1601 3924 charitatefin

61 3924 157 3980 Deo
202 3922 380 3986 manet
397 3931 506 3987 ⁸⁸.»
560 3933 626 3988 Ει
665 3935 784 3992 idco
826 3942 1020 3995 merito
1051 3943 1289 4001 charitas
1335 3963 1456 4018 qua:
1485 3922 1602 4006 sola

59 4022 276 4077 omnium
309 4025 483 4095 major
503 4035 610 4094 est,
650 4043 866 4086 omnem
899 4045 1208 4091 creaturam
1250 4042 1547 4098 continebit
1572 4061 1602 4100 a

61 4109 215 4181 lapsu.
245 4116 398 4174 Tunc
444 4119 550 4175 erit
589 4120 730 4177 Deus
785 4122 900 4194 (55)
929 4129 1109 4181 omnia
1156 4129 1210 4184 in
1263 4135 1512 4190 omnibus
1535 4135 1599 4192 “.

59 4203 129 4257 Ad
157 4209 290 4266 hunc
336 4227 572 4284 namque
621 4214 975 4284 perfectionis
1019 4222 1246 4290 gradum
1279 4230 1602 4283 ascenderat

59 4303 310 4366 apostolus
341 4303 564 4373 Paulus,
595 4317 650 4361 et
695 4308 745 4362 in
779 4309 880 4366 hoc
931 4321 1080 4368 stans
1115 4315 1453 4374 confidenter
1487 4321 1600 4395 (54)

1732 483 1841 538 que
1861 469 2062 539 futura,
2088 489 2263 544 neque
2284 475 2486 545 angeli,
2503 491 2677 546 neque
2701 479 2950 544 virtutes,
2968 495 3144 550 neque
3166 483 3292 538 alti-

1733 557 1884 621 tudo,
1915 574 2087 630 neque
2110 562 2456 634 profundum,
2487 579 2660 633 neque
2683 575 2934 622 creatura
2959 567 3065 623 alia
3090 573 3293 638 poterit

1732 664 1829 702 nos
1878 664 2133 717 separare
2180 667 2211 708 a
2260 653 2526 708 charitate
2555 656 2670 720 Dei,
2705 672 2823 725 quae
2854 666 2937 712 est
2982 659 3036 713 in
3069 659 3292 718 Christo

1725 739 1850 795 Jesu
1903 741 2132 798 Domino
2173 756 2360 806 nostro
2383 747 2449 804 ⁸³.
2475 767 2493 801 ι
2536 748 2614 804 Ex
2645 750 2840 819 quibus
2888 752 3142 809 omnibus
3170 755 3290 810 evi-

1727 830 1921 886 denter
1967 835 2293 902 ostenditur,
2348 837 2472 906 quia
2529 839 2574 892 si
2621 838 2737 894 hazc
2772 841 2952 894 omnia
2993 857 3115 912 quae
3158 860 3292 898 enu-

1726 924 1956 976 tneravit
2009 924 2321 994 Apostolus,
2370 943 2626 994 separare
2684 945 2783 986 nos
2836 947 2943 986 non
2994 943 3220 1003 possunt
3258 951 3288 989 a

1734 1015 2007 1070 charitate
2063 1019 2183 1084 Dei,
2221 1034 2345 1074 cum
2384 1020 2439 1074 in
2497 1021 2628 1077 illud
2683 1024 2804 1094 quis
2857 1024 3071 1082 culmen
3109 1026 3290 1096 perfe-

1728 1108 1928 1166 ctionis
2011 1112 2360 1177 ascenderit,
2419 1113 2585 1170 multo
2651 1116 3083 1185 magislibertas
3144 1119 3290 1174 ar'oi-

1724 1198 1813 1254 trii
1876 1214 1974 1256 nos
2027 1201 2095 1256 ab
2151 1200 2266 1270 ejus
2328 1204 2597 1262 charitate
2649 1222 2907 1277 separare
2950 1225 3056 1264 non
3119 1209 3286 1282 569

1720 1291 1935 1360 poterit.
1993 1293 2252 1360 Quamvis
2304 1295 2445 1351 enim
2497 1297 2569 1352 sit
2616 1296 2774 1352 etiam
2834 1296 2938 1353 ista
2989 1298 3122 1368 (Μ’)
3179 1300 3289 1351 vir-

1719 1387 1844 1445 tus,
1879 1388 1933 1433 et
1959 1390 2173 1435 maneat
2213 1381 2266 1435 in
2315 1393 2538 1450 natura,
2590 1393 2766 1439 tamen
2806 1394 2952 1440 tanta
3002 1387 3286 1442 charitatis

1721 1469 1799 1522 vis
1829 1480 1943 1536 est,
1980 1481 2037 1524 ut
2073 1473 2138 1526 ad
2180 1487 2238 1526 se
2266 1474 2449 1528 omnia
2499 1475 2708 1542 trahat,
2737 1491 3030 1546 omnesque
3070 1479 3170 1533 sibi
3199 1493 3288 1533 so-

1715 1563 2191 1636 cietvindicetque
2218 1566 2479 1632 virtutes,
2532 1567 2768 1621 maxime
2822 1583 2942 1623 cum
2999 1572 3286 1627 charitatis

1718 1672 1908 1712 causas
1939 1658 2088 1726 prior
2125 1659 2282 1713 nobis
2318 1659 2525 1714 dederit
2554 1659 2717 1726 Deus,
2765 1678 2784 1711 ι
2821 1661 2910 1728 qui
2945 1662 3100 1715 unico
3144 1661 3286 1716 Fdio

1716 1766 1816 1806 suo
1847 1766 1952 1804 non
1980 1752 2236 1821 pepercit,
2264 1753 2357 1806 sed
2387 1768 2482 1820 pro
2505 1753 2659 1805 nobis
2686 1751 2938 1808 omnibus
2968 1755 3186 1809 tradidit
3218 1755 3282 1808 il-

1713 1843 1822 1896 lutn
1844 1851 1940 1907 i,et
1959 1861 1978 1894 ι
1999 1857 2121 1896 cum
2137 1842 2227 1897 illo
2245 1844 2398 1898 nobis
2421 1845 2598 1898 omnia
2616 1846 2835 1900 donavit
2862 1844 2926 1898 “.
2963 1865 2982 1897 ι
3022 1845 3172 1901 Unde
3196 1846 3281 1901 vel

1713 1937 1800 1990 ille
1831 1936 1920 2005 qui
1953 1936 2169 1990 Lucifer
2193 1935 2314 2000 fuit,
2339 1946 2395 1988 et
2422 1937 2471 1991 in
2502 1937 2641 1991 coelo
2670 1938 2944 1992 oriebatur
2967 1938 3076 2009 (55)
3102 1939 3168 2003 ",
3196 1939 3280 1992 vel

1713 2028 1802 2084 ille
1826 2029 1915 2099 qui
1953 2027 2325 2083 immaculatus
2347 2037 2465 2083 erat
2497 2045 2525 2082 a
2555 2030 2833 2084 nativitate
2855 2044 2951 2085 sua
2980 2029 3046 2094 “,
3079 2040 3131 2086 et
3155 2043 3278 2084 eum

1713 2121 1994 2177 cherubim
2035 2119 2242 2187 positus
2271 2118 2380 2173 lahi
2411 2121 2588 2187 potuit
2627 2129 2916 2189 antequam
2957 2134 3084 2189 erga
3123 2122 3285 2176 bene-

1715 2207 1834 2262 ficia
1868 2207 1996 2263 Filii
2023 2209 2116 2262 Dei
2148 2210 2431 2266 charitatis
2479 2209 2710 2266 vinculis
2764 2212 3153 2280 stringeretur,
3183 2226 3282 2280 po-

1714 2310 1828 2356 stea
1860 2317 1985 2358 vero
2014 2319 2174 2374 quam
2207 2305 2445 2360 charitas
2498 2305 2588 2359 Dei
2645 2301 2866 2359 diﬂ‘undi
2924 2304 2977 2362 in
3026 2304 3281 2360 cordibus

1711 2403 1951 2456 omnium
1977 2401 2204 2470 cmperit
2251 2415 2348 2469 per
2394 2400 2650 2469 Spiritum
2693 2410 2940 2456 sanctum
2965 2399 3030 2465 ⁸⁷,
3069 2411 3277 2456 certum

1712 2494 1815 2547 erit
1838 2491 1964 2547 illud
1985 2491 2130 2561 quod
2161 2489 2534 2560 pronuntiavit
2573 2489 2896 2558 Apostolus,
2929 2489 3054 2558 quia
3088 2507 3107 2540 ι
3150 2491 3280 2543 cha-

1713 2585 1847 2639 ritas
1921 2596 2192 2652 nunquam
2251 2582 2408 2636 cadet
2437 2581 2503 2634 ⁸⁸.
2558 2601 2576 2634 ι
2625 2582 2746 2636 llaec
2789 2589 2948 2651 prout
3003 2581 3278 2649 potuimus

1713 2677 1778 2730 ad
1806 2691 1867 2731 ea
1904 2689 2024 2745 quae
2049 2675 2152 2728 hoc
2179 2672 2295 2728 loco
2326 2683 2595 2728 commota
2627 2672 2740 2743 (56)
2775 2681 2899 2728 sunt
2927 2671 3180 2733 diximus,
3219 2679 3279 2723 ut

1713 2770 2056 2826 manifestius
2111 2769 2438 2825 claresceret
2482 2769 2750 2837 quomodo
2797 2765 2966 2823 semel
3029 2765 3276 2821 Christus

1713 2873 1953 2918 mortuus
1980 2871 2063 2918 est
2092 2873 2332 2932 peccato,
2367 2871 2424 2918 et
2454 2861 2590 2915 ultra
2611 2861 2722 2928 jam
2764 2876 2868 2914 non
2915 2859 3176 2924 moritur;
3221 2866 3278 2912 et

1714 2956 1840 3024 quia
1891 2955 2032 3022 quod
2065 2953 2235 3016 vivit,
2266 2952 2401 3006 vivit
2431 2953 2559 3009 Deo.
2601 2952 2794 3007 Vivere
2840 2960 3019 3005 autem
3066 2951 3174 3004 Deo
3197 2951 3272 3004 ita

1634 3060 1675 3115 α
1714 3048 2123 3115 intelligendum
2153 3053 2270 3110 est,
2312 3045 2466 3114 quasi
2521 3045 2737 3112 expleto
2778 3058 2844 3098 eo
2875 3042 2990 3113 (57)
3029 3041 3170 3111 quod
3219 3042 3273 3095 in

1708 3142 1877 3194 forma
1904 3139 1994 3193 Dei
2020 3138 2225 3207 positus
2245 3136 2542 3193 exinanivit
2567 3137 2938 3205 semetipsum,
2965 3144 3019 3188 et
3043 3134 3271 3187 tormam

1707 3232 1848 3285 servi
1882 3230 2115 3299 accepit,
2152 3239 2205 3284 et
2233 3228 2404 3283 factus
2433 3236 2516 3282 est
2544 3227 2798 3282 obediens
2831 3239 3001 3305 usque
3025 3222 3092 3278 ad
3123 3239 3272 3277 mor-

1707 3333 1814 3377 tem
1849 3322 1922 3382 ",
1973 3334 2189 3375 rursum
2236 3327 2550 3388 permaneat
2597 3318 2650 3371 in
2705 3317 2881 3372 forma
2933 3315 3067 3378 Dei,
3114 3325 3274 3382 atque

1705 3410 1927 3480 a-qualis
1978 3409 2146 3464 Patri.
2200 3407 2352 3463 Unde
2383 3416 2437 3462 et
2481 3407 2675 3461 merito
2717 3406 2769 3460 in
2817 3403 3274 3474 consequentibus

1704 3505 1856 3574 ponit
1905 3502 2015 3573 (58)
2061 3519 2076 3557 :
2133 3520 2152 3553 ι
2182 3501 2259 3555 lta
2290 3508 2344 3554 et
2383 3514 2479 3555 vos
2529 3497 2841 3554 existimate
2892 3513 2988 3552 vos
3032 3505 3274 3552 mortuos

1704 3597 1922 3667 quidem
1947 3609 2068 3649 esse
2096 3601 2340 3664 peccato,
2365 3593 2607 3646 viventes
2633 3599 2813 3648 autem
2844 3591 2952 3644 Deo
2981 3587 3032 3642 in
3053 3587 3273 3643 Christo

1703 3688 1828 3744 Jesu
1874 3687 2102 3742 Domino
2124 3694 2312 3740 nostro
2337 3682 2486 3749 '°'“;
2524 3701 2545 3736 ι
2587 3696 2695 3751 quo
2739 3680 2947 3738 scilicet
2970 3679 3272 3735 imitatione

1702 3778 1902 3834 Christi
1935 3786 2158 3848 peccato
2193 3776 2490 3830 moriamur
2541 3773 2701 3829 alieni
2746 3772 2814 3828 ab
2860 3785 2928 3828 eo
2973 3769 3273 3834 eﬂeeti,et

1705 3871 1815 3926 Deo
1840 3872 2085 3926 vivamus
2109 3869 2396 3939 iungentes
2439 3882 2537 3922 nos
2567 3866 2649 3928 ei,
2705 3873 2756 3920 et
2807 3880 2944 3920 unus
2973 3878 3096 3918 cum
3150 3863 3274 3932 ipso

1703 3966 1931 4035 spiritus
1952 3965 2079 4018 facti
2107 3963 2241 4031 (59).
2273 3960 2386 4017 Non
2410 3962 2530 4019 sine
2556 3972 2718 4013 causa
2741 3965 2922 4012 autem
2948 3955 3053 4012 hoc
3086 3953 3222 4008 dixit
3252 3970 3266 4007 :

1709 4074 1728 4107 ι
1765 4056 2082 4111 Existimate
2113 4069 2205 4109 vos
2255 4063 2498 4109 mortuos
2557 4066 2681 4107 esse
2735 4059 2996 4120 peccato;
3052 4065 3073 4100 ι
3126 4045 3273 4114 quod

1704 4153 1898 4208 melius
1929 4151 2142 4220 quidem
2185 4151 2236 4204 in
2281 4147 2469 4204 Cra-co
2513 4144 2744 4202 habetur
2784 4157 2799 4194 :
2849 4159 2868 4192 ι
2901 4140 3149 4210 Cogitate
3176 4151 3272 4190 vos

1703 4253 1948 4301 mortuos
2006 4257 2126 4297 esse
2160 4250 2402 4309 peccato.
2443 4256 2462 4290 ›
2492 4235 2606 4292 Res
2663 4237 2806 4292 enim
2842 4233 2909 4292 de
2933 4246 3039 4301 qua
3090 4243 3270 4285 sermo

1706 4348 1810 4403 est,
1847 4336 1900 4390 in
1929 4333 2254 4406 cogitatione
2282 4331 2471 4398 magis,
2505 4339 2560 4385 et
2589 4327 2801 4383 ratione
2831 4324 3102 4387 subsistit,
3139 4320 3269 4390 quia

61 4389 253 4448 dicebat
280 4413 292 4449 :
332 4414 352 4446 ι
386 4395 517 4462 Quis
541 4398 684 4452 enim
716 4415 815 4456 nos
841 4405 1114 4471 separabit
1140 4421 1170 4460 a
1203 4409 1469 4469 charitate
1495 4389 1599 4471 Dei
1635 4397 1679 4451 D
1709 4389 2027 4500 tynjnsmod;
2056 4441 2201 4480 mors
2235 4439 2338 4478 non
2451 4421 2669 4487 effectu,
2709 4419 2805 4475 sed
2835 4419 2892 4472 in
2937 4415 3272 4484 cogitatione

61 4494 164 4547 quae
183 4497 262 4539 est
290 4488 344 4541 in
380 4488 597 4544 Christo
631 4489 792 4546 Jesu?
841 4493 1184 4553 Tribulatio?
1217 4515 1283 4556 an
1315 4507 1601 4574 angustia?

63 4584 122 4625 an
155 4579 492 4643 persecutio?
523 4597 589 4634 an
621 4583 839 4640 fames?
884 4602 954 4641 an
1006 4591 1264 4648 nuditas?
1289 4610 1357 4650 an
1391 4599 1602 4666 pericu-

65 4659 195 4716 lum?
223 4685 286 4724 an
311 4672 523 4740 gladius
545 4673 625 4728 ⁸ίῖ
646 4693 666 4727 ›
697 4685 753 4729 et
771 4677 968 4732 iterum
1000 4698 1013 4735 :
1051 4699 1069 4733 ι
1101 4680 1292 4740 Certus
1314 4659 1431 4742 sunt
1457 4694 1597 4748 enim

1709 4521 1951 4577 habenda
1974 4528 2073 4573 est.
2113 4516 2212 4584 Qui
2246 4516 2389 4570 enim
2429 4513 2630 4583 cogitat
2675 4510 2761 4566 vel
2806 4509 3082 4565 existimat
3127 4505 3271 4576 apud

1710 4609 2057 4679 semetipsum
2090 4617 2360 4661 mortuum
2411 4618 2469 4658 se
2511 4617 2662 4669 esse,
2717 4616 2824 4656 non
2856 4609 3062 4669 peccat.
3106 4595 3268 4652 Verbi

1705 4703 1876 4775 gratia
1912 4720 1924 4756 :
1956 4703 2000 4758 si
2031 4716 2116 4756 me
2159 4699 2597 4768 concupiscentia
2651 4694 2898 4752 mulieris
2953 4691 3170 4755 trahat;
3219 4688 3267 4744 si

128 4802 170 4897 τι
403 4827 478 4874 ἐ’
510 4811 718 4897 Qu-”
747 4811 954 4897 (ξρῖοὲεο
984 4832 1018 4878 ’ν
1055 4818 1154 4897 99⁸,
1175 4890 1198 4897 Α
1222 4793 1268 4853 ³>⁶
1288 4821 1448 4897 lCor.
1475 4847 1594 4897 xm,
1622 4835 1676 4890 8.
1751 4836 1795 4869 ³⁷
1821 4837 1950 4891 ibid.
1983 4836 2068 4890 l5.
2145 4834 2190 4866 ³⁸
2216 4832 2403 4891 Matth.
2429 4850 2566 4896 xxtt,
2604 4832 2784 4888 '57-'59.
2862 4833 2907 4865 ”
2933 4829 3122 4885 Matth.
3153 4843 3266 4894 va,

65 4868 339 4953 18.;“Joan.
361 4868 686 4953 mite-t7.
761 4884 808 4916 ἰο
831 4868 1018 4942 ιιόειτίζ
1039 4868 1219 4953 lifts.

63 4939 248 5022 :E'Iiﬂ'
316 4951 404 5008 ὅθ.
465 4939 527 4984 ’⁸⁸
581 4953 705 5008 Isai.
741 4957 963 5022 xtv,12.

63 5008 167 5049 ""'
189 5016 337 5074 Rom.
367 5037 440 5088 v1,
474 5023 558 5077 Η.

270 5131 826 5216 Legendumvjdetur
855 5155 1028 5208 «nec;
1054 5162 1076 5195 ι
1128 5152 1362 5201 attamen
1413 5161 1602 5208 omnes

70 5207 379 5275 mss:Ano_stri
393 5215 456 5275 et
478 5207 607 5262 editi
639 5209 862 5275 habent,
899 5228 917 5262 ι
938 5207 1022 5268 ne.
1046 5231 1066 5263 ι

151 5268 214 5324 52
270 5273 406 5328 Editi
456 5293 475 5332 ι
502 5278 763 5336 Charitas.
792 5299 810 5334 ι
849 5264 862 5275 ’
1363 5325 1365 5328 ι

127 5264 232 5409 $55;
269 5315 428 5409 Editi:
464 5363 483 5398 ι
514 5348 746 5402 maxima
773 5359 923 5405 est...
950 5359 1078 5406 tunc
1105 5367 1225 5406 cum
1257 5356 1365 5409 erit

269 5338 428 5412 Editi,
464 5363 483 5398 ι
514 5348 746 5402 maxima
773 5359 923 5405 est...
950 5359 1078 5406 tunc
1105 5367 1225 5426 cum
1257 5356 1365 5410 erit
1392 5358 1554 5426 Deus,
1575 5379 1594 5418 ι

71 5410 294 5493 etc.__hls_._
314 5410 480 5493 unus,
521 5433 543 5468 ι
573 5429 746 5493 mater
772 5430 924 5493 est...
957 5437 1078 5476 cum
1111 5425 1214 5480 erit
1245 5410 1418 5493 Deus;
1438 5410 1598 5485 fét’c‘.

133 5479 233 5560 (ξι)
255 5482 415 5560 Editj,
452 5479 475 5538 ἑ
497 5490 825 5544 ascendebat
848 5479 1159 5560 Apostolus,
1177 5506 1229 5549 et
1246 5479 1311 5550 in,
1327 5479 1600 5555 Edendi};

71 5547 342 5674 flagitiis?
371 5547 497 5628 [ωε.
527 5573 690 5626 unus,
715 5578 734 5612 ι
758 5571 812 5617 et
837 5547 1020 5620 in'hoc
1046 5547 1200 5621 stans
1217 5547 1598 5644 aediﬁciis]

106 5633 278 5675 rvebat.
304 5644 322 5675 ›

136 5689 257 5756 (δυ)
291 5693 419 5755 Ista.
454 5697 795 5761 Desideratur
824 5707 876 5762 in
904 5706 1054 5763 libris
1080 5717 1231 5762 antea
1273 5709 1450 5761 editis.

1300 4895 1342 4925 “
1364 4896 1530 4961 ICor.
1559 4895 1589 4958 x

1829 4907 1846 4961 Ι
1871 4907 1994 4961 Cor.
2018 4921 2108 4973 xv,
2134 4905 2225 4961 28.
2303 4905 2347 4937 ε’
2368 4907 2521 4958 Rom.
2544 4895 2662 4969 vui,
2680 4903 2768 4958 55.
2845 4901 2890 4934 ⁸³
2910 4901 3042 4973 ibid.
3066 4900 3156 4961 58,
3174 4899 3262 4973 59.

1057 4964 1103 4990 “
1123 4959 1322 5018 Ezech.
1369 4959 1559 5041 xxvnt,
1599 4959 1843 5032 Πῖίί
1871 4959 2026 5033 Rom.
2055 4959 2108 5040 νζ
2132 4976 2187 5031 5.
2214 4959 2221 4961 ﬁ
2259 4977 2345 5030 ⁵³1
2371 4976 2499 5034 Cor.
2529 4959 2736 5045 κινέει

2833 4973 2880 5005 δ’
2909 4971 3103 5040 Philip.
3123 4985 3184 5031 ιι.
3207 4967 3266 5022 7ο

1779 5152 1894 5224 (55)
1925 5151 2087 5218 Editi,
2121 5169 2140 5204 ι
2174 5152 2521 5224 operabatur.
2567 5171 2587 5205 ι
2626 5151 2834 5209 Deinde
2879 5170 2898 5208 ι
2945 5151 3266 5208 immacula-

1710 5230 1796 5278 lus
1821 5223 1943 5278 fuit.
1990 5243 2010 5276 ι

1928 5292 2098 5375 Editi,
2127 5310 2146 5346 ι
2194 5301 2610 5375 commemorata
2633 5301 2778 5375 sunt.
2821 5311 2865 5375 t_
2919 5362 2932 5374 _

1869 5361 1888 5434 )
1930 5364 2098 5434 Quasi
2129 5364 2334 5433 expleto
2378 5381 2458 5419 eo.
2515 5363 2639 5419 Haec
2681 5364 2873 5418 desunt
2919 5362 2972 5420 in
3021 5361 3265 5422 editione

1701 5431 2054 5489 Genebrardi.

1773 5503 1886 5576 (58)
1925 5503 2090 5576 Editi,
2120 5523 2140 5556 ς
2182 5505 2234 5558 in
2262 5504 2611 5576 consequenti
2644 5505 2758 5559 haec
2784 5503 2956 5574 ponit.
2986 5523 3006 5558 ι

1768 5574 1882 5645 (59)
1921 5574 2183 5630 Merlinus
2237 5584 2291 5633 et
2343 5574 2722 5634 Genebrardus
2746 5613 2763 5642 ,
2802 5593 2820 5628 ι
2857 5585 2915 5630 ut
2939 5575 3102 5636 unius
3129 5587 3262 5636 cum

1704 5646 1820 5716 ipso
1841 5647 2066 5717 spiritus
2091 5645 2238 5701 facti.
2283 5665 2300 5698 ι
