3692 6138
444 297 582 358 1055

1896 287 2148 347 ORIGEN
2156 289 2217 345 IS

3513 288 3603 343 1050

442 411 684 483 argenti,
717 410 760 465 si
788 408 939 474 auri,
975 410 1017 463 si
1045 407 1231 479 praedii
1256 407 1526 477 cupiditas
1574 406 1784 477 pulset,
1819 414 1874 460 et
1914 420 2009 474 po-
2040 416 2083 466 Λ
2114 402 2280 468 didit,
2345 419 2365 452 ι
2420 400 2670 457 Viventes
2744 400 2854 455 Deo
2901 398 2954 454 iu
3031 397 3255 453 Christo
3298 395 3434 461 Jesu,
3471 418 3488 451 ι
3527 417 3596 456 non

445 522 567 559 nam
598 503 649 557 in
686 503 851 558 corde
882 516 1004 557 meo
1032 501 1174 571 quod
1200 511 1445 556 mortuus
1477 500 1584 556 sim
1619 515 1741 555 cum
1768 498 2008 567 Christo,

445 608 501 651 et
531 597 596 651 de
634 603 808 650 morte
857 596 1127 664 cogitem,
1175 593 1536 664 exstinguitur
1575 591 1832 648 continuo
1876 604 2012 644 con-

447 689 779 760 cupiscentia
806 696 860 742 et
888 685 1155 755 eifugatur
1182 693 1486 756 peccatum.
1516 683 1628 738 Aut
1678 683 1723 739 si
1768 681 1894 737 odio
1930 678 2017 734 vel

448 783 525 838 ira
554 778 917 834 inflammatus
943 780 1009 832 ad
1042 791 1227 831 necem
1263 776 1512 831 conciter
1553 773 1759 830 inimici
1785 773 1930 837 mei;
1970 770 2018 825 si

447 885 533 923 tne
572 870 878 923 existimem
916 877 1186 923 mortuum
1218 882 1338 922 esse
1380 881 1503 921 cum
1533 864 1783 927 Christo.
1834 871 1889 918 et
1925 876 2018 917 co-

446 962 734 1031 gitationes
768 962 957 1015 mortis
996 975 1189 1030 ponam
1222 959 1276 1014 in
1309 958 1491 1013 animo
1533 972 1688 1023 meo,
1717 953 2020 1023 exstingui-

449 1063 536 1106 tur
560 1053 674 1107 sine
696 1052 862 1107 dubio
893 1051 1064 1115 furor,
1093 1059 1271 1106 cessat
1306 1049 1517 1115 odium,
1540 1046 1882 1119 conquiescit
1907 1045 2015 1109 ira,

448 1152 672 1213 peccato
699 1158 804 1197 non
837 1142 999 1198 datur
1029 1143 1201 1209 locus,
1235 1151 1291 1196 et
1322 1141 1425 1196 hoc
1457 1140 1615 1195 modo
1645 1145 1868 1208 peccato
1893 1135 2015 1205 quis

449 1234 584 1286 inori
614 1234 906 1299 invenitur,
933 1242 987 1289 et
1013 1233 1192 1287 vivere
1223 1233 1350 1288 Deo.
1395 1230 1500 1286 Sed
1527 1239 1582 1286 et
1612 1230 1715 1285 hoc
1742 1226 1884 1299 quod
1914 1226 2013 1282 ad-

2113 496 2245 550 inihi
2277 494 2508 550 otiosum
2537 494 2770 548 videtur.
2811 490 3001 546 Simile
3023 490 3170 545 enim
3203 500 3332 558 puto
3353 504 3477 555 esse,
3497 494 3601 561 quasi

2111 588 2342 642 dixisset
2373 601 2388 640 :
2427 585 2682 640 Viventes
2710 584 2822 638 Deo
2851 582 2904 636 in
2933 580 3226 651 sapientia,
3254 581 3307 632 in
3336 594 3475 648 pace,
3498 584 3604 652 inju-

2113 679 2285 742 stitia,
2317 678 2370 731 in
2411 675 2844 731 sanctiﬁcatione
2864 714 2880 740 ,
2910 689 3030 744 quae
3068 674 3255 728 omnia
3296 671 3512 729 Christus
3537 686 3602 729 est.

2117 770 2175 826 ln
2205 769 2291 825 his
2322 784 2452 839 ergo
2486 768 2669 822 vivere
2702 766 2835 830 Deo,
2872 764 2977 819 hoc
3000 773 3084 819 est
3115 763 3168 817 iu
3196 761 3410 818 Christo
3432 762 3531 817 iesu
3554 767 3605 818 ιιι

2115 877 2244 918 vere
2296 864 2427 917 Deo.
2478 859 2635 928 Quod
2696 859 2743 913 si
2791 858 2909 914 sine
2948 856 3204 926 justitia,
3234 854 3349 909 sine
3373 855 3606 924 pace,siae

2118 953 2549 1008 sanctiﬁcatione
2597 949 2913 1020 ueterisque
2977 946 3276 1003 virtutibus
3330 958 3470 999 nemo
3523 946 3608 999 vivit

2116 1048 2263 1113 Deo,
2298 1055 2508 1102 certum
2554 1051 2640 1100 est
2677 1042 2819 1113 quod
2871 1053 3030 1096 nemo
3088 1035 3263 1093 vivat.
3286 1034 3422 1101 Deo,
3457 1034 3538 1090 nisi
3574 1038 3607 1090 in

2111 1139 2329 1197 Christo
2351 1137 2498 1193 Jesu.
2528 1135 2693 1191 Amen
2723 1130 2857 1204 (60).

460 1395 3585 1436 _____________________________..________.———-——-———

1593 1622 1951 1711 LIBER
2022 1612 2517 1708 SEXTUS.

530 2028 582 2082 l.
620 2047 638 2081 ι
692 2026 809 2082 Non
858 2040 987 2096 ergo
1043 2032 1231 2094 regnet
1265 2026 1551 2091 peccatum
1593 2018 1645 2072 in
1674 2025 1856 2071 vestro
1890 2027 2030 2067 inor-
2062 2009 2245 2076 Bbet,
2276 2004 2627 2075 concupiscat
2659 2002 2772 2074 (65)
2804 2018 2823 2051 ε
2861 2013 2994 2055 caro
3035 1999 3306 2053 adversus
3333 1997 3615 2066 spirituni,ci

450 2123 546 2177 tali
574 2136 834 2193 corpore,
882 2120 948 2174 ad
980 2115 1339 2174 obediendum
1387 2111 1673 2168 desideriis
1717 2108 1833 2176 ejus
1883 2104 2023 2177 (6i),

452 2228 631 2283 neque
673 2211 977 2267 exliiheatis
1011 2207 1255 2263 membra
1289 2214 1464 2259 vestra
1508 2216 1663 2256 arma
1718 2197 2025 2267 iniquitatis

451 2316 677 2375 peccato
704 2322 718 2358 :
748 2303 841 2359 sed
867 2301 1120 2358 exhibete
1150 2315 1246 2355 vos
1292 2297 1404 2352 Deo
1424 2335 1439 2361 ,
1471 2306 1730 2361 tanquam
1777 2307 1844 2346 ex
1875 2305 2024 2345 mor-

454 2396 564 2451 tuis
591 2396 836 2450 viventes
870 2410 884 2446 :
916 2401 969 2448 et
992 2391 1232 2447 membra
1258 2397 1439 2443 vestra
1467 2400 1618 2440 arma
1640 2383 1867 2455 iustitiae
1888 2381 2017 2435 Deo.

451 2487 738 2543 Peccatum
771 2485 914 2540 enim
947 2485 1100 2539 vobis
1130 2497 1239 2537 non
1278 2478 1647 2537 dominabitur
1683 2493 1696 2529 :
1732 2490 1837 2529 non
1874 2474 2017 2528 enim

452 2581 552 2633 sub
585 2579 702 2648 lege
730 2579 884 2641 estis,
917 2575 1009 2637 sed
1049 2576 1149 2631 sub
1182 2576 1356 2645 gratia
1388 2573 1456 2627 ⁸³.
1497 2591 1516 2626 ι
1559 2571 1615 2626 in
1652 2568 2027 2640 superioribus

450 2671 530 2726 ait
586 2686 600 2723 :
657 2688 677 2721 ι
716 2670 870 2725 Sicut
924 2670 1175 2738 regnavit
1216 2674 1499 2738 peccatum
1561 2666 1614 2718 in
1658 2670 1833 2718 morte
1881 2661 1948 2713 “.
1998 2679 2017 2712 ι

452 2762 609 2817 Nunc
633 2772 814 2816 autem
856 2776 964 2815 non
994 2761 1134 2814 dixit
1161 2775 1174 2811 :
1212 2758 1326 2814 Non
1353 2772 1484 2828 ergo
1516 2764 1706 2826 regnet
1738 2760 2021 2824 peccatum

452 2855 507 2909 in
540 2864 747 2919 morte;
789 2853 882 2908 sed
909 2853 986 2907 ait
1016 2868 1028 2904 :
1063 2869 1083 2903 ‹
1116 2850 1234 2907 Non
1269 2865 1398 2920 ergo
1436 2858 1625 2919 regnet
1650 2855 1931 2917 peccatum
1966 2845 2019 2898 in

452 2956 635 3003 vestro
665 2943 878 3000 mortali
922 2958 1185 3013 corpore,
1225 2942 1291 2996 ad
1324 2939 1686 2996 obediendum
1737 2935 2018 2993 desideriis

449 3038 604 3107 ejus;
646 3058 666 3091 ι
702 3038 901 3093 docens
925 3052 1023 3107 per
1050 3037 1151 3091 hoc
1180 3036 1361 3090 sedem
1393 3031 1679 3102 quamdam
1712 3039 1767 3084 et
1794 3042 2015 3098 regnum

452 3142 730 3201 peccatum
759 3131 957 3186 habere
973 3129 1085 3200 (62)
1110 3127 1339 3199 570m
1363 3138 1608 3193 corpore.
1630 3122 1742 3177 Hoc
1763 3129 1847 3176 est
1874 3119 2016 3190 quod

2131 2100 2357 2170 spiritus
2396 2098 2653 2152 adversus
2675 2108 2917 2158 carnem,
2939 2102 2997 2148 et
3018 2093 3133 2147 haec
3156 2091 3260 2145 sibi
3292 2090 3497 2144 invicem
3522 2091 3613 2142 nd-

2127 2201 2416 2248 versentur
2442 2190 2509 2245 '9.
2539 2188 2681 2244 Illud
2735 2196 2918 2241 tamen
2946 2185 3169 2240 adverte
3188 2223 3206 2250 ,
3246 2183 3385 2252 quod
3406 2181 3614 2236 ostendens

2128 2283 2181 2337 in
2211 2290 2396 2337 nostra
2425 2288 2687 2351 potestate
2712 2277 2945 2348 positum
2977 2284 3036 2330 ut
3063 2290 3171 2329 non
3207 2283 3392 2345 regnet
3419 2274 3465 2326 in
3493 2285 3615 2326 nostro

2129 2372 2341 2427 mortali
2396 2384 2627 2440 corpore
2684 2373 2966 2438 peccatum
3017 2360 3170 2434 (66),
3225 2369 3522 2431 praeceptum
3562 2358 3614 2410 dit

2127 2463 2435 2534 Aposuilus,
2481 2463 2668 2516 dicens
2709 2482 2720 2515 :
2760 2477 2779 2510 ι
2815 2456 2931 2511 Non
2951 2470 3078 2524 ergo
3106 2465 3302 2524 regnet
3335 2451 3614 2523 peccatumin

2129 2565 2309 2609 vestro
2343 2553 2559 2609 mortali
2597 2566 2857 2621 corpore,
2904 2549 2970 2604 ad
3016 2548 3380 2604 obedientium
3413 2542 3614 2598 desideriis

2125 2646 2341 2717 ejus“.
2389 2665 2408 2698 ι
2446 2644 2555 2700 Nisi
2588 2646 2733 2700 enim
2784 2651 2929 2699 esset
2977 2641 3029 2696 in
3077 2651 3268 2696 nostra
3323 2646 3552 2709 potestate
3582 2645 3615 2686 ιιι

2122 2754 2233 2794 non
2268 2747 2525 2806 regnaret
2556 2737 2607 2791 in
2636 2736 2793 2792 nobis
2818 2745 3115 2806 peccatum,
3152 2740 3471 2804 praeceptum
3498 2728 3613 2795 utique

2117 2845 2224 2885 non
2269 2830 2525 2884 dedisset.
2576 2827 2854 2894 Quomodo
2898 2841 3025 2897 ergo
3059 2824 3323 2895 possibile
3350 2832 3428 2878 est
3461 2831 3508 2874 ut
3539 2836 3614 2888 pec-

2124 2932 2303 2977 catum
2334 2922 2385 2975 in
2414 2936 2580 2977 carne
2609 2929 2793 2975 nostra
2845 2934 2949 2974 non
2982 2918 3209 2987 regnet?
3241 2915 3300 2972 Si
3332 2910 3607 2970 faciamnsil-

2129 3012 2218 3067 lud
2242 3013 2383 3082 quod
2408 3012 2546 3066 idem
2564 3009 2851 3080 Apostolus
2872 3008 3034 3064 dicit:
3064 3025 3083 3060 ι
3108 3006 3426 3061 Mortiﬁcate
3444 3003 3611 3058 membri

2132 3113 2315 3158 vestra
2345 3117 2463 3170 quae
2490 3110 2616 3158 sunt
2643 3115 2805 3171 supra
2842 3110 3041 3154 terram
3073 3097 3144 3165 “,
3189 3116 3211 3150 ι
3262 3107 3318 3153 et
3347 3096 3388 3151 si
3431 3113 3449 3146 ι
3474 3107 3616 3161 semp"

454 3229 509 3275 et
530 3221 654 3275 alibi
681 3221 819 3276 dixit
839 3221 884 3253 σε
906 3238 918 3274 ε
946 3186 1271 3275 «ινιὶιιῖτῖιέι
1292 3216 1476 3272 carnis
1498 3214 1713 3270 inimica
1733 3222 1814 3266 est
1830 3186 1939 3265 néo

2134 3206 2360 3251 mortem
2404 3194 2606 3249 Christi
2660 3194 2715 3247 in
2772 3204 3003 3262 corpore
3041 3202 3235 3245 nostro
3271 3208 3290 3242 ι
3349 3186 3617 3243 circumieri-

451 3320 511 3365 et
548 3311 744 3365 iterum
776 3329 790 3364 :
829 3329 847 3362 ι
884 3309 1181 3365 Prudentia
1233 3308 1413 3363 carnis
1462 3321 1610 3361 mors
1651 3313 1733 3360 est
1755 3303 1824 3357 ⁸⁸.
1864 3321 1882 3354 ι
1917 3301 2023 3356 Sed

453 3412 510 3458 et
537 3404 718 3458 omnia
756 3413 976 3473 peccata
1004 3401 1290 3472 Apostolus
1318 3414 1482 3471 opera
1513 3398 1695 3454 carnis
1733 3411 1853 3452 esse
1893 3409 2018 3465 pro-

453 3495 667 3549 nuntiat
695 3496 762 3562 ",
788 3510 909 3565 quin
939 3495 1070 3549 dicit
1092 3509 1216 3550 esse
1250 3492 1663 3547 fornicationem
1682 3531 1698 3557 ,
1733 3485 2021 3543 immundi-

454 3587 609 3653 tiam,
640 3589 945 3658 passionem
969 3626 985 3652 ,
1012 3584 1501 3656 concupiscentiam
1539 3581 1761 3646 malam,
1789 3577 2022 3647 impudi-

454 3678 641 3732 citiam
663 3718 679 3744 ,
720 3676 1083 3733 idololatriam
1104 3717 1119 3742 ,
1150 3673 1436 3740 maleﬁcia,
1473 3671 1809 3737 inimicitias,
1840 3677 2020 3724 certa-

455 3770 599 3823 mina
619 3807 633 3834 ,
664 3769 875 3835 zelum,
912 3769 1169 3836 furorem,
1198 3764 1599 3828 contentiones,
1630 3762 2017 3825 dissensiones,

452 3862 711 3929 hiereses,
741 3861 1022 3926 invidiam,
1047 3860 1364 3924 ebrietates,
1392 3856 1839 3918 comessationes,
1859 3861 1913 3907 et
1938 3853 2023 3908 his

453 3952 673 4007 similia.
719 3954 827 4008 Sed
857 3953 902 4009 si
949 3953 1197 4022 requiras
1239 3951 1509 4021 quomodo
1557 3947 1723 4003 etiam
1783 3947 2021 4000 haereses

454 4047 600 4103 inter
646 4047 827 4101 carnis
873 4061 1036 4116 opera
1087 4055 1472 4108 numerentur,
1522 4038 1769 4096 invenies
1812 4051 1906 4092 eas
1955 4036 2023 4089 de

455 4157 617 4197 sensu
650 4141 833 4198 carnis
884 4142 1200 4211 procedere.
1239 4141 1332 4197 Sic
1377 4140 1521 4195 enim
1558 4137 1690 4193 dicit
1731 4131 2023 4204 Apostolus

451 4233 520 4287 de
547 4234 777 4304 quodam
808 4250 821 4286 :
854 4252 873 4286 ι
912 4233 1159 4299 Frustra,
1183 4233 1382 4303 inquit,
1410 4229 1627 4286 inﬂatus
1649 4244 1679 4282 a
1704 4241 1864 4282 sensu
1907 4221 2020 4295 (65)

451 4327 633 4380 carnis
669 4341 813 4394 sum,
859 4334 914 4382 et
945 4341 1056 4381 non
1086 4334 1274 4380 tenens
1305 4322 1554 4394 caput“.
1605 4339 1623 4372 ι
1672 4318 1798 4374 Haec
1838 4326 2020 4371 autem

452 4416 691 4471 diximus
727 4426 784 4469 ut
818 4415 1161 4471 manifestior
1202 4414 1355 4469 fieret
1386 4412 1712 4476 intellectus,
1750 4407 2022 4478 quomodo

450 4517 733 4577 peccatum
763 4517 949 4577 regnet
987 4508 1040 4562 in
1093 4521 1342 4578 corpore.
1403 4503 1595 4559 Omnia
1644 4513 1883 4570 namque
1930 4497 2016 4551 illa

764 4558 947 4577 -νο--η
1100 4558 1277 4578 ν-τρ
1302 4558 1341 4561 η
1422 4558 1429 4559 κ
1795 4558 1807 4570 .

451 4614 570 4669 qua!
598 4600 848 4670 superius
873 4614 1035 4670 Opera
1062 4601 1240 4655 carnis
1265 4614 1386 4655 esse
1420 4594 1878 4657 enumeravimus,
1906 4590 2019 4644 vel-
2051 4558 2094 4612 θ
2121 4591 2282 4646 supra
2322 4576 2577 4640 άίιίηιυεο

451 4702 511 4747 ιιι
561 4693 832 4748 exercitus
857 4694 1076 4764 quidam
1107 4700 1349 4746 armatus
1371 4700 1453 4746 est
1481 4686 1599 4759 (64)
1627 4684 1727 4742 sub
1756 4686 1861 4740 hoc
1894 4696 2020 4751 rege

454 4784 659 4852 peccati
691 4784 948 4848 militans,
977 4793 1031 4838 et
1065 4782 1165 4853 legi
1211 4782 1329 4850 ejus
1363 4794 1559 4852 parens
1582 4818 1598 4845 ,
1621 4792 1741 4848 quac
1768 4775 1821 4830 in
1852 4788 2022 4828 mein—

454 4876 570 4931 bris
596 4874 779 4929 carnis
806 4875 1067 4943 inscripta
1103 4885 1207 4930 est.
1232 4876 1454 4929 Certum
1490 4882 1576 4928 est
1612 4871 1779 4936 enim,
1805 4870 1930 4939 quia
1957 4881 2023 4919 ex

452 4982 519 5022 eo
552 4966 698 5036 quod
734 4965 1019 5021 desideriis
1062 4969 1273 5036 peccati
1318 4979 1449 5023 caro
1491 4961 1853 5020 obedientiam
1882 4972 2022 5027 prae-

550 5107 595 5139 "
616 5105 772 5161 Rom.
808 5120 883 5169 vi,
910 5104 1091 5162 η-ιι.
1197 5106 1245 5139 ⁵⁸
1274 5103 1429 5159 Rom.
1454 5119 1507 5167 v,
1552 5101 1642 5155 2|.

1752 5097 1798 5129 ⁵⁵
1827 5094 1985 5149 Rom.
2016 5106 2133 5156 viil,
2179 5088 2231 5141 7.

2134 3303 2256 3343 mus
2286 3288 2353 3341 θ’.
2386 3287 2605 3342 Certum
2637 3298 2871 3354 namque
2899 3290 3003 3348 est,
3038 3281 3168 3352 quia
3204 3280 3300 3336 ubi
3327 3294 3461 3334 mors
3482 3274 3617 3331 Christi

2133 3378 2538 3444 circumfertur,
2590 3392 2696 3433 non
2746 3384 2923 3445 potest
2968 3388 3208 3445 regnare
3257 3380 3528 3444 peccatum.
3561 3365 3619 3418 Est

2132 3471 2275 3526 enim
2313 3478 2462 3524 tanta
2511 3469 2595 3525 vis
2637 3468 2819 3524 crucis
2859 3467 3103 3529 Christi,
3157 3475 3221 3520 ut
3264 3465 3309 3520 si
3359 3474 3471 3518 ante
3497 3458 3618 3514 oculos

2131 3571 2385 3632 ponatur,
2419 3570 2475 3617 et
2505 3562 2560 3616 in
2585 3570 2765 3615 mente
2800 3559 3034 3614 ﬁdeliter
3058 3559 3396 3623 retineatur,
3423 3556 3485 3610 ita
3521 3562 3563 3605 tu
3585 3551 3616 3602 in

2132 3657 2302 3724 ipsam
2333 3664 2559 3708 mortem
2590 3653 2788 3709 Christi
2817 3654 3055 3708 intentus
3094 3649 3297 3705 oculus
3327 3651 3502 3703 mentis
3526 3643 3618 3711 aspi-

2130 3748 2260 3815 ciat,
2290 3745 2434 3801 nulla
2464 3744 2902 3815 concupiscentia
2922 3780 2938 3807 ,
2974 3740 3119 3795 nulla
3166 3740 3367 3804 libido,
3398 3739 3543 3793 nullus
3570 3735 3618 3785 iu-

2134 3854 2246 3908 ror,
2277 3839 2425 3894 nulla
2456 3852 2718 3908 superare
2741 3838 2913 3907 possit
2951 3835 3191 3901 invidia;
3227 3835 3322 3889 sed
3347 3831 3559 3886 continuo
3579 3829 3617 3877 id

2130 3934 2246 4005 ejus
2276 3929 2626 4002 praesentiain
2660 3938 2804 3984 totus
2830 3928 2919 3983 ille
2942 3942 3104 3998 quem
3138 3941 3304 3995 supra
3353 3918 3618 3980 enumerari-

2134 4040 2254 4081 mus
2305 4024 2514 4094 peccati
2566 4033 2621 4078 et
2669 4020 2848 4076 carnis
2899 4021 3116 4090 fugatur
3164 4013 3615 4082 exercituszipsim

2131 4133 2259 4173 vero
2292 4129 2568 4187 peccatum
2601 4131 2700 4171 nec
2744 4114 3007 4178 subsistit,
3036 4112 3237 4183 quippe
3267 4127 3385 4168 cum
3424 4124 3507 4164 nec
3539 4106 3618 4159 sab-

2132 4210 2331 4266 stantia
2359 4208 2477 4279 ejus
2513 4222 2741 4278 usquam
2778 4207 2848 4262 sit
2878 4206 2984 4262 nisi
3013 4207 3065 4261 in
3093 4220 3260 4276 opere
3300 4214 3353 4260 et
3388 4200 3540 4274 gestis.
3562 4196 3617 4250 Est

2129 4319 2258 4374 ergo
2291 4302 2346 4356 in
2387 4301 2545 4357 nobis
2573 4310 2629 4356 et
2672 4298 3115 4370 concupiscentia
3173 4295 3415 4367 peccati,
3445 4306 3541 4363 quis
3567 4302 3616 4341 rt-

2141 4409 2302 4464 gnum
2338 4394 2498 4449 habet
2530 4393 2583 4447 in
2619 4406 2787 4449 carne
2821 4409 2837 4459 ;
2871 4399 2956 4446 est
2982 4398 3038 4445 et
3076 4385 3495 4459 concupiscentia
3519 4378 3616 4450 spiri-

2130 4495 2236 4551 tus,
2263 4500 2380 4554 qua:
2408 4498 2631 4555 regnum
2662 4481 2825 4538 habet
2853 4483 2906 4535 in
2934 4489 3136 4545 mente,
3155 4479 3442 4535 secundum
3468 4474 3510 4528 id
3528 4467 3617 4540 quod

2624 4573 2752 4643 quia
2810 4592 2830 4625 ε
2887 4585 3017 4628 caro
3061 4570 3390 4640 concupiscit
3438 4568 3617 4623 adversus

2120 4670 2391 4741 spiritum,
2418 4668 2646 4738 spiritus
2671 4676 2849 4722 autem
2878 4667 3138 4722 adversus
3160 4681 3376 4721 carnem
3403 4664 3461 4719 “.
3486 4681 3503 4714 ι
3529 4659 3616 4714 Cum

2133 4777 2264 4834 ergo
2289 4761 2723 4831 concupiscimus
2755 4759 2900 4828 quod
2934 4774 3040 4815 non
3073 4759 3200 4814 licet
3228 4799 3245 4825 ,
3279 4759 3365 4814 vel
3393 4754 3513 4824 quod
3548 4765 3613 4805 non

2135 4857 2311 4921 decet,
2344 4853 2427 4908 vel
2458 4853 2599 4924 quod
2632 4868 2739 4907 non
2770 4852 3010 4923 expedit,
3044 4851 3466 4921 concupiscentia
3494 4843 3616 4901 carnis

2132 4960 2240 5006 est.
2281 4946 2414 5003 Cum
2459 4959 2589 5001 vero
2623 4944 2959 5016 concupiscit
2987 4955 3043 5000 et
3082 4943 3266 5000 deﬁcit
3304 4943 3469 4997 anima
3494 4944 3614 4991 nostri

2343 5087 2388 5119 "
2419 5086 2546 5141 ibid.
2580 5085 2636 5140 6.
2710 5086 2753 5118 ⁸⁷
2781 5084 2957 5140 Galat.
2986 5101 3039 5150 v,
3070 5086 3157 5148 l9,
3187 5099 3306 5152 seq.
3408 5079 3613 5137 "Coloss-

453 5155 636 5247 ".18;
646 5155 770 5232 19‘."
820 5155 1664 5240 έῖὰἆιείιῖν,ι7.”ὶίδ”ιιοίη.νι,
1703 5168 1790 5224 is.
1866 5165 1956 5219 «ιιι

2132 5196 2149 5213 .
2181 5175 2262 5226 ιιι,
2282 5159 2336 5215 5.
2412 5158 2455 5190 ⁸³
2486 5156 2527 5210 Il
2551 5157 2676 5212 Cor.
2704 5173 2779 5221 iv,
2803 5155 2892 5210 10.
2968 5156 3266 5222 “Galat.v,
3294 5155 3376 5211 17.

513 5320 626 5389 (60)
668 5318 818 5374 Jesu.
854 5318 1038 5374 Amen.
1069 5317 1194 5374 llaec
1224 5320 1419 5373 desunt
1442 5320 1493 5371 in
1528 5316 1681 5370 libris
1721 5320 1878 5368 antea
1907 5308 2018 5363 edi-

444 5393 535 5445 tis.
582 5389 709 5445 Mss.
746 5401 924 5444 tamen
950 5389 1196 5457 plerique
1222 5391 1481 5444 omittunt
1517 5405 1535 5438 ι
1578 5391 1771 5440 Amen.
1812 5403 1831 5435 ι

482 5459 763 5542 0(61)__Sic
793 5473 927 5542 _mss.
957 5459 1099 5514 Editi
1134 5475 1293 5523 vero,
1327 5477 1345 5510 ι
1392 5469 1451 5514 ut
1493 5458 1762 5513 obediatis
1811 5466 2015 5509 concu-

445 5530 730 5598 pis'centiis
763 5533 902 5596 ejus.
939 5547 960 5583 ι

518 5590 841 5680 (ωλιξιιιιῖ,
880 5617 899 5650 ι
939 5613 1037 5669 per
1063 5600 1178 5654 hinc
1222 5598 1404 5655 sedem
1452 5596 1743 5668 quamdam
1792 5590 2019 5666 regrium

451 5669 661 5737 peccati
680 5669 912 5737 habere,
948 5687 966 5720 ι
1008 5680 1117 5723 etc.
1672 5717 1679 5724 .

527 5735 642 5806 (65)
677 5736 842 5808 Editi,
872 5757 892 5793 ‹
923 5738 1125 5797 frustra
1158 5742 1298 5811 quod
1325 5740 1538 5798 amatus
1561 5740 1625 5798 dc
1653 5755 1838 5798 sensu.
1869 5757 1892 5791 ι

2189 5303 2302 5378 (64)
2345 5303 2533 5378 Alias,
2591 5321 2609 5353 α
2661 5301 2950 5357 damnatus
2995 5313 3106 5370 est;
3160 5322 3178 5355 ι
3230 5301 3304 5356 al.
3357 5317 3378 5352 ι
3423 5297 3611 5353 clamatus

2118 5374 2237 5439 est;
2282 5374 2301 5426 ὀ
2336 5374 2497 5428 male.

2192 5432 2306 5514 (65)
2350 5444 2516 5510 Editi,
2550 5462 2571 5496 ι
2615 5444 2975 5516 concupiscit,
3006 5461 3026 5495 ι
3059 5451 3111 5498 et
3141 5442 3297 5513 paulo
3325 5447 3467 5512 post,
3505 5432 3608 5486 nd-

2124 5524 2440 5570 vcrsatitur.
2492 5533 2510 5566 ι

2197 5584 2306 5658 (66)
2355 5586 2410 5639 In
2442 5586 2680 5658 editione
2716 5584 3052 5642 Genebrardi
3095 5598 3192 5657 pro
3235 5601 3255 5636 ι
3287 5589 3605 5655 peccatum!

2127 5656 2325 5730 legitur
2359 5674 2385 5710 ι.
2416 5656 2484 5712 ad
2512 5657 2894 5714 obedientium.
2932 5677 2953 5711 ι
