3692 6138
51 297 177 357 1057

993 286 1349 345 COMMENT.
1390 285 1460 341 IN
1498 284 1719 340 EPIS'I.
1762 284 1853 334 AD
1880 283 2044 334 RUM.
2086 282 2214 333 LIB.
2263 283 2353 333 γι.

3149 282 3285 334 1058

47 412 259 489 quando
305 410 488 466 videat
520 407 632 482 (67)
677 405 910 463 salutare
961 403 1054 459 Dei
1090 405 1159 469 “,
1197 405 1304 459 ista
1354 398 1617 470 concupi-
1647 402 1693 459 Α
1723 393 1791 449 lis
1818 403 2076 464 peccato;
2115 393 2209 447 sed
2232 391 2484 447 exhibete
2502 404 2600 447 vos
2634 389 2742 447 Deo
2764 395 3022 460 tanquam
3045 403 3110 445 ex
3141 407 3287 446 mor-

48 506 243 565 seentia
273 503 502 574 spiritus
531 510 638 556 est.
671 497 823 555 Unde
848 504 1074 568 apparet
1092 494 1326 550 mediam
1353 493 1615 563 quodam-

1721 482 1826 537 tuis
1849 482 2110 547 viventes,
2141 490 2195 535 et
2227 480 2465 536 membra
2507 488 2685 536 vestra
2740 480 2914 551 magis
2946 495 3094 534 arma
3123 479 3290 549 justi-

50 596 201 655 modo
242 569 369 652 esse
401 593 636 649 animam
687 591 833 647 inter
874 604 1097 646 carnem
1143 597 1201 643 et
1247 588 1537 658 spiritum;
1564 593 1620 640 ει
1721 575 1806 631 tia:
1832 573 1961 629 Deo.
1994 594 2012 627 ι
2070 575 2282 629 Intuere
2332 587 2432 643 per
2475 571 2684 643 singula
2723 570 3046 641 sapientiam
3083 569 3233 625 Pauli
3268 610 3287 635 ,

51 692 92 748 si
130 688 351 760 quidem
381 685 628 759 jnnxerit
658 698 717 740 se
759 682 873 754 (68)
924 679 1076 738 carni
1127 680 1195 735 ad
1254 679 1613 735 obediendum

52 781 333 840 desideriis
380 778 588 852 peccati
609 816 626 843 ,
660 776 892 832 efficitur
920 790 1041 832 eum
1089 788 1152 829 ea
1182 787 1347 828 unum
1378 785 1614 842 corpus;

53 877 94 934 si
119 890 250 933 vero
277 872 528 944 iunxerit
556 884 616 926 se
642 869 772 935 Deo,
809 867 1045 924 efficitur
1073 881 1199 921 eum
1237 879 1305 920 eo
1330 878 1471 918 unus
1506 863 1618 932 spi—

56 971 203 1034 ritus,
254 966 554 1022 secundum
604 964 736 1019 illud
790 962 933 1032 ‘quod
1002 960 1205 1015 dictum
1262 966 1392 1013 est:
1450 974 1470 1009 ι
1512 956 1615 1023 Qui

56 1062 187 1116 enim
210 1059 398 1128 jungit
436 1071 495 1113 se
539 1054 849 1123 meretrici,
886 1068 1054 1109 unum
1109 1066 1307 1122 corpus
1347 1059 1462 1115 est;
1521 1050 1614 1119 qui

57 1164 228 1207 autem
271 1149 455 1220 jungit
500 1163 560 1204 se
602 1146 866 1209 Domino,
916 1159 1057 1199 unus
1094 1144 1316 1214 spiritus
1361 1150 1442 1197 est
1484 1141 1552 1195 ⁸⁸.
1591 1159 1610 1192 ι

58 1245 158 1301 Nec
188 1242 407 1299 mireris
451 1240 499 1296 si
532 1254 748 1295 carnem
778 1238 1123 1293 meretricem
1149 1244 1337 1302 vocet,
1369 1249 1483 1306 qua
1513 1233 1617 1289 illis

57 1338 295 1392 omnibus
326 1349 450 1405 qua:
474 1347 639 1404 supra
667 1329 1107 1386 enumeravimus
1134 1328 1282 1384 vitiis
1305 1337 1468 1397 atque
1491 1340 1617 1395 pec-

58 1432 219 1497 catis,
267 1439 531 1499 tanquam
583 1425 912 1494 turpissimis
955 1421 1299 1478 amatoribus
1348 1419 1614 1489 subiacet.

61 1523 289 1592 Requiro
314 1531 498 1577 autem
533 1536 630 1575 cur
657 1517 929 1573 addiderit
951 1556 967 1579 ,
998 1535 1018 1568 ι
1060 1516 1114 1569 in
1153 1527 1385 1584 corpore
1428 1519 1617 1566 vestro

62 1616 303 1683 mortali,
347 1634 367 1668 ι
421 1630 546 1671 cum
582 1614 769 1684 utique
821 1607 1126 1666 suffecisset
1177 1607 1403 1662 dicere:
1446 1623 1465 1655 ι
1502 1603 1617 1658 Non

64 1724 184 1780 ergo
229 1717 422 1780 regnet
482 1717 766 1778 peceatum
818 1705 872 1759 in
921 1712 1104 1757 vestro
1158 1712 1408 1770 corpore.
1447 1716 1466 1749 ι
1524 1696 1619 1754 Ut-

1718 667 1841 738 quia
1877 665 1991 739 (76)
2032 663 2356 721 necessariis
2411 662 2905 732 discrepationibus
2930 662 3125 717 utitur.
3179 660 3285 718 Ubi

1718 757 1852 813 dicit
1887 772 2041 812 arma
2085 772 2189 811 non
2221 768 2341 811 esse
2369 755 2654 824 praebenda
2711 763 2934 824 peccato
2967 753 3051 808 vel
3086 753 3288 824 iniqui-

1722 850 1840 914 tati,
1874 865 1981 905 non
2012 863 2131 913 nos,
2168 847 2262 904 sed
2293 847 2533 902 membra
2566 855 2750 901 nostra
2782 847 2928 916 ponit
2968 865 2981 900 :
3015 846 3105 901 ubi
3155 861 3288 905 vero

1719 941 1908 997 suadet
1963 949 2022 995 ut
2052 940 2159 995 Deo
2207 954 2306 995 nos
2349 938 2739 1002 exhibeamus,
2796 952 2902 992 non
2936 948 3061 993 ante
3109 952 3286 994 mem-

1718 1035 1817 1089 bra
1846 1033 1979 1104 (77),
2008 1048 2170 1103 quam
2217 1046 2315 1087 nos
2367 1032 2512 1101 ipsos
2553 1030 2797 1086 exhiberi
2830 1030 2939 1085 vult
2972 1031 3082 1085 Deo
3111 1072 3127 1097 ,
3184 1032 3288 1087 hoc

1718 1135 1802 1181 est
1855 1127 2109 1189 animam,
2145 1124 2227 1179 vel
2259 1122 2591 1195 propositum
2620 1132 2860 1178 nostrum
2888 1163 2902 1187 ,
2933 1132 2991 1176 ut
3014 1138 3135 1177 cum
3173 1124 3291 1191 pios

1718 1232 1820 1274 nos
1850 1218 1994 1286 ipsos
2017 1218 2422 1273 exhibuerimus
2449 1219 2578 1281 Deo,
2617 1224 2670 1270 et
2699 1215 3091 1270 adhzeserimus
3118 1213 3191 1280 ei,
3213 1214 3287 1269 ita

1719 1309 1934 1364 demum
1965 1310 2127 1365 etiam
2180 1310 2425 1365 membra
2464 1316 2649 1364 nostra
2693 1304 2989 1361 efficiamus
3022 1321 3171 1360 arma
3199 1304 3289 1375 ju-

1719 1403 1878 1458 stitiae
1914 1401 2042 1458 Deo.
2079 1401 2232 1458 Sient
2261 1402 2407 1458 enim
2432 1417 2624 1457 manus
2653 1410 2855 1457 sanetae
2877 1399 3153 1464 dicuntur,
3171 1413 3289 1468 qua:

1720 1494 1926 1551 sanctis
1953 1494 2214 1563 operibus
2240 1493 2688 1558 ministraverint,
2719 1503 2777 1547 ut
2803 1491 3091 1563 Apostolus
3124 1493 3285 1549 dicit:

1725 1604 1743 1637 ι
1778 1584 2044 1643 Levantes
2096 1601 2259 1656 puras
2305 1601 2499 1641 manus
2550 1585 2667 1642 sine
2710 1587 2790 1639 ira
2844 1597 2900 1641 et
2934 1584 3287 1656 disceptatio-

1720 1691 1789 1731 ne
1809 1677 1853 1709 ⁷ο
1886 1693 1903 1742 ;
1944 1695 1963 1729 ι
1993 1687 2048 1732 et
2069 1693 2284 1733 rursum
2308 1692 2501 1732 manus
2535 1677 2786 1731 dicuntur
2809 1675 2980 1746 plena:
3002 1675 3288 1747 sanguine,

63 1762 179 1873 alii
211 1762 429 1857 at}...
453 1762 507 1856 εὶ
536 1762 561 1851 γι
594 1796 805 1854 mortali
833 1794 965 1866 (69),
993 1813 1011 1846 ι
1038 1790 1193 1863 quasi
1217 1762 1486 1846 dubitaret
1516 1789 1618 1844 ali-

1819 1782 1843 1821 e
1860 1768 1923 1821 ad
1941 1767 2322 1823 effundendum
2341 1767 2657 1838 sanguinem
2685 1767 3116 1823 ministraverint
3140 1764 3252 1838 (78)
3271 1782 3286 1820 :

64 1894 176 1963 quis
206 1906 403 1963 corpus
450 1906 575 1947 esse
604 1886 871 1944 mortale?
907 1884 1012 1940 Sed
1065 1882 1196 1937 mihi
1230 1879 1443 1936 videtur
1473 1880 1618 1948 quod

64 2001 160 2042 non
186 1985 301 2041 sine
320 1999 486 2041 causa
513 1984 675 2040 etiam
700 1982 801 2037 hoc
832 1977 1123 2035 addiderit.
1151 1974 1448 2031 Admonuit
1472 1973 1619 2028 enim

68 2091 156 2148 per
177 2076 275 2133 hoc
305 2073 578 2145 quomodo
623 2070 738 2145 (70)
774 2069 945 2142 possit
990 2069 1044 2123 in
1096 2080 1324 2136 corpore
1375 2080 1481 2119 non
1534 2077 1622 2120 re-

69 2183 219 2240 gnare
248 2177 551 2239 peccatum,
581 2163 883 2221 secundum
921 2159 1064 2231 quod
1092 2166 1148 2215 et
1171 2158 1298 2213 alibi
1327 2158 1440 2228 ipse
1467 2155 1625 2211 dixe-

73 2270 151 2315 rat
181 2277 194 2313 :
231 2279 250 2312 ι
280 2259 494 2330 Corpus
522 2256 744 2328 quidem
775 2261 1049 2309 mortuum
1096 2257 1184 2306 est
1229 2256 1449 2319 propter
1493 2261 1622 2315 pec-

66 2361 273 2418 catum,
325 2350 552 2421 spiritus
603 2362 735 2403 vero
783 2346 892 2401 vita
944 2353 1028 2400 est
1067 2342 1180 2414 (7f)
1211 2350 1430 2412 propter
1457 2338 1623 2410 justi-

70 2445 190 2501 tiam
212 2445 277 2499 ⁸⁸.
315 2462 335 2496 ι
369 2441 429 2498 Si
478 2456 608 2512 ergo
659 2441 899 2496 sciamus
947 2436 1074 2507 quia
1123 2448 1320 2504 corpus
1370 2443 1621 2488 nostrum

69 2536 368 2594 mortificari
411 2542 625 2604 potest,
665 2540 722 2588 et
750 2539 1024 2587 mortuum
1057 2541 1182 2582 esse
1226 2533 1485 2595 peccato,
1532 2536 1626 2592 po-

72 2638 167 2685 test
193 2630 302 2685 fieri
335 2640 393 2683 ut
425 2642 530 2681 non
570 2634 760 2696 regnet
787 2624 842 2679 in
874 2636 940 2678 eo
968 2628 1276 2691 peccatum.
1307 2615 1621 2673 Secundum

72 2722 164 2777 boc
191 2735 420 2791 namque
450 2719 592 2789 quod
627 2727 897 2773 mortuum
930 2723 1044 2777 est,
1074 2709 1434 2783 jnstificatum
1488 2706 1627 2762 dici-

74 2825 153 2869 tur
179 2815 286 2884 (73)
317 2829 346 2867 a
375 2823 603 2883 peccato
629 2810 696 2865 ⁸⁷.
758 2807 949 2877 Neque
984 2805 1129 2861 enim
1184 2810 1434 2857 mortuus
1490 2813 1627 2855 con-

73 2906 405 2977 cupiscitant
435 2903 728 2968 irascitur,
782 2910 874 2954 aut
928 2897 1063 2953 furit
1116 2893 1254 2968 (7'5),
1297 2901 1391 2948 aut
1439 2890 1628 2961 diripit

77 2997 252 3053 aliena.
308 2996 366 3053 Si
422 3010 553 3067 ergo
604 2994 673 3050 ab
723 2991 811 3049 bis
851 2990 1107 3047 omnibus
1168 2981 1629 3053 concupiscentiis

78 3102 255 3159 corpus
282 3088 675 3159 reprimamns,
714 3091 983 3141 mortuum
1018 3087 1245 3150 peccato
1270 3076 1471 3132 dicitur
1508 3088 1629 3130 esse

79 3196 277 3252 corpus.
316 3182 381 3238 Et
413 3179 517 3236 hoc
540 3186 624 3235 est
647 3177 789 3247 quod
820 3175 873 3231 in
907 3171 1164 3245 praesenti
1198 3169 1316 3225 loco
1346 3169 1448 3224 ista
1477 3167 1627 3237 Apo-

79 3275 186 3331 stoli
236 3285 582 3330 commonere
627 3269 841 3325 videtur
886 3265 1119 3335 adiectio
1189 3260 1421 3319 dicentis
1487 3258 1625 3330 (74),

85 3385 104 3420 ι
135 3368 185 3422 in
215 3380 443 3438 corpore
471 3373 656 3421 vestro
681 3359 919 3416 mortali.
964 3376 984 3413 ι
1019 3356 1175 3411 Alius
1206 3354 1437 3410 fortasse
1460 3351 1624 3418 dicet,

77 3459 190 3529 quia
227 3460 291 3515 ad
327 3456 740 3515 distinctionem
772 3452 1004 3509 alterius
1046 3446 1293 3519 corporis
1323 3444 1467 3515 quod
1524 3444 1627 3498 imo

79 3551 286 3607 mortale
315 3560 427 3617 est,
454 3550 563 3606 hoc
595 3562 795 3619 corpus
826 3546 880 3602 in
913 3559 1021 3616 quo
1051 3556 1197 3599 nunc
1230 3554 1442 3604 sumus,
1471 3552 1621 3593 mor-

81 3641 175 3696 tale
219 3640 543 3697 nominavit.
591 3638 729 3706 Qnid
770 3637 841 3692 sit
896 3645 1079 3691 autem
1127 3644 1327 3699 corpus
1404 3629 1628 3684 immor-

82 3731 210 3800 tale,
241 3734 377 3790 idem
415 3730 706 3803 Apostolus
761 3729 920 3785 docet
967 3728 1023 3783 in
1076 3725 1201 3781 aliis
1245 3724 1317 3790 “,
1354 3722 1442 3778 ubi
1501 3721 1576 3776 ait
1611 3735 1626 3774 :

85 3845 103 3879 ι
143 3827 360 3884 Necesse
409 3836 498 3884 est
543 3825 690 3882 enim
756 3831 819 3879 ut
872 3817 1224 3888 corruptibile
1264 3818 1365 3872 hoc
1437 3813 1631 3869 induat

82 3920 222 3992 571
254 3921 742 3992 incorruptionem,
774 3925 829 3971 et
854 3911 1085 3969 mortale
1139 3912 1244 3966 hoc
1290 3908 1478 3963 induat
1526 3905 1629 3959 im-

82 4012 479 4074 mortalitatem;
533 4029 553 4064 ι
592 4019 648 4065 et
700 4006 924 4064 dubium
961 4019 1069 4060 non
1123 4012 1211 4058 est
1243 3999 1374 4070 quin
1410 4000 1625 4067 dempta

84 4104 391 4162 mortalitate
420 4102 535 4175 (75)
567 4101 672 4158 hoc
703 4101 877 4171 ipsum
911 4096 1056 4168 quod
1090 4109 1234 4150 nunc
1264 4090 1495 4148 mortale
1523 4097 1628 4153 est,

85 4196 364 4253 immortale
417 4195 681 4252 efficiatur
700 4208 918 4263 corpus.
947 4190 1077 4246 Post
1126 4188 1245 4243 haec
1276 4184 1521 4255 sequitur
1542 4181 1586 4213 ⁶⁹
1615 4198 1630 4235 :

91 4308 109 4342 ι
144 4290 318 4362 Neque
345 4288 656 4346 exhibeatis
707 4286 954 4341 membra
980 4290 1162 4339 vestra
1190 4292 1340 4335 arma
1371 4273 1633 4344 iniquita-

1723 1858 1794 1912 ita
1826 1868 1883 1914 et
1916 1860 1968 1913 in
1998 1859 2250 1928 praesenti
2278 1858 2399 1915 loco
2428 1860 2670 1914 membra
2708 1872 2828 1929 quae
2853 1868 3072 1927 peccato
3102 1859 3291 1913 deser-

1724 1948 1877 2002 viunt
1902 1957 1957 2003 et
1988 1948 2285 2017 iniquitati,
2318 1962 2468 2002 arma
2501 1946 2801 2017 iniquitatis
2827 1947 3200 2016 appellantur:
3235 1958 3293 2003 et

1723 2056 1943 2096 rursum
1977 2042 2022 2095 si
2066 2040 2272 2108 peccati
2297 2038 2791 2111 concupiscentiam
2818 2038 3205 2094 mortificemus
3237 2040 3291 2093 in

1725 2147 1958 2204 corpore
1987 2142 2174 2188 nostro
2216 2130 2458 2197 mortali,
2487 2139 2540 2186 et
2570 2130 2623 2185 in
2652 2144 2815 2200 opere
2838 2130 3065 2201 iustitia»
3089 2129 3297 2185 labore-

1724 2241 1871 2292 mus,
1899 2233 2065 2296 atque
2113 2223 2364 2281 omnibus
2406 2223 2669 2279 membris
2707 2223 2908 2278 nostris
2931 2222 3045 2293 (79)
3068 2221 3296 2290 justitia:

1728 2317 2123 2381 ministremus,
2157 2314 2426 2371 efficimur
2479 2322 2736 2385 tanquam
2763 2328 2830 2369 ex
2855 2314 3085 2370 mortuis
3105 2313 3295 2369 viveno

1728 2417 1832 2475 tes,
1861 2416 2090 2478 peccato
2110 2406 2319 2464 scilicet
2357 2405 2561 2460 mortui
2615 2414 2670 2459 et
2688 2403 2909 2473 iustitiae
2943 2402 3219 2470 viventes;
3244 2407 3298 2457 et

1728 2508 2128 2569 consequenter
2149 2496 2316 2553 etiam
2349 2495 2593 2551 membra
2622 2506 2810 2551 nostra
2844 2494 2983 2549 fiunt
3021 2509 3174 2549 arma
3201 2493 3296 2565 ju—

1727 2593 1896 2649 stitia:
1919 2592 2050 2647 Deo.
2077 2589 2223 2645 Bene
2249 2598 2432 2645 autem
2483 2588 2855 2656 metaphoram
2891 2584 3144 2652 superius
3168 2600 3297 2656 pro-

1728 2683 1957 2753 positam
1986 2681 2307 2744 custodivit,
2338 2690 2396 2734 ιιι
2423 2678 2548 2750 quia
2578 2692 2809 2749 regnare
2837 2677 3049 2731 dixerat
3103 2690 3296 2746 pecca-

1731 2784 1869 2839 tum,
1892 2788 2041 2827 arma
2079 2772 2285 2841 peccati
2333 2768 2574 2825 membra
2624 2769 2965 2833 nominaret,
2996 2775 3051 2823 et
3080 2782 3297 2822 rursum

1730 2867 1841 2922 Deo
1876 2866 1986 2936 regi
2017 2880 2170 2920 arma
2191 2863 2417 2928 iustitiae
2447 2860 2645 2917 fierent
2672 2862 2914 2917 membra
2941 2868 3128 2915 nostra
3156 2856 3291 2931 (80).

1730 2960 1992 3030 Sequitur
2014 2969 2139 3030 post
2161 2958 2276 3014 haec
2300 2975 2314 3012 :
2349 2973 2369 3009 ι
2409 2956 2696 3012 Peccatum
2723 2954 2866 3010 enim
2892 2954 3043 3009 vobis
3068 2967 3176 3009 non
3201 2952 3300 3006 do-

1731 3053 2053 3109 minabitur.
2083 3050 2198 3107 Non
2227 3050 2376 3106 enim
2423 3049 2525 3105 sub
2572 3047 2692 3118 lege
2724 3047 2884 3112 estis,
2914 3046 3009 3101 sed
3036 3046 3137 3101 sub
3167 3060 3296 3115 gra-

1654 3111 1698 3170 C
1734 3148 1806 3203 tia
1836 3148 1905 3201 ".
1940 3164 1960 3199 ι
1998 3145 2176 3201 Etiam
2221 3144 2312 3199 hic
2347 3143 2558 3198 intuere
2590 3143 2785 3197 miram
2825 3139 2877 3193 in
2910 3111 3302 3207 Apostoliser-

1731 3254 1891 3295 mone
1920 3237 2207 3295 cautelam.
2239 3235 2370 3292 Cum
2396 3237 2463 3290 de
2492 3235 2647 3291 nobis
2685 3232 2950 3303 loquitur,
2978 3230 3110 3285 dicit
3138 3229 3249 3302 (81)
3278 3244 3297 3284 :

1735 3350 1755 3385 ι
1784 3332 2075 3387 Peccatum
2100 3329 2252 3385 vobis
2286 3343 2392 3384 non
2422 3325 2791 3382 dominabitur
2817 3342 2833 3378 :
2873 3341 2893 3376 ι
2936 3337 3058 3378 cum
3084 3322 3153 3377 de
3183 3321 3304 3377 Sal-

1726 3432 1916 3480 vatore
1941 3423 2280 3493 loqueretur,
2302 3435 2408 3476 non
2440 3418 2580 3476 dixit
2609 3434 2623 3470 :
2667 3414 2955 3470 Peccatum
2986 3427 3092 3467 non
3125 3411 3302 3466 domi-

1729 3518 1950 3573 nabitur
1973 3517 1992 3585 (
2011 3528 2186 3586 neque
2216 3515 2364 3571 enim
2405 3512 2478 3568 ita
2508 3511 2578 3567 de
2604 3524 2670 3565 eo
2726 3507 2831 3562 dici
2862 3504 3168 3575 decebat),
3209 3504 3304 3560 sed

1734 3611 1846 3666 ait:
1892 3627 1913 3662 ι
1945 3607 2088 3663 Mors
2117 3607 2166 3663 ei
2195 3606 2336 3661 ultra
2380 3620 2489 3660 non
2524 3599 2898 3659 dominabitur
2941 3598 3010 3651 τ’.
3049 3614 3069 3649 ι
3110 3595 3302 3651 Mortis

1731 3703 1877 3760 enim
1900 3701 1954 3758 in
1984 3717 2050 3759 eo
2079 3699 2183 3755 fuit
2210 3698 2383 3764 locus,
2415 3694 2620 3767 peccati
2668 3690 2865 3747 nullus.
2892 3688 2965 3743 At
3017 3696 3211 3743 contra
3236 3687 3303 3742 de

1734 3796 1891 3852 nobis
1923 3808 2023 3851 nec
2055 3790 2415 3849 conveniebat
2461 3786 2568 3843 dici
2603 3803 2618 3838 :
2677 3783 2822 3839 Mors
2849 3779 3008 3836 vobis
3063 3793 3168 3834 non
3204 3778 3302 3834 do-

1732 3890 2062 3955 minabitur;
2087 3886 2192 3941 boc
2220 3882 2366 3939 enim
2414 3892 2612 3936 cavere
2663 3890 2769 3931 non
2809 3886 3134 3945 possumus;
3166 3869 3259 3925 sed
3286 3908 3301 3930 ,

1740 4003 1759 4037 ι
1784 3985 2077 4039 Peccatum
2095 3977 2250 4033 vobis
2275 3989 2380 4032 non
2403 3969 2807 4034 dominabitur;
2841 3986 2862 4020 ι
2888 3965 3032 4036 quod
3057 3963 3174 4019 sine
3200 3962 3302 4015 du-

1736 4077 1829 4132 bio
1857 4074 2023 4129 sciret
2056 4072 2232 4125 vitare
2258 4080 2359 4122 nos
2403 4076 2564 4139 posse
2601 4060 2735 4133 (83),
2765 4055 3061 4115 secundum
3100 4068 3162 4109 ea
3187 4064 3303 4121 qua

1735 4165 1988 4236 superius
2018 4156 2280 4226 diximus,
2313 4157 2359 4213 si
2403 4153 2792 4211 mortificemus
2841 4142 3306 4215 concupiscentias

1741 4235 1944 4326 carnis,
1971 4256 2025 4311 in
2046 4253 2244 4311 quibus
2274 4258 2556 4321 peccatum
2588 4251 2803 4317 poterat
2844 4237 3138 4297 dominari.
3174 4235 3307 4289 Pro-

159 4437 198 4469 “
224 4437 363 4493 Psal.
394 4448 628 4498 Lxxxm,
657 4432 710 4487 5.
788 4430 833 4462 ⁸⁵
859 4428 875 4480 l
910 4426 1036 4481 Cor.
1063 4439 1139 4486 vt,
1165 4420 1254 4498 lli,
1274 4419 1402 4498 l7.__
1431 4413 1633 4498 fil-iota

1819 4449 1824 4470 ,
1858 4403 1946 4459 10.
2020 4400 2064 4433 ⁸⁷
2096 4397 2253 4453 Rom.
2277 4411 2351 4461 vt,
2374 4395 2425 4448 7.
2506 4392 2551 4424 ⁸⁸
2581 4390 2601 4445 l
2629 4389 2753 4446 Cor.
2791 4358 2881 4451 xv,
2912 4383 3001 4438 55.
3074 4381 3119 4412 δ’
3149 4379 3306 4435 Rom.

86 4520 153 4573 Vt,
176 4509 255 4566 15.

171 4765 256 4831 68)
294 4764 454 4831 Editi,
488 4781 507 4815 ι
534 4759 717 4830 jnnxit
743 4772 824 4831 se.
855 4775 874 4809 ι

171 4769 256 4831 68)
294 4769 454 4831 Editi,
488 4781 507 4815 ι
534 4769 717 4830 jnnxit
743 4772 824 4812 se.
855 4775 874 4809 ι

152 4769 259 4907 (69)
292 4836 428 4889 Editi
453 4871 477 4907 ,_
502 4851 522 4883 ι
559 4832 668 4886 Cur
700 4829 868 4899 igitur
907 4823 1127 4880 additur
1166 4815 1414 4883 mortali,
1453 4834 1472 4867 ι
1525 4824 1634 4871 etc.

95 4902 186 4959 Sed
221 4902 345 4960 mss.
378 4914 438 4959 ut
464 4903 517 4957 in
543 4910 727 4955 nostro
757 4907 928 4953 textu.

154 4974 256 5047 (7o)
294 4976 472 5047 Ialm.
511 4991 531 5025 ‹
565 4972 790 5047 quas»

155 5037 259 5111 (71)
309 5044 427 5100 γεω
457 5037 557 5099 est.
583 5037 762 5106 'Editi,
809 5058 828 5092 ι
858 5037 1012 5091 vivit.
1050 5054 1070 5089 ι

156 5096 689 5188 (Ἰῆ-ΕιίίιίᾹ-ιιιιοά
727 5096 972 5188 mortuus
996 5115 1103 5164 est.
1137 5099 1465 5188 iustine-atus
1485 5096 1633 5188 diei-

98 5175 195 5242 tur.
217 5175 383 5240 t'Mss.
412 5175 630 5254 quidam
659 5191 713 5237 et
737 5180 1015 5254 Rabanus,
1050 5193 1069 5227 ι
1092 5175 1182 5254 qui
1212 5181 1456 5254 mortuus
1479 5177 1583 5232 est,
1608 5184 1627 5220 ι

96 5266 190 5311 etc.
226 5255 326 5313 Sed
360 5248 561 5312 rectius
591 5266 691 5306 ms.
722 5267 861 5306 unus
891 5257 945 5302 ut
981 5248 1035 5302 in
1064 5252 1253 5300 nostro
1282 5250 1453 5296 textu.

159 5327 262 5397 (73)
298 5326 465 5397 Alias,
508 5342 529 5377 ι
562 5333 655 5378 aut
677 5322 909 5397 furatur.
945 5336 1013 5397 »Α
1068 5352 1073 5361 .

161 5378 263 5469 (ᾗ)
301 5378 589 5469 Μέξῖηιιξι,
622 5412 642 5445 ι
681 5393 733 5446 in
763 5387 1017 5469 praesenti
1063 5378 1636 5469 capitulonltpostoligis

102 5449 686 5522 commone‘rehvidétur
725 5449 1037 5530 adjiciens,
1084 5475 1104 5507 ι
1132 5449 1264 5509 ἐξω.
1310 5449 1471 5513 Editi,
1509 5468 1528 5500 ι
1576 5449 1635 5530 in

102 5520 474 5605 praesentilo'eo
498 5536 574 5589 ita
597 5520 885 5604 Apostolus
911 5520 1125 5582 videtur
1171 5536 1515 5605 commonere
1557 5520 1640 5572 di-

105 5593 218 5662 cens
272 5627 286 5663 :
339 5608 394 5662 In
437 5593 665 5674 corpore
709 5612 890 5674 vestro
932 5607 1169 5654 mortuo.
1218 5593 1368 5648 Alius
1392 5593 1641 5674 fortasse

105 5661 289 5748 diceret
321 5661 481 5748 quod.
528 5661 551 5727 ἱ
596 5670 835 5748 Deinde,
887 5689 906 5722 ι
952 5678 1221 5748 mortuum
1262 5661 1581 5719 nominavit.
1615 5676 1635 5710 ι

105 5744 198 5802 Sed
221 5744 450 5817 potiores
473 5755 689 5819 masqut
708 5744 761 5798 in
790 5752 977 5799 nostro
1005 5746 1175 5797 textu.

325 4483 372 4540 ’ἦ
833 4499 879 4530 '“
913 4498 1065 4552 Rom.
1092 4483 1169 4558 vt,
1195 4483 1280 4547 14.
1356 4489 1403 4522 ⁷⁸
1430 4486 1561 4543 ibid.
1591 4483 1647 4538 9.

1811 4592 1924 4666 (75)
1953 4589 2112 4666 Editi,
2137 4605 2157 4638 ι
2189 4584 2377 4666 adepta
2407 4576 2843 4666 inmortalitate;
2864 4592 2883 4625 ι
2913 4571 3040 4666 Mf?»
3063 4566 3311 4639 ίίυῖάτηηο

1745 4685 1764 4718 σ
1800 4646 2017 4731 indepta
2048 4646 2481 4715 iunmortalitate,
2513 4669 2532 4701 ι
2560 4650 2717 4703 male.
2739 4646 2845 4700 Sed
2869 4652 3018 4699 recte
3046 4655 3149 4694 ιιιε.
3171 4654 3314 4693 unus

1735 4744 1796 4791 ut
1827 4736 1879 4787 in
1917 4740 2102 4786 nostro
2138 4736 2307 4781 textu.

1807 4780 2126 4876 (iiii-Alias,
2171 4780 2206 4848 ίι
2239 4808 2387 4866 qua;
2423 4811 2441 4843 ι
2469 4788 2864 4876 alni-quamn»
2903 4780 3313 4876 EltApaulo‘post

1737 4854 2217 4944 editi—perperam,
2257 4854 2280 4917 ἱ
2312 4854 2463 4918 arma
2499 4868 2683 4915 nostra
2709 4854 2998 4926 praebenda
3029 4864 3307 4921 peccato,»

1737 4958 1924 5081 emt“)
1956 5012 2133 5078 Alias,
2194 5024 2214 5057 ι
2252 5019 2361 5059 non
2393 5012 2499 5055 tam
2529 4997 2794 5055 membra.
2831 5012 2852 5045 ι

1811 5018 1928 5159 (78)
1963 5083 2141 5148 Editi,
2178 5097 2197 5130 ι
2226 5077 2295 5131 ad
2355 5071 2739 5129 effundendum
2791 5078 2852 5122 eu

1838 5060 2141 5157 Editi',
2178 5097 2197 5130 ι
2226 5077 2295 5131 ad
2355 5071 2739 5129 effundendum
2791 5078 2918 5122 eum
2969 5060 3320 5116 ministrave-

1743 5158 1872 5215 l'itlt.
1907 5174 1926 5206 ι

1822 5202 1937 5300 (ἦθ’)
1968 5224 2120 5300 Alias
2154 5230 2444 5293 perperam
2465 5252 2481 5280 ,
2532 5230 2552 5264 ι
2586 5218 2750 5280 atque
2782 5205 2836 5261 in
2865 5202 3119 5263 omnibus
3148 5211 3320 5253 mem-

1742 5296 1857 5355 bris
1883 5296 2103 5351 nostris.
2138 5312 2157 5345 ι

1817 5349 1941 5440 (30f
1964 5349 2140 5440 Editi.
2182 5380 2202 5412 ι
2237 5366 2446 5440 vestra,
2475 5374 2493 5407 ι
2522 5349 2681 5407 male.

1841 5430 1932 5497 81')
1962 5435 2102 5488 Editi
2127 5472 2143 5497 ,
2181 5451 2199 5483 ι
2230 5430 2439 5483 dicens.
2477 5443 2509 5497 »ί
2565 5492 2578 5497 _
2698 5490 2710 5497 _
2754 5487 2803 5497 __
2951 5482 2965 5495 ,
2990 5496 3023 5497 η
3067 5489 3107 5497 __
3138 5476 3188 5497 _,

1841 5441 1904 5493 8f
1962 5441 2102 5488 Editi
2127 5472 2143 5497 ,
2181 5451 2199 5483 ι
2230 5441 2439 5483 dicens.
2477 5443 2496 5476 ι
3176 5476 3188 5488 ο

1818 5441 1932 5581 (δὲ)
1970 5506 2069 5560 Ms.
2099 5517 2237 5556 unus
2257 5540 2274 5565 ,
2305 5517 2324 5550 ι
2357 5496 2512 5577 Quod
2532 5492 2663 5581 sine
2680 5487 2855 5581 dubio
2889 5482 3044 5581 scire“
3057 5489 3113 5535 et
3127 5485 3315 5581 fluit-fe

1748 5548 2446 5648 ηοῖἷῖοὲξέὀὀὶἱξῐερὶᾼυξει
2471 5548 2878 5643 utortificemus,
2913 5574 2931 5605 ι
2960 5562 3067 5607 etc.
3119 5548 3270 5602 Alias
3297 5586 3314 5610 ,

1754 5633 1958 5718 {Quod
1987 5641 2285 5718 sinedubio
2310 5638 2453 5692 seire
2474 5644 2531 5689 et
2574 5633 2748 5687 vitare
2791 5642 2899 5682 non
2931 5634 3314 5694 possumus....

1752 5723 1796 5779 si
1817 5710 1936 5777 ἶιοη
1967 5710 2377 5772 rnortificemus.
2412 5724 2430 5758 ι
2456 5714 2562 5760 etc.
