3692 6138
356 278 492 337 1059

1807 261 1964 319 ORIG
1974 257 2125 314 ENIS

3491 253 3618 311 1060

361 409 550 473 pterea
579 393 724 451 enim
761 390 1042 464 subiungit
1069 405 1085 443 :
1138 407 1157 440 ι
1191 387 1306 444 Non
1333 388 1480 443 enim
1502 385 1603 442 sub
1635 384 1750 456 iege
1771 385 1925 447 estis,
1958 382 2005 438 Δ
2034 379 2180 432 dicat
2210 389 2448 432 servum.
2483 368 2540 429 In
2564 386 2689 444 quo,
2728 381 2787 428 ut
2817 368 2948 441 dixi,
2983 370 3192 444 absque
3239 369 3355 426 ulla
3393 383 3615 428 Cuncta.

354 491 446 547 sed
477 487 575 544 sub
606 485 782 558 gratia
812 502 828 552 ;
866 505 884 537 ι
924 491 978 537 et
1025 481 1307 538 evidenter
1350 478 1588 535 ostendit
1619 492 1686 531 ex
1719 474 1802 531 his
1833 491 1930 530 nos

355 597 464 638 non
500 593 622 634 esse
668 575 771 632 sub
802 575 921 644 lege
950 573 1039 628 illa
1074 586 1237 641 quam
1289 569 1342 624 in
1397 565 1657 622 membris
1697 566 1930 634 positam

356 683 664 742 repugnare
695 667 831 724 dicit
857 666 960 738 legi
996 664 1196 719 mentis
1217 662 1290 727 ⁷³,
1338 661 1464 730 quia
1500 658 1590 729 qui
1638 656 1932 713 mortificat

356 765 600 822 membra
615 779 736 829 sua,
760 769 969 817 certum
989 768 1073 814 est
1097 757 1239 826 quod
1268 771 1374 811 non
1405 757 1475 810 sit
1491 753 1591 808 sub
1618 751 1734 823 lege
1756 765 1930 804 mem-

355 860 600 922 brorum,
631 856 745 911 sed.
759 855 858 909 sub
885 851 1058 923 gratia
1093 850 1208 905 Dei.
1239 849 1311 902 De
1331 849 1435 902 hac
1456 845 1577 915 lege
1607 854 1661 898 et
1694 843 1822 898 alibi
1848 841 1932 896 di-

357 949 458 1014 cit,
491 947 617 1017 quia
650 963 668 997 ι
707 945 880 999 virtus
908 941 1114 1012 peccati
1147 940 1232 994 lex
1259 934 1326 992 ⁷⁵.
1368 957 1388 991 ι
1421 936 1480 992 Si
1515 937 1638 1005 quis
1661 949 1790 990 vero
1818 933 1930 1005 (83)

355 1041 485 1096 velit
540 1040 653 1096 haec
701 1037 943 1106 accipere
997 1033 1061 1088 de
1090 1033 1205 1102 lege
1230 1029 1425 1101 Moysi,
1457 1026 1590 1082 illud
1619 1027 1736 1082 sine
1766 1024 1930 1080 dubio

354 1134 523 1198 dicet,
549 1135 692 1202 quod
731 1145 838 1184 non
881 1142 1067 1182 sumus
1107 1125 1206 1181 sub
1256 1124 1374 1194 lege
1405 1122 1600 1176 litterae
1639 1134 1757 1189 quac
1785 1118 1932 1173 occi-

360 1229 461 1291 dit,
501 1226 596 1282 sed
623 1224 722 1280 sub
752 1223 868 1292 lege
893 1219 1115 1290 spiritus
1140 1233 1260 1286 quae
1289 1214 1612 1281 vivificat",
1642 1229 1804 1284 quam
1839 1211 1929 1268 hic

357 1321 588 1392 gratiam
624 1315 942 1372 nominavit.

424 1414 478 1466 2.
517 1432 536 1464 ι
569 1411 708 1478 Quid
732 1407 901 1476 ergo?
930 1404 1306 1470 Peccabimus,
1336 1399 1462 1472 quia
1492 1416 1598 1456 non
1623 1413 1809 1455 sumus
1829 1396 1930 1454 sub

351 1488 496 1575 lege,
524 1503 616 1557 sed
654 1501 756 1556 sub
785 1495 1174 1568 gratia?Absit
1202 1493 1269 1546 τε.
1305 1510 1323 1543 ι
1359 1490 1552 1546 Simile
1585 1489 1796 1544 videtur
1828 1488 1932 1543 hoc

354 1595 435 1652 illi
483 1594 652 1657 dicto,
678 1589 820 1659 quod
853 1587 1108 1658 superius
1139 1583 1491 1654 exposuimus
1521 1595 1536 1634 :
1574 1600 1593 1633 ι
1633 1580 1770 1649 Quid
1801 1594 1929 1650 ergo

353 1686 646 1743 dicemus?
677 1682 1122 1738 Permauebimus
1147 1679 1199 1733 in
1227 1684 1450 1748 peccato
1469 1683 1526 1730 ut
1561 1675 1731 1746 gratia
1760 1674 1931 1729 abun-

350 1779 486 1834 det?
521 1776 790 1842 Absit";
826 1793 844 1827 ι
881 1784 936 1830 et
965 1775 1086 1828 ideo
1114 1785 1219 1826 una
1253 1779 1416 1838 atque
1467 1768 1658 1823 eadem
1714 1766 1931 1836 utrique

353 1869 472 1925 loco
501 1867 732 1924 sufﬁciat
766 1864 1101 1936 explanatio.
1132 1861 1247 1916 Hoc
1284 1860 1456 1916 solum
1490 1867 1575 1913 est
1597 1858 1744 1928 quod
1776 1858 1925 1912 vide-

355 1975 443 2018 tur
468 1962 668 2016 habere
701 1958 1066 2016 differentiam
1091 1995 1105 2020 ,
1155 1955 1297 2025 quod
1331 1953 1384 2007 in
1419 1951 1798 2022 superioribus
1837 1948 1927 2004 ubi

353 2057 527 2110 dicit:
568 2073 588 2106 ι
627 2053 768 2120 Quid
807 2047 979 2122 ergo?
1022 2049 1471 2104 Permanebimus
1502 2047 1556 2101 in
1591 2041 1866 2116 peccato?
1903 2060 1924 2094 ι

355 2148 512 2218 quasi
539 2146 623 2200 his
649 2147 740 2215 qui
782 2147 1022 2200 nondum
1053 2143 1408 2198 discesserint
1458 2156 1488 2194 a
1545 2148 1766 2208 peccato
1822 2135 1929 2190 dici

353 2241 588 2305 videtur,
615 2252 682 2293 ne
711 2245 1063 2307 permaneant
1093 2233 1146 2288 in
1182 2247 1246 2288 eo
1274 2234 1327 2287 in
1352 2248 1459 2301 quo
1489 2246 1613 2286 esse
1634 2230 1810 2284 adhuc
1843 2226 1928 2282 vi-

352 2330 626 2384 debantur
653 2346 666 2382 :
698 2327 790 2382 hic
823 2340 957 2380 vero
1005 2335 1260 2392 tauquam
1301 2324 1368 2377 ab
1418 2318 1502 2376 his
1538 2321 1628 2391 qui
1676 2317 1789 2388 jam
1816 2317 1928 2389 (84)

353 2421 710 2476 discesserint
749 2435 780 2472 a
821 2426 1062 2486 peccato,
1097 2412 1216 2472 fieri
1251 2416 1467 2469 videtur
1519 2411 1881 2481 interrogatio
1910 2426 1924 2463 :

351 2522 408 2566 et
442 2511 538 2586 ibi,
571 2519 629 2564 ut
651 2510 812 2580 quasi
842 2508 1036 2581 gratia,
1066 2523 1185 2578 quae
1211 2508 1450 2562 nondum
1503 2514 1620 2560 erat
1641 2545 1656 2569 ,
1687 2505 1929 2558 abunda-

354 2612 479 2668 ret;
521 2603 608 2657 bic
631 2609 810 2656 autem
842 2609 1104 2668 tanquam
1131 2606 1404 2669 prtesente
1434 2593 1544 2666 jam
1571 2595 1742 2667 gratia
1775 2594 1925 2662 dicit,

356 2712 377 2748 ι
409 2692 535 2764 quia
567 2709 674 2748 non
715 2707 900 2747 sumus
927 2691 1027 2746 sub
1055 2691 1207 2761 lege,
1242 2690 1337 2745 sed
1377 2687 1476 2744 sub
1505 2686 1682 2758 gratia
1743 2687 1847 2737 ⁷⁸.»

417 2789 474 2843 5.
512 2807 531 2840 ‹
563 2786 792 2844 Nescitis
821 2787 946 2855 quia
974 2787 1058 2841 cui
1083 2783 1356 2839 exbibetis
1377 2798 1474 2836 vos
1496 2795 1687 2838 servos
1711 2779 1776 2834 ad
1800 2780 1930 2834 obe-

353 2880 634 2943 dicndum,
666 2879 808 2934 servi
841 2877 972 2932 estis
1020 2875 1136 2943 ejus
1186 2873 1270 2929 cui
1327 2872 1598 2937 obeditis,
1649 2871 1762 2926 sive
1801 2884 1929 2939 pec—

352 2971 459 3024 cati
500 2971 566 3024 ad
607 2981 858 3033 mortem,
892 2970 1007 3023 sive
1038 2966 1364 3022 obedientiaa
1393 2967 1461 3020 ad
1486 2963 1752 3034 justitiam
1772 2961 1928 3033 (85)?

2031 482 2178 536 tione
2213 480 2266 534 in
2303 478 2461 534 nobis
2488 491 2608 534 esse
2647 479 2887 534 ostendit
2938 477 3146 534 arbitrii
3185 477 3537 536 libertatem.
3567 481 3618 536 in

2033 573 2188 627 nobis
2216 583 2450 640 namque
2500 577 2581 624 est
2620 569 2885 625 exhibere
2939 569 3312 626 obedientiam
3375 579 3618 625 nostram

2033 664 2381 736 veljustitiaz,
2417 662 2502 718 vel
2535 672 2781 732 peccato.
2829 681 2848 714 ‹
2885 661 3054 718 Nemo
3091 682 3110 714 ι
3145 673 3342 717 autem
3383 681 3403 714 σ
3443 675 3620 732 potest

2035 757 2247 810 duobus
2286 752 2446 809 slmul
2499 751 2736 807 dominis
2763 753 2995 819 servire,
3040 772 3060 806 ι
3096 763 3345 824 peccato
3373 762 3431 807 et
3460 754 3618 821 justi-

2033 851 2140 904 tize.
2177 866 2196 900 ‹
2231 849 2336 903 Aut
2365 846 2511 902 enim
2546 861 2714 900 unum
2768 846 2893 925 odio
2937 846 3162 902 habebit
3191 888 3210 914 ,
3268 865 3290 900 ι
3330 857 3618 916 peccatum

2031 941 2260 1005 scilicet,
2292 959 2310 991 ι
2347 949 2399 994 et
2426 938 2586 994 alium
2609 939 2834 1005 amabit,
2871 957 2891 990 ι
2926 939 2977 994 id
3007 939 3395 1009 estjustitiam
3425 958 3442 992 :
3481 957 3501 991 ι
3532 951 3616 993 aut

2031 1034 2270 1102 patietur
2300 1047 2483 1098 unum,
2521 1051 2540 1084 ι
2584 1032 2790 1087 scilicet
2838 1041 3117 1102 peccatum
3161 1030 3444 1086 duntaxat
3469 1070 3488 1093 .
3520 1051 3540 1083 ε
3569 1042 3617 1086 et

2030 1132 2196 1186 alium
2227 1139 2539 1186 contemnet
2563 1131 2632 1197 ει,
2669 1149 2688 1184 ι
2720 1131 2775 1184 id
2803 1139 2886 1184 est
2943 1127 3236 1199 justitiam.
3271 1127 3481 1183 Simile
3496 1143 3618 1196 ergo

2030 1231 2188 1276 estet
2213 1223 2357 1291 quod
2395 1221 2532 1277 dixit
2559 1221 2853 1292 Apostolus
2889 1235 2906 1274 :
2947 1239 2967 1272 ι
3020 1219 3178 1275 Servi
3208 1221 3335 1289 ejus
3365 1221 3511 1276 estis
3535 1222 3614 1276 cui

2030 1313 2314 1377 obedistis,
2357 1313 2472 1369 sive
2509 1314 2764 1383 peccati,
2813 1313 2930 1369 sive
2972 1313 3202 1383 justitize
3250 1311 3325 1366 θ’.
3369 1329 3390 1364 9
3423 1311 3538 1367 Sed
3565 1323 3614 1367 et

2031 1406 2174 1476 quod
2208 1406 2408 1460 dicitur
2435 1423 2448 1460 :
2479 1423 2496 1456 ι
2531 1404 2718 1462 Omnis
2735 1405 2826 1475 qui
2849 1404 2959 1476 (90)
2991 1405 3123 1460 facit
3149 1411 3476 1474 peccatum,
3501 1419 3612 1458 ser-

2031 1514 2130 1554 vus
2164 1508 2246 1554 est
2275 1499 2481 1570 peccati
2502 1497 2568 1563 8’,
2598 1516 2618 1549 ι
2656 1499 2721 1552 ad
2751 1499 2852 1553 hoc
2875 1499 3115 1568 respicit,
3150 1497 3414 1567 quamvis
3454 1496 3612 1551 etiam

2040 1604 2147 1644 non
2173 1588 2436 1659 adjecerit
2471 1603 2486 1642 :
2518 1587 2583 1641 Et
2621 1589 2798 1644 omnis
2825 1589 2914 1656 qui
2948 1589 3144 1644 fecerit
3175 1588 3486 1657 justitiam,
3509 1599 3612 1642 ser-

2034 1699 2134 1739 vus
2169 1691 2254 1739 est
2278 1683 2520 1752 iustitiae.
2550 1682 2704 1750 Quod
2744 1681 2998 1737 fortassis
3031 1691 3183 1751 putet
3230 1681 3382 1736 alius
3411 1681 3612 1736 idcirco

2033 1776 2408 1838 subrclictum,
2444 1784 2502 1830 ut
2522 1776 2675 1846 quasi
2707 1790 2774 1830 ex
2806 1775 3267 1845 consequentibus
3299 1773 3508 1828 debeat
3533 1774 3609 1827 in-

2034 1870 2223 1939 telligi.
2255 1869 2384 1924 Mihi
2429 1877 2608 1924 tamen
2649 1867 2862 1923 videtur
2909 1866 3022 1935 (91)
3059 1866 3321 1923 consulto
3373 1881 3489 1922 non
3530 1866 3611 1919 ad-

2031 1965 2229 2021 ditum.
2261 1963 2446 2032 Neque
2477 1961 2622 2015 enim
2672 1959 3038 2015 conveniebat
3091 1960 3219 2022 dici,
3265 1960 3402 2028 quia
3435 1960 3609 2013 omnis

2032 2059 2122 2127 qui
2147 2055 2276 2111 facit
2296 2055 2587 2124 justitiam,
2614 2068 2807 2108 servus
2830 2062 2910 2108 est
2930 2052 3170 2122 justitiae.
3202 2051 3344 2106 Nam
3378 2062 3439 2106 et
3476 2050 3609 2106 Deus

2033 2150 2148 2220 ipse
2176 2149 2307 2203 facit
2331 2148 2622 2220 justitiam,
2653 2156 2705 2201 et
2741 2162 2846 2200 non
2878 2146 3082 2200 idcirco
3127 2159 3329 2200 servus
3381 2143 3606 2212 justiti:

2033 2241 2141 2296 dici
2182 2251 2390 2310 potest,
2448 2241 2542 2297 sed
2573 2239 2800 2310 justitiae
2855 2238 3109 2292 Dominus
3142 2233 3277 2308 (92).
3326 2233 3451 2289 Non
3486 2251 3608 2306 ergo

2033 2333 2107 2388 ita
2132 2334 2309 2388 otnnis
2338 2331 2430 2401 qui
2467 2333 2594 2388 facit
2618 2332 2909 2402 justitiam,
2951 2345 3139 2384 servus
3164 2329 3533 2396 eSIjustitiae.
3558 2338 3608 2381 at

2031 2427 2208 2482 omnis
2233 2427 2324 2496 qui
2355 2425 2486 2480 facit
2517 2434 2824 2494 peccatum,
2857 2437 3048 2478 servus
3083 2433 3165 2477 est
3195 2420 3444 2489 peccati.
3480 2419 3603 2473 Nam

2031 2523 2084 2569 et
2131 2514 2247 2584 ipse
2289 2513 2531 2569 diabolus
2579 2513 2694 2569 sine
2751 2512 2914 2567 dubio
2958 2509 3161 2579 peccati
3227 2525 3430 2564 servus
3478 2521 3558 2563 est
3588 2551 3603 2577 ,

2030 2607 2228 2675 quippe
2256 2606 2345 2676 qui
2377 2607 2627 2661 discessit
2657 2619 2687 2658 a
2717 2605 2976 2660 servitute
3017 2601 3264 2670 iustitiae,
3293 2612 3356 2656 et
3392 2602 3449 2655 in
3484 2617 3604 2655 cou-

2030 2710 2214 2766 spectu
2232 2695 2441 2751 Domini
2470 2695 2857 2764 omnipotentis
2888 2693 3187 2756 rebellavit,
3213 2701 3450 2762 propter
3473 2689 3604 2761 quod

2030 2795 2085 2842 et
2112 2795 2356 2857 apostata
2387 2785 2684 2856 appellatus
2722 2793 2825 2840 est.
2863 2783 3087 2839 Constat
3115 2796 3250 2854 ergo
3273 2799 3344 2838 ex
3371 2784 3462 2837 bis
3487 2795 3606 2837 ver-

2030 2879 2114 2934 bis
2141 2880 2336 2949 quibus
2363 2878 2560 2933 Paulus
2595 2876 2727 2932 dicit
2781 2877 2891 2949 (95)
2924 2892 2939 2929 :
2979 2895 2998 2928 α
3037 2876 3175 2942 Quia
3201 2876 3290 2931 cui
3329 2876 3601 2930 exbibetis

2030 2988 2128 3028 vos
2153 2987 2340 3027 servos
2363 2975 2430 3027 ad
2468 2971 2853 3036 obediendum,
2875 2969 3016 3024 servi
3042 2971 3172 3023 estis
3194 2970 3282 3023 cui
3317 2969 3602 3031 obedistis.

353 3061 574 3116 Gra‘ias
608 3071 788 3116 autem
821 3059 933 3115 D00
969 3060 1224 3129 ql'oniam
1261 3057 1440 3146 ίυῖειῖδ
1479 3057 1622 3111 Seni
1677 3054 1882 3125 P0003“
1911 3095 1924 3121 ν
1955 3089 1997 3146 C
2032 3064 2146 3120 sive
2176 3064 2403 3132 peccati,
2439 3062 2556 3118 sive
2601 3062 2831 3133 justitite
2853 3062 2922 3128 ⁸⁸,
2958 3081 2977 3114 ι
3015 3063 3140 3132 quia
3178 3070 3381 3130 Sponte
3413 3069 3600 3114 nostra

355 3151 621 3207 obedistis
648 3161 826 3206 autem
859 3166 925 3206 ex
957 3150 1126 3205 corde
1151 3148 1202 3201 in
1233 3162 1353 3202 eam
1389 3145 1615 3201 formam
1641 3145 1926 3209 doctrinm,

353 3245 408 3299 in
449 3259 613 3314 quam
663 3242 847 3299 traditi
882 3243 1036 3296 estis.
1075 3240 1317 3295 Liberali
1370 3248 1551 3294 autem
1598 3252 1627 3291 a
1679 3246 1926 3307 peccato,

354 3339 498 3394 servi
533 3333 659 3391 facti
694 3337 829 3391 estis
852 3335 1076 3406 justitize
1117 3335 1161 3367 7°
1195 3332 1329 3406 (86).
1365 3352 1383 3384 )
1422 3331 1651 3386 Videtur
1685 3329 1930 3387 fortassis

358 3431 542 3486 minus
582 3431 790 3498 integra
827 3429 1063 3484 elocutio
1091 3428 1234 3498 quod
1264 3429 1340 3481 ait
1369 3445 1384 3483 :
1423 3444 1441 3476 ‹
1471 3425 1623 3480 Servi
1653 3426 1785 3481 estis
1815 3425 1926 3498 (87)

352 3520 470 3588 ejus
501 3519 587 3573 cui
619 3519 900 3582 obedistis,
929 3518 1043 3572 sive
1069 3516 1356 3586 peccatiad
1381 3524 1635 3581 mortem,
1659 3515 1771 3569 sive
1802 3516 1928 3569 obe-

355 3613 576 3666 dienlire
639 3611 706 3664 ad
763 3609 1094 3681 justitiam;
1158 3627 1177 3660 ›
1235 3624 1360 3662 cum
1421 3607 1562 3662 ratio
1622 3607 1931 3676 poposcerit

353 3703 458 3758 dici
500 3719 518 3760 ;
554 3701 708 3756 Servi
757 3701 888 3756 estis
944 3699 1059 3769 ejus
1099 3700 1185 3753 cui
1217 3698 1498 3766 obedistis,
1538 3699 1650 3754 sive
1675 3699 1878 3766 peccati
1911 3739 1926 3763 ,

355 3792 466 3846 sive
492 3792 715 3862 justitize
751 3806 848 3859 per
870 3791 1258 3846 obedientiam.
1294 3789 1402 3844 Sed
1431 3791 1484 3843 in
1517 3805 1582 3844 eo
1617 3790 1710 3857 qui
1746 3804 1802 3843 se
1827 3790 1930 3843 im-

357 3887 516 3955 periti
540 3883 812 3939 sermonis
835 3891 1028 3953 sponte
1048 3882 1393 3952 profitetur,”
1420 3880 1555 3952 (88),
1582 3891 1753 3935 artem
1783 3897 1930 3936 com-

358 3977 643 4046 positionis
690 3976 985 4030 verborum
1045 3975 1326 4044 requirere
1382 3972 1713 4044 superlluum
1754 3985 1926 4044 puto,

355 4085 481 4124 cum
513 4084 704 4124 sensus
752 4068 978 4123 evidens
1009 4067 1297 4122 habeatur.
1332 4065 1444 4121 Hoc
1497 4075 1581 4121 est
1622 4082 1752 4137 ergo
1783 4067 1926 4138 quod

355 4160 410 4216 in
469 4164 571 4215 huc
627 4160 746 4215 loco
803 4159 1094 4228 Apostolus
1154 4159 1371 4225 docet;
1431 4159 1560 4229 quia
1625 4160 1932 4227 unusquis-

355 4269 460 4323 que
486 4254 540 4308 in
561 4269 720 4308 manu
747 4268 841 4308 sua
868 4251 1030 4309 habet
1050 4262 1107 4308 et
1135 4253 1188 4307 in
1214 4252 1428 4307 arbitrii
1449 4260 1740 4324 potestate,
1765 4253 1926 4324 572

356 4358 416 4400 ut
445 4356 533 4401 aut
557 4346 760 4417 peccati
790 4361 978 4401 servus
1006 4346 1098 4411 sit,
1133 4346 1492 4414 autjustitiae.
1512 4346 1594 4400 Ad
1631 4361 1930 4415 quamcun-

2033 3157 2133 3227 ipsi
2167 3172 2263 3210 nos
2294 3155 2404 3227 (94)
2440 3155 2780 3220 exhibemus,
2803 3154 2948 3209 nullo
2975 3163 3224 3224 cogente,
3262 3153 3355 3206 vel
3377 3162 3602 3222 peccato

2032 3247 2238 3302 servire
2269 3247 2353 3302 vel
2395 3245 2615 3313 iustitia:
2656 3259 2753 3316 per
2809 3245 3169 3299 obedientiam
3231 3252 3482 3298 nostram
3511 3261 3524 3297 :
3555 3252 3605 3294 et

2033 3340 2153 3393 ideo
2185 3353 2397 3408 semper
2428 3339 2620 3392 horum
2653 3338 2964 3391 meminisse
2999 3338 3281 3401 debemus,
3316 3349 3388 3390 ne
3415 3337 3602 3390 inanes

2031 3430 2283 3502 querelas
2313 3432 2366 3484 in
2413 3428 2623 3500 peccati
2679 3429 3033 3482 excusatione
3067 3427 3439 3497 proferamus,
3465 3428 3600 3496 quod

2032 3522 2274 3576 diabolus
2306 3520 2498 3575 fecerit
2527 3530 2584 3574 ut
2625 3533 2998 3587 peccaremus,
3026 3529 3118 3572 aut
3145 3529 3359 3572 natura:
3416 3532 3601 3572 necesn

2032 3613 2188 3677 sitas,
2220 3622 2313 3667 aut
2337 3611 2516 3666 fatalis
2540 3612 2800 3676 conditio,
2821 3620 2914 3664 aut
2948 3624 3139 3664 cursus
3161 3619 3442 3664 astrortnn
3471 3609 3597 3679 (95).

2033 3708 2136 3760 Sed
2172 3708 2296 3761 audi
2353 3716 2594 3776 apertam
2643 3703 2790 3758 Pauli
2831 3704 3156 3758 sententiam
3185 3743 3204 3769 ,
3257 3717 3370 3772 qua
3422 3703 3594 3756 dicit:

2036 3820 2054 3851 σ
2084 3800 2182 3855 Cui
2209 3815 2303 3855 vos
2349 3798 2620 3854 exhibetis
2670 3807 2856 3850 servos
2897 3797 2965 3849 ad
2998 3794 3362 3849 obediendum
3390 3835 3407 3860 ,
3458 3793 3598 3848 servi

2030 3893 2160 3947 estis
2189 3893 2275 3946 cui
2333 3893 2620 3960 obedistis,
2686 3892 2798 3947 sive
2843 3889 3074 3958 peccati,
3129 3887 3245 3942 sive
3281 3886 3531 3955 iustitia.
3570 3902 3596 3939 ι

2032 3985 2160 4039 Post
2201 3984 2367 4039 haec:
2425 4002 2445 4035 ‹
2499 3984 2736 4050 Gratias,
2788 3983 3000 4051 inquit,
3056 3979 3198 4047 Deo,
3249 3979 3379 4048 quia
3424 3977 3596 4032 fuistis

2031 4078 2174 4132 servi
2203 4078 2432 4148 peccati,
2465 4077 2724 4132 obedistis
2754 4087 2934 4130 autem
2969 4089 3034 4128 ex
3057 4075 3221 4127 corde
3249 4073 3305 4126 in
3335 4086 3458 4125 eam
3490 4069 3593 4124 for-

2033 4186 2174 4224 mam
2203 4169 2482 4234 doc‘trinaa,
2519 4169 2570 4222 in
2626 4182 2790 4239 quam
2820 4164 2998 4224 traditi
3016 4165 3148 4221 estis
3169 4163 3341 4214 ⁸⁵ί⁸⁶δ
3377 4161 3595 4216 Videtur

2032 4261 2145 4316 haec
2205 4263 2272 4316 ad
2327 4276 2422 4316 eos
2460 4261 2662 4323 dicere,
2695 4260 2760 4315 de
2812 4273 3042 4329 quorum
3096 4258 3204 4311 vita
3250 4255 3593 4325 profectuque

2032 4354 2330 4425 praesumit,
2359 4363 2414 4409 et
2443 4355 2509 4409 de
2529 4353 2726 4423 quibus
2743 4352 2852 4422 jam
2869 4351 3117 4421 superius
3139 4350 3354 4405 dixerat
3380 4362 3396 4401 :
3420 4365 3444 4398 ι
3465 4345 3592 4402 Gra-

358 4455 464 4508 que
487 4439 632 4493 enim
665 4450 875 4508 partem
907 4439 1251 4494 inclinaverit
1282 4437 1640 4493 obedientiam
1675 4438 1786 4510 (89)
1814 4481 1829 4506 ,
1876 4449 1930 4496 et
1962 4445 2005 4499 D
2038 4448 2141 4502 tias
2175 4461 2276 4517 ago
2314 4447 2426 4502 Deo
2452 4463 2547 4517 per
2571 4446 2753 4501 Iesum
2775 4445 3051 4502 Christum
3083 4457 3179 4512 pro
3214 4441 3475 4496 omnibus
3501 4454 3592 4491 vo-

355 4531 660 4602 cuicunque
691 4533 831 4603 parti
866 4546 1060 4602 parere
1090 4531 1348 4597 voluerit,
1380 4533 1494 4586 haec
1521 4532 1624 4588 sibi
1650 4547 1773 4587 eum
1808 4535 1929 4588 vin-

464 4652 510 4685 ⁷³
538 4653 696 4709 Rom.
719 4671 815 4717 vn,
851 4653 938 4709 25.
1046 4654 1094 4686 ⁷⁸
1127 4651 1144 4707 Ι
1173 4651 1298 4710 Cor.
1334 4670 1422 4716 xv,
1455 4652 1542 4708 56.

353 4724 399 4757 τ’
433 4724 562 4778 ibid.
602 4724 689 4786 16,
731 4741 844 4795 seq.

358 4795 477 4826 ⁸⁵⁸⁸⁸
509 4795 641 4854 ibid.
675 4795 760 4850 17.

428 4891 541 4962 (85)
586 4891 739 4962 Vero.
778 4891 1134 4962 Desideratur
1160 4893 1212 4947 in
1243 4903 1403 4947 antea
1436 4892 1624 4950 editis.

429 4961 542 5033 (8d)
576 4961 724 5033 lam.
776 4961 833 5016 In
867 4963 1027 5018 editis
1052 4963 1344 5017 omittitur.

429 5031 546 5102 (85)
591 5032 690 5087 Hs.
744 5046 924 5100 unus,
978 5051 1000 5085 ι
1034 5035 1149 5089 sive
1173 5033 1397 5106 iustitiae
1442 5035 1495 5088 in
1541 5035 1930 5092 sanctificatio-

359 5117 501 5158 nem.
532 5121 552 5156 ι

430 5172 542 5244 (86)
575 5170 716 5244 Editi
745 5212 763 5242 ,
800 5190 822 5226 ι
850 5174 996 5244 servi
1022 5183 1205 5229 autem
1233 5175 1361 5230 facti
1398 5175 1533 5230 estis
1555 5175 1797 5242 justitiae.
1835 5195 1854 5228 ι

432 5243 543 5316 (87)
572 5243 762 5316 Alias,
797 5243 972 5316 (quia
998 5247 1125 5316 ait:
1174 5247 1315 5300 servi
1343 5246 1478 5301 estis
1502 5247 1590 5300 cui
1641 5247 1927 5309 obedistis,

357 5313 475 5387 sive
503 5313 736 5387 peccati,
792 5314 908 5371 sive
961 5315 1281 5387 obedientize
1389 5316 1508 5387 (qi.
1560 5317 1928 5387 obeditiouis)

357 5384 425 5458 ad
451 5385 743 5458 justitiam,
780 5400 902 5458 cum
934 5385 1075 5440 ratio
1109 5395 1364 5456 posceret
1393 5384 1410 5442 ἐ
1442 5386 1601 5442 Servi
1650 5387 1782 5442 estis
1831 5384 1928 5458 (αι.

361 5452 509 5524 Ergo
540 5457 682 5509 servi
705 5454 891 5524 estis),
917 5466 1051 5510 setc.

364 5523 746 5646 mitigati”,
780 5545 799 5579 ι
819 5523 910 5596 qui
939 5526 1264 5598 imperitiam
1291 5527 1567 5584 sermonis
1592 5538 1786 5598 sponte
1805 5543 1930 5585 con-

479 5609 567 5646 θῑιτ.
601 5611 621 5646 ι

424 5659 556 5746 (89)
573 5662 737 5746 Editi,
765 5665 884 5746 «(id
914 5681 1295 5746 quamcunque
1320 5669 1812 5746 euimpotestatetn
1839 5669 1925 5723 in-

367 5729 652 5788 clinaverit
674 5729 1010 5794 obedientize.
1033 5758 1051 5793 ι
1073 5737 1176 5796 Ms.
1205 5729 1366 5802 unus,
1402 5757 1420 5792 ι
1448 5729 1527 5796 Ad
1551 5754 1930 5801 uuaiitcuuuue

1649 4655 1696 4686 τε
1736 4655 1774 4686 11
1803 4655 1908 4686 Ρη..
1965 4677 2022 4686 ...
2122 4662 2153 4686 l!

917 4653 938 4708 ἱ.
1046 4654 1094 4686 ⁷⁸
1127 4653 1144 4707 Ι
1173 4653 1298 4710 Cor.
1334 4670 1422 4716 xv,
1455 4653 1542 4708 56.
1649 4655 1696 4686 ⁷⁸
1736 4653 1777 4708 Il
1803 4655 1906 4710 Cor

917 4726 964 4758 ⁸ο
991 4724 1037 4779 ll
1081 4725 1210 4782 Cor.
1249 4740 1302 4780 x1
1330 4764 1347 4792 ,
1379 4724 1432 4780 6.
1508 4723 1554 4757 ⁸¹
1579 4723 1770 4781 Matth.
1797 4730 1906 4795 vr,€

2122 4662 2176 4714 6.
2285 4659 2329 4692 ⁷⁸
2359 4659 2515 4712 Rom.
2545 4674 2597 4712 vt
2630 4698 2644 4718 .
2706 4658 2791 4713 I5.
2884 4658 2929 4688 ⁷⁷
2963 4655 3096 4710 ibid.
3143 4655 3196 4707 1.
3269 4653 3317 4685 ⁷⁸
3343 4653 3473 4706 ibid.
3509 4653 3583 4704 15.

2092 4733 2106 4762 ³
2138 4731 2294 4785 Rom.
2323 4745 2396 4796 v1,
2421 4728 2509 4785 16.
2589 4729 2636 4761 ⁸⁸
2656 4727 2812 4784 Joan.
2838 4741 2958 4793 vm,
2981 4727 3071 4781 51.
3144 4723 3192 4757 ⁸⁸
3226 4725 3387 4780 Rom.
3408 4738 3484 4786 vi,
3512 4722 3583 4775 16.

2039 4536 2147 4606 bis,
2179 4538 2305 4607 quia
2330 4538 2464 4593 fides
2494 4546 2673 4593 vestra
2701 4535 3059 4590 annuntiatur
3092 4535 3148 4587 iu
3173 4531 3434 4587 universo
3457 4544 3590 4582 ninn-

2285 4659 2329 4692 ⁷⁸
2359 4659 2515 4712 Rom.
2545 4674 2597 4712 Vl
2630 4698 2644 4718 .
2706 4658 2791 4713 I5.
2884 4658 2929 4688 ⁷⁷
2963 4655 3096 4710 ibid.
3143 4655 3196 4707 1.
3269 4653 3317 4685 ’⁸
3343 4653 3473 4706 ibid.
3509 4649 3587 4704 15.

2038 4896 2180 4949 enim
2214 4902 2420 4963 partem
2444 4891 2788 4947 inclinaverit
2817 4905 2876 4963 se
2904 4890 3068 4963 homo
3093 4885 3441 4963 obedientiam
3472 4903 3493 4963 ρ

2111 4953 2229 5035 (90)
2255 4964 2416 5035 Edili,
2460 4981 2479 5013 ι
2508 4963 2643 5035 Nam
2694 4962 2874 5035 omnis
2901 4961 3014 5030 qui,
3051 4969 3221 5035 »_etc.
3269 4955 3400 5009 Mss.
3433 4953 3584 5035 pieri-

2036 5028 2163 5116 que,
2197 5028 2215 5086 ἐ
2244 5033 2359 5090 Sed
2385 5043 2442 5089 et
2469 5034 2650 5089 ontnis
2676 5033 2792 5102 qui,
2824 5051 2844 5084 ι
2879 5028 3028 5097 etc.,
3056 5028 3261 5096 absque
3287 5043 3306 5076 ι
3349 5028 3488 5095 quod
3513 5028 3584 5080 di-

2037 5115 2198 5161 citur.
2230 5122 2251 5156 ι

2105 5174 2216 5245 (91)
2247 5174 2408 5234 Alias,
2441 5193 2462 5226 ι
2499 5173 2634 5245 Mihi
2661 5173 3093 5245 autemvidetur.
3135 5189 3155 5221 ι

2109 5242 2222 5314 (92)
2250 5245 2420 5309 Alias,
2461 5263 2479 5294 c
2503 5245 2597 5298 sed
2617 5244 2798 5313 justus
2824 5242 3105 5297 Dominus.
3137 5259 3157 5292 ι

2135 5308 2225 5385 95)
2261 5308 2424 5385 Editi,
2465 5332 2485 5365 ι
2526 5328 2593 5385 ex
2619 5308 2710 5368 his
2736 5329 2857 5369 esse
2879 5328 3068 5385 servos
3113 5308 3214 5380 (al.
3285 5308 3463 5385 eahis
3481 5322 3580 5385 ser-

2042 5378 2143 5455 vis)
2175 5378 2372 5455 quibus
2407 5384 2607 5440 Paulus
2623 5385 2783 5455 _dicit,
2809 5404 2828 5437 ι
2850 5384 2946 5445 al.,
2971 5403 2991 5434 ‹
3024 5400 3091 5439 ex
3116 5378 3204 5439 his
3230 5381 3407 5436 verbis
3427 5397 3447 5431 ι
3472 5378 3574 5449 (aL,

2038 5471 2101 5512 ex
2126 5453 2214 5510 his
2237 5456 2596 5526 sermonibus)
2619 5453 2793 5520 Pauli,
2816 5456 3017 5526 quibus
3044 5457 3196 5509 dicit.
3231 5472 3251 5504 ι

2133 5527 2224 5594 94)
2255 5526 2421 5592 Editi,
2457 5544 2475 5577 ‹
2507 5523 2632 5594 quia
2669 5523 2879 5594 sponte.
2910 5523 3044 5579 Nam
3079 5526 3177 5594 ipsi
3205 5539 3324 5578 nos.
3355 5546 3374 5579 ι

2138 5596 2228 5667 95)
2256 5596 2427 5659 Alias,
2464 5614 2482 5647 ι
2521 5597 2644 5664 quia
2680 5615 2700 5648 ι
2750 5601 2766 5664 (
2800 5595 2933 5648 al.'¢
2961 5597 3125 5665 quod,
3165 5613 3183 5645 ι
3222 5594 3294 5650 al.
3344 5615 3362 5647 ι
3392 5595 3573 5666 quam)

2038 5667 2283 5722 diabolus
2335 5667 2464 5721 fecit
2503 5679 2560 5719 ut
2595 5677 2932 5732 peccatorem
2956 5707 2972 5734 ,
3030 5676 3121 5721 aut
3165 5674 3455 5725 naturae..."
3493 5675 3568 5720 aut

2038 5751 2229 5794 cursus
2257 5745 2530 5795 astrorum
2553 5736 2774 5805 efﬁciat,
2801 5757 2819 5788 ι
2852 5737 2924 5793 al.
2954 5757 2973 5789 ι
3002 5736 3183 5794 faciat.
3219 5755 3240 5789 ι
