3692 6138
31 247 157 300 1061

992 247 1348 304 COMMENT.
1385 248 1451 304 IN
1481 248 1699 306 EPIST.
1737 249 1830 304 AD
1866 250 2031 306 ROM.
2069 251 2198 306 LIB.
2239 251 2330 305 Vl.

3155 257 3294 314 £063

28 365 96 418 do
123 363 194 418 ⁸⁷.
229 381 254 417 ι
291 362 433 420 Tum
465 361 662 419 deinde
704 374 762 420 et
800 365 928 420 illud
955 369 1216 434 ostendit,
1255 369 1399 438 quod
1431 384 1620 425 omnes
1648 374 1696 431 Α
1725 385 1871 422 mam
1918 380 2080 439 atque
2114 370 2362 425 umbram
2412 369 2680 425 virtutum
2733 378 2924 428 tenere
2970 373 3289 442 possimus;

27 457 280 513 homines
299 459 475 528 primo
500 458 745 515 serviant
767 471 1012 527 peccato.
1048 460 1141 518 Sic
1166 463 1312 518 enim
1345 463 1606 533 scriptum

25 560 142 604 est:
171 549 316 616 Quia
340 570 359 602 ι
410 565 518 604 non
553 560 639 606 est
669 550 850 620 justus
884 566 1049 624 super
1089 561 1286 608 terram
1315 555 1408 625 qni
1440 555 1610 611 faciat

27 640 251 703 bonum,
275 649 335 695 et
375 654 480 695 non
509 651 698 711 peccet
725 641 794 697 ⁸⁸.
835 661 854 694 ι
899 641 1083 699 Primo
1113 645 1257 700 enim
1284 661 1509 702 necesse
1525 656 1608 702 est

27 729 81 783 in
115 729 268 784 omni
311 729 531 788 homine
557 730 688 786 illud
719 733 980 802 compleri
1002 735 1144 804 quod
1176 737 1436 807 scriptum
1472 748 1556 794 est
1589 758 1602 794 :

29 836 50 869 ε
89 818 197 873 Sed
232 821 328 875 ubi
368 821 509 876 venit
543 821 881 890 mandatum,
915 834 1202 894 peccatum
1250 827 1448 883 revixit
1474 830 1542 883 3°.
1581 848 1601 883 ι

27 909 138 965 Hoc
175 926 313 967 vero
350 912 492 981 quod
518 913 770 982 sequitur
800 913 867 968 ad
905 928 1108 984 paucos
1135 917 1334 973 dicitur
1358 957 1374 984 ,
1429 928 1487 974 et
1512 934 1608 976 eos

27 1004 114 1073 qui
143 1004 260 1072 jam
293 1007 676 1070 emendantur,
703 1005 912 1060 scilicet
938 1008 1081 1077 quod
1112 1009 1248 1066 dicit
1277 1028 1292 1065 :
1329 1029 1348 1062 ι
1385 1009 1606 1069 Gratias

28 1108 204 1151 autem
242 1096 384 1164 Deo,
415 1098 541 1168 quia
576 1097 757 1154 fuistis
780 1101 922 1155 servi
951 1102 1182 1169 peccati,
1216 1105 1480 1160 obedistis
1507 1121 1604 1160 au-

28 1200 130 1243 tem
169 1205 240 1243 ex
282 1191 451 1246 corde
487 1190 539 1244 in
590 1206 710 1246 eam
750 1193 978 1249 formam
1015 1196 1301 1262 doctrinae,
1339 1197 1394 1252 in
1433 1214 1600 1269 quam

34 1281 361 1336 traditiestis
374 1280 512 1336 “'9‘.
548 1301 567 1334 ι
596 1281 888 1354 Serviergo
919 1284 1120 1342 inimus
1149 1302 1338 1343 omnes
1359 1290 1600 1358 peccati;

30 1372 118 1426 sed
155 1372 245 1426 ubi
288 1373 494 1427 tradita
527 1383 609 1428 est
638 1373 796 1428 nobis
853 1375 1028 1430 forma
1073 1378 1355 1444 doctrinae,
1393 1388 1446 1434 et
1477 1380 1602 1436 huic

34 1476 134 1515 non
159 1471 468 1532 utcunque,
505 1478 682 1534 neque
710 1465 840 1520 solis
874 1467 1075 1531 verbis,
1105 1469 1199 1522 sed
1231 1483 1298 1524 ex
1329 1470 1515 1535 corde,
1533 1485 1597 1525 ex

30 1554 231 1619 animo,
263 1569 335 1610 ex
364 1564 476 1610 tota
509 1557 797 1614 devotione
819 1558 1078 1631 elegimus
1103 1561 1323 1616 obedire
1351 1601 1368 1625 ,
1396 1561 1598 1618 libera-

31 1661 148 1699 mur
169 1660 199 1700 a
235 1647 510 1702 servitute
539 1650 771 1717 peccati,
801 1661 854 1706 et
882 1652 1145 1706 eliicimur
1179 1651 1320 1708 servi
1349 1653 1594 1724 iustitiae.

1715 459 1862 530 ipsas
1895 474 2027 514 vero
2076 459 2329 526 virtutes,
2373 468 2500 512 tunc
2545 474 2670 515 cum
2722 459 2972 515 venerint
3023 459 3115 516 illa
3169 476 3293 530 quae

1715 550 1961 620 perfecta
1993 557 2139 605 sunt.
2179 549 2246 604 Et
2279 550 2404 606 ideo
2443 549 2620 619 justus
2651 566 2795 606 nunc
2830 550 2942 623 (99)
2978 552 3177 624 magis,
3231 561 3291 608 ut

1713 641 1846 696 mihi
1885 639 2099 695 videtur
2125 679 2142 706 ,
2173 641 2227 694 in
2281 641 2470 695 umbra
2523 641 2786 695 virtutum
2817 680 2834 706 ,
2867 657 3032 712 quam
3073 643 3126 698 in
3158 643 3290 712 ipsis

1711 733 2007 788 virtutibus
2037 732 2171 787 vivit
2204 732 2304 803 (1).
2342 733 2411 787 Ει
2461 734 2531 788 ob
2566 734 2672 788 hoc
2723 733 2974 795 fortassis
3019 733 3288 792 Jcremias

1714 825 1765 878 in
1799 823 2315 880 Lamentationibus
2345 826 2480 881 dicit
2515 844 2530 880 :
2572 843 2590 877 ι
2634 825 2870 896 Spiritus
2895 827 3284 908 vultusnostri

1713 922 1964 978 Christus
1997 923 2282 987 Dominus,
2311 922 2398 977 cui
2429 922 2664 977 diximus
2700 940 2715 977 :
2743 921 2799 975 In
2832 923 3023 978 umbra
3049 923 3171 992 ejus
3197 922 3283 978 vi-

1712 1029 1902 1070 vemus
1931 1015 1982 1068 in
2027 1015 2281 1084 gentibus
2303 1016 2377 1066 ".
2420 1033 2439 1066 ι
2476 1013 2628 1080 Quod
2658 1014 2701 1067 si
2731 1011 2984 1070 Christus
3015 1024 3102 1069 est
3123 1015 3286 1082 justi-

1712 1106 1804 1173 tia,
1833 1115 1882 1161 et
1907 1106 2192 1175 sapientia,
2225 1115 2279 1160 et
2306 1106 2526 1170 veritas,
2558 1112 2617 1158 et
2651 1104 2909 1167 dicimus,
2941 1121 2960 1154 ι
3005 1104 3060 1158 in
3089 1106 3284 1160 umbra

1709 1195 1826 1266 ejus
1848 1199 2092 1252 vivemus
2120 1198 2172 1252 in
2202 1196 2452 1268 gentibus
2484 1214 2498 1250 :
2541 1215 2558 1246 ι
2584 1210 2713 1267 ergo
2741 1197 2793 1251 iu
2819 1195 3009 1251 umbra
3034 1197 3280 1266 justitize,

1708 1299 1762 1345 et
1791 1290 1842 1344 in
1873 1289 2063 1344 umbra
2095 1288 2398 1358 sapientiae,
2443 1297 2498 1343 et
2528 1289 2581 1345 in
2627 1289 2818 1343 umbra
2857 1290 3108 1344 veritatis
3139 1290 3281 1344 vivi-

1708 1396 1864 1446 mus,
1896 1383 2064 1436 etiam
2113 1381 2161 1436 si
2199 1379 2357 1448 justi,
2391 1387 2445 1433 et
2476 1380 2754 1450 sapientes
2789 1378 2891 1452 (2),
2943 1391 2999 1436 et
3032 1380 3285 1435 veritatis

1708 1480 1980 1529 amatores
2015 1487 2137 1528 esse
2168 1472 2468 1526 videamur.
2518 1470 2816 1542 Propterea
2865 1487 2995 1543 ergo
3028 1471 3228 1526 dicitur
3259 1485 3277 1525 :

1714 1581 1733 1616 ι
1785 1563 1844 1618 Si
1894 1563 2016 1632 quis
2055 1577 2115 1617 se
2158 1569 2315 1631 putat
2361 1561 2709 1631 cognovisse,
2744 1561 2986 1615 nondum
3025 1552 3280 1630 cognovit

1706 1654 2155 1724 quemadmodum
2198 1662 2449 1723 oporteat
2473 1653 2616 1708 scire
2649 1653 2715 1708 ".
2758 1673 2779 1705 ι
2815 1651 3091 1709 Fortassis
3118 1667 3264 1707 ennn

32 1735 179 1792 Unde
210 1754 408 1794 vereor
431 1757 496 1796 ne
523 1741 657 1796 forte
679 1744 857 1812 plures
874 1747 1147 1815 simusqui
1173 1747 1452 1801 videamur
1473 1765 1602 1803 sus-
1634 1739 1676 1793 Β
1703 1749 1868 1803 etiam
1916 1749 2092 1818 ipsum
2131 1746 2366 1802 Verbum
2422 1746 2557 1812 Dei,
2610 1746 2915 1800 secundum
2967 1746 3070 1799 hoc
3126 1740 3276 1814 quod

32 1827 234 1896 cepisse
290 1827 522 1884 formam
562 1832 824 1888 doctrina:
846 1834 1094 1903 justitize,
1144 1845 1199 1891 et
1235 1839 1417 1892 verbis
1449 1839 1588 1906 qui-

33 1921 144 1972 dem
171 1918 256 1973 vel
289 1921 864 1994 professionejustitiae
881 1926 1161 1982 videamur
1175 1929 1417 1994 obedire,
1433 1933 1600 1988 corde

34 2026 157 2066 vero
179 2015 500 2071 obediamus
529 2028 778 2086 peccato,
829 2021 1012 2075 carnis
1035 2023 1218 2078 adhuc
1244 2023 1298 2078 in
1335 2026 1491 2079 nobis
1522 2026 1604 2080 vi-

37 2103 118 2156 tiis
143 2104 566 2160 dominantibus.
591 2106 655 2161 Et
687 2108 808 2163 ideo
824 2119 949 2164 ante
969 2113 1152 2166 omnia
1179 2113 1484 2185 indigemus
1510 2116 1600 2171 illa

37 2195 99 2248 de
125 2211 228 2265 qua
259 2199 515 2266 superius
546 2201 728 2254 docuit
754 2203 1174 2260 mortiﬁcatione
1201 2208 1599 2264 membrorum.

35 2287 178 2354 Quod
210 2301 390 2344 autem
426 2292 562 2346 dixit
594 2312 607 2348 :
668 2313 687 2345 ι
720 2295 972 2350 Formam
1024 2297 1133 2369 (96)
1181 2299 1445 2357 doctrinae
1477 2343 1492 2367 ,
1547 2303 1600 2358 in

39 2397 189 2446 quam
225 2383 410 2437 traditi
441 2385 572 2439 estis
598 2425 614 2448 ,
647 2404 667 2437 ι
705 2388 1084 2456 requirendum
1143 2401 1272 2460 puto
1328 2397 1601 2462 quomodo

40 2473 707 2543 tutusqnisque'tradatur.
736 2477 1041 2536 Invenimus
1065 2496 1299 2552 namque
1326 2486 1468 2552 quod
1505 2502 1601 2542 eos

36 2564 120 2631 qui
151 2580 171 2614 ι
206 2579 308 2618 non
342 2583 366 2618 ι
417 2565 645 2634 probant
684 2585 703 2618 ι
743 2569 910 2624 Deum
941 2571 1142 2626 habere
1173 2574 1230 2627 in
1259 2574 1530 2641 notitiam,
1573 2595 1594 2628 ι

42 2657 211 2710 tradat
247 2675 268 2708 ε
311 2657 453 2711 Deus
490 2659 784 2714 secundum
817 2661 1084 2716 desideria
1109 2665 1289 2720 cordis
1321 2679 1509 2720 eorum
1546 2669 1598 2722 in

40 2746 457 2814 immunditiam,
497 2759 554 2804 ut
599 2752 940 2807 contumeliis
976 2753 1213 2810 alliciant
1241 2769 1469 2826 corpora
1501 2774 1597 2814 sua

44 2837 90 2890 in
124 2840 424 2908 semetipsis
453 2857 466 2893 :
504 2859 522 2892 ι
551 2850 605 2894 et
639 2842 774 2897 alios
796 2842 889 2912 qui
925 2863 943 2894 ι
980 2853 1453 2902 commutaverunt
1483 2849 1600 2918 glo-

41 2931 166 2984 riam
212 2932 641 3002 incorruptibilis
683 2933 819 2998 Dei,
853 2955 874 2988 ι
932 2937 1115 2990 tradat
1147 2955 1169 2989 ‹
1220 2938 1273 2991 in
1316 2941 1598 3009 passiones

45 3023 340 3092 ignominiaa
368 3027 434 3092 θ’,
465 3043 486 3078 ι
524 3027 592 3082 de
648 3028 843 3096 quibus
889 3029 942 3083 in
996 3029 1129 3085 locis
1167 3033 1283 3086 suis
1309 3043 1469 3100 prout
1499 3049 1597 3103 po-

42 3117 228 3172 tuimus
255 3116 515 3172 diximus.
549 3118 616 3172 Et
649 3119 749 3172 hos
776 3135 907 3189 ergo
946 3121 1035 3188 qui
1078 3125 1400 3192 semetipsos
1439 3126 1594 3179 exhi-

42 3204 157 3260 bent
189 3223 380 3262 servos
405 3209 629 3278 justitia:
658 3225 752 3278 per
781 3211 1145 3267 obedientiam
1167 3214 1300 3284 (97),
1325 3214 1466 3271 Deus
1497 3228 1597 3270 tra-

45 3296 166 3351 didit
192 3309 247 3354 ut
277 3300 638 3354 instituantur
675 3310 731 3354 et
789 3302 1101 3356 imbuantur
1145 3307 1444 3360 secundum
1484 3307 1595 3362 for-

45 3403 172 3443 mam
197 3392 457 3448 doctrina:
482 3392 724 3460 jllSliliiB.
751 3391 930 3448 Movet
955 3405 1136 3449 autem
1167 3411 1250 3450 me
1274 3398 1436 3451 etiam
1469 3399 1593 3467 hoc,

45 3483 176 3547 quod
202 3500 303 3538 non
333 3485 491 3550 dixit,
531 3505 549 3536 ‹
581 3484 852 3540 Obedistis
885 3486 996 3557 (98)
1030 3502 1095 3540 ex
1133 3490 1297 3544 corde
1328 3509 1346 3542 ›
1395 3491 1598 3547 doctri—

45 3589 135 3638 nae,
165 3594 182 3627 c
217 3578 266 3630 in
299 3594 464 3646 quam
501 3579 682 3634 traditi
710 3582 866 3647 estis,
897 3601 916 3632 ι
947 3581 1042 3634 sed
1071 3600 1090 3632 ί
1128 3581 1357 3635 formam
1390 3584 1595 3638 doctri-

42 3681 116 3721 na}
137 3687 155 3719 ι
175 3673 370 3737 posuit.
399 3671 508 3728 Nec
535 3682 662 3745 puto
684 3675 828 3742 quod
854 3690 1021 3728 unum
1053 3689 1172 3729 esse
1198 3675 1432 3729 senserit
1461 3675 1596 3744 Apo-

44 3763 197 3820 stolus
227 3768 565 3846 doctrinam,
597 3777 651 3822 et
697 3769 926 3822 formam
977 3767 1238 3822 doctrinae
1265 3785 1281 3834 ;
1315 3769 1429 3846 (sed
1461 3769 1591 3823 mihi

44 3855 242 3913 videtur
260 3861 405 3929 quod
438 3844 668 3915 formam
693 3863 955 3916 doctrina:
987 3862 1165 3916 minus
1211 3844 1335 3916 esse
1363 3860 1592 3927 scierit,

43 3960 185 4013 quam
232 3951 403 4020 ipsam
443 3947 785 4020 doctrinam;
820 3963 874 4009 et
900 3968 1049 4007 nunc
1089 3952 1307 4022 quidem
1351 3953 1404 4007 in
1453 3969 1592 4020 pra:-

43 4045 166 4096 senti
200 4047 306 4104 vita
343 4047 468 4102 dum
523 4048 578 4103 in
629 4049 732 4102 hoc
783 4061 1011 4115 corpore
1057 4061 1286 4110 sumus,
1340 4055 1397 4101 et
1449 4064 1468 4097 ‹
1499 4062 1595 4116 ag-

43 4147 215 4200 gravat
262 4147 539 4195 terrenum
587 4141 690 4194 hoc
747 4137 1120 4194 habitaculum
1171 4152 1392 4192 sensum
1424 4137 1591 4192 multa

45 4227 352 4293 cogitantem
403 4231 449 4262 ”
481 4269 500 4296 ,
576 4251 596 4283 ι
649 4230 882 4285 formam
928 4229 1189 4284 doctrina:
1249 4229 1590 4296 habeamus,

46 4329 138 4371 non
185 4319 352 4390 ipsam
396 4323 698 4378 doctrinam
731 4364 747 4390 ,
798 4323 941 4376 sicut
989 4322 1130 4377 idem
1187 4321 1483 4392 Apostolus
1536 4324 1590 4378 in

1709 1859 1728 1892 ι
1761 1839 1994 1895 Verbum
2030 1855 2159 1896 caro
2198 1839 2402 1894 factum
2459 1848 2584 1903 est,
2641 1846 2698 1892 et
2749 1835 3016 1892 habitavit
3065 1837 3121 1890 in
3172 1851 3275 1890 no-

1703 1931 1790 1987 bis
1832 1933 1900 1998 ",
1945 1953 1962 1983 ι
1998 1933 2158 1987 aliter
2211 1932 2264 1986 in
2296 1931 2546 2001 praesenti
2583 1931 2708 1984 vita:
2753 1936 2917 1993 statu,
2948 1928 3106 1984 aliter
3149 1945 3275 1986 cum

1701 2026 1913 2080 venerit
1945 2027 2089 2095 quod
2119 2025 2424 2096 perfectum
2453 2033 2538 2078 est
2558 2021 2626 2084 ⁸⁸.
2655 2031 3021 2090 cognoscetur
3046 2038 3061 2086 ;
3089 2031 3144 2075 et
3171 2021 3272 2074 ali-

1710 2129 1793 2174 ter
1824 2135 1967 2176 nunc
2016 2119 2069 2173 in
2099 2118 2272 2173 forma
2308 2116 2474 2181 servi,
2508 2123 2634 2169 tunc
2665 2129 2796 2169 vero
2824 2115 2979 2169 aliter
3010 2114 3063 2167 in
3099 2111 3273 2168 forma

1703 2215 1818 2280 Dei,
1867 2225 1922 2270 et
1951 2215 2005 2268 in
2047 2211 2227 2266 Patris
2257 2207 2571 2279 aequalitate
2605 2207 2894 2283 sentietur.
2942 2205 3047 2259 Pro
3075 2205 3274 2274 quibus

1700 2308 1976 2375 omnibus,
2004 2305 2090 2361 vel
2140 2323 2159 2356 ‹
2199 2304 2252 2359 in
2286 2303 2464 2358 forma
2497 2301 2781 2364 doctrinm,
2829 2317 2849 2351 ι
2896 2305 2956 2352 ut
2986 2297 3276 2367 Apostolus

1701 2400 1872 2462 dicit,
1909 2406 1963 2452 et
2029 2396 2270 2452 nondum
2300 2395 2354 2450 in
2385 2395 2499 2464 ipsa
2544 2392 2812 2458 doctrina,
2839 2389 2920 2444 vel
2951 2407 2970 2440 ‹
3001 2390 3055 2443 in
3083 2389 3273 2444 umbra

1701 2488 1923 2555 Christi,
1974 2506 1994 2540 ›
2043 2485 2395 2541 utJeremias
2431 2482 2899 2544 nominavit”,et
2931 2479 3166 2535 nondum
3217 2481 3270 2533 in

1701 2581 1818 2652 ipso
1832 2580 2070 2645 Christo,
2088 2577 2276 2632 vivere
2301 2576 2550 2630 videmur
2578 2573 2718 2628 inter
2746 2582 2954 2644 gentes.
2976 2589 2997 2623 ι
3033 2570 3270 2626 Liberali

1701 2685 1878 2726 autem
1912 2686 1941 2725 a
1973 2678 2219 2741 peccato,
2253 2667 2400 2724 servi
2427 2665 2556 2721 {acti
2593 2664 2727 2720 estis
2760 2663 2989 2732 justitiae
3020 2663 3059 2716 ί.
3098 2681 3117 2714 ›
3161 2662 3272 2715 Ex-

1700 2765 1896 2836 positio
1932 2774 2017 2819 est
2071 2764 2123 2818 in
2158 2763 2242 2817 bis
2291 2768 2480 2816 eorum
2527 2774 2648 2829 quae
2706 2757 2964 2828 superius
2994 2756 3154 2813 dixit.
3210 2755 3270 2811 Si

1700 2857 1844 2911 enim
1877 2855 2016 2908 ultra
2048 2869 2152 2908 non
2190 2852 2445 2908 serviatis
2489 2859 2708 2919 peccato
2729 2889 2746 2915 ,
2779 2856 2987 2902 certum
3018 2857 3101 2902 est
3143 2847 3270 2914 quia

1698 2951 1918 3005 liberati
1947 2950 2014 3004 ab
2046 2964 2111 3003 eo
2142 2948 2285 3002 servi
2322 2946 2450 3001 facti
2498 2945 2633 3000 estis
2666 2942 2913 3012 justitize.
2943 2939 3052 2995 Sed
3091 2941 3271 3008 requi-

1705 3044 1843 3097 ritur
1886 3042 2010 3111 quis
2062 3039 2266 3109 estqui
2311 3038 2508 3092 liberat
2558 3052 2589 3090 a
2635 3044 2878 3104 peccato.
2937 3029 3070 3087 Sine
3104 3031 3270 3086 dubio

1699 3136 1944 3192 veritatis
1982 3132 2207 3204 agnitio.
2239 3132 2331 3187 Sic
2365 3131 2511 3185 enim
2539 3126 2929 3182 dicebatJesus
2961 3125 3026 3178 ad
3055 3123 3273 3179 Judzeos

1698 3230 1787 3300 qui
1823 3227 2164 3283 crediderant
2196 3223 2246 3278 ei
2299 3241 2312 3276 :
2346 3240 2364 3273 ι
2405 3220 2462 3274 Si
2497 3218 2842 3274 credideritis
2891 3216 3060 3271 verbo
3098 3230 3220 3270 meo
3250 3253 3268 3280 ,

1698 3319 2008 3391 agnoscetis
2037 3317 2320 3371 veritatem
2347 3355 2362 3379 ,
2407 3321 2461 3366 et
2507 3314 2707 3366 veritas
2743 3307 2997 3363 liberabit
3034 3320 3130 3359 vos
3155 3305 3199 3357 '.
3239 3321 3260 3356 ι

1698 3414 1911 3470 Veritas
1935 3421 2020 3466 est
2053 3425 2185 3478 ergo
2211 3423 2332 3477 qua:
2367 3406 2564 3460 liberat
2596 3419 2622 3455 a
2653 3409 2899 3471 peccato,
2933 3409 2987 3454 et
3022 3397 3270 3451 veritatis

1696 3507 1921 3578 agnitio.
1942 3503 2162 3558 Certqu
2193 3512 2276 3556 est
2302 3508 2485 3554 autem
2505 3496 2648 3566 quod
2677 3494 2857 3550 omnis
2884 3491 2976 3562 qui
3006 3491 3272 3545 liberatus

1696 3599 1861 3653 fuerit
1893 3613 1922 3651 a
1949 3605 2197 3666 peccato,
2224 3591 2450 3662 justitiae
2473 3589 2698 3644 serviat.
2724 3585 2876 3654 Quod
2923 3595 3103 3638 autem
3131 3580 3268 3636 dici-

1697 3705 1817 3746 mus
1839 3729 1854 3753 ,
1883 3689 2109 3760 justitiae
2141 3685 2385 3750 serviat,
2418 3681 2676 3752 quoniam
2713 3677 2922 3749 justitia
2951 3689 3056 3729 una
3089 3684 3171 3729 est
3198 3686 3265 3727 ex

1696 3783 1958 3836 virtutum
1990 3781 2193 3843 choro,
2226 3775 2406 3830 simile
2439 3782 2522 3828 est
2555 3785 2620 3825 ac
2669 3768 2714 3823 si
2775 3768 3103 3830 diceremus,
3137 3762 3262 3832 quia

1695 3876 1739 3930 si
1771 3875 1892 3944 quis
1936 3872 2196 3926 liberatus
2222 3877 2305 3924 est
2344 3883 2372 3921 a
2419 3871 2666 3936 peccato,
2698 3859 2900 3916 serviet
2932 3856 3172 3918 veritati,
3209 3863 3266 3908 et

1694 3965 1893 4020 serviet
1920 3962 2202 4032 sapientiae
2225 4001 2243 4026 ,
2289 3966 2344 4013 et
2378 3956 2579 4012 serviet
2625 3951 2902 4025 pudicitiae
2927 3989 2942 4015 ,
2973 3957 3027 4004 et
3062 3947 3266 4018 serviet

1693 4055 1878 4126 pietati
1909 4054 2007 4125 (3).
2040 4054 2130 4108 Sic
2163 4052 2308 4107 enim
2332 4063 2434 4121 ego
2461 4047 2620 4102 audio
2653 4054 2707 4099 et
2731 4044 2862 4098 illud
2894 4040 3038 4113 quod
3059 4039 3262 4093 dictum

1692 4160 1812 4202 est:
1849 4165 1866 4199 ι
1905 4146 2129 4215 Aperite
2155 4144 2286 4198 mihi
2317 4151 2504 4213 portas
2529 4136 2780 4208 justitiaz,
2806 4144 2863 4191 et
2893 4135 3176 4203 ingressus
3208 4130 3263 4183 in

1692 4255 1784 4296 eas
1811 4237 2111 4294 conﬁtebor
2143 4236 2372 4291 Domino
2396 4234 2438 4287 ³.
2479 4252 2498 4286 ›
2537 4230 2652 4286 Non
2683 4229 2828 4284 enim
2851 4225 3017 4281 solius
3037 4219 3266 4291 justitia:

1691 4342 1880 4404 portas
1909 4331 2216 4402 ingreditur
2250 4329 2344 4398 qui
2375 4325 2624 4381 conﬁteri
2655 4321 2770 4375 vult
2801 4317 3053 4381 Domino,
3086 4313 3179 4370 sed
3206 4319 3266 4368 et

46 4405 187 4484 573
217 4415 338 4472 aliis
365 4417 495 4471 die“
527 4433 544 4470 ε
590 4436 609 4468 ι
641 4416 793 4472 Νυηο
831 4423 1016 4469 autem
1059 4414 1306 4470 Videmus
1335 4430 1432 4484 Pel‘
1463 4432 1591 4487 Spe—
1623 4439 1671 4498 ι)
1699 4425 1939 4480 veritatis
1964 4463 1978 4489 ,
2011 4431 2068 4478 et
2113 4420 2397 4491 sapientiae
2425 4460 2439 4484 ,
2473 4426 2528 4472 et
2560 4415 2776 4488 pietatis
2799 4453 2814 4478 ,
2861 4422 2916 4466 et
2963 4407 3262 4498 pudicitiae.

47 4506 204 4560 culum
233 4511 284 4564 in
311 4511 633 4580 aenigmate;
679 4529 697 4562 ι
747 4509 860 4579 ipsa
905 4517 1088 4562 autem
1126 4509 1370 4564 doctrina
1401 4510 1473 4564 sit
1526 4511 1592 4564 de

45 4608 140 4664 qua
172 4600 336 4657 dicit:
375 4621 394 4654 ι
429 4601 581 4658 Tunc
609 4612 792 4657 autem
844 4601 1150 4656 videbimus
1185 4599 1328 4656 facie
1377 4604 1442 4657 ad
1505 4601 1591 4658 fa-

48 4689 169 4746 ciem
193 4693 255 4748 “.
292 4714 314 4748 ι
347 4694 502 4752 Unde
541 4704 597 4751 et
633 4696 686 4750 in
721 4695 980 4765 praesenti
1001 4694 1111 4748 vita
1151 4701 1284 4763 puto
1313 4695 1454 4764 quod
1481 4694 1594 4751 for-

128 4857 340 4928 "Rom,
369 4860 484 4924 1,8.

47 4925 100 5002 {1
134 4929 252 5002 Sap.
283 4925 363 4996 με,
394 4931 480 4986 ιδ.

50 4995 126 5054 10.
203 4995 253 5036 δ’
283 4995 483 5059 Thren.
517 5016 594 5068 tv,
618 5000 712 5054 10.

694 4858 860 4944 Eccli.
911 4855 1122 4944 vin-gl.

577 4931 622 4962 ”
649 4930 666 4984 l
698 4930 826 4985 Cor.
854 4932 1082 4995 xtn,12.
1191 4930 1236 4957 "

577 5041 594 5062 ,
618 5000 712 5054 10.
814 4999 830 5031 ⁸
867 5001 1022 5055 ltum.
1054 5014 1126 5062 v1,
1151 4995 1242 5050 18.

105 5162 206 5232 (96)
235 5165 397 5230 Editi,
426 5184 448 5219 ι
477 5166 647 5232 Quam
679 5173 862 5218 autem
895 5163 1030 5218 dixit
1059 5162 1315 5227 formant,
1358 5181 1377 5214 ι
1410 5173 1517 5232 etc.

111 5230 208 5313 (97)
232 5237 467 5313 Alias,__t
501 5230 571 5289 Et
598 5235 685 5290 hic
716 5250 849 5305 ergo
909 5232 1170 5313 q_ui__[al._
1209 5249 1274 5288 eo
1298 5230 1464 5313 .qui]_
1499 5245 1590 5285 se-

53 5303 282 5374 metipsos
299 5322 361 5361 ex
371 5308 555 5361 bibent
575 5321 764 5360 servos
786 5303 882 5374 per
899 5303 1264 5360 obedientiam
1290 5303 1549 5374 justitite;
1563 5321 1582 5352 '

52 5380 96 5490 31
122 5373 264 5457 Paulo
314 5387 439 5447 post
480 5377 654 5442 editi,
697 5393 716 5429 ι
753 5373 1048 5430 secundum
1094 5374 1326 5429 formam
1366 5373 1590 5444 justitize

84 5455 299 5490 ocnnnuu
341 5469 360 5490 ι

84 5447 301 5502 θοιιιίηεθ.
341 5469 360 5501 ι

131 5513 209 5587 98)
233 5519 396 5581 Editi,
420 5537 440 5570 ι
459 5517 800 5572 obedientim.
831 5537 850 5568 ι
875 5515 974 5570 Ms.
993 5529 1153 5587 unus.
1188 5513 1582 5587 tobyedientesa

55 5583 209 5705 br(99!)
245 5587 421 5646 Nunc.
456 5590 615 5643 Deest
647 5589 702 5642 in
729 5587 1060 5643 editionibus
1084 5583 1296 5640 Merlini
1330 5594 1386 5638 et
1411 5583 1586 5638 Gene-

112 5669 178 5705 ar‘
199 5675 231 5705 Ι.

88 5657 231 5708 rardi.

112 5724 178 5786 (Ι)
205 5729 359 5794 Editi,
393 5749 413 5784 ς
449 5732 601 5792 vixit.
643 5753 661 5787 ›
702 5731 858 5788 male.

1200 4854 1248 4886 ⁸³
1281 4855 1437 4913 Rom.
1473 4874 1572 4922 vn,
1603 4861 1656 4916 9.

1191 4926 1236 4957 ⁸⁵
1261 4925 1461 4982 Tbren.
1497 4945 1572 4993 tv,
1599 4930 1688 4985 20.

1343 5000 1363 5030 ⁸
1389 4998 1544 5056 Joau.
1573 5017 1692 5068 vut,
1727 5002 1817 5056 5|.

1697 4519 1950 4575 Omnium
1999 4528 2232 4585 namque
2285 4529 2392 4568 una
2449 4521 2533 4565 est
2585 4508 2706 4562 aula
2762 4506 3060 4563 virtutum,
3108 4496 3266 4566 cujus

1701 4611 1805 4666 sibi
1849 4609 2074 4680 justiti'e
2117 4606 2336 4663 nomine
2377 4599 2541 4675 pandi
2579 4599 2776 4670 januas
2811 4593 3049 4668 postulat
3077 4589 3155 4665 (4)
3181 4590 3266 4661 ju-

1698 4711 1835 4758 stus.

1917 4856 2074 4912 nom.
2118 4869 2168 4909 νι
2209 4852 2318 4926 .u.
2359 4921 2404 4926 -_
2431 4850 2480 4926 ξ’
2513 4846 2672 4902 nom-
2706 4836 3262 4926 aestatema-

1793 4929 1883 4981 "l
1917 4910 2149 4983 Corxut
2176 4964 2192 4987 ,
2213 4910 2286 4978 ’2.
2358 4921 2404 4955 ⁸⁷
2429 4918 2588 4976 Joan.
2619 4933 2637 4972 t
2667 4957 2687 4986 ,
2712 4915 2800 4970 M.
2866 4911 2916 4947 ⁸⁸
2942 4910 2964 4964 ι
2991 4910 3116 4965 Cor.
3145 4923 3266 4979 xm,

1802 5039 1817 5054 .
1912 4999 1935 5030 ³
1964 4997 2104 5053 Psal.
2130 5010 2274 5052 cxvtt
2297 5035 2312 5061 ,
2347 4993 2433 5048 19.

1768 5157 1848 5230 (2)
1879 5157 2180 5230 Ms.gunus,
2214 5172 2234 5206 ι
2271 5151 2434 5206 etiam
2471 5147 2518 5230 si
2548 5145 2788 5230 insutiae,
2819 5154 2876 5230 et
2895 5141 3257 5230 sapienti_:e,_s

1698 5213 1804 5284 etc.
1828 5213 2038 5283 'Deinde
2067 5213 2209 5280 idem
2242 5239 2415 5296 ms.,_t
2451 5221 2496 5274 si
2525 5213 2650 5296 quis
2673 5232 2732 5273 se
2760 5225 2913 5286 putat
2942 5213 3264 5296 cognovisse

1700 5303 1964 5355 Deum....
1992 5302 2242 5366 Oporteat
2271 5292 2422 5366 sciri.
2459 5309 2478 5342 ι
2517 5289 2627 5366 Ah,
2649 5307 2705 5366 μ’
2725 5301 2849 5341 eum
2883 5289 3104 5366 scire.)

1769 5369 1845 5440 (ὅ)
1883 5356 2056 5440 Ειιίιίξ,
2095 5387 2113 5440 ς
2151 5377 2205 5420 et
2233 5363 2436 5419 serviet
2483 5359 2756 5440 pudicitiae
2774 5395 2796 5440 Α,
2831 5356 3174 5440 prudentiae,
3207 5357 3264 5440 et

1697 5423 1904 5510 pietati.
1951 5458 1969 5490 ι
2011 5423 2116 5492 Sed
2147 5423 2500 5510 Ollllles_m_SS:
2529 5430 2789 5510 omittunt
2817 5423 2843 5510 ξ
2875 5423 3196 5510 prudentiae:
3238 5439 3260 5474 ι

1693 5502 1923 5578 Quidam
1967 5512 2136 5563 etiam
2184 5521 2290 5562 non
2341 5505 2540 5558 habent
2587 5517 2606 5550 ί
2641 5502 2839 5553 serviet
2875 5514 2895 5548 ι
2927 5502 3053 5547 ante
3085 5509 3105 5544 ‹
3143 5502 3262 5562 pie-

1696 5582 1868 5635 ιυιὶ.»
2396 5643 2416 5646 λ
2505 5642 2516 5646 _
2706 5636 2716 5646 .
2760 5636 2771 5646 .
2863 5635 2902 5646 ..
2985 5631 3036 5646 ..ι
3074 5631 3087 5646 ο

1767 5631 1840 5721 (1i)
1873 5649 2036 5715 Etliti,
2079 5668 2097 5721 ς
2129 5647 2347 5721 nomine
2391 5642 2588 5699 Paulus
2621 5658 2640 5693 ι
2698 5636 2821 5709 (aL,
2863 5631 3042 5705 Pauli)
3068 5631 3267 5704 ianuas

1690 5717 1934 5782 Doétulat
1953 5717 2177 5780 aperiri.
2214 5736 2233 5769 ι
