3692 6138
460 229 603 291 1063

1918 226 2237 279 UNGENIS

3508 240 3587 297 1051

535 356 589 412 4.
626 375 648 410 ι
683 355 989 411 Humanum
1029 354 1151 410 dico
1199 361 1423 426 propter
1449 352 1826 409 inﬁrmitatem
1858 351 2043 407 carnis
2070 352 2119 409 Α
2146 349 2242 402 dat
2287 364 2301 401 :
2357 346 2504 418 quod
2546 347 2734 419 utique
2788 348 2905 405 ﬁeri
2956 320 3065 406 non
3094 359 3311 423 posset,
3336 354 3374 410 si
3402 368 3589 417 autum.

459 461 678 508 vestrae.
714 449 866 506 Sicut
899 451 1041 506 enim
1074 450 1407 506 exbibuistis
1437 447 1679 504 membra
1715 455 1892 501 vestra
1917 461 2036 501 ser—

461 546 579 599 vire
619 543 997 611 immunditim,
1042 553 1097 599 et
1127 544 1403 614 iniquitati
1448 544 1513 597 ad
1545 541 1893 611 iniquitatem
1933 540 2033 613 (εἰ),

461 634 537 692 ita
571 651 718 691 nunc
749 636 1002 691 exhibete
1031 636 1272 691 membra
1313 646 1494 691 vestra
1545 635 1758 690 servire
1806 635 2038 705 justitim

459 727 517 786 in
539 728 1027 784 sanctiﬁcationem
1063 727 1103 782 ⁵.
1138 747 1158 781 ι
1191 727 1456 783 Pudorem
1493 728 1783 797 quemdam
1808 742 1903 797 per
1923 727 2037 783 hmc

458 818 661 875 incutit
692 818 985 890 Apostolus
1014 818 1356 875 auditoribus
1387 860 1402 885 ,
1436 828 1494 873 ut
1524 819 1626 874 hoc
1657 818 1853 874 saltem
1878 818 2035 873 obse-

456 915 569 983 quii
599 914 908 984 dependant
924 912 1153 981 iustitiae
1176 922 1229 967 et
1244 913 1690 979 sanctiﬁcationi,
1712 914 1856 983 quod
1882 914 2033 983 prius

456 1007 815 1062 immunditim
867 1007 1252 1077 iniquitatique
1308 1007 1644 1062 detulerant.
1705 1006 1847 1075 Quid
1902 1022 2032 1079 ergo

458 1109 567 1154 tam
605 1101 901 1154 humanum
932 1140 946 1164 ,
977 1101 1079 1154 hoc
1108 1109 1191 1155 est
1221 1141 1236 1165 ,
1267 1101 1397 1169 quid
1430 1110 1536 1154 tam
1577 1100 1721 1165 leve,
1752 1100 1883 1169 quid
1920 1109 2029 1153 tam

456 1192 576 1245 sine
601 1206 765 1245 onere
789 1230 805 1254 ,
849 1199 905 1246 et
932 1191 1078 1260 quod
1111 1190 1255 1245 nulla
1287 1205 1514 1261 prorsus
1541 1191 1708 1261 possit
1735 1191 1918 1246 carnis
1949 1191 2031 1245 in-

456 1284 685 1338 lirmitas
714 1297 977 1338 excusare
1008 1284 1084 1356 (6)
1111 1284 1134 1337 ?
1167 1303 1187 1336 ‹
1221 1282 1375 1338 Sicut
1401 1325 1414 1347 ,
1460 1283 1678 1353 inquit,
1705 1284 2029 1339 exhibuistis

453 1377 696 1433 membra
728 1385 908 1431 vestra
935 1377 1142 1432 servire
1167 1374 1543 1440 immunditia‘,
1584 1386 1638 1430 et
1664 1375 1933 1444 iniquitati
1961 1378 2027 1431 ad

455 1471 819 1541 iniquitatem,
854 1469 927 1523 ita
956 1485 1099 1525 nunc
1128 1470 1385 1525 exhibete
1413 1472 1652 1526 membra
1695 1480 1875 1526 vestra
1905 1487 2028 1527 ser-

451 1564 570 1617 vire
627 1562 856 1629 iustitia:
916 1560 973 1617 in
1030 1561 1541 1618 sanctiﬁcationem.
1598 1581 1618 1615 ι
1670 1562 2024 1633 lngloriosum

449 1655 665 1725 quidem
698 1662 782 1709 cst
808 1662 867 1707 ut
893 1652 967 1707 ita
992 1654 1117 1722 quis
1146 1654 1443 1709 virtutibus
1471 1654 1773 1709 sicutvitiis
1803 1655 2019 1709 serviat.

448 1747 617 1804 Multo
671 1748 819 1803 enim
854 1747 1086 1818 amplius
1113 1757 1168 1802 et
1197 1747 1367 1803 multo
1401 1748 1661 1803 intentius
1702 1749 2019 1804 honoranda

443 1840 656 1913 justitia
689 1851 791 1897 est.
829 1841 938 1896 Sed
974 1855 1095 1911 ego,
1127 1841 1324 1912 inquit,
1357 1842 1595 1895 humane
1626 1850 1681 1896 et
1713 1842 2022 1899 communi-

452 1944 538 1989 ter
569 1948 671 2005 ago
706 1951 721 1988 :
757 1934 947 1989 eadem
977 1933 1190 2004 postulo
1218 1976 1233 2000 ,
1283 1933 1479 1989 similia
1528 1935 1770 2003 requiro.
1809 1935 2018 1990 Dudum

448 2030 745 2088 currebant
775 2028 945 2095 pedes
978 2027 1146 2082 vestri
1177 2027 1242 2081 ad
1266 2028 1573 2081 daemonum
1606 2027 1834 2096 templa,
1870 2043 2016 2084 nunc

446 2132 673 2179 currant
721 2121 797 2194 (7)
830 2120 897 2174 ad
927 2119 1227 2174 Ecclesiam
1271 2118 1384 2174 Dei.
1415 2118 1726 2175 Currebant
1755 2120 1905 2190 prius
1954 2121 2021 2175 ad

446 2214 834 2269 eﬂ‘undendum
869 2251 885 2276 ,
920 2226 1063 2266 nunc
1108 2219 1291 2264 autem
1322 2211 1389 2264 ad
1421 2209 1761 2265 liberandum
1802 2211 2022 2282 sangui-

447 2322 568 2361 nem
596 2313 841 2360 currant.
868 2301 1335 2358 Protendebantur
1366 2302 1515 2371 prius
1533 2318 1727 2358 manus
1756 2314 1815 2358 ut
1843 2302 2018 2358 aliena

446 2400 765 2467 diriperent,
801 2412 949 2452 nunc
995 2394 1392 2466 protendantur
1434 2404 1490 2448 ut
1524 2396 1741 2466 propria
1793 2396 2021 2467 largian-

446 2501 553 2546 tur.
582 2488 1113 2558 Circumspiciebant
1167 2486 1319 2557 prius
1367 2487 1510 2541 oculi
1567 2486 1887 2552 mulierem,
1923 2500 2018 2543 aut

442 2583 683 2640 alienum
711 2581 912 2653 aliquid
940 2583 1005 2635 ad
1035 2579 1533 2650 concupiscendum
1557 2620 1572 2643 ,
1604 2596 1748 2635 nunc
1778 2582 2016 2636 circum-

441 2677 678 2746 spiciant
707 2688 996 2743 pauperes,
1024 2673 1252 2741 debiles,
1284 2687 1486 2743 egenos
1518 2673 1585 2727 ad
1620 2673 2014 2733 miserandum.

443 2770 614 2825 Aures
638 2768 1051 2824 delectabantur
1081 2766 1266 2820 auditu
1297 2780 1457 2829 vano,
1494 2765 1581 2821 vel
1608 2767 1874 2822 bonorum
1923 2768 2018 2823 de-

442 2862 836 2933 rogationibus,
859 2874 1002 2915 nunc
1031 2869 1423 2915 convertantur
1454 2859 1520 2914 ad
1549 2858 1875 2914 audiendum
1896 2874 2016 2916 ver-

441 2956 568 3010 bum
604 2952 721 3017 Dei,
750 2951 818 3006 ad
843 2950 1280 3020 explanationem
1310 2949 1468 3021 legis,
1499 2960 1557 3006 et
1591 2952 1659 3007 ad
1693 2953 2010 3021 capiendam

2141 456 2199 494 ra
2231 438 2368 514 (12),
2384 452 2443 495 ut
2469 441 2795 511 quibusdam
2816 444 3048 511 videtur,
3069 459 3586 518 repugnaret,autastte

2141 549 2264 587 rum
2304 548 2498 589 cursus
2525 534 2843 590 obsisteret.

2210 626 2266 684 5.
2306 647 2325 680 α
2360 629 2496 685 Cum
2527 631 2675 686 enim
2699 632 2842 686 servi
2874 632 3069 687 essetis
3097 632 3314 703 peccati,
3339 634 3467 691 liberi
3487 642 3588 696 eratis

2129 718 2372 788 justitiae.
2393 719 2561 788 Quem
2602 737 2733 794 ergo
2766 723 3000 779 fructum
3034 725 3295 780 habuistis
3321 737 3429 784 tunc
3452 731 3489 784 in
3510 734 3587 799 illis,

2136 814 2189 868 in
2222 811 2421 884 quibus
2449 829 2592 869 nunc
2616 815 2980 871 erubescitis?
3009 814 3140 871 Nam
3169 817 3285 872 linis
3311 818 3484 877 illorum
3501 842 3588 881 mon

2133 913 2237 960 est.
2265 904 2419 960 Nunc
2449 920 2580 960 vero
2616 906 2828 962 liberati
2859 924 2888 961 a
2915 916 3160 978 peccato,
3189 912 3326 965 servi
3352 922 3493 968 autem
3513 915 3588 973 lacti

2136 997 2269 1063 Deo,
2301 997 2519 1052 habetis
2564 996 2800 1054 fructum
2841 1011 3076 1055 vestrum
3112 1002 3163 1055 in
3192 1004 3588 1073 sanctilicationem,

2133 1090 2296 1146 ﬁnem
2326 1105 2455 1146 vero
2485 1089 2651 1145 vitam
2685 1101 2946 1145 aeternam
2977 1092 3020 1146 ".
3060 1110 3078 1144 ι
3110 1087 3375 1159 Quomodo
3401 1096 3489 1167 (ιό)
3519 1102 3591 1168 quis

2132 1184 2342 1255 peccati
2395 1198 2584 1240 servus
2614 1183 2708 1250 sit,
2744 1181 3081 1239 sumcienter
3105 1185 3214 1254 jam
3243 1186 3293 1240 in
3325 1191 3589 1258 superioribus

2132 1276 2332 1331 dictum
2361 1285 2486 1340 est,
2520 1291 2642 1331 cum
2669 1290 3067 1345 exportaremus
3098 1276 3245 1332 illum
3283 1278 3436 1335 locum
3459 1300 3501 1336 τι
3525 1282 3589 1339 Ne-

2132 1368 2290 1424 scitis
2318 1367 2445 1439 quia
2476 1366 2563 1423 cui
2590 1383 2689 1423 vos
2716 1367 2987 1423 exhibetis
3018 1384 3203 1425 servos
3225 1370 3288 1426 ad
3309 1373 3587 1444 obedientium,

2130 1462 2274 1517 servi
2307 1461 2441 1518 estis
2467 1461 2584 1531 ejus
2623 1461 2715 1516 cui
2758 1462 3038 1533 obedistis,
3073 1467 3190 1521 sive
3218 1469 3427 1535 peccati,
3448 1469 3589 1538 siveju-

2127 1555 2290 1610 stitim
2318 1554 2385 1608 ⁸⁸1
2421 1574 2439 1607 ι
2472 1554 2605 1609 Cum
2637 1569 2774 1625 ergo
2802 1557 2928 1626 quis
2960 1567 3186 1626 peccato
3211 1561 3404 1626 servit,
3439 1562 3586 1629 jusdtiz

2128 1648 2265 1704 liber
2301 1655 2406 1713 est,
2433 1646 2538 1703 hoc
2572 1657 2675 1715 est,
2701 1650 2913 1705 alienus
2951 1665 2980 1705 a
3001 1650 3234 1721 justitia.
3258 1652 3349 1706 Hic
3375 1653 3488 1708 enim
3511 1654 3590 1711 libe-

2129 1758 2247 1797 rum
2281 1742 2520 1797 alienum
2565 1743 2734 1809 dicit,
2776 1752 2833 1798 et
2885 1754 3035 1799 recte
3062 1744 3298 1814 quidem.
3344 1744 3480 1801 Nemo
3502 1749 3589 1802 cuin

2125 1846 2305 1907 potest
2331 1836 2490 1893 simul
2516 1844 2570 1892 et
2596 1846 2822 1907 peccato
2863 1837 3093 1903 servire,
3122 1847 3180 1893 et
3197 1836 3425 1906 justitiae,
3447 1838 3547 1895 sicut
3560 1850 3593 1895 et

2125 1931 2380 1987 Salvator
2401 1931 2561 1998 dixit,
2588 1929 2716 2000 quia
2751 1950 2770 1983 ‹
2812 1946 2973 1985 nemo
2996 1941 3180 2001 potest
3218 1931 3411 1987 duobus
3436 1932 3589 1987 dominis

2124 2025 2335 2080 servire
2366 2025 2411 2082 ’.
2445 2043 2464 2075 ι
2504 2024 2610 2080 Sed
2635 2023 2703 2079 de
2732 2023 2817 2079 bis
2840 2023 3052 2094 plenius
3080 2039 3245 2095 supra
3274 2025 3491 2080 diximus.
3508 2022 3590 2078 Illud

2123 2133 2257 2173 sane
2286 2117 2581 2175 notandum
2616 2124 2721 2181 est,
2754 2130 2880 2171 esse
2910 2124 2967 2170 et
3006 2114 3314 2171 libertatem
3339 2116 3588 2185 culpabilem,

2123 2218 2178 2264 et
2202 2209 2533 2265 laudabilem
2566 2208 2904 2263 servitutem.
2953 2205 3087 2261 Nam
3140 2207 3363 2263 liberum
3386 2209 3589 2279 esscjusti.

2124 2301 2234 2366 tite,
2265 2302 2469 2357 crimen
2503 2308 2624 2366 est;
2657 2314 2875 2355 servum
2895 2314 3024 2353 vero
3056 2314 3201 2363 esse,
3235 2300 3588 2367 laudabilc.Qood

2121 2405 2301 2450 autem
2328 2392 2695 2462 dicitjustitize
2724 2406 2942 2447 servum
2982 2391 3122 2456 ﬁeri,
3155 2391 3313 2446 simul
3341 2390 3534 2461 intelligi:
3556 2403 3589 2445 et

2120 2488 2422 2558 sapientia,
2457 2497 2511 2542 et
2540 2485 2768 2558 pietati,
2803 2493 2855 2541 et
2882 2484 3182 2554 pudicitiae,
3222 2494 3274 2539 et
3299 2486 3511 2541 omnibus
3529 2500 3587 2539 una

2121 2581 2303 2636 virtuti
2313 2581 2411 2635 bus
2444 2599 2457 2635 :
2479 2578 2936 2634 sicutecontrario
2951 2581 3039 2649 qui
3056 2590 3296 2650 peccata,
3310 2588 3536 2635 servusest
3549 2577 3589 2630 si-

2117 2673 2229 2728 mul
2263 2684 2318 2730 et
2350 2669 2804 2741 concupiscentiae
2835 2668 2989 2722 malae
3009 2709 3024 2734 ,
3059 2678 3115 2724 et
3150 2668 3268 2734 irae,
3292 2677 3345 2723 et
3371 2667 3589 2730 luroris,et

2116 2765 2494 2837 impudicitiae,
2533 2774 2589 2819 et
2615 2763 2860 2831 rapinas;
2895 2771 2950 2818 et
2980 2761 3236 2817 omnibus
3262 2761 3407 2817 simul
3428 2762 3537 2815 vitiis
3552 2774 3588 2813 ac

2118 2861 2420 2917 sceleribus
2450 2859 2641 2913 servit.
2681 2856 2832 2913 Unde
2859 2854 3225 2924 nosmetipsos
3259 2870 3452 2924 semper
3477 2854 3589 2908 discu-

2117 2961 2231 3007 tere
2261 2950 2517 3005 debemus
2550 2963 2644 3019 per
2678 2948 2888 3018 singula
2914 2960 3144 3017 quaeque
3176 2960 3296 3016 qua:
3323 2946 3590 3016 gerimus,et

440 3045 723 3117 sapientiae
768 3042 1111 3113 disciplinam
1165 3042 1264 3115 (8).
1309 3041 1514 3114 Lingua
1549 3059 1668 3108 qute
1701 3045 1967 3101 conviciis
1993 3087 2008 3111 ,
2037 3059 2079 3117 (ς
2115 3045 2166 3099 in
2214 3058 2539 3113 unoquoque
2562 3052 2683 3096 actu
2712 3041 3062 3097 considerare
3089 3042 3312 3096 cuinam
3343 3041 3587 3097 serviamus.

442 3138 748 3194 maledictis
771 3176 787 3202 ,
831 3145 888 3191 et
919 3135 1263 3206 turpiluquiis
1295 3146 1509 3193 assueta
1542 3145 1626 3192 est
1653 3136 1753 3209 (9),
1786 3153 2013 3194 conver-

440 3239 589 3285 tatur
639 3243 783 3283 nunc
831 3225 898 3281 ad
948 3225 1377 3281 benedicendum
1427 3226 1719 3282 Dominum
1775 3229 1829 3282 in
1863 3231 2008 3286 omni

440 3321 716 3392 tempore”
737 3336 753 3373 :
772 3334 1085 3375 sermonem
1108 3335 1305 3376 sanum
1328 3319 1592 3389 proferat,
1619 3330 1675 3376 et
1700 3323 2006 3388 honestum,

436 3423 497 3469 ut
526 3414 615 3469 det
642 3412 871 3484 gratiam
905 3412 1253 3468 audientibus
1277 3452 1292 3476 ,
1338 3421 1395 3468 et
1437 3413 1721 3469 veritatem
1754 3415 2008 3486 loquatur

434 3522 560 3562 cum
603 3506 853 3575 proximo
902 3518 1000 3558 suo
1029 3503 1070 3558 ⁸.
1116 3501 1224 3558 Sed
1254 3504 1386 3574 quid
1417 3520 1555 3573 opus
1597 3514 1682 3561 est
1727 3506 1842 3562 haec
1894 3509 2007 3564 sin-

433 3600 557 3670 gula
594 3598 869 3669 persequi,
889 3611 1010 3651 cum
1038 3596 1397 3667 pateatetiam
1430 3598 1554 3662 tibi,
1574 3598 2005 3672 uniuscujusque

434 3690 663 3746 membri
695 3689 1063 3746 ministerium
1093 3728 1112 3753 ,
1139 3688 1282 3757 quod
1313 3688 1564 3745 exhibuit
1593 3690 1743 3746 vitiis
1768 3731 1783 3756 ,
1818 3702 2008 3762 aptare

431 3784 744 3849 virtutibus,
769 3791 825 3838 et
853 3791 1037 3837 actum
1065 3797 1227 3852 quem
1250 3781 1500 3837 exhibuit
1523 3781 1904 3849 immunditiae,
1936 3785 2004 3839 ad

430 3878 740 3932 castitatem
795 3891 940 3931 nunc
992 3873 1598 3947 sanctiﬁcatiouemque
1630 3880 2002 3935 convertere?

431 3967 662 4024 Videtur
690 3983 825 4024 sane
856 3968 945 4023 hic
966 3966 1238 4036 juStitiam
1269 3984 1368 4038 pro
1399 3968 1656 4024 omnibus
1689 3970 1852 4025 simul
1886 3972 2001 4026 vir-

432 4061 637 4115 tutibus
670 4061 1000 4126 nominasse,
1028 4060 1168 4115 sicut
1192 4062 1502 4116 econtrario
1527 4062 1870 4131 iniquitatem
1900 4079 1999 4134 pro

428 4153 680 4206 omnibus
713 4151 879 4205 simul
916 4151 1064 4206 vitiis
1118 4151 1388 4220 posuisse.
1423 4152 1646 4209 Addidit
1679 4154 1792 4227 (l0)
1825 4171 1956 4211 sane
1977 4198 1994 4225 ,

431 4261 453 4297 r
484 4242 708 4313 justitiae
742 4243 794 4296 in
821 4241 1336 4310 sanctiﬁcationem,
1369 4262 1388 4295 ι
1421 4259 1527 4313 quo
1551 4246 1801 4303 videlicet
1822 4251 1992 4304 casti-

428 4337 553 4389 tatis
585 4342 788 4405 partem
811 4344 867 4389 et
894 4334 1219 4403 generaliter
1247 4350 1372 4389 cum
1401 4337 1650 4401 caeteris,
1680 4348 1737 4394 et
1764 4354 1859 4410 per
1905 4355 1993 4395 se-

2114 3148 2407 3208 peccatoue
2427 3137 2495 3192 ad
2524 3135 2886 3205 iniquitatem,
2917 3150 2984 3188 an
3034 3133 3262 3203 justitim
3296 3135 3345 3189 in
3371 3131 3590 3190 sanctiﬁca-

2115 3233 2337 3286 tionem.
2392 3250 2411 3282 ε
2463 3230 2636 3297 Quem
2667 3243 2797 3300 ergo
2822 3268 2839 3294 ,
2869 3229 3047 3298 inquit
3072 3269 3088 3292 .
3146 3230 3374 3284 fructum
3402 3225 3591 3282 habuistis

2114 3333 2242 3378 tunc
2269 3324 2321 3377 in
2353 3322 2481 3389 illis,
2512 3323 2565 3377 in
2600 3323 2799 3392 quibus
2833 3335 2976 3375 nunc
3006 3321 3367 3378 erubescitis?
3390 3320 3496 3375 Nam
3516 3319 3592 3371 ﬁnis

2111 3416 2329 3472 illorum
2360 3432 2509 3472 mors
2541 3426 2624 3471 est
2653 3417 2717 3471 ¹⁰.
2757 3435 2776 3469 ι
2808 3415 3064 3472 Fructum
3093 3428 3153 3472 et
3196 3419 3440 3472 bonorum
3458 3424 3499 3469 et
3521 3427 3591 3466 ma-

2110 3507 2289 3562 lorum
2319 3522 2439 3563 esse
2455 3509 2612 3562 docet
2642 3507 2929 3578 Scriptura
2959 3507 3168 3574 divina,
3196 3517 3257 3563 ut
3287 3508 3393 3578 ipse
3415 3504 3592 3562 Salvator

2110 3602 2164 3657 in
2198 3601 2506 3672 Evangeliis
2534 3600 2666 3655 dicit
2698 3617 2713 3654 :
2749 3618 2768 3652 ‹
2813 3601 2923 3656 Aut
2961 3600 3128 3655 facite
3174 3600 3415 3656 arborem
3441 3599 3591 3657 bona.

2108 3704 2164 3750 et
2193 3692 2425 3747 fructum
2449 3691 2566 3760 ejus
2591 3690 2831 3757 bonum;
2859 3700 2953 3745 aut
2981 3689 3145 3746 facite
3172 3689 3414 3745 arborem
3439 3686 3592 3744 malam.

2106 3793 2162 3840 et
2195 3784 2431 3838 fructum
2479 3782 2595 3850 ejus
2626 3781 2829 3837 malum
2863 3782 2927 3837 “.
2966 3781 3084 3837 Non
3116 3792 3299 3851 potest
3344 3782 3484 3837 arbor
3504 3780 3593 3833 bona

2105 3877 2318 3932 fructus
2351 3874 2524 3930 malos
2544 3873 2749 3943 facere,
2783 3889 2958 3945 neque
2991 3874 3160 3930 arbor
3191 3875 3331 3930 mala
3355 3871 3592 3929 fructusbe

2106 3984 2207 4025 nos
2245 3970 2428 4024 facere
2463 3968 2527 4021 η.
2562 3986 2582 4020 ι
2633 3969 2691 4021 1η
2723 3968 2923 4037 quibus
2955 3970 3296 4039 propositum
3340 3977 3391 4024 et
3417 3967 3591 4021 voluntas

2106 4060 2344 4116 hominis
2368 4099 2384 4125 ,
2419 4060 2583 4114 arbor
2628 4059 2734 4114 dici
2767 4058 2984 4114 videtur
3014 4061 3099 4115 vel
3145 4065 3290 4118 bona
3312 4104 3327 4130 ,
3354 4059 3431 4116 vel
3468 4056 3590 4118 malas

2109 4154 2134 4208 l'
2138 4164 2321 4210 ructus
2345 4168 2478 4209 vero
2512 4152 2632 4223 ejus
2660 4167 2850 4223 opera.
2895 4153 2953 4208 Si
2994 4156 3118 4225 quis
3154 4163 3426 4210 convertat
3449 4152 3591 4207 animos

2106 4256 2162 4304 et
2203 4248 2539 4318 propositum
2576 4247 2641 4302 ad
2667 4247 2935 4315 justitiam
2960 4289 2976 4315 ,
3013 4248 3292 4304 erubescit
3316 4248 3425 4302 sine
3447 4243 3586 4303 dubio.

2106 4352 2162 4397 et
2192 4342 2307 4413 ipse
2337 4356 2395 4397 se
2444 4350 2597 4396 natat
2636 4341 2749 4414 (14)
2783 4343 2850 4397 de
2897 4343 3169 4412 prioribus
3198 4342 3367 4414 gestis
3391 4354 3490 4411 quae
3522 4338 3589 4404 egit

424 4427 710 4496 metipsam
767 4429 1075 4496 specialiter
1123 4430 1551 4486 commendaret.
1605 4429 1712 4485 Sed
1759 4440 1815 4485 et
1862 4432 1992 4488 illud
2032 4415 2073 4470 θ
2102 4434 2310 4503 positus
2344 4433 2446 4487 sub
2473 4444 2723 4503 peccato,
2755 4434 2920 4503 quiat
2954 4433 3077 4489 linis
3104 4430 3317 4489 illorum
3349 4446 3474 4487 mors
3490 4434 3585 4484 eam

424 4519 630 4589 aspice,
670 4522 813 4590 quod
867 4521 1071 4592 ubique
1103 4536 1200 4589 per
1247 4521 1362 4575 haec
1410 4522 1621 4577 arbitrii
1675 4522 1990 4579 libertatem

423 4611 706 4681 designat,
739 4611 901 4685 574Ι
942 4624 999 4669 et
1029 4615 1271 4669 ostendit
1305 4630 1753 4686 unumquemque
1788 4618 1990 4673 habere

426 4705 480 4759 iu
514 4718 610 4758 sua
642 4713 932 4774 potestate,
983 4716 1042 4761 ut
1073 4721 1192 4776 qua:
1222 4718 1350 4762 ante
1381 4708 1659 4777 iniquitati
1687 4709 1755 4763 ad
1787 4710 1989 4780 iniqui-

425 4806 585 4852 tatem
623 4798 845 4852 servitia
877 4797 1222 4867 dependebat
1253 4797 1368 4871 (11)
1395 4840 1412 4865 ,
1448 4800 1564 4857 haec
1585 4839 1603 4866 ,
1631 4816 1896 4858 converso
1934 4806 1986 4859 in

422 4890 615 4947 melius
641 4892 939 4961 proposito,
964 4892 1194 4963 justitite
1222 4894 1755 4966 sanctiﬁcationique
1785 4898 1990 4967 depen-

508 5012 530 5043 ⁵
555 5010 716 5067 Rom.
740 5027 815 5075 vr,
850 5011 939 5068 19.
1035 5012 1056 5044 ⁸
1090 5012 1439 5081 Psal.xxxm,
1465 5017 1521 5069 ‘2.

416 5074 439 5108 '
475 5082 663 5137 Matth.
690 5098 763 5148 vr,
794 5082 887 5139 24.
976 5082 1020 5114 ¹⁰
1053 5082 1211 5138 liom.
1241 5100 1315 5152 vr,
1340 5074 1431 5141 21.

490 5173 564 5245 (5)
591 5172 761 5245 Alias,
800 5191 819 5225 ‹
859 5172 1198 5245 injustitiam.
1244 5193 1263 5226 ι

487 5244 734 5316 (6)Εαὶιί
765 5286 780 5307 ,
829 5262 848 5295 ι
903 5244 1044 5316 nulla
1096 5246 1306 5299 ratione
1357 5262 1583 5316 prorsus
1625 5249 1798 5316 possit
1834 5248 1987 5302 inlir-

416 5314 626 5368 mitatis
674 5315 948 5369 excusari.
994 5333 1013 5367 ι
1066 5315 1172 5370 Sed
1208 5314 1399 5373 omnes
1434 5333 1561 5374 mss.
1604 5314 1664 5372 ut
1697 5320 1749 5372 in
1794 5330 1983 5373 nostro

419 5392 589 5437 textu.

490 5452 566 5524 (7)
594 5453 765 5520 Alias,
805 5472 824 5507 ι
864 5470 1010 5511 nunc
1044 5465 1225 5512 autem
1253 5464 1603 5511 concurrant.
1651 5476 1671 5510 ι

490 5525 566 5661 (8)
598 5524 764 5587 Editi,
800 5544 819 5576 ί
854 5529 1182 5595 sapientiam
1210 5538 1265 5580 et
1294 5526 1655 5595 disciplinam.
1694 5545 1713 5577 ι

490 5595 542 5659 (9
580 5592 997 5661 ,Genebrardus,
1031 5615 1048 5648 ι
1091 5607 1206 5656 erat
1231 5607 1467 5653 assueta.
1501 5614 1519 5648 ι

488 5592 997 5661 (9)(ἶεηοιπειτι1ίιε,
1031 5615 1048 5648 ι
1091 5607 1206 5656 erat
1231 5592 1467 5653 assueta.
1501 5614 1519 5648 ι

488 5660 595 5729 tto)
628 5662 791 5732 Editi,
825 5683 842 5717 ι
880 5668 1044 5723 Addit
1075 5682 1307 5738 quoque,
1343 5685 1361 5718 ι
1395 5683 1496 5724 ms.
1529 5680 1687 5734 unus,
1713 5686 1731 5720 ι
1770 5667 1980 5724 addidit

421 5743 709 5787 αυοαυε.»

1623 5014 1906 5087 f_Zacltar.
1935 5035 1986 5084 l,
2031 5020 2090 5075 I6
2123 5035 2140 5087 ;
2176 5018 2376 5087 Ephes,
2410 5028 2484 5087 tv,
2515 5012 2604 5066 25,

1534 5087 1576 5119 “
1622 5085 1812 5142 Matth.
1846 5104 1919 5142 xu
1948 5128 1965 5156 ,
2011 5093 2102 5146 '55.

2110 4524 2216 4581 Sed
2257 4528 2479 4595 requiro
2506 4540 2625 4595 quae
2657 4540 2805 4581 mors
2833 4525 2855 4578 ?
2886 4524 3106 4580 Certum
3132 4537 3221 4580 est
3250 4528 3371 4595 quia
3399 4524 3492 4594 (l5)
3524 4534 3588 4573 nun

2101 4620 2201 4675 ista
2237 4619 2567 4674 communis.
2606 4616 2722 4673 Non
2754 4618 2898 4672 enim
2947 4618 3071 4688 quis
3103 4628 3227 4688 post
3273 4629 3479 4673 mortem
3506 4628 3589 4669 cono

2096 4713 2331 4769 vertitur
2368 4714 2436 4767 ad
2458 4711 2752 4782 justitiam,
2785 4710 2872 4766 vel
2901 4726 2999 4780 pro
3047 4711 3189 4766 male
3221 4712 3388 4782 gestis
3428 4717 3586 4779 praeter-

2097 4807 2189 4862 itis
2209 4804 2499 4861 erubescit.
2529 4803 2667 4871 Quid
2707 4817 2838 4874 ergo
2864 4804 2991 4858 est?
3023 4803 3401 4874 Nunquidnatn
3443 4794 3587 4871 peculi

2099 4908 2331 4953 mortem
2358 4896 2537 4949 dicere
2556 4894 2791 4957 videtur,
2825 4894 3079 4962 quoniam
3117 4912 3136 4945 ι
3180 4896 3359 4949 anima
3380 4908 3481 4963 quae
3505 4904 3588 4958 pec-

2708 5011 2729 5041 "
2763 5009 2922 5065 Rom.
2959 5025 3034 5079 vt,
3074 5010 3164 5077 20,
3192 5010 3287 5064 22.
3358 5008 3381 5041 ⁸
3408 5007 3513 5063 ibid.
3534 5001 3589 5060 l6.

2202 5080 2245 5120 ’ί
2297 5085 2486 5140 Matth.
2524 5098 2595 5136 vn
2624 5121 2641 5148 ,
2676 5080 2765 5134 18.

2164 5178 2275 5251 (11)
2325 5176 2462 5231 Editi
2491 5217 2507 5242 ,
2542 5193 2560 5227 ι
2601 5171 3018 5242 dependebant,
3056 5191 3074 5225 ι
3102 5183 3154 5227 et
3207 5170 3367 5238 infra,
3403 5190 3420 5223 ι
3449 5169 3589 5239 (ἱερᾶς

2091 5250 2393 5402 (ξόῗιιέίδίο
2423 5329 2553 5371 mss.
2591 5324 2647 5370 et
2676 5313 2954 5368 Rabanus.
2984 5312 3124 5369 Editi
3156 5327 3311 5379 vero,
3342 5330 3361 5363 ι
3391 5313 3430 5367 si
3456 5318 3588 5363 neces-

2088 5399 2221 5447 sitas
2250 5399 2475 5442 naturm.
2517 5403 2536 5437 ι

2185 5459 2273 5530 15)
2305 5458 2476 5530 Alias,
2517 5475 2535 5507 ‹
2574 5455 2876 5530 Quoniam;
2923 5473 2942 5508 ι
2973 5454 3071 5519 aL,
3105 5472 3125 5504 r
3159 5454 3339 5530 Quod.
3374 5471 3391 5504 ι
3510 5518 3520 5529 σ

2191 5527 2272 5601 14)
2300 5528 2449 5582 Alias
2472 5566 2487 5591 ,
2529 5546 2547 5578 ι
2596 5538 2650 5581 et
2677 5527 2789 5597 ipse
2816 5542 2875 5581 se
2904 5534 3124 5580 renovat
3148 5567 3164 5588 ,
3210 5544 3231 5578 ι
3265 5528 3361 5592 al.,
3392 5539 3411 5573 ι
3438 5530 3484 5578 et
3509 5527 3584 5589 tpu

2295 5619 2460 5736 ’Quia.
2487 5669 2648 5726 Deest
2674 5668 2727 5724 in
2757 5667 2912 5723 libris
2938 5676 3096 5723 antea
3126 5665 3333 5737 editis”
