3692 6138
119 239 237 295 1665

113 368 208 418 cat,
238 353 342 421 ipsa
375 351 630 404 morietur
661 352 704 383 ⁸³
733 352 755 405 ?
793 370 810 402 ι
847 352 922 404 Au
957 352 1087 406 illud
1137 353 1308 423 magis
1341 363 1519 424 potest
1558 355 1645 406 i-u-
1679 363 1718 415 Α

116 448 262 516 telligi
289 448 424 514 quod
456 444 613 497 istam
655 455 880 498 mortem
907 445 1049 500 dicat
1073 448 1185 518 (16)
1217 464 1319 516 qua
1352 464 1471 501 cum
1493 447 1652 501 Chri-

113 554 184 595 slo
212 547 418 608 peccato
444 537 730 599 morimur,
762 546 817 591 et
861 538 1006 592 vitiis
1039 555 1103 593 ac
1145 539 1441 594 sceleribus
1487 539 1650 593 linem

111 635 302 692 datttus,
335 635 390 680 ut
415 638 634 696 propter
658 630 758 682 hoc
790 630 995 684 dixisse
1047 631 1311 697 videatur,
1331 631 1453 700 quia
1485 649 1504 682 ι
1533 631 1655 686 linis

113 724 303 777 illorum
338 735 479 773 mors
529 720 660 773 est?
711 719 865 774 Nunc
896 736 1025 775 vero
1075 721 1288 776 liberati
1323 737 1351 775 a
1385 733 1608 790 peccato
1634 765 1651 789 ,

109 817 231 869 servi
267 821 439 866 autem
480 810 606 864 facti
641 812 774 877 Deo,
807 813 1022 868 habetis
1059 813 1294 868 fructum
1326 825 1568 868 vestrum
1597 813 1650 868 in

109 904 609 963 sanctificationem,
669 903 831 957 linem
884 919 1014 959 vero
1069 905 1234 958 vitam
1285 914 1566 959 :eteruam.
1629 923 1649 956 ι

109 996 321 1049 Fructus
369 994 632 1047 fructibus
684 1005 964 1063 comparat
1015 1014 1028 1049 :
1077 1005 1134 1051 et
1177 999 1387 1064 peccati
1431 998 1652 1066 quidem

110 1086 297 1142 fructus
350 1102 447 1157 pro
486 1087 684 1155 quibus
711 1103 875 1151 nunc,
906 1088 1008 1142 hoc
1038 1097 1139 1154 est,
1167 1098 1352 1157 postea
1386 1104 1549 1159 quam
1586 1088 1654 1142 li-

105 1180 256 1234 herati
299 1194 325 1232 a
370 1189 588 1248 peccato
611 1217 628 1242 ,
657 1188 710 1232 et
753 1179 894 1233 servi
927 1179 1055 1232 facti
1087 1179 1220 1245 Deo,
1254 1181 1428 1234 sancti
1461 1180 1654 1234 erube-

105 1282 262 1335 scunt,
282 1272 590 1338 pronuntiat
615 1283 791 1324 morte
826 1270 978 1326 finiri
1013 1287 1026 1324 :
1058 1270 1264 1326 fructus
1285 1287 1412 1326 vero
1432 1271 1655 1340 justitiae

103 1365 182 1432 qui
223 1375 344 1416 sunt
393 1366 443 1415 iu
474 1364 967 1418 sauctiticationem
998 1404 1013 1426 ,
1045 1363 1206 1417 finem
1249 1364 1382 1418 dicit
1407 1363 1655 1432 accipere

108 1455 249 1505 vitam
281 1464 560 1507 azternam.
612 1452 665 1507 In
702 1470 810 1523 quo
847 1454 977 1508 illud
1027 1456 1203 1524 primo
1235 1468 1340 1509 non
1375 1462 1461 1508 est
1489 1453 1654 1509 omit-

104 1549 320 1612 tendum,
362 1547 506 1614 quod
543 1545 756 1599 fructus
783 1547 1002 1616 quidem
1038 1562 1131 1602 eos
1158 1563 1255 1617 pro
1281 1548 1478 1618 quibus
1511 1562 1656 1602 nunc

103 1640 457 1692 erubescimus
479 1638 614 1709 (17),
643 1640 695 1691 in
725 1654 831 1708 quo
866 1639 975 1693 sint
1007 1639 1178 1695 noluit
1209 1642 1491 1696 nominare
1521 1655 1538 1695 :
1565 1654 1655 1695 e0-

1024 235 1378 292 COMMENT.
1421 236 1485 290 ΙΝ
1524 235 1742 291 EPIST.

1782 236 1870 290 AD
1911 235 2074 292 ROM.
2117 236 2245 292 ΜΒ.
2287 237 2372 292 Vl.
3186 239 3326 296 1066

1753 356 1952 410 tionem
2005 357 2245 410 diximus
2296 354 2566 410 fructuum
2619 356 2904 424 malorum,
2956 368 3010 413 et
3044 358 3316 414 fructuum

1755 447 2018 502 bonorum
2071 448 2263 504 fecisse
2295 451 2634 522 Apostolum)
2666 453 2806 520 quod
2862 452 2931 505 ibi
2974 453 3188 519 quidem
3225 454 3314 506 ubi

1754 541 1820 594 de
1856 541 2010 594 malis
2065 540 2331 597 fructibus
2384 543 2620 608 dicebat,
2675 559 2779 597 non
2826 544 3008 598 dixit:
3060 543 3315 600 Fructum

1754 643 1996 686 vestrmn
2047 634 2312 688 habuistis
2348 651 2366 684 ι
2400 633 2451 686 in
2487 635 2682 702 quibus
2715 650 2858 689 nunc
2901 635 3260 691 erubescitis:
3293 655 3314 688 ι

1752 725 1846 776 sed
1877 724 2014 776 dixit
2043 742 2056 776 :
2100 742 2118 775 ι
2149 725 2320 791 Quem
2367 739 2498 796 ergo
2553 725 2786 779 fructum
2821 727 3126 783 habuistis?
3157 747 3178 782 ι
3229 731 3320 784 ubi

1755 831 1882 869 vero
1915 817 1983 870 de
2034 817 2192 872 bonis
2238 818 2502 872 fructibus
2550 818 2703 881 dicit,
2742 821 2892 873 addit
2946 839 2963 872 ι
3002 833 3264 879 vestrum.
3297 843 3316 874 ι

1756 906 1848 960 Sic
1890 909 2034 961 enim
2088 909 2323 964 scribit:
2381 929 2399 960 ι
2440 908 2663 964 Habetis
2719 910 2951 966 fructum
2996 924 3233 968 vestrum
3265 915 3319 967 in

1753 999 2240 1054 sanctificatimtem
2272 1017 2286 1054 :
2323 1021 2343 1054 ι
2387 1017 2482 1070 per
2516 1002 2657 1069 quod
2695 1002 2936 1056 iudicare
2986 1004 3116 1057 mihi
3170 1003 3324 1059 vide-

1755 1101 1842 1144 tur
1869 1091 2012 1160 quod
2059 1091 2269 1148 fructus
2314 1095 2512 1159 malus,
2553 1095 2765 1150 fructus
2815 1097 3218 1152 erubescendos
3267 1108 3323 1151 et

1754 1181 2120 1248 paenitendus,
2158 1197 2265 1235 non
2301 1192 2382 1237 cst
2411 1194 2592 1240 noster
2624 1185 2854 1240 fructus.
2891 1183 3006 1238 Non
3043 1187 3187 1239 enim
3215 1202 3324 1238 ma-

1755 1273 1858 1325 lam
1896 1274 1947 1327 in
1977 1275 2134 1328 nobis
2163 1275 2413 1329 arborem
2474 1277 2614 1330 Dens
2669 1276 2934 1344 plantavit
2968 1292 3086 1343 quae
3117 1277 3322 1330 fructus

1755 1362 1924 1418 malos
1946 1359 2230 1432 proferret,
2269 1367 2414 1420 sicut
2442 1377 2497 1422 et
2531 1368 2644 1437 ipse
2668 1369 2797 1422 dicit
2827 1383 2923 1437 per
2953 1369 3269 1438 prophetam
3305 1386 3319 1417 :

1759 1472 1778 1502 ί
1812 1453 1922 1522 Ego
1948 1465 1998 1508 te
2029 1456 2267 1524 plantavi
2297 1458 2460 1512 vitem
2486 1457 2820 1512 fructiferam
2853 1471 3020 1512 totam
3052 1475 3325 1526 veracem,

1753 1544 2023 1608 quomodo
2040 1560 2297 1600 conversa
2321 1561 2381 1600 es
2400 1547 2452 1600 in
2474 1548 2831 1602 amaritudine
2849 1548 2974 1602 vitis
2997 1551 3182 1602 aliena:
3206 1550 3280 1602 "‘3
3302 1572 3318 1600 ι

1756 1632 1992 1687 Fructus
2027 1650 2156 1704 ergo
2193 1635 2365 1690 malos
2404 1637 2568 1691 etiam
2617 1639 2665 1692 si
2699 1637 3010 1703 aﬂ'eramus,
3044 1655 3150 1694 non
3201 1652 3325 1692 sunt

101 1745 202 1780 rum
235 1744 356 1782 vero
403 1729 641 1782 fructum
677 1736 767 1798 qui
823 1729 1039 1785 liberati
1079 1741 1206 1787 sunt
1251 1748 1281 1786 a
1309 1741 1557 1800 peccato,
1593 1741 1650 1785 et
1680 1717 1720 1770 Β
1751 1725 1922 1780 "Osiri
1945 1766 1960 1790 ς
1990 1728 2084 1780 sed
2116 1726 2299 1792 θίίθιιίν
2329 1726 2381 1781 id
2424 1738 2509 1781 εει
2541 1731 2746 1796 ρθοεὶιῑί
2774 1747 2788 1794 ς
2823 1728 3030 1784 “‘UCIUS
3059 1744 3190 1784 Vero
3222 1732 3323 1784 b0'

100 1821 224 1872 servi
253 1819 375 1875 facti
409 1834 538 1877 sunt
569 1824 696 1888 Deo,
732 1823 866 1878 dicit
893 1839 1013 1878 esse
1041 1825 1093 1878 in
1137 1824 1646 1881 sanctificationem.

100 1911 347 1966 Bonorum
380 1915 529 1967 enim
562 1913 901 1983 frequentius
927 1931 1086 1984 quam
1111 1916 1372 1970 malorum
1405 1916 1648 1970 habenda

101 2006 336 2058 memoria
370 2015 477 2062 est.
505 2006 657 2072 Quod
696 2017 879 2061 autem
918 2008 1069 2076 prius
1105 2008 1173 2062 de
1202 2008 1360 2062 malis
1385 2007 1648 2062 fructibus

97 2106 142 2147 et
173 2094 270 2148 fine
303 2112 517 2160 eorum,
548 2107 735 2164 postea
765 2113 894 2150 vero
922 2099 986 2151 de
1022 2097 1291 2152 fructibus
1321 2099 1410 2168 qui
1448 2099 1498 2152 in
1523 2115 1650 2153 sau-

98 2185 464 2241 ctiﬁcationem
493 2198 618 2242 sunt
648 2187 784 2258 (18),
811 2199 866 2241 et
897 2188 962 2242 de
1004 2191 1108 2242 line
1148 2205 1333 2244 eorum
1359 2231 1374 2254 ,
1403 2205 1524 2259 qua:
1569 2200 1652 2245 est

97 2278 194 2329 vita
230 2288 454 2345 aeterna,
500 2283 844 2348 memoravit,
879 2283 1000 2335 vide
1044 2283 1172 2351 quia
1217 2282 1393 2336 simile
1421 2295 1504 2336 est
1547 2284 1650 2336 hoc

102 2368 232 2420 dicto
257 2372 572 2440 prophetico
601 2373 678 2426 illi
721 2387 827 2442 quo
856 2375 970 2444 ipse
1002 2376 1079 2428 ait
1110 2396 1124 2430 :
1159 2394 1178 2426 ‹
1216 2376 1326 2447 Ego
1358 2375 1603 2430 occidam
1633 2416 1649 2442 ,

96 2471 143 2511 et
173 2478 264 2529 ego
313 2464 497 2519 vivere
546 2464 744 2519 faciam
779 2465 862 2534 “;
920 2487 938 2520 ι
974 2477 1029 2522 et
1064 2468 1260 2523 iterum
1312 2485 1326 2522 :
1382 2487 1399 2520 ι
1451 2469 1650 2524 Percu-

99 2551 257 2615 tiam,
290 2566 342 2607 et
386 2571 489 2622 ego
533 2558 773 2621 saltabo;
812 2577 831 2610 ι
881 2567 936 2610 et
966 2573 1178 2611 rursum
1211 2559 1263 2612 in
1301 2557 1444 2613 Joh:
1479 2578 1497 2610 ι
1535 2560 1652 2628 Ipse

94 2639 262 2695 dolere
288 2642 436 2710 facit,
471 2654 525 2698 et
559 2648 862 2703 ,remedium
891 2649 982 2702 dat
1012 2667 1024 2703 :
1058 2650 1314 2718 percutit,
1353 2659 1408 2704 et
1450 2666 1646 2706 manus

93 2731 194 2798 ejus
222 2747 373 2789 sanat
397 2737 467 2791 η.
500 2757 518 2789 ι
543 2737 672 2805 Quas
695 2739 874 2792 omnia
897 2739 1022 2795 illuc
1048 2741 1338 2810 aspiciunt,
1360 2743 1500 2811 quod
1523 2753 1651 2797 ante

92 2827 412 2881 moriendum
458 2841 542 2883 est
569 2846 690 2883 cum
724 2831 963 2898 Christo,
995 2841 1051 2886 et
1081 2834 1155 2886 ita
1198 2835 1586 2889 convivendum
1633 2855 1646 2889 :

91 2925 138 2967 et
165 2928 281 2971 ante
307 2921 775 2989 compatiendum,
819 2932 874 2976 et
916 2922 990 2976 ita
1034 2926 1501 2994 conregnandum.
1531 2926 1646 2980 Nisi

91 3009 221 3062 enim
266 3013 423 3079 prius
481 3028 578 3082 per
621 3015 1002 3083 paenitentiam
1054 3026 1282 3085 peccato
1331 3018 1646 3083 moriamur,

89 3115 184 3154 non
222 3121 508 3171 possumus
541 3106 925 3176 perjustitiaut
962 3107 1142 3162 vivere
1175 3107 1306 3163 Deo.
1330 3108 1435 3162 Sed
1461 3120 1516 3162 ct
1546 3111 1647 3163 hoc

87 3197 215 3260 quod
244 3196 352 3267 (l9)
375 3197 630 3266 superius
665 3197 899 3252 dixit“:
942 3220 959 3249 ι
983 3197 1222 3252 Liberali
1253 3207 1430 3252 autem
1463 3214 1492 3252 a
1522 3215 1647 3268 pec-

86 3298 216 3350 cato,
246 3291 384 3342 servi
422 3287 550 3344 facti
592 3289 726 3343 estis
765 3288 992 3359 justitim
1024 3307 1037 3342 :
1078 3309 1096 3340 ι
1133 3304 1275 3344 nunc
1311 3300 1492 3345 autem
1525 3307 1644 3345 cum

85 3377 321 3431 similiter
367 3378 574 3432 dixerit
604 3398 616 3433 :
656 3399 674 3430 ε
710 3375 954 3433 Liberati
989 3388 1167 3432 autem
1196 3396 1225 3432 a
1259 3392 1482 3448 peccato
1513 3382 1578 3445 ¹⁷,
1624 3402 1642 3432 ι

87 3485 180 3520 nou
226 3470 484 3523 similiter
535 3470 708 3532 dixit,
745 3489 764 3521 ι
804 3471 948 3524 servi
983 3469 1111 3524 facti
1147 3472 1282 3525 estis
1313 3472 1542 3542 iustitia:
1567 3513 1582 3538 ,
1622 3492 1642 3524 ι

83 3561 190 3624 sed,
225 3579 244 3612 ι
282 3563 430 3614 servi
461 3560 589 3615 facti
632 3563 764 3617 estis
794 3561 904 3616 Deo
946 3576 962 3614 :
1017 3582 1036 3614 ι
1076 3576 1182 3616 non
1211 3576 1296 3617 est
1325 3565 1498 3618 otiosa
1533 3565 1644 3618 dis-

86 3651 278 3705 tinctio.
329 3650 438 3706 I‘er
491 3653 592 3706 hoc
637 3651 782 3706 enim
832 3653 1171 3717 ostenditur,
1230 3654 1373 3721 quod
1431 3665 1644 3721 postea-

80 3755 229 3810 quam
266 3745 388 3812 quis
420 3744 684 3798 liberatus
715 3759 743 3796 a
773 3753 997 3812 peccato
1027 3745 1210 3809 fuerit,
1244 3745 1455 3798 servire
1487 3745 1648 3800 debet

81 3835 493 3901 primojustitize
523 3845 578 3888 et
607 3835 859 3889 omnibus
895 3833 1190 3888 virtutibus
1220 3834 1403 3901 simul,
1439 3845 1494 3887 ut
1523 3835 1648 3888 inde

78 3937 168 3990 per
205 3927 513 3993 profectum
549 3924 809 3978 ascendat
833 3927 900 3979 ad
933 3927 1063 3990 hoc,
1095 3936 1153 3978 ut
1178 3941 1370 3980 servus
1402 3925 1644 3991 tiatDeo,

79 4020 315 4082 qnainvis
345 4027 401 4071 et
431 4017 642 4071 servire
685 4017 932 4085 justitiae,
973 4018 1178 4071 servire
1201 4020 1273 4071 sit
1306 4017 1438 4072 Deo.
1489 4017 1647 4072 Chri-

79 4113 189 4159 stus
228 4116 311 4160 est
345 4108 494 4161 enim
539 4108 752 4177 justitia
777 4144 795 4170 ,
824 4117 879 4162 et
909 4108 1116 4161 servire
1142 4106 1363 4162 Christo
1389 4146 1404 4171 ,
1438 4107 1647 4162 servire

78 4198 177 4250 Deo
225 4211 331 4255 est.
388 4202 486 4254 Est
545 4211 725 4254 tamen
776 4204 913 4255 ordo
969 4202 1350 4271 profectuum,
1403 4213 1460 4258 et
1518 4215 1646 4258 sunt

74 4290 226 4364 575
269 4296 322 4349 in
366 4295 659 4350 virtutibus
697 4295 896 4364 gradus
924 4293 1072 4366 (20):
1103 4303 1159 4350 et
1190 4295 1399 4349 idcirco
1436 4295 1644 4350 dicitur

1754 1834 1850 1873 nos
1885 1819 1928 1874 si
1971 1817 2260 1875 aderamus
2308 1822 2366 1875 in
2411 1821 2924 1887 sanctiﬁcationem,
2969 1823 3138 1878 uestri
3193 1833 3323 1878 sunt

1755 1909 1978 1964 fructus.
2010 1908 2148 1965 Istos
2179 1911 2322 1964 enim
2346 1909 2558 1968 fructus
2590 1923 2648 1966 ut
2683 1912 2906 1968 afferret
2952 1915 3186 1968 humana
3221 1930 3322 1969 na-

1751 2013 1872 2055 tura
1916 2016 1945 2056 a
1973 2001 2258 2056 conditore
2290 2016 2390 2058 suo
2419 2005 2676 2072 suscepit.
2730 2004 2868 2060 Nam
2908 2006 2985 2059 illi
3017 2006 3180 2061 alieni
3215 2022 3323 2060 non

1752 2105 1877 2147 sunt
1907 2095 1958 2148 in
1993 2096 2150 2150 nobis
2179 2093 2435 2150 seminati
2471 2111 2502 2148 a
2532 2097 2641 2150 Deo
2673 2095 2806 2168 (2i).
2841 2094 2934 2152 Vis
2963 2108 3145 2150 autem
3179 2099 3322 2153 scire

1752 2183 1877 2252 quia
1910 2185 2166 2240 Dominus
2183 2201 2288 2240 non
2311 2186 2549 2241 seminat
2579 2187 2747 2242 malos
2771 2187 3014 2243 fructus?
3049 2188 3173 2242 audi
3199 2204 3324 2244 eum

1753 2276 1804 2328 iu
1837 2275 2131 2348 Evangelio
2160 2279 2426 2333 dicentem
2459 2296 2472 2330 :
2507 2296 2528 2330 ι
2566 2277 2755 2334 Nonne
2789 2278 2990 2333 bonum
3026 2295 3213 2336 semen
3241 2295 3326 2335 se-

1754 2370 2076 2423 minavimus
2104 2371 2156 2424 in
2185 2371 2351 2441 agro?
2389 2369 2544 2425 Unde
2591 2385 2719 2441 ergo
2772 2373 2934 2426 habet
2980 2373 3226 2428 zizania?
3259 2374 3326 2429 Et

1755 2458 2090 2525 respondens
2117 2460 2254 2513 dixit
2279 2457 2427 2530 (22):
2454 2459 2712 2514 Inimicus
2747 2461 2908 2515 homo
2937 2462 3041 2516 hoc
3070 2463 3198 2518 fecit
3220 2465 3318 2518 η.»

1753 2543 1819 2596 Et
1842 2545 2020 2601 adhuc
2053 2547 2136 2600 vis
2168 2548 2400 2616 amplius
2433 2547 2646 2602 discere
2690 2551 2817 2618 quia
2864 2550 2950 2604 isti
2980 2553 3162 2607 carnis
3201 2553 3322 2608 fru-

1752 2649 1871 2690 ctus
1897 2652 2001 2693 non
2038 2648 2165 2693 sunt
2197 2641 2391 2705 nostri,
2430 2643 2523 2696 sed
2565 2641 2723 2695 alieni
2752 2641 2775 2695 ?
2805 2640 2924 2712 ipse
2965 2644 3159 2699 iterum
3205 2645 3323 2720 (23)

1755 2729 2014 2786 Dominus
2045 2733 2097 2786 in
2126 2732 2416 2804 Evangelio
2453 2736 2619 2793 dicit:
2649 2757 2668 2788 ι
2700 2737 2756 2793 Si
2801 2738 2854 2792 in
2898 2739 3077 2794 alieno
3131 2741 3321 2799 fideles

1755 2838 1858 2876 non
1889 2823 2088 2887 fuistis,
2125 2826 2269 2893 quod
2307 2835 2552 2881 vestrum
2584 2839 2666 2884 est
2693 2830 2816 2899 quis
2842 2830 2996 2886 dabit
3028 2831 3179 2888 vobis
3203 2833 3316 2889 “1’.

1753 2915 1844 2968 Sic
1877 2931 2008 2985 ergo
2039 2917 2318 2986 profunda:
2367 2920 2597 2976 rationis
2649 2923 2909 2992 mysterio
2934 2925 2986 2978 in
3021 2925 3162 2982 malo
3193 2931 3318 2998 qui-

1754 3007 1872 3059 dem
1903 3006 2080 3061 fructu
2108 3007 2397 3077 Apostolus
2434 3025 2539 3065 non
2591 3012 2797 3067 addidit
2829 3031 2847 3064 ι
2878 3026 3162 3082 vestrum;
3197 3037 3218 3071 ι
3253 3020 3321 3075 de

1753 3096 1891 3150 bono
1927 3107 2108 3152 autent
2134 3099 2309 3156 dicit:
2354 3118 2374 3150 ‹
2412 3100 2634 3158 Habetis
2679 3103 2919 3159 fructum
2962 3116 3202 3162 vestrum
3259 3113 3314 3164 in

1750 3187 2257 3244 sanctificationem.
2296 3210 2315 3242 ι
2357 3191 2513 3258 Quod
2553 3203 2734 3249 autem
2777 3196 3128 3265 perfectiores
3177 3202 3323 3256 dicat

1753 3277 1851 3330 hos
1880 3278 1995 3348 (24)
2026 3293 2162 3348 quos
2187 3280 2394 3335 servire
2425 3280 2534 3334 Deo
2564 3283 2824 3348 nominat,
2849 3299 3010 3352 quam
3041 3287 3162 3342 illos
3184 3303 3324 3356 quos

1750 3371 1924 3439 primo
1953 3373 2161 3426 servire
2190 3371 2422 3441 iustitiae
2454 3376 2692 3440 dixerat,
2729 3378 2892 3432 etiam
2929 3394 2995 3432 ex
3036 3379 3141 3434 hoc
3191 3395 3305 3449 pro-

1749 3463 1926 3528 batur,
1964 3466 2107 3534 quod
2145 3466 2335 3520 horum
2365 3465 2601 3522 fructum
2633 3469 2685 3523 in
2720 3469 3208 3526 sanctificationem
3227 3487 3323 3541 po-

1748 3555 1856 3609 suit
1887 3573 1902 3622 ;
1939 3557 2032 3624 qui
2082 3557 2309 3629 intelligi
2343 3571 2570 3627 possunt
2607 3560 2658 3614 hi
2691 3575 2812 3616 esse
2843 3563 2935 3632 qui
2973 3577 3033 3617 se
3071 3564 3311 3618 castitati

1747 3658 1804 3702 et
1835 3647 2186 3703 continentia:
2216 3648 2591 3716 devoverant;
2635 3651 2708 3704 illi
2743 3663 2923 3705 autem
2951 3667 3089 3721 quos
3127 3668 3320 3708 servos

1749 3739 1886 3793 dixit
1932 3754 2054 3796 esse
2094 3740 2347 3809 justitiaz,
2393 3752 2622 3810 possunt
2647 3743 2810 3798 etiam
2849 3745 2902 3799 hi
2934 3745 3104 3800 videri
3139 3747 3229 3815 qui
3263 3747 3315 3800 iu

1751 3832 2018 3901 conjugiis
2049 3833 2235 3900 positi,
2259 3831 2488 3900 justitire
2520 3845 2779 3890 tamenet
2807 3837 3060 3892 omnibus
3094 3838 3314 3892 virtuti-

1747 3922 1847 3979 bus
1876 3939 2095 3993 Operam
2125 3926 2388 3994 praabent.
2421 3924 2496 3979 De
2520 3925 2631 3979 vita
2671 3937 2850 3981 autem
2883 3935 3085 3983 :eterna
3121 3943 3314 3998 quam-

1745 4015 1829 4070 vis
1861 4026 1915 4071 et
1945 4019 1999 4071 in
2031 4017 2153 4071 aliis
2180 4017 2313 4073 locis
2338 4032 2482 4086 saepe
2515 4033 2545 4070 a
2581 4019 2740 4073 nobis
2772 4019 2973 4074 dictmn
3011 4021 3107 4086 sit,
3132 4032 3314 4076 tamen
3344 4011 3348 4014 ’

1745 4108 1879 4161 etin
1911 4109 2162 4178 praesenti
2211 4109 2451 4164 breviter
2497 4109 2970 4180 perstringendum
3017 4121 3123 4175 est,
3169 4115 3314 4183 quod

1745 4200 2022 4252 mternitas
2057 4199 2110 4252 in
2143 4199 2444 4270 Scripturis
2466 4199 2758 4268 aliquando
2787 4217 2884 4271 pro
2911 4216 2976 4256 eo
3000 4214 3232 4272 ponatur
3261 4215 3320 4258 ut

1746 4290 1902 4344 finem
1950 4289 2190 4353 nesciat,
2221 4291 2511 4360 aliquando
2551 4305 2682 4346 vero
2710 4303 2768 4346 ut
2799 4293 2852 4346 in
2895 4295 3147 4363 praesenti
3194 4297 3319 4366 qui-

74 4387 315 4444 L‘hristus
341 4403 590 4459 regnare,
623 4391 868 4459 profecto
901 4390 1200 4444 secundum
1227 4389 1328 4443 hoc
1359 4390 1501 4459 quod
1548 4389 1641 4460 ju-
1675 4405 1720 4459 ι)
1748 4383 1868 4437 dem
1897 4382 2092 4438 εωρυιο
2117 4383 2277 4436 linem
2305 4398 2411 4438 non
2457 4383 2678 4450 habeat,
2707 4385 2904 4439 habeat
2934 4395 3113 4440 tamen
3147 4387 3198 4440 ill
3235 4386 3318 4442 fll-

74 4481 208 4536 slitia
227 4486 516 4548 est,donce
553 4483 608 4536 in
641 4497 969 4552 unoquoque
993 4482 1333 4552 compleatur
1365 4483 1642 4551 plenitudo

71 4570 366 4652 virtutum,
425 4575 512 4626 ubi
563 4589 691 4626 vero
759 4588 1008 4626 mensura
1064 4573 1228 4626 fuerit
1287 4572 1641 4641 perfectionis

71 4669 310 4738 expleta,
347 4681 481 4725 tunc
516 4669 719 4724 dicitur
754 4669 970 4722 tradere
998 4684 1016 4716 ι
1057 4681 1278 4735 regnum
1325 4664 1434 4717 Deo
1458 4673 1512 4716 et
1536 4662 1640 4716 Pa-

74 4762 160 4823 tri,
193 4781 212 4812 ι
258 4775 318 4816 ιιι
339 4764 456 4834 jam
488 4765 555 4816 sit
596 4780 614 4811 σ
655 4762 793 4814 Deus
819 4760 1002 4814 omnia
1034 4759 1085 4810 in
1116 4757 1368 4809 omnibus
1397 4755 1459 4808 ³⁸.
1488 4775 1506 4806 ι
1535 4755 1639 4809 Sed

68 4859 120 4900 et
157 4851 287 4906 illud
318 4853 502 4907 adhuc
550 4849 954 4904 observandum
992 4853 1119 4915 puto
1152 4844 1431 4915 (quoniam
1473 4844 1642 4898 colla—

137 4947 179 4978 ¹³
199 4948 410 5004 Ezech.
441 4963 598 5012 xvut,
621 4946 675 5000 4.
748 4945 792 4977 ⁸⁵
816 4946 968 4999 Deut.
997 4957 1174 5012 χχχιι,
1197 4939 1284 4994 59.

69 5015 111 5046 ¹⁹
135 5015 341 5073 Jerem.
362 5034 428 5085 ιι,
459 5019 547 5072 2i.
584 5009 593 5012 ’
621 5019 666 5048 ²⁰
689 5014 880 5068 Matth.
908 5029 1025 5076 xm,
1053 5011 1143 5064 27.
1219 5013 1262 5042 “
1295 5009 1428 5064 Luc.
1455 5025 1563 5071 xvr,
1595 5011 1682 5063 i2.

126 5111 237 5183 (ιϐ)
265 5114 440 5174 Editi,
473 5130 491 5164 ι
519 5113 673 5168 dicit.
711 5132 728 5163 ι
761 5111 825 5164 Ει
847 5109 1010 5183 paulo
1026 5116 1188 5183 post,
1225 5121 1243 5153 ι
1266 5104 1624 5183 utposthaec»

69 5178 186 5244 (ms.
219 5178 396 5247 "uitus,
439 5201 456 5233 ι
487 5193 544 5237 ιιι
582 5193 702 5252 post
728 5184 848 5235 hoc.
881 5199 901 5231 ι
940 5179 1218 5240 ﬂabanus,
1262 5195 1285 5228 ί
1322 5187 1381 5228 ιιι
1405 5178 1633 5244 Aposto-

64 5253 142 5305 lus
166 5255 319 5326 htec_
413 5255 614 5326 dixisse
647 5254 914 5314 videatur,
952 5269 972 5300 ι
1003 5259 1127 5326 etc._
1249 5316 1260 5326 _

131 5324 246 5394 (17)
279 5316 452 5388 Ειιῖιί,
482 5339 841 5394 perperamd
877 5337 982 5394 non
1015 5316 1407 5371 erubescimus.
1443 5334 1461 5365 ι

131 5391 245 5465 (18)
273 5395 454 5465 Alias,
493 5413 512 5444 ‹
551 5391 600 5446 ιιι
637 5391 1060 5465 sanctificatione
1090 5397 1236 5465 sunt.
1269 5405 1288 5437 ι

136 5458 242 5532 (19)
272 5458 451 5526 Editi,
484 5483 504 5514 ι
540 5466 666 5532 quia
697 5461 944 5532 superius
967 5458 1184 5532 dixerit.
1220 5477 1238 5532 ι

160 5493 242 5533 Ia}
272 5493 451 5526 nul",
484 5493 504 5514 ι
540 5493 666 5532 quia
697 5493 944 5530 nupsi-ua
967 5493 1184 5512 υυιυιιι.
1220 5493 1238 5508 1

129 5493 247 5604 (ὶο)
282 5533 463 5597 Alias,
486 5551 505 5583 ε
532 5544 586 5586 et
613 5544 736 5586 sunt
765 5529 1092 5604 profectibus
1112 5529 1345 5604 gradus;
1373 5545 1392 5580 ι
1413 5524 1508 5591 al.,
1533 5542 1550 5575 ι
1577 5535 1630 5578 et

60 5599 183 5676 sunt
222 5599 585 5676 profectibus;
609 5614 666 5657 et
707 5601 996 5676 virtutibus
1031 5599 1248 5676 gradus.
1287 5615 1365 5676 In

127 5667 245 5746 (21)
273 5675 450 5740 Editi,
484 5692 503 5724 ‹
545 5674 678 5727 Nam
715 5672 788 5726 illi
819 5669 984 5723 alicui
1015 5667 1140 5725 sunt
1165 5668 1216 5722 in
1246 5667 1400 5724 nobis
1419 5681 1526 5722 non
1547 5681 1630 5722 se-

304 5772 584 5831 PATROL.
631 5769 749 5829 Gn.
798 5767 966 5827 Χιν.

1363 4941 1404 4971 ’⁸
1430 4938 1529 4994 Job
1553 4940 1710 5002 v.18.

1750 4485 1893 4531 Iuro.
1943 4475 2250 4545 Aliquando
2299 4477 2560 4545 temporis
2591 4476 2842 4543 alicujus,
2881 4477 2968 4531 vel
2996 4478 3162 4532 etiam
3192 4480 3318 4533 vitae

1747 4569 1905 4623 unius
1937 4568 2173 4623 hominis
2201 4569 2436 4637 spatium
2471 4569 2753 4623 aeternitas
2784 4568 3114 4635 appellatur,
3147 4582 3205 4624 ut
3235 4585 3318 4627 est

1746 4662 1875 4715 illud
1907 4663 1959 4715 in
1994 4661 2112 4732 lege
2149 4663 2411 4730 scriptum
2444 4661 2510 4715 de
2541 4676 2701 4715 servo
2744 4660 2966 4715 Hebraeo
2987 4663 3069 4712 ²³ε
3103 4683 3120 4714 ι
3153 4662 3211 4717 Si
3240 4665 3318 4717 di-

1745 4751 1956 4816 lexerit,
1989 4771 2009 4802 ›
2044 4752 2238 4819 inquit,
2280 4769 2300 4803 ι
2336 4765 2562 4805 uxorem
2592 4766 2770 4817 suam,
2802 4759 2858 4805 et
2891 4751 3034 4806 ﬁlios
3072 4768 3224 4818 suos,
3263 4767 3320 4808 ct

1745 4860 2066 4915 permanere
2105 4844 2340 4899 voluerit
2378 4845 2430 4897 in
2465 4843 2728 4898 servitute
2756 4854 2976 4914 propter
3003 4845 3150 4916 ipsos
3173 4844 3314 4916 (25),

1790 4942 1832 4972 ιθ
1863 4940 2018 4994 Rom.
2048 4955 2121 5002 vt,
2149 4940 2237 4995 18.
2311 4939 2352 4970 ¹⁷
2382 4939 2509 4993 ibid.
2543 4938 2634 4992 22.
2712 4939 2799 4992 ¹³1
2831 4937 2958 4993 Cor.
2991 4955 3076 5006 xv,
3113 4938 3314 5004 2i,28.

1759 5012 1804 5042 "
1835 5010 2006 5067 Exod.
2045 5026 2160 5077 xxi,
2199 5009 2254 5074 5,
2285 5009 2338 5063 6.

1740 5107 1925 5160 minati
1949 5122 1977 5160 a
2006 5107 2134 5160 Deo.
2163 5124 2182 5157 ι
2214 5104 2312 5159 Ms.
2345 5119 2502 5169 unus,
2541 5123 2558 5155 ι
2588 5103 2722 5158 Nam
2747 5102 2821 5157 illi
2851 5114 2977 5158 sunt
3002 5103 3162 5156 alieni
3188 5102 3315 5174 [al..

1744 5194 1762 5226 ς
1788 5177 2008 5230 alienati
2035 5175 2226 5247 sunt»)
2247 5190 2352 5228 non
2377 5187 2500 5228 sunt
2532 5175 2584 5228 in
2618 5174 2771 5227 nobis
2795 5174 3048 5247 seminati
3069 5188 3098 5226 a
3125 5175 3250 5227 Deo.
3289 5193 3310 5224 ι

1808 5248 1924 5317 (22)
1983 5248 2147 5310 Editi,
2192 5246 2294 5299 {et
2337 5247 2721 5317 respondentes
2773 5246 3056 5298 dixerunt:
3101 5263 3123 5294 ι
3178 5259 3311 5299 mss.

1737 5315 1978 5385 quidam,
2019 5336 2036 5367 ι
2075 5317 2138 5369 Et
2170 5315 2499 5385 respondit.»

1807 5387 1921 5453 (Ξῖ)
1951 5388 2114 5452 Editi,
2143 5405 2161 5436 ι
2194 5388 2308 5454 ipse
2340 5387 2524 5438 etiam.
2556 5405 2574 5436 ι

1809 5459 1922 5528 (24)
1956 5458 2086 5512 Mss.
2113 5457 2438 5528 plerique,_¢
2473 5457 2613 5528 dicat
2649 5455 2756 5510 hic.
2788 5473 2806 5505 ι

1811 5521 1921 5598 (25)
1945 5529 2036 5581 Sic
2057 5521 2159 5580 ms.
2181 5521 2339 5583 unus.
2366 5524 2562 5581 Carteri
2586 5541 2714 5581 vero
2737 5540 2873 5579 mss.
2900 5532 2955 5577 et
2969 5521 3126 5592 editi,
3145 5539 3166 5576 ι
3189 5538 3318 5594 ριύ-

1740 5612 1856 5668 pter
1881 5614 2073 5669 lpSam.
2099 5617 2119 5647 ι

2921 5749 2998 5810 3h-
