3692 6138
334 257 469 313 ΠΒἹ

1773 257 2089 313 ORIGENIS

3444 259 3574 317 1068

328 375 544 437 subula,
577 374 770 444 inquit,
804 375 1097 443 pertundes
1129 390 1314 430 aurem
1365 375 1482 444 ejus
1537 375 1587 429 in
1618 384 1794 446 poste,
1847 386 1903 431 ct
1933 383 1978 437 Α
2005 377 2074 431 de
2102 389 2208 446 qua
2258 375 2520 444 scriptum
2571 385 2673 441 est,
2719 376 2845 446 quia
2903 392 2923 426 ι
2963 376 3171 440 anima,
3196 390 3329 447 quae
3371 389 3577 446 peccat,

328 469 433 522 erit
465 468 558 520 tibi
609 481 798 519 servus
848 466 901 519 in
937 474 1222 520 :eternum.
1254 484 1272 517 ι
1314 466 1596 521 ,λΕιετηιιητ
1647 469 1732 520 hic
1781 469 1898 523 sine

328 560 493 614 dubio
522 566 734 626 tempus
758 558 880 610 vitae
909 557 1146 612 hominis
1167 560 1365 628 posuit.
1396 559 1460 612 Et
1494 561 1684 613 iterum
1720 560 1771 613 in
1798 561 1898 613 Ec-

302 651 581 706 clesiaste
605 649 812 703 dicitur
838 649 922 702 “z
961 669 979 701 ι
1013 650 1306 706 Generatio
1332 651 1497 716 vadit,
1530 662 1583 705 et
1615 653 1896 721 generatio

325 741 495 806 venit,
537 751 677 796 terra
707 751 889 794 autem
921 740 972 794 in
1014 750 1280 794 aeternum
1313 751 1420 795 stat
1465 759 1478 795 :
1535 743 1693 799 iliici
1734 751 1895 796 aiter-

329 851 453 890 num
487 853 506 888 ι
539 835 828 906 ρηεεεηιίε
858 832 1040 888 saeculi
1074 843 1286 904 tempus
1323 836 1580 890 ostendit.
1632 835 1734 891 Ubi
1767 851 1896 890 vero

327 931 459 984 dicit
498 945 517 980 ι
563 928 732 981 vitam
786 936 1070 990 aeternam,
1110 945 1129 979 ι
1160 927 1226 980 ad
1261 927 1390 982 illtid
1417 928 1786 998 aspiciendam
1813 938 1897 983 est

327 1021 469 1091 quod
517 1021 633 1088 ipse
681 1019 937 1074 Salvator
969 1019 1148 1072 dixit:
1191 1036 1211 1070 α
1250 1017 1372 1072 Ηεξε
1419 1028 1504 1072 est
1557 1029 1736 1072 autem
1788 1019 1895 1072 vita

325 1124 550 1178 aeterna,
594 1122 653 1166 ut
700 1118 1036 1180 cognoscant
1070 1120 1122 1164 te
1150 1109 1327 1163 solum
1364 1125 1550 1163 verum
1607 1109 1794 1173 Deum,
1841 1118 1897 1165 et

323 1218 487 1273 quem
512 1201 704 1256 misisti
733 1200 916 1256 Jesum
941 1200 1213 1254 Christum
1239 1201 1285 1232 “
1309 1216 1322 1254 :
1350 1219 1368 1252 ι
1397 1209 1449 1254 ει
1471 1200 1668 1253 iterum
1695 1214 1709 1253 :
1746 1218 1762 1251 ε
1783 1199 1895 1269 Ego

322 1313 442 1352 sum
482 1296 590 1360 via,
629 1305 683 1349 et
712 1295 918 1349 veritas
967 1305 1021 1348 et
1051 1294 1159 1348 vita
1191 1294 1256 1347 ".
1291 1313 1308 1344 ι
1355 1292 1420 1346 Et
1451 1293 1565 1362 ipse
1602 1293 1896 1360 Apostolus

324 1391 376 1446 in
417 1391 541 1445 aliis
568 1390 718 1452 dicit,
761 1388 889 1458 quia
930 1405 950 1438 ‹
986 1389 1268 1456 rapiemur
1316 1388 1368 1440 in
1413 1387 1648 1440 nubibus
1676 1386 1892 1439 obviam

319 1481 540 1540 Christo
563 1483 614 1536 in
632 1497 780 1548 aera,
795 1491 850 1535 et
867 1481 938 1534 ita
953 1495 1167 1548 semper
1183 1495 1303 1533 cum
1327 1479 1553 1533 Domino
1565 1479 1771 1532 erimus
1787 1480 1851 1531 ".
1867 1497 1886 1531 ι

322 1575 476 1629 Sicut
503 1587 632 1643 ergo
660 1585 877 1640 semper
899 1585 1020 1624 cum
1059 1569 1288 1624 Domino
1309 1583 1452 1633 esse,
1477 1568 1636 1622 ﬁnem
1671 1584 1776 1623 non
1803 1570 1893 1623 ha-

321 1664 434 1728 bet,
461 1663 535 1718 ita
564 1671 619 1718 et
644 1661 754 1716 vita
779 1669 984 1716 atterna
1013 1660 1218 1716 nullum
1246 1660 1406 1715 linem
1435 1660 1639 1715 habere
1659 1662 1890 1715 creden-

317 1757 388 1811 da
423 1765 525 1811 est.

391 1848 444 1902 6.
495 1866 512 1898 1
548 1846 828 1916 Stipendia
866 1846 1011 1900 enim
1044 1845 1250 1913 peccati
1285 1859 1430 1899 mors
1459 1866 1470 1899 :
1507 1844 1681 1915 gratia
1711 1854 1892 1898 autem

323 1941 437 2005 Dei,
471 1941 578 1994 vita
606 1947 832 2001 acterna,
855 1937 906 1992 in
930 1935 1149 1992 Christo
1177 1933 1303 1991 Jesu
1330 1937 1556 1991 Domino
1577 1947 1762 1992 nostro
1788 1938 1886 1991 π.»

321 2031 511 2087 Simile
556 2041 662 2094 est,
716 2031 822 2085 hoc
867 2031 1009 2098 quod
1055 2029 1214 2091 dixit,
1277 2048 1296 2079 ‹
1363 2029 1641 2099 Stipendia
1682 2029 1891 2099 peccati

318 2139 486 2188 mors,
526 2142 543 2174 ι
590 2121 663 2176 illi
710 2121 852 2190 quod
882 2121 1134 2188 superius
1163 2121 1401 2184 dixerat,
1445 2139 1463 2171 ι
1513 2121 1664 2174 Finis
1713 2131 1890 2175 autem

318 2217 534 2271 illorum
571 2228 717 2269 mors
745 2213 817 2267 ’⁸.
856 2231 875 2264 ι
907 2211 1149 2278 Quorum
1177 2213 1395 2266 autem?
1425 2212 1637 2267 Illorum
1660 2215 1775 2268 sine
1803 2213 1894 2268 du-

314 2310 406 2365 bio
441 2326 460 2360 r
499 2323 598 2378 pro
640 2307 840 2377 quibus
867 2320 1012 2359 nunc
1059 2304 1400 2366 erubescitis,
1435 2324 1453 2356 ι
1504 2319 1728 2373 quorum
1781 2304 1894 2359 fru-

315 2411 438 2456 ctus
465 2415 562 2454 nec
593 2399 874 2453 nominare
903 2397 1119 2467 quidem
1151 2397 1380 2449 :estimat
1404 2396 1624 2466 dignum
1656 2395 1791 2469 (26).
1826 2397 1892 2451 Et

314 2495 540 2547 iterum:
579 2511 594 2542 ι
633 2490 814 2546 Gratia
846 2502 1028 2544 autem
1073 2489 1187 2552 Dei,
1213 2489 1323 2540 vita
1345 2497 1570 2553 :cterna,
1597 2489 1648 2542 in
1674 2490 1892 2544 Christo

311 2581 442 2638 Jesu
463 2582 703 2637 Domino
731 2591 940 2649 nostro,
980 2599 999 2633 ι
1049 2580 1229 2637 simile
1275 2589 1359 2636 est
1402 2579 1475 2633 illi
1528 2581 1671 2649 quod
1713 2581 1886 2635 dixit:

316 2695 337 2728 ι
373 2673 595 2729 Habetis
627 2673 863 2728 fructum
886 2680 1130 2727 vestrum
1183 2673 1236 2726 in
1276 2669 1784 2737 sanctiﬁcationem,
1823 2673 1888 2727 [i-

311 2783 437 2822 nem
467 2780 598 2820 vero
629 2765 796 2819 vitam
830 2774 1093 2818 aeternam
1129 2763 1197 2818 ".
1240 2783 1259 2818 ι
1296 2764 1441 2819 Bene
1478 2773 1662 2817 autem
1710 2774 1888 2820 meta-

314 2861 568 2931 phoram,
620 2859 673 2914 id
699 2868 784 2913 est
812 2857 1045 2927 ﬁguram
1097 2857 1304 2912 militiae
1337 2872 1404 2912 ex
1433 2857 1590 2911 initio
1635 2859 1888 2927 proposi-

318 2965 425 3008 tam
460 2961 662 3015 servat,
697 2961 757 3004 ut
783 2950 1152 3005 militantibus
1189 2952 1289 3004 sub
1318 2961 1545 3021 peccato
1591 2964 1715 3020 rege
1747 2949 1886 3021 (27),

2003 467 2118 537 ipsa
2153 469 2416 523 morietur
2437 469 2502 522 ³¹.
2529 487 2548 521 i
2588 468 2654 523 Et
2683 469 2931 537 quamvis
2955 468 3022 522 de
3047 469 3366 524 diversitate
3393 472 3577 526 mortis

2007 576 2035 613 a
2064 561 2219 615 nobis
2252 560 2518 630 swpejam
2552 561 2754 615 dictum
2785 562 2878 625 sit,
2930 571 3110 616 tamen
3158 562 3286 630 quia
3341 577 3576 631 praesens

2003 652 2292 706 admonuit
2342 653 2529 718 locus,
2577 654 2815 722 apertius
2849 653 3034 708 eadem
3088 660 3373 722 repetere,
3422 662 3482 706 et
3527 655 3575 706 in

2001 761 2164 799 unum
2205 760 2324 816 qua:
2355 745 2588 815 sparsim
2621 755 2749 799 sunt
2777 747 2922 800 dicta
2959 745 3219 817 colligere
3263 760 3453 814 neque
3483 746 3578 798 mi-

1999 839 2052 893 hi
2083 843 2292 908 pigrum
2326 839 2417 906 sit,
2447 854 2622 907 neque
2652 837 2962 909 legentibus
2991 853 3311 893 onerosum.
3341 836 3491 891 Mors
3527 838 3575 890 in

1999 925 2301 996 Scripturis
2328 943 2492 982 unum
2536 929 2752 996 quidem
2805 943 2997 983 nomen
3033 937 3136 992 est,
3177 929 3271 982 sed
3304 928 3482 982 multa
3513 930 3581 981 si-

1999 1023 2244 1092 gniﬁcat.
2278 1021 2490 1076 Etenim
2525 1023 2800 1092 separatio
2831 1023 3076 1092 corporis
3107 1023 3175 1076 ab
3206 1023 3392 1096 anima
3438 1037 3582 1076 mors

1999 1115 2333 1169 nominatur.
2368 1111 2474 1169 Sed
2509 1115 2625 1170 hare
2654 1129 2829 1184 neque
2860 1115 2998 1169 mala
3036 1113 3172 1186 (30),
3209 1129 3390 1185 neque
3439 1115 3577 1169 bona

1996 1205 2102 1260 dici
2129 1213 2308 1274 potest
2336 1225 2350 1260 :
2388 1214 2471 1260 est
2497 1207 2642 1260 enim
2664 1207 2858 1271 media,
2875 1222 2994 1275 qua:
3012 1207 3214 1261 dicitur
3236 1205 3578 1260 indiﬂ‘erens.

1998 1295 2062 1350 Et
2090 1313 2281 1349 rursns
2313 1298 2585 1367 separatio
2619 1299 2813 1353 animm
2847 1315 2873 1351 a
2914 1299 3025 1353 Deo
3067 1314 3215 1352 mors
3246 1297 3578 1367 appellatur,

1995 1405 2114 1455 qua}
2141 1405 2239 1459 per
2271 1399 2550 1459 peccatqu
2587 1391 2750 1446 venit.
2789 1392 2911 1448 Hazc
2936 1402 3122 1461 aperte
3147 1390 3287 1447 mala
3310 1400 3421 1454 est,
3467 1405 3580 1460 qua

1994 1491 2049 1536 et
2077 1484 2281 1550 peccati
2318 1482 2648 1551 stipendium
2697 1483 3009 1538 nominatur
3041 1484 3108 1537 ⁸’.
3145 1483 3300 1538 Hanc
3343 1491 3576 1536 mortem

1995 1573 2137 1629 Deus
2166 1589 2275 1627 non
2307 1573 2458 1638 fecit,
2494 1589 2669 1643 neque
2716 1574 2929 1629 laetatur
2971 1574 3023 1628 in
3073 1574 3384 1644 perditione
3429 1573 3578 1625 vivo-

1995 1681 2114 1720 rum
2130 1680 2146 1719 :
2161 1666 2254 1720 sed
2274 1665 2479 1721 invidia
2498 1667 2701 1721 diaboli
2721 1681 2868 1721 mors
2889 1666 3004 1721 haec
3022 1665 3269 1721 introivit
3288 1663 3408 1734 (51)
3425 1664 3482 1717 in
3494 1679 3579 1718 or-

1996 1759 2116 1812 bem
2155 1769 2449 1814 terrarum.
2482 1758 2550 1812 Et
2580 1760 2774 1812 iterum
2801 1760 2912 1825 ipse
2945 1767 3136 1812 auctor
3171 1756 3371 1810 mortis
3403 1754 3568 1822 hujus

1995 1849 2240 1904 diabolus
2269 1866 2418 1905 mors
2441 1851 2758 1920 appellatur,
2791 1859 2846 1904 et
2872 1850 2986 1920 ipse
3023 1858 3106 1904 est
3132 1849 3224 1917 qui
3249 1848 3464 1902 dicitur
3484 1847 3579 1900 ini-

1995 1939 2168 1994 micus
2192 1940 2398 1995 Christi
2426 1941 2756 1995 novissimus
2779 1939 3142 1995 destruendus
3164 1939 3231 1992 ³³.
3266 1936 3378 1992 Sed
3417 1947 3478 1992 et
3502 1938 3579 1989 in-

1995 2031 2135 2086 ferni
2171 2031 2322 2088 locus
2362 2033 2414 2086 in
2449 2048 2557 2103 quo
2606 2032 2803 2086 animae
2854 2031 3244 2086 detinebantur
3291 2045 3322 2084 a
3376 2040 3575 2096 morte,

1993 2127 2156 2181 etiam
2191 2126 2302 2194 ipse
2328 2140 2475 2179 mors
2497 2124 2817 2194 appellatur.
2847 2123 3054 2178 Dicitur
3077 2139 3210 2179 vero
3229 2133 3288 2178 et
3314 2123 3409 2177 illa
3437 2138 3577 2177 mors

1993 2217 2105 2287 ('52)
2135 2217 2423 2271 laudabilis
2450 2231 2552 2286 qua
2577 2225 2802 2284 peccato
2832 2216 2954 2285 quis
2989 2218 3242 2281 moritur,
3268 2225 3330 2270 et
3351 2215 3577 2271 Christo

1992 2309 2376 2378 consepelitur,
2414 2322 2512 2376 per
2535 2322 2696 2376 quant
2719 2307 3027 2362 emendatio
3056 2307 3117 2362 iit
3146 2307 3347 2362 animae
3377 2316 3439 2362 et
3468 2309 3574 2362 vita

1993 2410 2196 2452 aeterna
2229 2397 2598 2466 conquiritur.
2628 2395 2764 2450 Cum
2799 2411 2929 2468 ergo
2971 2407 3121 2450 tanta
3167 2395 3486 2452 differentia
3526 2398 3574 2450 in

1993 2491 2092 2544 hoc
2122 2504 2230 2543 uno
2258 2489 2478 2544 nomine
2511 2489 2702 2544 mortis
2743 2489 3034 2555 habeatur,
3061 2489 3104 2544 si
3160 2489 3360 2544 audias
3409 2489 3575 2542 Deum

1991 2582 2279 2647 dicentem,
2317 2600 2335 2632 ι
2371 2581 2484 2651 Ego
2505 2581 2772 2644 occidam,
2796 2593 2852 2636 et
2879 2597 2980 2650 ego
3005 2581 3190 2636 vivere
3217 2580 3425 2636 iaciam
3453 2581 3524 2647 ³⁵,
3550 2597 3572 2632 ι

1993 2675 2301 2744 intelligere
2333 2676 2496 2730 debes
2531 2690 2650 2744 quae
2673 2676 2747 2730 sit
2781 2689 2933 2730 mors
2967 2689 3129 2744 quam
3153 2675 3316 2730 decet
3362 2675 3576 2729 inferre

1993 2768 2161 2822 Deum
2190 2767 2336 2837 (35):
2377 2767 2466 2820 illa
2497 2769 2616 2822 sine
2645 2767 2813 2823 dubio
2837 2781 2957 2837 qua:
2989 2767 3240 2822 conferat
3290 2767 3490 2833 vitam,
3525 2767 3574 2822 id

1989 2872 2072 2916 est
2109 2873 2166 2916 ut
2206 2863 2474 2915 moriatur
2501 2862 2627 2931 quis
2663 2870 2909 2930 peccato,
2939 2870 2994 2914 et
3019 2861 3163 2915 vivat
3206 2859 3340 2915 Deo.
3383 2879 3405 2913 ι
3437 2859 3571 2915 Cum

1989 2953 2263 3009 occideret
2293 2968 2406 3018 eos,
2450 2973 2468 3004 ι
2504 2954 2699 3021 inquit,
2739 2972 2758 3004 ι
2790 2954 3273 3021 (ιυειιτειηηιευηι,
3299 2963 3357 3007 et
3393 2968 3574 3008 rever-

315 3049 424 3102 imo
451 3046 630 3116 potius
661 3043 931 3115 tyrannidi
963 3041 1080 3110 ejus
1121 3043 1456 3112 parentibus,
1495 3043 1759 3114 stipendia
1791 3043 1882 3098 de-
1915 3065 1956 3123 ο
1993 3043 2396 3098 tebantur’5°’°.
2427 3063 2444 3096 ι
2465 3043 2816 3112 Apertissime
2833 3045 3034 3098 docens
3049 3058 3144 3113 per
3161 3042 3289 3105 hoc,
3309 3044 3440 3114 quia
3460 3042 3572 3115 (3t)

315 3140 428 3193 liita
462 3148 692 3192 mortem
721 3136 868 3192 dicat
890 3134 1118 3190 exsolvi.
1153 3134 1324 3190 Deum
1355 3149 1484 3190 vero
1518 3151 1621 3189 non
1661 3143 1778 3190 erat
1809 3134 1891 3188 di-

313 3248 479 3305 gnum
514 3230 776 3286 militibus
807 3229 921 3284 suis
968 3229 1235 3298 stipendia
1285 3229 1442 3299 quasi
1503 3227 1744 3282 debitum
1790 3225 1891 3280 ali-

314 3326 458 3395 quod
493 3325 644 3388 dare,
683 3323 777 3376 sed
821 3324 1017 3376 donum
1051 3333 1104 3375 et
1135 3324 1387 3392 gratiam,
1430 3337 1550 3389 qua:
1578 3330 1665 3375 est
1718 3338 1736 3370 ‹
1775 3319 1886 3372 vita

315 3428 517 3473 acterna
546 3417 596 3470 in
629 3415 846 3471 Christo
890 3415 1018 3471 Jesu
1051 3415 1280 3469 Douiiuo
1311 3424 1518 3470 nostro.
1547 3431 1565 3465 ι
1615 3413 1725 3482 Ego
1781 3426 1888 3465 non

318 3519 448 3579 puto
482 3510 642 3563 etiam
671 3510 773 3562 hoc
807 3522 1034 3562 vacuum
1063 3521 1210 3570 esse,
1241 3506 1383 3574 quod
1413 3504 1477 3557 ad
1519 3503 1683 3557 vitam
1725 3513 1889 3556 aeter-

314 3617 439 3656 nam
472 3600 678 3655 addidit
704 3616 724 3651 ι
762 3600 815 3654 iu
839 3597 1052 3653 Christo
1080 3597 1308 3651 Domino
1333 3604 1551 3659 nostro;
1588 3613 1607 3646 ι
1649 3593 1743 3647 sed
1763 3595 1887 3663 quia

314 3694 570 3748 fortassis
609 3691 736 3748 sciri
779 3692 950 3745 voluit
973 3690 1116 3744 aliud
1153 3705 1274 3744 esse
1301 3689 1464 3742 vitam
1501 3697 1760 3742 aeternam
1793 3703 1886 3741 so-

314 3789 448 3854 lum,
486 3797 539 3841 et
570 3786 715 3840 aliud
743 3787 910 3839 vitam
949 3795 1206 3839 aeternam
1259 3783 1310 3836 iu
1356 3783 1578 3836 Christo
1619 3779 1768 3836 Jesu.
1823 3781 1888 3834 Et

313 3877 390 3932 illi
425 3876 569 3931 enim
596 3875 686 3946 qui
716 3882 938 3941 surgent
976 3874 1028 3926 in
1062 3872 1431 3926 confusionem
1453 3881 1507 3924 et
1535 3871 1886 3939 opprobrium

313 3969 703 4037 sempiternum
739 3965 806 4029 ³ο,
840 3965 1118 4018 habebunt
1147 3962 1364 4031 quidem
1393 3961 1556 4014 vitam
1595 3970 1884 4024 aeternam,

313 4077 420 4115 non
453 4072 628 4113 tamen
671 4060 723 4112 in
753 4057 970 4112 Christo
989 4055 1139 4118 Jesu,
1173 4054 1269 4109 sed
1298 4054 1348 4106 in
1378 4053 1695 4108 confusione
1724 4051 1889 4122 576

313 4161 369 4206 et
397 4151 684 4220 opprobrio
711 4159 954 4212 aeterno;
989 4147 1123 4216 justi
1153 4161 1284 4200 vero
1319 4145 1407 4213 qui
1437 4155 1664 4212 surgent
1693 4145 1805 4217 (28)
1831 4145 1884 4198 in

311 4245 477 4297 vitam
537 4254 794 4296 aeternam
846 4240 899 4294 in
943 4239 1162 4292 Christo
1208 4236 1333 4292 Jesu
1397 4236 1675 4290 habebunt
1719 4237 1883 4290 vitam

314 4346 595 4389 aeternam.
626 4333 914 4388 Peccatum
954 4345 1083 4400 ergo
1116 4329 1228 4402 (29)
1257 4329 1518 4384 militibus
1549 4331 1662 4384 suis
1691 4329 1742 4382 in
1768 4331 1888 4398 qui-

1995 3152 2155 3207 quem
2190 3137 2332 3190 Deus
2379 3136 2601 3200 occidit,
2656 3145 2948 3204 propterea
2997 3135 3222 3199 occidit,
3258 3145 3320 3188 ut
3347 3143 3572 3206 peccato

1996 3231 2282 3293 moriatur,
2329 3241 2382 3284 et
2428 3237 2638 3299 quaerat
2679 3229 2868 3284 Deum.
2909 3229 3002 3283 Sic
3024 3245 3125 3299 ego
3149 3230 3315 3283 audio
3352 3239 3412 3283 et
3446 3227 3572 3283 illud

1995 3321 2138 3391 quod
2171 3322 2431 3390 scripturn
2463 3329 2548 3373 est
2574 3319 2638 3382 ³⁷,
2671 3320 2794 3388 quia
2825 3319 3027 3374 occidit
3069 3319 3210 3374 Deus
3250 3317 3366 3373 Her
3402 3317 3569 3373 ﬁlium

1993 3413 2164 3478 Iudae,
2199 3414 2452 3483 quoniam
2485 3412 2753 3483 malignus
2782 3421 2940 3477 erat;
2975 3421 3031 3467 et
3059 3411 3102 3466 si
3131 3411 3259 3480 quid
3297 3412 3449 3465 aliud
3475 3412 3569 3464 btt-

1990 3507 2224 3578 jusmodi
2265 3507 2329 3560 de
2353 3506 2462 3560 Deo
2499 3504 2725 3573 legimus
2757 3505 3039 3573 scriptum.
3070 3504 3160 3559 Sic
3185 3513 3240 3558 et
3275 3504 3570 3573 Apostolus

1993 3605 2332 3667 peccatorem
2367 3596 2613 3650 tradebat
2641 3595 2692 3649 in
2731 3595 3007 3650 interitum
3058 3595 3259 3659 carnis,
3295 3604 3356 3648 ut
3406 3595 3567 3664 spiri-

1997 3697 2109 3741 tum
2160 3686 2363 3740 l'aceret
2403 3685 2609 3740 salvum
2642 3686 2704 3748 ³⁸,
2741 3687 2842 3741 hoc
2869 3695 2976 3748 est,
3013 3698 3071 3738 ut
3102 3695 3416 3740 moreretur
3445 3699 3567 3754 pec-

1994 3792 2135 3844 cato,
2178 3789 2233 3836 et
2257 3781 2464 3834 viveret
2495 3779 2624 3832 Deo.
2651 3779 2717 3832 Et
2743 3779 2794 3832 in
2824 3781 3076 3848 praasenti
3112 3779 3279 3848 igitur
3309 3777 3434 3835 loco
3469 3779 3566 3834 sti-

1993 3872 2185 3940 pendia
2213 3886 2332 3941 qua:
2355 3873 2443 3925 dat
2477 3881 2781 3938 peccatum,
2809 3886 2953 3923 mors
2983 3885 3101 3924 esse
3127 3869 3390 3923 dicuntur
3414 3886 3430 3922 :
3464 3885 3562 3925 non

1996 3965 2096 4018 ista
2129 3980 2274 4019 mors
2304 3979 2426 4034 qua:
2470 3973 2687 4032 separat
2731 3977 2929 4031 corpus
2966 3962 3033 4015 ab
3084 3962 3288 4027 anima,
3334 3963 3437 4017 sed
3480 3962 3564 4016 illa

1995 4072 2100 4126 qua
2134 4071 2232 4127 per
2261 4064 2550 4126 peccatum
2585 4062 2871 4121 separatur
2912 4053 3090 4106 anima
3125 4068 3154 4106 a
3188 4051 3322 4107 Deo.
3353 4053 3420 4106 Et
3441 4067 3561 4106 rur-

1994 4164 2114 4202 sum
2155 4163 2252 4203 nos
2283 4148 2334 4202 in
2378 4156 2551 4200 morte
2577 4145 2780 4200 Christi
2814 4145 3044 4199 dicimur
3071 4144 3357 4214 baptizati,
3391 4145 3446 4198 in
3472 4144 3559 4199 illa

1993 4241 2110 4295 sine
2142 4240 2303 4295 dubio
2331 4251 2506 4294 morte
2537 4237 2650 4307 (55)
2678 4253 2781 4307 qua
2813 4247 3036 4307 peccato
3064 4248 3310 4291 mortuus
3353 4247 3440 4291 est
3474 4251 3558 4292 sc-

1994 4333 2121 4396 mel,
2165 4341 2223 4386 ut
2268 4343 2322 4386 et
2355 4347 2452 4386 nos
2498 4346 2816 4401 separemur
2847 4345 2874 4384 a
2921 4340 3162 4400 peccato,
3211 4338 3270 4382 et
3317 4329 3558 4382 vivamus

317 4429 422 4482 bus
455 4437 663 4497 regnat,
697 4425 970 4496 stipendia
1002 4424 1162 4492 digna
1195 4422 1420 4493 largitur
1451 4433 1706 4476 mortem.
1734 4424 1886 4477 Mor-
1918 4435 1962 4488 D
1993 4424 2553 4493 Deo”.Taliuanique
2572 4433 2745 4478 morte
2761 4419 3558 4491 quimoritur('56)juslilicatus

317 4536 427 4580 tem
460 4532 641 4575 autem
665 4519 892 4574 dicimus
923 4532 1030 4572 non
1057 4517 1198 4570 hanc
1218 4513 1579 4584 corporalem,
1607 4517 1703 4569 sed
1736 4516 1885 4570 illam

387 4631 434 4664 ³⁸
462 4630 700 4695 Eccle.t,
731 4629 786 4682 4.
893 4626 1116 4682 ⁸³]οοη.
1160 4640 1293 4688 xvtt,
1328 4625 1380 4677 '5.

1485 4625 1530 4656 ³⁵
1561 4623 1715 4680 Joan.
1747 4641 1857 4689 XIV,
1886 4626 1944 4685 6.

1995 4533 2114 4574 esse
2141 4517 2339 4572 dicitur
2361 4532 2390 4570 a
2415 4525 2637 4586 peccato
2652 4515 2721 4568 ‘°.
2741 4514 2832 4570 Sic
2856 4528 2986 4584 ergo
3015 4512 3261 4567 habenda
3292 4511 3558 4566 distinctio

2041 4629 2086 4660 ³⁸
2118 4627 2351 4682 lTliess.
2383 4641 2456 4692 iv,
2493 4626 2577 4680 16.
2681 4626 2725 4656 ³⁷
2766 4624 2924 4680 Rom.
2954 4638 3027 4686 vi,
3055 4621 3145 4676 25.
3222 4621 3270 4653 "
3298 4622 3430 4677 ibid.
3473 4623 3554 4676 2|.

317 4703 362 4734 ”
389 4701 518 4754 ibid.
543 4701 634 4753 ‘22.
688 4693 754 4731 ⁷³⁰
776 4697 976 4752 Jereui.
1003 4712 1153 4757 χχιιι,
1175 4695 1264 4751 40.
1342 4695 1382 4725 ³¹
1404 4693 1604 4750 Ezech.
1637 4711 1788 4757 xviii,
1811 4697 1864 4750 4.

1996 4699 2150 4753 Boiu.
2183 4714 2259 4762 vt,
2285 4698 2375 4751 23.
2451 4696 2494 4728 ³³
2521 4694 2692 4750 lCor.
2726 4710 2816 4761 xv,
2844 4694 2935 4748 εδ.
3010 4693 3055 4724 ³⁵
3083 4694 3236 4746 Deut.
3278 4694 3552 4757 xun,59.

316 4771 438 4806 ³⁸ο³⁶
461 4769 604 4825 Psal.
640 4784 848 4836 Lxxvu,
890 4769 978 4822 54.
1055 4768 1097 4797 ³⁷
1125 4768 1263 4821 Ceu.
1304 4781 1535 4829 xxxviii,
1559 4766 1613 4818 7.

389 4885 503 4958 (26)
539 4886 696 4950 Editi,
733 4904 751 4958 ς
783 4901 1010 4958 quorum
1032 4884 1239 4958 fructus
1254 4898 1324 4958 ne
1341 4884 1620 4958 nominare
1643 4882 1886 4953 dignum.

321 4952 409 5011 Et'
442 4952 640 5012 iterum
671 4975 685 5009 :
722 4952 908 5011 Gratia
957 4967 1134 5008 autem
1173 4954 1264 5008 Dei
1310 4955 1362 5006 iu
1394 4952 1634 5018 Christo,
1682 4952 1724 5005 »ί
1754 4966 1889 5020 etc.,

321 5027 540 5082 omissis
568 5027 806 5087 vocibus,
853 5043 871 5076 ι
907 5031 1013 5077 vita
1045 5035 1269 5077 attenta.
1303 5042 1322 5075 ι

395 5099 506 5167 (27)
549 5096 648 5150 Ms.
685 5113 822 5148 unus
846 5111 965 5149 cum
987 5095 1182 5167 editis,
1215 5111 1238 5143 1
1291 5092 1392 5167 sub
1436 5091 1642 5167 peccati
1691 5108 1835 5167 rege.
1869 5111 1890 5144 ι

322 5163 660 5228 ΑΙίει·ἠιε.,‹
695 5168 793 5217 sub
832 5167 1034 5234 peccati
1069 5163 1202 5232 lege.
1238 5181 1256 5213 ι
1287 5163 1392 5216 Sed
1425 5163 1623 5216 rectius
1656 5179 1757 5216 ms.
1792 5164 1896 5217 lte-

321 5239 441 5306 gius
467 5254 612 5291 num.
643 5235 779 5290 1659
805 5249 856 5289 ει
886 5235 1138 5288 [tabanus
1165 5243 1227 5287 ut
1257 5236 1527 5306 in_nostro
1567 5241 1736 5306 textu.

393 5308 504 5377 (28)
539 5307 711 5371 Alias,
742 5324 760 5358 ι
781 5313 1047 5374 surgunt;
1079 5321 1098 5354 ι
1135 5312 1189 5356 ει
1214 5301 1374 5371 paulo
1407 5312 1545 5372 post,
1574 5321 1592 5353 ι
1626 5303 1886 5367 habent,»

321 5381 482 5431 male.

394 5448 506 5517 (29)
547 5446 710 5509 Editi,
746 5465 764 5496 ι
800 5443 1086 5517 Peccatum
1113 5457 1270 5517 vero.
1305 5463 1324 5495 ι

394 5513 506 5588 (50)
540 5518 721 5588 Neque
747 5516 912 5569 mala.
948 5513 1070 5568 Haec
1096 5514 1293 5568 desunt
1340 5516 1392 5568 in
1431 5514 1676 5588 editione
1716 5515 1894 5588 Gene-

325 5585 530 5642 brardi.
578 5586 783 5641 Deinde
829 5602 928 5639 ius.
975 5601 1135 5646 unus,
1186 5602 1204 5634 ‹
1241 5595 1403 5650 atque
1449 5586 1649 5638 dicitur
1679 5585 1893 5638 indiﬂ'e-

325 5670 473 5719 rens,
501 5676 520 5708 ι
564 5657 760 5723 quibus
793 5656 976 5709 verbis
1015 5657 1220 5708 addunt
1259 5657 1413 5719 editi,
1457 5674 1474 5705 ι
1513 5656 1563 5707 id
1609 5667 1692 5709 est
1738 5671 1893 5708 coui-

313 5725 527 5801 ‘uiuuis,
559 5743 578 5774 ι
622 5728 764 5794 quod
814 5728 1084 5780 omittitur
1116 5725 1167 5779 in
1206 5727 1457 5780 omnibus
1488 5741 1621 5780 mss.
1659 5725 1887 5780 nostris.

1689 4765 1734 4796 ³⁸
1763 4766 1778 4819 l
1803 4766 1930 4824 Cor.
1962 4785 2015 4836 v,
2047 4769 2099 4822 5.
2175 4769 2218 4801 ³⁸
2245 4769 2402 4822 Rom.
2425 4781 2498 4834 Vl,
2536 4766 2590 4831 5,
2617 4769 2673 4830 9,
2702 4767 2790 4822 10.
2863 4766 2909 4796 ⁵ο
2935 4763 3089 4817 Rom.
3111 4779 3204 4817 vit.

2062 4881 2172 4954 (⁸51)
2203 4882 2374 4954 Editi,
2403 4900 2421 4933 ι
2457 4879 2655 4954 invidia
2686 4880 2882 4954 diaboli
2911 4895 3053 4934 mors
3085 4878 3360 4954 introivit,
3381 4898 3403 4932 ι
3434 4891 3551 4944 etc.,

1992 4950 2195 5021 abSqu'e
2235 4973 2253 5003 ι
2286 4953 2402 5005 sed.
2442 4971 2462 5004 ι
2501 4951 2654 5011 ΑΙ.,‹
2703 4951 2902 5006 invidia
2947 4959 3126 5004 autem
3160 4950 3364 5004 diaboli
3416 4965 3552 5004 mors

1994 5023 2252 5084 introivit,
2281 5041 2299 5072 ι
2331 5031 2434 5076 etc.

2062 5093 2176 5163 (5‘2)
2212 5093 2377 5163 Editi,
2409 5110 2430 5142 ‹
2464 5091 2626 5146 etiam
2655 5092 2768 5160 ipsa
2801 5105 2946 5145 mors
2972 5087 3302 5160 appellatur.
3359 5089 3553 5143 Dicitur

1994 5162 2268 5216 etiam’ilia
2292 5179 2467 5228 mors;
2505 5181 2524 5213 ι
2565 5171 2621 5214 ει
2649 5173 2832 5230 postea
2865 5176 2971 5216 ms.
3005 5174 3168 5224 unus,
3205 5176 3224 5208 ε
3258 5175 3356 5228 per
3391 5176 3544 5230 quam

1997 5235 2306 5287 cuiuudatio
2335 5233 2392 5286 [it
2418 5233 2631 5286 animm.
2665 5249 2686 5283 >

2063 5303 2175 5370 (55)
2205 5304 2339 5358 Editi
2357 5315 2410 5357 et
2423 5318 2549 5356 mss.
2569 5303 2781 5371 quidam
2799 5316 3082 5373 perperam
3097 5301 3327 5366 habent,
3358 5318 3379 5351 ι
3399 5315 3548 5369 quam

1994 5375 2124 5427 dicit
2161 5375 2357 5428 inferre
2379 5373 2565 5427 Deum.
2593 5391 2612 5424 ›

2063 5443 2174 5513 (54)
2205 5445 2373 5509 Alias,
2414 5462 2432 5494 ι
2457 5444 2587 5497 Cutn
2617 5443 3019 5506 occidereteos,
3042 5441 3388 5511 inquirebant
3412 5455 3546 5494 euut.

1992 5516 2345 5582 Apertissime
2374 5515 2578 5576 dicens,
2613 5515 2762 5582 quia,
2799 5533 2816 5564 ι
2850 5522 2957 5568 etc.

2062 5585 2173 5652 (35.)
2207 5583 2394 5637 Morte.
2422 5585 2476 5637 lu
2501 5585 2663 5637 editis
2687 5584 2986 5638 omittitur.

1994 5726 2006 5778 Ι
2063 5653 2174 5726 (56)
2212 5654 2309 5711 Ms.
2344 5669 2504 5722 unus,
2543 5671 2560 5704 ‹
2586 5655 2910 5726 justilicattts
2940 5664 3024 5712 est
3053 5671 3082 5709 a
3120 5662 3404 5726 peccato,»
3436 5664 3544 5704 ma-

2011 5741 2059 5778 e.

2011 5741 2059 5780 e.
