3692 6138
109 286 256 345 1069

1070 293 1427 353 COMMENT.
1467 295 1536 351 ΙΝ
1574 297 1788 354 EPIST.
1830 300 1922 354 AD
1961 300 2126 358 ROM.
2166 304 2298 359 LIB.
2341 305 2431 360 Vl.

3235 316 3373 374 1070

106 416 216 471 est,
255 410 400 478 quod
433 410 574 464 Deus
614 411 824 464 etiamsi
872 412 1126 468 occidere
1175 415 1392 470 dicatur
1428 425 1483 471 et
1531 419 1694 472 morti
1723 423 1769 478 Α
1795 416 2018 485 Ῑιιιιριτρ,
2051 421 2120 474 ita
2152 421 2427 476 cthomini
2459 423 2666 493 quisub
2697 425 2812 497 lege
2850 439 2951 492 ρει,
2977 431 3214 499 quandiu
3244 437 3378 492 vivit

108 501 356 563 tradere,
392 503 514 556 talis
548 507 796 572 quaedam
837 505 911 558 sit
958 521 1106 561 mors
1149 523 1267 576 qum
1305 524 1334 562 a
1365 509 1474 564 Deo
1509 512 1688 575 datur,

109 603 168 644 ut
204 592 455 647 conferat
483 592 664 647 vitam.
688 592 827 647 Nihil
847 596 988 649 enim
1017 597 1140 652 mali
1168 600 1374 654 datura
1395 601 1690 672 bono(57),

106 685 240 741 licet
272 688 432 741 triste
459 687 550 750 sit,
585 687 710 740 licet
750 689 956 743 doloris
991 689 1236 758 plenum,
1288 706 1578 762 prospectu
1613 707 1688 750 ta-

108 795 231 833 men
263 779 532 839 medendi,
569 791 623 832 et
651 783 1107 850 contemplatione
1139 785 1391 839 sanitatis
1423 785 1685 854 infertur,

108 882 166 926 ut
208 873 451 926 animam
501 888 662 941 quam
719 885 1076 942 separaverat
1124 891 1156 930 a
1189 878 1300 931 Deo
1347 878 1600 934 illecehra
1636 891 1692 935 et

105 967 340 1022 dulcedo
399 968 633 1036 peccati,
688 970 1002 1025 severitatis
1053 973 1352 1028 austeritas
1398 985 1614 1044 separet
1657 993 1684 1029 a

104 1070 352 1128 peccato.
413 1061 730 1114 Econtrario
769 1076 898 1116 vero
949 1073 1233 1132 peccatum
1280 1066 1542 1137 quidquid
1593 1069 1687 1124 de-

104 1148 269 1213 derit,
310 1151 575 1220 quidquid
598 1152 915 1217 contulerit,
948 1157 1144 1211 animze
1189 1172 1336 1214 mors
1383 1170 1487 1224 est,
1519 1161 1685 1216 etiam

102 1243 147 1296 si
180 1244 454 1312 stipendia
485 1244 764 1314 largiatur.

170 1335 226 1388 7.
261 1354 281 1385 ε
311 1336 392 1388 An
421 1337 706 1407 ignoratis,
746 1337 942 1395 fratres
975 1339 1293 1405 (scientibus
1327 1345 1470 1398 enim
1509 1345 1681 1415 legem

102 1425 315 1495 loquor)
348 1427 392 1457 “
424 1430 546 1497 quia
586 1430 672 1485 lex
721 1432 1035 1487 dominatur
1081 1434 1133 1488 in
1181 1437 1425 1502 homine,
1475 1451 1682 1506 quanto

102 1529 351 1587 tempore
398 1520 574 1574 vivit?
615 1521 750 1575 Nam
793 1539 917 1592 qua:
945 1524 1047 1579 sub
1077 1526 1195 1580 viro
1235 1537 1320 1581 est
1352 1529 1565 1595 mulier,
1605 1530 1684 1583 vi-

100 1623 260 1665 vente
289 1611 406 1666 viro
450 1612 663 1684 alligata
689 1626 773 1671 est
801 1617 928 1686 legi.
958 1619 1016 1673 Si
1047 1631 1229 1674 autem
1264 1631 1510 1677 mortuus
1558 1623 1679 1678 fue-

101 1703 167 1757 rit
216 1705 323 1769 vir,
361 1705 537 1760 soluta
567 1717 651 1763 est
681 1725 710 1762 a
744 1709 862 1780 iege
886 1710 1013 1766 viri.
1052 1711 1241 1782 Igitur,
1275 1714 1494 1770 vivente
1537 1715 1676 1782 viro,

99 1797 576 1861 cognominabitur
625 1801 896 1868 adultera,
947 1803 993 1858 si
1039 1803 1204 1859 fuerit
1233 1821 1358 1860 cum
1393 1807 1501 1863 alio
1531 1807 1673 1863 viro.

101 1887 152 1940 Si
181 1898 366 1942 autem
392 1901 640 1948 mortuus
661 1893 827 1949 fuerit
852 1899 954 1963 vir,
981 1897 1209 1953 liberata
1236 1908 1320 1954 est
1347 1916 1377 1955 a
1411 1901 1529 1969 lege
1551 1903 1676 1968 viri,

100 1987 154 2031 ut
181 1980 296 2047 jam
333 1996 438 2036 non
463 1985 536 2038 sit
564 1985 807 2043 adultera
840 1989 883 2044 si
913 1989 1080 2045 fuerit
1105 2006 1228 2046 cum
1259 1993 1366 2047 alio
1395 1995 1536 2048 viro.
1568 1995 1676 2048 Ita-

99 2085 221 2139 que,
276 2073 478 2130 fratres
532 2079 660 2142 mei,
703 2089 758 2134 et
799 2095 896 2136 vos
939 2083 1249 2138 mortiﬁcati
1283 2086 1414 2141 estis
1447 2086 1550 2158 legi
1579 2105 1677 2158 per

97 2176 290 2230 corpus
320 2165 546 2230 Christi,
585 2177 644 2222 ιιι
677 2169 796 2224 sitis
825 2171 1050 2227 alterius
1077 2174 1168 2243 qui
1199 2190 1266 2229 ex
1312 2177 1552 2246 mortuis,
1589 2193 1676 2233 re-

99 2258 354 2322 surrexit,
397 2268 453 2312 ιιι
480 2258 877 2318 fructiﬁcemus
907 2262 1020 2336 (58)
1050 2264 1182 2320 Deo.
1223 2267 1360 2321 Cum
1399 2271 1546 2322 enim
1585 2284 1674 2324 es-

97 2361 276 2404 semus
325 2350 379 2404 in
432 2367 621 2418 carne,
672 2353 802 2407 vitia
856 2366 1202 2426 peccatorum
1232 2358 1370 2430 (39),
1410 2375 1531 2430 qua:
1578 2377 1675 2432 per

97 2439 264 2510 legem
305 2453 486 2508 erant,
525 2448 897 2514 operabantur
935 2447 987 2502 in
1029 2450 1292 2505 membris
1341 2455 1567 2518 nostris,
1615 2466 1674 2509 ut

95 2529 487 2590 fructificarent
507 2538 692 2592 morti.
716 2537 870 2593 Nunc
893 2550 1074 2595 autem
1103 2542 1265 2596 soluti
1293 2559 1480 2598 sumus
1503 2560 1533 2599 a
1554 2545 1673 2616 lege

98 2628 319 2693 mortui,
353 2627 407 2680 in
439 2645 547 2698 qua
583 2630 985 2700 detinebamur,
1038 2633 1110 2687 ita
1156 2643 1214 2688 ut
1257 2636 1565 2691 serviamus
1615 2639 1668 2691 in

98 2720 329 2774 novitate
356 2721 601 2789 spiritus,
630 2731 688 2777 et
717 2738 822 2778 non
849 2723 903 2777 in
941 2735 1212 2780 vetustate
1238 2725 1451 2782 litterae.
1490 2747 1511 2781 ι
1567 2728 1668 2784 La-

99 2810 196 2864 tius
245 2811 298 2865 in
345 2813 722 2880 superioribus
750 2814 862 2886 (40)
895 2815 960 2871 de
989 2816 1092 2871 fide
1123 2827 1178 2872 et
1208 2818 1325 2888 lege
1359 2819 1666 2888 disserens,

96 2914 186 2968 per
214 2903 399 2957 omnia
426 2917 548 2958 esse
579 2905 976 2972 praeferendam
1005 2910 1246 2964 ostendit
1275 2911 1431 2965 (idem
1475 2927 1665 2968 eorum

94 2992 350 3049 duntaxat
377 2997 470 3065 qui
496 2998 727 3052 credunt
760 3017 777 3048 ι
805 2998 858 3052 in
882 3015 1002 3054 eum
1024 3001 1114 3070 qui
1149 3003 1439 3058 suscitavit
1479 3003 1663 3060 Jesum

95 3083 374 3139 Dominum
408 3097 658 3142 nostrum
686 3105 716 3142 a
745 3093 975 3145 mortuis
1008 3092 1073 3148 δ’.
1105 3112 1126 3146 ι
1180 3093 1311 3149 Post
1341 3096 1455 3150 hac
1489 3099 1664 3164 qualis

91 3178 245 3231 etiam
280 3193 475 3235 eorum
502 3183 789 3236 conversio
815 3183 928 3254 (41)
958 3186 1181 3241 deberet
1207 3202 1328 3243 esse
1349 3189 1624 3258 subiungit
1650 3232 1664 3254 ,

96 3269 143 3323 in
172 3271 369 3340 quibus
406 3282 461 3327 et
490 3275 556 3328 de
583 3286 810 3344 peccato
849 3277 1047 3345 Adam,
1098 3295 1161 3333 ac
1196 3279 1408 3347 jnstitia
1460 3280 1667 3337 Christi

95 3362 385 3418 disseruit:
419 3364 514 3419 sed
547 3377 602 3420 et
623 3366 691 3421 de
725 3370 988 3422 servitute
1021 3369 1133 3440 (49.)
1161 3387 1226 3426 ac
1260 3371 1512 3428 libertate
1559 3389 1665 3442 qua

92 3455 414 3524 veljustitia:
439 3461 564 3529 quis
588 3461 757 3515 servit
787 3472 843 3515 et
881 3461 1018 3516 liber
1065 3474 1151 3519 est
1192 3481 1219 3517 a
1277 3476 1526 3534 peccato,
1581 3469 1665 3521 vel

93 3559 305 3616 peccato
325 3552 798 3620 servitetjustitite
812 3554 950 3609 liber
962 3563 1070 3619 est,
1085 3555 1398 3625 disputavit.
1417 3555 1569 3612 Nunc
1583 3574 1665 3614 er-

91 3654 594 3715 gopostexcessum
619 3647 908 3716 quemdam
927 3647 1089 3701 latius
1113 3648 1358 3701 habitum
1394 3647 1507 3720 (45)
1524 3650 1664 3705 redit

91 3737 240 3808 577
271 3742 452 3793 denuo
502 3740 570 3794 ad
619 3749 910 3794 tractatum
970 3741 1107 3810 legis
1142 3750 1198 3793 et
1244 3740 1468 3806 Christi,
1530 3743 1660 3796 talia

89 3835 324 3899 quaedam
369 3834 422 3888 in
455 3835 704 3903 praisenti
744 3835 1020 3890 disserens
1045 3837 1198 3889 loco:
1232 3850 1352 3904 qua:
1381 3835 1656 3902 paululum

90 3936 407 3992 repetentes,
442 3928 735 3981 secundum
776 3927 972 3980 litterae
1019 3928 1470 3996 consequentiam
1503 3929 1656 3997 prius

91 4019 291 4081 aperire
325 4023 697 4075 tentabimus:
743 4029 854 4075 tum
890 4021 1055 4076 etiam
1114 4036 1212 4090 pro
1266 4023 1472 4075 virihus
1523 4023 1655 4090 quid

89 4113 454 4181 unusquisque
510 4128 689 4168 sermo
745 4114 966 4169 virtutis
1016 4113 1234 4178 habeat,
1289 4114 1648 4184 requiremus.

87 4198 315 4270 Loquor,
361 4205 554 4274 inquit,
592 4206 744 4261 vobis
772 4208 864 4276 qui
911 4206 1197 4261 scientiam
1247 4207 1383 4277 legis
1414 4208 1646 4271 habetis,

86 4305 134 4346 et
165 4297 314 4352 scitis
349 4313 570 4353 sensum
609 4300 726 4368 ejus
752 4316 856 4353 non
891 4315 1009 4355 esse
1033 4300 1086 4354 in
1119 4309 1390 4354 vetustate
1431 4301 1648 4369 litterae,

85 4387 169 4440 sed
197 4390 246 4440 in
274 4389 500 4454 spiritus
534 4391 774 4445 novitate
800 4409 812 4444 :
839 4391 942 4445 hoc
969 4402 1070 4457 est,
1108 4410 1127 4442 ι
1155 4392 1446 4447 scientibus
1476 4394 1645 4463 legem

1796 521 1850 565 et
1876 517 2033 577 valet,
2059 515 2372 568 dominatur
2398 515 2478 571 lex
2504 517 2636 587 (45).
2669 517 2774 573 Sed
2798 521 2938 575 sicut
2961 525 3097 589 viro,
3133 528 3216 581 cui
3245 530 3376 598 legi-

1798 604 1900 656 Ims
1927 603 2212 672 snbjuncta
2248 605 2426 660 fuerat
2457 608 2673 671 mulier,
2701 610 2744 663 si
2777 611 2992 667 accidat
3016 619 3175 682 mori,
3201 619 3373 678 libera

1793 692 2024 747 ellieitur
2052 696 2263 762 mulier,
2300 707 2355 751 et
2379 713 2409 751 a
2444 699 2545 753 viri
2575 711 2845 769 potestate
2873 704 3184 773 resolvitur,
3216 711 3286 765 ita
3319 723 3376 770 et

1795 788 1840 839 is
1873 788 1963 855 qui
2001 787 2102 842 sub
2131 789 2248 857 lege
2282 801 2388 851 est,
2416 791 2460 845 si
2495 794 2706 848 accidat
2740 795 2910 864 legem
2946 801 3105 866 mori,
3138 806 3206 859 ab
3239 821 3371 876 ope-

1794 879 1944 932 ribus
1977 878 2109 948 legis
2143 879 2278 935 liber
2309 879 2538 936 efﬁcitur
2566 900 2578 935 :
2605 896 2659 937 et
2689 887 2831 939 sicut
2865 889 3059 944 mulier
3087 909 3208 960 qua:
3226 897 3373 964 prio-

1795 971 1869 1020 ris
1907 968 2005 1021 viri
2033 968 2241 1038 legibus
2268 971 2512 1026 absoluta
2539 985 2642 1039 est,
2679 975 2842 1032 habet
2869 977 3174 1037 libertatem
3199 994 3258 1040 ut
3278 986 3369 1040 alii

1791 1060 1904 1113 viro
1931 1061 2209 1130 jungatur,
2241 1064 2312 1117 ita
2342 1073 2394 1117 et
2431 1067 2473 1118 is
2506 1067 2597 1135 qui
2625 1069 2727 1122 sub
2763 1081 3026 1138 potestate
3057 1073 3187 1145 legis
3214 1077 3373 1148 vixit,

1792 1152 1881 1205 ubi
1913 1163 2184 1208 mortuam
2213 1157 2356 1210 videt
2410 1156 2680 1222 litteram,
2725 1160 2888 1214 habet
2929 1173 3250 1230 potestatem
3285 1170 3368 1222 vi-

1789 1247 1930 1299 venti
1965 1247 2140 1302 Verbo
2171 1260 2421 1320 tanquam
2448 1253 2564 1307 viro
2597 1256 2817 1309 sociari.
2850 1255 2906 1310 Si
2939 1274 3065 1314 vero
3095 1261 3369 1316 viventem

1791 1339 1968 1393 adhuc
2006 1341 2246 1408 priorem
2277 1345 2450 1398 virmn
2488 1346 2720 1401 voluerit
2745 1351 2939 1406 mulier
2971 1353 3295 1423 relinquere,
3315 1367 3372 1410 et

1786 1431 1874 1485 alii
1917 1434 2136 1498 sociari,
2173 1436 2419 1490 adultera
2457 1439 2576 1493 sine
2617 1440 2781 1493 dubio
2802 1443 3184 1511 appellabitur.
3214 1446 3368 1514 Quod

1785 1524 1948 1578 simili
1976 1523 2147 1578 forma
2178 1529 2341 1581 etiam
2374 1530 2425 1582 in
2461 1545 2583 1584 eum
2611 1533 2756 1586 cadit
2779 1534 2868 1602 qui
2899 1535 3072 1606 legem
3101 1548 3157 1590 ut
3190 1541 3366 1594 virum

1783 1616 2052 1672 viventem
2095 1618 2210 1688 (46)
2245 1621 2471 1687 deserit,
2523 1631 2578 1678 et
2608 1624 2698 1678 alii
2723 1624 2989 1694 jungitur.
3025 1627 3150 1685 Haec
3182 1641 3366 1687 autem

1785 1716 2040 1778 tanquam
2101 1729 2121 1762 t
2161 1712 2482 1778 scientibus,
2531 1735 2550 1766 ο
2594 1725 2653 1769 ut
2687 1716 2824 1781 dixi,
2862 1737 2881 1770 ι
2920 1718 3091 1790 legem
3151 1722 3366 1791 loquor,

1789 1800 2006 1869 fratres,
2044 1823 2062 1854 ι
2095 1816 2151 1858 ιιι
2179 1805 2500 1878 intelligatis
2522 1810 2645 1877 quia
2676 1823 2731 1864 et
2761 1826 2857 1864 vos
2896 1811 3067 1883 legem
3102 1824 3364 1885 tanquam

1786 1897 1961 1951 virum
1993 1909 2269 1954 mortuum
2304 1901 2606 1971 reliquistis
2639 1901 2777 1975 (4'7).
2821 1905 2966 1962 Mors
3001 1920 3183 1964 autem
3219 1911 3365 1968 illius

1786 2004 1879 2054 per
1915 1993 2208 2044 adventum
2259 1991 2460 2048 ChriSti
2526 2007 2582 2048 et
2628 2002 3051 2066 assumptionem
3111 2005 3363 2073 corporis

1783 2079 1900 2147 ejus
1931 2091 2035 2148 est,
2077 2099 2172 2153 per
2193 2087 2336 2152 quod
2365 2101 2458 2140 vos
2481 2087 2659 2142 clfecti
2698 2091 2834 2145 estis
2873 2093 3102 2149 alterius
3131 2096 3269 2168 (48),
3308 2099 3359 2153 id

1783 2173 2059 2240 estjuncti
2097 2174 2187 2228 alii
2220 2176 2356 2241 viro,
2384 2176 2455 2230 illi
2485 2178 2693 2233 scilicet
2725 2180 2817 2250 qui
2846 2196 2874 2234 a
2917 2186 3144 2238 mortuis
3181 2202 3362 2240 resur-

1784 2269 1944 2332 rexit,
2002 2277 2056 2322 et
2110 2267 2250 2320 ultra
2291 2279 2522 2324 mortem
2559 2288 2663 2325 non
2718 2274 2933 2342 recipit,
2973 2277 3362 2346 quamrecepit

1783 2361 1931 2427 prior
1961 2358 2049 2413 ille
2087 2359 2190 2425 vir,
2225 2360 2278 2416 id
2317 2375 2402 2416 est
2435 2361 2541 2417 lex.
2573 2361 2683 2419 Vos
2713 2378 2845 2431 ergo
2894 2382 3040 2421 nunc
3071 2367 3196 2422 facti
3226 2370 3360 2426 estis

1783 2451 1902 2520 ejus
1931 2453 2032 2506 viri
2067 2454 2156 2522 qui
2192 2469 2223 2508 a
2266 2455 2494 2510 mortuis
2530 2459 2832 2512 resurrexit
2872 2474 3067 2528 sponsa
3100 2478 3116 2516 :
3150 2471 3206 2516 et
3238 2462 3360 2518 ideo

1783 2545 2082 2598 secundum
2135 2545 2469 2602 voluntatem
2519 2547 2689 2617 ipsius
2721 2549 2908 2605 vivere
2937 2552 3170 2618 debetis,
3227 2556 3363 2624 quia'

1774 2636 1883 2702 jam
1919 2653 2022 2690 non
2051 2653 2239 2692 sumus
2287 2639 2342 2692 in
2395 2655 2584 2703 carne,
2610 2640 2706 2695 sed
2755 2641 2808 2694 in
2840 2642 3032 2710 spiritu
3066 2643 3132 2710 “,
3184 2646 3354 2700 etiam

1777 2732 1820 2781 si
1848 2728 2140 2798 aliquando
2172 2731 2222 2784 in
2269 2746 2435 2785 carne
2469 2732 2633 2800 positi
2665 2733 2874 2802 peccati
2914 2744 2968 2789 et
3001 2737 3185 2792 carnis
3223 2751 3352 2806 pas-

1776 2821 2019 2875 sionibus
2049 2823 2407 2892 urgebamur;
2439 2839 2559 2894 quae
2578 2825 2859 2894 passiones
2892 2842 2986 2895 per
3007 2828 3351 2885 occasionem

1777 2911 1977 2980 legisin
1999 2913 2254 2967 membris
2277 2914 2476 2970 nostris
2503 2914 2930 2982 fructificabaut,
2958 2932 3064 2972 non
3097 2919 3230 2986 Deo,
3257 2921 3351 2976 sed

1776 2997 1995 3063 mortis,
2024 2998 2099 3052 illi
2129 3001 2288 3054 morti
2317 3017 2482 3071 quam
2507 3002 2650 3057 Deus
2681 3019 2786 3058 non
2822 3005 2970 3060 fecit.
3009 3004 3165 3064 Nunc
3215 3024 3348 3079 ergo

1773 3091 1916 3145 sicut
1943 3107 2067 3145 cum
2097 3093 2325 3148 moritur
2351 3094 2455 3158 vir,
2486 3094 2656 3150 libera
2688 3108 2845 3152 estet
2877 3098 3124 3154 absoluta
3153 3102 3351 3158 mulier

1773 3197 1803 3234 a
1835 3181 1952 3252 lege
1974 3183 2095 3249 viri,
2152 3185 2225 3238 ita
2251 3194 2305 3239 et
2331 3201 2428 3240 nos
2453 3185 2607 3241 liberi
2645 3189 2774 3242 facti
2798 3203 2992 3245 sumus
3024 3207 3053 3245 a
3089 3192 3208 3262 lege
3227 3211 3348 3264 quae

1773 3275 2054 3328 videbatur
2075 3276 2230 3330 nobis
2254 3277 2520 3332 dominari
2557 3287 2810 3349 tanquam
2835 3288 2935 3337 vir.
2970 3281 3070 3337 Cui
3101 3283 3200 3353 legi
3227 3287 3346 3340 sine

1772 3365 1934 3418 dubio
1955 3366 2120 3419 etiam
2157 3382 2254 3420 nos
2287 3369 2486 3422 mortui
2535 3384 2745 3435 smnus,
2777 3381 2831 3427 et
2875 3373 3041 3428 alieni
3071 3393 3101 3429 a
3155 3379 3345 3430 condi-

1770 3457 1916 3510 tione
1946 3457 2064 3525 ejus
2090 3477 2108 3508 t
2158 3462 2212 3515 in
2227 3478 2333 3533 qua
2349 3462 2775 3531 detinebamum
2805 3476 2865 3520 ut
2897 3464 3014 3534 jam
3068 3478 3192 3536 post
3223 3468 3342 3524 hzee

1772 3565 1791 3598 t
1829 3549 2133 3606 serviamus
2165 3566 2271 3605 non
2306 3552 2360 3606 in
2393 3563 2663 3608 vetustate
2706 3553 2906 3611 littera:
2936 3575 2957 3608 ι
2983 3557 3126 3614 sicut
3162 3560 3341 3628 prius,

1766 3641 1858 3694 scd
1895 3659 1914 3692 ς
1951 3641 2004 3695 in
2049 3642 2292 3696 novitate
2350 3643 2576 3711 spiritus
2601 3643 2688 3698 “:
2731 3665 2751 3698 ι
2786 3663 2945 3717 quem
2995 3650 3245 3719 spiritum
3306 3670 3337 3706 ει

1763 3748 1959 3801 sponso
1983 3745 2168 3789 nostro
2198 3747 2454 3805 tanquam
2481 3738 2723 3806 nuptiale
2749 3741 2944 3810 pignus
2991 3743 3336 3812 accepimus,

1761 3827 1902 3878 sicut
1932 3836 1986 3880 et
2021 3825 2148 3880 alibi
2183 3827 2316 3881 dicit
2345 3846 2358 3881 :
2389 3847 2406 3879 ι
2434 3828 2534 3895 Qui
2566 3831 2715 3885 dedit
2745 3833 2903 3888 nobis
2936 3833 3130 3904 pignus
3161 3836 3336 3904 Spiri-

1763 3919 1923 3972 tus“.
1955 3937 1972 3970 ι
2011 3920 2107 3974 Hie
2138 3931 2222 3974 est
2243 3923 2376 3975 ordo
2405 3922 2628 3991 eloquii,
2657 3933 2712 3978 et
2743 3926 2858 3979 haec
2882 3926 3162 3996 apostolici
3183 3945 3334 3982 com-

1758 4027 1895 4080 pago
1917 4015 2212 4070 sermonis.
2231 4012 2338 4068 Sed
2368 4031 2509 4072 nunc
2536 4026 2844 4084 repetentes
2867 4033 2986 4087 quae
3003 4019 3146 4073 dicta
3179 4030 3328 4087 sunt,

1756 4106 2116 4160 discutiamus
2147 4122 2242 4174 per
2289 4108 2523 4177 singula.
2561 4127 2581 4161 t
2616 4110 2701 4164 An
2734 4111 3000 4180 ignoratis
3047 4110 3194 4185 (49),
3246 4113 3330 4168 in-

1754 4198 1892 4264 quit,
1945 4196 2146 4253 fratres
2192 4196 2512 4269 (scientibus
2542 4203 2686 4256 enim
2723 4201 2896 4274 legem
2949 4203 3165 4277 loquor)
3200 4207 3329 4275 quia

1753 4291 1837 4343 lex
1871 4290 2180 4345 dominatur
2212 4294 2265 4346 in
2296 4293 2538 4355 homine,
2583 4305 2791 4362 quanto
2813 4305 3052 4366 tempore
3088 4297 3220 4352 vivit
3247 4297 3272 4352 ?
3300 4317 3322 4351 ι

1754 4381 2096 4452 Hyperbaton
2149 4383 2332 4438 statim
2389 4383 2442 4437 in
2499 4386 2769 4454 principio
2813 4387 2996 4452 habet,
3049 4391 3193 4458 quod
3249 4391 3325 4444 ita

84 4476 267 4549 loquor
286 4482 352 4545 δι’
391 4502 409 4534 ,
437 4491 489 4537 ει
513 4483 726 4552 ειρρειιο
742 4498 856 4548 vos,
880 4495 1098 4552 propter
1123 4483 1282 4553 hujus
1311 4483 1441 4552 legis
1474 4484 1648 4538 scien-
1681 4487 1725 4541 1)
1757 4474 2000 4528 redditur
2031 4491 2047 4528 :
2082 4495 2100 4526 ι
2129 4475 2210 4530 Au
2252 4477 2547 4548 ignoratis,
2590 4478 2806 4545 fratres,
2831 4480 2972 4549 [quia
3020 4480 3106 4534 lex
3147 4480 3326 4536 domi-

86 4571 226 4638 tiam,
258 4595 278 4627 ‹
319 4575 547 4642 fratres;
594 4597 612 4628 ι
648 4577 884 4630 etdico;
924 4576 1177 4646 Nunquid
1211 4579 1473 4648 ignoratis
1513 4577 1641 4648 quia

85 4660 160 4715 lex
194 4669 480 4737 unicuique
509 4669 813 4738 mancipato
844 4680 898 4722 et
945 4671 1196 4723 servienti
1245 4670 1346 4724 sibi
1394 4671 1642 4724 domina-

86 4763 184 4821 tur,
231 4762 370 4816 sicut
413 4763 497 4815 vir
523 4761 726 4830 junctae
761 4763 863 4817 sibi
908 4763 1019 4834 (44)
1078 4763 1288 4817 mulieri
1341 4780 1356 4818 :
1400 4774 1456 4818 et
1503 4762 1640 4816 sicut

83 4846 132 4901 in
179 4855 325 4908 omni
369 4855 481 4908 vita
512 4870 608 4909 sua
663 4854 978 4908 dominatur
1031 4853 1243 4908 mulieri
1296 4854 1505 4923 legibus
1537 4853 1640 4906 sibi

144 4966 184 5000 “
223 4973 376 5028 Rom.
400 4987 494 5036 νη,
530 4971 644 5024 1-6.
720 4969 765 5001 ⁸⁸
802 4969 957 5025 Rom.
991 4986 1063 5038 tv,
1095 4970 1186 5023 24.

146 5085 251 5156 (57)
277 5088 367 5141 Sic
397 5086 637 5155 potiores
661 5101 792 5141 mss.
828 5085 1019 5140 nostri.
1051 5084 1190 5150 Editi
1213 5098 1366 5156 vero1
1390 5101 1407 5132 ε
1437 5081 1631 5156 abono
1709 5079 1712 5083 '

83 5149 200 5210 Deo.
225 5149 243 5209 ί
273 5158 366 5211 Ms.
397 5149 555 5221 unus,
591 5176 609 5208 ι
639 5160 705 5210 ah
731 5157 842 5218 illo,
869 5175 887 5207 ι
910 5167 964 5208 et
993 5156 1148 5220 paulo
1178 5164 1296 5224 post
1329 5153 1632 5208 Genebrar-

83 5225 191 5280 dus.
226 5246 242 5277 ι
275 5230 514 5282 lenitatis
543 5246 560 5277 ι
598 5242 697 5304 pl‘p
732 5245 750 5276 ι
780 5227 1048 5304 Sflnilfflisv
1081 5244 1133 5304 ’_
1344 5293 1366 5304 ,,

147 5297 249 5368 (58)
289 5301 456 5364 Alias,
508 5317 527 5349 ί
562 5291 618 5350 ut
651 5296 1006 5360 fructificetis,
1035 5315 1054 5348 ›
1087 5295 1181 5357 al.,
1213 5311 1232 5344 t
1255 5307 1310 5348 ut
1343 5291 1633 5347 fructifica-

86 5378 265 5421 remus.
299 5388 316 5419 ι

145 5436 248 5512 (ξ59)
278 5438 446 5502 Alias,
485 5456 502 5488 ι
536 5437 825 5512 passiones
844 5435 1048 5512 peccati
1071 5476 1085 5498 ,
1121 5456 1137 5486 ι
1177 5435 1270 5512 a_l..
1307 5453 1324 5485 ί
1354 5432 1632 5512 vitiapcc-

83 5506 198 5567 cati,
219 5527 247 5578 _i
283 5519 335 5562 et
369 5518 575 5578 postea,
594 5528 638 5560 οι
677 5509 910 5562 absoluti
933 5522 1118 5560 sumus
1143 5523 1173 5560 a
1202 5506 1316 5576 lege
1345 5506 1553 5567 mortis,
1603 5522 1619 5554 ι

82 5582 187 5648 «ιω.Δ
211 5576 311 5632 Sed
342 5576 582 5648 potiores
607 5595 736 5633 mss.
768 5588 828 5631 ut
854 5579 904 5630 in
933 5585 1102 5630 textu.

276 5644 435 5718 Edtti,
473 5668 491 5700 ι
525 5652 576 5702 in
604 5651 901 5718 superiore.
935 5665 954 5698 ι

145 5649 248 5785 (4οζ
276 5649 435 5714 Edtti,
473 5668 491 5700 ι
525 5652 576 5702 in
604 5651 901 5718 superiore.
935 5665 954 5698 ι
1070 5717 1081 5728 .

145 5716 221 5789 (1t!
281 5717 404 5773 Mss.
430 5721 678 5789 quidam,
724 5737 742 5769 ι
778 5729 1140 5789 conversatio.
1175 5735 1195 5768 ι

146 5786 250 5857 (42)
275 5786 494 5859 Ειιίιὶ,“«
530 5790 749 5856 virtute,
785 5807 803 5840 ι
837 5788 995 5842 male.

1263 4967 1308 4999 "
1336 4966 1497 5022 Rom.
1532 4982 1629 5032 vn,
1657 4966 1705 5018 1.

1749 4575 1914 4620 natur
1945 4568 2000 4621 in
2032 4567 2250 4623 homine
2296 4580 2502 4638 quanto
2557 4579 2800 4638 tempore
2848 4569 3030 4624 vivit?
3070 4590 3087 4622 ι
3118 4582 3173 4626 et
3201 4578 3326 4640 post

1755 4665 1871 4714 haec
1925 4662 2165 4716 redditur
2206 4663 2335 4717 illud
2368 4663 2513 4732 quod
2566 4663 2619 4716 in
2667 4662 2846 4717 medio
2894 4663 3158 4723 insertum
3197 4671 3320 4718 est:

1756 4768 1774 4801 ι
1809 4751 2117 4806 Scientibus
2171 4755 2316 4807 enim
2376 4752 2548 4823 legem
2612 4754 2825 4822 loquor.
2872 4770 2891 4802 ι
2931 4752 3086 4819 Quod
3139 4763 3320 4807 autem

1751 4845 1886 4899 dixit
1916 4859 1932 4896 :
1978 4863 1997 4896 ‹
2055 4844 2368 4899 Scientibus
2402 4842 2581 4912 legem
2613 4841 2832 4911 loquor,
2867 4861 2886 4895 ι
2917 4844 3096 4899 simile
3127 4854 3214 4900 est
3243 4843 3320 4898 illi

1781 4961 1827 4992 ”
1857 4959 2014 5013 Rom.
2043 4974 2163 5023 vm,
2193 4956 2247 5012 9.
2347 4955 2392 4987 ⁸⁵
2427 4954 2587 5009 Rom.
2617 4969 2713 5018 vn,
2739 4953 2794 5009 6.
2869 4954 2916 4987 ⁵⁵
2945 4953 2988 5007 ll
3015 4953 3142 5009 Cor.
3178 4970 3230 5017 v,
3260 4952 3318 5008 5.

1815 5075 1931 5144 (45)
1967 5072 2241 5126 Habitum.
2275 5072 2435 5126 Deest
2466 5071 2520 5123 in
2549 5069 2735 5136 editis,
2763 5070 2859 5124 sed
2891 5069 3198 5124 restituitur
3245 5083 3316 5123 ex

2347 4955 2392 4987 ⁸⁵
2427 4954 2587 5009 Rom.
2617 4969 2713 5018 vn,
2739 4953 2794 5009 6.

1739 5163 1868 5200 mss.

1827 5215 1914 5292 ἒξ)
1953 5213 2278 5292 Sibi-Dies!
2311 5213 2363 5292 i.“
2388 5211 2634 5292 θάίιὲεοη
2777 5282 2788 5292 .
2977 5283 2987 5292 .
3068 5277 3120 5292 ..
3196 5280 3205 5290 .

1827 5217 1914 5287 44)
1953 5217 2090 5268 Sibi.
2119 5217 2278 5267 Deest
2311 5217 2363 5265 in
2388 5217 2568 5267 editis.
2777 5282 2788 5292 .
3068 5278 3080 5290 .
3196 5280 3205 5290 _

1802 5217 1914 5356 (45)
1941 5285 2106 5347 Alias,
2129 5302 2148 5335 ι
2172 5283 2277 5338 Sed
2299 5283 2439 5337 sicut
2457 5284 2539 5336 vir
2563 5282 2681 5352 (aL,
2701 5299 2720 5333 ι
2741 5295 2914 5335 Vtrum
2942 5283 3080 5347 »)ειιι
3108 5277 3314 5348 legibus

1732 5357 1968 5425 subjecta
1978 5396 2007 5425 ,ξ
2030 5373 2048 5405 ι
2080 5364 2185 5409 etc.

1805 5418 1918 5501 (ἷξῤ)
1958 5423 2258 5501 Xiucntem.
2289 5421 2636 5476 Desideratur
2664 5423 2716 5475 in
2744 5420 2897 5501 libris
2920 5429 3080 5498 antea
3114 5418 3299 5476 editis.

1958 5496 2125 5570 Editi,
2151 5514 2170 5544 ι
2207 5507 2465 5570 tanquam
2495 5493 3112 5570 mortuam.reliquistis.
3146 5507 3168 5568 ξ

1806 5559 1920 5636 (48)
1959 5565 2212 5618 Alterius.
2267 5559 2549 5618 omittitur
2599 5565 2652 5616 in
2697 5561 2862 5615 editis
2896 5570 2952 5613 et
2990 5560 3043 5612 in
3079 5559 3310 5627 quibus-

1735 5637 1857 5691 dam
1891 5652 2020 5689 mss.

1761 5778 1771 5788 .
1808 5706 1920 5776 (49)
1955 5705 2123 5774 Alias,
2159 5721 2179 5758 ι
2207 5704 2314 5759 Aut
2344 5702 2642 5773 ignoratis,
2682 5719 2700 5752 ι
2731 5699 2876 5769 quod
2927 5707 3114 5771 postea
3153 5712 3310 5769 repe-

1737 5787 1888 5829 “tur.
