3692 6138
76 239 182 292 1061

988 234 1343 291 COMMENT.
1380 235 1446 291 IN
1476 234 1693 292 EPIST.
1731 235 1824 291 AD
1861 237 2025 293 ROM.
2064 237 2193 293 LIB.
2234 237 2325 293 VI.

3150 245 3290 301 1069

71 357 128 410 do
152 354 212 408 α’.
242 370 264 406 ι
296 350 430 407 Tum
463 349 658 407 deinde
700 360 757 407 et
795 351 923 407 illud
951 355 1211 420 ostendit,
1250 355 1394 425 quod
1425 371 1615 412 omnes
1643 360 1691 418 Α
1721 372 1865 410 mam
1913 367 2075 426 atque
2109 357 2356 412 umbram
2408 357 2676 412 virtutum
2728 365 2918 415 tenere
2965 359 3240 429 possimus
3267 381 3285 429 ;

69 448 286 505 homines
302 446 474 516 primo
497 445 740 502 serviant
763 457 1008 514 peccato.
1044 447 1136 504 Sic
1162 450 1307 505 enim
1340 449 1601 520 scriptum

67 550 166 596 est:
191 539 317 605 Quia
339 558 355 590 ι
407 552 514 592 non
549 547 635 593 est
665 537 845 607 justus
879 553 1045 610 super
1084 549 1281 595 terram
1310 542 1402 612 qui
1435 541 1604 598 faciat

67 631 260 692 bonum,
280 637 334 683 et
371 642 477 682 non
505 637 694 698 peccet
720 628 789 684 ⁸⁸.
829 647 849 680 ι
894 629 1078 686 Primo
1109 632 1252 686 enim
1279 648 1504 689 necesse
1521 642 1603 689 est

65 720 111 773 in
140 717 273 772 omni
312 717 527 774 homine
552 718 682 773 illud
714 719 976 789 compleri
997 722 1140 792 quod
1171 724 1431 793 scriptum
1467 735 1550 781 est
1583 745 1597 780 :

67 825 85 858 ι
118 807 212 862 Sed
242 808 326 863 ubi
363 809 506 864 venit
538 809 876 876 mandatum,
909 822 1197 881 peccatum
1244 814 1442 870 revixit
1469 816 1537 870 ⁸ο.
1575 835 1595 870 ι

64 898 159 954 Hoc
191 914 313 953 vero
346 899 488 969 quod
514 899 766 969 sequitur
795 901 861 955 ad
900 915 1103 970 paucos
1130 904 1330 960 dicitur
1353 944 1369 970 ,
1425 914 1482 962 et
1507 921 1602 963 eos

63 993 138 1061 qui
163 992 266 1060 jam
295 993 671 1058 emendantur,
698 992 907 1048 scilicet
933 995 1076 1064 quod
1107 996 1243 1052 dicit
1271 1015 1286 1051 :
1324 1015 1344 1049 ι
1380 996 1600 1056 Gratias

62 1095 216 1139 autem
249 1084 380 1150 Deo,
411 1085 537 1154 quia
571 1084 753 1142 fuistis
776 1087 917 1142 servi
947 1089 1177 1155 peccati,
1211 1091 1474 1146 obedistis
1502 1107 1599 1146 au-

62 1188 151 1231 tem
185 1193 247 1231 ex
284 1177 447 1232 corde
483 1177 534 1231 in
585 1192 704 1232 eam
745 1179 974 1236 formam
1010 1182 1296 1249 doctrinae,
1335 1184 1389 1238 in
1428 1201 1594 1256 quam

64 1267 507 1322 traditiestis’°°“.
543 1287 562 1320 ι
591 1267 884 1340 Serviergo
913 1271 1116 1328 fuimus
1145 1289 1332 1329 omnes
1353 1277 1594 1344 peccati;

61 1359 138 1412 sed
171 1359 251 1413 ubi
289 1359 489 1414 tradita
522 1369 603 1414 est
633 1360 791 1414 nobis
848 1361 1024 1417 forma
1069 1365 1350 1430 doctrinae,
1387 1375 1441 1421 et
1472 1367 1597 1423 huic

62 1464 150 1502 non
173 1458 463 1518 utcunque,
500 1464 678 1521 neque
705 1451 836 1507 solis
869 1453 1070 1518 verbis,
1101 1455 1194 1509 sed
1226 1470 1294 1510 ex
1323 1457 1510 1522 corde,
1527 1472 1592 1512 ex

58 1542 237 1606 animo,
266 1557 330 1598 ex
359 1550 470 1597 tota
504 1543 793 1600 devotione
814 1545 1074 1617 elegimus
1098 1547 1318 1603 obedire
1345 1587 1362 1612 ,
1390 1548 1593 1604 libera-

59 1648 208 1686 mura
241 1633 505 1688 servitute
535 1637 766 1704 peccati,
796 1647 850 1692 et
877 1639 1140 1694 eiiicimur
1175 1639 1314 1694 servi
1344 1639 1590 1710 iustitia}.

1711 447 1856 516 ipsas
1890 461 2022 500 vero
2070 446 2324 513 virtutes,
2367 455 2494 500 tunc
2541 461 2666 502 cum
2717 446 2967 502 venerint
3018 447 3109 503 illa
3164 463 3288 518 quae

1710 537 1955 607 perfecta
1988 543 2134 592 sunt.
2174 536 2241 591 Et
2274 537 2398 592 ideo
2437 536 2616 605 justus
2646 553 2790 593 nunc
2825 537 2936 610 (99)
2972 540 3172 610 magis,
3226 548 3286 595 ut

1708 627 1840 682 mihi
1879 626 2094 682 videtur
2121 666 2137 693 ,
2169 627 2222 681 in
2275 628 2464 682 umbra
2518 629 2782 682 virtutum
2812 667 2828 694 ,
2861 644 3027 699 quam
3068 631 3121 684 in
3153 630 3286 698 ipsis

1707 719 2002 774 virtutibus
2032 719 2166 773 vivit
2199 719 2298 790 (l).
2337 719 2405 774 Et
2455 721 2526 776 ob
2562 721 2666 776 hoc
2719 720 2969 783 fortassis
3014 721 3284 778 Jeremias

1709 811 1760 864 in
1794 810 2310 868 Lamentationibus
2340 813 2474 868 dicit
2510 831 2525 867 :
2567 830 2586 864 ι
2629 812 2865 884 Spiritus
2890 814 3075 869 vultus
3106 817 3279 871 nostri

1707 909 1959 965 Christus
1991 910 2277 974 Dominus,
2307 909 2393 964 cui
2424 909 2659 964 diximus
2695 927 2710 964 :
2738 908 2794 962 ln
2827 910 3019 965 umbra
3045 890 3166 980 eius
3193 910 3278 965 vi-

1706 1017 1897 1058 vemus
1927 1002 1978 1054 in
2022 1002 2276 1072 gentibus
2299 1003 2372 1053 θ’.
2416 1020 2434 1053 ι
2472 1001 2624 1067 Quod
2653 1002 2696 1055 si
2725 999 2980 1056 Christus
3010 1011 3097 1056 est
3117 1001 3280 1070 justi-

1707 1092 1799 1160 tia,
1827 1102 1877 1148 et
1901 1092 2187 1161 sapientia,
2220 1102 2274 1147 et
2301 1093 2522 1158 veritas,
2554 1099 2612 1145 et
2646 1091 2904 1155 dicimus,
2936 1109 2955 1142 ‹
3001 1091 3054 1146 in
3084 1093 3278 1146 umbra

1704 1182 1821 1253 ejus
1843 1186 2087 1238 vivemus
2115 1185 2167 1238 in
2197 1183 2448 1255 gentibus
2479 1202 2493 1238 :
2536 1202 2554 1234 ι
2579 1197 2709 1254 ergo
2736 1183 2789 1238 in
2815 1183 3004 1238 umbra
3028 1183 3274 1253 justitize,

1703 1285 1757 1331 et
1785 1277 1837 1331 in
1868 1276 2058 1330 umbra
2089 1276 2394 1346 sapientiae,
2438 1283 2494 1330 et
2523 1276 2576 1332 in
2623 1275 2815 1330 umbra
2851 1277 3102 1331 veritatis
3133 1277 3276 1331 vivi-

1703 1383 1859 1434 mus,
1891 1369 2060 1423 etiam
2109 1369 2156 1423 si
2194 1367 2353 1435 justi,
2387 1375 2440 1420 et
2471 1367 2749 1437 sapientes
2784 1365 2886 1438 (2),
2937 1379 2993 1422 et
3027 1367 3280 1423 veritatis

1703 1467 1976 1516 amatores
2011 1474 2133 1515 esse
2164 1459 2464 1514 videamur.
2513 1457 2810 1528 Propterea
2859 1473 2989 1530 ergo
3022 1459 3222 1513 dicitur
3254 1472 3272 1512 :

1708 1568 1727 1602 ι
1781 1550 1839 1605 Si
1889 1550 2012 1619 quis
2051 1563 2110 1604 se
2153 1556 2310 1618 putat
2357 1547 2704 1618 cognovisse,
2739 1548 2981 1602 nondum
3019 1538 3274 1618 cognovit

1701 1641 2150 1711 quemadmodum
2194 1648 2444 1710 oporteat
2468 1639 2612 1694 seire
2643 1639 2710 1695 9°.
2753 1660 2774 1692 ι
2811 1638 3086 1696 Fortassis
3113 1654 3260 1694 enim

58 1723 190 1779 Unde
217 1741 401 1781 vereor
425 1743 491 1782 ne
519 1727 653 1784 forte
674 1731 852 1799 plures
869 1733 1037 1786 simus
1051 1733 1142 1802 qui
1168 1734 1447 1788 videamur
1469 1751 1596 1790 sus-
1628 1725 1670 1780 Β
1698 1735 1862 1790 etiam
1911 1735 2088 1804 ipsum
2127 1733 2362 1789 Verbum
2418 1733 2552 1799 Dei,
2605 1733 2910 1788 secundum
2961 1733 3065 1786 hoc
3121 1728 3270 1801 quod

56 1814 238 1883 cepisse
289 1814 518 1871 formam
557 1819 820 1875 doctrinm
842 1821 1090 1891 iustitiae,
1140 1832 1195 1878 et
1230 1825 1412 1879 verbis
1443 1826 1583 1893 qui-

57 1907 157 1958 dem
179 1905 257 1960 vel
288 1907 619 1976 professione
633 1910 859 1981 iustitiae
877 1913 1157 1969 videamur
1171 1915 1412 1981 obedire,
1428 1919 1595 1975 cordo

56 2012 166 2053 vero
186 2001 495 2058 obediamus
524 2015 773 2074 peccato,
825 2007 1007 2062 carnis
1030 2009 1212 2064 adhuc
1239 2010 1294 2064 in
1329 2013 1485 2066 nobis
1516 2014 1598 2066 vi-

57 2088 131 2142 tiis
153 2090 562 2147 dominantibus.
586 2093 651 2147 Et
681 2095 802 2149 ideo
819 2105 943 2150 ante
963 2099 1147 2153 omnia
1175 2100 1479 2171 indigemus
1505 2103 1595 2158 illa

55 2181 112 2234 de
136 2197 230 2251 qua
259 2185 511 2252 superius
541 2187 724 2241 docuit
749 2189 1170 2246 mortilicatione
1196 2195 1593 2250 membrorum.

54 2273 184 2340 Quod
213 2287 382 2330 autem
419 2278 558 2333 dixit
589 2299 602 2334 :
664 2300 682 2332 ι
716 2281 966 2337 Formam
1019 2283 1128 2355 (96)
1177 2285 1439 2343 doctrina:
1471 2330 1486 2353 ,
1541 2290 1595 2345 in

55 2383 194 2432 quam
228 2369 403 2423 traditi
433 2371 567 2426 estis
593 2412 609 2436 ,
643 2391 662 2424 ι
700 2375 1079 2442 requirendum
1139 2388 1268 2447 puto
1323 2384 1595 2450 quomodo

54 2459 702 2529 unusquisque'tradatur.
730 2463 1036 2522 Invenimus
1059 2483 1294 2538 namque
1321 2473 1462 2539 quod
1499 2489 1596 2529 eos

51 2550 128 2617 qui
157 2566 176 2600 ι
208 2565 305 2605 non
336 2569 358 2604 ι
410 2552 641 2621 probant
680 2571 698 2605 ι
737 2555 905 2610 Deum
936 2558 1137 2613 habere
1168 2560 1224 2613 in
1255 2561 1526 2628 notitiam,
1568 2582 1589 2616 ι

55 2644 213 2696 tradat
247 2661 266 2695 ‹
307 2643 446 2699 Deus
485 2646 778 2700 secundum
811 2648 1079 2704 desideria
1104 2652 1284 2706 cordis
1316 2666 1504 2706 eorum
1541 2655 1594 2710 in

52 2732 450 2801 immunditiam,
491 2747 549 2790 ut
595 2739 935 2794 contumeliis
972 2740 1208 2796 alliciant
1236 2755 1464 2813 corpora
1496 2761 1592 2800 sua

52 2823 96 2876 in
127 2827 418 2895 semetipsis
447 2844 460 2880 :
499 2845 517 2878 ι
546 2837 600 2880 et
634 2829 769 2883 alios
791 2829 884 2899 qui
920 2849 938 2880 ι
975 2841 1448 2889 commutaveruut
1478 2836 1595 2906 glo-

49 2918 166 2972 riam
210 2919 636 2988 incorruptibilis
679 2920 814 2985 Dei,
848 2941 869 2976 ι
927 2924 1110 2977 tradat
1143 2942 1164 2976 ‹
1216 2925 1269 2978 in
1310 2929 1593 2996 passiones

50 3011 330 3078 ignominiae
357 3014 430 3080 θ’,
461 3031 481 3066 ι
519 3014 588 3068 de
643 3015 838 3083 quibus
884 3016 937 3070 in
991 3016 1124 3072 locis
1163 3020 1278 3072 suis
1303 3030 1464 3087 prout
1494 3037 1592 3090 po-

47 3103 225 3159 tuimus
250 3103 510 3159 diximus.
546 3105 612 3159 Et
644 3105 744 3160 bos
771 3123 902 3176 ergo
941 3109 1031 3176 qui
1073 3111 1396 3179 semetipsos
1435 3112 1589 3166 exhi-

45 3192 154 3247 bent
185 3211 368 3250 servos
399 3195 624 3264 justitia:
654 3211 747 3266 per
777 3198 1140 3254 obedientiam
1163 3201 1295 3271 (97),
1320 3201 1461 3257 Deus
1492 3215 1593 3257 tra-

46 3283 162 3337 didit
188 3295 242 3340 ut
269 3286 634 3342 instituantur
670 3297 726 3341 et
784 3289 1096 3344 imbuantur
1140 3294 1439 3347 secundum
1478 3293 1590 3350 for-

44 3391 166 3430 mam
191 3379 452 3434 doctrinaa
477 3379 719 3447 juStitiaz.
747 3379 925 3435 Movet
949 3392 1131 3436 autem
1162 3397 1246 3438 me
1269 3385 1431 3438 etiam
1465 3387 1588 3455 hoc,

43 3470 170 3535 quod
197 3485 296 3524 non
321 3472 486 3536 dixit,
526 3492 544 3522 ‹
577 3471 847 3526 Obedistis
879 3473 992 3544 (98)
1025 3489 1090 3528 ex
1127 3477 1292 3531 corde
1323 3497 1341 3528 )
1390 3479 1594 3534 doctri-

42 3576 130 3624 nat,
159 3581 176 3614 ‹
209 3565 259 3617 in
291 3555 458 3634 quam
496 3565 678 3620 traditi
705 3568 860 3635 estis,
892 3587 911 3619 ι
943 3567 1037 3622 sed
1067 3587 1085 3620 ι
1123 3567 1352 3622 formam
1386 3572 1590 3625 doctri‘

41 3668 112 3708 nae
133 3675 152 3706 ›
171 3660 362 3725 posuit.
391 3658 503 3716 Nec
529 3669 657 3732 puto
680 3661 824 3728 quod
849 3677 1016 3715 unum
1047 3676 1168 3716 esse
1193 3662 1427 3716 senserit
1456 3663 1592 3731 Apo-

41 3751 191 3806 stolus
222 3755 559 3819 doctrinam,
592 3765 646 3810 et
692 3755 922 3809 formam
972 3754 1276 3821 doctrin-2e;
1330 3756 1425 3810 sed
1457 3756 1587 3810 mihi

41 3842 236 3900 videtur
255 3848 398 3916 quod
432 3833 664 3902 formam
689 3849 950 3903 doctrinae
981 3850 1160 3903 minus
1207 3862 1331 3903 esse
1358 3848 1588 3915 scierit,

41 3949 178 4001 quam
225 3939 396 4008 ipsam
438 3934 780 4007 doctrinam;
815 3950 870 3997 et
895 3955 1044 3994 nunc
1084 3941 1302 4010 quidem
1346 3940 1401 3995 in
1448 3957 1587 4008 prae-

41 4032 159 4085 senti
193 4034 298 4092 vita
335 4035 463 4089 dum
518 4035 574 4090 in
625 4035 727 4089 hoc
778 4048 1006 4103 corpore
1051 4048 1281 4098 sumus,
1335 4043 1393 4088 et
1444 4052 1462 4085 ς
1495 4049 1590 4103 ag—

41 4134 207 4189 ;ravat
256 4135 534 4182 terrenum
582 4128 686 4183 hoc
743 4125 1116 4181 habitaculum
1166 4139 1387 4180 sensum
1419 4125 1587 4179 multa

41 4214 344 4282 cogitantem
396 4217 444 4249 ⁸³
475 4257 495 4283 ,
572 4238 592 4270 ›
644 4217 877 4272 formam
923 4217 1184 4272 doctrina:
1245 4216 1538 4273 habeamus
1568 4259 1584 4283 ,

41 4321 126 4359 non
174 4307 346 4378 ipsam
390 4310 694 4365 doctrinam
727 4351 743 4377 ,
793 4311 936 4364 sicut
983 4310 1125 4364 idem
1182 4309 1478 4380 Apostolus
1531 4311 1584 4366 in

1704 1846 1723 1879 ‹
1756 1826 1990 1882 Verbum
2025 1841 2154 1883 caro
2193 1825 2399 1880 factum
2454 1835 2579 1890 est,
2636 1833 2693 1878 et
2743 1821 3011 1878 habitavit
3059 1823 3116 1877 in
3168 1838 3270 1877 no.

1697 1918 1785 1974 bis
1827 1919 1895 1984 ’7,
1939 1940 1958 1970 ι
1994 1919 2154 1974 aliter
2206 1919 2260 1972 in
2293 1917 2541 1988 praesenti
2579 1917 2703 1970 vitae
2749 1923 2912 1980 statu,
2943 1915 3101 1970 aliter
3145 1932 3271 1972 cum

1695 2013 1908 2067 venerit
1940 2014 2084 2082 quod
2113 2011 2418 2083 perfectum
2448 2019 2533 2064 est
2552 2008 2620 2070 ".
2650 2018 3015 2077 cognoscetur
3041 2024 3056 2072 ;
3084 2018 3140 2061 et
3166 2007 3267 2061 ali-

1705 2116 1788 2162 ter
1819 2121 1963 2163 nunc
2011 2107 2064 2159 in
2094 2105 2268 2160 forma
2303 2103 2469 2168 servi,
2502 2110 2628 2156 tunc
2659 2116 2790 2156 vero
2819 2102 2974 2155 aliter
3005 2101 3058 2154 in
3094 2097 3268 2155 forma

1698 2203 1813 2268 Dei,
1862 2211 1918 2258 et
1947 2202 2000 2255 in
2042 2198 2222 2253 Patris
2253 2194 2566 2266 aequalitate
2599 2194 2889 2269 sentietur.
2937 2193 3042 2246 Pro
3070 2191 3269 2260 quibus

1695 2295 1972 2362 omnibus,
2000 2293 2086 2348 vel
2136 2310 2154 2343 ‹
2194 2291 2248 2346 ἱιι
2281 2289 2458 2344 forma
2492 2287 2776 2350 doctrinm,
2823 2305 2844 2338 ι
2891 2293 2950 2339 ut
2981 2284 3272 2354 Apostolus

1696 2387 1867 2450 dicit,
1905 2394 1958 2440 et
2024 2383 2264 2438 nondum
2296 2383 2349 2436 in
2380 2382 2494 2451 ipsa
2539 2379 2808 2444 doctrina,
2834 2376 2916 2432 vel
2945 2394 2964 2428 ι
2996 2377 3049 2430 in
3078 2375 3268 2431 umbra

1695 2476 1918 2542 Christi,
1970 2493 1989 2527 ι
2039 2471 2390 2528 utJeremias
2425 2469 2820 2532 nominavit",
2841 2477 2894 2524 et
2925 2466 3161 2522 nondum
3212 2467 3264 2520 in

1695 2568 1814 2639 ipso
1827 2567 2064 2632 Christo,
2084 2565 2272 2619 vivere
2296 2563 2544 2618 videmur
2571 2561 2714 2615 inter
2741 2569 2949 2631 gentes.
2971 2576 2992 2610 ι
3027 2558 3266 2612 Liberati

1696 2672 1874 2713 autem
1908 2674 1937 2712 a
1968 2665 2214 2728 peccato,
2249 2655 2395 2710 servi
2423 2652 2551 2708 facti
2588 2652 2722 2707 estis
2755 2650 2984 2720 justitiae
3015 2651 3054 2703 ί.
3093 2667 3112 2701 ›
3155 2649 3266 2702 Ex-

1695 2752 1892 2822 positio
1927 2760 2012 2807 est
2068 2751 2118 2804 in
2153 2750 2237 2804 bis
2286 2754 2474 2803 eorum
2522 2761 2644 2816 quae
2701 2743 2959 2815 superius
2989 2743 3149 2800 dixit.
3205 2743 3264 2798 Si

1695 2844 1839 2898 enim
1872 2841 2012 2895 ultra
2044 2856 2148 2895 non
2185 2839 2440 2895 serviatis
2485 2846 2741 2906 peccato,
2775 2844 2982 2889 certum
3012 2845 3096 2888 est
3138 2835 3264 2901 quia

1694 2938 1913 2992 liberati
1942 2937 2009 2991 ab
2041 2952 2106 2990 eo
2137 2935 2280 2989 servi
2317 2933 2446 2988 facti
2493 2932 2628 2988 estis
2661 2929 2908 2999 iustitiae.
2939 2926 3047 2982 Sed
3085 2928 3266 2996 requi-

1701 3031 1838 3084 ritur
1881 3030 2006 3098 quis
2057 3026 2262 3096 estqui
2307 3025 2503 3080 liberat
2553 3039 2584 3077 a
2630 3031 2873 3091 peccato.
2932 3017 3065 3075 Sine
3099 3018 3265 3073 dubio

1695 3123 1940 3179 veritatis
1977 3120 2202 3191 agnitio.
2235 3119 2327 3174 Sic
2361 3119 2506 3173 enim
2534 3113 2923 3170 dicebatJesus
2955 3112 3019 3166 ad
3050 3110 3268 3166 Iudaeos

1693 3217 1783 3287 qui
1818 3214 2159 3270 crediderant
2192 3210 2242 3265 ei
2294 3228 2308 3264 :
2342 3228 2360 3260 ι
2400 3207 2458 3262 Si
2492 3205 2837 3262 credideritis
2887 3204 3055 3259 verbo
3093 3217 3215 3257 meo
3245 3241 3262 3267 ,

1694 3307 2003 3378 agnoscatis
2033 3304 2316 3359 veritatem
2343 3342 2357 3365 ,
2403 3309 2457 3354 et
2503 3301 2702 3354 veritas
2738 3294 2991 3350 liberabit
3029 3307 3125 3346 vos
3151 3293 3194 3344 '.
3233 3308 3255 3344 ι

1693 3402 1906 3457 Veritas
1930 3408 2016 3454 est
2048 3412 2181 3466 ergo
2207 3409 2328 3464 qua:
2363 3394 2560 3447 liberat
2591 3407 2618 3443 a
2649 3398 2894 3459 peccato,
2928 3397 2982 3441 et
3017 3383 3264 3438 veritatis

1691 3494 1916 3566 agnitio.
1937 3491 2157 3546 Certum
2187 3499 2272 3544 est
2298 3496 2481 3542 autem
2501 3484 2643 3554 quod
2673 3481 2852 3537 omnis
2879 3479 2970 3550 qui
3001 3478 3267 3532 liberatus

1693 3586 1856 3640 fuerit
1888 3600 1918 3638 a
1943 3592 2192 3653 peccato,
2219 3578 2446 3649 iustitia:
2469 3576 2693 3632 serviat.
2719 3571 2872 3640 Quod
2918 3583 3097 3625 autem
3126 3567 3262 3624 dici-

1693 3693 1812 3733 mus
1835 3717 1849 3741 ,
1879 3675 2104 3747 iustitiae
2137 3672 2380 3737 serviat,
2414 3668 2672 3739 quoniam
2708 3665 2918 3736 justitia
2946 3677 3050 3716 una
3083 3671 3166 3716 est
3193 3673 3260 3714 ex

1692 3771 1953 3823 virtutum
1985 3768 2188 3832 choro,
2221 3763 2402 3818 simile
2435 3769 2518 3815 est
2551 3773 2615 3812 ac
2665 3755 2708 3810 si
2770 3754 3097 3817 diceremus,
3132 3749 3257 3818 quia

1690 3864 1735 3918 si
1767 3862 1887 3931 quis
1931 3859 2191 3914 liberatus
2217 3864 2301 3912 est
2340 3871 2368 3908 a
2415 3858 2661 3924 peccato,
2693 3847 2896 3902 serviet
2927 3843 3167 3905 veritati,
3204 3851 3262 3895 et

1689 3953 1888 4008 serviet
1915 3949 2198 4020 sapientiae
2221 3989 2238 4014 ,
2284 3954 2339 4001 et
2373 3943 2574 4000 serviet
2620 3938 2896 4012 pudicitiae
2922 3977 2937 4002 ,
2968 3945 3021 3991 et
3057 3933 3262 3989 serviet

1688 4043 1874 4114 pietati
1905 4042 2003 4112 ('5).
2035 4041 2126 4096 Sic
2159 4040 2303 4094 enim
2327 4051 2428 4108 ego
2457 4034 2615 4090 audio
2648 4041 2702 4087 et
2727 4031 2858 4085 illud
2889 4027 3032 4099 quod
3053 4027 3258 4080 dictum

1687 4147 1808 4190 est:
1843 4153 1861 4186 ι
1901 4134 2124 4202 Aperite
2151 4132 2282 4185 mihi
2313 4138 2500 4200 portas
2524 4123 2775 4195 justitirc,
2802 4131 2858 4178 et
2888 4122 3170 4189 ingressus
3203 4117 3259 4170 in

1687 4243 1779 4283 eas
1807 4225 2107 4282 conﬁtebor
2139 4223 2367 4278 Domino
2391 4221 2433 4274 ³.
2474 4239 2493 4272 ι
2531 4217 2647 4272 Νοιι
2677 4215 2822 4270 enim
2846 4212 3012 4268 solius
3031 4207 3261 4278 iustitia:

1686 4329 1875 4392 portas
1904 4317 2211 4388 ingreditur
2245 4316 2338 4385 qui
2371 4311 2618 4368 confiteri
2650 4308 2764 4362 vult
2796 4304 3048 4368 Domino,
3081 4300 3173 4357 sed
3202 4307 3261 4355 et

41 4393 176 4472 573
207 4403 331 4458 aliis
359 4405 490 4459 die"
524 4421 540 4458 ε
585 4423 604 4456 ί
636 4403 789 4459 Νυηο
827 4411 1010 4457 amem
1054 4401 1302 4457 Videmus
1330 4418 1427 4472 Per
1458 4419 1587 4474 SPB-
1618 4425 1666 4485 ι)
1694 4412 1934 4468 veritatis
1960 4419 2063 4477 ,et
2109 4407 2391 4478 sapientia:
2419 4447 2434 4471 ,
2468 4413 2523 4460 et
2555 4402 2770 4475 pietatis
2793 4440 2809 4465 ,
2856 4410 2911 4454 et
2958 4395 3257 4485 pudicitiae.

41 4496 192 4549 :ulum
222 4497 276 4551 in
303 4498 629 4567 aenigmate;
674 4516 692 4549 ι
742 4497 855 4566 ipsa
900 4505 1082 4550 autem
1121 4497 1365 4551 doctrina
1397 4497 1468 4552 sit
1521 4498 1588 4552 de

41 4599 124 4655 tua
159 4588 330 4644 dicit:
369 4609 388 4642 ‹
424 4589 577 4645 Tunc
605 4599 788 4644 autem
839 4588 1146 4643 videbimus
1181 4587 1323 4643 facie
1371 4591 1438 4644 ad
1500 4589 1586 4645 fa—

41 4679 155 4736 :iem
180 4682 246 4735 θδ.
285 4701 306 4736 ι
342 4682 498 4739 Unde
536 4692 592 4738 et
628 4683 680 4737 in
716 4681 975 4752 prmsenti
996 4681 1106 4735 vita
1145 4688 1279 4750 puto
1309 4682 1449 4751 quod
1475 4681 1589 4738 for-

607 4846 653 4878 ⁸⁸
689 4845 854 4902 Eccli.
906 4862 1002 4909 vn,
1027 4843 1117 4898 2|.

572 4917 661 4971 "l
693 4917 821 4972 Cor.
849 4931 966 4982 xm,
990 4919 1076 4969 l2.
1185 4917 1232 4944 "

572 5027 588 5049 ,
614 4987 707 5042 '20.
809 4986 826 5018 ⁸
861 4989 1018 5041 lium.
1049 4981 1236 5049 v1,I8.

110 4848 152 4881 ⁸⁷
174 4847 334 4916 Rom,
363 4847 480 4912 ι,8.

41 4915 79 4990 ’ἦ
117 4918 242 4990 Sap.
275 4915 358 4983 ιιι,
389 4917 476 4972 15.

41 4987 107 5045 10.
192 4987 243 5024 δ’
275 4990 479 5046 Threti.
513 5003 588 5055 ιν,
614 4987 707 5042 ⁸20.

85 5152 193 5220 (96)
223 5152 392 5217 Editi,
421 5170 443 5206 ι
472 5152 642 5219 Quam
674 5159 858 5205 autem
890 5150 1025 5204 dixit
1054 5150 1310 5214 formam,
1354 5168 1372 5201 ι
1405 5159 1512 5220 etc.

89 5217 193 5294 (97)
220 5224 406 5290 Alias,
443 5240 463 5274 ι
498 5217 566 5276 Et
593 5222 681 5278 hic
711 5236 844 5292 ergo
904 5219 1164 5294 (ωιλαμ
1203 5236 1269 5276 eo
1293 5217 1458 5294 _qui]_
1494 5232 1585 5272 se-

42 5289 275 5363 netipsos
292 5294 550 5348 exhibent
569 5307 760 5347 servos
781 5289 876 5361 per
894 5289 1259 5363 obedientiam
1285 5289 1544 5363 iustitiae;
1558 5307 1576 5340 ι

41 5373 73 5446 ξι
102 5359 255 5446 paulo
307 5375 434 5434 post
475 5364 650 5429 editi,
691 5381 712 5415 ι
749 5359 1043 5417 secundum
1089 5361 1320 5416 formam
1360 5359 1584 5431 iustitiae

41 5433 294 5489 ioctrinai.
314 5433 317 5434 ⁷
336 5455 355 5488 ι

88 5504 195 5576 (98)
222 5506 389 5576 Editi,
413 5525 432 5558 ι
453 5503 796 5576 obedientim.
826 5523 846 5555 ι
871 5501 969 5576 his.
988 5516 1148 5576 unus.
1183 5500 1578 5576 (obedientem:

110 5504 195 5576 98)
222 5506 389 5568 Editi,
413 5525 432 5558 ι
453 5504 796 5558 οδθᾱῖθιιιίω.
826 5523 846 5555 ι
871 5504 969 5556 bis.
988 5516 1148 5558 unus.
1183 5504 1578 5556 «obedientesa

87 5504 414 5695 Eia-Nunc.
449 5577 610 5630 Deest
642 5575 697 5628 in
724 5573 1054 5630 editionibus
1079 5571 1292 5628 Merlini
1325 5581 1381 5626 et
1407 5571 1582 5626 Gene-

42 5657 220 5697 ΜἪΙῚῙΙ.

90 5715 163 5777 (Ι)
192 5716 354 5782 Editi,
385 5738 404 5772 ι
441 5719 596 5780 vixit,
637 5740 656 5774 ›
697 5719 852 5776 male.

1196 4841 1243 4873 δ’
1275 4842 1432 4900 Rom.
1469 4861 1567 4910 vn,
1598 4848 1651 4903 9.

1185 4913 1232 4944 ”
1256 4912 1456 4969 Thrett.
1492 4932 1566 4980 tv,
1594 4917 1683 4972 20.
1788 4919 1807 4949 ³

1185 4981 1236 5037 8.
1338 4987 1358 5017 ³
1384 4985 1539 5042 Joan.
1568 5005 1686 5054 vui,
1723 4989 1812 5043 5|.

1691 4506 1945 4562 Omnium
1994 4515 2228 4573 namque
2280 4516 2386 4554 una
2444 4507 2528 4552 est
2579 4495 2700 4549 aula
2758 4493 3055 4550 virtutum,
3103 4483 3261 4552 cuius

1695 4599 1800 4653 sibi
1843 4597 2069 4668 justiti'e
2112 4593 2331 4650 nomine
2371 4587 2535 4662 pandi
2573 4586 2771 4658 januas
2805 4581 3044 4656 postulat
3072 4575 3150 4652 (4)
3175 4577 3260 4648 ju-

1693 4698 1830 4745 stus.

1757 4845 1872 4878 οο-οι
1912 4843 2069 4899 Rom.
2113 4855 2164 4897 νι
2204 4840 2313 4906 ,n.
2427 4837 2476 4906 ’τι
2508 4832 2667 4889 nom.
2700 4825 3130 4906 1,23,95,35.
3165 4822 3257 4880 26.

1788 4917 1834 4949 ³⁸
1860 4915 1878 4968 Ι
1912 4897 2144 4970 Εὐινιιι
2171 4951 2186 4974 ,
2208 4897 2282 4965 ’2.
2353 4908 2400 4942 ⁸*
2424 4905 2582 4962 Joan.
2614 4920 2632 4959 ι
2662 4943 2682 4972 ,
2707 4902 2795 4956 IL.
2862 4898 2911 4934 ⁸⁸
2937 4897 2958 4951 ι
2986 4897 3111 4952 Cor.
3139 4909 3260 4966 xm,

1907 4985 1930 5016 ³
1959 4983 2098 5039 Psal.
2125 4997 2269 5039 cxvn
2292 5021 2307 5048 ,
2341 4980 2428 5035 l9.

1764 5143 1844 5217 (2)
1875 5143 2175 5217 Ms.iunus,
2209 5158 2229 5193 ι
2266 5139 2429 5193 etiam
2467 5134 2512 5217 si
2543 5131 2783 5216 insudat,
2814 5141 2870 5217 et
2890 5128 3251 5217 sapientiast!

1692 5207 1800 5272 etc.
1824 5207 2033 5270 Deinde
2062 5215 2204 5267 idem
2237 5225 2410 5284 ms.,_t
2446 5208 2491 5261 si
2520 5207 2645 5284 quis
2669 5219 2728 5260 se
2756 5211 2908 5272 putat
2936 5207 3258 5284 cognovisse

1694 5289 1959 5342 Deum....
1988 5290 2236 5353 oporteat
2265 5279 2416 5353 sciri.
2454 5296 2473 5328 ι
2511 5276 2622 5353 Al._,
2644 5294 2700 5353 _¢_
2720 5288 2844 5328 eum
2877 5276 3098 5353 scire.)

1764 5357 1840 5428 (5)
1878 5343 2051 5428 Editi}
2090 5374 2108 5428 ι
2145 5364 2199 5406 et
2228 5351 2431 5406 serviet
2478 5345 2792 5428 pudicitiae,
2825 5343 3168 5428 prudentiae“,
3202 5344 3259 5428 et

1692 5411 1900 5496 pietati.
1946 5445 1964 5478 ι
2006 5411 2111 5479 sed
2143 5411 2495 5496 omnesmss:
2523 5417 2831 5496 Otttittutttt
2871 5411 3191 5496 prudentiae:
3233 5426 3255 5462 ι

1688 5485 1919 5565 Quidam
1963 5499 2131 5550 etiam
2179 5508 2286 5548 uon
2337 5491 2536 5544 habent
2582 5505 2601 5537 ι
2637 5485 2834 5540 serviet
2871 5501 2890 5534 ι
2922 5488 3049 5534 ante
3081 5497 3100 5531 ‹
3138 5485 3256 5550 pie-

1691 5569 1808 5623 tati.
1846 5585 1863 5616 ι

1761 5619 2031 5708 (beam,
2074 5634 2342 5708 (nomine
2387 5629 2583 5687 Paulus
2615 5646 2636 5681 ι
2694 5623 2816 5697 (ιιι,
2859 5619 3037 5694 Pauli)
3065 5619 3263 5693 ianuas

1685 5705 1928 5770 DoStulat
1948 5705 2172 5768 aperiri.
2208 5723 2228 5756 ι
