3692 6138
446 238 588 300 1065
1902 253 1904 270 ‘

2168 239 2221 289 IS
3538 249 3626 305 1024

520 365 574 420 4.
611 384 633 418 ι
668 365 974 420 Humanum
1013 363 1135 419 dico
1183 373 1407 435 propter
1433 363 1811 419 inﬁrmitatem
1843 362 2027 418 carnis
2054 363 2102 421 Α
2130 360 2226 414 dat
2271 376 2285 412 :
2342 358 2488 430 quod
2531 360 2718 432 utique
2772 361 2890 418 ﬁeri
2941 378 3049 419 non
3077 372 3263 436 posset
3293 408 3309 433 ,
3338 366 3382 423 si
3414 378 3496 423 aut
3521 385 3628 427 nalu-

443 470 663 515 vestrae.
699 458 851 515 Sicut
884 461 1025 515 enim
1058 459 1392 516 exhibuistis
1421 457 1663 514 membra
1699 466 1877 512 vestra
1902 472 2019 512 ser—
2126 467 2183 505 ra
2214 450 2427 525 (l2),ut
2453 453 2779 523 quibusdam
2800 456 3032 524 videtur,
3053 446 3400 532 repugnaret,
3414 473 3625 523 autastro-

446 554 564 607 vire
604 552 981 621 immunditim,
1027 562 1081 609 et
1110 553 1388 624 iniquitati
1432 554 1498 607 ad
1530 552 1878 621 iniquitatem
1917 550 2017 623 (εί),
2125 560 2248 599 rum
2288 560 2482 601 cursus
2509 547 2827 603 obsisteret.

445 642 521 700 ita
556 660 702 699 nunc
733 645 986 701 exhibete
1015 646 1256 701 membra
1297 656 1478 701 vestra
1530 646 1742 701 servire
1790 645 2021 716 justitite
2193 638 2250 695 5.
2290 659 2309 692 ‹
2344 641 2480 697 Cum
2511 643 2659 698 enim
2682 645 2827 699 servi
2859 645 3052 701 essetis
3081 645 3311 716 peccati,
3339 646 3486 702 liberi
3512 651 3627 706 eratis

443 736 501 794 in
523 736 1012 793 sanctificationetn
1046 737 1087 791 ‘.
1123 757 1142 790 ι
1175 737 1441 792 Pudorem
1478 739 1767 808 quemdam
1792 752 1887 808 per
1907 739 2020 794 haec
2113 729 2355 801 iustitiae.
2376 732 2545 801 Quem
2586 749 2717 806 ergo
2750 736 2982 791 fructum
3017 738 3288 793 habuistis
3319 750 3443 796 tunc
3469 741 3512 796 iu
3536 744 3624 811 illis,

443 826 644 884 incutit
676 826 968 898 Apostolus
998 828 1340 885 auditoribus
1370 870 1386 896 ,
1421 839 1478 883 ut
1508 829 1610 884 hoc
1640 829 1837 885 saltem
1861 829 2018 885 obse-
2120 826 2172 880 in
2206 824 2404 896 quibus
2432 840 2575 881 nunc
2600 827 2963 883 erubescitis?
2991 828 3125 884 Nam
3155 830 3278 885 ﬁnis
3307 830 3505 888 illorum
3526 852 3626 891 mors

441 923 553 992 quii
583 922 1137 993 dependantjustitiae
1160 932 1213 977 et
1229 923 1673 990 sanctiﬁcationi,
1696 925 1839 994 quod
1865 925 2017 994 prius
2117 925 2220 972 est.
2247 916 2402 973 Nunc
2432 932 2564 973 vero
2599 918 2811 974 liberati
2843 937 2872 973 τι
2899 930 3145 990 peccato.
3173 925 3324 978 servi
3354 935 3515 980 autem
3539 926 3624 983 lacti

440 1016 798 1071 immunditite
851 1017 1236 1087 iniquitatique
1292 1017 1627 1072 detulerant.
1688 1017 1831 1086 Quid
1886 1032 2014 1090 ergo
2118 1008 2252 1075 Deo.
2285 1009 2502 1065 habetis
2547 1008 2784 1066 fI‘UClllm
2825 1024 3059 1067 νθεῑτυῐη
3096 1015 3147 1068 in
3177 1016 3625 1083 sanClilicaliOMln.

441 1117 550 1162 tum
589 1109 884 1163 humanum
916 1150 930 1173 ,
960 1110 1062 1164 hoc
1092 1119 1175 1164 est
1205 1151 1219 1176 ,
1250 1110 1380 1179 quid
1413 1121 1520 1164 tam
1561 1110 1704 1175 leve,
1736 1111 1866 1181 quid
1903 1120 2012 1164 tam
2117 1102 2279 1158 ﬁnem
2309 1117 2439 1158 vero
2468 1102 2634 1157 Vitam
2668 1112 2929 1158 aalel'nam
2960 1105 3003 1158 ⁷.
3042 1124 3061 1157 ι
3093 1095 3379 1172 Quomodo
3409 1107 3510 1179 (15)
3544 1113 3626 1179 quis

439 1199 559 1253 sine
584 1214 748 1254 onere
773 1239 789 1262 ,
832 1208 888 1255 et
916 1201 1060 1270 quod
1095 1200 1238 1254 nulla
1270 1216 1498 1271 prorsus
1525 1202 1691 1272 possit
1718 1203 1901 1257 carnis
1932 1202 2014 1256 in-
2114 1196 2326 1266 peccati
2377 1210 2567 1252 servus
2597 1196 2690 1263 sit,
2727 1194 3063 1252 sullicienter
3087 1198 3200 1268 jam
3230 1199 3284 1253 in
3320 1203 3626 1270 superioribus

439 1292 669 1348 firmitas
697 1306 960 1348 excusare
991 1292 1068 1365 (6)
1095 1294 1118 1346 ?
1151 1312 1170 1346 ι
1205 1292 1359 1348 Sicut
1385 1334 1398 1357 ,
1444 1294 1660 1364 inquit,
1687 1295 2012 1350 exhibuistis
2115 1287 2315 1343 dicunt!
2345 1298 2429 1344 est
2453 1328 2469 1352 .
2503 1303 2624 1344 cum
2652 1302 3049 1358 exponeremus
3081 1289 3230 1345 illum
3274 1290 3446 1348 locum
3474 1311 3523 1348 τι
3551 1294 3624 1350 Ne-

437 1386 678 1441 membra
712 1394 892 1440 vestra
919 1387 1126 1442 servire
1150 1385 1527 1451 immunditim,
1567 1397 1621 1441 et
1647 1386 1916 1455 iniquitati
1943 1389 2009 1443 ad
2115 1379 2272 1436 sellis
2301 1380 2427 1451 quia
2458 1379 2546 1435 Olli
2573 1395 2670 1435 VOS
2699 1381 2969 1436 exhibelis
3000 1397 3186 1438 Servos
3209 1383 3279 1439 ad
3302 1386 3623 1456 obedieudum,

436 1480 803 1549 iniquitatem,
836 1479 910 1533 ita
938 1495 1082 1535 nunc
1111 1480 1368 1536 exhibete
1396 1483 1635 1537 membra
1677 1491 1857 1537 vestra
1888 1498 2010 1538 ser-
2113 1473 2257 1529 SOI‘Vi
2289 1473 2423 1529 estis
2449 1473 2567 1544 eius
2606 1474 2697 1529 cui
2741 1474 3020 1546 obedistis,
3054 1480 3173 1534 sive
3203 1480 3434 1548 peccati,
3459 1481 3624 1550 siveju-

434 1572 553 1625 vire
610 1571 839 1639 justitiae
899 1570 956 1627 in
1014 1572 1524 1628 sanctiﬁcationem.
1581 1593 1600 1625 ι
1653 1573 2006 1644 lngloriosum
2110 1567 2273 1622 stillat:
2300 1567 2368 1621 δῖ
2404 1586 2423 1619 ι
2454 1566 2588 1622 Cum
2620 1581 2757 1638 ergo
2785 1571 2910 1638 quis
2942 1581 3167 1639 peccato
3194 1573 3408 1639 servit,
3447 1574 3621 1642 justiti:

431 1663 649 1734 quidem
681 1673 765 1718 est
791 1673 849 1717 ut
877 1663 950 1717 ita
975 1664 1100 1732 quis
1128 1664 1425 1720 virtutibus
1454 1665 1756 1720 sicutvitiis
1785 1666 2001 1721 serviat.
2040 1711 2078 1766 Β
2110 1660 2248 1716 liber
2284 1668 2388 1725 est,
2416 1658 2521 1716 hoc
2553 1670 2657 1727 est,
2683 1664 2894 1719 alienus
2933 1678 2962 1718 a
2982 1663 3217 1734 justitia.
3242 1665 3344 1720 Hic
3375 1666 3504 1721 enim
3530 1667 3624 1723 libe-

431 1756 599 1813 Multo
654 1757 801 1812 enim
837 1758 1069 1828 amplius
1096 1767 1150 1812 et
1180 1759 1350 1813 multo
1385 1758 1643 1814 intentius
1684 1760 2001 1814 honoranda
2041 1754 2077 1766 "
2111 1770 2229 1809 rum
2263 1754 2502 1810 alienum
2547 1756 2716 1821 dicit,
2758 1765 2815 1811 et
2865 1767 3017 1813 recte
3044 1758 3287 1827 quidem.
3338 1757 3494 1814 Nemo
3519 1761 3623 1814 enim

425 1848 639 1921 iustitia
671 1860 774 1906 est.
811 1850 920 1907 Sed
956 1866 1077 1922 ego,
1110 1853 1306 1922 inquit,
1339 1853 1577 1906 humane
1608 1861 1663 1907 et
1695 1854 2003 1909 communi-
2106 1858 2287 1919 potest
2312 1849 2471 1905 simul
2498 1858 2552 1904 et
2577 1859 2804 1920 peccato
2845 1850 3074 1917 servire,
3106 1849 3427 1919 etjustitiaz,
3455 1852 3570 1907 sicut
3587 1863 3625 1907 et

434 1953 520 1998 ter
552 1958 654 2014 ago
689 1960 703 1998 :
740 1945 929 1999 eadem
960 1944 1172 2015 postulo
1200 1986 1215 2011 ,
1265 1944 1462 2000 similia
1510 1945 1752 2014 requiro.
1790 1946 2000 2002 Dudum
2106 1942 2362 1999 Salvator
2383 1943 2542 2010 dixit,
2571 1942 2698 2013 quia
2733 1962 2752 1995 ‹
2794 1959 2954 1998 nemo
2977 1954 3159 2014 potest
3199 1944 3413 2000 duobus
3440 1945 3622 2000 dominis

429 2039 727 2097 currebant
758 2038 927 2104 pedes
960 2038 1128 2092 vestri
1158 2037 1223 2091 ad
1248 2039 1554 2092 daemonum
1587 2039 1814 2107 templa,
1852 2054 1998 2094 nunc
2106 2037 2316 2092 Servire
2347 2037 2392 2094 ’.
2427 2055 2445 2087 ι
2486 2036 2592 2092 Sed
2617 2035 2684 2092 de
2713 2036 2799 2092 his
2821 2036 3033 2107 plenius
3061 2052 3226 2108 supra
3259 2038 3503 2094 diximus.
3524 2034 3620 2093 Illud

428 2141 654 2187 currant
702 2130 779 2202 (7)
812 2129 878 2184 ad
909 2129 1208 2184 Ecclesiam
1251 2128 1365 2185 Dei.
1397 2129 1707 2185 Currebam
1737 2132 1886 2200 prius
1935 2133 2002 2186 ad
2105 2145 2239 2185 sane
2267 2129 2562 2186 notandum
2597 2137 2703 2193 est,
2735 2142 2860 2184 esse
2891 2137 2946 2183 et
2986 2127 3301 2184 libertatem
3330 2131 3618 2200 culpabilem,

428 2223 815 2277 ell‘undendum
850 2260 866 2285 ,
901 2235 1044 2276 nunc
1089 2229 1272 2274 autem
1303 2221 1370 2275 ad
1401 2220 1742 2276 liberandum
1782 2223 2003 2293 sangui-
2104 2230 2159 2276 et
2183 2221 2514 2277 laudabilem
2546 2221 2884 2276 servitutem.
2932 2219 3068 2274 Nam
3120 2220 3356 2276 liberum
3382 2222 3619 2293 essejusti-

428 2331 549 2369 nem
577 2322 823 2369 currant.
849 2311 1316 2367 Protendebantur
1346 2313 1708 2381 priusmanus
1737 2326 1796 2368 ut
1824 2313 1998 2369 aliena
2105 2313 2215 2377 tiae,
2247 2314 2450 2369 crimen
2484 2320 2604 2379 est;
2637 2327 2855 2367 servum
2875 2326 3003 2366 vero
3036 2327 3179 2378 esse,
3216 2313 3617 2381 laudabileQuod

427 2408 746 2476 diriperent,
782 2421 930 2461 nunc
976 2404 1373 2475 protendantur
1414 2414 1470 2458 ut
1504 2407 1722 2477 propria
1775 2407 2002 2478 largian—
2101 2417 2282 2461 autem
2309 2404 2674 2474 dicitjustitiae
2705 2418 2922 2460 servum
2962 2405 3102 2470 ﬁeri,
3132 2405 3298 2459 simul
3330 2404 3550 2476 intellige
3578 2414 3617 2459 et

428 2509 535 2554 tur.
564 2498 1094 2567 Circumspiciebam
1148 2496 1300 2566 prius
1347 2497 1491 2551 oculi
1547 2496 1827 2553 mulierem
1850 2538 1868 2564 ,
1904 2512 1998 2555 aut
2101 2500 2402 2570 sapientiae.
2438 2510 2491 2554 et
2520 2496 2748 2570 pietati,
2782 2507 2835 2552 et
2861 2497 3158 2567 pudicitiae,
3201 2508 3255 2553 et
3284 2500 3523 2555 omnibus
3544 2514 3615 2554 una

423 2592 664 2648 alienum
692 2590 892 2662 aliquid
920 2592 987 2645 ad
1015 2589 1513 2659 concupiscendum
1538 2630 1552 2653 ,
1585 2607 1728 2646 nunc
1758 2593 1996 2648 circum-
2101 2592 2392 2647 virtutibus
2424 2591 2915 2647 :sicutecontrario
2930 2594 3020 2663 qui
3036 2591 3616 2663 peccata,servusestsi-

422 2685 659 2754 spiciant
688 2698 977 2753 pauperes,
1005 2682 1233 2751 debiles,
1264 2696 1466 2753 egenos
1498 2683 1565 2737 ad
1601 2684 1994 2743 miserandum.
2098 2685 2209 2740 mul
2244 2695 2298 2741 et
2330 2681 2784 2752 concupiscentiae
2814 2681 3004 2747 malae,
3039 2691 3095 2736 et
3127 2682 3247 2747 irae,
3276 2691 3332 2738 et
3362 2682 3557 2746 furoris,
3580 2689 3617 2735 et

423 2778 595 2833 Aures
619 2777 1031 2832 delectabantur
1062 2775 1246 2830 auditu
1277 2790 1437 2840 vano,
1475 2776 1560 2832 vel
1588 2777 1854 2833 bonorum
1903 2780 1997 2834 de-
2096 2777 2474 2848 impudicitia),
2513 2786 2568 2831 et
2596 2776 2839 2843 rapinte;
2875 2783 2930 2830 et
2961 2775 3212 2831 omnibus
3238 2775 3402 2831 simul
3426 2777 3552 2831 vitiis
3572 2789 3615 2829 ac

423 2870 817 2940 rogationibus,
839 2883 983 2923 nunc
1011 2878 1404 2925 convertantur
1433 2869 1500 2924 ad
1529 2869 1855 2925 audiendum
1876 2886 1996 2927 ver-
2097 2872 2399 2929 sceleribus
2430 2871 2621 2925 servit.
2660 2868 2811 2925 Unde
2839 2867 3201 2938 nosmetipsos
3234 2884 3451 2939 semper
3480 2869 3616 2923 discu-

421 2964 548 3019 bum
583 2961 701 3025 Dei,
731 2960 799 3014 ad
823 2959 1260 3028 explanationem
1290 2959 1449 3031 legis,
1480 2971 1536 3016 et
1571 2962 1639 3017 ad
1673 2963 1990 3032 capiendam
2095 2972 2210 3018 tere
2241 2962 2497 3016 debemus
2529 2975 2623 3030 per
2656 2960 2867 3030 singula
2894 2974 3121 3031 quaeque
3151 2975 3278 3030 qua:
3308 2961 3556 3031 gerimus,
3578 2968 3616 3012 et

420 3054 702 3125 sapientiae
748 3051 1091 3122 disciplinam
1145 3051 1244 3124 (8).
1288 3051 1493 3124 Lingua
1529 3070 1648 3119 qua:
1680 3056 1946 3112 conviciis
1972 3098 1987 3122 ,
2016 3070 2058 3128 α
2094 3055 2145 3110 iti
2194 3070 2519 3125 unoquoque
2542 3063 2662 3108 actu
2691 3054 3042 3109 considerare
3070 3056 3295 3110 cuinam
3328 3056 3612 3115 serviamus.

422 3146 728 3202 maledictis
751 3185 767 3211 ,
811 3154 868 3200 et
898 3144 1243 3216 turpiloquiis
1275 3156 1489 3203 assueta
1521 3156 1606 3202 est
1631 3146 1733 3220 (9),
1765 3164 1992 3205 conver-
2092 3158 2385 3219 peccatone
2406 3148 2474 3204 ad
2503 3148 2866 3217 iniquitatem,
2897 3163 2963 3202 an
3014 3146 3236 3217 justitiae
3276 3149 3329 3203 in
3358 3146 3614 3204 sanctiﬁca-

420 3248 568 3293 tatur
619 3252 763 3292 nunc
810 3234 877 3291 ad
928 3235 1356 3291 benedicendum
1407 3236 1698 3292 Dominum
1754 3239 1807 3293 in
1843 3242 1988 3296 omni
2094 3243 2315 3297 tionem.
2370 3261 2389 3294 ‹
2441 3241 2615 3309 Quem
2645 3256 2817 3312 ergo,
2849 3242 3068 3311 inquit,
3122 3242 3361 3297 fructum
3394 3241 3615 3297 habuistis

419 3330 695 3402 tempore'
716 3345 732 3383 :
752 3344 1064 3385 sermonem
1087 3344 1284 3385 sanum
1307 3330 1571 3399 proferat,
1597 3341 1654 3387 et
1679 3334 1985 3399 honestum,
2093 3343 2220 3390 tunc
2247 3336 2299 3389 in
2331 3334 2459 3401 illis,
2491 3334 2543 3389 in
2579 3336 2778 3404 quibus
2813 3348 2955 3388 nunc
2985 3334 3353 3391 erubescitis?
3380 3335 3498 3390 Nam
3522 3335 3615 3388 linis

415 3433 476 3478 ut.
505 3423 593 3478 det
621 3422 849 3493 gratiam
883 3422 1232 3478 audientibus
1255 3461 1271 3486 ,
1317 3431 1375 3477 et
1415 3423 1700 3480 veritatem
1733 3426 1987 3497 loquatur
2090 3428 2307 3483 illorum
2338 3443 2488 3484 mors
2519 3438 2602 3484 est
2632 3430 2696 3484 ¹⁰.
2735 3448 2755 3481 i
2787 3428 3043 3485 Fructum
3072 3442 3129 3485 et
3169 3431 3434 3486 bonorum
3454 3440 3501 3485 et
3527 3444 3614 3483 ma-

414 3530 540 3570 cum
582 3515 832 3584 proximo
881 3527 978 3568 suo
1006 3513 1049 3568 ".
1095 3511 1203 3568 Sed
1233 3514 1365 3584 quid
1396 3530 1534 3584 opus
1576 3524 1660 3572 est
1704 3517 1821 3573 haec
1873 3520 1984 3575 sin-
2089 3519 2267 3574 lorum
2297 3534 2417 3575 esse
2433 3521 2591 3575 docet
2620 3519 2907 3591 Scriptura
2937 3520 3143 3587 divina,
3171 3530 3229 3576 ut
3262 3521 3380 3592 ipse
3406 3520 3615 3578 Salvator

412 3608 536 3678 gula
573 3607 848 3678 persequi,
868 3620 988 3661 cum
1017 3606 1376 3676 pateatetiam
1409 3608 1532 3673 tibi,
1553 3610 1983 3683 uniuscujusque
2089 3614 2142 3669 in
2177 3612 2485 3683 Evangeliis
2512 3612 2644 3667 dicit
2676 3630 2691 3666 :
2727 3631 2746 3665 ι
2792 3614 2902 3668 Αυι
2939 3612 3105 3668 facite
3150 3613 3405 3670 arborem
3435 3615 3611 3675 bonam.

413 3698 643 3754 membri
674 3698 1041 3753 ministerium
1071 3737 1090 3762 ,
1118 3698 1260 3766 quod
1292 3698 1543 3755 exhibuit
1571 3700 1721 3757 vitiis
1746 3742 1761 3767 ,
1795 3713 1987 3773 aptare
2087 3715 2142 3762 et
2171 3704 2403 3759 fructum
2427 3702 2544 3771 ejus
2569 3702 2809 3769 bonum;
2837 3712 2931 3759 aut
2959 3702 3120 3759 facile
3148 3702 3402 3760 arborem
3431 3704 3612 3762 malam.

410 3793 723 3856 virtutibus,
747 3800 804 3846 et
832 3800 1015 3846 actum
1043 3806 1205 3861 quem
1228 3791 1478 3846 exhibuit
1501 3792 1882 3861 immunditiis,
1914 3796 1980 3850 ad
2085 3805 2140 3852 et
2172 3796 2408 3850 fructum
2456 3794 2572 3863 ejus
2604 3794 2807 3850 malum
2841 3794 2905 3850 “.
2943 3795 3062 3850 Non
3094 3805 3276 3865 potest
3326 3797 3481 3853 arbor
3503 3797 3613 3851 bona

408 3886 718 3940 castitatem
772 3900 918 3939 nunc
970 3883 1576 3956 sanctiﬁcationemque
1608 3892 1980 3946 convertere?
2082 3888 2296 3944 fructus
2329 3886 2501 3943 malos
2522 3885 2727 3955 facere,
2761 3901 2936 3958 neque
2969 3887 3136 3944 arbor
3165 3889 3310 3944 mala
3337 3888 3526 3945 fructus
3545 3888 3612 3941 bo-

409 3975 640 4033 Videtur
668 3992 802 4033 sane
834 3977 923 4032 hic
944 3975 1216 4045 justitiam
1247 3993 1346 4048 pro
1377 3978 1634 4034 omnibus
1667 3980 1830 4036 simul
1863 3984 1978 4038 vir-
2083 3996 2184 4038 nos
2222 3982 2406 4037 facere
2441 3981 2504 4033 ".
2540 3998 2559 4032 ι
2609 3981 2668 4034 In
2701 3981 2900 4051 quibus
2933 3983 3271 4052 propositum
3320 3993 3377 4040 et
3404 3983 3610 4038 voluntas

411 4069 615 4124 tutibus
648 4069 977 4135 nominasse,
1005 4068 1146 4124 sicut
1170 4072 1480 4125 econtrario
1506 4072 1847 4141 iniquitatem
1878 4091 1976 4145 pro
2083 4073 2321 4128 hominis
2345 4111 2361 4138 ,
2396 4073 2560 4127 arbor
2605 4072 2712 4126 dici
2745 4071 2962 4128 videtur
2991 4075 3077 4128 vel
3121 4078 3263 4131 bona
3289 4119 3305 4144 ,
3334 4076 3419 4132 vel
3462 4073 3608 4137 mala.

406 4161 657 4215 omnibus
690 4159 856 4213 simul
893 4160 1042 4214 vitiis
1095 4160 1367 4229 posuisse.
1401 4162 1624 4219 Addidit
1657 4165 1771 4238 (I0)
1803 4182 1972 4236 sane,
2086 4166 2299 4222 fructus
2322 4181 2454 4222 vero
2489 4165 2609 4235 ejus
2637 4180 2827 4235 opera.
2872 4166 2930 4220 Si
2971 4169 3094 4238 quis
3130 4178 3413 4226 convertat
3438 4169 3607 4224 animos

409 4268 431 4305 ‹
462 4250 685 4321 justitiae
719 4251 771 4304 in
798 4249 1314 4319 sanctiﬁcationem,
1347 4272 1366 4305 ›
1399 4269 1506 4322 quo
1529 4256 1779 4313 videlicet
1800 4261 1970 4315 casti-
2083 4267 2139 4314 et
2180 4260 2515 4329 propositum
2551 4259 2618 4314 ad
2644 4259 2911 4328 justitiam
2937 4301 2953 4327 ,
2989 4262 3266 4318 erubescit
3293 4263 3410 4318 sine
3436 4261 3601 4323 dubio,

405 4344 531 4397 tatis
562 4350 765 4412 partem
789 4353 843 4398 et
871 4343 1197 4411 generaliter
1224 4359 1350 4398 cum
1378 4346 1628 4410 caeteris,
1659 4357 1715 4403 et
1742 4364 1837 4419 per
1883 4365 1971 4405 se-
2013 4426 2023 4427 ί
2083 4362 2140 4408 et
2170 4354 2284 4424 ipse
2314 4368 2372 4408 se
2421 4361 2572 4408 notat
2613 4352 2726 4425 (li)
2760 4356 2827 4409 de
2873 4355 3145 4425 prioribus
3173 4357 3347 4427 gestis
3372 4371 3482 4426 qua:
3521 4355 3605 4422 egit

402 4435 688 4503 metipsam
744 4437 1052 4505 specialiter
1100 4440 1528 4495 commendaret.
1583 4439 1689 4494 Sed
1737 4449 1793 4495 et
1839 4442 1969 4497 illud
2010 4426 2050 4480 θ
2079 4445 2288 4513 positus
2321 4446 2422 4499 sub
2449 4456 2700 4514 peccato,
2732 4445 3054 4515 quiac'tinis
3080 4426 3292 4502 illorum
3327 4462 3464 4502 mors
3483 4453 3599 4500 est.»

401 4526 607 4596 aspice,
647 4531 790 4599 quod
844 4529 1048 4600 ubique
1081 4545 1177 4598 per
1224 4530 1339 4585 haec
1388 4532 1598 4587 arbitrii
1653 4532 1965 4589 libertatein
2087 4534 2193 4592 Sed
2234 4539 2456 4607 requiro
2482 4552 2601 4607 qua:
2634 4537 2832 4592 mors?
2862 4537 3082 4593 Certum
3109 4551 3194 4593 est
3223 4542 3349 4609 quia
3379 4539 3484 4611 (l5)
3522 4551 3602 4591 nou

400 4618 683 4689 designat,
716 4620 878 4695 574
920 4633 976 4678 et
1006 4624 1248 4679 ostendit
1281 4640 1730 4696 unumquemque
1764 4627 1967 4684 habere
2078 4631 2179 4686 ista
2214 4630 2543 4685 communis.
2582 4628 2698 4685 Non
2730 4630 2875 4685 enim
2923 4631 3048 4700 quis
3080 4641 3200 4701 post
3245 4642 3468 4687 mortem
3499 4645 3602 4685 cou-

403 4713 456 4767 iti
490 4726 586 4766 sua
620 4722 908 4782 potestate,
961 4724 1019 4769 ut
1050 4730 1170 4785 qua:
1199 4727 1327 4772 ante
1358 4717 1635 4786 iniquitati
1663 4718 1731 4774 ad
1765 4720 1967 4791 iniqui-
2074 4724 2308 4779 vertitur
2345 4725 2412 4778 ad
2435 4721 2728 4793 justitiam,
2763 4723 2848 4778 vel
2877 4738 2976 4793 pro
3024 4724 3163 4779 male
3195 4726 3366 4796 gestis
3410 4734 3598 4795 praeter-

402 4814 562 4860 tatem
599 4807 822 4861 servitia
854 4805 1199 4876 dependebat
1230 4807 1344 4880 (ll)
1372 4850 1389 4875 ,
1424 4810 1541 4866 haec
1562 4849 1579 4876 ,
1607 4826 1872 4869 converso
1911 4815 1963 4868 in
2073 4817 2165 4873 itis
2186 4815 2476 4871 erubescit.
2505 4815 2642 4882 Quid
2683 4830 2814 4886 ergo
2840 4816 2967 4871 est?
3000 4816 3379 4887 Nunquidnam
3428 4814 3598 4887 peccati

399 4899 591 4955 melius
618 4901 915 4970 proposito,
941 4901 1171 4971 justitize
1199 4904 1730 4976 sanetiﬁcationique
1761 4909 1967 4977 depen-
2076 4919 2307 4964 mortem
2335 4907 2515 4960 dicere
2533 4905 2767 4970 videtur,
2801 4906 3056 4975 quoniam
3095 4925 3113 4959 ι
3156 4910 3333 4963 anima
3358 4924 3469 4979 qua!
3498 4921 3599 4977 pec-

392 5083 415 5116 .
451 5018 915 5116 .:_.'.‘.2'"_-._"z..‘9-
952 5021 1416 5116 ...δηίίξξιιοξξικεξιιν
1442 5026 1549 5116 εν..
1599 5023 2066 5116 Lissus-1'19
2099 5045 2116 5097 ς
2152 5028 2461 5116 suam,
2491 5024 2580 5116 ἓξ·
2654 5024 2718 5116 .Z.
2739 5022 2897 5078 κοίην
2935 5038 3010 5092 ν’»
3050 5022 3141 5091 εον
3169 5023 3260 5078 εε-
3333 5023 3357 5056 ⁸
3386 5024 3504 5081 ίυίά·
3529 5020 3597 5079 “‘-

451 5090 639 5146 Matth.
667 5107 740 5157 vr,
771 5092 863 5148 24.
952 5092 996 5124 ¹⁰
1029 5091 1187 5147 ltom.
1217 5109 1291 5161 vi,
1316 5096 1407 5150 21.
1510 5097 1552 5128 “
1598 5095 1789 5153 Matth.
1821 5114 1894 5153 xu

1282 5096 1407 5161 λι.
1510 5097 1552 5128 “
1598 5095 1789 5153 Matth.
1821 5114 1894 5153 xu
1923 5090 1958 5167 ,7
1987 5090 2113 5157 55(
2178 5090 2220 5131 ’ί
2274 5090 2462 5151 Matth.
2501 5109 2572 5148 vn
2600 5132 2617 5159 ,
2652 5091 2740 5147 18.

490 5182 540 5261 5)
567 5181 737 5261 alias,
777 5200 795 5234 ι
834 5181 1174 5261 iniustitiam.
1220 5203 1239 5236 ι
1736 5258 1747 5261 _
1810 5259 1822 5261 _
1880 5260 1893 5261 ί
2141 5189 2250 5261 (Η)
2301 5188 2439 5243 Editi
2468 5229 2483 5254 ,
2518 5205 2537 5238 ι
2577 5184 2995 5253 dependebant,
3033 5205 3052 5240 ι
3080 5198 3134 5243 et
3184 5187 3340 5252 infra,
3379 5206 3398 5239 ι
3430 5187 3596 5255 depen-

490 5194 540 5251 5)
567 5194 737 5246 Alias,
777 5200 795 5234 ι
834 5194 1174 5251 injustittam.
1220 5203 1239 5236 ι
2141 5194 2250 5261 (ll)

464 5194 711 5333 ét5)_Editi
741 5294 757 5316 ,
805 5271 824 5304 ι
879 5253 1020 5333 nulla
1043 5255 1282 5333 "ratione
1332 5271 1559 5326 prorsus
1600 5258 1774 5333 possit
1809 5259 1963 5312 inlir-
2067 5261 2273 5333 dant.)

392 5323 601 5377 mitatis
650 5324 924 5377 excusari.
969 5341 990 5376 ι
1041 5325 1148 5379 Sed
1184 5323 1374 5382 omnes
1410 5342 1536 5384 mss.
1580 5323 1639 5383 tit
1673 5330 1724 5382 in
1770 5341 1959 5384 nostro
2097 5401 2100 5402 ν
2136 5329 2248 5402 (12)
2278 5328 2369 5383 Sic
2399 5340 2528 5382 mss.
2566 5335 2622 5382 et
2652 5325 2930 5382 Rabanus.
2961 5326 3103 5382 Editi
3136 5342 3283 5393 vero,
3313 5346 3332 5379 ‹
3365 5328 3409 5383 si
3437 5336 3595 5380 neces-

394 5401 564 5446 lexlllo
2063 5401 2196 5458 sitas
2226 5409 2451 5453 naturtc.
2493 5415 2512 5449 ι

466 5461 542 5536 (ἶ)
570 5461 741 5536 Alias,
781 5482 800 5515 ι
841 5479 985 5520 nunc
1020 5474 1200 5521 autem
1228 5474 1579 5521 concurrant.
1626 5486 1647 5520 ι
2135 5470 2248 5536 (15)
2280 5469 2452 5533 Alias,
2493 5487 2511 5520 ί
2550 5468 2852 5536 Quoniam;
2898 5486 2919 5520 ι
2949 5467 3048 5533 aL,
3084 5485 3104 5518 ι
3138 5468 3310 5535 Quod.
3346 5486 3364 5519 ι

466 5470 515 5530 (7
570 5470 741 5529 Alias,
781 5482 800 5515 ι
841 5479 985 5520 nunc
1020 5474 1200 5521 autem
1228 5474 1579 5521 concurrant.
1626 5486 1647 5520 ι
2162 5473 2227 5525 15
2280 5470 2452 5533 Alias,
2493 5487 2511 5520 ί
2550 5470 2852 5536 Quoniam;
2898 5486 2919 5520 ι
2949 5470 3048 5533 aL,
3084 5485 3104 5518 ι
3138 5470 3310 5535 Quod.
3346 5486 3364 5519 ι

568 5532 739 5615 Editi,
776 5553 794 5585 ι
830 5537 1158 5615 sapientiam
1185 5547 1240 5590 et
1269 5536 1631 5605 disciplinam.
1668 5555 1688 5587 ι
2135 5470 2248 5615 tu;
2275 5540 2426 5594 Alias
2449 5579 2464 5603 ,
2505 5558 2524 5591 ε
2572 5550 2626 5593 et
2654 5539 2765 5609 ipse
2792 5554 2851 5594 se
2880 5548 3143 5602 renovat,
3185 5557 3207 5592 ι
3240 5542 3331 5606 aL,
3366 5554 3386 5588 ι
3417 5546 3467 5594 et
3495 5535 3588 5607 ipsa

464 5601 538 5668 (9)
565 5601 973 5668 Genebrardus,
1006 5624 1024 5656 ι
1066 5616 1181 5665 erat
1206 5601 1441 5663 assueta.
1476 5625 1495 5658 ι
2063 5601 2242 5668 notat:
2271 5631 2291 5663 ι

462 5669 570 5753 tiu)
604 5671 766 5741 Editi,
799 5691 817 5726 ε
855 5676 1019 5732 Addit
1050 5691 1282 5747 quoque,
1317 5694 1335 5729 ι
1370 5692 1470 5732 nis.
1502 5691 1662 5745 unus,
1688 5696 1705 5730 ι
1745 5677 1954 5750 addidit
2135 5682 2246 5753 (15)
2278 5680 2436 5748 Quid.
2463 5681 2623 5738 Deest
2650 5680 2703 5736 in
2733 5679 2887 5735 libris
2914 5688 3073 5735 antea
3104 5678 3305 5751 editis“

395 5752 624 5795 (ιυοίιυθ.
663 5759 683 5791 θ
