3692 6138
93 245 222 300 1965

1025 246 1378 303 COMMENT.
1421 247 1485 301 IN
1524 246 1744 302 EPIST.
1781 247 1870 301 AD
1911 246 2074 303 ROM.
2117 247 2245 303 LIB.
2288 248 2374 303 VI.

3186 251 3326 306 1066

90 374 192 425 cat,
224 360 338 430 ipsa
374 361 630 415 morietur
660 363 703 394 ¹³
733 363 756 416 ?
793 382 811 413 ι
848 365 924 416 An
958 363 1088 418 illttd
1138 365 1309 434 magis
1342 374 1518 435 pctest
1559 367 1645 418 i-n-
1679 375 1718 426 Α
1753 367 1953 420 tionem
2005 368 2246 420 diximus
2296 365 2566 420 fructuum
2619 366 2903 434 malorum,
2957 379 3010 424 et
3044 368 3316 425 fructuum

92 456 250 524 telligi
279 458 422 523 quod
455 454 613 508 istam
655 467 880 509 mortem
908 457 1050 512 dicat
1075 459 1185 529 (16)
1218 475 1319 527 qua
1352 475 1471 512 cum
1493 459 1652 512 Chri-

90 561 168 602 sto
197 557 417 616 peccato
444 547 730 610 morimur,
763 557 818 602 et
862 549 1007 604 vitiis
1040 566 1104 604 ac
1146 551 1441 605 sceleribus
1487 550 1650 604 finem

89 642 294 701 damus,
331 645 388 690 ut
414 649 634 707 pr0pter
659 641 759 693 hoc
790 641 996 696 dixisse
1048 643 1311 708 videatur,
1332 642 1454 711 quia
1485 660 1504 693 ι
1533 641 1655 698 ﬁnis

91 731 296 784 illorum
334 745 480 783 mors
529 731 660 784 est?
712 730 867 785 Nunc
897 747 1026 786 vero
1076 732 1288 786 liberati
1323 748 1351 786 a
1385 744 1608 801 peccato
1635 776 1651 800 ,

88 825 219 876 servi
258 831 439 875 autem
480 822 606 876 facti
642 823 775 888 Deo,
807 824 1023 879 habetis
1059 824 1294 878 fructum
1327 825 1650 879 vestrumin

89 913 610 974 sanctificationem,
669 915 832 968 linem
884 931 1014 970 vero
1070 916 1234 970 vitam
1286 926 1566 970 aeternam.
1629 935 1649 967 ι

90 1004 317 1058 Fructus
369 1005 633 1058 fructibus
684 1015 964 1074 comparat
1015 1025 1028 1060 :
1077 1015 1135 1062 et
1177 1010 1387 1076 peccati
1431 1009 1652 1077 quidem

91 1094 292 1151 fructus
349 1113 448 1167 pro
487 1098 685 1166 quibus
712 1114 874 1162 nunc,
906 1099 1007 1152 hoc
1038 1107 1140 1164 est,
1167 1109 1352 1168 postea
1386 1115 1549 1169 quam
1586 1099 1654 1154 li—

87 1189 249 1242 berati
293 1204 322 1241 a
370 1200 628 1258 peccato,
658 1198 711 1243 et
754 1189 894 1244 servi
929 1190 1056 1244 facti
1087 1190 1221 1256 Deo,
1254 1192 1428 1245 sancti
1461 1191 1655 1246 erube-

88 1291 255 1344 scunt,
276 1283 591 1348 pronuntiat
617 1293 792 1334 morte
827 1281 978 1336 finiri
1013 1299 1026 1336 :
1058 1282 1264 1337 fructus
1285 1299 1412 1337 vero
1432 1282 1655 1351 justitite

87 1374 171 1442 qui
215 1385 343 1426 sunt
394 1378 445 1426 in
474 1374 967 1428 sanctiticationem
998 1414 1014 1437 ,
1046 1373 1206 1428 linem
1249 1375 1382 1429 dicit
1407 1374 1655 1443 accipere

92 1465 242 1515 vitam
275 1476 560 1518 aeternam.
612 1463 666 1517 In
703 1480 811 1534 quo
847 1465 978 1518 illud
1028 1467 1204 1536 primo
1235 1480 1340 1520 non
1375 1473 1461 1520 est
1489 1464 1654 1520 omit-

89 1559 317 1622 tendum,
361 1557 507 1626 quod
543 1556 757 1610 fructus
784 1557 1002 1627 quidem
1038 1573 1132 1614 eos
1159 1574 1256 1628 pro
1282 1559 1478 1629 quibus
1511 1574 1656 1614 nunc

88 1651 457 1704 erubescimus
480 1649 614 1721 (17),
643 1651 696 1702 in
726 1665 832 1719 quo
867 1650 976 1704 sint
1007 1650 1179 1706 noluit
1210 1654 1491 1707 nominare
1521 1666 1538 1706 :
1565 1666 1655 1706 eo-

1755 459 2018 513 bonorum
2071 459 2264 514 fecisse
2295 460 2634 533 Apostolum)
2666 463 2806 531 quod
2862 463 2931 515 ibi
2974 463 3188 530 quidem
3225 465 3314 518 ubi

1755 552 1820 605 de
1856 552 2010 606 malis
2065 551 2331 607 fructibus
2383 554 2620 618 dicebat,
2675 569 2779 608 non
2827 554 3008 608 dixit:
3061 553 3315 610 Fructum

1754 654 1996 696 vestrum
2047 645 2312 699 habuistis
2348 663 2367 694 ι
2401 645 2452 698 in
2488 645 2682 713 quibus
2715 661 2858 700 nunc
2901 645 3260 702 erubescitis:
3294 667 3314 698 ι

1752 736 1846 787 sed
1877 735 2015 788 dixit
2044 753 2056 787 :
2101 753 2119 786 ι
2150 735 2320 802 Quem
2368 750 2498 807 ergo
2553 737 2787 790 fructum
2821 738 3126 794 habuistis?
3158 758 3179 793 ι
3229 742 3319 794 ubi

1755 843 1882 880 vero
1915 828 1983 880 de
2035 828 2192 882 bonis
2239 829 2501 883 fructibus
2550 829 2703 893 dicit,
2742 832 2893 884 addit
2947 851 2963 883 ι
3001 843 3265 890 vestrum.
3297 853 3316 885 ι

1756 918 1849 972 Sic
1890 919 2034 972 enim
2089 920 2324 975 scribit:
2381 940 2399 971 ι
2440 919 2663 975 Habetis
2718 921 2951 977 fructum
2996 935 3232 978 vestrum
3265 926 3319 978 in

1753 1011 2240 1064 sanctiﬁcationem
2272 1028 2286 1064 :
2323 1031 2343 1064 ι
2388 1028 2482 1082 per
2515 1013 2658 1080 quod
2695 1012 2936 1066 indicare
2986 1014 3116 1068 mihi
3170 1014 3324 1070 vide«

1755 1112 1842 1154 tur
1869 1102 2012 1170 quod
2059 1101 2270 1159 fructus
2315 1107 2512 1171 malus,
2553 1106 2764 1162 fructus
2815 1108 3218 1162 erubescendos
3267 1119 3323 1162 ct

1755 1192 2120 1259 paenitendus,
2158 1209 2265 1246 non
2300 1203 2382 1248 est
2410 1205 2591 1250 noster
2624 1196 2854 1250 fructus.
2892 1194 3006 1249 Non
3043 1197 3186 1250 enim
3214 1213 3324 1249 ma-

1755 1285 1858 1336 lam
1895 1285 1948 1338 in
1977 1285 2134 1339 nobis
2163 1287 2413 1340 arborem
2474 1288 2615 1341 Deus
2669 1287 2934 1355 plantavit
2968 1302 3086 1354 quze
3117 1288 3321 1340 fructus

1755 1374 1924 1430 malos
1947 1369 2230 1444 proferret,
2269 1379 2414 1431 sicut
2442 1387 2497 1432 et
2530 1379 2644 1448 ipse
2668 1380 2797 1433 dicit
2827 1394 2923 1448 per
2953 1379 3268 1448 prophetam
3304 1397 3318 1428 :

1759 1483 1777 1514 ι
1811 1464 1922 1534 Ego
1949 1475 1998 1520 te
2030 1467 2268 1535 plantavi
2297 1469 2460 1523 vitem
2485 1468 2820 1523 frnctil'erant
2853 1482 3019 1522 totam
3052 1485 3324 1536 veracem,

1753 1555 2022 1620 quomodo
2040 1571 2297 1611 conversa
2321 1572 2380 1612 es
2399 1557 2451 1611 in
2474 1559 2832 1613 amaritudine
2849 1559 2974 1613 vitis
2996 1561 3182 1614 alienae
3206 1560 3279 1613 '9?
3301 1583 3317 1611 ι

1756 1643 1992 1699 Fructus
2027 1661 2155 1715 ergo
2194 1646 2365 1701 malos
2403 1648 2566 1702 etiam
2616 1649 2664 1704 si
2699 1647 3010 1714 all‘eramus,
3044 1665 3149 1704 non
3200 1662 3325 1703 sum

89 1756 194 1791 rum
228 1755 356 1793 vero
407 1739 642 1794 fructum
678 1747 767 1810 qui
823 1739 1039 1796 liberati
1079 1752 1206 1798 sunt
1252 1759 1282 1797 a
1310 1753 1557 1811 peccato,
1592 1752 1649 1796 et
1680 1729 1720 1781 Β
1751 1737 1922 1791 ιιοειτῖ
1944 1778 1960 1802 ν
1990 1740 2084 1792 sed
2115 1737 2299 1804 υιῖθιιῖυ
2330 1737 2380 1792 id
2424 1748 2509 1792 θεῐ
2540 1742 2746 1807 Peccali
2774 1757 2789 1805 ;
2823 1738 3030 1794 [melus
3059 1755 3189 1794 νθτυ
3221 1743 3323 1794 ιιο·

87 1831 216 1882 servi
248 1830 375 1886 facti
413 1845 538 1888 sunt
569 1835 696 1898 Deo,
732 1834 866 1889 dicit
893 1850 1014 1890 esse
1041 1836 1094 1889 itt
1137 1835 1646 1893 sanctiﬁcationem.

89 1923 347 1977 Bonorum
381 1925 530 1978 enim
563 1925 901 1994 frequentius
927 1942 1086 1994 quam
1112 1927 1372 1980 malorum
1405 1927 1648 1982 habenda

91 2016 337 2069 lllt‘lllOl‘ia
371 2027 478 2072 est.
505 2017 657 2083 Quod
696 2028 879 2071 autent
919 2019 1070 2087 prius
1105 2019 1173 2073 de
1203 2020 1360 2073 malis
1386 2017 1648 2073 fructibus

88 2118 136 2158 et
166 2106 268 2159 fine
301 2123 517 2171 eorum,
549 2118 736 2175 postea
765 2123 894 2161 vero
923 2110 987 2162 de
1022 2107 1292 2163 fructibus
1321 2109 1410 2178 qui
1448 2110 1499 2162 in
1523 2125 1650 2163 san-

90 2196 465 2251 ctilicationem
494 2209 618 2252 sunt
648 2198 786 2269 (18),
811 2209 867 2252 et
897 2199 962 2253 de
1004 2202 1108 2252 line
1149 2216 1333 2254 eorum
1359 2242 1374 2264 ,
1403 2216 1523 2270 quae
1569 2211 1652 2256 est

91 2289 190 2340 vita
227 2298 453 2355 aeterna,
500 2293 845 2358 memoravit,
880 2293 1001 2346 vide
1045 2293 1173 2362 quia
1217 2292 1392 2347 simile
1421 2305 1504 2348 est
1548 2295 1650 2348 hoc

95 2380 229 2431 dicto
255 2382 573 2450 prophetico
601 2383 679 2436 illi
721 2398 828 2452 quo
857 2385 970 2454 ipse
1002 2387 1080 2440 ait
1110 2406 1123 2440 :
1159 2405 1178 2436 ‹
1217 2386 1326 2458 Ego
1359 2386 1603 2440 occidam
1633 2426 1649 2452 ,

91 2483 140 2524 et
169 2489 264 2541 ego
313 2475 498 2530 vivere
546 2474 862 2546 faciam“;
920 2497 939 2530 ι
974 2489 1028 2531 et
1065 2479 1260 2534 iterum
1312 2496 1326 2533 :
1382 2498 1398 2530 ι
1451 2480 1650 2536 I’ercu-

95 2563 256 2627 tiam,
289 2577 343 2618 et
388 2581 489 2633 ego
532 2569 775 2632 satiabo;
813 2587 832 2620 ι
882 2577 936 2621 et
966 2583 1179 2622 rursum
1212 2569 1263 2623 in
1302 2568 1444 2624 Job:
1478 2588 1497 2621 ι
1535 2570 1651 2638 Ipse

92 2652 263 2706 dolere
288 2654 436 2722 facit,
471 2664 525 2708 et
559 2658 864 2712 remedium
892 2660 982 2712 dat
1013 2677 1025 2712 :
1059 2660 1314 2728 percutit,
1353 2669 1409 2714 et
1450 2677 1646 2717 manus

90 2743 194 2810 ejus
221 2758 376 2800 sanat
400 2748 466 2801 η.
500 2768 518 2800 ι
543 2747 672 2815 Quae
696 2750 875 2803 omnia
897 2749 1024 2805 illuc
1048 2751 1338 2820 aspiciunt,
1361 2753 1500 2821 quod
1523 2763 1650 2808 ante

92 2838 413 2892 moriendum
457 2850 542 2894 est
568 2856 691 2894 cum
725 2841 964 2908 Christo,
996 2852 1052 2896 et
1082 2845 1156 2896 ita
1198 2845 1587 2900 convivendnm
1634 2866 1645 2900 :

92 2937 139 2980 et
167 2939 283 2982 ante
308 2932 776 2999 compatiendum,
821 2943 875 2986 et
917 2931 991 2986 ita
1035 2937 1501 3004 conregnandum.
1531 2937 1646 2990 Nisi

94 3021 224 3074 enim
268 3024 423 3091 prius
481 3039 578 3093 per
621 3025 1003 3093 pmnitentiam
1056 3037 1282 3096 peccato
1332 3028 1646 3094 moriamur,

93 3128 186 3166 non
224 3132 506 3183 possumus
540 3131 638 3184 per
658 3117 926 3187 justitiam
963 3118 1144 3172 vivere
1175 3118 1306 3173 Deo.
1331 3119 1435 3174 Sed
1462 3130 1517 3172 et
1546 3121 1647 3174 hoc

93 3208 218 3272 quod
248 3208 354 3277 (l9)
378 3209 631 3276 superius
665 3208 900 3263 dixit”:
942 3231 960 3259 ι
983 3208 1223 3262 Liberali
1253 3218 1430 3263 autent
1463 3224 1492 3262 a
1523 3225 1647 3279 pec-

91 3310 219 3360 rato,
249 3301 387 3353 servi
421 3299 550 3354 facti
592 3299 726 3354 estis
765 3299 992 3370 justitiae
1024 3317 1037 3354 :
1078 3321 1096 3351 ι
1134 3314 1276 3355 nunc
1313 3311 1492 3355 autem
1525 3317 1644 3356 cunt

92 3389 325 3443 similiter
369 3389 574 3444 dixerit
605 3409 617 3444 :
656 3410 675 3441 ι
711 3387 954 3444 Liberali
990 3399 1166 3443 autem
1196 3407 1225 3442 a
1259 3402 1483 3459 peccato
1513 3393 1578 3455 ¹⁷,
1623 3412 1642 3443 ι

95 3497 185 3531 non
231 3482 484 3534 similiter
535 3482 708 3542 dixit,
745 3501 764 3532 ι
804 3483 948 3535 servi
984 3481 1112 3536 facti
1147 3483 1282 3536 estis
1312 3483 1542 3552 justitia:
1568 3523 1582 3549 ,
1622 3502 1642 3535 ι

92 3572 197 3635 sed,
231 3591 249 3623 ι
287 3574 429 3625 servi
462 3571 589 3626 facti
632 3573 764 3628 estis
794 3572 904 3627 Deo
946 3587 962 3625 :
1017 3593 1036 3624 ι
1076 3587 1182 3627 non
1212 3586 1296 3628 εει
1325 3575 1498 3628 otiosa
1533 3576 1644 3630 dis-

94 3663 283 3717 tinctio.
332 3661 440 3716 I‘er
491 3663 592 3716 hoc
637 3661 782 3716 enim
832 3663 1172 3728 ostenditur,
1230 3665 1372 3732 quod
1432 3675 1645 3732 postea-

90 3767 235 3822 quam
270 3755 389 3823 quis
422 3754 684 3808 libcratus
714 3770 742 3807 a
773 3765 997 3822 peccato
1028 3755 1210 3820 fuerit,
1244 3756 1455 3809 servire
1487 3755 1648 3810 debet

91 3845 492 3912 pritnojustitize
523 3855 577 3899 et
607 3846 859 3899 omnibus
896 3844 1190 3899 virtutibus
1220 3845 1403 3911 simul,
1439 3857 1494 3899 ut
1523 3845 1648 3898 inde

90 3949 175 4001 per
213 3937 512 4004 profectum
548 3935 809 3989 ascendat
833 3937 901 3990 ad
933 3937 1062 4000 hoc,
1095 3947 1154 3989 ut
1179 3952 1370 3990 servus
1402 3937 1644 4002 ﬁatDeo,

91 4030 319 4094 quamvis
348 4037 402 4082 et
432 4029 642 4082 servire
685 4027 932 4096 justitiaz,
972 4029 1178 4082 servire
1200 4030 1272 4081 sit
1306 4028 1438 4083 Deo.
1489 4028 1648 4082 Chri-

93 4125 198 4170 stus
235 4128 316 4171 est
347 4119 494 4172 enim
538 4118 751 4188 justitia
778 4155 794 4181 ,
825 4127 878 4172 et
909 4118 1116 4172 servire
1143 4116 1363 4172 Christo
1390 4157 1405 4182 ,
1439 4118 1646 4172 servire

93 4210 186 4262 Deo
233 4222 334 4266 est.
389 4213 485 4265 Est
544 4222 725 4265 tamen
777 4214 913 4266 ordo
969 4213 1350 4282 profectuum,
1403 4225 1460 4268 et
1519 4225 1647 4268 sunt

91 4301 235 4374 575
276 4307 326 4360 in
367 4305 658 4360 virtutibus
697 4305 897 4375 gradus
924 4305 1072 4377 (20):
1104 4315 1159 4360 et
1190 4305 1399 4360 idcirco
1437 4306 1643 4361 dicitur

1754 1845 1849 1884 nos
1885 1831 1928 1885 si
1971 1829 2259 1887 all'eramus
2307 1833 2365 1886 in
2411 1833 2924 1898 sanctificatiouctn,
2969 1834 3138 1890 uestri
3192 1845 3323 1889 sunt

1754 1920 1978 1975 fructus.
2009 1919 2147 1976 Istos
2179 1922 2322 1976 enim
2346 1921 2557 1979 fructus
2589 1933 2647 1977 ut
2682 1923 2905 1979 afferret
2952 1925 3186 1979 humana
3220 1941 3322 1980 na-

1753 2024 1871 2066 tura
1915 2027 1945 2066 a
1973 2013 2258 2067 conditore
2290 2028 2388 2068 suo
2418 2016 2674 2083 suscepit.
2730 2015 2867 2071 Nam
2907 2017 2985 2070 illi
3017 2017 3180 2072 alieni
3215 2033 3323 2072 non

1751 2115 1877 2158 sunt
1907 2105 1957 2158 in
1993 2107 2150 2161 nobis
2178 2104 2434 2160 seminati
2470 2121 2500 2160 a
2530 2108 2640 2160 Deo
2672 2104 2805 2179 (2|).
2839 2105 2934 2162 Vis
2963 2119 3144 2162 autem
3179 2110 3322 2164 scire

1752 2194 1876 2263 quia
1909 2195 2166 2251 Dominus
2183 2212 2287 2251 non
2310 2197 2548 2252 seminat
2579 2198 2746 2252 malos
2771 2197 3014 2254 fructus?
3049 2200 3173 2253 audi
3199 2215 3324 2254 eum

1753 2287 1804 2339 in
1837 2285 2130 2358 Evangelio
2159 2290 2425 2344 dicentem
2458 2306 2470 2342 :
2506 2307 2526 2341 r
2565 2288 2754 2344 Nonne
2788 2288 2990 2344 bonum
3025 2305 3212 2347 semen
3241 2307 3327 2346 se-

1754 2381 2075 2434 minavimus
2103 2381 2155 2434 in
2184 2382 2350 2451 agro?
2390 2380 2543 2436 Unde
2591 2396 2718 2452 ergo
2771 2383 2934 2436 habet
2979 2384 3226 2439 zizania?
3258 2385 3326 2440 Et

1755 2469 2089 2536 respondens
2117 2471 2252 2523 dixit
2278 2468 2426 2541 (‘22):
2453 2469 2711 2524 Inimicus
2747 2471 2907 2526 homo
2937 2473 3041 2528 hoc
3069 2475 3198 2529 fecit
3219 2475 3318 2529 ⁸⁸.»

1754 2553 1819 2607 Et
1842 2556 2019 2611 adhuc
2053 2557 2136 2611 vis
2167 2558 2400 2627 amplius
2432 2558 2645 2613 discere
2690 2562 2816 2629 quia
2863 2561 2949 2615 isti
2980 2564 3161 2618 carnis
3201 2564 3322 2619 fru-

1751 2659 1871 2701 ctus
1897 2662 2000 2703 non
2037 2659 2164 2704 sunt
2196 2653 2390 2715 nostri,
2429 2654 2522 2706 sed
2565 2651 2775 2706 alieni?
2804 2651 2924 2723 Ipse
2965 2656 3158 2710 iterum
3205 2655 3322 2730 (23)

1754 2739 2014 2797 Dominus
2044 2744 2096 2797 in
2126 2743 2416 2814 Evangelia
2452 2747 2619 2803 dicit:
2649 2768 2667 2800 ι
2699 2749 2756 2804 Si
2801 2749 2854 2804 in
2897 2750 3077 2804 alieno
3131 2753 3321 2810 fideles

1754 2849 1858 2887 non
1889 2833 2088 2898 fuistis,
2125 2837 2268 2904 quod
2308 2847 2552 2892 vestrum
2584 2849 2666 2896 est
2693 2841 2815 2910 quis
2842 2841 2996 2896 dabit
3028 2842 3178 2900 vobis
3203 2844 3316 2900 “1’s

1753 2925 1844 2979 Sic
1877 2941 2007 2996 ergo
2039 2928 2318 2996 profunda:
2367 2931 2597 2987 rationis
2649 2935 2909 3004 mysterio
2935 2937 2986 2989 in
3021 2937 3162 2994 malo
3193 2942 3318 3008 qui-

1753 3018 1872 3070 dem
1903 3018 2079 3072 fructu
2108 3019 2397 3088 Apostolus
2434 3037 2539 3076 non
2591 3023 2797 3078 addidit
2828 3043 2847 3075 ι
2878 3037 3162 3092 vestrum;
3197 3048 3216 3082 ι
3253 3031 3321 3086 de

1753 3107 1891 3160 bono
1927 3118 2107 3162 autent
2134 3110 2309 3166 dicit:
2354 3129 2373 3162 ι
2412 3111 2634 3169 Habetis
2679 3114 2919 3170 fructum
2961 3127 3202 3173 vestrum
3260 3124 3314 3175 iu

1749 3198 2256 3256 sanctiﬁcationem.
2296 3221 2314 3253 ι
2357 3203 2512 3269 Quod
2553 3215 2734 3260 autem
2778 3208 3129 3276 perfectiores
3175 3213 3323 3268 dicat

1753 3287 1850 3341 bos
1881 3289 1995 3359 (24)
2026 3304 2162 3358 quos
2187 3291 2394 3346 servire
2425 3291 2534 3345 Deo
2564 3294 2824 3359 nominat,
2849 3310 3009 3364 quam
3040 3297 3160 3352 illos
3183 3314 3323 3366 quos

1750 3381 1924 3450 primo
1954 3384 2160 3436 servire
2191 3383 2422 3451 iustitiae
2454 3386 2692 3451 dixerat,
2729 3389 2892 3442 etiam
2929 3405 2995 3443 ex
3036 3389 3140 3445 hoc
3191 3405 3305 3460 pro-

1749 3474 1926 3539 batur,
1965 3477 2106 3544 quod
2145 3477 2334 3531 horum
2365 3475 2601 3534 fructum
2633 3480 2686 3534 in
2720 3481 3207 3536 sanetificationem
3227 3498 3323 3552 po-

1747 3565 1857 3619 suit
1887 3583 1902 3632 ;
1940 3567 2031 3634 qui
2083 3568 2308 3640 intelligi
2343 3581 2571 3637 possunt
2607 3571 2658 3624 hi
2691 3586 2812 3627 esse
2844 3573 2935 3642 qtti
2973 3587 3033 3628 se
3071 3575 3311 3628 castitati

1747 3669 1804 3712 et
1835 3658 2186 3714 continentia:
2217 3659 2591 3727 devoverant;
2635 3661 2708 3714 illi
2743 3673 2922 3716 autem
2951 3677 3088 3732 quos
3127 3679 3320 3718 servos

1749 3750 1886 3803 dixit
1932 3765 2054 3806 esse
2095 3750 2347 3820 iustitiae,
2392 3763 2622 3821 possunt
2647 3755 2810 3808 etiam
2849 3755 2901 3810 lti
2934 3756 3103 3811 videri
3139 3758 3229 3826 qui
3263 3758 3314 3812 in

1751 3843 2018 3912 conjugiis
2049 3843 2235 3911 positi,
2259 3841 2488 3911 justitite
2520 3855 2698 3898 tamen
2723 3857 2778 3900 et
2807 3847 3060 3902 omnibus
3094 3849 3315 3903 virtuti-

1747 3933 1847 3989 bus
1876 3950 2095 4004 operam
2125 3937 2388 4005 praebent.
2420 3935 2496 3989 De
2521 3936 2631 3990 vita
2672 3948 2850 3992 autem
2883 3947 3085 3993 aeterna
3121 3955 3315 4010 quam-

1745 4026 1829 4081 vis
1862 4036 1916 4082 et
1946 4029 1999 4081 in
2032 4028 2153 4082 aliis
2179 4027 2313 4084 locis
2337 4043 2481 4098 saepe
2515 4044 2544 4081 a
2580 4029 2740 4084 nobis
2771 4030 2973 4085 dictum
3011 4032 3106 4096 sit,
3132 4043 3314 4087 tamen
3344 4021 3348 4025 ”

1745 4127 1800 4172 et
1828 4119 1879 4172 in
1911 4120 2162 4189 praesenti
2211 4120 2451 4174 breviter
2497 4120 2970 4190 perstringendum
3017 4131 3123 4184 est,
3168 4125 3314 4193 quod

1745 4211 2023 4263 aeternitas
2057 4211 2109 4263 in
2143 4210 2443 4280 Scripturis
2466 4209 2758 4278 aliquando
2785 4227 2884 4281 pro
2910 4227 2975 4266 eo
3000 4225 3232 4282 ponatur
3261 4226 3319 4269 ut

1746 4300 1902 4355 linem
1950 4301 2189 4365 neseiat,
2222 4301 2510 4371 aliquando
2551 4316 2681 4356 vero
2709 4313 2768 4356 ut
2798 4304 2852 4357 in
2895 4305 3147 4373 persenti
3194 4307 3319 4376 qui-

90 4398 319 4454 Cltristus
343 4414 590 4470 regnare,
622 4402 868 4470 profecto
901 4401 1200 4454 secundum
1227 4399 1328 4454 hoc
1359 4400 1501 4470 quod
1549 4401 1628 4471 ju-

1802 4409 1868 4446 zm
1897 4393 2092 4449 Steculo
2117 4394 2277 4446 linem
2304 4409 2411 4449 non
2457 4393 2678 4460 habeat,
2706 4395 2904 4450 habeat
2934 4406 3113 4450 tamen
3147 4397 3198 4450 itt
3233 4397 3318 4452 fu-

92 4492 515 4558 stitiaest,doncc
553 4493 607 4547 itt
641 4508 969 4563 unoquoque
993 4493 1333 4562 compleatur
1365 4493 1642 4562 plenitudo

91 4580 368 4661 virtutum,
424 4587 512 4637 ubi
562 4599 692 4637 vero
759 4599 1008 4638 mensura
1064 4583 1228 4637 fuerit
1287 4583 1642 4652 perfectionis

93 4680 316 4747 erpleta,
350 4692 480 4735 tunc
515 4681 720 4735 dicitur
755 4680 970 4733 tradere
997 4695 1016 4728 ι
1057 4692 1279 4746 regnum
1324 4675 1434 4728 Deo
1459 4683 1512 4727 ct
1537 4672 1640 4726 Pa-

96 4771 177 4834 tri,
207 4790 224 4822 ι
267 4774 456 4844 utjam
487 4776 555 4827 sit
595 4791 614 4822 σ
655 4773 793 4825 Deus
819 4772 1002 4824 omnia
1033 4769 1084 4821 in
1115 4767 1368 4820 omnibus
1397 4765 1459 4818 ³⁸.
1489 4785 1506 4817 ι
1535 4765 1639 4819 Sed

92 4867 141 4909 et
175 4860 296 4916 illud
324 4864 502 4917 adhuc
550 4861 954 4916 observandum
992 4865 1119 4926 puto
1153 4856 1431 4926 (quoniam
1474 4855 1641 4908 colla-

156 4956 195 4987 ³³
214 4957 410 5014 Ezech.
441 4973 598 5024 xvnt,
621 4957 676 5011 4.
749 4956 792 4988 ¹δ
816 4957 967 5010 Deut.
996 4968 1174 5024 χχιιι,
1196 4951 1284 5024 59.

94 5023 132 5056 ⁸⁸
156 5023 346 5082 Jerem.
365 5044 428 5096 ιι,
458 5029 548 5083 21.
585 5022 590 5024 ⁷
621 5030 667 5060 ³⁸⁵
689 5025 881 5080 Matth.
908 5040 1025 5087 χιιι,
1052 5022 1143 5076 27.

148 5121 250 5194 (16)
276 5124 439 5187 Editi,
473 5141 492 5175 ι
519 5124 673 5178 dicit.
712 5143 728 5174 ι
762 5121 826 5175 Ει
848 5120 1009 5194 paulo
1025 5127 1187 5194 post,
1225 5132 1243 5164 ‹
1266 5114 1624 5194 utposthaec»

95 5189 204 5262 (ius.
233 5189 396 5258 unus,
437 5213 454 5245 ι
487 5204 544 5248 ut
582 5205 702 5262 post
729 5195 848 5246 hoc.
882 5210 900 5242 ι
940 5190 1218 5252 ﬂabanus,
1263 5205 1284 5240 σ
1322 5198 1381 5239 ιιι
1406 5189 1634 5256 Aposto—

95 5260 166 5314 lus
188 5264 322 5334 hrec,
360 5266 380 5334 )
412 5260 613 5319 dixisse
647 5265 913 5325 videatur,
952 5279 970 5312 ι
1002 5270 1109 5313 etc.

155 5332 259 5404 (l7)
290 5327 451 5398 Editi,
481 5350 841 5404 perperam”
877 5347 981 5404 non
1015 5327 1408 5383 erubescimus.
1443 5345 1461 5376 ι

285 5405 452 5488 ﬁlias,
492 5424 511 5456 ι
551 5402 1060 5488 insanctilicatiqne
1090 5409 1236 5488 sunt.
1269 5417 1288 5448 ι

155 5469 258 5544 (19)
285 5469 450 5544 Editi,
485 5493 502 5525 ι
540 5477 666 5544 quia
696 5473 943 5544 superi_us
965 5469 1184 5544 dixerit.
1219 5488 1239 5544 ι

159 5535 262 5611 (20)
294 5535 464 5607 Alias,
487 5561 505 5594 ε
531 5535 587 5597 οἰ
613 5555 737 5596 sunt
765 5535 1092 5610 profectibus
1112 5541 1345 5611 gradus;
1372 5556 1392 5591 ι
1414 5535 1509 5602 al.,
1533 5554 1550 5585 ι
1577 5546 1630 5589 et

97 5609 585 5687 suntptgtlectibus
610 5625 666 5668 et
707 5609 995 5687 virtutibus
1031 5609 1248 5687 gradus.
1286 5626 1328 5687 ι.
1354 5677 1366 5687 ν

156 5678 262 5754 (21)
287 5684 450 5751 Editi,
483 5703 502 5734 ι
545 5685 678 5738 Nam
715 5682 788 5736 illi
819 5681 984 5734 alieni
1015 5678 1216 5735 suntin
1245 5678 1400 5735 nobis
1419 5692 1525 5733 non
1546 5691 1630 5733 se-

315 5781 583 5841 ΡΑτιιοι..
631 5780 750 5840 Gn.
798 5777 966 5838 XIV.

1363 4951 1404 4981 ⁸⁸
1429 4949 1530 5005 Job
1553 4966 1604 5012 v,
1625 4951 1711 5006 18.

1219 5023 1262 5053 ²¹
1295 5020 1427 5075 Luc.
1456 5036 1564 5082 xvr,
1596 5022 1682 5074 l2.

1750 4496 1894 4542 turo.
1943 4486 2249 4555 Aliquando
2300 4489 2560 4556 temporis
2591 4486 2841 4553 alicujus,
2881 4487 2966 4542 vel
2996 4489 3162 4542 etiam
3192 4491 3318 4544 vitae

1747 4579 1905 4634 unius
1937 4578 2173 4633 hominis
2201 4579 2436 4648 spatium
2471 4579 2753 4633 :eternitas
2783 4579 3113 4646 appellatur,
3147 4592 3204 4634 ut
3235 4595 3318 4638 est

1745 4672 1876 4726 illud
1907 4673 1959 4726 in
1994 4671 2112 4742 lege
2148 4672 2410 4741 scriptum
2444 4671 2510 4726 de
2541 4686 2700 4726 servo
2744 4671 2965 4726 Hebraeo
2986 4674 3068 4723 ﬂ:
3103 4693 3120 4724 ι
3153 4673 3212 4728 Si
3239 4676 3317 4728 di-

1745 4761 1956 4826 lexerit,
1988 4781 2009 4813 ι
2044 4763 2239 4830 inquit,
2280 4780 2300 4814 ι
2335 4776 2562 4816 uxorem
2591 4777 2770 4828 suam,
2802 4770 2858 4816 et
2889 4762 3034 4818 filios
3072 4779 3224 4830 suos,
3263 4777 3318 4819 et

1744 4871 2066 4926 permanere
2104 4855 2339 4910 voluerit
2377 4856 2430 4908 in
2465 4855 2727 4909 servitute
2757 4865 2976 4924 propter
3002 4855 3150 4926 ipsos
3174 4856 3314 4928 (25),

1790 4953 1833 4983 ιο
1863 4951 2018 5005 Rom.
2047 4951 2236 5014 νι,18.
2311 4950 2352 4980 ιτ
2381 4949 2508 5004 ibid.
2543 4949 2634 5004 22.
2712 4948 3313 5018 thor.xv,2t,28.

1759 5023 1804 5052 "
1835 5021 2006 5078 Exod.
2045 5037 2160 5088 χχι,
2199 5021 2254 5086 5,
2285 5020 2338 5074 6.

1740 5118 1925 5171 minati
1948 5133 1976 5171 a
2006 5117 2134 5170 Deo.
2163 5135 2181 5168 ι
2212 5115 2312 5170 Ms.
2343 5131 2502 5180 unus,
2539 5135 2557 5167 ι
2587 5115 2721 5169 Nam
2746 5114 2820 5169 illi
2850 5126 2976 5170 sunt
3001 5115 3162 5168 alieni
3188 5113 3314 5186 [ιιι.⁹

1744 5205 1762 5237 ι
1788 5188 2008 5241 alienati
2034 5186 2226 5258 sonu]
2247 5201 2352 5240 non
2376 5199 2500 5240 sunt
2532 5187 2584 5240 in
2618 5186 2770 5239 nobis
2799 5186 3048 5239 seminati
3069 5199 3097 5237 a
3124 5186 3249 5238 Deo.
3288 5204 3308 5234 ι

1808 5259 1924 5328 (ἓὲ)
1982 5259 2146 5321 Editi,
2192 5257 2294 5311 (et
2336 5259 2720 5328 respondentes
2772 5257 3056 5310 dixerunt:
3101 5273 3122 5305 ι
3177 5270 3310 5308 mss.

1737 5329 1978 5396 quidam,
2019 5347 2036 5378 t
2075 5327 2137 5381 Et
2171 5327 2498 5396 respondit.»

1806 5398 1920 5464 (23)
1951 5398 2114 5464 Editi,
2143 5417 2161 5448 ι
2195 5399 2308 5465 ipse
2340 5399 2523 5450 etiam.
2555 5416 2574 5447 ι

1809 5469 1922 5544 (ait)
1948 5468 2085 5544 _l_\~lss.
2112 5468 2437 5544 pleriqueul
2473 5467 2613 5544 dicat
2649 5467 2756 5520 hic.
2787 5483 2806 5516 ι
2939 5543 2944 5544 γ

1810 5533 1921 5608 (25)
1944 5540 2035 5592 Sic
2058 5533 2160 5591 ms.
2180 5533 2339 5594 unus.
2366 5536 2562 5592 Creteri
2585 5551 2713 5592 vero
2736 5550 2871 5590 mss.
2897 5543 2954 5588 et
2969 5533 3124 5601 editi,
3143 5549 3164 5585 ι
3187 5547 3316 5602 pro-

1739 5623 1856 5679 pter
1880 5611 2073 5680 ipsam.
2099 5628 2119 5658 ι

2920 5759 2996 5820 3ῖο
