3692 6138
88 266 114 320 1
125 263 247 323 069

1089 276 1446 338 COMMENT.
1486 280 1556 336 IN
1593 283 1808 340 EPIST.
1849 286 1941 341 AD
1981 287 2146 346 ROM.
2186 291 2317 348 LIB.
2361 293 2450 349 Vl.

3254 308 3392 366 1070

86 393 205 449 est,
247 391 416 456 quod
457 391 593 445 Datis
632 393 843 446 etiamsi
891 395 1144 452 occidere
1193 399 1410 454 dicatur
1446 411 1502 456 et
1551 405 1712 458 morti
1742 409 1786 464 Α
1813 403 2037 472 junctte,
2069 408 2139 462 ita
2171 409 2445 465 ethomini
2478 413 2684 482 quisub
2716 415 2831 487 lege
2869 429 2970 482 est,
2997 423 3232 490 quamlin
3263 428 3396 484 vit-it

88 479 361 542 tradere,
405 484 533 536 talis
567 489 814 553 quaedam
856 487 930 540 sit
977 505 1125 544 mors
1167 507 1285 560 qua:
1323 509 1352 546 a
1385 494 1494 549 Deo
1528 499 1708 561 datur,

88 581 152 623 ut
191 571 475 628 conferat
502 573 682 628 vitam.
706 574 845 630 Nihil
865 579 1006 632 enim
1034 581 1158 635 mali
1186 584 1392 638 datura
1413 586 1708 656 bono(57),

85 662 230 718 iicet
264 667 451 722 triste
478 668 567 731 sit,
602 669 727 722 licet
768 671 974 726 doloris
1011 673 1253 741 plenum,
1305 691 1596 748 prospectu
1631 692 1706 736 ta-

88 774 221 811 men
255 759 549 821 medendi,
586 773 640 814 et
669 765 1124 832 contemplatione
1156 769 1408 824 sanitatis
1440 771 1703 840 infertur,

89 860 152 903 ut
197 852 468 906 animam
517 870 680 923 quam
737 868 1093 925 separaverat
1141 875 1173 915 a
1206 863 1316 916 Deo
1363 863 1617 919 illecebra
1654 876 1709 921 et

87 945 342 1001 dulcedo
412 950 650 1018 peccati,
705 953 1019 1009 severitatis
1069 957 1369 1013 austeritas
1415 971 1631 1029 separet
1673 979 1700 1015 a

86 1050 358 1106 peccato.
427 1042 747 1096 Econtrario
785 1059 914 1099 vero
966 1057 1249 1115 peccatum
1296 1051 1558 1122 quidquid
1609 1055 1703 1110 de-

87 1127 264 1193 derit,
308 1132 590 1201 quidquid
614 1135 931 1201 contulerit,
964 1141 1160 1195 animae
1204 1157 1352 1198 mors
1399 1154 1503 1211 est,
1535 1147 1701 1201 etiam

86 1222 134 1275 si
169 1224 469 1292 stipendia
500 1226 779 1295 largiatur.

159 1314 219 1368 7.
257 1333 279 1365 ι
311 1316 402 1368 An
437 1317 721 1387 ignoratis,
761 1320 957 1378 fratres
990 1322 1308 1387 (scientibus
1342 1331 1486 1383 enim
1524 1329 1696 1400 legem

87 1404 315 1475 loquor)
352 1407 402 1438 "
439 1411 560 1478 quia
601 1411 686 1467 lex
736 1414 1050 1470 dominatur
1097 1417 1148 1471 in
1196 1421 1439 1487 homine,
1489 1437 1696 1492 quanto

88 1507 354 1567 tempore
409 1501 589 1556 vivit?
629 1502 764 1557 Nam
807 1522 932 1575 quae
959 1507 1062 1562 sub
1091 1510 1209 1564 viro
1250 1521 1335 1566 est
1367 1513 1580 1579 mulier,
1619 1515 1698 1568 vi-

85 1601 256 1645 vente
288 1592 418 1647 viro
463 1593 676 1666 alligata
703 1608 787 1653 est
815 1599 942 1669 legi.
973 1601 1032 1657 Si
1061 1613 1243 1658 autem
1277 1616 1524 1662 mortuus
1572 1609 1692 1664 fue-

87 1683 156 1737 rit
211 1685 324 1751 vir,
366 1686 551 1742 soluta
580 1699 664 1745 est
695 1707 724 1745 a
758 1692 876 1764 lege
901 1694 1027 1750 viri.
1065 1695 1254 1766 Igitur,
1289 1698 1508 1754 vivente
1550 1701 1690 1768 viro,

85 1777 589 1842 cognominabitur
639 1783 909 1851 adultera,
961 1787 1006 1842 si
1052 1787 1217 1843 fuerit
1247 1805 1372 1844 cum
1407 1793 1514 1849 alio
1545 1793 1686 1849 viro.

88 1867 142 1919 Si
173 1879 371 1924 autem
401 1883 653 1929 mortuus
674 1875 840 1932 fuerit
865 1882 967 1946 vir,
994 1880 1222 1937 liberata
1248 1893 1333 1939 est
1360 1901 1390 1940 a
1424 1886 1542 1955 lege
1565 1889 1690 1954 viri,

87 1967 144 2011 ut
174 1959 295 2027 jam
335 1977 449 2018 non
474 1966 548 2020 sit
577 1968 819 2025 adultera
853 1972 896 2027 si
926 1972 1093 2029 fuerit
1119 1990 1241 2030 cum
1273 1978 1378 2032 alio
1407 1979 1548 2034 viro.
1580 1981 1690 2034 Ita-

87 2065 217 2118 que,
275 2053 490 2112 fratres
544 2061 672 2125 mei,
715 2071 771 2116 et
812 2079 908 2119 vos
952 2067 1261 2123 mortificati
1295 2071 1426 2126 estis
1459 2071 1561 2144 legi
1591 2091 1689 2144 per

86 2155 290 2210 corpus
322 2145 558 2212 Christi,
597 2159 657 2204 ιιι
689 2152 808 2207 sitis
837 2154 1062 2210 alterius
1089 2158 1180 2226 qui
1211 2174 1278 2214 ex
1324 2162 1556 2217 mortuis
1601 2179 1688 2219 re-

88 2238 357 2301 surrexit,
405 2249 464 2293 ut
492 2240 889 2301 fructificemus
919 2247 1032 2319 (58)
1062 2248 1194 2304 Deo.
1235 2251 1372 2306 Cum
1411 2257 1558 2309 enim
1597 2271 1686 2310 es-

87 2340 276 2384 semus
326 2330 385 2385 in
442 2348 633 2400 carne,
684 2336 813 2390 vitia
867 2349 1213 2408 peccatorum
1243 2343 1380 2415 (39),
1421 2361 1543 2414 qua:
1589 2363 1686 2418 per

88 2419 265 2489 legem
308 2435 497 2490 erant,
537 2430 908 2495 operabantur
947 2430 998 2484 in
1041 2434 1303 2489 membris
1351 2439 1578 2503 nostris,
1625 2453 1685 2494 ut

87 2509 498 2571 fructificarent
518 2520 704 2574 morti.
727 2519 881 2575 Nunc
904 2532 1085 2578 autem
1113 2526 1275 2580 soluti
1303 2543 1490 2584 sumus
1513 2546 1543 2584 a
1565 2529 1683 2602 lege.

91 2607 320 2673 mortui,
357 2608 414 2661 in
450 2625 557 2679 qua
593 2611 995 2683 detinebamur,
1049 2616 1121 2671 ita
1166 2627 1224 2672 ut
1267 2620 1575 2676 serviamus
1625 2625 1678 2677 in

90 2701 329 2755 novitate
358 2702 611 2770 spiritus,
641 2713 698 2758 et
726 2721 832 2760 non
859 2706 913 2760 in
951 2718 1222 2764 vetustate
1248 2709 1461 2766 litterae.
1500 2733 1521 2767 ι
1575 2713 1679 2770 La-

94 2790 196 2844 tius
247 2791 302 2846 in
345 2794 731 2862 superioribus
759 2796 872 2868 (40)
905 2797 971 2853 de
998 2799 1102 2854 fide
1133 2810 1188 2855 et
1219 2801 1335 2872 lege
1369 2803 1676 2873 disserens,

90 2893 185 2946 per
214 2883 404 2937 omnia
435 2898 559 2939 esse
588 2887 985 2954 praeferendam
1013 2893 1255 2948 ostendit
1284 2894 1441 2949 ﬁdem
1485 2911 1674 2952 eorum

91 2970 352 3029 duntaxat
380 2977 478 3046 qui
506 2979 736 3034 credunt
768 2999 786 3030 ι
814 2980 866 3034 in
890 2997 1011 3036 eum
1033 2985 1122 3052 qui
1158 2986 1448 3042 suscitavit
1488 2987 1672 3044 Jesum

1814 507 1868 551 et
1893 505 2052 563 valet,
2078 502 2391 556 dominatur
2417 504 2498 559 lex
2522 506 2655 576 (45).
2688 507 2792 563 Sed
2816 511 2956 566 sicut
2979 515 3116 580 viro,
3151 520 3234 572 cui
3263 522 3394 590 legi-

1815 590 1917 642 bus
1945 590 2230 659 subjuncta
2267 593 2444 648 fuerat
2475 597 2691 660 mulier,
2719 601 2762 653 si
2795 603 3010 658 accidat
3034 609 3194 674 mori,
3219 611 3391 670 libera

1811 679 2041 734 ellieitur
2069 683 2280 750 mulier,
2318 695 2373 739 et
2397 701 2426 740 a
2462 688 2563 742 viri
2593 701 2862 758 potestate
2891 696 3201 765 resolvitur,
3233 704 3303 757 ita
3336 716 3393 762 et

1812 773 1858 825 is
1891 774 1979 841 qui
2018 775 2119 828 sub
2148 776 2265 845 lege
2300 790 2406 839 est.
2434 780 2477 834 si
2513 784 2723 837 accidat
2758 784 2928 854 legem
2964 792 3122 859 mori,
3154 798 3223 851 ab
3255 813 3388 868 ope-

1810 865 1960 919 ribus
1993 865 2127 935 legis
2160 866 2296 923 liber
2327 867 2556 925 efﬁcitur
2584 889 2595 924 :
2623 886 2677 926 et
2707 876 2848 929 sicut
2882 880 3076 935 mulier
3103 900 3224 952 quze
3243 865 3389 956 prio-

1812 957 1885 1007 ris
1923 955 2022 1008 viri
2049 955 2257 1026 legibus
2285 959 2529 1015 absoluta
2556 973 2659 1028 est,
2697 965 2859 1022 habet
2885 968 3190 1028 libertatem
3215 955 3274 1032 ut
3294 979 3385 1032 alii

1807 1047 1920 1100 viro
1947 1048 2225 1118 jungatur,
2258 1053 2329 1105 ita
2359 1061 2410 1106 et
2448 1055 2490 1107 is
2523 1056 2614 1124 qui
2642 1059 2744 1112 sub
2779 1072 3042 1128 potestate
3073 1064 3203 1136 legis
3229 1069 3388 1140 vixit,

1807 1139 1896 1191 ubi
1929 1151 2200 1195 mortuam
2229 1145 2372 1199 videt
2426 1145 2696 1212 litteram,
2740 1150 2903 1205 habet
2945 1164 3266 1220 potestatem
3300 1139 3384 1214 vi-

1804 1233 1945 1286 venti
1982 1234 2156 1290 Verbo
2186 1247 2437 1308 tanquam
2465 1243 2580 1296 viro
2613 1245 2833 1300 sociari.
2865 1246 2921 1300 Si
2953 1264 3080 1304 vero
3109 1252 3384 1309 viventem

1805 1325 1984 1379 adhuc
2021 1328 2262 1396 priorem
2292 1333 2466 1387 virum
2503 1335 2736 1391 voluerit
2759 1341 2954 1396 mulier
2986 1344 3310 1414 relinquere,
3330 1359 3385 1402 et

1801 1417 1889 1471 alii
1931 1421 2151 1484 sociari,
2187 1424 2434 1479 adultera
2472 1428 2591 1482 sine
2632 1429 2796 1484 dubio
2817 1434 3199 1501 appellabitur.
3229 1437 3383 1506 Quod

1799 1509 1962 1564 simili
1991 1511 2162 1565 forma
2192 1517 2356 1569 etiam
2389 1519 2440 1571 in
2476 1533 2598 1573 eum
2626 1522 2770 1576 cadit
2793 1525 2882 1592 qui
2913 1525 3086 1596 legem
3115 1539 3171 1582 ut
3204 1532 3381 1586 virum

1797 1602 2066 1659 viventem
2110 1605 2224 1676 (46)
2259 1610 2485 1676 deserit,
2537 1620 2592 1667 et
2623 1614 2712 1668 alii
2737 1614 3002 1684 jungitur.
3039 1618 3164 1676 Haec
3195 1633 3379 1679 autem

1799 1703 2053 1764 tanquam
2115 1717 2135 1749 ι
2175 1699 2496 1766 scientibus,
2546 1725 2564 1755 ι
2608 1714 2666 1759 ιιι
2701 1706 2837 1771 dixi,
2876 1727 2895 1760 ι
2933 1709 3105 1781 legem
3165 1713 3379 1783 loquor,

1802 1787 2019 1856 fratres,
2057 1811 2075 1842 ι
2108 1804 2164 1846 ιιι
2193 1793 2512 1866 intelligatis
2536 1799 2658 1866 quia
2689 1812 2744 1854 et
2774 1816 2870 1854 vos
2909 1801 3080 1872 legem
3115 1815 3376 1877 tanquam

1800 1884 1974 1938 virum
2005 1897 2282 1942 mortuum
2317 1889 2618 1960 reliquistis
2653 1891 2790 1964 (4³7).
2833 1895 2979 1952 Mors
3014 1911 3196 1955 autem
3231 1903 3378 1960 illius

1799 1991 1892 2041 per
1928 1980 2220 2033 adventum
2272 1980 2472 2036 Christi
2538 1997 2595 2038 et
2640 1993 3063 2057 assumptionem
3123 1998 3376 2065 corporis

1795 2066 1911 2134 ejus
1943 2079 2047 2136 est,
2089 2086 2184 2141 per
2205 2075 2348 2141 quod
2377 2090 2470 2128 vos
2492 2076 2671 2132 effecti
2711 2081 2846 2135 estis
2885 2083 3114 2140 alterius
3143 2087 3282 2158 (48),
3320 2091 3372 2146 id

1794 2160 2070 2227 estjuncti
2108 2162 2198 2215 alii
2232 2164 2367 2229 viro,
2395 2165 2466 2219 illi
2497 2167 2704 2223 scilicet
2735 2170 2828 2239 qui
2857 2186 2886 2224 a
2929 2177 3156 2230 mortuis
3193 2193 3375 2233 resur-

1795 2255 1955 2318 rexit,
2013 2265 2067 2309 et
2121 2255 2260 2310 ultra
2301 2267 2532 2313 mortem
2570 2277 2675 2314 non
2729 2264 2944 2332 recipit,
2984 2270 3374 2338 quamrecepit

1793 2347 1942 2414 prior
1972 2345 2060 2401 ille
2098 2347 2201 2413 vir,
2235 2349 2288 2404 id
2329 2364 2413 2406 εει
2446 2350 2551 2406 lex.
2583 2351 2693 2409 Vos
2724 2368 2856 2422 ergo
2905 2373 3051 2412 nunc
3083 2358 3207 2414 facti
3238 2363 3372 2418 estis

1794 2437 1912 2506 ejus
1942 2441 2042 2493 viri
2077 2443 2167 2510 qui
2203 2458 2233 2496 a
2276 2444 2504 2499 mortuis
2540 2450 2842 2502 resurrexit
2883 2464 3078 2519 sponsa
3111 2470 3128 2507 :
3161 2463 3217 2508 et
3249 2454 3371 2510 ideo

1794 2532 2093 2586 secundum
2145 2533 2478 2590 voluntatem
2529 2537 2698 2606 ipsius
2731 2539 2918 2596 vivere
2948 2543 3182 2610 debetis,
3238 2548 3374 2616 quia‘

1784 2623 1892 2688 jam
1929 2639 2032 2678 non
2061 2641 2248 2680 sumus
2297 2627 2352 2680 in
2405 2643 2593 2694 carne,
2620 2630 2716 2684 sed
2765 2632 2817 2684 in
2850 2633 3042 2702 spiritu
3075 2634 3143 2702 “,
3194 2637 3364 2692 etiam

1786 2719 1829 2767 si
1857 2715 2150 2785 aliquando
2181 2718 2231 2771 in
2278 2735 2444 2774 carne
2478 2721 2643 2788 positi
2675 2724 2884 2792 peccati
2924 2735 2978 2780 et
3011 2729 3195 2783 carnis
3233 2743 3362 2798 pas-

1785 2807 2028 2862 sionibus
2057 2811 2415 2879 urgebamur;
2448 2827 2568 2882 qua:
2587 2815 2868 2883 passiones
2901 2833 2995 2885 per
3016 2820 3360 2876 occasionem

1786 2897 1986 2967 legisin
2008 2901 2263 2954 membris
2285 2902 2484 2958 nostris
2512 2902 2939 2972 fructificabant,
2967 2923 3074 2962 non
3105 2911 3238 2978 Deo,
3265 2913 3360 2967 sed

1785 2984 2003 3050 mortis,
2032 2985 2108 3039 illi
2136 2989 2296 3042 morti
2325 3005 2490 3059 quam
2515 2991 2659 3046 Deus
2691 3009 2795 3048 non
2831 2996 2978 3050 fecit.
3018 2995 3174 3054 Nunc
3224 3015 3357 3071 ergo

92 3062 377 3120 Dominum
413 3078 667 3123 nostrum
694 3086 725 3124 a
754 3075 984 3128 mortuis
1016 3075 1082 3131 ".
1113 3095 1135 3129 ι
1189 3077 1319 3133 Post
1349 3080 1464 3134 haec
1498 3083 1672 3148 qualis
1705 3122 1746 3177 Ε
1781 3077 1925 3131 Sicut
1951 3094 2074 3132 cum
2105 3081 2333 3135 ηιοτῖιυι·
2359 3082 2462 3147 νῖν»
2493 3083 2664 3139 libera
2696 3102 2778 3142 εει
2801 3098 2854 3142 el
2885 3089 3132 3146 311801018
3161 3094 3359 3150 [Mlier

90 3157 248 3210 etiam
286 3173 482 3216 eorum
510 3165 797 3219 conversio
823 3165 936 3236 (41)
966 3169 1190 3225 deberet
1215 3186 1336 3226 esse
1357 3173 1632 3244 subiungit
1658 3217 1672 3239 ,

93 3247 141 3301 in
171 3251 370 3318 quibus
411 3263 468 3308 et
499 3256 564 3310 de
591 3268 818 3326 peccato
857 3260 1054 3328 Adam,
1105 3278 1169 3317 ac
1203 3263 1416 3331 justitia
1467 3264 1676 3322 Christi

93 3340 387 3399 disseruit:
425 3345 522 3400 sed
555 3358 609 3402 et
631 3348 698 3403 de
732 3352 995 3405 servitute
1028 3353 1140 3422 (42)
1168 3371 1233 3409 ac
1267 3355 1519 3413 libertate
1566 3374 1673 3426 qua

90 3433 420 3503 veljustitiae
446 3443 570 3510 quis
595 3443 764 3497 servit
794 3455 850 3498 et
888 3445 1025 3500 liber
1071 3458 1158 3502 est
1198 3464 1226 3501 a
1284 3461 1534 3518 peccato,
1587 3454 1672 3506 Vel

92 3539 308 3594 peccato
327 3533 805 3602 servitetjustitiae
819 3537 957 3591 liber
969 3547 1076 3603 est,
1091 3539 1404 3608 disputavit.
1423 3539 1672 3599 Nuncer—

91 3632 157 3692 go
170 3634 601 3693 posteuessum
625 3629 914 3697 quemdam
934 3630 1095 3684 latius
1120 3631 1364 3685 habitum
1399 3632 1513 3705 (45)
1530 3636 1671 3690 redit

92 3715 242 3786 577
274 3721 458 3774 denuo
508 3721 576 3775 ad
625 3730 916 3777 tractatum
976 3723 1113 3793 legis
1148 3733 1204 3777 et
1250 3724 1474 3791 Christi,
1537 3728 1666 3782 talia

91 3815 324 3877 quaedam
369 3816 426 3869 in
461 3817 710 3884 praesenti
749 3818 1025 3872 disserens
1050 3820 1203 3872 loco:
1237 3834 1356 3888 qua:
1387 3820 1661 3886 paululum

91 3914 412 3970 repetentes,
447 3910 740 3962 secundum
781 3909 977 3964 litterae
1025 3913 1475 3980 consequentiam
1509 3915 1662 3982 prius

93 3997 294 4058 aperire
327 4003 702 4057 tentabimus:
749 4013 858 4057 tum
894 4004 1059 4058 etiam
1117 4020 1216 4074 pro
1271 4007 1476 4060 viribus
1528 4009 1660 4077 quid

93 4093 458 4162 unusquisque
514 4110 694 4150 sermo
750 4097 970 4152 virtutis
1020 4097 1239 4162 habeat,
1295 4099 1652 4168 requiremus.

91 4174 317 4248 Loquor,
360 4187 559 4255 inquit,
595 4188 748 4243 vobis
777 4190 867 4258 qui
914 4189 1202 4245 scientiam
1252 4191 1387 4262 legis
1418 4193 1650 4256 habetis,

91 4281 138 4322 el
169 4275 316 4331 scitis
349 4294 574 4334 sensum
613 4281 729 4349 ejus
755 4298 860 4335 non
895 4298 1013 4337 esse
1037 4283 1089 4338 in
1123 4294 1394 4340 vetustate
1435 4286 1651 4354 litterae,

90 4364 174 4416 sed
201 4367 250 4418 in
277 4370 504 4434 Spiritus
537 4374 777 4427 novitate
803 4391 816 4426 :
842 4374 944 4428 hoc
972 4385 1074 4440 est,
1112 4394 1131 4426 ι
1159 4376 1450 4432 scientibus
1480 4379 1648 4448 legem

1781 3183 1811 3220 a
1843 3167 1959 3238 lege
1982 3171 2103 3236 viri,
2159 3173 2232 3225 ita
2258 3181 2312 3227 et
2339 3189 2436 3228 nos
2461 3174 2615 3231 liberi
2653 3178 2782 3232 facti
2805 3193 2999 3236 sumus
3031 3199 3060 3236 a
3097 3183 3216 3254 lege
3234 3202 3356 3257 qua:

1781 3261 2061 3316 videbatur
2082 3263 2236 3318 nobis
2261 3265 2526 3321 dominari
2564 3277 2817 3339 tanquam
2843 3278 2943 3328 vir.
2977 3271 3076 3328 Cui
3109 3275 3208 3346 legi
3235 3280 3354 3332 sino

1779 3350 1942 3405 dubio
1963 3353 2127 3406 etiam
2163 3369 2261 3408 nos
2294 3358 2494 3410 mortui
2542 3373 2752 3425 sumus,
2784 3372 2838 3417 et
2882 3364 3048 3420 alieni
3078 3385 3108 3420 a
3162 3372 3351 3423 condi-

1777 3443 1922 3496 tione
1953 3443 2071 3511 ejus
2097 3464 2114 3496 ι
2165 3449 2217 3502 in
2233 3466 2340 3521 qua
2355 3451 2782 3522 detinebamur,i
2811 3466 2872 3511 ut
2904 3455 3020 3524 jam
3074 3470 3198 3528 post
3231 3461 3350 3516 haec

1779 3551 1798 3584 ι
1836 3536 2139 3592 serviamus
2171 3553 2278 3593 non
2312 3540 2367 3594 in
2400 3552 2670 3598 vetustate
2713 3543 2912 3602 litterae
2943 3566 2964 3600 ι
2989 3548 3132 3605 sicut
3167 3553 3347 3620 prius,

1772 3627 1864 3680 sed
1902 3645 1920 3678 ι
1957 3627 2010 3681 ἰιι
2056 3630 2297 3684 novitate
2356 3632 2582 3699 spiritus
2607 3633 2695 3688 *είς
2737 3655 2757 3688 ι
2792 3653 2951 3708 quem
3000 3641 3252 3710 spiritum
3312 3663 3344 3699 a

1769 3734 1965 3788 sponso
1989 3733 2174 3776 nostro
2203 3734 2460 3793 tanquam
2487 3728 2729 3796 nuptiale
2755 3732 2950 3800 pignus
2997 3735 3341 3804 accepimus,

1766 3813 1908 3864 sicut
1937 3823 1992 3867 et
2027 3813 2154 3867 alibi
2188 3814 2320 3869 dicit
2350 3834 2363 3870 :
2394 3836 2411 3868 ι
2440 3817 2540 3884 Qui
2571 3821 2721 3875 dedit
2751 3823 2908 3878 nobis
2941 3825 3135 3896 pignus
3167 3829 3342 3896 Spiri-

1769 3915 1850 3959 tus
1865 3905 1928 3958 ⁸⁸.
1959 3925 1978 3957 ι
2017 3907 2112 3961 Hic
2143 3912 2381 3964 estordo
2410 3911 2632 3980 eloquii,
2663 3924 2718 3969 ει
2747 3915 2863 3970 hate
2887 3918 3168 3987 apostolici
3189 3937 3339 3975 com-

1763 4014 1900 4068 pago
1921 4002 2217 4058 sermonis.
2235 4001 2343 4056 Sed
2373 4020 2515 4061 nunc
2541 4016 2849 4074 repetentes
2872 4025 2991 4078 quae
3009 4011 3151 4064 dicta
3183 4023 3332 4079 sunt,

1761 4093 2120 4148 discutiamus
2151 4111 2246 4162 per
2293 4096 2528 4166 singula.
2565 4115 2584 4151 ι
2621 4100 2706 4154 An
2738 4101 3005 4170 ignoratis
3051 4101 3199 4176 (49),
3251 4105 3335 4160 in-

1757 4186 1896 4252 quit,
1949 4184 2150 4241 fratres
2196 4184 2516 4258 (scientibus
2546 4192 2690 4246 enim
2727 4192 2901 4264 legem
2953 4194 3170 4270 loquor)
3205 4199 3333 4266 quia

1756 4277 1840 4330 lex
1874 4277 2184 4333 dominatur
2216 4283 2268 4334 in
2299 4281 2543 4344 homine,
2587 4295 2795 4352 quanto
2816 4296 3055 4357 tempore
3093 4289 3223 4344 vivit
3251 4289 3276 4344 7
3304 4310 3326 4343 ι

1757 4368 2099 4439 Hyperbaton
2153 4371 2336 4425 statim
2393 4372 2446 4426 in
2502 4375 2772 4444 principio
2816 4377 2999 4443 habet,
3052 4382 3196 4450 quod
3253 4382 3328 4436 ita

90 4452 269 4526 loquor
288 4461 352 4525 δι’
394 4483 412 4514 ,
440 4472 492 4518 ει
515 4464 859 4533 θνρεηονοε,
883 4477 1102 4535 propter
1127 4467 1286 4537 huius
1315 4467 1444 4536 legis
1477 4469 1652 4524 scien.
1684 4473 1728 4526 ι)
1760 4460 2003 4514 redditur
2034 4478 2049 4514 :
2085 4481 2103 4513 ι
2132 4463 2212 4518 An
2254 4465 2550 4536 ignoratis,
2594 4468 2809 4535 fratres,
2834 4471 2976 4540 [quia
3023 4472 3109 4525 lex
3151 4472 3329 4527 domi-

92 4547 230 4615 tiam,
261 4573 280 4605 ι
321 4555 550 4623 fratres;
597 4578 615 4610 ι
650 4569 706 4612 ει
729 4559 886 4613 dico:
926 4559 1180 4629 Nunquid
1215 4563 1475 4632 ignoratis
1516 4562 1643 4632 quia

93 4635 165 4692 lex
198 4646 484 4718 unicuique
512 4651 815 4720 mancipato
846 4662 900 4705 et
946 4654 1199 4706 servienti
1248 4655 1350 4708 sibi
1397 4655 1644 4709 domina-

93 4737 188 4796 tur,
235 4739 372 4795 sicut
415 4744 500 4796 vir
525 4742 728 4812 junctae
763 4745 864 4800 sibi
910 4745 1021 4818 (44)
1081 4747 1289 4801 mulieri
1343 4765 1358 4802 :
1402 4758 1457 4802 et
1504 4747 1640 4801 sicut

91 4821 140 4876 in
184 4835 325 4887 omni
370 4835 483 4889 vita
513 4851 610 4890 sua
665 4835 979 4890 dominatur
1032 4837 1245 4892 mulieri
1298 4838 1507 4907 legibus
1538 4837 1642 4892 sibi

151 4941 190 4976 “
228 4949 377 5006 Rom.
402 4967 495 5022 vn,
532 4952 645 5006 1-6.
721 4951 766 4984 ’δ’
802 4952 958 5007 Rom.
992 4969 1064 5021 tv,
1096 4953 1188 5007 24.
1264 4951 1309 4983 ⁸³
1336 4950 1498 5007 Rom.
1533 4967 1630 5017 vn,
1659 4951 1707 5003 t.

153 5060 255 5132 ('57)
279 5067 368 5122 Sic
397 5067 638 5136 potiores
663 5083 793 5123 mss.
829 5068 1019 5124 nostri.
1051 5067 1190 5122 Editi
1214 5082 1366 5126 vero,
1391 5086 1408 5116 ι
1438 5080 1465 5118 a
1491 5066 1632 5119 bono
1709 5063 1712 5068 ’

92 5121 204 5207 Deo.
229 5121 249 5186 ί
276 5121 368 5191 Ms.
398 5121 556 5203 iuius,
592 5121 611 5188 ι
640 5121 842 5202 abillo,
869 5157 887 5189 ›
910 5150 964 5191 et
993 5121 1148 5203 paulo
1179 5147 1297 5207 post
1329 5137 1632 5192 Genebrar-

93 5198 246 5290 dus_.nt
278 5207 514 5262 lenitatis
545 5198 561 5258 ι
599 5223 697 5290 pro
733 5227 750 5258 ι
780 5198 1046 5290 ξεξηὶῑῆιῖε-
1081 5227 1132 5290 ³,
1179 5198 1194 5207 ’
1344 5277 1366 5290 ,,

153 5272 253 5344 (58)
292 5279 456 5345 Alias,
509 5298 527 5330 ι
562 5272 618 5332 ut
649 5278 1006 5342 fructificetis,
1035 5297 1053 5330 ι
1086 5277 1180 5342 aL,
1213 5295 1231 5327 ι
1255 5290 1310 5331 ιιι
1343 5276 1633 5331 fructifica-

92 5351 268 5398 rellllls.
301 5366 318 5396 ι

152 5411 251 5497 (ᾷ9)
281 5417 446 5482 Alias,
485 5437 502 5469 ι
535 5419 824 5497 passiones
844 5419 1047 5497 peccati
1070 5460 1084 5482 ,
1120 5439 1136 5470 ι
1176 5419 1270 5497 a_l..
1306 5437 1324 5469 ι
1353 5417 1632 5497 vitia_pec-

93 5481 250 5560 cati,_i
286 5497 336 5540 et
370 5481 637 5557 postea,-t
676 5481 909 5544 absoluti
932 5481 1118 5544 sumus
1143 5507 1172 5544 a
1201 5490 1316 5560 lege
1344 5481 1553 5554 mortis,
1601 5508 1618 5540 ι

92 5551 315 5627 elq.__Sed
343 5551 581 5627 potiores
605 5576 735 5615 mss.
767 5571 826 5613 ut
853 5561 903 5612 in
931 5568 1101 5614 textu.

278 5617 434 5699 Editi,
471 5649 490 5680 ι
523 5633 575 5683 in
603 5633 900 5699 superiore.
934 5647 953 5680 ι

152 5625 230 5683 (40
278 5625 434 5693 Editi,
471 5649 490 5680 ι
523 5633 575 5683 in
603 5633 900 5699 superiore.
934 5647 953 5680 ι

429 5702 677 5770 quidam,
722 5719 741 5750 ι
777 5701 1138 5756 conversatio.
1174 5719 1193 5752 ι

153 5760 254 5833 (42)
278 5760 491 5840 Ειιιιι,’«
528 5760 747 5838 virtute,
783 5789 802 5822 ι
835 5771 994 5826 male.

1751 4561 1917 4606 natur
1947 4555 2001 4608 in
2034 4555 2252 4610 homine
2298 4568 2505 4626 quanto
2559 4568 2802 4628 tempore
2851 4561 3032 4615 vivit?
3072 4581 3090 4612 ι
3120 4573 3175 4617 ει
3203 4571 3329 4632 post

1757 4651 1873 4701 tunc
1927 4649 2167 4704 redditur
2208 4651 2337 4705 illud
2371 4652 2515 4720 quod
2568 4652 2622 4706 in
2669 4652 2849 4708 medio
2895 4653 3160 4716 insertum
3199 4664 3322 4710 est:

1758 4753 1776 4786 ι
1811 4737 2118 4794 Scientibus
2173 4743 2318 4795 enim
2378 4741 2550 4812 legem
2614 4743 2827 4812 loquor.
2874 4761 2893 4793 ›
2933 4743 3088 4810 Quod
3141 4755 3322 4799 autem

1753 4832 1888 4884 dixit
1917 4846 1933 4883 :
1979 4849 1998 4882 ι
2057 4831 2370 4888 Scientibus
2405 4831 2583 4902 legem
2614 4831 2833 4902 loquor,
2868 4852 2887 4886 ι
2919 4836 3098 4890 simile
3129 4845 3215 4890 est
3245 4834 3322 4889 illi

2349 4944 2394 4976 ⁸⁵
2429 4944 2588 4998 Rom.
2619 4960 2714 5008 vn,
2741 4943 2795 4999 6.
2870 4945 2917 4977 “
2946 4943 2989 4998 ll
3017 4943 3143 5001 Cor.
3179 4961 3230 5008 v,
3261 4943 3319 5000 5.

1816 5061 1932 5130 (45)
1969 5059 2243 5114 Habitum.
2277 5060 2436 5115 Deest
2468 5061 2521 5112 in
2550 5059 2735 5126 editis,
2764 5060 2860 5114 sed
2891 5061 3198 5114 restituitur
3246 5074 3316 5115 ex

1783 4946 1828 4978 ’⁸³
1858 4945 2016 5000 Rom.
2045 4961 2165 5011 vm,
2195 4945 2248 5000 9.

1739 5149 1870 5186 DISS.

1827 5202 1916 5283 ia
1953 5200 2279 5283 βιωουεεει
2312 5200 2634 5283 ίνθαίιιεοη
2777 5272 2788 5283 .
2976 5274 2986 5283 ,
3068 5269 3120 5283 ..
3195 5271 3204 5281 .

1827 5204 1916 5274 44)
1953 5204 2090 5255 Sibi.
2121 5204 2279 5254 Deest
2312 5204 2364 5253 in
2389 5204 2569 5280 editﬁs.
2777 5272 2788 5283 .
3068 5270 3079 5281 ι
3195 5271 3204 5281 _

1803 5204 1914 5342 (45)
1941 5272 2107 5334 Alias,
2129 5289 2149 5322 ι
2173 5270 2278 5325 Sed
2301 5271 2439 5325 sicut
2457 5285 2538 5325 vir
2563 5271 2681 5341 (aL,
2701 5289 2719 5323 ι
2741 5285 2914 5325 Vtrum
2942 5274 3080 5337 ›)ειιι
3107 5269 3314 5340 legibus

1732 5344 2005 5412 subjecta.
2030 5360 2049 5391 ι
2080 5352 2185 5397 etc.

1805 5409 1918 5484 ($6)
1958 5411 2257 5492 Xiucntem.
2288 5409 2636 5465 Desideratur
2663 5411 2715 5465 in
2743 5410 2895 5492 libris
2918 5420 3079 5490 antea
3113 5410 3298 5468 editis.

1805 5483 1918 5552 (47)
1957 5483 2124 5561 Editi,
2151 5501 2168 5532 ι
2207 5494 2464 5561 tanquam
2495 5483 3112 5561 mortuam.reliquistis.
3144 5499 3167 5560 ξ

1805 5554 1918 5623 (48)
1959 5553 2210 5606 Alterius.
2266 5551 2548 5606 Omittitur
2598 5554 2650 5605 in
2696 5551 2860 5604 editis
2893 5561 2950 5604 et
2989 5551 3042 5603 in
3077 5551 3308 5619 quibus-

1735 5623 1855 5676 dam
1890 5639 2019 5676 mss.

1759 5762 1770 5774 O
1807 5692 1919 5763 (t9)
1953 5693 2121 5763 Alias,
2157 5709 2177 5745 ι
2205 5691 2312 5747 Aut
2343 5691 2641 5762 ignoratis,
2681 5709 2699 5742 ι
2730 5689 2873 5759 quod
2925 5699 3112 5762 postea
3150 5705 3307 5762 repe-

1736 5772 1886 5814 Ιῠοηιι.
