3692 6138
314 336 477 392 ’1071

1793 316 2112 375 OlllGENlS

3434 310 3452 361 l
3462 310 3543 364 072

346 456 487 523 quod
521 451 681 522 paulo
715 457 835 518 post
886 447 1058 501 dicit:
1103 465 1122 497 ι
1162 445 1376 498 Scimus
1415 451 1595 495 autem
1647 440 1907 509 quoniam
1938 441 1979 495 A
2010 437 2187 493 soluta
2218 444 2301 489 est
2335 450 2362 486 a
2394 433 2511 501 lege
2538 431 2665 485 viri.
2701 448 2719 482 ι
2748 427 2877 495 Quae
2932 438 3107 483 tamen
3160 427 3203 481 si
3254 427 3319 480 de
3366 441 3547 493 aposto-

348 551 430 602 Iex
461 543 721 617 spiritalis
754 551 856 595 est.
894 559 914 591 ο
950 539 1147 602 Legem
1179 552 1309 589 vero
1339 533 1638 602 spiritalem
1662 546 1910 587 essenon

347 642 495 695 solus
526 635 723 691 Paulus
756 632 961 687 sciebat
996 630 1132 698 (50),
1163 628 1256 682 sed
1284 637 1338 681 et
1359 627 1414 680 hi
1445 625 1533 694 qui
1560 622 1631 678 ab
1663 623 1780 691 ipso
1810 622 1913 673 im-

349 731 697 787 buebantur:
737 726 827 795 qui
873 736 1053 779 tamen
1083 700 1356 792 spiritales
1396 728 1575 781 erant,
1606 718 1674 771 de
1719 716 1915 787 quibus

350 827 482 882 dicit
508 843 523 878 :
559 843 578 876 ε
612 819 889 892 Spiritalis
916 826 1093 872 autem
1121 814 1396 869 examinat
1419 812 1598 866 omnia
1630 810 1697 865 ⁸⁷.
1738 829 1756 864 ι
1780 808 1914 863 Nam

352 921 417 975 de
436 917 645 975 Galatis
674 930 782 970 non
820 926 1040 983 possum
1062 906 1411 980 pronuntiare
1439 902 1583 974 quod
1633 903 1810 958 sciant
1835 899 1915 953 le-

348 1027 469 1081 gem
504 1008 801 1081 spiritalem
826 1020 964 1065 esse,
987 1002 1054 1056 de
1080 1002 1279 1072 quibus
1314 998 1443 1052 dicit
1473 1016 1487 1052 :
1516 1014 1536 1048 ι
1575 994 1619 1050 Ο
1649 993 1913 1048 insensati

351 1104 557 1159 Galatae
603 1098 716 1167 (5i)
752 1097 831 1151 ‘3!
872 1116 890 1147 ι
924 1094 1038 1149 Nisi
1071 1093 1212 1148 forte
1245 1102 1370 1146 tunc
1402 1088 1628 1146 scierint
1654 1103 1778 1143 cum
1809 1086 1920 1155 spi-

353 1197 459 1250 ritu
490 1201 769 1262 cceperant
795 1205 808 1241 :
834 1189 928 1243 sed
959 1201 1064 1241 non
1096 1190 1516 1255 permanserunt
1541 1181 1594 1235 in
1615 1182 1716 1235 hac
1739 1178 1919 1234 scien-

356 1291 445 1348 tia.
481 1288 603 1356 quia
639 1297 803 1338 carne
825 1278 1182 1336 consummati
1218 1284 1362 1330 sunt.
1389 1273 1768 1342 Apostolorum
1790 1286 1920 1326 vero

355 1378 597 1434 doctrina
624 1374 758 1447 (52),
789 1381 842 1426 et
871 1385 1057 1426 eorum
1100 1369 1194 1439 qui
1229 1367 1298 1421 ab
1326 1367 1459 1436 ipsis
1494 1364 1922 1419 instituebantur

354 1472 420 1524 ad
456 1469 780 1527 docendum,
805 1462 929 1517 talis
955 1471 1095 1523 erat,
1129 1475 1249 1529 qua:
1278 1458 1499 1513 doceret
1523 1456 1773 1511 homines
1800 1470 1919 1509 ser—

357 1560 592 1628 virelegi
625 1576 643 1609 ι
675 1572 780 1610 non
810 1554 864 1608 in
894 1559 1161 1607 vetustate
1189 1550 1405 1613 litteris,
1445 1566 1464 1600 ι
1497 1547 1594 1603 sed
1624 1565 1644 1598 ‹
1685 1546 1737 1600 in
1770 1545 1924 1601 novi-

359 1664 470 1709 tate
516 1651 737 1722 spiritus
771 1649 837 1702 “.
877 1665 896 1698 ι
940 1645 1092 1711 Quod
1129 1659 1235 1699 non
1272 1641 1446 1698 solum
1479 1638 1780 1709 apostolos,
1827 1636 1923 1692 sed

356 1757 414 1801 et
444 1745 759 1814 prophetas,
790 1749 839 1795 et
868 1739 915 1794 si
949 1738 1042 1808 qui
1081 1744 1239 1791 erant
1267 1743 1397 1788 tunc
1417 1733 1697 1802 sapientes
1724 1732 1775 1784 in
1826 1745 1923 1799 po-

338 1838 486 1908 pqu
518 1837 632 1899 Dei,
664 1832 901 1889 sensisse
943 1829 1196 1889 arbitror,
1230 1826 1357 1894 quia
1395 1825 1480 1879 lex
1534 1823 1791 1893 spiritalis
1815 1833 1921 1885 est,

360 1928 487 1980 licet
518 1922 880 1980 multitudinis
916 1934 1079 1974 causa
1113 1917 1277 1972 etiam
1307 1914 1577 1968 carnalem
1609 1913 1925 1967 viderentur

361 2016 762 2075 observantiam
800 2013 1092 2067 custodire.
1141 2009 1252 2064 Nec
1300 2008 1522 2073 mirum,
1553 2023 1675 2060 cum
1710 2016 1763 2060 et
1811 2006 1927 2072 ipse

361 2110 566 2165 Paulus
616 2107 761 2161 dicat
792 2122 805 2157 :
848 2104 984 2169 Quia
1019 2121 1038 2153 ‹
1070 2101 1244 2155 factus
1292 2115 1413 2155 sum
1441 2097 1642 2153 Iudaeis
1674 2108 1925 2166 tanquam

362 2202 602 2266 Judzeus,
630 2209 687 2252 ut
708 2196 920 2251 Judmos
949 2193 1328 2249 lucrifacerem
1354 2192 1424 2245 ⁸ο.
1455 2209 1475 2243 ι
1504 2191 1578 2244 Ita
1610 2207 1742 2259 ergo
1772 2189 1924 2243 multi

358 2295 419 2348 in
450 2291 644 2360 populo
668 2289 846 2360 priore
874 2285 1231 2356 proﬁciebant
1259 2285 1311 2337 in
1346 2282 1571 2337 scientia
1596 2280 1848 2351 spiritali,
1875 2290 1932 2335 et

368 2383 622 2437 videbant
669 2380 897 2449 gloriam
928 2375 1089 2431 Verbi
1142 2376 1257 2440 Dei,
1309 2375 1452 2429 sicut
1499 2372 1672 2427 Isaias
1728 2372 1930 2426 vidisse

365 2473 625 2529 scribitur
656 2469 880 2540 gloriam
909 2466 1031 2522 Filii
1062 2467 1178 2529 Dei,
1210 2475 1267 2518 ut
1301 2474 1531 2520 testatur
1551 2464 1789 2519 Joannes
1807 2479 1929 2518 cum

367 2564 497 2618 dicit
521 2579 565 2618 τι
589 2560 716 2617 Haec
731 2569 910 2614 autem
930 2558 1068 2613 dixit
1097 2557 1285 2621 Isaias,
1304 2555 1520 2625 quando
1550 2555 1685 2609 vidit
1709 2556 1930 2625 gloriam

366 2652 483 2723 ejus
504 2653 571 2705 ".
609 2669 627 2703 ι
665 2649 975 2705 Scientibus
999 2661 1132 2716 ergo
1161 2645 1331 2716 legem
1368 2644 1608 2714 loquitur
1639 2645 1852 2710 Paulus,
1881 2645 1934 2700 id

367 2754 451 2800 est
478 2743 774 2798 scientibus
793 2755 913 2810 qua:
947 2739 1019 2794 sit
1063 2737 1175 2810 (55)
1206 2737 1259 2792 in
1295 2736 1413 2806 lege
1441 2746 1689 2791 vetustas
1719 2737 1933 2803 litterae,

366 2845 424 2892 et
450 2835 663 2891 novitas
685 2833 936 2903 spiritus;
973 2833 1117 2900 quod
1159 2829 1253 2899 qui
1285 2830 1423 2885 bene
1450 2829 1576 2893 scit,
1619 2828 1768 2881 novit
1820 2827 1936 2882 sine

369 2925 536 2982 dubio
561 2923 686 2993 quia
724 2923 795 2976 ita
827 2922 913 2976 lex
945 2920 1258 2974 dominatur
1290 2915 1495 2971 homini
1525 2914 1762 2983 quamdiu
1781 2912 1936 2978 vivit,

2013 529 2079 582 lis
2105 526 2239 599 (54),
2273 525 2356 579 vel
2385 525 2451 578 de
2479 524 2564 578 his
2593 522 2681 591 qui
2709 536 2774 575 ex
2802 518 3216 573 circumcisione
3234 515 3548 572 crediderunt

2014 620 2157 675 dicta
2192 617 2587 687 intelligantur,
2648 613 2721 667 nil
2756 608 3185 667 commovebitur
3218 608 3544 676 quaestionis:

2014 712 2218 767 clarum
2255 722 2484 777 namque
2511 716 2595 761 est
2623 706 2765 775 quod
2795 704 2851 759 hi
2907 703 3078 771 legem
3115 699 3265 754 velut
3288 698 3451 750 virum
3477 698 3550 751 ha-

2019 806 2267 865 buerunt,
2285 801 2384 856 sub
2400 798 2557 868 cujus
2587 806 2861 867 potesmte
2885 794 3156 848 vivebant.
3186 789 3299 845 Sed
3323 789 3407 843 ubi
3433 790 3549 841 venit

2016 894 2293 966 plenitudo
2322 901 2618 962 temporum
2647 889 2715 953 ⁸³.
2748 888 2834 942 lex
2883 885 3146 940 infirmari
3181 884 3353 949 carpit
3384 879 3432 931 in
3457 893 3553 932 car-

2019 1004 2107 1051 ne,
2131 999 2188 1042 et
2209 985 2577 1041 inﬁrmitatem
2597 995 2745 1036 mors
2766 987 3056 1034 consecuta
3074 984 3179 1040 est,
3204 983 3263 1028 et
3291 972 3336 1026 si
3365 971 3448 1039 qui
3465 969 3553 1036 (55)

2017 1079 2117 1136 sub
2141 1085 2410 1149 potestate
2433 1075 2595 1146 hujus
2620 1072 2724 1127 viri
2771 1072 3019 1125 vixerant
3072 1078 3334 1137 tanquam
3374 1060 3554 1125 mulier,

2020 1184 2232 1228 mortua
2283 1171 2465 1226 littera
2502 1167 2717 1238 spiritui
2762 1164 2973 1220 nubunt
3009 1161 3231 1218 Christo
3280 1161 3552 1214 credentes.

2020 1265 2084 1320 lli
2121 1279 2248 1320 vero
2277 1264 2368 1333 qui
2405 1276 2472 1318 ex
2503 1262 2750 1335 gentibus
2801 1257 3032 1313 Domino
3072 1252 3440 1314 crediderunt,
3471 1264 3555 1303 non

2019 1358 2346 1411 videbuntur
2378 1354 2491 1425 (56)
2538 1354 2640 1408 sub
2674 1352 2834 1423 hujus
2888 1348 3017 1415 viri,
3074 1346 3129 1401 id
3162 1353 3249 1401 est
3305 1342 3405 1398 sub
3448 1342 3556 1411 legis

2021 1456 2288 1518 potestate
2316 1447 2540 1512 vixisse,
2578 1459 2676 1500 nec
2707 1444 2963 1499 habuisse
2986 1442 3165 1495 virum
3206 1437 3349 1508 legis
3381 1451 3559 1491 sermo-

2022 1555 2167 1595 nem.
2191 1537 2584 1593 Testimonium
2611 1547 2790 1590 autetn
2822 1534 2981 1605 hujus
3010 1532 3112 1599 rei,
3149 1531 3201 1586 id
3226 1538 3313 1586 est
3363 1530 3489 1599 quod
3515 1530 3557 1583 hi

2021 1632 2113 1702 qui
2147 1646 2214 1685 ex
2241 1628 2659 1685 circumcisione
2697 1637 2825 1682 sunt
2855 1626 2955 1681 sub
3001 1624 3121 1678 viro
3146 1624 3373 1687 fuerint,
3403 1622 3450 1675 hi
3478 1636 3557 1674 att-

2028 1735 2131 1778 tem
2168 1723 2261 1792 qui
2294 1736 2364 1776 ex
2407 1720 2658 1790 gentibus
2704 1719 2822 1774 sine
2848 1718 2988 1783 viro,
3016 1717 3183 1771 Isaias
3209 1715 3448 1769 declarat
3485 1714 3552 1767 di-

2025 1832 2151 1871 cens
2176 1813 2288 1886 (57)
2315 1833 2329 1870 :
2356 1834 2376 1867 ι
2412 1813 2618 1869 Laetare
2639 1811 2840 1868 sterilis
2872 1826 2990 1881 qua:
3023 1826 3128 1865 nou
3159 1809 3333 1879 paris,
3366 1820 3558 1876 erumpe

2022 1918 2078 1962 et
2095 1907 2265 1962 clama
2295 1920 2415 1974 quae
2438 1918 2542 1959 non
2570 1903 2844 1972 parturis;
2898 1901 3159 1972 quoniam
3193 1899 3349 1953 multi
3384 1896 3464 1950 lilii
3484 1898 3557 1949 dc-

2026 1996 2404 2069 sertze,magis
2429 2012 2590 2068 quam
2617 1994 2733 2063 eius
2760 2009 2880 2065 quae
2911 1994 3075 2049 habet
3099 1993 3279 2047 virum
3303 1991 3369 2044 “.
3404 2007 3424 2041 ι
3455 1988 3559 2042 Mul-

2027 2103 2110 2150 tos
2152 2092 2292 2147 ﬁlios
2313 2092 2444 2147 dicit
2472 2091 2700 2146 desertae
2724 2087 2895 2158 magis
2941 2101 3103 2155 quam
3143 2087 3266 2155 ejus
3289 2097 3407 2153 quae
3429 2081 3561 2136 habet

2028 2187 2225 2249 virum,
2249 2182 2388 2254 quod
2421 2181 2589 2237 multo
2626 2181 2804 2251 plures
2833 2194 2898 2234 ex
2919 2177 3174 2249 gentibus
3202 2189 3369 2246 quam
3391 2189 3451 2228 ex
3474 2173 3561 2225 cir-

2030 2277 2365 2334 cumcisione
2385 2273 2750 2339 crediderint;
2782 2280 2837 2326 et
2870 2269 3109 2326 ostendit
3131 2282 3255 2323 eam
3289 2280 3406 2337 qua:
3430 2264 3562 2318 habet

2031 2372 2229 2434 virum,
2256 2368 2598 2438 Synagogam
2631 2377 2752 2419 esse
2779 2360 2890 2433 (58)
2911 2374 3031 2431 quae
3062 2358 3230 2414 habet
3260 2356 3455 2427 legem;
3481 2354 3563 2407 de-

2032 2472 2232 2518 sertam
2264 2475 2416 2526 vero,
2449 2469 2504 2516 et
2535 2472 2756 2528 vagam,
2788 2471 2853 2510 ac
2879 2455 2998 2510 sine
3024 2451 3132 2507 ulla
3162 2456 3429 2520 potestate
3453 2445 3561 2516 legis

2032 2555 2326 2616 viventem,
2366 2552 2605 2622 gentium
2641 2545 3076 2611 multitudinem,
3122 2556 3250 2614 qua
3304 2548 3361 2594 et
3391 2537 3562 2594 sterilis

2034 2656 2189 2712 erat,
2224 2644 2424 2700 nullius
2452 2640 2678 2714 legitimi
2704 2638 2855 2694 verbi
2882 2637 3165 2708 proferens
3215 2647 3448 2705 germen.
3478 2628 3561 2684 Po-

2033 2741 2181 2794 nitur
2206 2752 2338 2809 ergo
2375 2736 2431 2791 iu
2465 2734 2552 2790 his
2579 2733 2647 2787 ab
2693 2729 2951 2799 Apostolo
3003 2727 3166 2783 homo
3217 2725 3315 2796 qui
3354 2723 3447 2778 sub
3471 2721 3563 2791 lege

2035 2832 2184 2894 vivit,
2212 2841 2471 2900 tauquam
2500 2826 2696 2882 mulier
2715 2841 2839 2896 quae
2868 2823 2968 2881 sub
3000 2822 3121 2876 viro
3147 2827 3260 2875 est.
3298 2818 3472 2874 Virum
3493 2829 3564 2867 au-

2039 2935 2142 2979 tem
2166 2923 2317 2993 ponit
2339 2933 2641 2977 sermonem
2673 2918 2827 2988 legis,
2855 2928 3016 2986 quem
3044 2923 3227 2968 tamen
3257 2911 3425 2965 virum
3448 2918 3563 2959 mor-

370 3018 513 3073 sicut
541 3015 625 3070 vir
660 3014 904 3078 mulieri;
937 3021 990 3066 et
1021 3011 1160 3064 sicut
1193 3018 1371 3063 morte
1401 3007 1502 3060 viri
1533 3006 1792 3060 liberatur
1822 3020 1940 3059 mu-
2040 3026 2191 3072 ιυιηη
2218 3016 2351 3071 dicit
2381 3014 2519 3087 (59)⁹
2546 3013 2637 3083 qui
2666 3019 2753 3067 es;
2784 3007 3084 3066 secundum
3141 3004 3376 3059 [meum
3416 3013 3563 3055 εοηιιο

366 3108 473 3163 lier
495 3124 524 3160 a
556 3106 672 3176 lege
702 3104 867 3175 578
915 3100 1174 3171 coniugii,
1224 3107 1279 3153 et
1330 3097 1574 3153 sociandi
1607 3110 1668 3151 se
1695 3096 1812 3150 viro
1845 3093 1933 3148 alii

2050 3111 2192 3178 legis.
2230 3107 2336 3163 Sed
2369 3105 2415 3160 is
2445 3100 2718 3174 quomodo
2769 3100 2845 3154 sit
2876 3104 3155 3159 mortuus,
3212 3088 3562 3163 pervidendum

373 3199 570 3270 accipit
625 3198 949 3261 libertatem,
1004 3195 1075 3249 ita
1114 3202 1171 3248 et
1199 3192 1378 3246 anima
1417 3189 1572 3257 cujus
1598 3187 1683 3241 vir
1706 3187 1790 3242 lex
1825 3194 1928 3247 est.

372 3308 495 3347 cum
532 3296 855 3345 vetustatem
879 3288 1076 3341 litterae
1103 3285 1155 3339 in
1192 3283 1310 3353 lege
1342 3282 1781 3350 deprehenderit,
1805 3279 1933 3350 quia

368 3382 514 3453 quod
547 3380 835 3434 veterascit
861 3393 1026 3449 prope
1053 3375 1435 3432 exterminium
1468 3381 1573 3435 est,
1605 3373 1770 3427 veluti
1790 3386 1935 3425 mor-

373 3484 461 3527 tua
491 3471 592 3527 sibi
619 3470 736 3541 lege
765 3470 1061 3526 secundum
1092 3466 1326 3520 litteram
1357 3466 1554 3536 accipit
1581 3464 1813 3520 nubendi
1841 3462 1935 3518 alii

366 3567 507 3629 viro,
535 3562 627 3634 qui
658 3561 979 3631 estspiritus
1001 3559 1132 3631 legis
1163 3578 1176 3614 :
1221 3578 1241 3612 ‹
1274 3558 1509 3629 Spiritus
1540 3565 1721 3611 autem
1750 3556 1931 3610 Domi-

374 3675 474 3713 nus
523 3658 694 3711 est".
732 3672 755 3710 ο
783 3653 936 3720 Quod
988 3664 1169 3708 autem
1200 3654 1360 3718 dixit,
1412 3671 1432 3704 ι
1470 3651 1582 3709 Lex
1630 3653 1934 3706 dominatur

373 3749 577 3804 homini
608 3755 813 3817 quanto
845 3755 1085 3814 tempore
1115 3745 1247 3800 vivit
1275 3786 1291 3811 ,
1334 3762 1354 3797 ι
1389 3759 1497 3800 non
1525 3745 1589 3797 ad
1638 3743 1935 3806 hominem,

372 3843 466 3899 sed
500 3843 567 3896 ad
604 3841 771 3912 legem
804 3838 1194 3898 referturJloc
1220 3840 1365 3894 enim
1392 3847 1446 3892 et
1468 3837 1522 3891 in
1556 3835 1939 3904 consequenti-

372 3932 476 3987 bus
506 3932 729 3996 indicat,
768 3931 856 3985 ubi
885 3930 1059 3985 dicit:
1089 3947 1109 3981 ‹
1154 3930 1388 3985 Vivente
1427 3928 1545 3981 viro
1589 3925 1803 3996 alligata
1855 3934 1941 3980 est

375 4024 516 4094 legi;
554 4040 575 4076 θ
601 4032 658 4077 et
698 4021 868 4090 ipsius
904 4021 1132 4091 exempli
1166 4018 1310 4090 quod
1340 4029 1679 4088 assumptum
1717 4026 1799 4071 est
1824 4016 1938 4087 ple-

376 4117 496 4169 nius
523 4115 662 4167 idem
687 4114 823 4168 ordo
844 4114 1088 4167 declarat
1127 4126 1141 4164 :
1172 4112 1346 4182 legem
1392 4112 1537 4166 enim
1568 4110 1689 4165 loco
1714 4109 1812 4163 viri
1842 4124 1939 4179 po-

375 4207 504 4271 suit,
533 4213 589 4260 et
609 4206 676 4260 de
705 4206 820 4274 ipsa
846 4205 978 4258 dicit
1003 4219 1018 4257 :
1048 4223 1066 4256 ‹
1091 4202 1147 4258 Si
1175 4214 1355 4258 autem
1371 4212 1615 4257 mortuus
1643 4200 1932 4266 l'ueritvir,

451 4368 495 4401 "
525 4367 544 4421 1
570 4366 695 4423 Cor.
723 4383 782 4426 ll,
815 4366 900 4420 15.
1002 4365 1048 4398 ⁸⁸
1066 4365 1225 4420 Galat
1259 4380 1294 4427 I,
1328 4364 1383 4417 3.
1479 4364 1524 4396 δ’
1551 4363 1707 4418 Rom.
1742 4376 1838 4423 vn,
1865 4361 1918 4416 6.

2018 4360 2065 4392 ⁸⁰
2091 4358 2110 4411 l
2134 4360 2259 4414 Cor.
2289 4374 2368 4418 Ix.
2406 4358 2498 4411 20.
2570 4356 2614 4387 '“
2640 4354 2803 4408 .loan.
2832 4351 3038 4420 “1,41.

2039 3209 2142 3256 est.
2190 3198 2376 3253 Potest
2403 3194 2621 3265 quidem
2651 3192 2813 3247 etiam
2856 3189 2911 3244 in
2942 3189 3049 3243 hoc
3082 3185 3259 3239 videri
3291 3181 3398 3251 (60)
3442 3191 3561 3233 mor-

2041 3300 2184 3353 tuus,
2226 3302 2349 3343 eum
2396 3284 2657 3357 spiritalis
2689 3280 3049 3352 intelligentia
3100 3274 3342 3332 excludit
3369 3280 3422 3326 et
3447 3267 3563 3324 velut

2040 3380 2300 3435 interimit
2331 3376 2693 3448 corporalem,
2720 3383 2776 3429 et
2806 3372 3047 3430 ostendit
3068 3365 3432 3437 refugiendam
3465 3373 3562 3416 esse

2038 3469 2373 3525 occidentem
2423 3465 2686 3532 litteram,
2736 3472 2793 3519 et
2844 3461 3179 3533 sequendum
3240 3455 3562 3512 viviﬁcantem

2040 3561 2314 3634 spiritum.
2347 3558 2456 3614 Sed
2511 3568 2570 3615 et
2608 3558 2714 3612 hoc
2747 3556 2909 3612 modo
2940 3562 3194 3609 mortuus
3254 3562 3373 3604 esse
3399 3544 3474 3600 hic
3498 3540 3562 3595 vir

2039 3652 2339 3710 evidentius
2363 3648 2769 3720 approbabitur.
2804 3646 3020 3702 Etenim
3046 3644 3220 3701 donec
3243 3644 3328 3696 lex
3355 3638 3562 3693 umbram

2039 3745 2264 3818 gerebat
2293 3742 2597 3796 futurorum
2622 3742 2888 3794 bonorum
2915 3737 2984 3803 ⁸⁸,
3011 3744 3067 3791 et
3093 3735 3149 3789 in
3168 3730 3453 3789 Jerusalem
3472 3735 3561 3779 ter-

2045 3851 2175 3891 rena
2200 3834 2313 3908 (6i)
2339 3834 2575 3889 caelestis
2605 3831 2833 3887 cultura:
2857 3839 3016 3902 typus
3039 3838 3096 3882 et
3150 3827 3331 3894 imago
3376 3818 3563 3892 gerebas

2045 3935 2152 3991 tur,
2178 3937 2230 3980 ct
2264 3926 2434 3981 altare
2466 3927 2744 3986 manebat,
2766 3918 3219 3984 etsacerdotium,
3240 3928 3416 3970 sermo
3436 3909 3559 3979 legis.

2046 4018 2228 4073 littera
2288 4016 2562 4081 videlicet,
2609 4017 2795 4070 vivere
2843 4012 2960 4083 (62)
3005 4011 3313 4066 videbatur.
3354 4003 3560 4060 Nondum

2042 4109 2186 4163 enim
2221 4107 2507 4161 introierat
2526 4106 2581 4161 in
2613 4115 2800 4160 sancta
2818 4118 2924 4158 non
2944 4101 3255 4158 manul'acta
3279 4088 3559 4156 Christus“:

2043 4215 2142 4255 nec
2186 4206 2493 4255 accesserat
2532 4197 2599 4253 ad
2640 4195 2886 4251 velamen
2933 4193 3187 4258 interius,
3222 4190 3364 4262 quod
3396 4185 3454 4240 ad
3477 4180 3560 4236 lle

3112 4352 3159 4383 "
3178 4348 3222 4404 ll
3250 4352 3370 4407 Cor.
3392 4364 3466 4414 tu,
3488 4349 3556 4402 l'l.

374 4438 423 4474 ⁸³
450 4438 627 4494 Galat.
656 4453 729 4500 tv,
753 4425 813 4499 4.,
881 4435 930 4469 ⁸⁸
956 4435 1078 4490 lsai.
1110 4450 1219 4500 LIV,
1252 4425 1318 4500 ll;
1350 4433 1529 4489 Galat.
1558 4450 1630 4496 tv,
1662 4432 1752 4487 27.
1826 4431 1874 4463 ⁸⁵
1902 4430 1933 4485 Η

2052 4471 2065 4484 .
2101 4446 2155 4493 x,
2186 4430 2233 4483 l.
2310 4428 2356 4459 ”
2380 4427 2546 4483 Hebr.
2576 4441 2653 4481 tx.
2684 4425 2774 4478 24.

449 4571 561 4642 (50)
595 4571 767 4632 Alias,
801 4589 819 4621 ι
854 4568 1051 4640 Legem
1085 4582 1212 4623 vero
1256 4566 1552 4637 spiritalem
1604 4580 1711 4619 non
1764 4562 1935 4618 solum
1972 4571 2014 4624 1)
2041 4560 2360 4642 maritaliter
2383 4558 2603 4642 spiritui
2644 4557 2870 4642 nubent.
2906 4574 2925 4606 ι
2962 4552 3069 4608 Sed
3106 4557 3308 4642 rectius
3334 4570 3454 4634 mss.
3480 4567 3557 4634 no:

376 4642 574 4696 Paulus
599 4642 822 4695 sciebat.
857 4660 877 4691 ι

448 4713 560 4782 (5i)
601 4711 865 4782 Msaunus
889 4708 1266 4782 Regiusuum.
1292 4706 1423 4782 l6“
1447 4706 1535 4782 sic
1569 4705 1760 4782 habet,
1789 4719 1808 4752 ς
1843 4701 1936 4769 qui

382 4774 564 4836 tamen
591 4781 864 4849 spiritales
884 4774 1058 4849 erant.
1095 4779 1223 4831 Nam
1254 4777 1305 4849 i_d
1330 4778 1548 4846 quidam
1575 4774 1824 4849 carnales
1846 4786 1941 4849 ue-

378 4841 646 4915 sciebant',
708 4851 773 4903 de
806 4848 1003 4916 quibus
1043 4850 1173 4903 dicit
1202 4864 1216 4901 :
1251 4847 1295 4902 0
1338 4841 1599 4900 ἱίῐεθιιεειιὶ
1634 4841 1875 4897 Galatm!
1914 4859 1934 4891 ι

378 4920 574 4977 (lateri
603 4934 734 4972 vero
758 4934 887 4971 mss.
919 4926 975 4970 et
1001 4919 1129 4973 editi
1163 4926 1223 4970 ut
1251 4919 1303 4970 in
1326 4924 1512 4971 nostro
1535 4923 1704 4967 textu.

450 4990 566 5062 (52)
605 4989 902 5062 Msaunus,
944 5005 964 5037 ‹
997 4986 1373 5062 Apostolorum
1409 4986 1553 5038 enim
1576 4983 1859 5062 .(loctriua.
1915 4999 1935 5032 ι

378 5054 583 5117 Deinde
608 5060 735 5113 editi
764 5058 1028 5124 plerique,
1049 5076 1069 5107 ‹
1094 5058 1504 5110 instruebantur
1524 5054 1591 5107 ad
1615 5055 1938 5115 docendum,

385 5133 508 5185 talis
538 5140 678 5193 erat,
709 5144 826 5196 qua:
849 5129 1029 5187 docet,
1068 5148 1085 5178 ι
1122 5140 1227 5179 etc.

454 5200 569 5273 (55)
610 5198 700 5253 Sic
730 5214 859 5273 mss1
886 5198 1146 5273 plerique.
1180 5196 1319 5273 Iiditi
1354 5209 1483 5249 vero
1508 5204 1576 5273 et.
1604 5206 1704 5244 ms.
1726 5272 1729 5273 ν
1751 5206 1891 5273 unus
1922 5207 1936 5245 :

386 5287 407 5316 σ
428 5261 738 5325 lloc'autem
757 5261 1065 5321 dicit-Isaias
1079 5267 1221 5334 quod
1236 5266 1352 5335 (aL,
1374 5284 1393 5315 ι
1415 5263 1667 5335 quoniam
1689 5272 1736 5330 ι)
1755 5261 1937 5335 vidit.»

381 5352 489 5398 etc.
540 5342 739 5393 Deinde
770 5353 898 5391 mss.
944 5330 1161 5403 quidam
1208 5330 1330 5387 cum
1361 5330 1606 5403 edi—lists
1636 5330 1944 5403 Syc-aientibus

381 5413 522 5465 enim
546 5409 665 5477 (al.,
691 5427 709 5459 ι
733 5423 864 5479 ergo
884 5407 929 5479 ι)
949 5400 1116 5473 legem
1135 5407 1345 5473 loquor,
1369 5405 1537 5473 inquit
1554 5402 1770 5464 Paulus,
1792 5400 1842 5453 id
1863 5412 1945 5453 est

383 5481 682 5535 scientibus
707 5478 832 5546 quia
870 5481 964 5539 sit,
993 5495 1014 5528 ι
1052 5486 1158 5546 etc.

453 5550 565 5621 (54)
598 5550 698 5602 Ms.
724 5543 884 5610 imus,
908 5566 932 5600 ε
959 5544 1103 5621 si_de
1132 5544 1358 5614 populis.
1395 5561 1417 5595 ι
1447 5544 1554 5608 AL,
1585 5562 1607 5595 ‹
1636 5543 1683 5598 si
1709 5543 1774 5596 de
1807 5554 1936 5608 apoc

383 5616 670 5680 stolorum,
711 5637 730 5670 ι
761 5628 890 5680 etc.,
925 5616 1084 5671 male.

455 5689 569 5768 (δεῇ)
611 5678 706 5768 Ms.
736 5678 893 5768 unus,
923 5707 941 5738 ι
973 5697 1028 5768 et
1079 5687 1157 5740 sic
1188 5684 1303 5768 qui,
1344 5703 1363 5736 ι
1389 5682 1739 5768 etc._'Deiude
1765 5678 1938 5768 editi,

391 5775 411 5806 ς
435 5754 886 5823 mulier,spiritui
912 5758 1138 5811 nubunt.
1171 5754 1352 5812 {Mss
1390 5755 1629 5821 quidam.
1660 5770 1678 5802 ι
1716 5754 1940 5808 mulier.

2044 4632 2153 4753 ειτὶ
2190 4640 2244 4683 et
2297 4621 2576 4695 Rabanus,
2611 4646 2630 4679 ε
2675 4628 2890 4693 mulier,
2921 4634 3132 4680 mortua
3164 4625 3341 4680 littera
3385 4621 3557 4694 spiritui

2046 4717 2114 4753 nu
2157 4711 2270 4753 tlttl.
2316 4720 2334 4752 ι

2046 4711 2270 4754 ltthIttl.
2316 4720 2334 4752 ι

2114 4770 2227 4841 (56)
2266 4768 2434 4841 Editi.
2472 4785 2493 4819 ι
2531 4766 2774 4841 lli__vero
2803 4763 2896 4834 qui
2929 4779 2995 4818 ex
3057 4766 3309 4841 gentibus
3354 4760 3557 4819 credide-

2047 4837 2455 4904 rut'tt,'Dotuino
2487 4838 2853 4899 crediderunt,
2898 4846 2954 4890 et
2979 4852 3085 4889 non
3127 4837 3395 4896 videntur,
3423 4853 3439 4885 ι
3468 4842 3551 4885 elc.

2117 4909 2227 4982 (57)
2270 4911 2365 4982 Ms.
2414 4923 2578 4982 unus,
2609 4926 2637 4982 ς,
2665 4907 2830 4961 Isaias
2855 4908 3001 4960 dabit
3029 4907 3240 4961 dicens.
3275 4925 3293 4957 ι
3323 4904 3552 4960 Rabautts,

2047 4997 2068 5030 ι
2101 4978 2268 5033 Isaias
2297 4978 2566 5033 clamabat
2589 4978 2792 5031 (licens.
2832 4997 2851 5029 ι

2113 5051 2224 5119 (58)
2269 5049 2416 5103 Esse.
2449 5048 2502 5100 lu
2538 5048 2699 5101 editis
2717 5048 3012 5119 omittitur.

2113 5113 2224 5190 (59)
2260 5119 2349 5173 Sic
2389 5133 2489 5190 ms.
2521 5114 2896 5190 unus.ACa:teri
2927 5129 3054 5190 vero
3082 5130 3243 5180 mss.;
3275 5113 3496 5167 Rabanus
3512 5114 3561 5160 etv

2042 5186 2244 5251 edt‘ti,'¢
2292 5187 2572 5242 mortalem
2600 5188 2752 5249 dicit,
2788 5205 2807 5238 ι
2844 5186 3003 5241 male.

2119 5246 2230 5329 (60)
2265 5259 2427 5319 Editi,
2465 5274 2483 5307 ‹
2521 5246 2905 5329 providendum
2939 5264 3043 5309 est.
3084 5253 3266 5309 Potest
3292 5251 3481 5323 quidem
3509 5246 3549 5299 in

2049 5330 2149 5383 hoc
2176 5329 2366 5383 videri.
2407 5347 2425 5377 ›
2455 5328 2657 5381 omisso
2689 5345 2706 5377 ί
2731 5328 2918 5380 etiam.
2950 5342 2970 5374 ι

2099 5397 2207 5466 (6i)
2237 5398 2398 5457 Editi,
2433 5418 2450 5449 ι
2487 5408 2541 5453 et
2578 5398 2859 5453 inhiabant
2886 5399 2938 5453 in
2976 5407 3224 5460 terrena;
3261 5417 3277 5449 ι
3313 5394 3542 5449 Rabanus,

2030 5487 2049 5519 ι
2074 5478 2128 5523 et
2155 5469 2209 5522 in
2244 5469 2575 5524 Hierusalem
2604 5480 2837 5524 terrena.
2875 5488 2893 5517 ι
2926 5468 3050 5539 Mss.
3069 5470 3282 5539 quidam
3314 5467 3448 5525 alius,
3475 5468 3547 5511 u‘l

2025 5539 2267 5594 inhiabat
2307 5542 2573 5605 terrenis;
2602 5560 2618 5591 ι
2664 5539 2820 5605 alius,
2850 5549 2906 5594 et
2935 5559 2952 5589 ι
2990 5538 3267 5598 inhiabant
3292 5548 3492 5592 terrena.
3529 5549 3540 5577 ι

2026 5608 2130 5663 Sed
2162 5609 2400 5663 notiores
2432 5626 2561 5663 mss.
2596 5622 2653 5663 ιιι
2682 5613 2733 5663 in
2762 5621 2948 5663 nostro
2982 5619 3153 5663 textu.

2065 5624 2095 5663 e

2162 5609 2400 5679 potiores
2432 5626 2561 5665 mss.
2596 5622 2653 5664 ιιι
2682 5613 2733 5663 in
2762 5621 2948 5665 nostro
2982 5619 3153 5664 textu.

2099 5669 2208 5748 (δὲ)
2256 5680 2503 5735 Videlicet
2534 5682 2716 5735 virere.
2753 5681 2879 5736 Ηιῐξα
2922 5682 3085 5735 verba
3122 5680 3468 5737 desiderantur
3502 5669 3541 5723 in

2030 5751 2203 5806 editis.
