3692 6138
369 221 510 279 1075

1802 220 2122 279 ORIGENIS

3458 228 3577 288 1οκ

373 349 452 404 ob
479 347 536 403 id
562 345 681 403 sine
714 345 882 403 dubio
927 352 989 400 ιιι
1030 344 1202 400 etiam
1262 342 1331 399 ad
1382 351 1607 400 cteteros
1659 344 1934 407 homines,
1962 355 2010 412 Α
2038 345 2091 399 in
2120 343 2363 400 novitate
2389 342 2652 413 spiritus,
2688 356 2796 397 non
2836 341 2889 397 in
2915 351 3186 400 vetustate
3216 343 3428 400 littcrre.
3476 344 3577 404 Non

370 434 779 495 noneos-solos
804 426 897 508 qui
927 450 993 492 ex
1025 437 1446 492 circunicisione
1472 446 1631 505 sunt,
1662 446 1931 494 tractatus

370 531 479 586 lste
504 529 777 600 pertinere
808 530 1078 585 videatur.
1116 530 1207 585 Ait
1233 546 1365 600 ergo
1390 549 1406 588 :
1438 531 1601 587 «Cum
1630 533 1772 587 enim
1792 546 1936 587 esse.

372 635 492 675 mus
545 620 599 675 in
645 635 877 676 carne.»
940 618 1008 675 Et
1073 622 1320 690 quidem,
1376 633 1636 690 quantum
1689 623 1755 676 ad
1818 636 1933 677 rem

370 721 600 779 spectat,
628 713 681 767 in
725 726 890 768 carne
924 714 1110 785 utique
1148 716 1356 785 positus
1402 717 1503 771 ista
1535 716 1748 772 dicebat
1783 728 1800 775 :
1839 718 1932 773 sed

374 824 393 857 ι
418 820 541 860 cum
569 806 621 860 in
651 820 818 861 carne
839 822 1104 873 essemus,
1130 827 1150 860 ι
1195 809 1296 865 hoc
1341 820 1424 865 est
1466 825 1586 864 cum
1633 812 1931 865 secundum

369 913 587 953 carnem
635 900 984 967 viveremus,
1037 920 1057 955 ‹
1088 903 1217 957 vitia
1269 913 1612 972 peccatorum
1668 919 1789 973 qua:
1838 918 1935 972 per

370 989 539 1058 legem
588 1002 765 1057 erant,
803 995 1169 1062 operabantur
1229 996 1281 1050 in
1340 997 1597 1052 membris
1651 997 1926 1050 nostris.)

366 1079 625 1148 Quaenam
648 1080 729 1137 lex
748 1083 849 1137 ista
873 1094 955 1139 est
982 1100 1079 1154 per
1102 1101 1264 1154 quam
1298 1088 1421 1142 vitia
1456 1088 1659 1158 peccati
1695 1102 1929 1156 operan-

371 1180 459 1224 tur
490 1170 643 1243 (76)?
700 1171 955 1243 Nunquid
998 1174 1085 1229 lex
1132 1174 1302 1247 Moysi
1334 1176 1497 1231 etiam
1537 1177 1583 1230 si
1635 1174 1929 1230 secundum

365 1260 605 1317 litteram
657 1262 1001 1330 observetur,
1065 1267 1197 1319 vitia
1255 1276 1482 1337 generat
1550 1267 1932 1336 peccatorum?

367 1350 478 1406 Sed
507 1352 562 1407 in
598 1363 790 1423 aperto
816 1363 896 1409 est
938 1357 1081 1424 quod
1109 1357 1257 1411 illam
1293 1357 1461 1428 legem
1492 1357 1635 1413 dicat
1665 1360 1716 1412 in
1757 1374 1930 1411 mem-

367 1442 506 1510 ιιι-ῖς,
534 1458 656 1513 quae
682 1446 889 1500 resistit
920 1436 1033 1518 (77)
1066 1446 1167 1516 legi
1204 1452 1425 1512 mentis,
1461 1449 1527 1504 de
1568 1465 1672 1518 qua
1713 1462 1767 1505 et
1808 1462 1932 1505 ante

266 1559 290 1601 ,ε
369 1531 741 1597 tractavimus,
786 1539 1056 1602 quomodo
1097 1553 1115 1585 ι
1142 1536 1225 1590 lex
1266 1537 1610 1592 subiutroivit
1658 1550 1714 1593 ut
1757 1541 1930 1594 abun-

369 1618 524 1674 daret
554 1633 835 1691 peccatum
867 1624 933 1679 ".
962 1645 982 1680 ι
1025 1627 1139 1695 Ipsa
1173 1642 1304 1695 ergo
1327 1629 1410 1683 lex
1442 1638 1525 1683 est
1555 1645 1672 1698 qua:
1707 1632 1836 1685 facit
1878 1632 1930 1686 in

2038 438 2180 493 enim
2214 437 2416 493 idcirco
2444 451 2544 491 nos
2569 436 2821 491 Christus
2848 436 3120 491 abstraxit
3160 450 3191 489 a
3220 435 3339 500 lege
3369 440 3574 505 peccati,

2037 538 2099 583 ut
2124 529 2378 583 vetustati
2414 528 2611 584 littera:
2641 527 2971 590 serviamus,
3004 528 3056 581 id
3097 536 3184 582 est
3231 538 3285 580 ut
3316 529 3576 585 circumci-

2034 622 2243 677 sionem
2296 621 2649 691 recipiamus,
2697 628 2754 673 et
2792 616 3032 673 Sabbata
3081 619 3167 674 vel
3222 628 3421 675 cetera
3476 635 3575 689 qua

2036 724 2279 771 vetustas
2311 714 2443 784 legis
2471 714 2664 769 littera:
2689 715 2934 771 continet
2968 732 2984 769 :
3017 714 3114 771 sed
3139 724 3198 767 ut
3221 712 3399 783 legem
3426 712 3510 767 Dei
3531 715 3572 768 in

2035 808 2258 880 spiritus
2320 808 2560 863 novitate
2597 822 2917 871 servemus,
2952 808 3007 861 id
3064 816 3152 862 est
3221 820 3289 860 ex
3352 806 3576 862 omnibus

2034 900 2231 970 quaeIn
2264 912 2327 954 ea
2361 898 2560 969 scripta
2609 907 2735 953 sunt
2783 898 3085 969 spiritalem
3145 912 3363 952 sensum
3398 895 3577 967 Spiritu

2034 992 2269 1046 donante
2298 989 2603 1059 capiamus,
2641 988 2782 1043 sicut
2817 998 2874 1042 et
2901 987 3043 1041 idem
3071 985 3361 1055 Apostolus
3394 985 3443 1038 in
3474 985 3578 1041 aliis

2035 1083 2188 1149 dicit,
2219 1082 2344 1151 quia
2383 1100 2400 1131 ι
2431 1079 2680 1135 velamen
2709 1088 2794 1133 est
2820 1078 3050 1148 positum
3092 1078 3145 1131 in
3192 1076 3347 1130 facie
3374 1074 3530 1146 Moysi
3561 1091 3575 1129 :

2033 1188 2156 1228 cum
2214 1181 2394 1227 autem
2451 1186 2744 1226 conversus
2791 1169 2956 1223 fuerit
3004 1169 3126 1238 quis
3181 1168 3248 1221 ad
3307 1167 3575 1221 Dominum

2034 1265 2314 1320 auferetur
2340 1264 2604 1320 velamen.
2641 1264 2902 1318 Dominus
2931 1263 3074 1315 enim
3104 1259 3331 1330 spiritus
3359 1268 3460 1314 est.
3494 1257 3575 1313 Ubi

2032 1368 2211 1413 autem
2239 1358 2470 1427 spiritus
2514 1356 2746 1419 Domini,
2791 1356 2862 1410 ibi
2893 1355 3113 1408 libertas
3140 1352 3207 1408 “.
3238 1371 3263 1404 ι
3294 1350 3573 1405 Novitatcm

2034 1463 2163 1504 sane
2188 1449 2409 1516 spiritus
2434 1448 2551 1502 scio
2580 1447 2841 1516 quosdam
2885 1445 3022 1500 male
3078 1440 3188 1515 (8'5)
3236 1441 3576 1510 intelligentes

2034 1541 2161 1595 illuc
2205 1540 2464 1601 traxisse,
2506 1551 2566 1594 ut
2602 1542 2848 1594 dicerent
2875 1554 3077 1592 novum
3134 1551 3259 1592 esse
3314 1535 3573 1604 Spiritum,

2036 1641 2292 1701 tanquam
2327 1631 2418 1701 qui
2448 1640 2575 1685 ante
2605 1645 2709 1684 non
2748 1630 2912 1685 fuerit
2934 1670 2951 1693 ,
2998 1644 3099 1682 nec
3124 1626 3408 1682 veteribus
3439 1624 3575 1678 inoo-

369 1711 454 1764 bis
481 1713 569 1779 qui
600 1715 896 1769 secundum
928 1730 1148 1771 carnem
1182 1720 1391 1781 vivunt,
1427 1719 1555 1774 vitia
1581 1731 1929 1789 peccatorum
1965 1709 2007 1768 Β
2036 1725 2203 1778 tuerit
2232 1740 2246 1778 :
2271 1735 2327 1777 et
2356 1724 2607 1778 nesciunt
2651 1739 2710 1777 se
2739 1724 2791 1776 in
2840 1724 2944 1776 hoc
2971 1719 3296 1787 gravissime
3349 1716 3575 1782 ιιιαςριιθ·

367 1801 642 1860 abundare
670 1815 730 1860 ιιι
758 1806 1089 1863 l'ru'ctiliceut
1117 1812 1279 1864 morti
1323 1812 1459 1883 (78).
1507 1814 1590 1869 Ad
1633 1815 1735 1868 hoc
1772 1830 1929 1868 nam-

366 1892 472 1963 que
508 1905 592 1950 est
645 1896 733 1950 illa
769 1897 851 1951 lex
907 1899 959 1952 in
1011 1901 1269 1955 membris
1299 1905 1498 1957 nostris
1520 1942 1536 1967 ,
1585 1913 1641 1955 ut
1675 1906 1929 1959 resistens

332 2053 345 2063 .
367 1986 656 2039 adversum
690 1986 859 2055 legem
888 1986 1082 2041 mentis
1099 1990 1347 2059 captivos
1378 2005 1477 2046 nos
1494 1994 1653 2045 ducat
1680 2004 1927 2060 peccato,

317 2066 327 2079 ’
364 2089 420 2130 et
454 2076 554 2132 hos
576 2076 785 2133 fruetus
817 2077 1018 2133 olIerat
1048 2081 1230 2135 morti.
1297 2099 1317 2133 ι
1354 2081 1506 2137 Nunc
1545 2092 1725 2139 autem
1768 2084 1927 2138 soluti

365 2171 556 2222 sumus
586 2184 616 2221 a
647 2168 764 2238 lege
795 2170 1016 2235 mortui,
1055 2172 1234 2242 inqua
1260 2173 1691 2230 detinebamum
1720 2177 1800 2230 Ab
1830 2176 1929 2231 hac

365 2273 496 2326 ergo
517 2259 655 2331 lege,
688 2263 741 2315 in
766 2277 871 2331 qua
900 2263 1298 2329 detinebamttr,
1346 2255 1489 2321 nun’c
1521 2268 1683 2322 soluti
1719 2284 1925 2325 smnus.

371 2370 391 2403 ι
413 2350 584 2406 Nunc.
610 2370 629 2404 ι
662 2352 933 2419 Quando!
959 2353 1090 2412 Sine
1118 2357 1281 2413 dubio
1307 2359 1523 2427 quando
1555 2374 1679 2413 cum
1711 2360 1928 2417 Christo

363 2443 562 2498 mortui
585 2458 794 2513 sumus,
823 2456 877 2502 et
908 2449 1209 2517 consepulti
1234 2449 1282 2505 ei
1316 2448 1430 2521 (79)
1454 2466 1550 2520 per
1580 2452 1926 2520 baptismum,

254 2563 271 2579 ι
364 2543 419 2588 et
446 2534 690 2591 cruciﬁxi
715 2552 838 2591 cum
866 2538 1013 2608 ipso:
1036 2549 1094 2594 et
1130 2541 1253 2596 ideo
1279 2541 1412 2595 dicit
1446 2557 1462 2597 :
1500 2559 1520 2593 ι
1543 2541 1713 2597 Soluti
1739 2558 1928 2600 sumus

363 2640 396 2680 ιι
430 2616 775 2696 (εειιήιοιυιιιῑ
803 2629 938 2702 (80).
960 2649 981 2684 ι
1014 2631 1126 2687 Nisi
1161 2632 1303 2688 enim
1337 2635 1462 2703 quis
1493 2645 1737 2692 mortuus
1766 2636 1929 2692 fuerit

364 2732 487 2774 cum
517 2719 761 2782 Christo.
798 2723 866 2777 ab
888 2724 988 2778 ista
1041 2725 1160 2794 lege
1202 2740 1310 2780 non
1347 2726 1596 2782 solvitur.
1629 2728 1760 2783 Scio
1792 2741 1849 2784 et
1872 2731 1927 2786 in

363 2812 487 2867 aliis
528 2814 932 2883 exemplaribus
978 2817 1238 2885 scriptum
1271 2833 1287 2870 :
1317 2836 1338 2870 ι
1368 2820 1407 2871 Α
1446 2819 1563 2890 lege
1609 2822 1819 2886 mortis,
1873 2823 1925 2875 in

364 2919 470 2974 qua
497 2905 872 2960 delinebamur
895 2927 910 2977 ;
937 2927 956 2960 ι
998 2909 1093 2962 sed
1119 2910 1241 2973 hoc,
1288 2909 1342 2964 id
1366 2918 1450 2963 est
1496 2928 1515 2961 ι
1549 2910 1767 2978 mortui,
1800 2931 1819 2963 ι
1872 2921 1927 2966 et

364 2997 547 3084 vqius
576 3007 657 3052 est
678 3007 733 3054 et
756 2999 980 3057 rectius.
1013 2999 1165 3068 Quod
1202 3017 1329 3058 vero
1358 3003 1509 3058 addit
1539 3004 1591 3058 in
1624 3006 1926 3061 conclusio-

2038 1830 2207 1871 mare.
2238 1815 2357 1882 Ipse
2384 1817 2529 1868 enim
2564 1814 2797 1882 Spiritus
2834 1825 2919 1867 est
2942 1812 2995 1865 iu
3019 1811 3156 1878 lege,
3196 1809 3318 1876 ipse
3345 1807 3401 1860 iu
3430 1807 3579 1858 Evan-

2036 1905 2196 1974 gelio,
2239 1905 2351 1973 ipse
2385 1919 2599 1971 semper
2621 1921 2741 1958 cutn
2766 1902 2927 1958 Patre
2955 1911 3008 1957 et
3034 1900 3170 1955 Filio
3197 1908 3310 1965 est,
3361 1906 3418 1952 et
3457 1912 3572 1951 sent-

2034 2012 2131 2067 per
2155 2007 2262 2060 est,
2293 2009 2349 2052 et
2371 2008 2514 2063 erat,
2547 2008 2598 2051 et
2628 1998 2754 2059 erit,
2780 1996 2921 2051 sicut
2946 1994 3107 2049 Pater
3142 2003 3197 2048 et
3240 1992 3437 2047 Filius.
3485 1986 3581 2042 Non

2034 2102 2166 2157 ergo
2200 2088 2313 2155 ipse
2355 2101 2526 2141 novus
2549 2095 2652 2151 est,
2692 2088 2785 2141 sed
2833 2086 3117 2140 credentes
3165 2083 3432 2149 innovat,
3478 2095 3580 2135 eum

2035 2194 2183 2234 eosa
2217 2179 2493 2235 veteribus
2534 2178 2692 2233 malis
2742 2178 2806 2233 ad
2838 2192 3036 2233 novam
3072 2178 3243 2232 vitam
3304 2184 3361 2232 et
3415 2186 3579 2228 novant

2036 2271 2312 2340 religionis
2359 2271 2473 2341 (84)
2531 2270 2732 2325 Christi
2783 2270 3185 2326 observantiam
3244 2268 3489 2332 adducit,
3538 2274 3582 2319 et

2034 2363 2305 2433 spiritales
2338 2380 2406 2418 ex
2431 2363 2743 2417 carnalibus
2769 2362 2923 2419 facit.

2101 2455 2156 2511 8.
2187 2454 2355 2522 «Quid
2377 2469 2506 2524 ergo
2530 2455 2767 2510 dicemus
2785 2455 2809 2507 ?
2824 2455 2936 2510 Lex
2954 2462 3235 2525 peccatum
3263 2454 3389 2509 est?
3410 2453 3575 2511 Absit.

2033 2546 2140 2603 Sed
2168 2556 2449 2617 peccatum
2488 2562 2593 2601 nou
2640 2548 2891 2617 cognovi,
2936 2547 3041 2604 nisi
3080 2560 3179 2616 per
3211 2546 3411 2614 legem.
3459 2544 3572 2598 Nam

2033 2639 2532 2709 concupiscentiam
2586 2639 2889 2693 nesciebam
2938 2639 3039 2693 nisi
3077 2638 3163 2694 lex
3195 2639 3406 2693 diceret
3438 2634 3570 2690 :Non

2032 2731 2407 2801 concupisces.
2441 2729 2743 2785 Occasione
2780 2740 2962 2783 autem
3004 2737 3227 2798 accepta
3249 2769 3269 2796 ,
3314 2735 3570 2796 peccatum

2032 2837 2131 2891 per
2159 2822 2473 2876 mandatum
2497 2832 2779 2888 operatum
2819 2829 2905 2873 est
2938 2821 2991 2873 in
3022 2835 3111 2875 me
3146 2834 3371 2875 omnem
3398 2832 3570 2872 concu-

2035 2913 2379 2983 piscentiam.
2432 2910 2564 2967 Siue
2613 2912 2728 2982 lege
2780 2914 2924 2966 enim
2981 2921 3267 2980 peccatum
3322 2919 3567 2965 mortuum

2033 3013 2170 3058 erat.
2200 3001 2312 3073 Ego
2334 3013 2515 3057 autem
2545 3003 2791 3057 vivebam
2839 3005 2958 3059 sine
2999 3004 3117 3072 lege
3145 3002 3453 3071 aliquando.
3478 2998 3564 3055 Sed

367 3063 481 3145 ne‘:
515 3090 622 3145 alta
645 3100 706 3147 ut
731 3093 1036 3148 serviamus
1069 3094 1123 3148 in
1159 3095 1401 3149 novitate
1430 3096 1673 3165 spiritus,
1709 3105 1767 3152 et
1817 3114 1921 3153 non
1953 3063 1998 3123 θ
2032 3095 2119 3149 tibi
2143 3096 2294 3149 venit
2322 3095 2660 3158 mandatum,
2685 3107 2960 3164 peccatum
2997 3096 3213 3149 revixit.
3266 3094 3381 3163 Ego
3412 3104 3565 3147 autent

365 3181 419 3235 in
445 3190 714 3238 vetustate
736 3183 954 3249 litterae,
990 3204 1010 3239 ι
1042 3188 1185 3255 quod
1208 3187 1327 3241 sine
1347 3187 1509 3241 dubio
1534 3187 1698 3258 580
1724 3189 1789 3243 de
1809 3190 1924 3259 lege

362 3273 559 3330 littera:
590 3276 792 3332 dictum
827 3279 1064 3343 videtur,
1092 3279 1198 3334 hoc
1231 3280 1389 3334 modo
1418 3290 1787 3350 consequente
1810 3281 1922 3352 (8|)

264 3420 271 3427 ,
364 3364 591 3435 intelligi
625 3368 844 3433 poterit.
881 3364 938 3420 In
968 3382 1135 3421 carne
1173 3368 1392 3436 quidem
1422 3368 1612 3435 positi,
1651 3379 1705 3423 et
1734 3386 1924 3424 secun-

364 3457 494 3510 dutn
549 3472 767 3511 carnem
817 3459 1083 3521 viventes,
1132 3468 1353 3529 propter
1392 3471 1735 3528 peccatorum
1771 3464 1923 3527 vitia,

364 3563 486 3618 quae
528 3548 615 3603 lex
645 3549 756 3612 illa,
789 3564 909 3618 quae
943 3560 1063 3605 erat
1087 3552 1140 3604 in
1184 3551 1443 3607 membris
1475 3554 1700 3620 nostris,
1747 3554 1926 3608 alebat

367 3649 427 3692 ιιι
484 3638 874 3696 lrttctilicarent
922 3643 1118 3703 morti,
1190 3656 1295 3695 non
1353 3650 1661 3710 poteramus
1718 3644 1925 3698 servire

367 3731 587 3786 novitati
628 3733 853 3803 spiritus
897 3736 1017 3788 dttm
1054 3733 1141 3788 illa
1177 3733 1263 3786 lex
1305 3734 1669 3788 membrorum
1714 3737 1925 3790 vivebat

364 3824 627 3891 innohis,
682 3826 812 3891 itno,
865 3826 992 3879 dum
1041 3841 1140 3880 nos
1178 3824 1475 3881 secundum
1509 3826 1652 3880 illam
1703 3827 1923 3882 viveba-

365 3932 503 3973 mus.
540 3917 638 3972 Ubi
668 3932 799 3972 vero
824 3917 1072 3974 Christus
1110 3934 1207 3987 pro
1250 3921 1409 3976 nobis
1441 3931 1691 3976 mortuus
1733 3930 1836 3985 est,
1869 3929 1925 3975 et

359 4025 462 4063 nos
487 4025 609 4063 cum
641 4011 758 4075 ipso
788 4012 982 4065 mortui
1016 4027 1203 4067 sumus
1225 4024 1469 4081 peccato,
1496 4013 1707 4066 litterati
1734 4028 1925 4067 sumus

362 4101 478 4171 (82)
510 4117 605 4170 per
634 4103 807 4172 ipsum
837 4118 866 4157 a
901 4104 1016 4173 lege
1046 4106 1257 4173 peccati
1291 4107 1341 4159 in
1378 4122 1483 4174 qua
1516 4107 1923 4170 detinebantur,

362 4202 418 4246 et
450 4206 736 4259 possumus
773 4192 884 4263 jam
916 4195 1121 4249 servire
1163 4196 1262 4265 legi
1318 4197 1444 4262 Dei;
1497 4197 1701 4251 servire
1745 4207 1921 4250 autem

2032 3198 2275 3241 mortuus
2324 3201 2441 3241 sum
2475 3204 2490 3241 :
2526 3197 2581 3241 et
2630 3188 2908 3241 inventum
2957 3196 3041 3242 est
3076 3187 3203 3239 mihi
3262 3187 3565 3245 mandatum,

2029 3279 2172 3349 quod
2198 3286 2317 3333 erat
2345 3281 2412 3332 ad
2444 3278 2629 3343 vitam,
2656 3279 2758 3332 hoc
2786 3293 2905 3332 esse
2927 3279 2994 3332 ad
3023 3287 3278 3332 mortem.
3310 3275 3566 3331 Peccatum

2030 3370 2175 3425 enim
2208 3372 2500 3426 occasione
2526 3378 2750 3441 accepta
2781 3386 2876 3440 per
2904 3373 3219 3425 mandatum
3244 3371 3454 3425 seduxit
3474 3380 3565 3430 tne.

2033 3474 2090 3517 et
2118 3477 2215 3531 per
2242 3462 2373 3517 illud
2421 3463 2646 3517 occidit.
2703 3460 2892 3531 Itaque
2934 3462 3019 3515 lex
3051 3462 3279 3531 quidem
3309 3468 3564 3521 sancta.et

2033 3555 2343 3608 mandatum
2374 3562 2648 3619 sanctum,
2681 3561 2739 3608 et
2766 3554 2995 3623 justum,
3046 3563 3101 3607 et
3149 3554 3378 3607 bonum.
3434 3548 3564 3617 Quod

2029 3660 2158 3716 ergo
2189 3644 2390 3699 bonum
2421 3657 2524 3710 est,
2555 3645 2687 3699 mihi
2721 3660 2867 3700 mors
2918 3654 3003 3699 est
3047 3642 3206 3715 (85)?
3258 3645 3427 3699 Absit.
3476 3641 3565 3695 Sed

2030 3746 2336 3807 peccatum,
2368 3744 2426 3791 ιιι
2457 3745 2719 3805 appareat
2750 3746 3030 3806 peccatum
3049 3776 3064 3799 ,
3096 3751 3191 3805 per
3219 3736 3417 3791 bonum
3451 3733 3562 3789 mihi

2031 3837 2316 3897 operatum
2345 3835 2427 3882 est
2458 3835 2712 3891 mortem,
2741 3836 2802 3880 ut
2831 3826 2925 3880 ﬁat
2955 3842 3122 3896 supra
3157 3828 3375 3881 modum
3405 3840 3563 3894 pecca-

2030 3928 2117 3975 tor
2164 3921 2337 3989 ipsum
2375 3930 2653 3987 peccatum
2693 3934 2789 3990 per
2840 3921 3157 3972 mandatum
3195 3919 3267 3973 ⁸⁸.
3304 3937 3324 3971 ι
3390 3919 3441 3972 ln
3495 3919 3562 3971 his

2030 4008 2166 4064 locis
2209 4009 2415 4077 positos
2466 4008 2662 4062 crebro
2710 4021 2808 4061 nos
2838 4021 3062 4061 necesse
3087 4013 3171 4059 est
3195 4006 3266 4060 de
3295 4006 3460 4074 legum
3488 4004 3558 4056 di-

2031 4101 2383 4155 versitatibus
2407 4113 2757 4154 commouere
2787 4097 2921 4168 (86).
2958 4096 3071 4151 Hoc
3095 4098 3242 4151 enim
3285 4097 3397 4150 vult
3423 4093 3554 4165 581

2030 4192 2229 4249 Paulus
2257 4193 2347 4262 qui
2379 4194 2479 4248 sub
2504 4207 2611 4248 uno
2640 4192 2772 4263 legis
2802 4191 3022 4247 nomine
3048 4206 3268 4246 sensum
3298 4191 3363 4244 de
3391 4204 3483 4243 uua
3504 4187 3558 4240 ad

433 4285 482 4319 "
506 4286 657 4338 Rom.
689 4302 742 4350 v,
778 4286 868 4339 ‘20.
943 4285 991 4318 “
1020 4284 1063 4341 ιι
1085 4287 1209 4341 Cor.
1242 4305 1322 4349 ιιι.
1368 4288 1551 4343 15-17.
1628 4289 1674 4321 ⁸³
1702 4288 1856 4343 Rom.
1887 4303 1916 4340 v

2038 4288 2053 4339 i
2082 4302 2237 4356 seqq.

440 4375 739 4446 (76),Ali:ts
772 4395 785 4431 :
831 4395 850 4425 ι
882 4381 1281 4446 operahantur?
1311 4399 1329 4431 ι

438 4445 550 4513 (7'7)
580 4446 677 4501 Ms.
715 4445 975 4518 unus,_’et
1005 4450 1131 4504 editi
1165 4467 1178 4502 :
1218 4467 1236 4499 ι
1267 4451 1438 4518 legem
1480 4451 1625 4503 dicat
1654 4448 1922 4504 membro-

366 4531 510 4590 rum,
536 4531 675 4585 qua},
705 4537 726 4590 ι
763 4529 869 4571 etc.
904 4516 1159 4574 Rabauus
1187 4536 1200 4573 :
1237 4537 1254 4569 ι
1282 4516 1448 4590 legem
1469 4519 1617 4574 dicat
1647 4519 1702 4572 in
1744 4534 1919 4573 mem-

366 4585 481 4640 bris
516 4588 752 4654 Operari.
779 4602 900 4654 qum
943 4592 1221 4652 resistat,i
1255 4585 1361 4644 etc'.

436 4655 551 4729 (78)
608 4657 746 4710 Editi
791 4673 804 4707 :
858 4674 877 4707 t
905 4660 1223 4723 vixerint”
1283 4670 1338 4713 et
1386 4669 1625 4729 postea:
1667 4676 1689 4710 ι
1735 4655 1927 4713 all‘erat

363 4727 544 4779 morti.
579 4742 599 4776 ι

432 4794 554 4868 (79)Δ
586 4794 677 4849 Sic
718 4796 918 4848 rectius
951 4812 1062 4868 _ms.
1102 4814 1242 4853 untts
1291 4795 1489 4868 Regius
1550 4812 1696 4868 num.
1762 4798 1919 4852 l659.

363 4863 556 4919 Caneri
603 4881 729 4917 vero
770 4883 919 4933 IIISS.,
951 4865 1227 4926 Rabanus.
1264 4878 1314 4919 et
1341 4863 1499 4928 editi,
1570 4886 1587 4916 ι
1613 4884 1639 4919 a
1676 4866 1815 4932 lege.
1867 4886 1916 4919 Ill

364 4950 470 5002 qua
498 4938 691 5007 mortui
727 4934 864 5005 (al.,
892 4950 966 5007 ea
1005 4937 1117 5004 lege
1136 4935 1408 5007 ll]0|‘llS,))
1429 4933 1482 4989 in
1503 4954 1605 5004 qua
1638 4938 1918 4991 detineba-

366 5018 506 5058 ntur.
538 5003 619 5056 Ah
650 5003 749 5057 hac.
770 5021 901 5071 ergo
927 5005 1041 5070 lege
1068 5003 1208 5060 nunc
1238 5003 1399 5061 soluti
1434 5003 1621 5060 sumus
1642 5046 1657 5067 ,
1704 5013 1919 5072 quando

363 5074 481 5126 sine
506 5073 670 5128 dubio
698 5090 820 5128 cum
853 5076 1067 5129 Christo
1104 5079 1296 5131 mortui
1325 5093 1510 5131 smnus
1534 5085 1589 5128 et
1618 5079 1917 5143 consepulti

360 5155 484 5200 eum
515 5158 598 5204 eo,
624 5163 641 5194 ι
672 5155 777 5197 etc.

434 5211 548 5283 (80)
579 5214 717 5267 Editi
749 5228 765 5265 :
800 5232 818 5264 ι
848 5229 877 5265 a
903 5213 1017 5282 lege
1046 5216 1254 5279 mortis,
1281 5234 1299 5266 ι
1336 5215 1493 5268 male.

438 5285 551 5353 (8i)
579 5284 757 5345 Editi,
814 5302 833 5334 ι
870 5297 1281 5354 consequenter,
1312 5305 1332 5336 ι
1390 5288 1583 5340 deinde
1614 5302 1716 5340 ms.
1755 5304 1913 5351 unus,

369 5358 552 5420 «quod
592 5357 644 5407 iu
698 5369 861 5425 carne
903 5358 1117 5419 quidem
1163 5358 1344 5423 positi.
1379 5373 1397 5405 ι
1436 5367 1565 5418 etc.,
1619 5368 1677 5409 et
1728 5370 1912 5425 postea

361 5425 515 5494 editi,
554 5443 572 5475 ι
602 5435 659 5477 ιιι
690 5424 1040 5477 fructiﬁcaret
1088 5426 1280 5488 morti,
1321 5442 1422 5477 non
1460 5424 1767 5494 poteramus
1800 5444 1915 5478 διιτ-

366 5492 481 5563 vire
498 5496 719 5547 novitati
753 5495 988 5563 Spiritus
1016 5497 1221 5548 Domini
1250 5514 1263 5547 :
1300 5496 1387 5547 illa
1418 5492 1495 5548 lex
1541 5499 1904 5551 membrorum

365 5562 661 5634 viveltatiu
691 5562 863 5627 nobis,
895 5568 947 5619 itt
978 5568 1191 5619 modum
1221 5580 1328 5634 quo
1358 5582 1477 5631 nos,
1502 5585 1520 5616 ι
1553 5576 1659 5620 etc.

436 5629 549 5703 (ὃῖ)
571 5632 735 5700 Editi,
769 5655 788 5686 ι
814 5636 968 5691 liberi
1004 5651 1211 5693 sumus.
1239 5629 1259 5687 ἱ
1300 5629 1505 5691 Deinde
1539 5652 1640 5692 ms.
1685 5652 1823 5691 unus
1852 5645 1907 5691 et

1960 4383 2003 4437 D
2034 4378 2309 4436 Rabanus.
2338 4395 2358 4426 ι
2385 4390 2693 4444 possumus.
2715 4393 2733 4426 ι
2761 4373 2913 4427 Alter
2943 4388 3045 4426 ms.
3088 4392 3107 4424 ι
3133 4383 3190 4427 ιιι
3223 4374 3496 4441 possimus.
3534 4390 3552 4423 ι

2104 4447 2222 4521 (85)
2257 4447 2415 4499 Male.
2461 4447 2619 4521 lleest
2660 4447 2711 4497 iu
2769 4444 3111 4521 libr_is_a_ntea
3160 4445 3366 4521 editis._
3392 4444 3553 4521 Postea

2030 4514 2158 4570 vero
2196 4514 2291 4584 pro
2340 4533 2359 4568 t
2388 4528 2442 4569 ut
2472 4517 2735 4578 dicerent,
2764 4533 2783 4565 ι
2816 4515 2942 4566 editi
2973 4514 3216 4576 habent,
3269 4533 3289 4562 ι
3319 4515 3405 4569 ubi
3432 4517 3553 4567 dieeo

2031 4595 2169 4640 rent.
2194 4604 2214 4637 ι

2372 4671 2531 4717 unus,
2556 4671 2588 4727 γι
2614 4651 2935 4727 Christianae
2957 4652 3255 4727 religionis.
3283 4672 3301 4727 ι

2102 4656 2212 4790 (ειζ
2244 4656 2342 4709 Ms.
2372 4671 2531 4717 unus,
2569 4671 2588 4703 ι
2614 4656 2935 4707 Christianae
2957 4656 3255 4720 religionis.
3283 4672 3301 4704 ι

2102 4726 2191 4792 (85
2247 4726 2408 4784 Editi,
2449 4742 2468 4774 ι
2497 4724 2625 4777 mihi
2668 4722 2863 4776 factum
2896 4735 2980 4775 est
3016 4722 3198 4775 :nors?
3228 4740 3249 4774 ι
3295 4724 3385 4776 Ms.
3417 4734 3550 4783 unus,

2032 4814 2050 4846 ι
2079 4797 2209 4848 mihi
2236 4796 2434 4849 malum
2478 4793 2598 4848 est!
2624 4812 2643 4845 ι
2689 4796 2791 4847 Sed
2824 4792 3003 4845 ctrtcri
3052 4807 3182 4844 tnss.
3222 4802 3282 4845 ut
3314 4795 3361 4845 itt
3393 4802 3550 4845 nostro

2022 4877 2194 4920 textu.
3256 4916 3264 4927 .

2093 4935 2204 5005 («36)
2232 4935 2295 4987 In
2324 4936 2407 4988 his
2444 4934 2575 4986 locis
2604 4935 2800 4998 positos
2833 4932 3012 4985 crebro
3051 4949 3144 4988 nos
3183 4949 3387 5005 necesse
3403 4943 3474 5005 cst
3499 4932 3548 4979 de

2022 5001 2192 5072 legum
2224 5005 2617 5056 diversitatibus
2647 5020 2995 5069 comntoncre,
3028 5014 3135 5056 etc.
3182 5003 3296 5056 Iluc
3337 5001 3546 5055 referet»

2021 5082 2146 5126 dntu
2172 5075 2386 5126 videtur
2408 5074 2766 5140 fragmentum
2791 5073 3033 5126 Cui-tecum
3060 5075 3199 5141 quod
3221 5089 3250 5124 e
3267 5084 3413 5138 parte
3431 5082 3546 5122 noua

2025 5146 2076 5197 in
2113 5147 2254 5198 hanc
2279 5143 2572 5215 Epistulam
2605 5144 2963 5215 adllomanos
2990 5145 3330 5215 desutnptum
3352 5141 3544 5215 exhibet

2022 5224 2184 5280 caput
2215 5210 2412 5265 nonum
2446 5210 2758 5266 I’hilocaliw
2778 5252 2792 5273 ,
2820 5212 2961 5265 unde
3000 5213 3194 5266 iterum
3223 5214 3422 5280 discere
3444 5210 3545 5280 hiet

2022 5275 2184 5351 quam
2213 5284 2374 5335 inﬁda
2396 5285 2465 5336 sit
2490 5282 2667 5334 Rttliui
2687 5283 3055 5351 interpretatio
3079 5301 3092 5335 :
3125 5302 3142 5332 t
3164 5282 3226 5334 Τί
3251 5277 3377 5343 οὖνς
3406 5281 3454 5351 Ὀ
3472 5275 3543 5327 νό-

2024 5349 2121 5423 μος
2162 5354 2437 5423 ἀμαρτξα;
2477 5373 2497 5403 ι
2534 5354 2645 5422 Οὐχ
2688 5350 2875 5421 ὥσπερ
2915 5352 3089 5423 ὃνομᾳν
3125 5353 3184 5404 ἓν
3228 5353 3341 5403 ἐστι
3385 5349 3542 5423 γὸμςις.

2020 5415 2162 5477 ὀῦτω
2191 5415 2293 5475 ita):
2312 5418 2390 5485 εἷς
2417 5415 2443 5476 ὀ
2473 5426 2598 5494 περὶ
2615 5415 2789 5492 ’ἧόμου
2820 5415 3091 5497 ᾳέανῖαῂοὖ
3125 5424 3228 5497 ιςῆί
3247 5415 3541 5497 relegit};-

2014 5510 2126 5560 γος.
2172 5494 2260 5545 Διὸ
2307 5496 2425 5565 καθέ
2474 5492 2700 5547 ἓκὰστον
2745 5493 2850 5565 χρὴ
2884 5492 3055 5565 ἓτὸπφν
3100 5493 3265 5565 αὐτῆς
3303 5492 3541 5565 ὲπιμλίὲς

2013 5565 2377 5633 ἐπιστήσαντα
2405 5564 2693 5633 θεωρῆσαι,
2718 5561 2812 5617 vim
2839 5561 2937 5632 μὲν
2964 5561 3359 5633 στί-σημαίνεται
3384 5563 3441 5633 ἐξ

2011 5634 2178 5705 νόμου
2194 5625 2401 5706 ζεωνῆς,
2428 5625 2599 5687 vove}.
2619 5633 2671 5686 τί
2700 5634 2802 5705 χρὴ
2822 5625 2880 5686 ’ἐὸ
2904 5625 3141 5686 τοιοῦτόὺ
3166 5633 3373 5686 ἐννοεῖν.
3405 5625 3533 5680 Ἀλλὰ
