3692 6138
345 237 484 292 1079

1801 245 1959 301 ORIG
1969 246 2119 302 ΕΝῐὸ

3463 247 3586 304 1680

344 355 710 410 deferentibus
736 355 787 410 in
813 357 1096 427 propatulo
1124 371 1476 429 ponerentur,
1497 370 1550 417 et
1580 361 1823 430 pedibus,
1848 375 1906 418 nt
1936 375 1980 428 Α
2011 368 2142 421 Cain
2174 377 2452 434 peccatum
2478 382 2634 422 suum
2664 377 2718 422 et
2745 367 2877 420 dixit
2907 385 2922 420 :
2958 384 2977 417 ι
3001 364 3171 432 Maius
3201 374 3286 420 est
3313 376 3584 434 peccatum

343 447 417 501 ita
448 448 698 511 dixerim,
733 449 1097 505 conculcanda
1145 453 1520 507 traderentur:
1551 455 1644 507 sed
1677 464 1733 507 ut
1761 493 1776 516 ,
1823 471 1909 507 se-

341 541 576 593 cundum
609 555 668 592 ea
700 555 818 608 qua;
845 555 1001 609 supra
1050 557 1145 610 per
1186 545 1470 610 quamdam
1504 544 1908 598 similitudinem

341 629 596 694 diximus,
623 631 938 698 mysterium
960 631 1042 686 sui
1067 633 1208 702 regis
1237 635 1303 687 ad
1334 649 1532 702 paucos
1561 645 1617 688 et
1643 634 1909 689 occultius

342 720 664 787 perveniret.
698 719 785 771 Ait
815 720 1038 788 itaque:
1071 740 1090 773 ι
1129 723 1269 788 Quid
1309 738 1438 793 ergo
1481 723 1764 778 dicemus?
1801 723 1908 777 Lex

344 819 624 878 peceatum
679 811 872 864 est“?
908 831 928 866 ι
991 812 1238 878 Putasti,
1295 815 1501 883 inquit,
1539 832 1622 869 tne
1678 817 1743 870 de
1795 817 1910 886 lege

343 899 514 970 Moysi
557 902 735 954 dicere
775 903 903 971 quia
950 915 1230 972 peccatum
1262 906 1385 959 est?
1417 925 1436 957 ι
1469 905 1660 967 Absit,
1688 908 1846 959 absit.
1883 925 1902 957 ι

340 993 424 1046 Ad
463 1003 748 1064 utrumque
778 993 1008 1049 sulIiciat
1038 999 1162 1064 quia
1189 1014 1361 1066 neque
1387 1000 1453 1052 de
1484 998 1795 1070 lcgeMaysi
1832 1000 1909 1051 lo-

341 1100 482 1156 quor
506 1126 521 1151 ,
556 1099 729 1155 neque
758 1087 825 1140 de
860 1089 968 1156 ipsa
1002 1090 1123 1144 dico
1154 1092 1277 1160 quia
1327 1101 1605 1160 peccatum
1635 1101 1756 1145 est:
1792 1093 1904 1156 sed,

343 1193 364 1228 ι
403 1175 690 1232 Peccatum
723 1195 825 1232 non
855 1183 1081 1248 cognovi
1115 1182 1214 1234 nisi
1256 1197 1350 1250 per
1382 1182 1571 1252 legem.
1609 1181 1740 1235 Nam
1781 1197 1910 1237 con-

340 1274 732 1339 cupiscentiam
761 1273 1086 1337 nesciebam,
1121 1275 1221 1328 nisi
1255 1276 1336 1328 lex
1366 1275 1570 1330 diceret
1596 1294 1609 1329 :
1641 1275 1754 1329 Non
1779 1291 1910 1329 con-

341 1367 587 1431 cupisces
619 1367 683 1418 ⁸⁷.
733 1385 752 1418 ι
787 1365 1049 1436 lntellige,
1085 1367 1276 1436 inquit,
1311 1368 1375 1421 de
1403 1382 1508 1437 qua
1538 1367 1654 1436 lege
1690 1366 1901 1434 loquar,

341 1471 460 1522 qua:
496 1455 606 1527 (89)
653 1457 749 1511 nisi
793 1466 973 1518 esset,
1015 1467 1296 1524 peccatum
1331 1472 1488 1511 nemo
1531 1465 1906 1526 cognosceret.

339 1545 591 1614 Nunquid
627 1547 791 1618 Moysi
839 1550 920 1601 lex
973 1558 1056 1601 est
1105 1564 1200 1616 per
1246 1563 1410 1618 quam
1443 1549 1614 1602 Adam
1657 1549 1911 1616 cognovit

339 1628 617 1711 peccatiiiii
654 1656 808 1695 suum
834 1680 850 1705 ,
895 1652 949 1695 et
986 1639 1268 1695 abscondit
1301 1655 1360 1695 se
1403 1655 1432 1692 a
1474 1650 1768 1708 conspectu
1804 1639 1907 1692 Do-

341 1732 472 1785 mini
504 1731 592 1785 ⁸⁸2
625 1727 880 1801 Nunquid
910 1731 1076 1804 Moysi
1116 1732 1198 1785 lex
1229 1742 1311 1786 εει
1339 1747 1436 1801 per
1458 1747 1617 1802 quam
1647 1732 1902 1802 cognovit

411 1935 456 1964 "
497 1933 654 1986 Rom.
699 1947 796 1991 vti,
839 1931 891 1982 7.
993 1933 1202 1989 "ibid.
1235 1935 1288 1988 7.
1395 1934 1440 1966 ⁸⁸
1479 1934 1612 1989 Gen.
1657 1949 1738 1989 ιιι.
1772 1934 1804 1987 8

340 2003 386 2036 τ’
419 2002 458 2058 ll
481 2005 604 2058 Cor.
631 2018 714 2066 Ill,
734 2004 788 2057 '5.

338 2185 547 2253 Maysis
599 2183 768 2248 legem
791 2220 806 2242 ,
843 2195 962 2250 qua!
1009 2181 1238 2253 imperat
1273 2179 1542 2253 facienda
1571 2181 1638 2233 iis
1673 2182 1765 2253 qui
1810 2181 1905 2253 ipsi

343 2251 646 2320 subiacent.
675 2253 787 2306 lloc
819 2263 995 2304 autem
1020 2252 1330 2304 declaratur
1361 2253 1412 2302 in
1448 2251 1634 2305 eadem
1671 2251 1903 2318 Epistula

342 2338 398 2379 et
441 2327 524 2378 liis
567 2323 744 2376 verbis
780 2336 794 2373 :
855 2320 959 2373 Lex
1002 2323 1138 2374 enim
1193 2329 1405 2387 proiiter
1467 2322 1905 2390 transgressiones

341 2396 510 2462 posita
545 2402 657 2454 est,
690 2393 854 2444 donec
893 2391 1078 2443 renerit
1119 2390 1404 2462 seiiiei_i_ciii
1440 2395 1757 2462 promisgunt
1797 2401 1904 2451 est,

344 2458 589 2516 ordinata
620 2479 710 2525 per
741 2462 951 2532 angelos
991 2462 1044 2512 in
1073 2477 1228 2532 manu
1259 2458 1568 2532 Metliatoris
1597 2459 1902 2532 (GalatJII,

345 2535 470 2601 i9);
521 2543 577 2585 et
619 2532 703 2586 his
755 2548 768 2584 :
820 2530 964 2583 Adeo
1012 2543 1065 2601 ut
1111 2531 1194 2601 lea:
1222 2538 1396 2601 noster
1432 2530 1745 2599 paidagogus
1787 2531 1904 2601 fue-

343 2599 425 2657 rit'
441 2606 495 2656 in
521 2601 811 2661 Christum,
842 2609 896 2653 ut
935 2616 1000 2653 ea:
1027 2599 1128 2666 ﬁde
1143 2600 1502 2667 justiﬁeemur
1526 2613 1543 2650 :
1571 2612 1622 2654 at
1651 2601 1736 2652 ubi
1764 2600 1904 2652 venit

347 2675 500 2743 ﬁdes,
526 2688 624 2724 non
641 2671 757 2741 jam
773 2670 871 2743 sub
896 2670 1179 2743 ptvdagogo
1201 2685 1400 2743 sumus.
1435 2667 1786 2743 Omnes_e_rtim
1809 2668 1906 2743 ﬁli‘i

349 2733 443 2797 Dei
487 2733 606 2795 estis
639 2733 729 2807 per
751 2733 908 2806 ﬁdem
935 2741 988 2793 in
1015 2733 1222 2792 Christo
1256 2737 1383 2791 Jesu
1440 2739 1572 2793 ibid.
1629 2736 1701 2789 24
1759 2733 1901 2803 seq.)

342 2810 502 2882 Legis
515 2812 676 2864 etiam
696 2812 911 2864 nomine
926 2809 1258 2882 signiﬁcatur
1277 2809 1514 2882 historia_
1512 2809 1650 2882 apud
1666 2809 1910 2882 _Moy_sei_n

344 2877 637 2949 descripta,
678 2877 1128 2946 quemadnmdum
1159 2893 1312 2949 exea
1339 2879 1452 2949 ipsa
1478 2877 1712 2949 Epistola
1746 2878 1912 2949 disci-

343 2969 465 3008 mus
508 2947 592 3005 liis
637 2949 816 3004 verbis
863 2966 875 3001 :
935 2949 1100 3002 Dicite
1145 2948 1310 3008 mihi,
1362 2947 1452 3014 qui
1492 2949 1584 2998 sub
1619 2947 1725 3016 lege
1754 2947 1910 3000 vultis

342 3039 474 3085 esse,
508 3021 605 3088 legi
637 3036 736 3073 non
767 3020 1080 3073 auscultatis
1106 3035 1123 3081 ;
1163 3018 1411 3084 scriptum
1434 3027 1511 3070 est
1537 3019 1668 3088 enim
1699 3031 1717 3069 :
1743 3019 1912 3069 Abrao

343 3095 467 3145 ham
503 3087 634 3145 ditas
675 3090 815 3156 filios
855 3091 1058 3151 habuit,
1100 3104 1259 3142 unum
1292 3103 1358 3140 ea:
1386 3087 1611 3146 ancilla,
1663 3097 1712 3140 et
1748 3103 1910 3139 unum

341 3179 407 3216 ea:
429 3164 622 3227 libera;
653 3163 742 3216 sed
761 3161 850 3228 qui
879 3175 944 3213 ex
969 3158 1485 3218 ancilla,secundum
1509 3174 1723 3228 carnem
1741 3169 1909 3228 natus

343 3243 452 3296 est;
497 3233 586 3300 qui
605 3225 788 3282 autem
823 3245 886 3283 ex
927 3230 1238 3300 libera,_per
1277 3225 1905 3300 promissionem(Galat.

346 3318 420 3366 Iv,
454 3296 518 3355 2i
572 3301 714 3367 seq.)
753 3300 878 3352 Scio
932 3311 982 3352 et
1023 3298 1283 3367 Psalinosg
1312 3297 1479 3366 legem
1521 3296 1812 3364 appellari,
1851 3305 1910 3349 ut

347 3373 563 3438 planum
611 3365 800 3424 est-ex
853 3371 919 3422 iis
974 3391 983 3423 :
1036 3367 1104 3421 L't
1159 3365 1440 3438 impleatur
1487 3382 1654 3419 sermo
1711 3367 1801 3434 qui
1845 3367 1908 3438 in

342 3435 454 3510 lege
490 3443 722 3502 ipsorum
753 3442 978 3510 scriptus
1007 3449 1082 3490 est
1114 3453 1140 3510 :_
1167 3435 1304 3510 Quia
1347 3438 1564 3510 oderunt
1604 3452 1684 3510 me
1715 3437 1904 3505 gratis.

343 3505 530 3580 (Joan.
581 3527 674 3574 xv,
724 3505 993 3580 25).:Sed
1029 3518 1081 3562 et
1123 3507 1273 3580 lsaia;
1299 3505 1610 3580 vaticinium
1637 3505 1720 3559 lex
1749 3522 1906 3580 voea-

346 3574 434 3633 iur
460 3581 529 3633 ab
561 3574 819 3646 Apostolo
841 3578 1051 3634 dicente
1092 3593 1106 3630 :
1143 3576 1210 3630 In
1239 3575 1360 3646 lege
1398 3574 1646 3642 scriptum
1678 3586 1756 3630 est
1787 3591 1806 3629 :
1840 3575 1904 3628 Et

343 3653 396 3704 in
433 3652 554 3704 aliis
585 3645 776 3718 linguis
803 3659 850 3702 et
885 3648 1038 3701 labiis
1069 3647 1190 3700 aliis
1229 3645 1417 3718 loquar
1451 3647 1663 3718 ροριιιοΔ
1678 3646 1820 3704 huic.
1856 3657 1905 3698 et

345 3738 506 3789 neque
546 3723 620 3774 sic
660 3713 874 3773 audient
919 3734 1018 3789 me,
1065 3720 1191 3770 dicit
1223 3713 1480 3789 Daminus
1531 3714 1598 3789 (l_
1624 3713 1745 3772 Cor.
1795 3732 1904 3776 XIV,

341 3786 456 3859 :31).
522 3790 698 3843 Inveni
753 3790 895 3844 enim
942 3788 996 3840 in
1032 3789 1234 3859 Aquilae
1266 3786 1740 3859 interpretatione,
1784 3801 1906 3850 qua:

345 3856 470 3914 huic
507 3863 651 3916 dicto
697 3875 760 3913 ex
801 3873 954 3925 atquo
999 3857 1407 3924 responderent.
1452 3856 1654 3908 Dicitur
1699 3865 1752 3908 et
1797 3859 1904 3917 lex,

344 3931 648 3984 abstrusior
665 3939 713 3982 et
733 3929 967 3984 divinior
987 3928 1119 3992 legis
1143 3925 1516 3992 intelligentia,
1543 3926 1698 3978 sicuti
1732 3926 1782 3978 in
1804 3928 1906 3980 hoc

346 4004 463 4055 loco
517 4017 533 4054 :
581 4000 790 4056 Scimus
835 3999 970 4051 enim
1022 3997 1182 4064 legem
1230 4011 1342 4048 esse
1393 3993 1680 4062 spiritalem
1730 3995 1901 4064 (Rom.

1941 2701 1982 2755 Β

490 4051 614 4136 iis):
633 4051 729 4122 iAd
770 4051 912 4132 llaec,
948 4067 1029 4120 lex
1057 4051 1277 4127 dicitur,
1307 4051 1429 4132 quid
1444 4051 1747 4136 secundum
1765 4081 1904 4117 coni-
1931 4051 1976 4112 C

345 4133 568 4195 munem
602 4154 844 4200 sensum,
895 4139 1090 4190 anima:
1121 4135 1276 4189 insita
1305 4145 1421 4202 est,
1463 4146 1535 4197 et,
1574 4143 1632 4186 ut
1667 4133 1904 4202 loquitur

344 4210 650 4277 Scriptura,
682 4209 944 4275 inscripta
971 4207 1151 4271 cordi,
1185 4207 1458 4277 imperans
1481 4219 1602 4277 quae
1633 4203 1902 4277 iacienda,

342 4291 397 4332 et
422 4275 615 4334 vetans
638 4293 758 4348 quae
798 4294 903 4333 non
935 4277 1202 4338 facienda,
1233 4275 1457 4348 quodet
1488 4276 1572 4328 his
1596 4275 1780 4348 verbis
1807 4276 1904 4328 de-

342 4349 583 4403 claratur
639 4345 670 4402 :'
707 4347 836 4402 Cum
865 4349 1001 4400 enim
1033 4358 1205 4414 gentes
1228 4362 1344 4414 qua:
1368 4346 1530 4413 legem
1554 4361 1655 4398 non
1690 4345 1904 4406 habent,

343 4432 559 4485 natura,
596 4436 712 4489 qua:
754 4420 880 4487 legis
913 4427 1054 4489 sunt,
1087 4417 1334 4489 faciant:
1364 4416 1419 4467 hi
1460 4419 1546 4482 qui
1596 4416 1759 4482 legent
1784 4433 1906 4489 _non

341 4484 557 4551 habent,
603 4484 702 4542 sibi
742 4484 841 4556 ipsi
872 4497 993 4540 sunt
1039 4487 1143 4546 lex,
1189 4487 1276 4554 qui
1307 4489 1583 4537 ostendunt
1621 4502 1746 4556 opus
1775 4484 1904 4552 legis

342 4561 594 4625 scriptum
644 4560 702 4613 in
747 4553 992 4612 cordibus
1038 4556 1178 4619 suis,
1224 4558 1572 4607 testimonium
1611 4553 1905 4617 perhibente

341 4631 575 4697 ipsorum
615 4630 934 4682 conscientia
975 4626 1151 4697 (Hom.
1200 4641 1258 4688 ιι,
1299 4625 1388 4697 14,
1433 4626 1541 4692 15).
1568 4696 1574 4697 γ
1604 4628 1732 4689 Quae
1760 4627 1904 4677 enim

342 4695 399 4754 in
437 4699 694 4752 cordibus
730 4701 927 4764 scripta
974 4695 1056 4749 est
1088 4695 1171 4750 lex
1194 4734 1208 4757 ,
1257 4705 1312 4747 et
1346 4696 1396 4746 in
1431 4696 1681 4761 gentibus
1713 4708 1901 4746 natura

343 4785 464 4836 qua:
506 4770 590 4822 lex
615 4769 769 4838 jubet
797 4768 1121 4821 facientibus
1142 4805 1156 4828 ,
1191 4781 1296 4817 non
1327 4765 1426 4816 alia
1462 4775 1545 4818 est
1569 4765 1636 4817 ab
1669 4779 1754 4838 ea,
1787 4780 1906 4832 qua:

343 4834 636 4893 secundum
673 4853 1015 4892 communem
1059 4852 1274 4890 sensum
1315 4846 1502 4886 natura
1532 4834 1784 4900 inscripta
1825 4844 1907 4886 est

342 4910 570 4979 principi
607 4911 742 4976 parti
777 4919 994 4970 nostras,
1026 4917 1080 4959 et
1113 4922 1230 4979 qua:
1257 4905 1500 4979 quotidie
1529 4920 1647 4979 cuin
1680 4904 1906 4979 rationis

345 4974 679 5049 perfectione
721 4995 782 5032 ac
821 4978 1283 5049 consummatione
1335 4974 1655 5049 adultiorlit
1690 4985 1744 5027 et
1773 4975 1903 5049 soli-

343 5042 484 5102 dior-
512 5048 610 5104 llic
627 5059 744 5101 erat
772 5049 904 5114 legis
933 5047 1270 5115 signiﬁcatus
1303 5055 1357 5100 et
1381 5047 1431 5096 in
1459 5045 1557 5115 hoc
1579 5045 1696 5098 loco
1723 5061 1736 5097 :
1775 5042 1906 5096 Pec-

343 5131 518 5174 catum
562 5137 662 5174 non
696 5112 1130 5182 imputatur'cum
1158 5133 1259 5168 non
1285 5127 1360 5169 est
1385 5116 1467 5166 lea:
1500 5112 1672 5182 (Rom.
1705 5129 1756 5179 ν,
1779 5115 1901 5184 1³5);

342 5203 397 5242 στι
433 5208 484 5244 ιιι
518 5192 617 5244 hoc
665 5206 678 5241 :
735 5189 1017 5258 Peccatum
1067 5203 1169 5240 non
1209 5185 1422 5258 cognoui
1473 5185 1705 5258 nisiper
1743 5187 1904 5253 legem

343 5259 516 5322 (Hom.
554 5277 646 5325 vit,
679 5261 764 5329 7);
806 5269 930 5310 ante
962 5257 1129 5326 legem
1175 5254 1320 5329 enim
1349 5256 1550 5329 Moysis
1585 5254 1904 5329 imputatum

340 5343 419 5382 csl
457 5326 732 5398 peccatum
767 5339 819 5384 et
855 5329 1021 5398 Cain,
1051 5335 1104 5380 et
1141 5327 1229 5393 qui
1255 5327 1450 5398 diluvio
1483 5326 1899 5398 a-bsorptirsunt,

2012 476 2212 521 meum,
2237 475 2395 528 quam
2426 469 2482 511 ιιι
2519 459 2792 527 relinquar
2817 458 2862 490 “
2884 458 2909 510 τ
2940 477 2958 510 i
2994 462 3099 510 Aut
3128 473 3229 522 per
3258 472 3425 524 quam
3457 455 3584 510 Pha-

2011 566 2105 604 rao
2139 550 2389 619 cognovit
2431 561 2713 618 peccatum
2745 564 2933 610 suum,
2965 559 3018 598 et
3059 546 3235 599 dixit:
3273 565 3292 596 ι
3333 546 3581 598 Dominus

2009 642 2182 711 justus
2215 650 2318 706 est,
2351 655 2450 710 ego
2479 651 2659 693 autem
2703 649 2757 692 et
2798 638 3022 707 populus
3069 651 3220 690 meus
3267 637 3417 702 impii
3442 635 3530 687 "2
3557 655 3576 686 ι

2010 733 2160 799 Quod
2191 733 2234 786 si
2281 733 2332 785 lii
2366 745 2577 794 omnes,
2609 731 2806 800 aliique
2844 731 3108 784 innumeri
3151 740 3280 782 ante
3307 729 3474 798 Moysi
3509 729 3581 781 leo

2011 840 2128 892 gem
2159 832 2531 893 cognoverunt
2577 832 2852 891 peccatum
2900 837 3052 875 suum
3079 861 3092 882 ,
3142 836 3246 873 non
3283 819 3448 890 582
3487 823 3582 874 erit

2011 915 2128 968 sine
2161 915 2320 968 dubio
2357 913 2522 984 Moysi
2559 913 2644 966 lex
2691 915 2756 965 de
2793 927 2897 979 qua
2943 911 3078 964 dic-it
3105 911 3424 981 Apostolus.
3459 912 3577 977 quia

2015 1023 2033 1056 ι
2070 1015 2350 1071 peccatum
2385 1019 2488 1056 non
2525 1001 2752 1069 cognovi
2787 1000 2887 1054 nisi
2932 1016 3029 1069 per
3070 1000 3241 1066 legem
3273 1000 3356 1062 7‘;
3397 1017 3415 1048 ι
3447 1000 3583 1050 etde

2010 1109 2114 1164 qua
2151 1094 2279 1148 dicit
2307 1092 2416 1164 (90)
2446 1111 2458 1145 :
2515 1111 2534 1144 ι
2570 1092 3079 1159 Concupiscentiam
3126 1085 3437 1144 nesciebam
3486 1091 3579 1141 nisi

2011 1190 2094 1244 lex
2122 1190 2326 1243 diceret
2358 1206 2371 1242 :
2408 1188 2527 1240 Non
2558 1185 2948 1253 concupisces;
2987 1201 3006 1234 ι
3042 1183 3135 1237 sed
3162 1193 3247 1236 est
3279 1183 3370 1234 illa
3408 1183 3492 1235 lex
3523 1188 3583 1232 «te

2010 1297 2112 1352 qua
2141 1280 2451 1348 frequenter
2478 1277 2713 1331 diximus
2733 1316 2748 1340 ,
2779 1289 2896 1342 quae
2926 1275 2978 1327 in
3025 1275 3301 1328 hominum
3329 1274 3584 1325 cordibus

2017 1393 2034 1422 ι
2067 1373 2266 1441 scripta
2291 1383 2396 1433 est,
2416 1386 2517 1423 non
2546 1377 2868 1432 atramento,
2892 1368 2985 1420 sed
3009 1366 3210 1434 Spiritu
3237 1365 3328 1417 Dei
3355 1365 3460 1415 vivi
3482 1365 3576 1423 ",-

2009 1474 2064 1518 et
2098 1465 2256 1518 docet
2280 1475 2716 1530 unumquemque
2748 1461 2876 1528 quid
2908 1459 3176 1528 agendum
3207 1458 3302 1520 sit,
3338 1458 3464 1524 quid
3501 1473 3580 1508 ca-

2016 1556 2266 1606 vendum.
2297 1553 2414 1620 Ipsa
2445 1561 2529 1604 est
2560 1566 2690 1620 ergo
2742 1565 2837 1616 per
2881 1565 3042 1618 quam
3088 1549 3368 1617 cognoscit
3426 1549 3580 1598 homo

2012 1655 2291 1716 peccatum
2323 1659 2498 1698 suum.
2529 1645 2726 1709 Aperte
2777 1641 2864 1694 liic
2899 1640 3196 1693 naturalem
3251 1639 3427 1706 legem
3455 1639 3580 1690 dicit

2013 1735 2200 1788 tandiu
2233 1731 2466 1802 ignorari
2517 1746 2546 1782 a
2599 1728 3057 1796 nobis,quandiu
3105 1727 3282 1779 artatis
3330 1740 3579 1793 processu

2512 1929 2558 1958 "°
2599 1927 2766 1981 Exod.
2800 1943 2873 1988 ix,
2911 1925 3000 1979 27.
3103 1925 3149 1958 "
3195 1923 3353 1981 Rom.
3393 1941 3487 1990 vii,
3530 1927 3577 1978 ἶ.

2017 1934 2150 1986 Cen.
2208 1947 2278 1995 iv,
2327 1932 2410 1984 15.

2017 2197 2214 2233 menses
2247 2196 2514 2248 superesse
2543 2190 2593 2235 et
2630 2182 2808 2234 messis
2831 2182 2970 2236 venit
2992 2182 3016 2234 1’
3035 2181 3276 2234 Altollite
3297 2180 3500 2242 oculos,
3535 2195 3579 2236 et

2017 2251 2184 2321 ridete
2239 2251 2511 2317 regiones,
2567 2254 2691 2319 quia
2733 2253 2848 2321 jam
2897 2252 3029 2305 alba:
3072 2263 3190 2303 sunt
3241 2257 3310 2302 ad
3374 2268 3578 2305 messe:

2017 2320 2196 2389 (Joan.
2255 2335 2344 2383 tv,
2410 2321 2519 2380 55).
2598 2323 2684 2374 Bis
2737 2320 2894 2374 cnim
2945 2322 3136 2374 messis
3205 2321 3576 2374 nominatur:

2015 2392 2163 2458 prius
2187 2391 2402 2461 quidem
2431 2393 2494 2443 ad
2513 2407 2830 2461 corpoream
2854 2405 3078 2444 messem
3099 2389 3372 2461 refertur;
3410 2404 3579 2458 postc—

2017 2461 2132 2512 rius
2158 2475 2287 2513 vero
2319 2460 2386 2512 ad
2420 2460 2648 2515 messem
2698 2461 2940 2528 spiritus.
2983 2460 3169 2513 Simile
3208 2471 3396 2512 autem
3434 2462 3580 2514 inve-

2014 2530 2134 2582 nies
2166 2531 2217 2582 in
2251 2545 2393 2584 caeco
2423 2534 2490 2583 ab
2520 2533 2634 2597 ipso
2669 2543 2793 2585 natu
2825 2540 3044 2589 curato,
3075 2531 3158 2582 cui
3193 2531 3306 2583 lia-c
3350 2530 3580 2598 loquitur

2014 2614 2240 2666 corpore
2293 2602 2593 2654 cecrtttienti
2653 2619 2666 2655 :
2721 2599 2831 2668 Ego
2885 2601 2954 2651 ad
3003 2601 3266 2669 judicium
3337 2601 3395 2651 in
3451 2602 3579 2652 hunc

2012 2670 2262 2721 mundum
2302 2671 2433 2732 veni,
2468 2683 2521 2723 ut
2547 2673 2638 2739 qui
2676 2688 2774 2723 non
2803 2671 2987 2726 rident,
3036 2671 3242 2739 rideant
3264 2710 3279 2730 ,
3306 2682 3355 2719 et
3387 2673 3480 2737 qui
3512 2673 3580 2722 ei-

2013 2739 2166 2802 dent,
2229 2740 2351 2791 cwci
2391 2741 2520 2806 [iant
2559 2738 2772 2807 ’(Joan.
2823 2756 2911 2801 Ix,
2961 2740 3070 2806 39).
3116 2738 3205 2792 Sic
3253 2750 3310 2792 et
3363 2758 3378 2792 :
3430 2741 3578 2793 Nunc

2011 2810 2134 2879 sine,
2151 2810 2256 2879 lege
2284 2817 2489 2863 natura:
2507 2812 2716 2878 justitia
2743 2811 2835 2864 Dei
2867 2811 3132 2879 apparuit,
3176 2811 3484 2879 testimonio
3510 2813 3577 2862 le-

2011 2880 2089 2946 gis
2111 2878 2309 2949 Mogsis
2344 2888 2390 2930 et
2413 2877 2782 2948 prophetarum
2800 2877 3149 2948 pratnuntiata
3165 2877 3341 2945 (Rom.
3367 2895 3449 2934 ιιι.
3469 2881 3575 2944 2|);

2013 2949 2241 3019 dixerim
2276 2963 2403 3002 vero
2429 2950 2494 3002 iis
2529 2951 2622 3019 qui
2664 2951 2909 3004 dubitant
2942 2950 3205 3016 duplicrm
3240 2949 3377 3018 legis
3414 2955 3578 3018 signi-

2013 3017 2231 3071 llcatum
2269 3017 2623 3086 reciperefsi
2665 3020 2745 3072 lex
2775 3021 2964 3074 eadem
2998 3019 3267 3086 accipitur
3303 3017 3361 3071 et
3397 3021 3448 3071 in
3471 3017 3578 3074 line

2012 3085 2132 3158 loco
2175 3107 2188 3142 :
2229 3085 2391 3141 Nunc
2426 3099 2598 3143 autem
2641 3092 2751 3143 sine
2788 3090 2899 3158 lege
2925 3085 3131 3155 justitia
3158 3089 3254 3141 Dei
3296 3090 3504 3156 illuxit,
3529 3105 3578 3144 et

2013 3156 2065 3210 in
2114 3158 2204 3212 illo
2246 3173 2261 3210 :
2307 3159 2346 3210 Α
2378 3158 2487 3225 lege
2519 3171 2568 3212 et
2619 3156 2880 3228 prophetis
2913 3161 3290 3226 pra’nuntiata.
3354 3161 3411 3211 Si
3459 3167 3576 3214 alis-

2010 3241 2116 3294 que
2159 3229 2272 3298 lege
2310 3231 2581 3296 apparuit,
2611 3246 2712 3282 non
2746 3245 2773 3281 ιι
2805 3230 2941 3296 legis
2974 3231 3284 3282 testimonio
3320 3246 3572 3295 przeiiun-

2013 3299 2176 3351 tiatur
2205 3317 2219 3352 :
2251 3299 2295 3354 si
2338 3314 2467 3351 vero
2503 3299 2634 3367 legis
2677 3300 2986 3352 testimonio
3014 3299 3436 3367 comprobatur,
3476 3319 3574 3354 non

2010 3369 2129 3439 sine
2163 3370 2280 3437 lege
2302 3368 2572 3423 declarata
2595 3379 2698 3422 est.
2726 3368 2999 3422 Justitiam
3038 3370 3218 3437 itaque
3259 3369 3380 3432 Dei,
3409 3387 3571 3439 quin:

2009 3434 2134 3491 Jesu
2155 3434 2372 3493 Cliristo
2393 3440 2662 3492 declarata
2701 3451 2805 3501 cst,
2835 3434 3172 3508 nequaquam
3201 3454 3302 3492 suo
3337 3434 3573 3493 tesiimo-

2011 3508 2100 3579 nio
2129 3512 2448 3576 comprobat
2497 3520 2700 3562 natura:
2739 3511 2822 3563 lex
2855 3511 3074 3562 :minor
3109 3511 3256 3560 enim
3306 3523 3390 3562 est
3443 3513 3570 3579 ipsa.

2010 3575 2130 3648 Lex,
2145 3575 2322 3632 autem
2349 3579 2566 3648 Moysis,
2593 3596 2695 3632 non
2729 3580 2922 3637 littera,
2951 3581 3041 3631 sed
3073 3581 3317 3644 spiritus.
3336 3592 3393 3633 et
3419 3575 3573 3648 spiri-

2011 3649 2085 3699 tui
2120 3647 2252 3718 legis
2282 3647 2667 3714 respondentes
2687 3651 2992 3717 pr0pbetie:
3026 3660 3078 3700 et
3100 3651 3192 3716 qui
3229 3651 3279 3701 in
3303 3647 3572 3716 ipsissunt

2009 3733 2286 3772 sermones
2335 3719 2628 3786 Spit-italos.
2689 3719 2870 3784 Quare
2923 3720 3211 3788 diligenter
3272 3722 3568 3775 observare

2007 3798 2219 3853 oportet
2250 3805 2372 3841 eum
2403 3791 2490 3854 qui
2528 3791 2737 3842 divinas
2769 3791 3076 3856 Scriptnras
3105 3789 3440 3855 pet-volutat,
3469 3807 3567 3843 non

2009 3872 2102 3911 eas
2134 3872 2348 3925 semper
2377 3859 2559 3912 iisdem
2593 3860 2849 3920 vocibus,
2885 3875 2989 3911 non
3023 3860 3210 3912 iisdem
3252 3859 3414 3912 rebus
3453 3864 3525 3913 uti
3557 3880 3570 3914 :

2007 3929 2150 3994 quod
2187 3930 2452 3980 interdum
2483 3929 2803 3997 faciantper
2833 3929 3387 3995 cngnoniiuationem,
3411 3947 3571 3996 quan-

2008 3999 2183 4068 doque
2232 4014 2326 4065 per
2375 3999 2654 4067 liguratain
2698 4000 2985 4060 rationem,
3033 4001 3325 4064 aliquando
3360 4012 3572 4068 propter

2007 4067 2324 4139 elocutionis
2353 4080 2689 4133 contextum,
2712 4071 2799 4136 qui
2827 4068 2998 4138 exigit
3022 4079 3076 4120 ιιι
3105 4071 3265 4121 aliter
3293 4069 3346 4120 in
3380 4067 3567 4139 aliqui-

2009 4137 2107 4206 bus
2141 4137 2304 4190 dictio
2341 4149 2660 4205 nsurpclnr,
2699 4155 2858 4206 quam
2906 4137 2958 4189 ιιι
2998 4140 3050 4190 in
3098 4139 3222 4190 aliis
3266 4141 3439 4205 posita
3468 4137 3563 4192 est.

2007 4205 2160 4272 Quod
2201 4209 2244 4261 si
2273 4218 2481 4260 attente
2503 4205 2869 4272 observemus,
2901 4211 3103 4261 multos
3137 4209 3318 4274 lapsus
3341 4211 3566 4262 evitabi-

2007 4292 2126 4330 mus
2177 4287 2230 4332 et
2287 4279 2536 4331 sinistras
2588 4279 3079 4346 interpretationes.
3143 4279 3436 4332 Sciendum
3491 4291 3569 4334 est

2010 4348 2306 4412 itaquenon
2331 4350 2517 4402 eodem
2542 4343 2752 4417 semper
2804 4343 3108 4413 significatu
3172 4346 3338 4417 poni,
3401 4351 3562 4414 cidit,

2007 4417 2099 4470 sed
2126 4417 2414 4486 aliquando
2443 4420 2493 4470 in
2524 4419 2638 4470 visu
2677 4425 2942 4487 corporis,
2974 4424 3110 4470 idem
3151 4421 3422 4470 interdum
3455 4435 3564 4470 esse

2007 4487 2148 4553 quod
2203 4487 2520 4555 intelligere.
2563 4487 2618 4541 ld
2650 4490 2794 4541 enim
2840 4489 3090 4541 universe
3133 4487 3418 4541 sciendum
3460 4500 3563 4550 est,

2007 4561 2150 4624 quod
2177 4573 2297 4610 cum
2326 4560 2603 4612 decretum
2631 4559 2700 4610 sit
2731 4558 2954 4625 Spiritui
2982 4574 3070 4624 qui
3095 4559 3147 4610 in
3183 4560 3467 4627 prophetis
3489 4560 3562 4608 ln-

2007 4627 2224 4695 qnitur,
2272 4627 2632 4691 abscondere,
2673 4643 2847 4694 neque
2884 4629 3056 4694 palatii
3101 4642 3378 4695 exponere
3416 4647 3563 4680 sensa

2011 4697 2284 4760 teritatis;
2314 4697 2765 4765 quemadmodum
2791 4698 2990 4751 Christi
3025 4700 3208 4763 verbo,
3264 4699 3315 4749 in
3352 4712 3562 4766 aposto-

2009 4767 2103 4830 lis;
2135 4783 2277 4836 saepe
2307 4779 2360 4820 et
2385 4769 2484 4820 sub
2514 4768 2784 4820 locutione
2807 4768 3187 4835 permiscetur,
3211 4783 3391 4833 neque
3414 4769 3562 4836 quasi

2009 4841 2108 4890 sub
2132 4854 2292 4890 unum
2326 4839 2520 4891 seriem
2545 4838 2804 4891 orationis
2843 4841 3176 4900 contexitur,
3217 4854 3284 4889 ne
3316 4841 3563 4890 videlicet

2011 4909 2210 4972 indigni
2254 4907 2318 4961 ad
2357 4908 2554 4961 anima:
2584 4923 2694 4960 sua:
2719 4909 2980 4977 judicium
3012 4911 3286 4961 inveniant
3310 4924 3433 4976 qum
3469 4922 3565 4960 un-

2009 4979 2130 5030 liter
2159 4977 2263 5031 illis
2295 4977 2605 5032 abscondita
2635 4975 2780 5030 sunt.
2822 4975 2950 5042 Quté
2986 4987 3041 5030 ιιι
3079 4975 3369 5046 plurimum
3406 4995 3558 5032 causa

2006 5059 2121 5110 est,
2157 5062 2252 5100 cnr
2289 5049 2573 5102 videantur
2615 5048 2909 5116 Scriptura:
2943 5065 3047 5100 non
3083 5050 3216 5101 satis
3249 5059 3378 5115 apta
3417 5064 3558 5102 com-

2008 5118 2275 5187 positione
2296 5128 2350 5169 et
2380 5119 2761 5172 consecutione
2797 5120 3097 5181 coluerere,
3147 5122 3386 5171 maxime
3416 5135 3558 5180 vero,

2009 5189 2085 5240 uti
2122 5189 2370 5255 superius
2390 5188 2646 5246 diximus.
2680 5190 2990 5257 prophetica
3019 5202 3072 5242 et
3097 5191 3416 5254 apostolica,
3446 5190 3556 5256 Epi-

2007 5258 2143 5312 stola
2185 5261 2480 5326 priesertini
2522 5259 2586 5310 ad
2624 5259 2928 5324 Romanos,
2971 5261 3020 5312 in
3049 5275 3152 5327 qua
3194 5275 3318 5325 quae
3353 5262 3416 5312 de
3449 5262 3554 5328 lege

2008 5330 2282 5392 dicuntur,
2307 5328 2536 5383 diversis
2563 5331 2734 5382 modis
2763 5331 3032 5392 dicuntur,
3058 5342 3112 5383 et
3146 5329 3380 5382 diversis
3407 5330 3554 5382 rebus

341 5410 395 5452 et
427 5395 742 5463 Sodouiitis,
765 5399 954 5454 etaliis
981 5397 1305 5470 innumeris.
1323 5397 1388 5449 Et
1413 5395 1714 5470 multi-ante
1733 5397 1899 5470 legem
1933 5397 1980 5456 υ
2007 5401 2378 5466 imponuntur,
2406 5412 2466 5452 ut
2497 5399 2744 5452 videatur
2783 5400 2975 5454 Paulus
2996 5401 3046 5453 in
3068 5401 3160 5453 illa
3182 5399 3420 5470 Epistola
3447 5414 3551 5452 rent

343 5471 540 5541 Moysis
556 5483 832 5538 peccatum
859 5477 1244 5541 cognoverunt.
1268 5467 1373 5541 Nec
1399 5465 1768 5541 mireris_quod
1784 5469 1902 5541 duas

344 5535 476 5608 legis
503 5535 1104 5608 signiticationcs'vocis
1132 5537 1290 5601 hujus
1323 5535 1732 5608 ineodenrluco
1749 5538 1896 5588 acci-

344 5604 584 5673 piuntur:
616 5611 769 5666 llnnc
787 5611 928 5666 enim
954 5624 1160 5663 morem
1178 5619 1233 5662 et
1262 5609 1314 5661 in
1345 5607 1466 5658 aliis
1493 5604 1784 5674 Scripturis
1814 5610 1894 5658 iii-

349 5680 655 5746 venieinus;
693 5679 1141 5750 quemadmodum
1185 5698 1197 5735 :
1245 5677 1431 5732 Nonne
1464 5675 1637 5729 dicitis
1666 5689 1895 5742 quatuor

2006 5471 2330 5538 propositam
2361 5486 2463 5523 non
2490 5471 2730 5537 exsequi.
2749 5488 2768 5522 ι

2077 5539 2186 5607 (δυ)
2223 5539 2382 5606 Ειιιιὶ,
2412 5557 2432 5592 ι
2466 5543 2630 5608 quod,
2671 5558 2692 5591 ι
2731 5539 2889 5594 male.

2075 5609 2187 5680 tuo)
2213 5610 2377 5676 Editi,
2407 5627 2428 5662 ι
2465 5612 2691 5666 dicebat.
2727 5628 2749 5663 ι
