3692 6138
91 255 221 312 1081

1046 252 1402 310 COMMENT.
1440 252 1508 308 IN
1549 252 1767 308 EPIST.
1802 251 1894 306 AD
1925 251 2094 309 ROM.
2131 252 2258 311 LIB.
2300 253 2387 311 Vl.

3212 259 3347 316 1082

95 372 412 431 noverimus
446 372 586 427 inter
613 372 812 426 bonum
847 379 903 427 et
930 371 1130 427 malum
1161 373 1498 440 discernere,
1543 383 1600 428 et
1643 389 1674 427 a
1704 381 1749 435 Α
1779 373 2090 439 aliquando.
2125 374 2231 428 Sed
2260 373 2347 427 ubi
2385 374 2532 429 venit
2559 373 2871 428 mandatum
2895 415 2911 440 ,
2949 382 3228 444 peccatum
3259 393 3346 431 re-

90 466 425 522 conscientia
457 476 636 520 nostra
671 465 787 534 (9|)
836 465 1191 519 audierimus.
1223 465 1492 534 Loquitur
1524 466 1670 520 enim

93 559 244 613 nobis
268 557 412 610 intra
441 557 828 611 conscientiam
862 554 1000 624 (92),
1035 567 1089 610 et
1122 557 1290 610 dicit:
1333 575 1353 606 ι
1387 555 1504 610 Non
1535 572 1670 611 con-

90 652 358 718 eupisces.
400 669 420 703 ι
459 649 563 702 Sed
593 649 851 718 quoniam
880 663 985 701 non
1013 662 1261 717 semper,
1294 663 1392 703 nec
1417 663 1484 701 ex
1518 648 1672 702 initio

91 753 147 795 ut
180 743 430 796 nascitur
459 741 640 800 homo,
671 739 754 792 lex
792 739 892 792 ista
920 738 1192 792 invenitur
1229 739 1281 792 in
1310 739 1548 803 homine,
1577 739 1671 793 sed

92 835 430 904 aliquandiu,
455 834 581 887 dum
611 843 747 886 aetas
776 833 1010 887 nondum
1041 832 1264 900 patitur,
1286 832 1404 886 sine
1425 834 1526 884 hac
1557 830 1672 900 lege

91 926 304 990 vivitur,
329 925 474 979 sicut
503 931 558 978 et
593 924 708 992 ipse
735 921 935 977 Paulus
959 923 1158 976 fatetur
1182 923 1273 992 qui
1298 923 1430 978 dicit
1459 941 1473 976 :
1509 941 1528 973 ι
1558 922 1670 992 Ego

91 1031 264 1071 autem
303 1017 551 1070 vivebam
580 1018 700 1070 sine
743 1020 857 1085 lege
901 1014 1211 1083 aliquando,
1248 1033 1267 1066 ι
1311 1017 1362 1068 in
1406 1014 1496 1066 illo
1530 1027 1668 1068 tent~

94 1125 218 1178 pore
241 1125 349 1178 quo
373 1110 492 1162 sine
516 1108 901 1178 legevixirnus,
925 1107 1424 1176 concupiscentiam
1457 1107 1667 1161 nescie-

93 1200 298 1253 bamus.
331 1197 448 1252 Non
479 1199 644 1262 dixit,
684 1213 788 1252 non
827 1199 1114 1262 habebam,
1147 1201 1242 1253 sed
1276 1200 1372 1264 ait,
1406 1216 1426 1248 ι
1466 1199 1670 1252 nescie-

97 1291 236 1354 bam,
275 1308 295 1341 ι
331 1298 596 1357 tanquam
618 1304 737 1358 quae
763 1297 903 1343 esset
939 1288 1180 1357 quidem,
1210 1289 1550 1358 ignoraretur
1588 1296 1669 1340 ta—

98 1396 214 1434 tuen
244 1382 391 1449 quod
429 1389 578 1435 esset
629 1381 1090 1449 concupiscentia.
1143 1379 1246 1434 Ubi
1289 1389 1472 1435 autem
1519 1380 1670 1434 venit

97 1472 251 1537 ratio,
272 1481 329 1525 et
359 1472 443 1526 lex
477 1471 743 1526 naturalis
769 1473 948 1526 locum
981 1472 1034 1526 in
1067 1470 1222 1527 nobis
1247 1487 1506 1541 processu
1538 1481 1668 1524 reta-

98 1569 162 1621 tis
193 1568 420 1632 invenit,
447 1568 644 1622 docere
694 1582 794 1622 nos
827 1566 994 1633 erepit
1041 1581 1163 1635 quae
1206 1576 1386 1620 essent
1418 1567 1580 1631 bona,
1612 1573 1669 1618 et

97 1661 377 1729 prohibere
409 1676 438 1712 a
472 1661 646 1714 malis.
690 1659 814 1714 Haec
839 1675 970 1730 ergo
997 1659 1123 1713 dum
1159 1659 1290 1713 dicit
1318 1657 1454 1730 (95),
1506 1677 1523 1708 ι
1560 1673 1664 1712 ιιοιι

1774 465 2072 535 vixit.Ego
2113 479 2292 519 autem
2343 477 2589 520 mortuus
2621 482 2783 530 sum;
2829 475 2881 519 et
2932 469 3215 520 inventutn
3265 481 3350 523 est

1773 559 1905 612 mihi
1953 559 2265 611 mandatmn
2291 600 2304 619 ,
2336 559 2480 626 quod
2513 569 2631 610 erat
2663 559 2728 610 ad
2761 560 2966 623 vitam,
2997 560 3099 613 hoc
3129 575 3251 614 esse
3281 562 3348 614 ad

1773 658 2004 703 mortem
2030 649 2176 701 7"".
2205 666 2224 699 ι
2248 649 2322 702 De
2347 650 2430 703 bis
2460 664 2596 718 pene
2617 649 2869 703 omnibus
2892 651 3003 720 jam
3030 651 3081 704 in
3109 655 3351 721 superio-

1772 742 1926 795 ribus
1978 741 2134 811 plene
2165 751 2452 795 tractatum
2490 751 2616 807 est;
2649 744 2789 798 unde
2837 759 2903 796 ne
2931 743 3120 797 eadem
3151 745 3349 812 saepius

1773 833 2133 895 revolvamus,
2165 833 2404 887 breviter
2441 849 2565 904 quae
2606 835 2750 888 dicta
2781 845 2904 888 sunt
2935 835 2990 888 itt
3028 837 3346 889 memoriam

1773 925 2174 979 revocabimus.
2207 925 2338 979 Sine
2370 927 2488 996 lege
2534 939 2713 980 autem
2754 937 3036 996 peccatum
3077 937 3345 981 mortuum

1771 1031 1891 1070 esse
1915 1016 1969 1070 in
2002 1017 2180 1078 nobis,
2213 1017 2317 1070 hoc
2344 1027 2427 1071 est
2476 1029 2769 1087 antequam
2809 1034 2904 1086 per
2939 1027 3150 1072 aetatem
3182 1022 3349 1072 ratio—

1771 1109 1973 1164 nabilis
2004 1109 2150 1162 intra
2201 1125 2301 1163 nos
2330 1124 2521 1164 sensus
2546 1110 2787 1179 vigeret,
2831 1110 3190 1173 oswndimus,
3223 1126 3344 1162 cum

1769 1202 1933 1254 etiam
1962 1202 2270 1269 exemplum
2305 1201 2380 1273 (1)
2426 1203 2576 1270 pueri
2624 1203 2982 1270 percutientis
3013 1212 3216 1271 patrem
3256 1213 3348 1254 attt

1772 1304 2024 1360 matrem,
2053 1295 2136 1346 vel
2170 1293 2540 1349 maledicentis
2565 1294 2910 1348 adduximus.
2943 1294 2995 1346 ln
3021 1309 3130 1364 quo
3152 1310 3348 1348 secun-

1771 1385 1898 1439 dum
1942 1385 2115 1454 legem
2148 1386 2365 1454 quidem
2412 1387 2787 1454 prohibentem
2822 1387 3029 1454 percuti
3066 1385 3144 1438 vel
3179 1385 3348 1438 male-

1769 1479 1876 1532 dici
1906 1490 2112 1546 patrem
2144 1490 2238 1532 aut
2267 1492 2494 1535 matrem
2528 1480 2597 1543 ⁷⁸,
2631 1489 2910 1548 peccatum
2946 1477 3058 1532 fieri
3093 1479 3342 1532 videtur:

1770 1569 1861 1622 sed
1900 1570 2040 1623 istud
2074 1581 2362 1639 peccatum
2393 1582 2668 1625 mortuum
2706 1585 2828 1625 esse
2853 1570 3075 1633 dicitur,
3105 1571 3232 1640 quia
3262 1570 3344 1622 lex

1773 1663 2010 1716 nondmtt
2041 1662 2194 1718 adest
2223 1662 2275 1716 in
2303 1678 2471 1731 puero
2496 1703 2511 1727 ,
2539 1678 2658 1732 quae
2684 1679 2807 1716 eum
2854 1664 3040 1715 doceat
3073 1663 3172 1715 hoc
3199 1661 3341 1730 quod

97 1752 469 1818 concupisces.
509 1769 528 1800 ι
567 1749 711 1819 quod
745 1761 873 1803 ante
909 1749 1306 1813 nesciebamus,
1337 1751 1406 1802 ab
1436 1749 1549 1817 ipsa
1579 1748 1665 1801 di-
1699 1725 1740 1782 Β
1770 1751 1920 1816 facit,
1949 1753 2064 1808 ﬁeri
2099 1768 2204 1807 non
2233 1753 2419 1807 licere.
2450 1753 2580 1807 Sine
2613 1753 2711 1804 hac
2745 1763 2926 1804 :ttllettt
2969 1751 3081 1820 lege
3115 1760 3169 1803 et
3199 1749 3343 1801 Pau-

97 1843 316 1897 dicinius
343 1843 544 1896 malam
577 1857 701 1899 esse
745 1841 1260 1912 concupiscentiam.
1309 1859 1327 1892 (
1369 1841 1666 1896 Occasione

98 1944 264 1987 autem
297 1947 546 2004 accepta,
579 1943 856 2003 peccatum
902 1949 998 2004 per
1033 1936 1345 1987 mandatum
1380 1947 1662 2000 operatum

96 2038 174 2084 est
216 2028 267 2082 in
318 2044 405 2083 tne
451 2044 665 2083 omnem
710 2028 1229 2097 concupiscentiam.
1276 2046 1296 2078 ι
1338 2025 1450 2080 Lex
1481 2026 1567 2080 illa
1599 2027 1667 2080 de

99 2136 196 2188 qua
230 2122 389 2186 dicit,
420 2123 546 2190 quia
580 2139 601 2174 ε
641 2121 1140 2190 concupiscentiam
1187 2120 1526 2184 nesciebam,
1562 2118 1665 2172 nisi

99 2215 174 2269 lex
203 2215 404 2268 diceret
434 2233 448 2268 :
483 2213 601 2268 Non
633 2214 1008 2282 concupisces,
1043 2232 1062 2265 ι
1101 2213 1213 2281 ipsa
1243 2212 1404 2265 etiam
1439 2213 1666 2265 manda-

101 2317 203 2360 tmu
244 2307 563 2376 appellatur.
591 2307 682 2360 Ait
719 2321 849 2374 ergo
884 2307 1009 2374 quia
1043 2306 1336 2360 occasione
1364 2304 1476 2376 (94)
1509 2321 1667 2358 man-

98 2399 197 2453 dati
231 2399 389 2464 hujus
413 2413 524 2465 quo
555 2397 938 2466 concupiscere
970 2399 1343 2467 prohibemur,
1375 2409 1662 2465 peccatum

98 2490 467 2544 vehementius
492 2489 603 2560 (95)
630 2490 838 2543 exarsit
861 2489 910 2542 in
940 2489 1112 2552 nobis,
1143 2501 1193 2544 et
1225 2505 1441 2545 omnem
1474 2505 1664 2557 opera-

103 2592 206 2636 tum
227 2593 306 2637 est
330 2583 382 2636 in
408 2585 568 2636 nobis
591 2582 1112 2652 concupiscentiam.
1133 2582 1188 2637 ltt
1207 2599 1273 2637 eo
1295 2597 1527 2653 namque
1551 2581 1662 2653 (96)

103 2677 151 2728 iu
180 2689 282 2744 quo
307 2675 650 2745 concupiscit
682 2689 810 2729 caro
861 2676 1122 2729 adversus
1167 2675 1440 2746 spiritum,
1477 2674 1529 2729 id
1558 2684 1662 2740 est,

102 2767 348 2822 adversus
395 2768 570 2836 legem
627 2779 746 2836 quae
795 2767 961 2830 dicit,
1003 2786 1022 2818 ι
1060 2782 1165 2820 ιιοιι
1212 2767 1601 2835 concupisces,
1639 2787 1658 2818 ι

100 2863 249 2916 etiam
280 2863 612 2917 adversatur
646 2861 717 2927 ei,
747 2869 800 2915 et
833 2869 1110 2914 certamen
1139 2861 1542 2929 quodammodo
1567 2874 1663 2929 ge-

104 2955 196 3019 rit,
235 2963 290 3007 ut
323 2970 432 3008 non
487 2953 660 3009 solum
691 2953 1148 3020 concupiscentia:
1195 2952 1495 3005 satisfaciat
1526 2951 1662 3023 (97),

1767 1845 1874 1897 lum
1900 1855 1955 1897 et
1981 1859 2170 1898 omnes
2196 1844 2446 1898 homines
2465 1856 2672 1898 certum
2695 1855 2778 1897 est
2807 1845 3094 1912 ιιΙιιιιιιιιιιιο
3121 1843 3343 1904 vixisse,

1769 1937 1868 1990 hoc
1904 1947 1991 1990 est
2019 1936 2071 1989 in
2104 1946 2266 1989 aetate
2308 1935 2525 2002 puerili.
2559 1934 2762 1989 Omnes
2794 1937 2937 1988 enim
2969 1935 3220 2007 similiter
3249 1949 3347 2002 per

1769 2024 1898 2078 illttd
1937 2036 2149 2093 tempus
2183 2027 2421 2080 nondum
2453 2041 2682 2094 capaces
2731 2027 2890 2093 bnjns
2921 2027 3181 2079 naturalis
3211 2026 3345 2094 legis

1766 2117 2064 2170 exsistunt.
2094 2114 2229 2169 Nam
2258 2118 2448 2185 utique
2487 2133 2594 2169 non
2641 2121 2916 2172 videretur
2961 2121 3026 2171 de
3058 2119 3161 2171 hoc
3192 2118 3342 2170 Pauli

1767 2223 1894 2262 vera
1925 2222 2047 2262 esse
2072 2207 2363 2276 professio.
2396 2208 2680 2276 Quomodo
2706 2211 2852 2263 enim
2885 2211 3003 2264 sine
3028 2211 3142 2280 lege
3177 2209 3344 2280 Moysi

1768 2300 2088 2370 probabitur
2137 2299 2336 2354 Paulus
2378 2301 2672 2370 aliquando
2715 2302 2939 2363 vixisse,
2982 2317 3106 2355 enm
3139 2302 3252 2369 ipse
3285 2319 3343 2354 se

1767 2389 2051 2443 llebrazmn
2076 2405 2144 2444 ex
2173 2391 2449 2455 Hebraeis,
2484 2401 2540 2444 et
2583 2401 2775 2445 octava
2829 2392 2916 2444 die
2960 2391 3344 2445 circmneisum

1766 2483 2062 2537 secundum
2127 2484 2262 2552 legis
2321 2495 2613 2552 praecepta,
2675 2484 3018 2537 fateatur"?
3079 2484 3187 2539 Sed
3242 2486 3346 2539 hoc

1767 2577 1926 2629 modo
1954 2590 2062 2643 quo
2088 2577 2361 2640 diximus,
2408 2577 2526 2630 sine
2567 2577 2684 2646 lege
2724 2577 2956 2629 naturali
2999 2577 3135 2629 vixit
3181 2579 3344 2630 etiam

1767 2665 1882 2732 ipse
1923 2665 2216 2734 aliquando
2264 2667 2316 2720 iu
2365 2668 2621 2735 pueritia.
2676 2667 2793 2733 Quo
2841 2668 2894 2720 in
2946 2679 3192 2736 tempore
3239 2685 3344 2722 non

1764 2757 1904 2811 dixit
1941 2772 2047 2812 non
2083 2743 2252 2812 fuisse
2278 2760 2329 2812 in
2357 2761 2574 2814 homine
2603 2770 2905 2830 peccatum,
2939 2761 3032 2815 sed
3068 2771 3344 2815 mortuum

1765 2850 1935 2904 fuisse
1962 2890 1978 2915 ,
2017 2861 2076 2906 et
2127 2853 2392 2906 revixisse
2427 2855 2768 2922 postmodum
2807 2855 2896 2908 ubi
2939 2854 3020 2908 lex
3081 2856 3347 2909 naturalis

1765 2945 2067 2999 adveniens
2108 2946 2401 3012 prohibere
2440 2947 2941 3016 concupiscentiam
2979 2948 3184 3016 coepit:
3224 2964 3345 3017 qtae

102 3049 184 3100 sed
207 3048 363 3101 etiam
397 3046 776 3102 adversarium
801 3046 1003 3099 vincat.
1035 3044 1158 3099 Haec
1179 3056 1265 3098 est
1292 3061 1424 3112 ergo
1449 3046 1660 3100 occasio

1842 3049 1853 3086 ἱ
1881 3035 2044 3088 veluti
2075 3045 2345 3090 mortuum
2371 3037 2656 3090 suscitavit
2684 3049 2968 3107 peccatum
3000 3038 3100 3109 (2).
3133 3037 3341 3092 l’eccati

100 3149 250 3201 quam
283 3135 408 3190 dicit
442 3135 628 3188 venire
663 3150 732 3189 ex
763 3141 1040 3188 mandato.
1085 3133 1280 3190 Nescio
1322 3151 1431 3204 quo
1458 3138 1660 3190 etenim

103 3237 246 3296 pacto
277 3242 338 3281 ea
365 3243 492 3297 qua:
521 3227 876 3296 prohibentur
924 3228 1201 3282 ardentius
1245 3229 1660 3292 desiderantur;

102 3329 149 3374 et
167 3321 279 3374 ideo
300 3337 422 3376 cum
454 3320 768 3375 mandatum
794 3330 1062 3386 sanctum,
1089 3331 1138 3375 et
1156 3319 1358 3388 justum
1386 3332 1440 3375 et
1464 3321 1662 3377 bonum

102 3413 165 3464 sit
191 3410 342 3482 (quod
369 3415 518 3466 enim
554 3411 804 3478 prohibet
835 3415 1069 3475 malum,
1113 3413 1424 3466 necessario
1461 3413 1662 3467 bonum

104 3503 218 3572 est),
250 3504 370 3556 dum
407 3502 748 3570 prohibendo
792 3501 1287 3573 concupiscentiam
1323 3502 1496 3571 magis
1541 3517 1660 3555 eam

106 3605 344 3660 provocat
374 3605 431 3648 et
475 3592 812 3659 inflammat,
841 3607 941 3661 per
970 3592 1170 3644 bonurn
1205 3592 1336 3646 mihi
1380 3605 1662 3662 operatum

105 3698 179 3736 est
207 3696 446 3740 mortem.
483 3685 692 3738 Iudicat
743 3693 924 3738 tamen
959 3684 1244 3752 Apostolus
1281 3685 1335 3738 in
1385 3685 1491 3746 bis,
1522 3686 1663 3752 quod

94 3777 245 3846 origo
278 3778 481 3845 peccati
525 3793 592 3830 ex
627 3776 1069 3843 concupiscentia
1096 3787 1216 3830 orta
1249 3778 1340 3843 sit,
1376 3777 1501 3830 dum
1536 3794 1663 3847 pro-

109 3868 306 3923 hibente
328 3870 437 3940 (98)
474 3871 590 3938 lege
621 3869 736 3924 sive
761 3869 949 3939 Moysi.
978 3885 1096 3937 qua:
1123 3856 1253 3923 dicit
1280 3888 1293 3924 :
1330 3888 1348 3920 ι
1387 3868 1499 3924 Non
1534 3887 1665 3924 con-

106 3962 334 4029 cupisces
358 3963 424 4026 ⁷³,
471 3981 491 4013 ι
522 3962 640 4016 sive
667 3963 856 4027 etiam,
892 3972 952 4014 tit
976 3978 1136 4029 supra
1165 3963 1534 4030 exposuimus,
1567 3980 1665 4016 na-

107 4058 273 4116 turali.
299 4074 362 4110 eo
396 4059 795 4112 contentiosius
821 4059 969 4126 quod
1020 4059 1339 4125 prohibetur
1366 4061 1660 4126 expetitur.

108 4143 377 4204 Sciendum
410 4164 546 4205 sane
582 4158 666 4203 est
687 4151 830 4217 quod
864 4150 1308 4216 concupiscentia
1354 4150 1444 4203 bic
1479 4149 1659 4205 ctrina-

108 4237 218 4291 bilis
247 4242 481 4308 ponitur.
519 4241 612 4295 Est
642 4250 823 4294 autem
854 4241 904 4292 in
939 4241 1127 4294 multis
1155 4249 1210 4294 et
1242 4241 1545 4302 laudabilis,
1565 4244 1663 4299 sic-

107 4339 158 4382 ut
211 4345 367 4400 supra
446 4333 786 4386 ostendimus
838 4332 967 4402 (99).
1004 4352 1021 4383 t
1063 4334 1190 4387 Sine
1223 4333 1337 4399 lege
1367 4334 1512 4387 enim
1538 4349 1665 4400 pec-

1769 3142 2001 3195 namque
2032 3139 2225 3180 natura
2258 3129 2373 3182 hate
2401 3141 2506 3191 est,
2540 3131 2583 3184 si
2621 3135 2712 3183 ttat
2744 3133 2884 3200 quod
2915 3131 2998 3184 lex
3035 3133 3147 3184 lieri
3179 3141 3342 3184 vetat.

1766 3217 2146 3272 Reviviscente
2172 3235 2302 3286 ergo
2333 3232 2590 3288 peccato,
2629 3239 2648 3271 ι
2692 3237 2828 3291 ego,
2863 3223 3060 3290 inquit,
3099 3238 3344 3277 mortuus

1764 3329 1884 3366 sum
1916 3313 1981 3365 ⁷⁸.
2015 3312 2144 3381 Ego.
2180 3331 2200 3365 ι
2237 3313 2405 3378 Quis?
2428 3316 2621 3367 Anima
2656 3319 2774 3368 sine
2804 3317 2968 3369 dubio
2997 3331 3115 3384 qua:
3141 3313 3348 3369 fecerat

1765 3403 1928 3474 583
1965 3407 2104 3472 quod
2139 3404 2256 3459 ﬁeri
2288 3405 2374 3458 lex
2404 3408 2620 3460 vetabat
2653 3426 2667 3460 :
2705 3427 2724 3458 ι
2748 3409 2938 3461 Anima
2961 3428 2979 3460 ι
3013 3411 3154 3463 enim
3192 3427 3344 3481 «qua:

1766 3509 1977 3564 peccat,
2003 3517 2020 3548 ι
2064 3509 2121 3550 ut
2153 3497 2414 3568 proplteta
2453 3500 2584 3553 dicit
2613 3500 2716 3570 (5),
2756 3519 2774 3551 ι
2803 3503 2916 3569 ipsa
2955 3503 3217 3557 morietur
3239 3505 3340 3557 τ’.»

1766 3593 2048 3648 Inventum
2101 3609 2184 3649 est
2235 3611 2366 3665 ergo
2404 3600 2716 3650 mandatum
2749 3600 2890 3666 quod
2940 3599 3120 3654 datum
3171 3599 3346 3655 fuerat

1771 3687 1836 3737 ad
1887 3688 2078 3749 vitam,
2133 3687 2328 3739 anima:
2376 3687 2606 3751 scilicet,
2666 3700 2724 3740 nt
2773 3705 2888 3741 eam
2935 3691 3148 3744 doceret
3179 3706 3343 3759 opera

1766 3778 1909 3837 vitze,
1929 3778 2159 3831 cessisse
2187 3779 2234 3832 ei
2264 3780 2329 3832 ad
2359 3790 2609 3841 mortem,
2638 3781 2762 3831 dum
2804 3782 3074 3848 prohibita
3100 3799 3203 3836 non
3235 3791 3344 3836 tam

1769 3869 1988 3938 refugit,
2027 3884 2186 3938 quam
2237 3872 2520 3923 ardentius
2573 3873 2798 3938 espetit.
2844 3872 3021 3926 Movet
3047 3888 3132 3927 nte
3163 3885 3344 3928 tamen

1767 3960 1821 4014 in
1857 3961 1942 4014 bis
1974 3962 2252 4028 quomodo
2301 3963 2501 4014 dixerit
2528 3974 2809 4028 peccatum
2849 3975 3118 4023 mortuum
3147 3981 3268 4021 esse
3293 3979 3346 4022 et

1746 4051 2159 4128 revixisse“).
2227 4050 2453 4105 Videtur
2501 4052 2644 4105 enim
2692 4055 2819 4120 quia
2870 4072 2973 4109 ll0l|
3023 4059 3193 4126 possit
3239 4059 3342 4113 dici

1767 4153 2042 4196 mortuum
2077 4144 2177 4196 nisi
2209 4146 2352 4212 quod
2393 4145 2682 4213 aliquando
2735 4150 2962 4211 vixerit,
3007 4162 3063 4203 et
3102 4163 3347 4218 postmo-

1765 4235 1890 4289 dum
1935 4235 2040 4314 vita
2075 4241 2332 4288 caruerit.
2377 4235 2480 4291 Sed
2525 4249 2579 4291 et
2629 4241 2728 4294 hoc
2777 4242 2950 4310 ipsum
2999 4245 3144 4312 quod
3194 4245 3346 4312 dicit,

1769 4343 1790 4377 ι
1830 4326 2086 4387 τενὶχίιμ
2129 4343 2234 4379 ιιοιι
2289 4343 2458 4396 nuper
2501 4331 2679 4384 datam
2724 4334 2927 4398 vitam,
2974 4335 3068 4388 sed
3109 4339 3346 4405 priorem

106 4429 268 4481 catum
309 4433 580 4477 mortuum
609 4433 711 4478 est.
760 4423 870 4492 Ego
899 4435 1078 4477 autem
1110 4427 1354 4479 vivebam
1391 4430 1508 4478 sine
1547 4427 1662 4495 lege
1697 4413 1737 4466 ί)
1772 4419 2034 4473 redditam
2062 4420 2220 4473 docet
2252 4438 2266 4473 :
2300 4421 2414 4489 ipse
2442 4423 2585 4474 enim
2614 4440 2816 4489 sermo,
2848 4445 2866 4475 ‹
2907 4429 3132 4494 revixit,
3170 4449 3188 4480 ι
3231 4448 3350 4482 rur-

168 4560 210 4590 ⁷⁸
240 4557 408 4614 Exod.
437 4575 532 4623 xx,
561 4558 646 4612 16.

107 4643 244 4694 xviii,
274 4631 326 4684 4.

727 4559 848 4590 ⁷⁸⁸⁷⁸
878 4560 1032 4615 Rom.
1065 4577 1156 4623 vti.
1189 4562 1349 4616 8-10.

170 4739 271 4810 (91)
309 4741 472 4803 Alias,
523 4759 542 4790 ι
582 4757 685 4794 ιιοιι
727 4741 1000 4802 novimus;
1045 4758 1062 4788 ι
1102 4739 1207 4802 al.,
1253 4757 1271 4789 t
1313 4755 1414 4791 non
1451 4741 1667 4792 noveri-

111 4825 236 4862 tnus.
270 4830 288 4860 ›
325 4811 545 4865 Deinde.
591 4834 606 4858 ι
659 4823 711 4863 et
755 4827 860 4862 non
913 4827 939 4860 a
988 4811 1325 4862 COIISt'it'lllia
1371 4822 1590 4872 nostra,
1641 4831 1657 4861 ι

108 4889 202 4932 etc.
241 4880 344 4934 Sed
377 4884 615 4952 potiores
649 4900 775 4934 mss.
807 4882 976 4933 nostri
1017 4892 1070 4931 et
1111 4880 1364 4932 [tabanus
1404 4881 1664 4934 omittunt

112 4965 130 4998 ‹
161 4967 276 5001 non.
325 4973 342 5000 D

171 5020 274 5086 (9‘2)
305 5022 394 5075 Sic
425 5037 553 5074 mss.
587 5034 637 5075 et
685 5022 955 5074 “abantis.
992 5019 1128 5073 Εάίιί
1160 5037 1306 5084 vero,
1343 5040 1361 5069 ι
1398 5020 1662 5091 Loquitur

109 5091 239 5142 enim
265 5093 402 5144 intra
431 5108 527 5146 nos
550 5093 904 5147 conscientia.
941 5112 958 5142 ι

175 5159 277 5228 (95)
319 5162 478 5227 Editi,
519 5183 537 5214 t
579 5163 688 5216 Hoc
713 5179 842 5230 ergo
868 5174 950 5217 est
972 5164 1097 5215 dum
1121 5161 1272 5225 dicit,
1311 5180 1330 5213 ι
1360 5171 1469 5218 etc.

176 5231 280 5301 (94)
306 5231 470 5295 Alias,
512 5252 531 5284 ι
566 5236 675 5300 ipsa
709 5246 887 5286 autem
921 5234 1086 5287 etiam
1109 5271 1122 5293 ,
1159 5249 1178 5282 ι
1215 5243 1323 5286 etc.
1370 5233 1497 5288 Mss.
1532 5233 1657 5302 qui-

116 5299 224 5372 dam
254 5299 304 5355 et
331 5304 492 5368 editi,
535 5324 552 5354 (
586 5299 759 5372 ipsam
803 5313 982 5356 autem
1025 5303 1186 5355 etiam
1218 5299 1659 5371 tmindatum'ap-

116 5369 276 5443 pellat,
324 5387 443 5425 cum
482 5369 766 5443 ait,'qnia
823 5374 1128 5438 occasione,
1162 5391 1182 5423 ι
1223 5384 1331 5428 etc.
1374 5369 1658 5428 Manifcs'te

120 5442 360 5495 redundat
383 5458 484 5498 vox
522 5467 538 5495 ι
573 5456 773 5498 autem.
807 5464 826 5496 ι

176 5510 278 5581 (95)
305 5514 460 5579 Editi,
495 5535 512 5566 t
551 5519 914 5569 vehementer.
947 5532 965 5564 ι

178 5581 280 5654 (96)
307 5584 464 5654 Editi,
503 5601 812 5654 perperam,
845 5605 862 5635 ι
899 5586 1022 5636 ideo
1057 5599 1308 5654 namque.
1351 5605 1369 5637 ι

181 5652 284 5726 (97)
333 5652 550 5725 Εᾱιιί,’«
599 5652 882 5708 Certamen
931 5652 1213 5722 quoddam
1244 5661 1407 5726 gerit,
1451 5665 1506 5710 ut
1551 5674 1654 5710 non

119 5721 276 5776 solum
304 5721 750 5794 concupiscentiae
786 5743 888 5779 non
933 5721 1270 5794 satisfaciat;
1303 5747 1320 5780 ι
1355 5741 1461 5784 ctc.
1499 5728 1655 5784 Salo—

1425 4561 1471 4591 "
1500 4561 1668 4614 Exod.
1707 4573 1821 4619 xxi,
1856 4556 1943 4611 15.

2018 4556 2063 4586 ⁷⁷
2090 4555 2288 4626 Philip.
2319 4572 2400 4620 tit,
2427 4555 2481 4610 5.
2559 4558 2604 4589 ⁷⁸
2621 4558 2882 4626 Ιὶοιιι.γιι,
2915 4565 2991 4617 l0.
3070 4567 3114 4598 ⁷⁹
3149 4566 3344 4622 Ezcclt.

1774 4739 1970 4811 dianus
2017 4737 2216 4788 omittit
2261 4755 2280 4787 ι
2325 4753 2427 4791 ιιοιι
2469 4759 2487 4791 ι
2534 4752 2658 4794 ante
2707 4760 2724 4791 ι
2774 4745 3093 4811 satisfaciat,
3151 4765 3170 4797 ι
3208 4750 3348 4804 situt

1771 4818 1827 4861 et
1853 4808 2192 4884 ’11ρὺᾳιιιιεηξι
2223 4823 2412 4884 ottittes
2443 4827 2573 4863 mss.
2610 4816 2824 4884 nostri”

1844 4877 1955 4946 (98)
1991 4877 2132 4948 Editi
2171 4882 2327 4938 male,
2365 4898 2382 4928 ι
2411 4883 2750 4948 prohibetur.
2789 4903 2808 4935 ι

1844 4951 1953 5017 (99)
1985 4947 2171 5028 Editi,”
2202 4966 2228 5028 ι.
2257 4959 2342 5001 est
2385 4947 2564 5005 autem
2609 4962 2666 5005 et
2708 4954 2759 5006 iit
2798 4955 2980 5010 multis
3031 4957 3342 5026 laudabilis,

1771 5021 1912 5074 sicut
1937 5034 2096 5087 supra
2121 5021 2381 5072 diximus.
2422 5039 2441 5069 ι

1843 5092 1919 5214 (it)
1949 5087 2083 5142 Cum
2112 5092 2272 5141 etiam
2298 5097 2611 5160 exemplum,
2641 5103 2748 5148 etc.
2784 5094 2913 5151 Vide
2938 5112 3098 5167 supra
3117 5141 3131 5166 ,
3162 5100 3258 5158 lib.
3287 5116 3341 5167 v,

1768 5177 1917 5310 fl'é.)
1960 5230 2050 5285 Sic
2082 5243 2210 5282 mss.
2243 5231 2598 5310 et_liaban_t_ts_,
2630 5235 2738 5310 nisi
2763 5238 2903 5305 quod
2929 5238 3127 5291 habeat
3163 5260 3182 5291 ί
3212 5245 3339 5310 (ιηίει

1768 5300 1887 5375 lex,
1910 5320 1928 5352 ›
1967 5315 2117 5375 ρων(
2159 5314 2276 5368 qua:
2303 5304 2408 5355 lex.
2441 5323 2458 5354 ι
2499 5306 2640 5358 Ειιίιι
2669 5300 2818 5370 vero,
2859 5329 2874 5359 t
2910 5310 3187 5375 prohibuit
3212 5300 3340 5365 cou-

1766 5373 2178 5440 cupiscentiam,
2197 5376 2470 5442 coepitque
2489 5377 2572 5430 lex
2600 5376 2762 5430 veluti
2780 5373 3047 5432 mortuum
3071 5382 3340 5438 suscitare

1805 5458 1930 5496 ecca
1940 5457 1990 5497 lll
2000 5460 2048 5495 III
2059 5483 2073 5497 .
2115 5461 2132 5492 Ι

1768 5457 2073 5511 peceatum.
2115 5461 2132 5492 ι

1768 5512 2021 5635 magi]!
2047 5512 2297 5582 Prop/tela
2327 5514 2474 5572 dicit.
2516 5517 2642 5570 llmc
2674 5520 2834 5573 verba
2872 5519 3250 5576 desiderantur
3286 5525 3336 5578 in

1765 5597 1944 5636 6111115.

1839 5653 1916 5723 (4)
1956 5654 2116 5717 Editi,
2153 5674 2174 5708 ι
2211 5656 2385 5709 Movet
2419 5674 2504 5712 me
2539 5668 2714 5711 tamen
2741 5663 3015 5727 quomodo
3050 5663 3250 5726 dixerit
3284 5673 3334 5726 itt

1765 5723 1852 5779 bis
1880 5735 2159 5794 peccatum
2193 5740 2462 5782 mortuum
2497 5723 2772 5784 revixisse.
2815 5749 2834 5781 ι
