3692 6138
415 227 559 283 1085

1902 221 2221 278 ORIGENIS

3477 221 3571 277 1081

409 359 531 400 sum
563 339 765 395 vixisse
798 337 1091 408 significat.
1133 336 1189 392 Si
1216 351 1348 407 ergo
1380 339 1431 390 in
1469 339 1649 391 anima
1681 335 1879 392 dicitur
1901 353 1986 391 re-
2015 340 2062 394 A
2091 349 2320 390 reretur.
2363 334 2471 390 Sed
2513 349 2579 388 ne
2622 331 2744 402 quis
2771 301 2851 404 (9)
2876 331 2979 385 hoc
3011 331 3262 387 mandato
3304 332 3424 401 legis
3456 343 3571 393 θεαί.

413 425 617 486 vixisse
667 440 951 498 peccatum
979 470 994 495 ,
1032 429 1306 496 quomodo
1353 429 1405 482 hi
1459 429 1526 482 de
1570 429 1676 481 hoc
1727 443 1982 482 sermone

408 522 648 591 Apostoli
694 535 802 590 quo
846 519 958 580 ait,
999 536 1020 569 ‹
1055 519 1168 586 Ego
1217 529 1396 572 autem
1427 519 1676 574 vivebam
1712 519 1830 572 sine
1863 519 1982 587 lege

410 613 720 681 aliquando,
760 629 779 664 ι
816 612 1009 674 dogma
1041 609 1584 681 μετενσωματώσεως
1610 611 1980 675 introducunt,

410 706 550 772 quod
582 705 792 756 animas
829 702 1105 756 hominum
1137 701 1284 771 prius
1315 702 1366 755 in
1393 702 1686 770 pecudibus
1708 742 1724 766 ,
1752 702 1836 756 vel
1869 704 1981 754 avi-

408 795 545 860 bus,
589 807 679 848 aut
725 794 962 861 piscibus
1007 794 1168 846 docet
1206 791 1372 846 fuisse
1397 832 1413 857 ,
1445 802 1500 845 et
1529 793 1609 848 sic
1637 795 1705 846 ad
1737 793 1982 847 homines

407 885 625 940 venisse
658 904 671 940 :
706 895 760 940 et
787 894 1072 952 propterea
1109 883 1186 951 (5)
1218 884 1420 938 dixisse
1440 883 1783 953 Apostolum.
1818 903 1837 935 ι
1869 883 1981 954 Ego

405 988 585 1031 autem
638 978 882 1032 vivebam
933 981 1051 1031 sine
1102 978 1221 1046 lege
1275 977 1598 1045 aliquando,
1649 995 1668 1027 ι
1701 977 1856 1046 quasi
1887 978 1978 1044 qui

407 1076 698 1136 antequam
734 1067 786 1122 in
818 1069 918 1120 hoc
941 1083 1140 1136 corpus
1167 1069 1378 1122 veniret
1403 1070 1734 1130 humanum,
1786 1070 1983 1123 vixerit

407 1159 460 1211 in
490 1173 555 1212 eo
587 1159 778 1214 ordine
806 1160 977 1231 (verbi
1011 1161 1206 1230 gratia)
1239 1172 1332 1212 aut
1365 1162 1543 1214 avium
1564 1202 1579 1224 ,
1628 1170 1721 1214 aut
1771 1163 1980 1214 anima-

405 1251 576 1314 lium,
638 1253 727 1306 ubi
782 1252 866 1306 lex
921 1253 1063 1306 nulla
1125 1253 1435 1307 haberetur.
1507 1252 1828 1319 Quomodo,
1901 1255 1982 1308 in-

403 1358 567 1412 quam
605 1345 718 1415 (6),
771 1345 838 1398 ad
889 1346 990 1398 hoc
1041 1354 1293 1412 poterunt
1339 1347 1706 1413 respondere,
1753 1361 1875 1400 cum
1925 1347 1977 1400 iu

404 1439 584 1491 anima
615 1453 720 1490 non
751 1454 922 1506 nuper
953 1449 1238 1502 exortum,
1268 1440 1532 1506 sedquod
1559 1449 1679 1493 erat
1710 1451 1978 1492 mortuum

391 1527 549 1584 dicat
578 1528 842 1583 revixisse
863 1530 1186 1596 peccatum?
1218 1532 1281 1584 Et
1305 1540 1512 1584 certmn
1537 1543 1620 1585 est
1647 1533 1788 1600 quod
1814 1532 1860 1585 is
1885 1532 1977 1602 qui

406 1622 720 1684 reviviscit,
755 1622 893 1674 vixit
925 1623 1239 1690 aliquando.
1282 1623 1566 1691 Nunquam
1617 1640 1750 1692 ergo
1796 1627 1976 1678 anima

2088 427 2241 480 heret
2263 466 2278 492 ,
2325 425 2466 493 quod
2501 422 2794 478 occasione
2825 421 3077 491 praecepti
3109 436 3138 474 a
3167 431 3384 488 peccato
3405 424 3492 493 (l0)
3514 445 3572 483 εε.

2087 515 2249 568 ducta
2275 523 2359 569 est
2389 515 2569 568 anima
2594 523 2648 567 et
2680 513 2861 567 occisa
2885 549 2901 576 ,
2950 511 3226 581 subiungit
3266 513 3524 583 Apostolus,
3540 534 3574 573 ct

2086 608 2267 662 dicit:
2310 625 2328 657 ί
2370 608 2555 676 itaque
2607 607 2692 660 lex
2738 606 2954 675 quidem
3002 613 3185 658 sancta
3211 644 3228 669 ,
3260 615 3314 658 et
3341 610 3572 666 mandatum

2088 709 2358 766 sanctum,
2411 708 2466 752 et
2507 699 2740 768 justum,
2769 707 2824 751 et
2856 695 3075 752 bonum.
3112 715 3132 749 ι
3168 697 3368 752 Donum
3411 715 3576 772 namque

2087 799 2172 844 est
2217 791 2547 856 mandatum,
2599 797 2654 842 et
2698 787 2782 841 lex
2810 797 2996 841 sancta
3026 796 3128 841 est.
3168 786 3316 841 Bona
3342 789 3463 842 eni
3486 807 3577 857 pra-

2087 883 2250 951 cipit,
2299 893 2354 936 et
2398 882 2663 936 bonorum
2708 882 3111 936 observantiam
3163 882 3394 936 mandat.
3433 883 3577 950 «Quod

2086 987 2271 1041 ergo,»
2306 971 2503 1041 inquit,
2541 990 2560 1022 ι
2594 973 2790 1025 bonum
2823 980 2927 1038 est,
2961 973 3090 1026 mihi
3119 987 3267 1026 mors
3297 973 3405 1026 est!
3430 973 3577 1029 Absiti

2086 1063 2462 1131 Objectionem
2513 1063 2717 1118 refellit
2765 1065 3074 1118 necessario
3120 1071 3581 1134 consurgentem,et

2087 1157 2259 1210 dicit:
2296 1155 2414 1210 Non
2445 1156 2586 1224 quod
2614 1154 2820 1210 bonum
2870 1155 3003 1224 legis
3046 1165 3101 1209 et
3144 1157 3377 1211 mandati
3415 1170 3580 1214 mortem

2057 1252 2219 1306 .mibi
2269 1251 2552 1317 intulerit;
2607 1269 2626 1302 ι
2656 1251 2750 1305 sed
2797 1261 3115 1320 peccatum,
3151 1269 3172 1303 ι
3231 1251 3430 1320 inquit,
3463 1262 3580 1306 «ιιι»

2086 1361 2248 1416 quam
2282 1346 2524 1414 iniquum
2555 1344 2628 1398 sit
2662 1362 2681 1395 ι
2724 1353 3021 1413 appareat,
3049 1359 3144 1413 per
3173 1343 3367 1399 bonum
3401 1347 3504 1398 mihi
3528 1349 3582 1399 in-

2090 1439 2209 1493 tulit
2239 1449 2465 1493 mortem
2499 1438 2637 1508 (11).
2673 1457 2694 1489 ι
2731 1437 2937 1492 Βοηιιιιι
2969 1452 3204 1506 namque
3236 1448 3319 1492 est
3345 1441 3583 1492 mandatum

2086 1546 2210 1584 cum
2255 1538 2505 1585 servatur
2541 1549 2555 1583 :
2589 1529 2632 1583 si
2684 1543 2817 1583 vero
2861 1544 2966 1582 non
3008 1539 3297 1595 servetur,
3347 1532 3585 1584 necessario

2087 1623 2286 1675 malum
2339 1622 2446 1676 erit
2493 1621 2567 1675 illi
2625 1622 2719 1690 qui
2765 1621 3059 1690 perdiderit
3108 1623 3330 1675 bonum.
3389 1621 3463 1678 Fit
3499 1641 3585 1695 ergo

405 1715 459 1769 in
504 1730 570 1770 eo
598 1714 794 1768 ordine
843 1713 1011 1769 fuisse
1042 1716 1316 1770 videbitur
1339 1758 1354 1781 ,
1405 1718 1494 1771 uhi
1542 1726 1824 1783 peccatum
1867 1719 1984 1774 sine
2014 1702 2056 1756 Β
2091 1732 2109 1765 ι
2150 1715 2322 1782 ipsum
2359 1722 2641 1782 peccatum
2678 1727 2838 1781 supra
2869 1712 3084 1766 modum
3120 1725 3372 1780 peccator
3401 1733 3417 1764 ι
3443 1731 3498 1768 ex
3521 1733 3584 1770 oc-

407 1804 524 1874 lege
559 1821 659 1860 nec
688 1805 856 1861 fuisse
903 1807 1116 1876 potuit,
1147 1822 1244 1860 nec
1278 1810 1497 1864 vixisse.
1540 1809 1666 1864 Haec
1696 1812 1980 1866 adversum

403 1897 526 1953 illos
553 1899 697 1952 dicta
735 1898 845 1952 sint
870 1937 886 1960 ,
936 1899 1028 1964 qui
1058 1899 1297 1966 Apostoli
1342 1913 1649 1954 sermonem
1683 1902 1748 1953 ad
1785 1903 1978 1972 dogma

406 1988 630 2057 impium
657 1988 902 2042 trahunt.
943 1987 1056 2043 Nos
1097 1999 1278 2044 autem
1330 2000 1557 2045 mortem
1605 1993 1747 2047 hanc
1775 1996 1978 2061 peccati

401 2078 665 2133 beneﬁcio
697 2080 787 2132 Dei
819 2080 1000 2132 datam
1044 2081 1274 2134 dicimus
1324 2091 1568 2150 tempore
1595 2098 1695 2146 eo,
1727 2099 1834 2152 quo
1865 2087 1982 2142 sine

405 2169 522 2237 lege
553 2168 890 2224 vivebamus.
916 2169 1068 2234 Quod
1098 2179 1153 2224 et
1177 2171 1223 2224 si
1252 2171 1504 2226 veniente
1531 2173 1805 2237 mandato,
1837 2175 1981 2242 quod

408 2277 428 2312 ι
463 2269 519 2314 et
545 2271 817 2324 sanctum,
845 2270 900 2314 et
922 2261 1152 2327 justum,
1184 2272 1238 2316 et
1268 2261 1466 2316 bonum
1499 2273 1602 2326 est,
1644 2281 1664 2315 ι
1706 2266 1982 2322 reviviscit

405 2355 460 2409 in
490 2355 646 2410 nobis
673 2365 980 2426 peccaturo,
1000 2364 1056 2408 et
1081 2355 1284 2410 occidit
1313 2371 1413 2410 nos
1447 2357 1492 2425 (ι
1529 2368 1810 2426 peccatum
1835 2359 1978 2413 enim

403 2456 626 2516 accepta
654 2446 940 2500 occasione
968 2460 1068 2514 per
1091 2448 1404 2500 mandatum
1430 2449 1642 2502 seduxit
1670 2465 1774 2514 me,
1801 2462 1855 2505 et
1885 2467 1982 2520 per

407 2534 538 2588 illud
590 2535 794 2590 occidit
827 2533 874 2607 ι)
905 2550 1008 2589 non
1037 2545 1120 2589 est
1163 2535 1438 2590 accusatio
1474 2539 1710 2591 mandati
1749 2554 1844 2608 per
1879 2540 1982 2596 hoc

404 2629 549 2696 quod
587 2628 928 2683 occasionem
957 2643 1060 2698 qua
1089 2627 1291 2682 occidit
1327 2645 1414 2684 me
1454 2640 1735 2698 peccatum
1764 2635 1980 2689 venisse

402 2721 534 2775 dicit
576 2733 645 2776 ex
691 2721 981 2784 mandato,
1014 2721 1106 2774 sed
1152 2721 1268 2774 haec
1304 2731 1390 2776 est
1425 2723 1555 2778 dicti
1599 2724 1761 2792 hujus
1787 2741 1979 2782 conse-

401 2811 648 2879 quentia.
707 2810 815 2867 Lex
867 2812 1067 2867 dicitur
1096 2829 1218 2882 qua:
1251 2813 1408 2868 docet
1448 2814 1577 2883 quid
1607 2814 1725 2871 ﬁeri
1763 2817 1978 2884 debeat,

398 2900 529 2971 quid
561 2902 776 2968 caveri;
812 2913 868 2957 et
909 2918 1132 2957 necesse
1162 2913 1246 2958 est
1273 2915 1327 2956 ut
1353 2904 1484 2959 illud
1521 2906 1663 2975 quod
1691 2907 1872 2962 caveri
1899 2909 1980 2962 di-

397 2995 497 3058 cit,
527 2994 752 3050 edoceat
784 2994 861 3067 (7)
896 2996 1057 3066 quale
1083 2998 1176 3061 sit,
1226 3013 1333 3066 quo
1363 3013 1459 3068 per
1485 2999 1590 3056 hoc
1614 3000 1797 3056 caveri
1833 2999 1976 3056 faci-

2086 1807 2308 1859 casione
2356 1804 2616 1857 mandati.
2662 1804 2911 1858 Diximus
2947 1813 3003 1858 et
3032 1807 3288 1873 superius
3333 1809 3458 1874 quod
3481 1811 3584 1877 quasi

2085 1912 2374 1966 personam
2428 1896 2648 1950 ﬁnxerit
2704 1898 2951 1966 peccati,
2989 1907 3044 1952 et
3084 1897 3150 1950 de
3180 1897 3294 1966 ipsa
3323 1899 3452 1952 dicat
3475 1917 3584 1969 supra

2085 1989 2300 2041 modum
2351 1998 2687 2056 peccatorem
2720 1985 2973 2042 eﬂ'e'ctum
3019 1988 3196 2058 ipsum
3230 2001 3518 2058 peccatum,
3545 1993 3586 2045 de

2084 2079 2241 2148 cujus
2265 2093 2497 2147 persona
2528 2077 2772 2147 loquitur
2790 2118 2805 2143 ,
2832 2092 2898 2132 ex
2932 2080 3230 2134 occasione
3256 2083 3487 2136 mandati.
3521 2084 3584 2135 ili.

2084 2186 2185 2224 nus
2222 2171 2366 2222 enim
2397 2169 2604 2238 peccati
2631 2177 2714 2222 est
2744 2167 2856 2239 (12)
2877 2209 2892 2232 ,
2925 2169 2970 2223 si
3000 2169 3048 2222 id
3078 2170 3224 2238 quod
3258 2187 3361 2226 non
3395 2172 3585 2239 prohibe-

2083 2270 2172 2316 tur
2205 2262 2480 2316 admittas.
2525 2259 2582 2315 Si
2620 2276 2754 2315 vero
2785 2261 2950 2315 vetita
2975 2270 3031 2314 et
3051 2261 3340 2316 interdicta
3367 2266 3587 2318 commisc-

2084 2357 2183 2421 ris,
2213 2370 2375 2424 supra
2411 2355 2627 2410 modum
2650 2395 2665 2418 ,
2695 2363 2751 2408 ut
2784 2355 2857 2408 ita
2889 2355 3087 2418 dicam,
3111 2366 3367 2426 peccator
3387 2373 3475 2412 es:
3502 2360 3586 2427 quia

2086 2463 2190 2500 non
2225 2447 2399 2501 solum
2433 2446 2756 2501 commisisti
2805 2445 2947 2514 quod
2994 2460 3099 2498 non
3146 2446 3409 2512 debuisti,
3451 2451 3524 2502 sed
3552 2463 3587 2503 et

2081 2549 2404 2607 praeceptum
2457 2538 2844 2606 praevaricatus
2892 2551 2972 2590 es.
3013 2534 3168 2601 Quod
3200 2547 3376 2592 autem
3413 2541 3588 2615 diximus

2087 2648 2107 2680 ι
2141 2641 2422 2699 peccatum
2456 2640 2732 2701 peccator,
2767 2649 2788 2683 ι
2841 2631 3135 2688 tnaluimus
3172 2634 3360 2688 vitium
3387 2635 3588 2687 sermonis

2084 2721 2354 2790 recipere,
2377 2737 2538 2791 quam
2566 2738 2783 2778 sensum
2806 2724 3051 2794 Apostoli
3091 2739 3199 2778 non
3238 2725 3436 2793 integre
3458 2727 3584 2792 expri-

2083 2829 2234 2868 mere
2266 2830 2281 2867 :
2319 2816 2441 2883 quia
2479 2816 2531 2868 in
2568 2815 2764 2870 Latino
2807 2831 3058 2873 sermone
3100 2819 3587 2884 angustavitnosno-

2083 2921 2207 2960 men
2244 2907 2476 2975 peccati,
2497 2909 2642 2976 quod
2673 2918 2864 2964 neutro
2887 2926 3082 2978 genere
3107 2911 3410 2965 declinatur
3437 2923 3450 2958 ε
3475 2907 3589 2979 εει

2085 2995 2136 3049 in
2159 2995 2349 3052 Graeco
2379 3013 2506 3051 vero
2531 2998 2846 3052 femininum
2869 2999 3162 3067 esl;etideo
3178 3007 3489 3068 peccatorem
3505 3017 3587 3055 eum

398 3083 503 3138 lius
532 3085 722 3154 possit.
764 3084 935 3141 Nemo
979 3086 1125 3140 enim
1170 3096 1348 3154 potest
1391 3088 1564 3144 vitare
1606 3091 1748 3158 quod
1779 3091 1972 3146 nescit.
2003 3077 2044 3134 C
2083 3102 2181 3139 nos
2207 3087 2594 3158 appellavimus
2627 3106 2641 3142 :
2681 3104 2806 3143 nam
2842 3090 2914 3145 ibi
2946 3091 3229 3160 peccatrix
3275 3093 3504 3161 appellari
3527 3107 3590 3161 po-

399 3176 456 3230 Si
484 3178 608 3246 quis
639 3192 770 3246 ergo
803 3178 1024 3233 edoctus
1051 3193 1148 3248 per
1179 3179 1348 3249 legem
1389 3181 1550 3250 quale
1579 3183 1651 3236 sit
1676 3183 1806 3236 illud
1835 3185 1974 3252 quod

399 3285 593 3325 cavere
623 3271 808 3334 debet,
853 3287 962 3325 non
995 3282 1104 3326 tam
1137 3283 1352 3340 caveat,
1395 3290 1557 3343 quam
1591 3275 1760 3330 faciat
1805 3277 1931 3330 illud
1961 3295 1974 3342 ;

397 3363 686 3417 occasione
711 3363 928 3432 quidem
964 3364 1100 3434 legis
1129 3380 1234 3418 non
1283 3365 1548 3420 facienda:
1579 3369 1655 3422 rei
1691 3369 1975 3425 scientiam

397 3456 674 3510 videbitur
717 3457 996 3527 accepisse
1041 3475 1056 3512 :
1097 3459 1192 3513 sed
1219 3457 1306 3513 lex
1337 3475 1442 3514 non
1483 3461 1689 3516 idcirco
1723 3477 1846 3516 eum
1874 3464 1974 3518 do-

397 3558 590 3605 cuerat
622 3558 683 3605 ut
714 3549 922 3604 laceret
953 3552 1097 3620 quod
1129 3567 1238 3606 non
1263 3554 1514 3619 debebat,
1549 3565 1605 3609 et
1636 3566 1974 3624 moreretur;

397 3644 493 3698 sed
522 3651 578 3696 ut
609 3656 715 3698 non
743 3643 969 3708 faceret,
1005 3652 1060 3698 et
1084 3645 1310 3700 viveret.
1359 3645 1449 3700 Sic
1472 3661 1601 3716 ergo
1647 3665 1665 3698 ι
1690 3657 1975 3714 peccatum

395 3733 686 3790 occasione
715 3742 938 3804 accepta
961 3749 1056 3803 per
1084 3737 1398 3790 mandatum
1430 3738 1649 3791 seduxit
1671 3753 1776 3803 me,
1801 3747 1857 3791 et
1884 3755 1978 3807 per

399 3827 527 3881 illud
561 3826 782 3881 occidit.
808 3846 826 3880 ι
870 3829 980 3882 Aut
1013 3838 1163 3882 certe
1189 3829 1312 3896 quia
1342 3830 1481 3883 dixit
1510 3829 1609 3901 (8).
1646 3849 1664 3880 ι
1688 3831 1974 3884 Peccatum

398 3935 496 3990 per
524 3921 838 3974 mandatum
883 3922 1099 3976 seduxit
1140 3936 1247 3985 me,
1280 3931 1336 3976 et
1384 3923 1656 3992 per'illud
1685 3925 1906 3990 occidit,
1951 3943 1970 3976 ι

399 4021 579 4080 potest
604 4013 692 4068 hic
726 4031 745 4064 ι
778 4023 1063 4083 peccatqu
1091 4032 1111 4064 ι
1151 4013 1233 4068 vel
1262 4014 1436 4082 ipsum
1465 4026 1741 4069 auctorem
1775 4016 1977 4071 dixisse

397 4104 645 4172 peccati,
677 4104 744 4159 de
791 4119 899 4172 quo
941 4105 1203 4172 scriptum
1248 4115 1332 4158 est
1369 4124 1382 4161 :
1424 4124 1444 4156 ι
1480 4104 1721 4173 Serpens
1763 4107 1978 4161 seduxit

398 4208 485 4248 me
514 4193 561 4224 ⁸⁸
594 4211 609 4249 :
649 4213 668 4246 ι
713 4195 793 4249 vel
827 4197 991 4248 etiam
1024 4213 1312 4265 personam
1341 4197 1564 4252 ﬁnxisse
1592 4199 1824 4266 peccati,
1856 4214 1976 4267 quae

395 4287 514 4339 visa
544 4286 616 4341 sit
649 4286 923 4340 hominem
965 4289 1248 4342 seduxisse
1294 4293 1584 4342 occasione
1615 4291 1885 4354 mandati,
1917 4299 1975 4342 ut

394 4391 616 4431 suavem
643 4376 848 4432 faceret
877 4379 1397 4447 concupiscentiam,
1415 4389 1468 4432 et
1491 4381 1672 4432 anima
1699 4382 1825 4432 dum
1850 4396 1975 4434 sua-

395 4469 563 4522 vitate
629 4471 1089 4537 concupiscentiaa
1160 4469 1504 4535 delectatur,
1559 4473 1971 4540 prmvaricando

397 4561 708 4614 mandatum
739 4563 883 4630 quod
916 4562 1156 4627 dicebat,
1208 4580 1227 4613 ι
1259 4578 1361 4618 non
1393 4565 1769 4633 concupisces,
1809 4584 1829 4616 ι
1859 4581 1974 4620 tuo-

462 4654 511 4686 ⁸⁸
539 4653 678 4710 Gen.
719 4670 801 4723 Ill,
828 4656 916 4711 15.

468 4753 548 4825 (5)
592 4753 683 4806 Sic
726 4770 858 4808 mss.
909 4755 1145 4809 codices.
1187 4755 1326 4809 Editi
1355 4772 1519 4826 vero,
1555 4776 1573 4808 ι
1609 4759 1878 4826 quomodo
1907 4760 1973 4813 de

396 4825 501 4879 hoc
553 4839 802 4895 sermone
838 4826 1128 4892 Apostolus
1172 4828 1247 4878 ait.
1299 4845 1312 4880 :
1363 4825 1474 4895 Ego
1516 4825 1691 4880 autem
1735 4830 1971 4882 vivebam

391 4897 504 4968 sine
550 4894 660 4968 lege
719 4895 1028 4968 aliquando.
1094 4894 1441 4968 Respondent
1492 4897 1974 4968 l’ythagorizantes

393 4965 634 5037 lueretici
676 4965 772 5037 qui
800 4967 994 5037 docent
1041 4970 1254 5020 animas
1291 4965 1568 5020 hominum
1602 4965 1752 5037 prius
1788 4986 1836 5019 ιιι
1879 4985 1972 5037 pe-

392 5034 622 5088 rudibus
645 5074 661 5098 ,
682 5036 777 5105 vel
809 5036 1000 5088 avibus
1021 5074 1035 5096 ,
1073 5049 1160 5088 ant
1201 5039 1438 5105 piscibus
1469 5034 1667 5103 luisse,
1697 5053 1752 5092 et
1792 5034 1970 5094 sic—ad

392 5105 644 5160 homines
672 5103 913 5167 ﬂuxisse,
951 5103 1253 5171 propterea,
1300 5127 1316 5156 ι
1349 5121 1455 5160 etc.

486 5176 540 5245 6)
579 5175 744 5236 Editi,
777 5193 795 5225 ι
833 5176 1026 5243 inquit,
1066 5193 1085 5226 ι
1125 5178 1282 5229 male.

486 5178 540 5245 6)
579 5178 744 5236 Editi,
777 5193 795 5225 ι
833 5178 1026 5243 inquit,
1066 5193 1085 5226 ι
1125 5178 1282 5229 male.

465 5178 674 5318 (ηδὶο
703 5258 850 5300 recte
878 5261 984 5318 tus.
1010 5262 1166 5318 Aunus
1201 5247 1404 5316 llegins
1434 5263 1581 5301 num.
1618 5247 1776 5304 1659.
1819 5248 1969 5303 Alter

389 5314 530 5372 vero
549 5317 750 5388 Regius
785 5333 936 5370 num.
968 5314 1125 5380 1641,
1165 5335 1183 5367 ι
1214 5327 1264 5371 et
1289 5314 1517 5388 :necesse
1543 5318 1671 5388 illud
1699 5321 1843 5388 qttod
1881 5335 1973 5372 ca-

391 5389 507 5441 veri
543 5387 697 5450 dicit,
735 5396 792 5441 ut
825 5390 1038 5450 doceat,
1081 5405 1099 5437 ι
1136 5397 1243 5440 etc.
1284 5387 1425 5440 Editi
1455 5399 1508 5440 et
1542 5387 1818 5454 liabauus,
1863 5408 1882 5439 ι
1919 5401 1974 5442 et

391 5473 613 5513 necesse
657 5467 740 5511 est
786 5458 913 5511 illud
965 5467 1023 5510 ut
1069 5460 1246 5527 caveri
1289 5459 1435 5510 dicat
1485 5457 1807 5527 (Rabanus,
1858 5478 1876 5509 ι
1919 5469 1974 5512 ιιι

389 5529 531 5594 quod
566 5528 748 5583 caveri
780 5530 910 5582 dicit
960 5532 1005 5598 ι)
1041 5541 1094 5582 et
1120 5517 1331 5592 doceat,
1373 5547 1390 5578 ι
1428 5517 1534 5582 etc.

461 5598 540 5666 (8)
579 5599 748 5660 Alias,
791 5602 924 5655 «Aut
951 5608 1098 5655 certe
1125 5601 1253 5668 quia
1271 5601 1394 5670 (aL,
1429 5616 1447 5649 ι
1470 5600 1612 5669 quod
1648 5599 1695 5666 ι)
1721 5600 1973 5668 frequen-

395 5674 474 5720 lvr
499 5670 655 5723 dixit.
701 5689 718 5722 ι

2086 3189 2206 3234 lt-st.

2152 3275 2207 3329 9.
2251 3291 2269 3324 ι
2295 3272 2512 3330 Scimus
2535 3277 2680 3330 enim
2707 3278 2830 3347 quia
2865 3276 2948 3330 lex
2976 3276 3241 3346 spiritalis
3271 3287 3352 3331 est
3377 3293 3390 3331 :
3421 3293 3502 3346 ego
3524 3293 3590 3330 au-

2083 3378 2188 3422 tem
2225 3370 2467 3424 carnalis
2497 3385 2640 3434 sum,
2683 3373 3025 3424 venundatus
3068 3369 3171 3423 sub
3220 3379 3450 3436 peccato.
3482 3369 3590 3433 Quod

2079 3461 2220 3515 enim
2253 3475 2468 3530 operor,
2489 3462 2835 3531 ignoroznon
2853 3461 2999 3514 enim
3081 3461 3226 3529 quod
3259 3460 3374 3515 volo
3396 3461 3506 3530 (l3),
3521 3462 3590 3513 hoc

2078 3570 2214 3621 ago;
2253 3555 2345 3607 sed
2377 3556 2518 3622 quod
2547 3555 2658 3616 odi,
2688 3553 2818 3607 illud
2849 3553 3004 3606 facio.
3039 3553 3094 3606 Si
3124 3567 3307 3609 autem
3339 3557 3462 3623 quod
3485 3553 3588 3611 nolo,

2079 3644 2210 3698 illud
2242 3645 2405 3709 facio,
2441 3646 2720 3699 consentio
2749 3645 2873 3713 legi,
2910 3646 3168 3712 quoniam
3211 3647 3344 3700 bona
3370 3655 3460 3698 est.
3481 3642 3590 3703 Nunc

2086 3747 2265 3791 autem
2307 3735 2418 3802 jam
2449 3752 2552 3788 non
2594 3751 2691 3804 ego
2734 3750 2929 3801 operor
2958 3735 3122 3799 illud,
3159 3737 3254 3790 sed
3281 3740 3413 3805 quod
3437 3733 3590 3788 babilal

2081 3828 2253 3881 inme
2283 3835 2587 3895 peccatum.
2633 3830 2760 3880 Scio
2809 3829 2952 3880 enim
3002 3830 3132 3896 quia
3186 3845 3294 3882 non
3348 3828 3522 3882 habitat
3555 3827 3588 3875 iu

2079 3933 2187 3981 me,
2227 3917 2327 3972 hoc
2355 3923 2439 3971 est
2467 3917 2520 3970 in
2550 3931 2716 3970 carne
2741 3932 2881 3977 mea,
2909 3917 3135 3970 bonum.
3201 3917 3346 3972 Velle
3369 3916 3494 3971 enim
3520 3913 3588 3964 ad-

2073 4009 2222 4078 jacet
2255 4010 2383 4063 mihi
2435 4026 2448 4062 :
2501 4007 2758 4076 perficere
2800 4018 2978 4062 autem
3033 4009 3235 4062 bonum
3267 4024 3368 4062 non
3407 4003 3587 4058 invenio.

2079 4103 2192 4156 Non
2225 4105 2369 4156 enim
2403 4103 2545 4170 quod
2577 4102 2697 4154 volo
2731 4100 2874 4155 facio
2912 4103 3146 4167 bonum;
3191 4101 3285 4155 sed
3335 4099 3460 4168 quod
3501 4094 3588 4149 nolo

2078 4195 2301 4256 malum,
2343 4194 2444 4247 hoc
2471 4210 2592 4261 ago.
2637 4193 2693 4248 Si
2722 4202 2900 4248 autem
2932 4194 3042 4263 (M)
3073 4194 3216 4262 quod
3251 4193 3389 4254 nolo,
3427 4204 3507 4258 ego
3532 4189 3587 4238 la-

2078 4287 2188 4349 eio,
2225 4302 2328 4338 non
2355 4286 2463 4352 jam
2500 4301 2602 4354 ego
2633 4301 2832 4352 operor
2857 4285 3005 4347 illud,
3053 4284 3146 4337 sed
3175 4284 3316 4354 quod
3358 4279 3586 4335 hahitatiu

2086 4396 2171 4433 me
2206 4389 2505 4447 peceatum.
2549 4377 2771 4430 Invenio
2817 4377 2982 4444 igitur
3017 4376 3228 4444 legem,
3269 4373 3451 4427 volenti
3493 4369 3585 4421 mihi

2080 4472 2260 4525 facere
2292 4471 2490 4523 bonum
2517 4509 2531 4534 ,
2567 4471 2820 4538 quoniam
2851 4469 2981 4521 mihi
3015 4467 3212 4520 malum
3242 4467 3455 4534 adjacet.
3487 4462 3590 4514 (ὶυηο

2085 4563 2324 4618 delector
2351 4562 2496 4614 enim
2530 4561 2631 4632 legi
2673 4560 2768 4616 Dei
2798 4566 3097 4618 secundum
3132 4561 3432 4615 interiorem
3461 4551 3587 4608 honu-

2148 4753 2224 4822 (9)
2261 4751 2412 4816 Quis.
2467 4749 2627 4803 Deest
2652 4749 2728 4822 hin
2777 4749 2957 4803 editis.
3016 4747 3164 4801 Alias
3187 4788 3203 4814 ,
3257 4765 3275 4796 ι
3308 4745 3404 4800 Sed
3433 4759 3487 4797 ne
3514 4745 3585 4796 hoc

2075 4820 2333 4896 Ill:lllll:lltl
2358 4822 2490 4887 legis
2521 4820 2904 4896 aSCI-i‘bcretur,
2952 4839 2969 4869 ι
3002 4831 3105 4896 etc.
3334 4887 3363 4896 υ
3393 4886 3404 4896 ⁸

2145 4894 2260 4960 (10)
2301 4893 2339 4943 Α
2373 4902 2607 4954 peccato.
2645 4889 2992 4943 Desideralttr
3024 4891 3076 4942 in
3102 4897 3256 4940 antea
3285 4887 3448 4960 editis.

2147 4959 2258 5026 (Η)
2302 4963 2470 5022 Alius,
2499 4959 2642 5013 «Non
2674 4961 2814 5026 quod
2841 4960 3035 5011 bonum
3061 4960 3192 5026 legis
3220 4970 3272 5011 et
3299 4959 3580 5026 mundanum

2073 5037 2170 5103 (al.
2215 5023 2359 5086 «Non
2387 5023 2750 5103 quodrbonuin
2777 5031 2912 5103 legis
2934 5023 3296 5103 mandatum.»
3317 5026 3417 5103 AL,
3444 5023 3581 5089 thod

2073 5098 2178 5159 non
2213 5098 2414 5158 bonum
2443 5101 2577 5169 legis
2606 5098 2973 5166 etmandatii)
3009 5100 3286 5164 intulerit;
3330 5099 3414 5150 sed
3435 5108 3583 5162 pecca-

2073 5188 2209 5237 tum,
2246 5174 2440 5242 inquit,
2475 5181 2533 5224 ul
2561 5187 2624 5225 co
2651 5175 2796 5240 quod
2826 5174 3067 5242 iniquum
3102 5171 3193 5233 sit,
3241 5185 3333 5242 per
3359 5171 3578 5224 bonum!

2069 5247 2166 5305 al.,
2201 5253 2289 5296 «ut
2317 5239 2444 5312 quia
2466 5239 2709 5308 iniquum
2738 5242 2830 5303 sit,
2849 5257 2942 5309 per
2969 5241 3219 5292 bonum.»
3253 5239 3580 5312 Al.__Itll.t]tlaltl

2069 5317 2312 5384 iniquum
2335 5308 2409 5366 sit
2443 5308 2858 5380 cognoscerem,
2877 5327 2974 5379 per
3003 5314 3220 5373 bonum,
3243 5329 3259 5358 ι
3285 5308 3407 5361 mihi
3432 5317 3582 5373 opera-

2070 5397 2180 5439 tum
2214 5393 2298 5438 est
2331 5395 2580 5438 mortem.
2617 5401 2636 5433 ›

2143 5456 2254 5524 (1‘2)
2294 5453 2394 5505 Ms.
2425 5469 2596 5514 unus,
2637 5471 2654 5524 ι
2695 5449 2867 5506 Minus
2896 5452 3038 5524 enim
3069 5460 3472 5524 peccatores.)
3499 5453 3578 5494 elc-

2143 5517 2256 5594 (15)
2301 5525 2391 5577 Sic
2435 5538 2567 5577 mss.
2601 5523 2849 5594 plerique
2891 5534 2946 5594 et
2984 5517 3253 5574 Raliattus.
3300 5517 3577 5594 βαίη-νοω.

2078 5616 2094 5648 ι
2129 5585 2270 5662 quod
2299 5595 2420 5647 volo
2450 5585 2648 5646 bonum
2674 5611 2686 5657 ;
2715 5611 2732 5642 ι
2755 5585 2984 5658 deinde,
3027 5611 3044 5643 ι
3079 5594 3218 5661 quod
3247 5591 3329 5647 odi
3362 5585 3572 5641 tualuum

2146 5665 2257 5735 (14)
2299 5665 2462 5730 ΕιΙὶιι,
2503 5682 2521 5714 ι
2563 5663 2618 5718 Si
2648 5664 2814 5730 enim,
2848 5683 2865 5715 ι
2902 5671 3059 5719 male.
