3692 6138
91 238 228 298 1085

1035 236 1393 295 COMMENT.
1434 236 1503 293 ΙΝ
1544 235 1761 295 EPIST.
1790 237 1883 293 AD
1912 237 2082 296 ROM.
2120 237 2252 296 LIB.
2280 234 2369 297 VI.

3194 235 3334 297 1686

87 375 205 417 nem
252 375 271 415 :
307 358 466 415 video
510 366 690 415 autem
726 358 887 413 aliam
921 356 1094 430 legem
1129 360 1182 414 in
1217 360 1476 416 membris
1521 361 1658 416 meis
1687 370 1731 421 Α
1760 359 1914 427 Quod
1945 376 2078 418 vero
2120 361 2290 428 dicit,
2328 378 2351 413 ι
2385 361 2498 431 Ego
2528 369 2709 416 autem
2757 357 2995 415 carnalis
3035 374 3159 417 sum
3182 401 3197 428 ,
3237 376 3334 417 ve-

89 462 474 523 repugnantem
500 450 600 522 legi
630 451 829 507 mentis
856 465 1023 515 meat,
1048 461 1104 505 et
1129 452 1401 522 captivum
1433 466 1518 507 me
1553 452 1656 506 du-

93 554 299 602 centem
332 545 384 599 in
418 545 530 615 lege
557 543 801 613 peccati,
849 558 970 613 quae
1002 552 1090 598 est
1118 543 1175 598 in
1205 543 1464 598 membris
1496 544 1653 599 meis.

89 636 247 694 Miser
265 651 368 706 ego
394 637 576 700 homo,
608 637 733 704 quis
759 651 845 691 me
876 636 1130 694 liberabit
1161 638 1227 692 de
1256 650 1485 705 corpore
1511 652 1659 690 mor-

88 730 153 785 tis
185 728 382 798 hujus?
410 727 597 784 Gratia
630 728 724 784 Dei
756 729 775 791 (
785 729 871 797 l5)
912 744 1012 800 per
1039 727 1221 784 Jesum
1248 727 1526 785 Christum
1551 729 1657 785 Do-

88 822 282 876 minum
328 829 573 876 nostrum
599 820 646 853 ⁸¹
677 861 692 877 .
725 839 746 872 ι
799 821 857 877 Si
907 821 994 877 cui
1043 821 1184 877 forte
1223 820 1312 876 illa
1360 822 1653 892 expositio,

86 926 238 981 quam
283 913 350 967 de
396 912 574 981 legum
620 914 940 970 diversitate
983 917 1340 981 tenebamus,
1389 915 1656 971 violenter

86 1015 406 1075 pra-sumpta
453 1005 776 1069 videbatur,
808 1005 1060 1062 advertat
1089 1021 1230 1061 nunc
1272 1007 1325 1060 in
1362 1008 1466 1061 hoc
1507 1008 1657 1076 capi-

87 1099 212 1164 tulo,
241 1096 514 1166 quomodo
544 1095 660 1167 (16)
690 1112 794 1150 non
827 1097 1002 1152 solum
1029 1098 1233 1168 legum,
1261 1099 1355 1153 sed
1386 1107 1443 1154 et
1474 1114 1657 1168 persoo

87 1205 270 1244 narum
301 1190 599 1245 diversitas
626 1190 1015 1245 introducitur.
1073 1191 1209 1247 Nam
1240 1191 1444 1247 Paulus
1471 1193 1563 1263 qui
1600 1193 1652 1245 in

86 1282 201 1337 aliis
231 1282 371 1336 dixit
400 1283 446 1315 ⁸³
471 1321 489 1347 ,
530 1301 550 1333 ι
583 1280 694 1337 Nos
721 1284 866 1337 enim
895 1284 946 1337 in
978 1298 1145 1340 carne
1171 1286 1513 1341 ambulantes
1542 1300 1648 1340 non

87 1374 369 1430 secumlum
462 1388 683 1429 carnem
728 1375 1026 1432 militamus
1069 1376 1222 1449 (17),
1261 1395 1281 1429 ι
1319 1378 1371 1431 in
1400 1377 1653 1447 praesenti

86 1467 197 1522 loco
243 1466 374 1521 dicit
418 1482 482 1523 se
523 1483 645 1524 esse
692 1468 968 1522 carnalem
1019 1486 1033 1523 :
1078 1478 1134 1523 et
1170 1470 1259 1524 hic
1290 1469 1392 1524 sub
1427 1477 1654 1537 peccato

86 1558 211 1612 dicit
240 1572 299 1612 se
330 1572 455 1613 esse
481 1560 875 1622 venundatum,
928 1560 1019 1629 qui
1070 1560 1125 1614 in
1166 1560 1289 1615 aliis
1322 1560 1458 1614 dixit
1485 1557 1597 1629 (18)
1637 1576 1649 1612 :

89 1666 109 1699 ι
137 1645 313 1703 Pretio
354 1649 524 1716 empti
578 1649 713 1705 estis
733 1650 815 1716 ⁸³;
860 1669 879 1701 ι
922 1659 978 1704 ει
1026 1650 1221 1705 iterum
1268 1667 1286 1705 :
1349 1669 1369 1703 ι
1402 1650 1653 1705 Christus

1764 453 2036 508 nundatus
2083 454 2186 508 sub
2231 463 2476 521 peccato,
2511 472 2531 505 ι
2572 453 2659 506 hic
2698 453 2810 523 jam
2861 461 3115 522 tanquam
3144 453 3337 508 ductor

1761 543 2028 599 Ecclesiae
2058 560 2345 615 personam
2370 545 2421 599 in
2456 546 2807 615 semetipsum
2838 545 3067 614 suscipit
3091 545 3337 598 inﬁrmo-

1762 651 1918 700 rum;
1954 646 2179 705 propter
2207 636 2352 705 quod
2405 645 2463 690 et
2508 636 2636 690 alibi
2688 635 2829 689 dixit
2863 652 2878 689 :
2918 652 2937 686 ι
2973 633 3170 689 Factus
3216 650 3335 689 sum

1763 728 1995 783 inlirmis
2023 727 2274 787 infirmus
2293 767 2310 795 ,
2348 738 2408 784 ut
2435 728 2680 783 inﬁrmos
2711 727 2958 783 lucrarer
2981 729 3049 781 θ’.
3078 747 3098 779 ι
3153 727 3219 782 Ει
3248 727 3339 782 hic

1761 832 1891 887 ergo
1920 818 2312 876 infirmioribus
2342 821 2686 891 quibusque,
2723 820 2775 874 id
2800 828 2885 875 est
2908 819 3217 875 carnalibus
3236 859 3252 884 ,
3284 830 3340 875 et

1761 913 1852 982 qui
1893 914 1995 968 sub
2046 924 2274 983 peccato
2318 912 2610 968 venundati
2660 920 2820 978 sunt,
2869 909 3103 966 eﬂieitur
3141 910 3339 966 Paulus

1762 1005 2004 1060 carnalis
2043 1016 2099 1059 et
2124 1006 2225 1060 sub
2253 1013 2482 1076 peccato
2506 1004 2875 1069 venundatus,
2920 1011 2975 1059 et
3008 1004 3246 1073 loquitur
3274 1018 3338 1059 ea

1759 1112 1881 1167 qua:
1910 1097 2018 1153 illis
2048 1098 2196 1167 loqui
2227 1099 2396 1153 moris
2424 1106 2512 1151 est
2543 1096 2630 1151 vel
2655 1097 3025 1151 excusationis
3072 1096 3158 1151 vel
3186 1098 3342 1151 incu-

1761 1190 1993 1245 sationis
2041 1190 2290 1245 obtentu.
2344 1190 2434 1243 Ait
2462 1204 2593 1259 ergo
2631 1189 2698 1244 de
2738 1204 2798 1244 se
2840 1188 2952 1260 (26)
2984 1199 3238 1259 tanquam
3271 1206 3340 1246 ex

1763 1296 1996 1352 persona
2050 1283 2271 1336 illorum
2305 1281 2532 1350 loquens
2580 1299 2594 1335 :
2655 1300 2675 1333 ι
2718 1281 2831 1351 Ego
2881 1290 3062 1336 autem
3104 1282 3339 1337 carnalis

1762 1390 1903 1439 sum,
1951 1376 2297 1430 venundatus
2324 1374 2427 1429 sub
2457 1382 2678 1444 peccato
2711 1393 2727 1430 :
2765 1376 2865 1431 hoc
2914 1387 2997 1431 est
3042 1378 3336 1431 secundum

1759 1481 1982 1521 carnem
2013 1467 2231 1533 vivens,
2259 1477 2314 1522 et
2347 1470 2398 1523 in
2426 1470 2637 1539 peccati
2665 1478 2989 1538 potestatem
3019 1469 3256 1523 libidinis
3285 1478 3342 1524 et

1761 1561 2220 1629 concupiscentia:
2255 1561 2430 1631 pretio
2477 1564 2754 1615 redactus.
2802 1581 2821 1612 ι
2854 1559 3009 1626 Quod
3037 1560 3181 1614 enim
3206 1576 3339 1627 ope-

1763 1664 1855 1703 ror
1890 1650 2099 1718 ignoro.
2160 1650 2278 1705 Non
2311 1650 2456 1705 enim
2509 1653 2654 1720 quod
2703 1651 2824 1706 volo
2866 1652 3037 1716 facio;
3071 1651 3165 1705 sed
3194 1650 3336 1720 quod

86 1752 177 1792 nos
203 1737 428 1793 redemit
463 1738 546 1806 “;
584 1760 603 1791 ι
650 1749 708 1794 ει
754 1755 972 1794 rursum
1004 1740 1057 1794 in
1088 1739 1214 1795 aliis
1249 1741 1379 1795 dicit
1411 1741 1432 1796 τ’
1466 1759 1486 1792 ι
1524 1740 1659 1794 Vivo
1688 1737 1732 1791 B
1759 1743 1885 1807 odi,
1919 1744 2022 1798 hoc
2049 1758 2171 1812 ago.
2212 1763 2233 1796 ι
2270 1743 2424 1809 Quod
2453 1759 2586 1812 ergo
2610 1744 2719 1810 ait,
2755 1745 2884 1814 quia
2919 1763 2938 1796 ι
2975 1745 3161 1812 ignoro
3193 1746 3335 1809 quod

87 1842 284 1897 autem,
322 1846 432 1885 non
459 1832 570 1902 jam
595 1847 721 1902 ego,
752 1833 886 1886 vivit
916 1847 1050 1888 vero
1080 1833 1132 1886 in
1166 1847 1252 1887 me
1272 1834 1523 1888 Christus
1548 1835 1649 1887 ⁸⁸.»

88 1921 147 1974 Et
177 1921 368 1976 iterum
398 1924 491 1992 qui
528 1924 627 1987 ait,
658 1942 679 1975 ι
712 1922 942 1993 Propter
966 1924 1358 1980 inhabitantetn
1394 1926 1653 1994 Spiritum

90 2012 199 2081 ejus
221 2014 274 2068 in
306 2030 327 2065 ι
366 2014 531 2069 nobis
558 2014 638 2082 “,
679 2030 826 2070 nunc
856 2015 986 2070 dicit
1022 2033 1036 2070 :
1081 2034 1100 2067 ι
1139 2013 1275 2082 Quia
1303 2032 1412 2071 non
1444 2017 1656 2073 habitat

88 2104 136 2156 in
161 2117 279 2168 me,
322 2105 427 2161 hoc
477 2113 562 2160 est
600 2104 655 2160 in
695 2119 865 2162 carne
900 2120 1017 2159 mea
1045 2146 1063 2174 ,
1098 2106 1320 2163 bonum.
1359 2127 1380 2161 ι
1419 2108 1575 2177 Quod
1609 2111 1652 2165 si

87 2210 181 2250 non
212 2194 418 2250 habitat
445 2197 498 2252 in
528 2210 694 2252 carne
723 2194 840 2265 ejus
866 2198 1092 2264 bonum,
1124 2200 1398 2268 quomodo
1427 2200 1559 2255 dicit
1582 2201 1653 2267 ³⁷,

86 2289 204 2357 quia
232 2303 431 2359 corpus
459 2297 703 2345 nostrum
733 2290 850 2361 (l9)
876 2291 1131 2361 templum
1160 2302 1247 2347 est
1279 2293 1406 2358 Dei,
1439 2304 1495 2349 et
1521 2304 1657 2348 tem-

87 2380 219 2447 plum
252 2382 489 2451 Spiritus
514 2384 730 2439 sancti?
765 2385 873 2440 Sed
896 2395 953 2440 et
981 2395 1184 2443 caetera
1214 2388 1267 2441 in
1311 2386 1513 2458 quibus
1541 2386 1654 2460 (20)

85 2474 354 2530 conﬁtetur
384 2492 415 2529 a
449 2476 565 2547 lege
595 2491 716 2546 qua:
746 2478 801 2533 in
837 2479 1102 2534 membris
1145 2482 1262 2537 suis
1305 2492 1420 2547 est,
1467 2491 1525 2538 et
1569 2496 1656 2536 re-

87 2577 275 2636 pugnat
299 2567 406 2638 legi
453 2571 652 2625 mentis
686 2586 803 2626 sua:
827 2611 844 2637 ,
877 2573 1147 2643 captivum
1178 2575 1300 2628 duci
1333 2589 1395 2631 se
1443 2575 1495 2629 in
1535 2575 1654 2642 lege

84 2660 275 2727 peccati
301 2659 369 2726 ⁸⁸,
400 2662 679 2730 quomodo
705 2663 1019 2734 apostolica:
1056 2666 1382 2721 convenient
1416 2666 1533 2737 (21)
1568 2666 1655 2721 di-

84 2751 259 2820 gnitati
278 2792 295 2816 ,
319 2764 375 2808 et
406 2753 572 2809 Paulo
598 2756 872 2825 praecipue
897 2793 917 2821 ,
946 2759 998 2812 in
1025 2773 1135 2827 quo
1156 2759 1409 2815 Christus
1437 2770 1492 2814 et
1517 2759 1653 2815 vivit

83 2855 131 2897 et
154 2845 420 2915 loquitur?
461 2848 568 2903 Sed
597 2849 917 2921 colligamus
943 2866 1010 2906 ex
1053 2851 1141 2907 his
1180 2854 1453 2922 quomodo
1483 2853 1652 2909 moris

84 2948 158 2993 est
190 2938 485 3012 Scriptum
513 2945 711 3000 divinat
754 2954 809 3000 et
840 2961 1102 3016 personas
1144 2946 1379 3000 latenter
1401 2984 1419 3011 ,
1451 2954 1515 3001 et.
1539 2960 1648 3011 res,

85 3040 134 3084 ο«ι
161 3046 344 3089 causas
367 3036 438 3090 de
462 3038 661 3106 quibus
696 3038 882 3093 dicere
911 3039 1146 3105 videtur,
1178 3050 1235 3094 et
1260 3041 1479 3094 nomina
1508 3055 1653 3096 com-

84 3133 296 3189 mutare,
324 3127 439 3181 imo
462 3131 644 3196 potius
669 3131 877 3187 eisdem
904 3133 1214 3187 nominibus
1244 3132 1295 3187 iu
1333 3132 1458 3188 aliis
1480 3142 1646 3203 atque

80 3213 190 3270 aliis
218 3218 378 3275 rebus
405 3223 484 3276 uti
506 3262 522 3286 ,
562 3232 619 3276 ut
653 3223 704 3279 iu
734 3225 985 3295 praesenti
1029 3226 1148 3281 loco
1189 3226 1265 3280 ait
1305 3226 1593 3296 Apostolus
1625 3249 1641 3285 :

83 3324 104 3358 ι
134 3306 337 3367 Scimus
366 3313 515 3368 enim
551 3315 678 3384 quia
713 3315 802 3372 lex
829 3318 1096 3389 spiritalis
1123 3328 1224 3374 est.
1266 3337 1286 3371 ι
1323 3318 1438 3375 Hoc
1463 3320 1643 3374 adhuc

77 3396 184 3475 (-32)
210 3404 348 3474 quod
379 3404 557 3461 dixit:
589 3425 610 3459 ι
643 3406 857 3465 Scimus
879 3412 1007 3481 quia
1033 3411 1118 3466 lex
1146 3412 1407 3481 spiritalis
1428 3412 1588 3475 est”,
1615 3429 1636 3464 ι

78 3496 350 3564 apostolica
396 3498 726 3555 auctoritate
775 3502 1118 3571 pronuntiat.
1178 3502 1296 3558 Non
1343 3505 1488 3559 enim
1537 3503 1643 3558 scit

79 3586 236 3658 legem
260 3589 562 3659 spiritalem
588 3606 712 3648 esse
741 3593 834 3663 qui
864 3594 1106 3651 carnalis
1136 3604 1250 3661 est,
1290 3603 1349 3651 et
1377 3597 1479 3651 sub
1509 3611 1639 3666 pec-

79 3691 188 3737 cato
212 3685 556 3741 venundatus
584 3696 702 3753 est;
740 3688 835 3744 sed
862 3688 954 3758 qui
992 3688 1154 3743 habet
1190 3688 1243 3744 in
1281 3704 1342 3745 se
1374 3687 1639 3759 Spiritum

79 3771 199 3840 Dei,
240 3776 331 3832 ille
357 3778 466 3833 scit
509 3779 637 3848 quia
678 3779 760 3833 lex
798 3780 912 3851 (25)
952 3781 1209 3849 spiritalis
1238 3790 1318 3836 est
1351 3798 1366 3836 :
1401 3781 1543 3851 quod
1575 3781 1643 3835 de

77 3861 233 3938 Moysi
261 3869 377 3938 lege
431 3872 689 3925 convenit
719 3872 944 3926 dictum.
981 3873 1097 3940 Ipsa
1131 3886 1368 3942 namque
1411 3882 1496 3929 est
1521 3886 1644 3943 quae

77 3959 120 4013 ei
145 3963 234 4033 qui
261 3962 593 4034 spiritaliter
622 3962 769 4017 illam
799 3964 1056 4034 intelligit
1078 3964 1215 4036 (24),
1251 3964 1338 4019 lex
1381 3964 1642 4034 Spiritalis

74 4061 169 4119 est,
196 4064 248 4109 et
279 4055 517 4125 Spiritus
548 4054 865 4120 viviﬁcans;
897 4057 989 4125 qui
1024 4071 1153 4111 vero
1199 4055 1514 4120 carnaliter,
1553 4060 1638 4111 lex

75 4140 254 4198 litterae
297 4153 355 4200 et
407 4143 584 4199 littera
635 4142 895 4199 occidens
948 4158 1071 4199 esse
1124 4156 1462 4201 memoratur
1500 4146 1636 4217 (25).

138 4280 180 4312 "
228 4279 388 4337 Rom.
426 4298 523 4345 vn,
553 4282 642 4337 14.
717 4283 762 4315 ⁸⁸
795 4282 832 4336 ll
868 4282 996 4338 Cor.
1033 4300 1065 4337 x
1089 4274 1121 4350 ,I
1148 4284 1204 4345 5.

1305 4286 1354 4318 ⁸³
1382 4284 1403 4340 1
1434 4285 1564 4340 Cor.
1608 4302 1707 4353 vn,
1733 4289 1823 4342 23.
1897 4287 1943 4318 ⁸⁸
1977 4286 2156 4341 Galat.
2195 4303 2276 4353 ιιι,
2305 4286 2395 4340 13.

1757 1852 2009 1906 operor,»
2043 1852 2149 1890 non
2185 1845 2365 1890 tamen
2400 1850 2511 1889 rem
2538 1837 2711 1903 ipsam
2736 1851 2901 1905 quam
2930 1840 3187 1904 operatur
3215 1836 3337 1903 quis

1759 1929 1992 1997 ignorat,
2016 1926 2143 1980 licet
2169 1925 2407 1981 carnalis
2433 1926 2523 1987 sit,
2558 1926 2653 1981 sed
2679 1940 2896 1981 causam
2928 1926 3005 1980 rei
3036 1940 3198 1995 qitam
3226 1927 3340 1993 agit

1758 2020 1960 2074 dicitur
2003 2018 2257 2088 ignorare
2282 2017 2420 2088 (27).
2460 2018 2614 2083 Quod
2646 2032 2778 2071 vero
2814 2016 2949 2071 dicit
2981 2016 3116 2087 (28),
3158 2036 3177 2068 ι
3220 2016 3335 2070 Non

1755 2113 1898 2166 enim
1934 2112 2079 2180 quod
2109 2111 2233 2164 volo
2260 2126 2394 2178 ago;
2450 2110 2549 2165 sed
2594 2111 2737 2179 quod
2767 2110 2889 2175 odi,
2929 2110 3057 2164 illud
3093 2108 3269 2173 facio,
3312 2128 3335 2163 ι

1755 2206 2000 2259 ostendit
2034 2206 2180 2274 quod
2213 2203 2344 2259 licet
2369 2203 2612 2257 carnalis
2642 2203 2734 2267 sit,
2778 2211 2837 2257 et
2862 2203 2963 2258 sub
2991 2213 3216 2272 peccato
3249 2217 3341 2258 vo-

1755 2298 2031 2353 nundatus
2057 2297 2150 2366 qui
2184 2296 2301 2351 haec
2333 2296 2605 2365 loquitur,
2655 2304 2835 2350 tamen
2877 2295 3043 2349 etiam
3082 2296 3340 2351 resistere

1754 2390 2152 2462 aliquantulum
2180 2389 2329 2444 vitiis
2353 2398 2582 2443 conetur
2604 2429 2619 2452 ,
2658 2387 2793 2458 legis
2826 2387 3037 2443 scilicet
3074 2386 3342 2442 naturalis

1754 2486 2047 2550 instinctu,
2077 2485 2172 2540 sed
2203 2485 2455 2539 vincatur
2483 2499 2513 2538 a
2555 2484 2701 2539 vitiis
2734 2492 2790 2538 et
2816 2482 3162 2553 opprimatur
3193 2480 3340 2535 invi-

1754 2588 1843 2632 tus
1869 2577 1983 2647 (29)
2015 2595 2029 2631 :
2066 2585 2127 2631 ut
2156 2591 2300 2647 saepe
2341 2576 2545 2631 accidit
2591 2576 2765 2647 (verbi
2802 2575 3002 2645 gratia)
3038 2590 3163 2631 cum
3208 2590 3338 2645 pro-

1753 2671 1906 2739 ponit
1934 2670 2058 2740 quis
2088 2669 2361 2738 patienter
2389 2668 2535 2725 ferre
2582 2669 2937 2740 instigantem
2968 2683 3045 2730 se,
3076 2676 3131 2722 et
3162 2669 3230 2721 ad
3255 2668 3340 2721 ul-

1754 2761 1943 2830 timum
1971 2762 2213 2816 vincitur
2244 2760 2527 2816 iracundia
2551 2803 2568 2828 ,
2618 2770 2674 2815 et
2700 2760 2910 2829 patitur
2945 2758 3051 2814 hoc
3083 2758 3284 2812 invitus
3318 2774 3335 2813 :

1754 2855 2009 2909 irascitur
2057 2867 2192 2924 ergo
2237 2854 2402 2907 etiam
2440 2868 2562 2907 cum
2613 2851 2750 2907 nolit
2803 2850 2989 2906 irasci.
3054 2848 3168 2904 Hoc
3193 2849 3335 2904 idem

1752 2948 1915 3002 etiam
1950 2947 2164 3002 timoris
2188 2946 2324 3000 vitio
2358 2946 2613 3001 accidere
2644 2943 2806 3010 solet,
2841 2951 3115 2999 utcontra
3151 2944 3338 2997 volun-

1757 3046 1921 3091 tatem
1968 3036 2095 3105 quis
2137 3043 2283 3091 metu
2336 3045 2392 3090 et
2446 3034 2736 3088 formidine
2787 3041 3093 3099 terreatur;
3129 3031 3234 3087 hoc
3279 3041 3337 3085 et

1755 3130 1806 3182 in
1872 3128 2108 3183 elatione
2176 3125 2339 3183 subiti
2410 3127 2494 3183 vel
2565 3126 2825 3197 inopinati
2900 3127 3124 3181 honoris
3191 3141 3337 3195 swpe

1749 3219 1911 3291 585
1936 3221 2221 3290 contingit,
2255 3230 2313 3274 ut
2336 3220 2681 3290 arrogantior
2709 3219 2802 3274 iiat
2828 3218 2968 3289 (29‘)
2993 3227 3048 3274 et
3072 3218 3336 3273 tumidior

1748 3330 1914 3385 quam
1947 3313 2082 3368 vult.
2128 3314 2378 3368 Vincitur
2421 3327 2555 3383 ergo
2583 3312 2636 3366 in
2682 3311 2769 3367 his
2813 3311 3042 3383 singulis
3068 3311 3161 3380 qui
3199 3325 3333 3364 non—

1750 3409 1876 3461 dum
1911 3405 2170 3475 spiritalis
2202 3415 2306 3472 est,
2340 3405 2506 3461 etiam
2550 3414 2740 3459 contra
2775 3405 3109 3459 voluntatem
3146 3417 3165 3458 :
3205 3403 3331 3471 quia

1748 3500 2004 3554 voluntas
2033 3498 2137 3554 ista
2165 3500 2406 3553 nondum
2454 3498 2529 3552 ita
2561 3496 2734 3559 fortis.
2765 3507 2820 3552 et
2860 3496 2934 3550 ita
2970 3496 3191 3550 robusta
3225 3503 3332 3557 est,

1749 3602 1809 3647 ut
1853 3592 2077 3647 deiiniat
2120 3590 2263 3661 apud
2308 3604 2366 3645 se
2390 3604 2565 3661 usque
2602 3590 2670 3644 ad
2713 3597 2945 3644 mortem
2978 3602 3077 3659 pro
3101 3588 3334 3642 veritate

1749 3686 2075 3741 certandum
2101 3702 2118 3750 ;
2146 3699 2246 3739 nec
2270 3684 2393 3739 talis
2419 3693 2642 3754 estquae
2670 3682 2836 3744 dicat,
2863 3699 2884 3734 ι
2910 3682 3027 3748 Εει,
3051 3690 3173 3747 εει;
3199 3696 3330 3744 non,

1750 3794 1855 3833 non
1881 3778 1927 3811 οι
1962 3798 1976 3843 ;
2011 3795 2032 3829 ι
2059 3786 2114 3831 ει
2150 3778 2273 3833 ideo
2304 3791 2408 3831 non
2438 3785 2619 3846 potest
2657 3775 2874 3844 operari
2904 3788 3025 3844 quae
3065 3773 3193 3837 vult,
3232 3772 3328 3826 sed

1748 3886 1870 3940 quae
1891 3886 2000 3925 non
2035 3871 2167 3923 vult.
2204 3867 2409 3923 Tamen
2438 3884 2504 3923 ex
2534 3883 2595 3923 ea
2625 3876 2780 3938 parte
2802 3881 2914 3936 qua
2939 3882 3045 3921 non
3075 3865 3187 3918 vult
3218 3852 3331 3917 ma-

1746 3961 1879 4029 lum,
1903 3962 2176 4017 consentit
2205 3960 2307 4029 legi
2350 3959 2442 4015 Dei
2477 3960 2602 4030 quia
2633 3961 2772 4015 bona
2803 3967 2907 4023 est,
2937 3973 3057 4028 qua:
3082 3957 3332 4028 prohibet

1748 4055 1949 4109 malum
1975 4071 1991 4121 ;
2023 4063 2079 4108 et
2101 4055 2152 4107 in
2177 4054 2584 4108 consonantiam
2614 4054 2904 4123 quamdam
2940 4051 3007 4106 ad
3037 4050 3213 4121 legent
3234 4047 3327 4103 Dei

1748 4148 1833 4203 lex
1864 4146 2131 4202 naturalis
2154 4146 2446 4202 adducitur
2475 4144 2607 4217 (30),
2643 4156 2702 4201 ut
2727 4147 2916 4202 eadem
2943 4143 3135 4210 velint,
3158 4150 3328 4212 atque

2484 4287 2531 4318 ⁸⁸
2571 4285 2747 4341 Calat.
2796 4301 2868 4350 ιι,
2899 4284 2991 4340 20.
3083 4283 3131 4316 ⁸⁸
3164 4283 3326 4340 Rom.

77 4365 182 4418 ηις,
209 4351 295 4407 11.
373 4352 420 4385 ⁸⁷
447 4350 470 4406 l
495 4353 619 4409 Cor.
651 4369 726 4419 vi,
759 4353 846 4409 19.
925 4354 972 4386 ⁸⁸
1002 4353 1161 4409 Rom.
1191 4370 1291 4422 vu,
1318 4357 1410 4410 25.
1486 4357 1531 4389 δ’
1567 4357 1639 4412 Rc

1814 4374 1864 4422 ιι,
1893 4357 1982 4412 14.
2056 4357 2103 4390 ⁹⁰
2136 4350 2299 4412 lCor.
2326 4373 2405 4424 Ix,
2432 4355 2522 4410 22.
2600 4357 2644 4389 ⁹¹
2680 4356 2869 4411 Matth.
2916 4372 2968 4422 ν,
2999 4355 3090 4410 57.

137 4465 245 4539 (15)
281 4465 450 4539 Editi,
494 4474 589 4539 get
616 4466 983 4539 captivantem
1015 4484 1101 4524 me
1134 4468 1187 4523 in
1222 4467 1341 4539 lege
1376 4472 1638 4539 peccati,»
1677 4470 1722 4525 D
1824 4468 1939 4537 (25)
1963 4467 2089 4539 Lex.
2113 4467 2538 4539 Desideraturin
2560 4468 2726 4523 editis
2744 4477 2798 4522 et
2821 4468 2871 4521 in
2901 4466 3171 4539 plerisque
3192 4482 3323 4522 mss.

72 4544 170 4591 etc.
206 4537 428 4600 Deinde,
469 4537 692 4590 «Infelix
724 4554 822 4607 ego
846 4538 1009 4592 homo
1036 4540 1157 4607 quis
1184 4556 1268 4593 me
1284 4537 1546 4596 liberabit
1578 4542 1645 4598 de

74 4621 287 4679 corpore
313 4608 509 4679 mortis
536 4608 731 4675 hujus?
767 4607 952 4664 Gratia
986 4610 1103 4676 Dei,
1139 4629 1158 4661 ι
1194 4620 1302 4665 etc.
1346 4610 1447 4665 Ms.
1481 4628 1643 4679 unus,

76 4695 93 4726 ι
127 4677 222 4747 nisi
252 4680 424 4747 gratia
457 4677 580 4747 Dei,
607 4697 625 4729 ι
660 4688 765 4733 etc.

136 4746 437 4818 (16)Editi,
464 4746 550 4802 «Si
574 4752 658 4802 cui
683 4748 1114 4817 (Cenebrardus,
1144 4751 1376 4815 (sicuti)
1407 4753 1640 4810 fortem.

75 4830 386 4889 praesumpta
428 4821 679 4874 videatur
705 4862 721 4888 ,
759 4821 1012 4874 advertat
1056 4838 1202 4876 nunc
1253 4823 1305 4875 in
1355 4823 1639 4891 Apostolo,

73 4891 349 4955 quomodo,
384 4909 405 4942 ι
441 4901 548 4944 ειε.

141 4958 250 5032 (17)
289 4958 381 5015 Sic
410 4969 560 5014 recte
589 4976 693 5013 ms.
723 4976 863 5017 unus
905 4962 1105 5032 Regius
1140 4978 1288 5015 lllllll.
1331 4962 1487 5018 1659.
1527 4964 1644 5018 Ca:-

76 5029 165 5102 teri
199 5045 329 5085 vero
359 5047 492 5085 mss.
534 5032 822 5097 liabanus,
855 5044 908 5086 et
939 5029 1094 5099 editi,
1124 5048 1431 5102 perperam,
1468 5052 1486 5085 ι
1527 5035 1638 5089 Non

75 5099 208 5154 enim
236 5104 534 5177 secundum
567 5117 787 5177 carnem
825 5103 1094 5167 viximus,
1126 5099 1231 5158 nec
1256 5105 1375 5175 (aL,
1408 5123 1429 5157 ι
1464 5110 1557 5161 sed
1589 5108 1638 5177 ι)

76 5173 357 5225 secundum
390 5188 609 5227 carnem
645 5173 996 5227 militamus.)

141 5241 246 5314 (18)
285 5241 447 5302 Editi,
492 5261 511 5294 ι
550 5243 641 5312 qui
678 5244 731 5296 in
760 5244 865 5297 alio
890 5244 1051 5299 dixit.
1084 5262 1103 5295 ι
1144 5243 1247 5299 Με.
1274 5262 1414 5302 unus
1441 5258 1497 5302 et
1531 5246 1640 5302 Ra-

78 5308 253 5378 batius,
290 5330 309 5364 ι
344 5314 440 5380 qui
464 5308 585 5367 aliis
611 5314 843 5368 dixerat.
882 5334 901 5367 ι

141 5380 245 5453 (l9)
283 5383 455 5449 Alias,
493 5404 512 5436 ι
551 5384 820 5439 inhabitat
854 5387 909 5439 iu
940 5400 1107 5441 carne
1129 5388 1331 5442 bonum
1353 5427 1366 5443 .
1391 5427 1405 5442 .
1428 5427 1443 5443 .
1466 5426 1482 5443 .
1510 5390 1638 5458 quia

80 5464 297 5526 corpora
323 5466 534 5526 nostra,
572 5474 589 5505 ι
622 5464 730 5508 etc.

140 5522 245 5594 (20)
282 5523 422 5599 Editi
452 5522 662 5599 e‘t'mss.
687 5527 907 5595 quidam
936 5542 1218 5598 perperam
1248 5529 1468 5599 habent,
1501 5529 1635 5589 cSud

79 5599 126 5642 οι
151 5605 295 5665 certe
323 5596 375 5649 in
401 5596 619 5665 quibus,
655 5614 674 5647 ι
714 5607 819 5652 etc.

141 5663 248 5733 (2i)
283 5663 453 5731 Alias,
486 5686 505 5717 ι
538 5669 884 5722 conveniunt.
924 5688 945 5721 ι

139 5734 246 5806 (22)
284 5736 451 5808 Editi,
492 5756 512 5790 ι
546 5737 645 5795 llic
677 5740 869 5796 adhuc.
909 5761 929 5794 ι

1822 4539 1933 4610 (24)
1977 4538 2068 4593 Sic
2089 4554 2195 4610 ιιιε.
2233 4555 2389 4591 lllllls.
2424 4538 2599 4610 (Alias
2633 4554 2794 4602 vero,
2826 4555 2873 4610 ut
2921 4553 3039 4605 qua:
3063 4538 3170 4610 his_
3202 4539 3322 4607 (aL,

1752 4632 1770 4661 ι
1808 4607 1928 4679 quae
1967 4611 2019 4663 in
2045 4608 2200 4680 his»)
2227 4609 2315 4677 qui
2354 4609 2675 4677 spiritaliter
2709 4608 3032 4678 intelligunt.
3076 4627 3095 4660 ι
3142 4607 3322 4662 Raba-

1746 4699 1872 4746 ttus,
1917 4701 1937 4733 (
1965 4696 2087 4751 quae
2119 4681 2207 4734 hic
2247 4698 2275 4751 a
2309 4682 2509 4751 quibus
2550 4680 2871 4746 spiritaliter
2923 4680 3257 4749 intelligitur.
3297 4697 3318 4733 ι

1817 4752 1931 4824 (25)
1958 4753 2121 4824 (Alias
2144 4793 2166 4824 ,
2194 4769 2212 4801 ι
2256 4750 2338 4824 lex
2376 4750 2855 4824 littera:_0ccide_n_s
2900 4765 3022 4803 esse
3051 4766 3323 4803 memora-

1748 4820 1853 4876 tur.
1889 4842 1908 4874 ι
1941 4822 2022 4875 Al.
2049 4862 2064 4887 ,
2101 4841 2119 4872 ι
2157 4823 2243 4875 lex
2275 4821 2470 4874 litterae
2496 4831 2549 4875 et
2575 4821 2660 4875 lex
2689 4820 2945 4874 occidens
2971 4835 3092 4875 esse
3118 4836 3325 4876 memo-

1748 4904 1918 4947 l‘alltt‘.
1960 4912 1978 4944 ι

1816 4963 1928 5035 (26)
1965 4963 2043 5017 De
2090 4980 2165 5017 se.
2221 4961 2347 5017 llaec
2380 4962 2545 5016 verba
2594 4964 2794 5016 desunt
2847 4961 2900 5015 in
2950 4960 3106 5018 libris
3159 4971 3320 5017 antea

1742 5037 1924 5088 editis.

1815 5104 1929 5175 (27)
1969 5104 2097 5160 Μεε.
2141 5105 2254 5159 fere
2287 5118 2478 5158 omnes
2500 5147 2515 5169 ,
2548 5103 2802 5158 Rabanus
2834 5111 2885 5156 et
2930 5103 3060 5158 editi
3093 5102 3315 5175 habent,

1745 5194 1766 5227 ι
1802 5172 1943 5243 tam”;
1975 5196 1994 5227 ι
2029 5177 2122 5228 sed
2155 5191 2253 5229 tus.
2288 5190 2427 5227 unus
2463 5184 2610 5228 recte
2637 5175 2787 5243 legit,
2827 5191 2845 5224 ι
2881 5184 3079 5226 tamen.
3115 5191 3137 5223 ι
3167 5172 3318 5243 Alter

1743 5263 1843 5300 ius.
1879 5242 2063 5308 habet,
2099 5262 2235 5299 ιιιοιι
2256 5246 2387 5298 dicit
2417 5242 3056 5314 tauquamsemetipsqu
3080 5243 3170 5312 qui
3200 5242 3313 5313 jam

1739 5329 2001 5387 Operatttr
2027 5318 2153 5383 quis
2189 5318 2422 5385 ignoret,
2458 5334 2477 5365 ι
2510 5327 2624 5370 etc.

1811 5387 1924 5457 (28)
1962 5385 2130 5450 Editi,
2171 5405 2189 5436 ι
2222 5388 2376 5451 Quod
2406 5387 2553 5457 enim
2588 5386 2740 5440 dicit.
2781 5404 2800 5437 ι

1811 5451 1923 5531 (29)
1977 5461 2101 5512 Mss.
2129 5457 2396 5528 plerique,
2428 5455 2684 5511 [tabanus
2713 5468 2768 5510 et
2795 5455 2948 5519 editi,
2985 5470 3005 5502 ι
3027 5452 3080 5506 in
3108 5451 3307 5517 vitiis,i

1739 5531 1900 5585 male.

1807 5598 1942 5671 (29⁸)
1976 5599 2146 5671 Alias,
2177 5618 2195 5649 ι
2236 5597 2339 5663 sit;
2372 5616 2392 5650 ι
2421 5598 2517 5661 aL,
2551 5616 2571 5648 ι
2611 5598 2733 5671 quis
2771 5596 2880 5649 ﬁat.
2914 5611 2933 5645 ι
2965 5591 3075 5649 Sed
3119 5603 3311 5645 οωιιω

1738 5688 1868 5726 :uss.
1901 5668 1950 5723 et
1991 5669 2250 5724 Rabauus
2272 5673 2532 5722 omittunt
2559 5686 2577 5720 ι
2611 5668 2754 5739 quis.
2789 5685 2808 5718 ι

1811 5742 1924 5811 (δυ)
1954 5741 2115 5807 sum,
2140 5759 2158 5792 ι
2195 5740 2442 5795 Adducit.
2476 5757 2495 5790 ι
