3692 6138
450 223 586 282 1087

1911 223 2230 281 ORlGENlS
2345 188 2350 192 ’
3541 229 3629 284 loss

448 346 639 400 eadem
691 345 888 400 nolint.
939 345 1093 412 Quod
1126 345 1170 399 si
1209 346 1507 402 secundum
1546 347 1879 402 voluntatem
1928 346 2033 414 legi
2061 354 2109 405 Α
2137 342 2394 412 peccandi
2441 351 2727 410 peccatum
2772 339 3092 397 nominavit.
3126 359 3148 392 ι
3196 339 3410 396 Invenio
3431 340 3628 412 igiturig-

447 437 542 492 Dei
599 437 995 502 consentimus,
1041 436 1239 490 malum
1279 454 1408 506 ergo
1454 441 1597 508 quod
1637 438 1887 501 facimus,
1921 454 2025 492 non

440 528 554 596 jam
583 543 680 582 nos
715 528 788 592 id,
831 529 924 582 sed
955 537 1236 598 peccatum
1267 530 1408 596 quod
1441 530 1492 582 in
1523 530 1680 583 nobis
1706 539 1809 588 est.
1836 545 2028 598 opera-

445 629 553 682 tur,
585 619 633 671 id
663 631 748 674 est
779 619 862 673 lex
897 628 952 674 et
980 620 1231 674 voluntas
1265 622 1465 685 carnis,
1505 637 1626 690 quae
1655 623 1898 690 captivos
1929 635 2027 675 nos

443 709 589 763 ducit
632 712 682 763 in
733 711 844 777 lege
881 713 1086 780 peccati
1119 728 1239 780 quae
1289 714 1339 764 in
1387 714 1644 767 membris
1671 723 1753 766 est
1789 711 1922 784 (51).
1961 711 2028 766 Ει

443 800 533 854 hic
580 801 795 868 quidem
844 801 1042 856 Paulus
1082 805 1318 857 carnalis
1367 803 1516 864 dicit,
1550 803 1676 872 quia
1713 821 1733 854 ι
1763 802 1872 870 jam
1918 819 2021 857 non

440 908 542 959 ego
586 909 782 961 operor
810 893 958 956 illud,
1001 897 1098 948 sed
1144 896 1288 963 quod
1336 895 1547 948 habitat
1597 895 1650 949 in
1703 910 1788 950 me
1833 910 2023 965 peccao

443 994 574 1037 tntn.
631 1003 649 1034 ι
716 984 920 1039 Paulus
959 1001 1089 1040 vero
1123 987 1386 1055 spiritalis
1429 987 1484 1042 in
1530 987 1652 1040 aliis
1690 989 1859 1053 dicit,
1895 988 2020 1057 quia

445 1091 464 1122 ι
494 1071 858 1128 abundantius
883 1089 1046 1143 quam
1077 1092 1268 1131 omnes
1290 1079 1364 1131 illi
1392 1077 1631 1131 laboravi
1665 1095 1680 1142 ;
1709 1094 1812 1132 non
1839 1089 2018 1132 autem

437 1179 562 1232 ego,
595 1165 689 1218 sed
724 1167 898 1234 gratia
938 1168 1029 1221 Dl'i
1069 1185 1280 1223 mecum
1313 1173 1379 1223 η.
1417 1191 1434 1222 ι
1477 1168 1546 1224 llt
1575 1187 1705 1240 ergo
1737 1173 1840 1225 iste
1876 1171 2022 1224 labo-

437 1269 526 1307 res
549 1270 675 1309 suos
718 1271 822 1311 non
851 1259 978 1324 sibi,
1012 1262 1104 1316 sed
1128 1263 1316 1328 gratia:
1360 1265 1477 1328 Dei,
1507 1279 1629 1334 qua:
1656 1263 1707 1316 in
1751 1265 1866 1332 ipso
1887 1278 2018 1332 ope-

437 1346 685 1414 rabatur,
713 1349 958 1415 ascribit,
979 1353 1050 1405 ita
1080 1362 1135 1405 et
1162 1353 1250 1406 ille
1269 1353 1506 1407 carnalis
1527 1369 1693 1422 opera
1727 1369 1832 1406 non
1875 1353 2016 1406 bona

435 1450 541 1495 non
573 1439 698 1505 sibi,
731 1446 825 1498 sed
865 1456 1112 1514 peccato,
1143 1447 1284 1515 quod
1321 1447 1371 1499 in
1415 1463 1474 1501 se
1502 1447 1716 1500 habitat
1745 1457 1802 1502 et
1832 1461 2022 1515 opera-

436 1545 557 1601 tur,
589 1539 930 1592 adnumerat.
971 1539 1096 1594 ldeo
1141 1556 1271 1610 ergo
1323 1541 1500 1595 dicit:
1542 1559 1560 1593 ι
1617 1541 1732 1596 Νοη
1759 1541 1869 1608 jam
1915 1556 2018 1613 ego

433 1642 627 1692 operor
653 1629 804 1694 illud,
843 1632 936 1684 sed
967 1631 1112 1696 quod
1148 1633 1355 1685 habitat
1381 1633 1432 1684 in
1465 1648 1554 1686 me
1576 1642 1878 1701 peccatum.
1899 1631 2016 1687 Non

2130 449 2272 503 gem,
2303 435 2506 488 volenti
2544 435 2674 489 mihi
2707 435 2886 490 facere
2918 437 3142 498 bonum,
3177 435 3310 501 quia
3340 435 3460 488 mihi
3487 438 3630 504 adiam

2129 526 2352 579 malum.
2383 525 2743 580 Condelector
2767 527 2912 580 enim
2955 525 3056 596 legi
3094 525 3193 580 Dei
3238 525 3512 580 secundum
3535 528 3626 585 inte-

2127 619 2328 671 riorem
2367 619 2662 671 hominem.
2711 637 2730 672 ι
2771 619 2836 672 Et
2884 619 2936 672 in
2976 620 3080 682 his,
3107 629 3169 672 ut
3203 633 3350 686 saepe
3381 619 3428 670 in
3455 623 3626 688 superio-

2130 709 2278 762 rilms
2308 709 2418 781 (57)
2449 711 2914 774 commonuimus,
2950 726 3054 764 non
3088 710 3352 763 videntur
3379 709 3630 769 elocutiones

2127 799 2337 869 integre
2368 799 2650 869 explicari,
2681 800 2778 854 sed
2808 800 3256 868 conjunctionum
3299 797 3384 852 vel
3428 800 3630 854 abundan-

2128 889 2222 953 tia,
2262 890 2348 943 vel
2386 890 2814 959 proprietatibus
2848 888 3118 958 impediri.
3155 887 3280 941 Tali
3312 902 3437 958 ergo
3468 891 3629 956 quodam

2123 983 2313 1037 ordine
2342 982 2524 1053 legere
2549 981 2810 1038 debemus
2830 1023 2844 1044 ,
2877 992 2935 1036 ut
2966 980 3286 1035 intellectus
3320 980 3525 1033 lucidior
3545 981 3630 1034 litt:

2125 1073 2312 1143 Igitur,
2347 1073 2473 1142 quia
2507 1073 2705 1127 malum
2739 1075 2870 1128 mihi
2905 1075 3136 1143 adjacet,
3169 1073 3368 1126 volens
3404 1070 3552 1126 facere
3573 1075 3633 1127 bo-

2125 1181 2251 1218 num
2280 1165 2498 1219 invenio
2527 1166 2702 1234 legem
2732 1167 2847 1229 Dei,
2879 1177 2932 1220 et
2951 1165 3309 1221 condelector
3337 1165 3384 1219 ei
3411 1169 3633 1219 secundum

2124 1254 2439 1311 interiorem
2478 1257 2774 1311 hominem.
2813 1258 2912 1312 Per
2935 1257 3076 1325 quod
3108 1257 3379 1320 ostendit,
3407 1256 3516 1326 quia
3543 1259 3634 1311 inte-

2122 1346 2234 1400 rior
2287 1348 2490 1408 homo,
2539 1348 2641 1403 hoc
2688 1359 2772 1403 est
2817 1350 3068 1404 voluntas
3110 1361 3167 1404 et
3218 1354 3533 1417 propositum
3567 1367 3633 1416 quo

2122 1439 2334 1492 initium
2371 1439 2570 1508 accipit
2609 1443 2854 1495 converti
2884 1443 2951 1495 ad
2987 1441 3305 1505 Dominum,
3330 1443 3429 1513 legi
3459 1444 3536 1497 Dei
3553 1460 3632 1497 coo-

2121 1517 2305 1595 seYltit,
2332 1541 2387 1584 et
2428 1531 2733 1586 delectatur
2773 1534 2827 1588 in
2864 1551 2946 1589 ea.
3005 1536 3134 1602 Sed,
3176 1545 3241 1590 ut
3273 1538 3512 1604 superius
3545 1538 3633 1591 diti-

2122 1636 2262 1685 mus,
2293 1636 2399 1676 non
2434 1623 2619 1676 statim
2653 1633 2710 1677 ut
2742 1624 3075 1679 voluntatem
3122 1629 3254 1695 quis
3292 1628 3524 1680 habuerit
3552 1644 3634 1681 coo-

431 1723 571 1772 enim
610 1721 818 1775 habitat
841 1723 891 1774 in
923 1738 1030 1784 me,
1065 1723 1166 1778 hoc
1186 1737 1270 1777 est
1309 1726 1359 1776 itt
1393 1739 1557 1778 carne
1594 1741 1734 1789 utea,
1764 1727 2015 1779 bomth
2056 1717 2097 1772 Β
2126 1712 2262 1765 Veni
2303 1713 2370 1766 ad
2423 1711 2588 1776 bona,
2622 1713 2786 1766 etiam
2823 1727 2951 1766 “5"5
2988 1714 3112 1767 υοηί
3157 1715 3352 1783 operis
3388 1717 3632 1768 ευδεθθυιῖε

432 1809 678 1864 Nondum
708 1817 852 1866 enim
897 1816 948 1867 in
992 1830 1058 1870 eo
1085 1816 1334 1870 Christus
1368 1817 1656 1881 inhabitat,
1700 1831 1874 1886 neque
1896 1831 2020 1871 cor-

430 1920 532 1972 pus
566 1907 681 1970 ejus
735 1907 997 1975 templum
1057 1908 1149 1962 Dei
1190 1919 1273 1963 est
1308 1910 1442 1978 (32).
1483 1908 1872 1964 Verumtamen
1909 1925 2018 1965 non

431 2011 818 2065 usquequaque
855 1999 965 2062 hic,
1017 2001 1172 2068 cujus
1209 2016 1438 2070 persona
1492 2002 1837 2072 proponitur,
1883 2003 2018 2058 alie-

431 2105 531 2144 nus
562 2099 644 2143 est
678 2105 707 2143 a
742 2091 920 2155 bonis,
957 2092 1050 2144 sed
1086 2091 1369 2160 proposito
1394 2091 1617 2161 quidem
1647 2102 1704 2147 et
1738 2094 2017 2150 voluntate

428 2181 594 2249 cmpit
639 2181 778 2234 bona
828 2180 1130 2250 requirere,
1166 2182 1403 2235 nondum
1447 2187 1627 2235 tamen
1670 2194 1850 2252 potest
1873 2185 2012 2238 bona

429 2270 590 2324 rebus
622 2280 677 2324 et
710 2271 968 2339 operibus
1006 2271 1281 2328 obtinere.
1308 2273 1404 2328 Est
1435 2275 1580 2328 enim
1613 2275 1737 2328 talis
1767 2279 2011 2344 quzedam

429 2359 716 2416 inﬁrmitas
743 2362 795 2415 in
829 2362 914 2416 his
932 2363 1022 2426 qui
1056 2362 1204 2416 initia
1233 2365 1609 2419 conversionis
1641 2367 1932 2435 accipiunt,
1955 2378 2014 2422 ut

425 2467 548 2505 cum
573 2453 701 2507 velit
726 2455 848 2522 quis
877 2454 991 2524 (55)
1021 2456 1201 2509 statim
1235 2457 1415 2511 facere
1443 2473 1604 2512 omne
1631 2460 1774 2524 quod
1813 2463 2008 2514 bonum

426 2553 538 2607 est,
584 2559 689 2599 non
726 2547 908 2602 statim
941 2547 1275 2603 voluntatem
1316 2558 1575 2617 sequatur
1600 2549 1844 2606 eﬁ‘ectus.
1875 2549 2005 2604 Nam

423 2643 480 2689 et
509 2633 622 2709 (54)
659 2639 952 2693 meditatus
981 2640 1123 2708 apud
1165 2642 1522 2710 semetipsum
1569 2642 2007 2712 decernit(verhi

425 2729 610 2793 causa)
648 2739 706 2782 ut
736 2745 840 2783 non
867 2731 1154 2796 irascatur,
1172 2743 1226 2786 et
1255 2734 1356 2788 hoc
1381 2734 1434 2789 in
1465 2734 1741 2788 voluntate
1775 2734 1962 2789 dellnit
1990 2750 2004 2786 :

424 2821 518 2875 sed
546 2824 802 2891 quoniam
843 2824 1000 2893 longo
1028 2840 1128 2878 usu
1161 2835 1218 2879 et
1259 2828 1652 2882 consuetudine
1687 2827 1898 2883 diutina
1931 2827 2006 2880 vi-

426 2915 560 2968 tium
621 2915 674 2969 in
730 2930 798 2971 eo
854 2916 1156 2973 iracundia:
1230 2919 1565 2974 dominatum
1617 2932 1737 2985 est,
1784 2921 2006 2977 obsistit

420 3006 583 3060 etiam
616 3009 880 3062 voluntati
906 3017 961 3061 et
1000 3010 1283 3079 proposito
1311 3027 1327 3072 ;
1361 3026 1424 3066 ac
1457 3011 1622 3066 solito
1648 3012 1750 3067 sibi
1783 3028 1877 3066 usa
1911 3013 2001 3064 iti-

420 3112 550 3152 nere
580 3099 693 3169 (55)
724 3100 805 3153 vis
844 3099 1047 3154 luroris
1071 3101 1326 3170 erumpit.
1361 3100 1632 3156 Similiter
1657 3103 1766 3172 agit
1790 3113 1846 3156 et
1877 3103 1993 3155 Iihi—

419 3191 560 3243 diuis
590 3192 798 3245 vitium.
837 3189 960 3244 Pari
998 3207 1215 3260 quoque
1266 3196 1676 3250 consuetudinis
1729 3197 1916 3250 morbo
1950 3209 2005 3252 et

420 3285 758 3338 mendacium
803 3286 1058 3354 subripit,
1102 3286 1334 3342 formido
1382 3287 1622 3342 deterret
1663 3305 1677 3354 ;
1713 3299 1766 3344 et
1818 3291 1871 3344 in
1921 3298 2004 3346 his

418 3377 648 3450 singulis
701 3380 800 3434 iste
851 3380 943 3448 qui
978 3382 1086 3451 jam
1138 3381 1292 3435 initia
1347 3383 1727 3437 conversionis
1779 3384 2000 3454 accipit,

418 3481 795 3539 competenter
841 3475 993 3535 dicit,
1021 3473 1150 3542 quia
1183 3497 1202 3528 ‹
1240 3471 1378 3527 velle
1413 3475 1628 3541 adjacet
1663 3475 2001 3545 mihi,pcrli-

417 3577 542 3618 cere
571 3575 749 3619 autem
778 3565 974 3620 bonum
1012 3581 1118 3620 non
1151 3566 1385 3620 invenio.
1418 3565 1530 3620 Non
1564 3567 1707 3622 enim
1739 3569 1880 3635 quod
1906 3583 2002 3622 vo-

418 3657 469 3709 lo
493 3656 714 3720 bonum,
741 3659 841 3712 hoc
864 3675 964 3729 ago
995 3676 1009 3723 ;
1043 3660 1134 3714 sed
1170 3660 1316 3729 quod
1354 3659 1442 3712 odi
1478 3658 1700 3725 malum,
1733 3659 1863 3713 illud
1917 3660 1999 3714 fa—

417 3746 522 3802 cio.
562 3766 580 3798 ι
615 3747 764 3814 Quod
808 3751 850 3804 si
877 3750 1142 3820 judicium
1190 3753 1255 3805 de
1304 3751 1447 3804 bono
1494 3748 1660 3802 habet
1708 3749 1997 3815 voluntas,

415 3841 752 3892 consuetudo
779 3850 960 3894 autem
983 3841 1283 3896 carnalium
1308 3840 1586 3906 vitiorum,
1609 3857 1729 3909 quze
1762 3840 1847 3894 lex
1876 3855 2002 3896 car-

418 3929 502 3982 nis
547 3929 630 3982 vel
679 3930 763 3985 lex
798 3935 1166 3988 membrorum
1211 3933 1485 4003 appellata
1521 3942 1639 3998 est,
1675 3933 1894 3988 obsistit
1946 3945 2000 3988 et

415 4021 672 4089 subripit,
697 4038 761 4077 ex
784 4037 850 4076 eo
881 4024 1026 4093 quod
1069 4023 1194 4077 boni
1224 4024 1555 4078 voluntatem
1604 4023 1720 4095 (56)
1751 4040 1902 4092 gero,
1936 4024 2001 4079 li-

415 4121 504 4166 cet
538 4129 694 4180 agam
729 4115 889 4180 mala,
913 4125 1089 4168 tamen
1115 4115 1242 4185 quia
1269 4116 1468 4170 invitus
1500 4131 1621 4186 ago,
1653 4136 1672 4168 ι
1713 4118 2000 4172 consentio

415 4202 517 4274 legi
565 4204 659 4258 Dei
698 4206 951 4273 quoniam
989 4207 1126 4260 bona
1167 4216 1268 4260 est.
1315 4225 1333 4257 ι
1387 4207 1489 4262 Odi
1532 4209 1674 4262 enim
1735 4208 1898 4274 mala,
1944 4221 1997 4262 et

414 4298 574 4366 cupio
603 4314 763 4367 agere
787 4301 921 4353 bona
956 4315 1074 4368 quae
1101 4300 1180 4352 lex
1203 4299 1375 4367 juhet.
1409 4301 1563 4368 Quod
1607 4303 1652 4354 si
1688 4312 1878 4355 contra
1905 4317 1998 4357 vo-

2120 1813 2224 1857 est.
2257 1803 2374 1858 Cita
2399 1804 2545 1858 enim
2583 1819 2668 1859 res
2693 1816 2776 1858 est
2803 1807 3070 1871 voluntas,
3095 1819 3150 1860 et
3174 1807 3300 1860 sine
3325 1807 3632 1874 impedimento

2119 1898 2496 1961 convertitur;
2531 1914 2669 1966 opus
2712 1914 2845 1953 vero
2885 1901 3097 1953 tardum
3132 1911 3243 1964 est,
3275 1901 3402 1970 quia
3425 1910 3474 1955 et
3508 1918 3629 1964 usum,

2119 2001 2174 2043 et
2207 2002 2408 2056 artem,
2451 2001 2508 2046 et
2555 1991 2796 2046 laborem
2845 1993 3072 2060 requirit
3119 1995 3411 2062 operandi.
3445 1995 3631 2060 Quodn

2117 2087 2425 2140 evidentius
2463 2087 2577 2152 liat,
2610 2097 2829 2141 utamur
2853 2087 3016 2142 etiam
3057 2089 3420 2144 similitudine
3442 2093 3625 2157 exempli.

2124 2175 2282 2230 Verbi
2311 2179 2504 2247 gratia,
2535 2179 2649 2233 vult
2671 2181 2794 2248 quis
2830 2182 3045 2249 sapiens
3072 2181 3217 2246 lleri,
3259 2197 3364 2236 nec
3387 2193 3539 2236 tamen
3557 2196 3627 2236 stt-

2117 2267 2212 2322 tim
2246 2279 2303 2324 ut
2330 2269 2520 2332 voluit,
2545 2273 2763 2341 sapiens
2791 2272 3014 2329 eﬂ‘ectus
3029 2285 3113 2329 est
3133 2293 3148 2340 ;
3171 2276 3272 2329 sed
3308 2276 3534 2329 voluntas
3555 2277 3629 2343 qui-

2114 2359 2236 2413 dem
2264 2361 2568 2428 praecessit,
2598 2377 2702 2418 nec
2745 2364 2863 2418 sine
2909 2365 3190 2421 voluntate
3241 2367 3439 2436 aliquis
3461 2368 3628 2420 tiens:-

2113 2452 2268 2518 piens
2319 2461 2532 2521 potest;
2575 2454 2673 2508 sed
2723 2466 2901 2510 tamen
2951 2474 3072 2512 cum
3115 2459 3374 2513 voluntas
3421 2459 3625 2515 adiuerit.

2112 2543 2451 2596 adhibendus
2489 2555 2574 2599 est
2605 2545 2780 2614 laltor,
2813 2549 3076 2614 studium,
3103 2551 3625 2632 sollicitudogvigilii.

2109 2632 2381 2696 doctrina,
2415 2634 2726 2702 institutio;
2760 2649 2815 2694 et
2845 2641 2934 2694 vix
2969 2640 3273 2708 aliquando
3314 2658 3410 2696 usu
3443 2643 3572 2711 longo
3593 2651 3625 2693 ct

2111 2727 2458 2779 meditatione
2486 2727 2743 2784 continua
2782 2730 3002 2800 sapiens
3039 2732 3301 2787 ellicitur.
3333 2733 3433 2788 Iste
3467 2733 3624 2801 ergoab

2109 2818 2262 2872 initio
2291 2820 2512 2886 quidem
2545 2821 2735 2875 statim
2768 2823 3097 2878 voluntatem
3129 2827 3333 2881 habuit
3355 2836 3623 2880 utessetsa-

2107 2909 2280 2978 piens,
2307 2912 2399 2964 sed
2429 2928 2533 2965 non
2581 2916 2766 2968 statim
2813 2917 2985 2969 adl‘uit
3011 2917 3059 2971 ei
3089 2933 3234 2986 opus
3264 2919 3534 2987 sapientiae.
3556 2915 3622 2969 Sed

2105 3009 2159 3053 et
2194 3001 2246 3054 in
2279 3016 2344 3056 eo
2383 3000 2550 3074 586
2593 3005 2711 3074 ipso
2745 3021 2870 3060 cum
2911 3009 3166 3064 eruditur
3196 3021 3257 3066 ut
3297 3012 3501 3079 sapiens
3541 3010 3619 3069 ιιι.

2106 3103 2307 3162 quanta
2331 3096 2494 3149 stulte
2526 3106 2582 3151 et
2613 3109 2807 3152 contra
2838 3102 3163 3170 sapientiam
3193 3108 3366 3175 gessit
3392 3104 3490 3174 (58)
3518 3106 3529 3154 l
3556 3103 3620 3168 Qui

2109 3195 2289 3239 tamen
2327 3186 2631 3256 intelligere
2653 3189 2872 3258 quidem
2910 3194 3087 3260 potuit
3115 3209 3283 3262 quam
3320 3196 3471 3249 stulte
3493 3209 3621 3262 gesse-

2105 3277 2178 3332 rit
2205 3293 2218 3328 :
2244 3278 2478 3334 habebat
2508 3281 2651 3335 enim
2687 3282 2930 3352 (59ijam
2963 3287 3205 3340 studium
3238 3286 3620 3356 sapientia:;non

2107 3380 2289 3425 tamen
2316 3370 2389 3424 ita
2411 3371 2524 3439 jam
2557 3374 2772 3442 sapiens
2797 3385 2936 3440 erat,
2964 3386 3022 3430 ut
3048 3392 3246 3432 cavere
3269 3387 3446 3447 posset
3465 3374 3618 3442 nequid

2108 3464 2425 3532 insipienter
2450 3465 2788 3522 admitteret.
2818 3467 2921 3522 Iste
2943 3473 3078 3524 ordo
3111 3478 3166 3524 et
3202 3471 3270 3524 de
3295 3468 3529 3538 pudicitia
3554 3467 3618 3518 la-

2106 3559 2313 3612 heudus
2339 3567 2443 3623 est,
2474 3561 2616 3628 quod
2649 3577 2753 3615 non
2779 3563 2964 3616 statim
2988 3563 3114 3632 quis
3141 3574 3202 3616 ut
3223 3563 3446 3618 voluerit
3472 3558 3619 3631 pudici-

2105 3652 2234 3706 tiam
2267 3654 2526 3722 proliteri,
2549 3655 2712 3710 etiam
2751 3670 2917 3724 opere
2949 3656 3193 3725 implebit
3218 3668 3282 3711 ut
3311 3655 3458 3710 nullis
3476 3666 3618 3709 conat-

2103 3744 2380 3813 piscentize
2408 3746 2646 3801 stimulis
2689 3748 2943 3816 agitetur.
2961 3748 3052 3802 Sic
3076 3757 3131 3801 et
3151 3749 3216 3802 de
3250 3745 3613 3801 mansuetudine,

2103 3848 2159 3890 et
2183 3838 2248 3891 de
2273 3838 2556 3906 patientia,
2583 3847 2638 3893 et
2683 3839 2751 3894 de
2791 3840 3023 3909 singulis
3052 3839 3362 3908 quibusque
3390 3836 3616 3892 virtutibus

2103 3932 2381 3996 sciettdum
2405 3941 2507 3986 est.
2532 3931 2588 3986 In
2612 3933 2809 4000 quibus
2837 3934 3096 3988 omnibus
3116 3933 3218 3988 dici
3249 3933 3502 3993 convenit,
3526 3929 3613 3997 quia

2107 4042 2126 4073 ‹
2162 4023 2506 4078 condeleotor
2538 4023 2640 4094 legi
2686 4024 2803 4087 Dei,
2845 4043 2864 4076 ι
2918 4025 3023 4080 hoc
3051 4037 3136 4080 est
3192 4026 3528 4086 virtutibus,t
3555 4033 3612 4071 se-

2101 4117 2336 4168 cundum
2378 4117 2694 4170 interiorem
2727 4117 3026 4172 hominem.
3061 4117 3231 4172 Video
3286 4127 3452 4171 autem
3496 4111 3609 4163 aliam

2103 4206 2274 4274 legem
2307 4207 2356 4259 in
2416 4207 2674 4261 membris
2712 4207 2866 4270 mei‘s,
2902 4219 3298 4279 repugnantem
3347 4207 3438 4276 legi
3469 4202 3610 4256 mentis

2103 4313 2259 4362 IIlCiB,
2280 4309 2333 4351 et
2357 4299 2630 4367 captivum
2660 4314 2747 4352 me
2771 4301 3053 4354 ducentem
3087 4301 3139 4353 in
3162 4301 3284 4370 lege
3317 4298 3607 4366 peccati,qu;t

415 4389 676 4446 lnntatem
717 4394 854 4448 mala
894 4410 994 4463 ago
1021 4435 1035 4458 ,
1084 4398 1258 4450 victus
1291 4396 1690 4452 consaetudine
1739 4399 1990 4450 vitiorum
2027 4423 2071 4477 Β
2102 4401 2184 4443 est
2217 4391 2267 4441 in
2302 4392 2562 4445 membris
2591 4392 2749 4444 meis.
2786 4409 2804 4442 ι
2841 4391 2996 4457 Quod
3029 4407 3189 4462 supra
3226 4395 3432 4447 dixerat
3467 4407 3482 4439 ε
3515 4387 3608 4438 “ille

416 4501 623 4551 usuque
647 4487 928 4555 peccandi,
959 4507 976 4538 ι
1017 4504 1120 4540 non
1157 4489 1268 4555 jam
1301 4507 1422 4560 ego,
1459 4510 1478 4542 ι
1512 4491 1614 4544 hoc
1637 4501 1736 4550 est,
1767 4490 1992 4542 interior

417 4574 597 4640 homo,
638 4594 658 4628 ι
700 4579 842 4646 quod
868 4578 1067 4632 honuni
1100 4579 1240 4643 volo,
1262 4579 1364 4633 hoc
1399 4580 1577 4645 facio;
1606 4580 1699 4633 sed
1724 4581 1866 4646 quod
1896 4579 1994 4631 ha-

415 4665 555 4719 bitat
603 4667 654 4719 in
709 4683 794 4721 me
833 4681 1140 4737 peccatum.
1180 4689 1198 4722 ι
1243 4669 1707 4725 Consuetudinem
1763 4684 1993 4738 namque

437 4847 440 4850 .
483 4805 530 4836 η
565 4804 583 4858 ι
624 4804 749 4862 Cor.
797 4822 888 4874 xv,
928 4806 1008 4860 ιο.

486 4921 597 4992 (51)
634 4922 767 4988 Qua:
792 4925 848 4976 in
879 4927 1142 4980 membris.
1175 4926 1302 4982 Haec
1347 4926 1507 4978 verba
1535 4924 1911 4979 desiderantur
1940 4924 1992 4976 in

414 4993 598 5060 editis,
631 4994 721 5057 qui
774 5006 962 5063 postea
1016 4997 1244 5063 habent,
1297 5017 1313 5048 ι
1352 4997 1419 5051 Et
1466 4996 1583 5060 hic,
1633 4995 1684 5049 id
1731 5007 1816 5049 est
1856 4994 1997 5048 Pau-

417 5066 522 5122 lus.
566 5083 584 5114 ι
619 5074 724 5117 etc.

487 5133 601 5203 (52)
643 5134 814 5199 Alias,
857 5153 876 5186 ι
917 5137 1175 5206 templum
1211 5147 1293 5191 est
1329 5137 1566 5204 Spiritus
1598 5137 1792 5192 sancti.
1827 5156 1846 5188 ›
1886 5135 1992 5191 Sed

415 5205 656 5273 potiores
691 5222 820 5260 mss.
850 5217 903 5260 et
936 5205 1194 5262 [tabanus
1221 5219 1273 5261 ut
1312 5210 1363 5261 in
1393 5219 1566 5260 textu.

489 5273 602 5346 (55)
642 5275 826 5346 Alias,
863 5295 880 5327 ι
928 5277 1078 5330 initia
1115 5277 1545 5332 converSaIionis
1591 5278 1886 5346 accipiunt,
1936 5287 1994 5334 ut

415 5344 540 5398 cum
571 5344 740 5397 velint
769 5347 1006 5414 quidem,
1057 5367 1074 5398 ι
1105 5359 1236 5413 etc.,
1264 5349 1422 5402 male.

489 5414 604 5484 (54)
644 5415 809 5480 Editi,
847 5434 866 5467 ι
907 5419 1169 5471 mediator
1200 5421 1338 5485 apud
1386 5418 1733 5486 semetipsum
1786 5419 1993 5474 diserr-

419 5485 589 5559 nit;t
625 5501 725 5538 ms.
763 5502 900 5559 unus
926 5530 940 5551 ,
975 5507 994 5538 ‹
1032 5488 1324 5542 meditatur
1358 5491 1498 5558 apud
1524 5485 1872 5559 semetipsum
1900 5492 1992 5544 de-

417 5557 593 5626 cerpit
619 5572 644 5619 ;.
669 5575 687 5606 ι
727 5558 822 5619 a|.,
850 5575 869 5608 ι
911 5559 1278 5626 decernitque.
1315 5578 1333 5610 ι

644 5626 736 5678 Sic
765 5643 865 5681 ms.
898 5643 1036 5682 unus
1062 5623 1258 5698 Regius
1288 5645 1437 5684 num.
1469 5629 1600 5684 l639
1627 5644 1689 5681 ac
1715 5629 1989 5684 llabanns.

427 5691 566 5746 Editi
605 5710 750 5761 vero,
785 5716 802 5747 ι
836 5706 891 5752 et
931 5691 1167 5754 insolita“
1194 5701 1300 5756 sibi
1349 5716 1538 5755 rursus
1573 5701 1790 5768 itinera,
1824 5719 1842 5751 ι
1879 5702 1990 5764 Al.,

2099 4483 2241 4536 enim
2274 4483 2474 4553 bonum
2529 4483 2740 4553 adjacet
2779 4485 2932 4547 mihi,
2984 4503 3002 4534 ι
3041 4486 3129 4538 hic
3175 4485 3484 4538 voluntatem
3521 4477 3603 4530 boni

2101 4573 2266 4641 legem
2299 4574 2497 4626 mentis
2528 4571 2828 4626 nominavit
2865 4588 2879 4636 ;
2915 4587 3032 4640 qua:
3071 4572 3152 4625 lex
3191 4575 3388 4626 mentis
3417 4563 3606 4623 com‘euil

2100 4681 2222 4719 cum
2255 4663 2370 4733 lege
2421 4665 2538 4732 Dei,
2585 4673 2640 4718 et
2676 4665 2953 4718 consentit
2977 4665 3049 4721 ei.
3087 4663 3195 4719 Sed
3237 4679 3440 4718 rursum
3478 4667 3603 4712 motus

2105 4946 2123 4976 ι
2164 4927 2238 4980 Ac
2269 4925 2427 4979 snlito
2457 4925 2556 4979 sihi
2586 4926 2802 4982 itinere.
2835 4946 2854 4979 ι
2892 4927 3002 4990 ΑΙ..
3037 4945 3057 4979 ε
3092 4942 3156 4982 ac
3177 4928 3335 4982 solito
3357 4925 3447 4980 sibi
3472 4932 3515 4975 et
3541 4932 3598 4968 as-

2099 5008 2254 5051 sueto
2293 4996 2509 5049 itinere.
2542 5015 2559 5046 ι

2171 5067 2283 5140 (56)
2323 5067 2494 5129 Editi,
2527 5085 2545 5116 ι
2580 5067 2717 5118 bona
2749 5067 3022 5123 voluntate
3065 5067 3193 5140 (ms.
3227 5082 3361 5123 unus
3397 5085 3413 5116 ι
3453 5065 3594 5118 bonam

2099 5139 2425 5192 voluntatem
2459 5141 2504 5201 ›)
2541 5153 2689 5203 gero.
2723 5157 2742 5189 ι

2171 5208 2282 5276 (57)
2323 5207 2480 5267 Editi,
2521 5225 2537 5257 ι
2582 5207 2645 5258 Et
2682 5209 2733 5260 in
2789 5209 2875 5262 his
2901 5223 3053 5273 vero,
3079 5217 3138 5262 ut
3199 5208 3450 5278 superius,
3475 5223 3491 5256 ι
3517 5212 3590 5254 etc.

2100 5280 2300 5334 Deinde
2332 5293 2431 5330 ms.
2468 5295 2633 5346 unus.
2664 5297 2683 5327 ‹
2720 5278 2802 5328 vel
2833 5279 3352 5346 imprOprietatilms.
3390 5296 3406 5327 ι

2167 5348 2277 5417 (58)
2314 5347 2504 5408 Alias,¢
2518 5346 2607 5401 sed
2626 5345 2679 5400 in
2703 5364 2766 5401 eo
2789 5339 3044 5418 ipso-(aII,
3073 5369 3091 5400 ι
3115 5353 3208 5404 sed
3233 5360 3283 5402 et
3311 5351 3356 5402 in
3379 5363 3434 5400 eo
3454 5345 3542 5413 ipso
3561 5339 3590 5404 ε)

2094 5420 2336 5472 eruditus
2367 5429 2421 5469 ut
2443 5420 2654 5483 sapiens
2679 5418 2789 5481 liat,
2810 5420 2950 5484 quod
2977 5431 3102 5474 ante
3131 5421 3289 5473 stulte
3317 5419 3419 5478 (aL,
3441 5426 3587 5489 tquan-

2097 5500 2150 5543 to
2177 5489 2338 5543 stulte
2365 5505 2382 5553 ;
2413 5509 2432 5541 ι
2467 5491 2538 5541 al.
2577 5506 2594 5536 ι
2645 5502 2842 5556 quanta
2877 5490 3038 5544 stulte
3069 5492 3115 5557 ι)
3141 5502 3194 5545 et
3230 5501 3402 5544 contra
3427 5497 3585 5557 sat-ten:

2098 5562 2226 5633 tiam
2283 5547 2489 5633 gessit;
2541 5547 2676 5627 qutu-
2715 5570 2890 5613 tamen
2952 5547 3251 5633 intelligere
3299 5557 3450 5629 potuit
3479 5547 3587 5621 ’ψιυά

2095 5631 2258 5684 Stulto
2280 5631 2528 5698 gesserit.
2555 5649 2573 5679 ι

2166 5700 2281 5756 1591
2325 5698 2497 5753 Εηιηι.
2532 5700 2689 5756 Deest
2715 5700 2766 5754 in
2793 5699 2971 5756 editis.
