3692 6138
61 321 203 378 1089

1040 312 1397 373 COMMENT.
1440 311 1507 366 IN
1548 306 1766 364 EPIST.
1798 304 1890 360 AD
1928 304 2092 359 ROM.
2131 304 2261 360 LIB.
2304 303 2396 360 Vl.

3210 302 3346 361 MDC

58 436 318 510 corporis
348 448 409 493 et
442 436 592 510 (40)
636 436 905 494 desideria
957 436 1141 490 carnis
1185 434 1356 504 legem
1400 428 1665 484 membro-
1693 427 1738 484 A
1766 423 1907 476 sicut
1928 438 2066 477 unus
2087 435 2249 491 grave
2272 427 2507 487 gravata:
2531 426 2654 472 sunt
2678 432 2838 488 super
2862 433 2968 475 me.
2994 419 3343 491 Computrue-

60 548 182 585 rum
220 531 388 594 dicit,
424 545 553 601 qua:
579 531 849 599 captivam
874 527 1022 580 ducit
1057 525 1315 585 animam,
1350 530 1405 577 et
1455 517 1664 590 peccati

61 627 279 695 legibus
312 625 537 679 subdit.
564 623 786 679 Certum
821 635 905 677 est
950 633 1186 686 namque
1212 616 1355 687 quod
1394 614 1666 670 desideria

61 716 250 771 carnis
294 716 552 770 animam
603 714 818 768 trahant
847 712 959 784 (41)
990 713 1057 766 ad
1103 719 1416 780 peccatmn,
1444 717 1500 761 et
1546 721 1666 760 eam

60 811 279 880 legibus
300 808 433 879 ejus
467 807 703 863 subdant
734 821 749 859 :
773 816 828 860 et
855 806 997 860 sicut
1025 804 1110 861 lex
1136 803 1353 869 mentis,
1377 816 1499 873 quae
1533 817 1666 856 con-

60 903 233 959 sentit
266 918 401 958 cuin
436 901 558 971 lege
582 896 1002 964 Dei,sianimam
1022 901 1251 967 potuerit
1281 896 1549 958 obtinere,
1577 895 1670 949 ad-

61 992 216 1045 ducit
246 1005 379 1045 eam
408 993 484 1045 ad
505 991 674 1060 legem
711 987 829 1055 Dei,
870 973 1023 1042 itaet
1055 994 1139 1042 lex
1162 1002 1285 1057 qua:
1317 986 1369 1041 iu
1405 986 1667 1039 membris

62 1092 168 1143 est,
192 1090 248 1135 et
273 1079 732 1151 concupiscentia
767 1078 971 1143 carnis,
1004 1078 1050 1133 si
1080 1078 1369 1134 seduxerit
1398 1078 1662 1145 animam,

63 1172 277 1239 peccati
311 1185 443 1225 eam
487 1172 703 1242 legibus
737 1172 953 1227 subdet.
985 1169 1092 1227 Sed
1132 1186 1254 1226 cum
1298 1170 1413 1225 haec
1446 1171 1664 1233 Paulus.

64 1274 352 1332 assumpta
386 1264 674 1335 fragiliore
708 1278 965 1332 persona,
1000 1264 1141 1317 intra
1174 1263 1448 1319 hominem
1475 1263 1665 1319 haberi

62 1356 375 1409 certamina
411 1356 533 1429 (42)
559 1355 853 1418 docuisset,
893 1365 949 1409 et
972 1356 1305 1411 ostendisset
1331 1356 1474 1425 quod
1498 1355 1665 1410 etiam

64 1459 253 1505 contra
288 1451 636 1505 voluntatem
672 1464 769 1520 per
806 1449 1073 1504 desideria
1120 1450 1303 1503 carnis
1341 1449 1525 1502 anima
1562 1464 1663 1503 nsu

69 1544 184 1613 ipso
212 1542 489 1612 peccandi
524 1542 578 1597 in
628 1543 840 1612 peccati
864 1541 985 1610 jura
1023 1550 1348 1611 raperetur,
1390 1529 1671 1596 exclama-

69 1636 216 1690 tione
250 1635 434 1690 utitur
483 1635 663 1691 adhuc
701 1650 769 1688 ex
804 1648 1035 1701 persona
1077 1628 1224 1688 illius
1253 1647 1415 1702 quem
1460 1631 1669 1687 descri-

66 1727 172 1795 psit
209 1724 353 1797 (45),
385 1734 446 1780 et
477 1725 611 1779 dicit
638 1743 652 1779 :
689 1743 708 1775 ε
740 1724 906 1779 Miser
933 1739 1032 1795 ego
1072 1725 1232 1779 homo
1261 1724 1275 1778 !
1310 1722 1445 1791 Quis
1477 1739 1566 1779 me
1598 1723 1664 1778 Ii-

1773 524 1899 568 runt
1923 524 1976 566 et
2008 528 2184 567 exesa:
2218 523 2345 564 sunt
2367 511 2652 565 cicatrices
2682 526 2815 567 mea:
2854 529 2882 566 a
2920 511 3060 567 facie
3086 514 3347 583 insipien-

1771 611 1859 662 tia:
1909 621 2063 661 meae.
2095 605 2331 661 Illiseriis
2372 603 2603 660 alllietus
2647 620 2789 668 sum,
2821 614 2876 660 et
2925 619 3184 662 curvatus
3227 621 3351 661 sum

1769 716 1939 764 ttSque
1971 701 2023 754 in
2056 699 2216 753 linem
2269 697 2405 770 (48).
2446 717 2464 750 ι
2505 707 2560 752 et
2596 707 2790 751 caetera
2837 699 3034 768 quibus
3088 712 3223 768 pene
3264 699 3351 753 iti-

1772 798 1920 857 teger
1972 791 2059 845 hic
2098 790 2357 843 scribitur
2391 785 2663 842 Psalmus.
2697 787 2851 854 Quod
2897 789 2940 840 si
2992 787 3132 841 forte
3183 787 3347 844 alicui

1769 881 2041 936 videbitur
2070 882 2185 935 [KRC
2224 880 2390 934 David
2444 880 2617 947 magis
2649 878 2718 933 de
2771 881 3096 946 semetipso,
3134 895 3233 949 pro
3266 881 3351 935 bis

1769 991 1889 1043 quae
1914 975 2226 1029 acciderant
2258 972 2331 1036 ei,
2376 973 2560 1027 dicere
2604 970 2867 1041 pntuisse,
2899 988 3060 1039 quam
3096 974 3163 1024 de
3205 972 3348 1038 aliis,

1770 1069 1896 1138 quid
1922 1069 2083 1121 etiam
2106 1068 2174 1120 de
2202 1065 2420 1120 Daniele
2443 1067 2709 1128 dicemus,
2741 1065 2894 1135 cujus
2919 1076 3200 1133 peccatum
3227 1065 3351 1133 qui-

1769 1162 1888 1214 dem
1935 1159 2141 1213 nullum
2183 1158 2420 1213 refertur
2454 1156 2569 1229 (49)
2606 1156 3044 1225 exhomologesis
3083 1166 3263 1211 tamen
3295 1153 3350 1208 in

1762 1250 1987 1319 jejuniis
2024 1260 2077 1303 et
2102 1250 2281 1303 cilicio
2314 1261 2367 1302 et
2395 1249 2577 1302 cinere
2600 1248 2948 1313 describitur,
2976 1258 3031 1301 et
3051 1249 3227 1301 oratio
3255 1248 3351 1300 hu-

1759 1326 2014 1395 jusmodi,
2039 1329 2092 1382 in
2114 1345 2218 1399 qua
2242 1331 2384 1386 inter
2406 1342 2600 1388 caetera
2626 1334 2788 1389 etiam
2813 1336 2931 1391 hzec
2964 1338 3093 1393 dicit
3116 1358 3129 1392 :
3160 1359 3178 1390 ι
3210 1339 3346 1395 Pec-

1764 1420 2025 1485 cavimus,
2049 1422 2387 1495 iniquitatem
2408 1425 2658 1495 fecimus,
2678 1429 2878 1500 injustc
2899 1431 3129 1503 egimus,
3154 1434 3344 1504 impie-

1770 1534 1935 1581 tatem
1964 1526 2357 1591 commisimus,
2384 1536 2439 1580 et
2463 1526 2836 1588 discessimus,
2873 1537 2929 1580 et
2954 1524 3350 1578 declinavimus

1767 1636 1798 1676 a
1823 1623 2097 1677 mandatis
2120 1622 2226 1677 tuis
2246 1633 2296 1676 et
2327 1638 2356 1676 a
2385 1622 2616 1691 judiciis
2649 1621 2777 1687 tuis,
2805 1628 2861 1677 et
2897 1636 3004 1674 non
3046 1618 3350 1673 audivimus

1770 1727 1959 1768 servos
1988 1723 2111 1769 tuos
2140 1715 2454 1782 prophetas,
2477 1713 2568 1783 qui
2612 1712 2971 1781 loquebantur
2992 1710 3148 1764 nobis
3170 1710 3222 1763 in
3255 1723 3350 1764 no-

70 1789 285 1874 berabit
307 1789 379 1872 de
414 1831 650 1887 corpore
684 1816 877 1871 mortis
913 1789 1119 1884 hujus?
1157 1834 1176 1867 ι
1213 1789 1372 1870 Videt
1407 1830 1468 1870 se
1499 1814 1668 1870 mise-
1697 1789 1742 1846 Β
1770 1805 1915 1860 mine
1938 1814 2049 1868 ιιιο.
2084 1817 2138 1861 cl
2172 1807 2411 1875 regibus,
2444 1814 2499 1858 et
2529 1804 2871 1874 principibus
2913 1804 3115 1857 nostris
3140 1802 3273 1875 (50),
3295 1814 3349 1859 et

72 1928 210 1977 rum,
247 1912 400 1965 intra
433 1925 599 1981 quem
631 1919 708 1964 tot
737 1908 886 1979 leges
933 1909 1037 1964 sibi
1068 1909 1299 1965 invicem
1339 1919 1662 1980 repugnant,

71 2014 148 2058 tot
188 2004 380 2073 praelia
417 2012 882 2058 commoventur:
920 2020 940 2054 ι
979 2001 1193 2071 Pugnat
1238 2015 1370 2057 caro
1403 2003 1665 2058 adversus

72 2098 347 2167 spiritum,
379 2096 617 2166 spiritus
656 2104 839 2150 autem
867 2095 1132 2150 adversus
1157 2078 1439 2150 carnem”
1470 2112 1485 2148 :
1524 2113 1544 2145 ι
1577 2094 1664 2149 lex

72 2188 257 2261 qmein
292 2188 564 2244 membris
586 2197 671 2245 est
693 2197 961 2261 repugnat
993 2189 1094 2260 legi
1130 2187 1351 2251 mentis,
1376 2197 1430 2243 et
1452 2188 1665 2258 captiva

75 2285 282 2339 ducitur
314 2285 503 2338 anima
538 2284 592 2338 in
624 2283 741 2352 lege
777 2283 1014 2351 peccati.
1049 2292 1105 2338 et
1147 2283 1246 2337 sub
1271 2283 1403 2353 jugo
1437 2283 1554 2352 ejus
1583 2281 1667 2338 ef-

74 2374 271 2441 ﬁcitur,
302 2376 477 2431 etiam
525 2390 650 2430 cum
683 2374 915 2429 interior
949 2374 1116 2427 homo
1144 2372 1243 2428 Dei
1285 2372 1403 2442 lege
1432 2372 1665 2429 delecte-

81 2477 166 2521 tur
196 2482 210 2520 :
239 2467 522 2537 quomodo
544 2467 596 2521 in
622 2466 707 2521 bis
733 2474 812 2520 tot
839 2475 896 2521 et
931 2465 1131 2520 talibus
1175 2464 1334 2520 malis
1358 2480 1468 2521 non
1504 2464 1665 2520 mise-

76 2574 192 2613 rum
226 2575 289 2617 se
323 2560 478 2616 dicat
511 2562 691 2625 homo,
716 2571 771 2614 et
806 2561 859 2615 in
896 2572 1127 2630 corpore
1160 2557 1354 2613 mortis
1377 2556 1664 2611 habitare?

80 2651 267 2707 Merito
322 2669 568 2723 namque
601 2669 804 2723 corpus
846 2650 1042 2706 mortis
1087 2648 1410 2720 appellatur,
1455 2648 1509 2702 in
1554 2661 1662 2717 quo

80 2743 284 2800 habitat
322 2756 615 2816 peccatum
659 2744 803 2815 quod
853 2744 1050 2799 mortis
1089 2752 1176 2799 est
1223 2755 1410 2796 causa.
1455 2739 1543 2794 Fit
1573 2753 1664 2794 er-

82 2852 144 2907 go
165 2837 274 2907 (Mi
309 2839 646 2894 exclamatio
679 2840 797 2895 haec
820 2854 886 2895 ex
927 2854 1161 2909 persona
1192 2837 1339 2894 illius
1370 2851 1529 2908 quem
1554 2835 1662 2890 ini-

82 2929 149 2983 tia
174 2932 390 3000 quidem
428 2932 803 2988 conversionis
833 2934 1113 3002 accepisse
1143 2930 1403 2986 describit
1425 2930 1659 3001 Aposto-

86 3019 182 3089 lus,
216 3025 265 3078 in
298 3039 365 3079 eo
410 3023 557 3095 quod
594 3025 849 3079 voluntas
900 3026 950 3079 ei
988 3023 1102 3096 (45)
1136 3024 1349 3095 adjacet
1393 3023 1540 3087 boui,
1567 3021 1662 3077 sed

86 3114 313 3167 nondum
361 3115 418 3169 in
453 3114 707 3171 eﬂ'ectum
739 3117 953 3169 venerit
982 3114 1132 3171 boni.
1166 3112 1287 3168 Non
1326 3112 1471 3169 enim
1504 3114 1661 3166 inve-

89 3204 157 3256 nit
181 3208 443 3274 perlicere
466 3209 666 3263 bonum
716 3208 847 3278 quia
882 3207 1119 3262 nondum
1152 3206 1205 3260 in
1244 3221 1311 3261 eo
1339 3221 1468 3261 usus
1500 3202 1666 3259 inole-

89 3307 230 3351 verat
259 3301 697 3370 exercitiumque
729 3302 1013 3356 virtutum.
1052 3298 1436 3368 ReSpondetur
1462 3311 1591 3351 vero
1615 3295 1665 3350 ei

90 3389 150 3442 ad
175 3392 273 3446 hoc
294 3395 444 3462 quod
469 3393 714 3449 dixerat:
740 3413 759 3446 ε
792 3393 926 3461 Quis
953 3408 1042 3448 me
1061 3390 1320 3447 liberabit
1347 3390 1414 3444 de
1435 3401 1664 3458 corpore

92 3489 270 3542 mortis
293 3488 500 3558 hujus?
529 3507 552 3542 ο
576 3487 691 3558 jam
726 3502 832 3542 non
869 3502 936 3541 ex
958 3486 1102 3540 illius
1129 3499 1362 3555 persona
1389 3482 1529 3552 (46),
1559 3480 1657 3535 sed

92 3588 151 3630 ex
187 3580 480 3648 apostolica
537 3558 905 3634 auctoritate:
940 3594 961 3628 ι
993 3575 1181 3631 Gratia
1216 3574 1308 3629 Dei
1345 3589 1442 3645 per
1476 3574 1664 3629 Jesum

91 3666 354 3725 Christum
388 3672 677 3727 Dominum
711 3682 981 3727 nostrum.
1026 3688 1047 3721 ι
1087 3667 1241 3724 Unde
1270 3676 1498 3738 apparet
1519 3664 1664 3736 quod

92 3774 361 3833 propterea
400 3766 517 3820 hzec
546 3764 729 3820 omnia
760 3764 1054 3833 descripsit
1087 3761 1401 3831 Apostolus,
1434 3769 1490 3814 et
1522 3756 1664 3812 mala

92 3872 204 3926 qua:
242 3861 383 3916 intra
430 3877 531 3916 nos
560 3859 860 3930 agebantur
881 3857 998 3930 (47)
1036 3856 1312 3926 exposuit,
1341 3862 1401 3908 ut
1440 3853 1508 3907 ad
1540 3849 1666 3905 ulti-

94 3967 228 4007 nium
255 3957 566 4011 ostenderet
601 3964 659 4009 et
683 3954 901 4008 doceret
928 3952 996 4006 de
1021 3949 1240 4020 quantis
1273 3963 1371 4001 nos
1405 3944 1586 4009 malis,
1608 3953 1665 4000 et

95 4045 156 4099 de
179 4049 395 4116 quantis
435 4047 705 4104 mortibus
749 4046 1005 4102 Christus
1044 4042 1263 4112 eripuit.
1293 4040 1447 4109 Quod
1480 4048 1661 4093 autem

99 4136 257 4194 moris
275 4144 346 4200 sit
362 4144 423 4200 in
441 4140 743 4212 Scripturis
813 4138 1014 4194 divinis
1048 4143 1269 4191 sanctos
1296 4146 1557 4204 personas
1578 4147 1664 4186 as-

98 4242 298 4288 sumere
333 4243 711 4304 peccatorum,
739 4243 795 4288 et
827 4230 1136 4301 magistros
1169 4226 1457 4296 suscipere
1496 4224 1548 4277 in
1579 4238 1665 4279 se-

101 4322 339 4394 metipsos
360 4325 710 4380 inﬁrmitates
736 4322 1150 4393 discipulorum,
1178 4335 1245 4375 ex
1274 4318 1414 4373 libro
1442 4314 1664 4387 quidem

100 4409 420 4472 Psalmorum
445 4417 757 4487 plenissime
776 4415 1137 4485 perducemur
1153 4427 1274 4465 eum
1296 4407 1496 4465 dicit“:
1509 4425 1528 4459 ‹
1546 4404 1663 4461 Non

1767 1897 2015 1966 patribus
2037 1897 2262 1961 nostris,
2294 1908 2347 1951 et
2371 1899 2515 1952 omni
2546 1897 2743 1969 populo
2777 1898 2977 1951 terrae?
2999 1896 3060 1950 Et
3099 1895 3217 1961 tibi,
3242 1895 3345 1950 Do-

1765 1990 1931 2054 mine,
1963 1990 2362 2061 justitiamobis
2384 2000 2565 2045 autem
2595 1988 2841 2044 confusio
2872 1989 3029 2044 faciei
3058 1988 3126 2044 “.
3164 2007 3184 2041 ι
3216 1976 3350 2057 Quis

1765 2093 1847 2138 est
1871 2083 1960 2152 qui
1988 2084 2042 2137 in
2071 2083 2154 2137 bis
2183 2084 2368 2139 verbis
2403 2098 2605 2154 negare
2633 2083 2802 2152 possit
2839 2098 3130 2152 personam
3157 2098 3349 2153 pecca-

1769 2183 1944 2228 torum
1976 2190 2004 2227 a
2055 2173 2279 2230 Daniele
2315 2189 2438 2229 esse
2470 2185 2814 2244 susceptam,
2848 2188 2946 2244 pro
2991 2172 3187 2242 quibus
3232 2181 3350 2227 tan-

1763 2280 1927 2336 quam
1961 2281 2060 2336 pro
2090 2266 2268 2336 seipse
2302 2267 2420 2321 haec
2469 2266 2649 2321 dicere
2688 2264 2989 2320 videatur?
3017 2264 3171 2320 Unde
3217 2279 3351 2320 con-

1762 2360 1988 2416 veniens
2044 2371 2129 2414 est
2178 2373 2278 2415 nos
2335 2358 2577 2428 legentes
2623 2359 2770 2413 dicta
2829 2366 3184 2422 sanctorum,
3226 2371 3349 2411 cum

1764 2452 1832 2508 ab
1879 2452 1960 2507 eis
2015 2452 2121 2507 tale
2177 2451 2381 2521 aliquid
2432 2451 2538 2507 dici
2604 2451 2889 2518 videmus,
2936 2450 3243 2521 intelligere
3295 2457 3350 2505 et

1764 2547 1968 2600 sentire
2016 2546 2142 2615 quia
2193 2555 2409 2600 nostras
2457 2543 2510 2598 in
2557 2542 2864 2613 semetipsis
2915 2543 3200 2612 passiones
3250 2556 3350 2596 nov

1762 2647 1990 2705 straquc
2032 2646 2257 2708 peccata
2307 2636 2661 2700 describunt;
2718 2644 2774 2690 et
2832 2645 3117 2704 propterea
3179 2632 3343 2705 587

1763 2732 1878 2787 haec
1939 2728 2014 2783 illi
2073 2729 2293 2792 deﬂent,
2357 2737 2414 2782 ut
2482 2729 2695 2782 illorum
2755 2723 2971 2782 ﬂetibus
3009 2740 3107 2779 nos
3153 2726 3349 2779 invite-

1763 2839 1886 2879 mur
1915 2823 1981 2878 ad
2012 2823 2303 2896 lacrymas.
2337 2821 2768 2877 Considerabant
2793 2820 2937 2875 enim
2972 2818 3244 2873 neminem
3271 2818 3347 2872 ita

1763 2916 1955 2970 durum
1985 2921 2039 2968 et
2068 2914 2338 2984 ingratum
2366 2912 2481 2984 (51)
2508 2926 2667 2981 posse
2695 2909 2948 2969 inveniri.
2991 2909 3083 2978 qui
3117 2924 3239 2963 cum
3277 2910 3348 2963 ab

1763 3007 1883 3062 aliis
1948 3006 2128 3060 Videat
2193 3005 2417 3058 vulnera
2498 3018 2597 3057 sua
2676 3000 2894 3070 lugeri,
2958 2998 3076 3068 ipse
3141 2998 3346 3052 nullutn

1766 3100 1834 3156 de
1886 3101 2003 3155 suis
2050 3099 2371 3154 vulneribus
2429 3110 2654 3151 sensum
2702 3091 2909 3147 doloris
2961 3090 3222 3161 accipiat.
3266 3090 3343 3143 Ita

1775 3209 1908 3266 ergo
1938 3201 1993 3249 et
2023 3193 2077 3247 in
2107 3191 2365 3261 praesenti
2398 3187 2637 3259 capitulo
2660 3183 2955 3255 Apostolus
2986 3197 3055 3237 ne
3081 3184 3202 3251 quis
3253 3197 3349 3234 no-

1772 3298 1944 3344 strum
1972 3275 2805 3352 erubesceretdebisquaaintra
2858 3292 2918 3332 se
2945 3276 3060 3345 geri
3097 3275 3346 3337 sentiret,

1773 3391 1865 3435 aut
1898 3380 2063 3434 etiam
2101 3390 2407 3435 conversus
2450 3375 2519 3430 ad
2564 3375 2878 3436 Dominum,
2917 3380 2974 3424 et
3000 3378 3208 3423 mutata
3236 3366 3348 3437 jam

1779 3473 2062 3528 voluntate
2107 3469 2247 3543 (52),
2308 3485 2376 3524 ne
2435 3470 2549 3522 haec
2591 3467 2769 3519 adhuc
2806 3464 2949 3518 intra
2996 3460 3349 3528 semetipsum

1772 3566 1989 3620 moveri
2021 3564 2264 3619 sentiens
2288 3561 2627 3633 desperaret,
2649 3559 2763 3628 ipse
2786 3571 2850 3611 ea
2878 3554 3033 3626 quasi
3069 3554 3121 3607 in
3150 3560 3350 3607 semet-

1779 3658 1902 3726 ipso
1952 3654 2068 3724 geri
2109 3653 2423 3723 descripsit,
2456 3660 2514 3704 ut
2538 3647 2789 3716 exemplo
2816 3645 3058 3717 Apostoli
3092 3659 3193 3699 nec
3226 3656 3350 3696 eor-

1771 3750 1923 3820 poris
1955 3756 2165 3801 natura:
2190 3746 2393 3814 pudeat
2419 3756 2777 3813 quemquam,
2817 3754 2917 3793 nec
2951 3752 3051 3808 pro
3084 3734 3347 3788 emenda-

1773 3845 1922 3898 tione
1947 3840 2223 3910 desperet,
2254 3851 2355 3892 nec
2387 3835 2654 3891 malorum
2702 3846 2926 3886 suorum
2974 3828 3350 3883 multitudines

1771 3934 2010 4003 ignoret,
2044 3945 2112 3983 ex
2143 3918 2344 3999 quibus
2379 3939 2478 3996 per
2509 3922 2714 3978 Christi
2746 3920 2979 3993 gratiam
3012 3918 3294 3972 liberatur.

1844 4024 1934 4079 10.
1978 4040 1998 4073 ι
2046 4021 2236 4090 Itaque
2288 4034 2390 4089 ego
2441 4017 2558 4087 ipse
2602 4024 2783 4071 mente
2831 4011 3013 4067 servio
3076 4010 3178 4080 legi
3231 4009 3348 4074 Dei,

1771 4133 1939 4176 carne
1966 4127 2149 4170 autem
2194 4113 2294 4185 legi
2334 4111 2542 4182 peccati
2586 4110 2658 4166 “.
2711 4127 2730 4160 ι
2788 4107 2951 4162 Forte
2980 4105 3180 4174 aliquis
3208 4103 3351 4158 dicet

1771 4211 1917 4283 quod
1949 4206 2268 4279 Apostolus,
2320 4203 2413 4273 qui
2448 4216 2594 4257 nunc
2637 4214 2809 4268 usque
2863 4213 2968 4252 non
3008 4197 3162 4266 quasi
3212 4194 3369 4263 ipse,

1772 4304 1867 4362 sed
1918 4309 2204 4371 assumpta
2241 4298 2472 4353 alterius
2522 4308 2760 4364 persona
2812 4293 3028 4346 loeutus
3051 4296 3153 4351 est,
3191 4287 3352 4340 modo

1771 4396 1919 4451 velut
1943 4408 2190 4466 personae
2214 4389 2659 4444 immutationem
2684 4384 2976 4452 designans
3005 4380 3173 4440 dicat,
3199 4395 3217 4427 ι
3239 4376 3350 4445 Ego

102 4514 175 4557 est
204 4521 300 4575 pax
338 4472 553 4565 ossibus
586 4509 721 4564 meis
765 4472 794 4562 :2
831 4508 967 4562 facie
1000 4514 1349 4577 peccatorum
1394 4515 1661 4563 meorum,
1697 4512 1741 4568 υ
1772 4491 1908 4561 ipse,
1933 4508 1951 4540 ³
1992 4498 2051 4542 Ui
2084 4486 2342 4541 οειθηάθι
2372 4482 2488 4537 1³³³0
2520 4476 3104 4577 ""33-"i"e"flj'__s"ﬂfv.
3132 4472 3197 4522 ²¹⁴¹
3238 4486 3347 4577 ,δι”

101 4601 217 4665 quia
257 4603 572 4676 iniquitates
613 4600 965 4673 superpositae
1011 4607 1137 4654 sum
1186 4594 1350 4665 capiti
1399 4606 1548 4657 meo,
1608 4598 1665 4645 et

1770 4587 1947 4655 ipsum
2002 4581 2142 4636 idem
2185 4575 2481 4649 Apostolus
2527 4571 2804 4644 pertinere
2831 4567 2967 4641 (55).
2995 4564 3135 4620 Dicit
3163 4569 3346 4619 autem

171 4735 401 4800 "Calat.
453 4759 509 4807 v,
545 4741 633 4797 l7.
708 4741 757 4779 “
785 4740 928 4796 Psal.
956 4749 1162 4799 xxxvii,
1192 4732 1309 4788 4-7.
1385 4730 1432 4763 ’⁸
1467 4729 1602 4784 Dan.
1638 4743 1714 4791 ix,
1747 4723 1782 4780 5
1810 4737 1930 4793 seq.
2004 4717 2052 4751 ⁸⁸
2081 4714 2240 4770 Rom.
2271 4725 2368 4775 vn,
2399 4707 2492 4763 25.

170 4866 272 4932 (ω)
309 4872 398 4930 Et.
427 4872 775 4929 Desideratur
806 4864 858 4918 in
891 4869 1049 4917 antea
1080 4856 1260 4914 editis.

168 4924 271 5007 (Η)
309 4924 821 5008 Aliaivirtrahunt,
859 4954 896 5008 i_
930 4942 985 5008 et
1025 4937 1231 5000 postea,
1278 4944 1298 4978 ι
1334 4924 1590 4978 subdunt.
1632 4941 1651 4973 ι

310 5004 481 5083 Alias,
518 5035 539 5067 ε
575 5004 1159 5083 certatnen__ll=|befeo_’
1231 5069 1244 5081 ⁸
1320 5080 1337 5083 _
1514 5062 1612 5083 HJ

173 5066 273 5154 (is)
311 5066 481 5154 ρὶλξῐιζ
519 5066 819 5151 segni-p.51.
849 5079 976 5135 Haec
1021 5071 1184 5126 verba
1231 5069 1283 5123 in
1312 5066 1474 5120 editis
1506 5066 1660 5119 omit-

101 5159 284 5210 lilllllll‘.

195 5227 275 5295 44)
313 5228 472 5285 Editi.
512 5245 530 5277 ι
566 5224 649 5278 Sit
674 5234 826 5295 ergo.
863 5238 883 5272 ι

194 5290 277 5363 45)
316 5298 574 5353 Ei.Deest
599 5296 651 5348 in
681 5290 867 5363 editis.
1154 5352 1184 5363 __
1217 5350 1230 5362 ,

194 5352 276 5430 “il
316 5352 571 5422 Persona.
597 5361 797 5420 Nullibi
827 5361 878 5414 in
909 5364 1067 5413 antea
1103 5352 1263 5408 editis
1284 5352 1580 5418 comparet.

194 5371 276 5430 46)
316 5371 571 5422 Persona.
597 5371 797 5420 Nulltbt
827 5371 878 5414 in
909 5373 975 5413 an

173 5371 275 5580 Ξθῖ
311 5439 475 5523 “lati.
514 5458 532 5487 ο
579 5432 931 5512 gerebantur.
963 5446 983 5509 η

194 5505 255 5561 48
310 5511 489 5571 Abas,
542 5525 561 5560 ε
610 5515 983 5580 quoniamut!

175 5505 275 5580 (48)
310 5511 489 5571 Alias,
542 5525 561 5560 ε
590 5505 1234 5575 ίίιυοιιίειηεληὶίιιιιιθιθε
1287 5505 1419 5544 mea:
1464 5505 1660 5553 super-

115 5586 290 5640 Sl’essze
321 5589 446 5636 sunt
467 5585 627 5646 caput
659 5567 1284 5646 meumt...P_utruerunt
1312 5565 1663 5646 elﬁcqrruptie

116 5627 723 5716 Et")?bifiéisiieimu
745 5640 1096 5716 i)cicatrice_s
1126 5648 1258 5716 iuge
1286 5646 1322 5716 ra
1363 5627 1663 5716 inici-usi:

116 5697 855 5777 mentite-meai.—lrliserl’acins
875 5725 992 5763 sum
1011 5705 1107 5776 (εει,
1128 5724 1145 5754 ι
1174 5701 1335 5758 Miser
1364 5697 1593 5753 alllictus
1619 5697 1665 5761 ι)

118 5792 165 5836 et
185 5801 424 5847 curvatus
453 5804 572 5845 sum
603 5798 771 5855 usque
796 5782 848 5837 in
881 5780 1066 5835 linem.
1102 5795 1120 5827 ι

310 5494 489 5571 Alias,
542 5525 561 5560 ε
580 5494 903 5575 “quoniam,
919 5494 1234 5575 iniquitates
1267 5503 1419 5575 mea:
1436 5573 1449 5575 Α
1464 5500 1660 5575 super:

1835 4844 1949 4917 (49)
1980 4834 2442 4917 _Eil_it_i,crel‘ertur,
2473 4830 2568 4886 sed
2595 4827 2681 4883 vir
2709 4823 3100 4883 desideriorum
3126 4823 3344 4888 dicitur,

1766 4906 1946 4972 tamen
1978 4906 2288 4978 iujejuniis.
2331 4924 2352 4957 ι
2467 4972 2478 4978 _
2657 4968 2670 4978 _
2715 4968 2727 4978 _
2866 4965 2890 4978 η
2953 4964 2965 4976 _
3145 4962 3157 4974 ,
3206 4963 3217 4974 ,

1980 4965 2155 5057 Alias,
2193 4994 2212 5029 ι
2241 4972 2637 5057 Peccavimus,
2656 4965 3346 5057 ἰηιίςιξξςψςαῖςξὶᾲῃι-ξιξηίιξξιιξξξε

1765 5038 1997 5129 egimus,
2018 5038 2553 5129 _et__im_pietatem....
2588 5051 2656 5129 et
2671 5038 3147 5129 ‘declin‘aqiniza
3171 5050 3311 5129 ’111ὶεῖιῖ
3316 5064 3341 5129 ἶ

1766 5101 1997 5184 ἇέὶῖἷὲί
2013 5101 2233 5194 iudieiis
2264 5114 2392 5188 (aL:
2421 5128 2450 5167 a
2468 5108 2751 5194 mandatis
2772 5119 2888 5194 eis
2915 5104 3154 5194 jndieiis‘
3171 5101 3341 5194 litis-3)

1763 5178 1955 5253 etnon
1984 5178 2340 5261 obedivim'us
2372 5185 2547 5261 servis
2594 5180 2700 5235 tuis
2721 5178 3078 5261 prophetis...
3105 5180 3162 5227 et
3203 5178 3344 5241 regi-

1763 5269 1868 5326 bus
1898 5263 2118 5323 nostris,
2146 5268 2204 5314 et
2230 5254 2568 5328 principibus
2615 5254 2836 5315 nostris,
2871 5266 2891 5300 ι
2922 5257 3033 5301 etc.

1838 5356 1949 5432 (5i)
1985 5353 2127 5411 Editi
2157 5350 2427 5423 plerique,
2467 5363 2487 5398 ι
2515 5347 2785 5416 ignarum,
2825 5358 2845 5392 ι
2883 5337 3046 5432 male.

1840 5431 1954 5526 (52)
1982 5449 2152 5513 Alias,
2184 5463 2203 5497 ι
2231 5453 2288 5501 et
2320 5448 2525 5498 mutata
2556 5433 2809 5526 quisjam
2844 5431 3143 5526 voluntate.
3170 5443 3191 5479 ι

1986 5542 2155 5612 Alias,
2190 5556 2211 5590 α
2244 5544 2305 5612 ut
2329 5531 2589 5612 ostendat
2619 5530 2735 5612 haec
2762 5519 3334 5612 dixisseindgntlt-t‘sl

1785 5595 2154 5684 «disisseﬂad'
2182 5607 2419 5684 seipsum
2455 5602 2596 5656 idem
2639 5595 2930 5684 Apostolus
2959 5595 3335 5684 Delli-illgufl:‘b

1774 5661 2019 5747 Alias-:7
2033 5661 2373 5747 iit—ostendat
2396 5675 2527 5747 haec
2551 5684 2659 5738 qua
2688 5661 2923 5747 dicenda
2966 5671 3112 5726 sunt,
3153 5661 3220 5714 ad
3257 5670 3334 5717 se

1778 5736 1978 5828 ﬁsus},
2010 5752 2062 5807 id
2092 5759 2176 5806 est
2206 5749 2273 5803 ad
2307 5736 2626 5814 Apostoluin
2653 5736 2941 5808 pertinere.
2962 5755 2982 5788 ι
