3692 6138
398 262 533 318 1091

1883 261 2139 319 ()RIGEN
2147 262 2206 318 IS

3486 269 3589 327 1092

396 379 525 447 quia
551 388 734 435 mente
756 379 962 435 serviat
987 377 1091 450 legi
1125 380 1242 446 Dei,
1276 395 1442 438 carne
1472 389 1654 437 autem
1691 382 1796 455 legi
1842 397 1972 453 pec—
2001 387 2048 444 Α
2078 390 2259 438 autem
2298 380 2402 449 legi
2442 380 2558 449 Dei,
2593 391 2649 437 et
2678 396 2799 436 esse
2851 381 2953 437 sub
3000 378 3115 450 lege
3142 378 3389 449 spiritus,
3426 379 3590 442 hoccst

396 471 528 536 cati,
555 472 711 540 quasi
750 480 898 526 tanta
930 473 1001 528 sit
1027 475 1284 542 peccandi
1319 475 1426 540 vis,
1464 483 1610 530 tanta
1660 476 1850 531 carnis
1878 487 1969 547 ty-

397 565 607 629 rannis,
631 580 795 635 quam
823 580 922 622 nec
939 567 1233 637 Apostolus
1256 569 1426 637 possit
1453 567 1725 638 elIugere;
1753 580 1807 623 et
1833 585 1967 640 pro-

394 665 583 727 pterea
636 656 691 711 in
756 657 879 712 aliis
937 659 1178 727 dixerit,
1231 661 1360 729 quia
1420 677 1441 711 ι
1492 676 1711 717 macero
1772 677 1972 730 corpus

395 763 575 803 meum
610 749 747 820 (54),
783 760 838 804 et
866 753 1111 807 servituti
1133 753 1387 822 subjicio,
1424 770 1492 809 ne
1528 755 1667 809 forte
1695 769 1818 808 cum
1847 754 1970 811 aliis

395 840 842 908 prmdicaverim,
883 844 997 911 ipse
1027 845 1289 912 reprobus
1314 845 1519 900 eﬂiciar
1544 845 1611 898 ’⁷.
1641 866 1662 899 ι
1711 845 1817 901 Sed
1852 847 1971 900 haec

395 931 487 999 qui
517 946 581 986 ex
614 948 845 1001 persona
876 935 1118 1003 Apostoli
1173 937 1375 1001 accipit
1425 939 1593 1003 dicta,
1636 939 1973 1009 desperatio-

398 1041 522 1081 nem
558 1026 691 1081 mihi
722 1027 936 1082 videtur
962 1021 1216 1084 incutere
1254 1031 1402 1084 omni
1438 1032 1657 1096 animse,
1691 1032 1834 1099 quod
1869 1046 1970 1085 nc-

401 1133 491 1172 mo
516 1119 590 1173 sit
617 1134 842 1188 prorsus
869 1120 962 1189 qui
1018 1136 1123 1174 non
1177 1135 1367 1191 peccet
1412 1125 1464 1176 in
1498 1138 1685 1178 carne.
1728 1124 1842 1179 Hoc
1886 1133 1974 1178 est

394 1211 543 1264 enim
572 1226 737 1265 carne
761 1211 966 1265 servire
998 1212 1100 1281 legi
1135 1214 1340 1281 peccati
1369 1213 1502 1286 (55).
1530 1214 1659 1269 Mihi
1688 1230 1820 1282 ergo
1851 1231 1970 1269 ma-

395 1304 480 1374 gis
518 1304 738 1360 videtur
788 1305 933 1360 illius
987 1306 1166 1361 adhuc
1223 1315 1408 1360 tenere
1460 1320 1772 1375 personam,
1803 1323 1969 1377 quam

398 1410 564 1467 supra
598 1397 651 1450 in
680 1398 971 1469 semetipso
999 1399 1310 1469 descripsit,
1340 1401 1500 1468 quasi
1543 1400 1822 1454 voluntate
1859 1398 1969 1468 jam

395 1496 452 1544 et
480 1489 766 1558 proposito
792 1489 861 1543 ad
888 1489 1115 1544 meliora
1149 1492 1427 1554 conversi,
1475 1503 1533 1546 et
1581 1501 1763 1546 mente
1808 1502 1972 1561 atque

394 1582 578 1636 animo
606 1581 710 1651 legi
751 1580 847 1637 Dei
876 1584 1194 1647 servientis,
1229 1583 1470 1637 nondum
1503 1593 1684 1639 tamen
1730 1584 1783 1638 id
1831 1585 1973 1639 ohti-

395 1673 602 1738 nuisse,
656 1682 715 1727 ut
764 1674 930 1728 etiam
986 1676 1167 1729 carnis
1214 1675 1581 1730 obedientiam
1636 1675 1689 1730 in
1737 1691 1972 1730 consen-

391 1779 514 1818 sum
545 1763 657 1833 (56)
690 1766 888 1820 mentis
909 1765 1224 1822 adduceret.
1253 1766 1468 1822 Etenim
1498 1769 1758 1838 quoniam
1790 1768 1843 1822 in
1877 1783 1972 1822 su-

394 1856 708 1925 perioribus
755 1858 825 1911 de
879 1857 1304 1914 mortiﬁcatione
1334 1860 1580 1928 corporis
1616 1860 1971 1922 disseruerat.

391 1952 450 1998 et
498 1944 719 2000 Christo
769 1948 1237 2002 commoriendum
1291 1962 1414 2003 esse
1474 1950 1758 2015 docuerat,
1798 1951 1852 2005 in
1888 1951 1972 2005 his

396 2049 542 2089 nunc
591 2050 755 2105 quam
786 2053 894 2091 non
926 2039 1000 2093 sit
1027 2039 1265 2093 otiosum
1312 2041 1416 2096 hoc
1459 2055 1596 2110 opus
1628 2042 1846 2096 videtur
1878 2055 1969 2097 os-

396 2128 642 2193 tendere,
675 2139 731 2182 et
760 2129 958 2184 docere
986 2130 1110 2200 quia
1146 2146 1253 2186 non
1283 2132 1468 2188 statim
1514 2142 1574 2189 ut
1605 2135 1719 2188 vult
1750 2134 1968 2205 aliquis,

394 2228 450 2272 et
499 2228 557 2272 ut
605 2221 952 2289 proposuerit
1018 2221 1248 2288 bonum,
1304 2226 1563 2279 continuo
1614 2227 1780 2281 etiam
1828 2226 1972 2281 iacto

394 2308 739 2377 adimpletur.
772 2312 864 2364 sed
894 2309 980 2364 vel
1008 2313 1426 2370 consuetudinis
1457 2325 1603 2369 tanta
1631 2316 1734 2383 vis,
1771 2316 1856 2371 vel
1892 2317 1973 2370 vi.

397 2400 594 2454 tiorum
628 2409 776 2455 tanta
805 2401 1034 2458 dulcedo
1071 2414 1177 2472 est,
1232 2416 1294 2461 ut
1344 2420 1467 2461 cum
1497 2407 1711 2462 animus
1737 2408 1849 2477 jam
1888 2406 1974 2460 in-

398 2495 582 2549 tendat
601 2496 666 2549 ad
692 2497 971 2561 virtutem,
990 2507 1046 2552 et
1073 2499 1176 2569 legi
1202 2498 1527 2574 Deiservire
1552 2500 1811 2556 decernat
1829 2498 1969 2573 (57),

391 2588 573 2642 carnis
606 2598 786 2643 tamen
821 2589 1088 2643 desideria
1124 2590 1334 2646 servire
1366 2603 1618 2662 peccato,
1660 2601 1715 2647 et
1760 2593 1971 2664 legibus

392 2679 510 2746 ejus
539 2695 734 2751 parere
769 2683 1162 2749 persuadeant.

471 2774 562 2829 11.
613 2792 632 2825 ι
668 2773 812 2828 Nihil
847 2790 977 2841 ergo
1012 2792 1153 2829 nunc
1206 2777 1571 2833 damnationis
1612 2785 1696 2832 est
1743 2778 1829 2832 his
1875 2778 1968 2848 qui

393 2878 528 2922 sunt
555 2867 608 2922 in
624 2866 845 2922 CltriSto
870 2863 999 2921 Jesu
1033 2866 1163 2937 (58).
1191 2868 1301 2924 Lex
1329 2850 1474 2924 enim
1507 2873 1732 2941 Spiritus
1759 2874 1885 2927 vitae
1911 2874 1962 2927 in

393 2957 614 3013 Christo
661 2957 789 3012 Jesu
820 2958 1080 3014 liberavit
1108 2975 1193 3014 me
1225 2976 1253 3014 a
1289 2961 1409 3032 lege
1457 2965 1668 3032 peccati
1716 2975 1772 3019 et
1822 2980 1969 3020 mor-

2073 475 2293 530 Christo
2356 475 2583 528 servire.
2641 472 2861 528 Christo
2915 482 3096 527 autem
3144 472 3372 536 servire,
3416 473 3504 529 hoc
3530 486 3590 531 est

2073 567 2286 622 servire
2337 566 2643 633 sapientiae,
2699 565 2804 620 hoc
2845 575 2931 620 est
2983 564 3188 619 servire
3241 563 3354 635 (6i)
3391 564 3589 637 iustitiae,

2074 659 2284 713 servire
2316 658 2557 722 veritati,
2590 656 2954 727 omnibusque
2987 657 3148 712 simul
3178 657 3391 712 servire
3424 659 3592 712 virtuti-

2075 748 2197 803 bus.
2231 747 2385 805 Unde
2410 764 2514 800 non
2543 756 2626 803 est
2661 749 2959 817 putandum
2984 747 3129 816 quod
3162 745 3233 799 ad
3270 744 3488 801 subitum
3508 747 3589 818 (δί)

2074 840 2224 908 quis,
2260 850 2315 893 et
2343 839 2528 892 statim
2563 848 2620 892 tit
2654 839 2910 902 voluerit,
2949 855 2977 892 a
3008 837 3241 893 servitio
3268 837 3407 907 legis
3432 844 3591 908 peccati

2076 929 2370 984 translatus
2415 928 2686 984 eﬂiciatnr
2726 930 2779 983 in
2814 928 3036 984 Christo
3083 926 3234 993 Jesu,
3289 928 3363 982 ita
3411 940 3465 984 ut
3496 931 3593 985 nihil

2076 1019 2129 1074 in
2161 1035 2226 1075 eo
2257 1020 2367 1089 jam
2401 1021 2630 1075 obtentu
2676 1022 2888 1088 peccati
2940 1018 3313 1075 damnationis
3348 1019 3594 1087 habeatur.

2074 1111 2326 1181 Requirit
2355 1121 2535 1167 autem
2571 1113 2684 1184 (63)
2718 1114 2771 1168 in
2803 1127 3135 1182 unoquoque
3166 1121 3359 1181 partes
3398 1128 3511 1168 suas
3531 1115 3594 1183 ju-

2073 1205 2224 1259 stitia
2264 1219 2279 1258 :
2310 1206 2508 1272 probat
2553 1206 2599 1259 si
2644 1206 2718 1260 ita
2746 1204 2859 1275 jam
2892 1204 3214 1259 emendatus
3260 1215 3348 1259 est
3372 1213 3428 1259 et
3458 1220 3596 1259 corte-

2075 1307 2199 1351 ctus
2251 1295 2391 1367 (64).
2424 1305 2485 1350 ιιι
2524 1296 2661 1350 nihil
2704 1294 2758 1348 in
2779 1292 3049 1364 eoinjusti
3069 1292 3257 1363 operis
3312 1295 3529 1351 inveniat
3548 1315 3595 1352 et

2074 1402 2182 1456 quo
2213 1387 2489 1443 damnatio
2519 1385 2905 1457 subsequatur.
2953 1387 3218 1443 Similiter
3241 1398 3299 1443 et
3325 1389 3509 1442 veritas
3534 1406 3597 1443 re-

2076 1481 2244 1550 quirit
2291 1482 2345 1534 in
2394 1495 2720 1549 unoquoque
2771 1490 2981 1549 partem
3027 1495 3204 1545 suam,
3255 1480 3304 1534 si
3355 1479 3596 1534 translatus

2074 1574 2198 1642 quis
2230 1589 2261 1627 a
2309 1572 2427 1642 lege
2458 1573 2662 1642 peccati
2695 1571 2837 1625 nulla
2861 1572 2974 1641 jam
3030 1587 3097 1626 ex
3143 1582 3305 1641 parte
3343 1570 3596 1626 inveniatur

2074 1664 2336 1733 obsequia
2369 1665 2615 1719 veritatis
2638 1665 3016 1719 contaminare
3063 1663 3353 1718 mendacio
3395 1661 3512 1733 (65).
3534 1664 3595 1718 Si-

2003 1732 2045 1787 Β
2077 1732 2277 1809 militer
2303 1765 2356 1806 et
2384 1754 2646 1823 pudicitia
2678 1762 2888 1823 partem
2916 1769 3071 1807 suam
3103 1753 3356 1818 discutit,
3401 1732 3441 1807 si
3476 1732 3595 1808 nullis

2075 1847 2144 1901 ab
2165 1861 2231 1901 eo
2267 1846 2556 1916 impudicis
2581 1845 2692 1917 (66)
2727 1843 3017 1901 desideriis
3054 1844 3382 1900 maculatur.
3414 1843 3494 1899 Sic
3514 1846 3595 1913 pic-

2076 1952 2186 2005 tas,
2215 1940 2297 1995 sic
2328 1939 2599 2010 sapientia
2631 1949 2814 2008 partes
2839 1953 2970 1993 suas
2997 1938 3049 1992 in
3084 1952 3417 2007 unoquoque
3453 1938 3594 1991 discu-

2076 2032 2238 2098 tiunt,
2274 2046 2410 2101 quas
2436 2031 2481 2086 si
2516 2042 2664 2086 recte
2696 2040 2752 2085 et
2782 2030 2994 2101 integre
3030 2020 3084 2082 in
3109 2043 3176 2084 eo
3211 2038 3457 2083 constare
3477 2044 3590 2098 repe-

2077 2123 2268 2188 rerint,
2299 2130 2429 2177 tunc
2459 2122 2512 2176 in
2545 2119 2768 2175 Christo
2801 2135 2943 2184 esse,
2998 2127 3055 2173 et
3098 2120 3237 2174 nihil
3283 2120 3593 2174 damnationis

2077 2214 2285 2271 habere
2321 2215 2623 2284 potabitur.
2659 2213 2789 2279 Quae
2832 2210 2999 2289 588
3051 2212 3243 2281 utique
3284 2211 3494 2266 dubium
3517 2228 3591 2265 non

2073 2318 2157 2363 est
2186 2307 2316 2376 quin
2350 2322 2451 2361 usu
2482 2316 2537 2361 et
2562 2302 2917 2359 meditatione
2957 2306 3113 2374 longa
3143 2314 3202 2360 et
3237 2303 3424 2359 labore
3459 2305 3593 2374 pervi-

2072 2402 2162 2473 gili
2194 2405 2592 2472 conquirantur
2620 2396 2757 2466 (67).
2791 2396 2858 2450 Et
2894 2397 3016 2453 ideo
3046 2412 3155 2452 non
3188 2397 3383 2454 otiosis
3409 2397 3509 2453 hac
3528 2413 3593 2451 ac-

2072 2495 2257 2549 cidere
2285 2502 2379 2546 aut
2407 2492 2666 2563 segnibus
2697 2499 2905 2544 certum
2936 2501 3060 2555 est;
3088 2490 3184 2544 sed
3221 2490 3471 2560 paulatim
3498 2504 3593 2559 pro-

2072 2587 2326 2650 ﬁciendo,
2354 2595 2408 2641 et
2456 2586 2630 2655 primo
2661 2598 2857 2653 pauca,
2895 2592 3023 2639 tunc
3053 2583 3255 2638 deinde
3287 2583 3511 2647 minima,
3541 2582 3589 2634 ad

2075 2679 2349 2747 ultimum,
2377 2679 2423 2735 si
2453 2678 2702 2733 obtinere
2729 2679 3029 2748 potuerint,
3057 2679 3208 2733 nulla
3240 2678 3520 2749 peccando.
3545 2674 3592 2727 Et

2072 2773 2181 2827 hoc
2207 2772 2450 2827 sentiens
2475 2772 2689 2825 videtur
2712 2772 2841 2825 mihi
2864 2774 3006 2826 idem
3030 2770 3327 2842 Apostolus
3355 2769 3589 2838 scripsisse

2071 2865 2125 2919 in
2156 2864 2279 2921 aliis
2314 2881 2327 2918 :
2363 2883 2380 2915 ι
2412 2863 2697 2919 Praeterita
2727 2865 3076 2928 oblivisceus,
3108 2864 3180 2917 ad
3216 2865 3394 2917 futura
3417 2875 3491 2915 me
3512 2876 3585 2914 ex-

2073 2957 2296 3012 tendens
2327 2956 2373 2990 ”
2419 2975 2434 3011 :
2475 2974 2496 3008 ι
2547 2957 2753 3012 docens
2807 2971 2905 3026 per
2954 2956 3069 3010 haec
3116 2956 3392 3025 praeterita
3437 2953 3589 3009 debere

394 3053 465 3107 tis
485 3052 554 3105 ⁸⁸.
578 3071 597 3105 ι
632 3052 762 3120 Quae
790 3061 938 3107 esset
963 3052 1249 3108 diversitas
1277 3055 1328 3109 in
1356 3056 1441 3109 his
1463 3056 1553 3124 qui
1580 3056 1723 3111 velut
1759 3058 1812 3110 in
1838 3072 1971 3127 quo.
1994 3069 2038 3129 α
2069 3060 2190 3103 esse
2221 3060 2285 3101 ea
2314 3047 2367 3101 in
2394 3047 2592 3116 quibus
2620 3048 2894 3118 culpabile
2935 3046 3143 3116 aliquid
3188 3048 3375 3114 fuerit,
3411 3055 3461 3101 et
3482 3046 3587 3099 obli—

394 3148 513 3201 dant
544 3147 845 3200 certamine
876 3148 1037 3214 positi
1073 3161 1259 3204 mente
1290 3149 1513 3218 quidem
1553 3150 1852 3204 secundum
1888 3149 1967 3204 le-

393 3253 515 3306 gem
553 3241 646 3294 Dei
683 3240 888 3305 vivnnt,
921 3241 1106 3296 carnis
1138 3256 1269 3296 vero
1318 3241 1608 3295 desideriis
1643 3251 1877 3311 aguntur
1911 3242 1964 3297 in

394 3331 567 3401 legem
604 3333 809 3402 peccati
856 3333 994 3403 (59),
1045 3333 1100 3387 in
1147 3335 1523 3402 superioribus
1562 3334 1764 3388 docuit.
1806 3333 1965 3390 Nunc

392 3438 523 3478 vero
553 3424 620 3476 de
650 3425 737 3479 his
766 3425 921 3489 dicit,
951 3426 1041 3495 qui
1075 3442 1182 3480 non
1220 3426 1333 3496 jam
1383 3442 1448 3480 ex
1497 3437 1658 3495 parte
1691 3426 1742 3479 in
1770 3442 1962 3492 carne,

391 3529 459 3569 es
491 3524 642 3583 parte
670 3516 724 3569 in
755 3519 976 3586 spiritu,
1005 3518 1101 3573 sed
1131 3532 1199 3573 ex
1231 3520 1443 3587 integro
1472 3519 1527 3574 in
1556 3520 1774 3573 Christo
1798 3531 1961 3575 sunt:

393 3617 450 3661 et
492 3609 816 3676 pronuntiat
874 3609 926 3663 in
978 3610 1064 3665 his
1112 3610 1247 3664 nihil
1297 3611 1647 3665 damnatione
1715 3625 1835 3667 esse
1882 3612 1966 3665 di-

392 3714 556 3770 gnum
591 3700 727 3772 (60),
755 3701 880 3771 quia
910 3721 927 3753 ι
959 3701 1043 3757 lex
1067 3703 1297 3774 spiritus'
1321 3703 1446 3756 vita:
1480 3704 1531 3757 in
1562 3702 1785 3758 Christo
1829 3702 1960 3771 Jesu

394 3792 644 3846 liberavit
675 3808 769 3848 eos
799 3808 828 3847 a
858 3794 974 3862 lege
1009 3793 1215 3863 peccati
1245 3801 1300 3848 et
1327 3795 1543 3848 mortis.
1577 3812 1596 3846 ι
1628 3794 1739 3848 Lex
1776 3808 1960 3850 autem

393 3885 622 3954 Spiritus
663 3885 789 3940 vita:
846 3901 951 3939 una
1005 3886 1308 3953 eademque
1353 3877 1435 3940 est
1481 3896 1683 3956 quaeet
1708 3887 1793 3942 lcx
1825 3888 1959 3942 Dei:

394 3977 537 4030 sicut
568 3993 781 4031 rursum
831 3992 935 4031 una
977 3990 1139 4047 atque
1183 3978 1373 4034 eadem
1424 3989 1509 4033 est
1549 3978 1634 4033 lex
1669 3980 1880 4046 peccati
1909 3988 1964 4035 et

396 4070 611 4124 mortis.
665 4068 809 4123 Nihil
841 4086 972 4140 ergo
1002 4071 1368 4125 damnationis
1412 4070 1517 4125 erit
1547 4071 1632 4125 his
1660 4071 1752 4141 qui
1784 4086 1815 4125 a
1844 4071 1964 4142 lege

395 4161 625 4228 peccati,
655 4176 776 4229 qua:
809 4173 891 4216 est
919 4162 1003 4217 lex
1036 4161 1250 4224 mortis,
1281 4163 1499 4231 penitus
1532 4162 1862 4226 liberantur,
1908 4172 1965 4218 et

397 4250 500 4321 legi
559 4252 676 4318 Dei,
711 4269 831 4323 quae
867 4262 952 4307 est
992 4252 1078 4307 lex
1123 4253 1371 4322 spiritus,
1419 4253 1685 4309 serviunt.
1736 4251 1995 4323 Servire,

465 4436 557 4491 ’Ἰ
589 4436 715 4492 Cor.
742 4452 819 4504 ix,
846 4436 938 4493 27.
1013 4439 1058 4473 ³⁸
1090 4435 1248 4491 Rom.
1276 4451 1394 4504 vm,
1431 4436 1482 4500 l,
1514 4435 1570 4490 ‘2.
1644 4437 1691 4475 θ’
1722 4435 1923 4506 Philip.
1955 4453 1963 4491 l

2078 4436 2154 4491 15.

2072 3139 2233 3193 vione
2263 3138 2484 3208 dignum
2531 3156 2547 3194 :
2589 3138 2770 3194 futura
2826 3156 2956 3195 vero
3015 3154 3141 3195 esse
3184 3157 3313 3211 quae
3340 3141 3391 3195 in
3415 3139 3589 3195 Christo

2072 3237 2218 3292 sunt,
2242 3237 2299 3281 et
2325 3228 2442 3283 haec
2469 3243 2593 3284 esse
2615 3230 2682 3284 ad
2716 3244 2835 3299 qua:
2868 3231 3239 3300 nosmetipsos
3269 3232 3505 3286 debemus
3518 3244 3588 3282 ex-

2075 3321 2318 3383 tendere,
2352 3334 2526 3390 eaqne
2555 3330 2663 3375 tota
2695 3321 2959 3376 aviditate
2985 3322 3186 3376 mentis
3217 3331 3478 3392 expetere.
3511 3318 3587 3373 Le-

2073 3428 2192 3482 gem
2222 3427 2356 3467 sane
2385 3413 2608 3482 spiritus
2635 3414 2761 3467 vita:
2785 3412 2930 3483 quod
2968 3413 3208 3469 diximus
3234 3415 3398 3483 ipsam
3436 3412 3587 3468 debere

2075 3507 2304 3579 intelligi
2333 3508 2504 3579 legem
2536 3506 2653 3574 Dei,
2688 3509 2985 3563 secundum
3034 3524 3155 3562 eam
3207 3509 3446 3564 videlicet
3479 3507 3586 3560 diti-

2075 3617 2196 3655 inus
2221 3610 2428 3670 partem
2452 3616 2557 3670 qua
2594 3602 2681 3655 lex
2712 3601 2913 3655 dicitur
2934 3615 3054 3655 esse
3075 3601 3358 3669 spiritalis.
3390 3600 3495 3653 ideo
3512 3596 3586 3649 ad-

2072 3694 2248 3748 didit:
2289 3712 2308 3744 σ
2344 3692 2454 3746 Lex
2483 3689 2707 3763 spiritus
2741 3693 2900 3766 “vitae.
2950 3710 2970 3744 ι
3024 3691 3161 3746 Nam
3197 3693 3265 3746 de
3291 3691 3404 3762 lege
3436 3689 3586 3743 littera

2072 3785 2253 3841 dicere
2286 3784 2388 3840 hoc
2419 3799 2525 3839 non
2557 3792 2793 3853 poterat,
2829 3783 2898 3840 de
2927 3799 3033 3854 qua
3081 3787 3132 3839 in
3164 3785 3294 3840 aliis
3319 3782 3585 3855 pronuntia-

2071 3887 2248 3942 verat,
2278 3877 2404 3949 quia
2438 3895 2457 3926 ι
2482 3876 2664 3931 littera
2690 3876 2915 3931 occidit.
2948 3896 2968 3930 ι
2994 3876 3120 3933 Haec
3146 3888 3203 3933 et
3237 3879 3291 3932 in
3318 3876 3431 3933 aliis
3456 3893 3474 3928 t
3511 3875 3585 3928 mi-

2068 3971 2354 4027 nisterium
2387 3969 2578 4025 mortis
2619 3988 2639 4021 ι
2687 3969 2885 4023 dicitur
2926 3971 2944 4002 ⁸
2995 3969 3129 4041 (68).
3171 3970 3461 4039 Utrumque
3485 3979 3583 4034 ergo

2069 4066 2312 4120 continet
2357 4062 2464 4127 lex,
2492 4071 2548 4116 et
2582 4060 2822 4115 litteram
2855 4062 3223 4127 occidentem,
3276 4071 3332 4117 et
3374 4058 3581 4130 spiritum

2071 4155 2456 4210 vivificantem.
2509 4152 2663 4208 Unde
2711 4153 3001 4208 considera
3051 4168 3119 4208 ne
3165 4153 3314 4209 forte
3362 4151 3501 4220 hujus
3527 4148 3581 4201 rei

2069 4248 2298 4304 formam
2324 4256 2509 4302 teneat
2533 4256 2589 4301 et
2618 4246 2749 4302 illud
2775 4245 2981 4318 lignum
3001 4246 3069 4302 de
3094 4260 3205 4316 quo
3228 4246 3475 4317 scriptum
3491 4249 3581 4297 est:

2232 4435 2250 4465 ί
2282 4431 2328 4486 Il
2350 4434 2474 4488 Cor.
2508 4447 2591 4497 ιιι,
2617 4429 2670 4498 6,
2693 4431 2748 4486 7.

467 4598 578 4672 (54)
610 4598 774 4663 Editi,
802 4616 821 4649 ι
848 4611 895 4652 et
932 4608 1218 4667 propterea
1257 4598 1309 4651 in
1342 4597 1463 4653 aliis
1494 4598 1632 4653 dixit
1677 4616 1692 4654 :
1733 4598 1951 4654 Macero
1990 4606 2038 4664 D
2134 4598 2246 4669 (61)
2278 4597 2395 4672 Hoc
2437 4606 2518 4652 est
2568 4597 2785 4653 servire.
2822 4596 2947 4652 llaec
2978 4597 3359 4653 desiderantur
3391 4591 3578 4651 inlibris

397 4685 594 4738 corpus
626 4684 823 4731 meum,
860 4688 878 4720 ι
906 4681 1010 4721 etc.
1168 4727 1177 4733 _

469 4738 841 4812 (55)Ε(11ιί,λι
874 4738 985 4794 Hoc
1031 4748 1113 4792 est
1159 4753 1301 4792 enim
1352 4739 1553 4794 servire
1595 4753 1815 4795 carnem
1858 4739 1961 4811 legi

395 4808 622 4882 peccati,
637 4881 640 4882 ν
654 4828 697 4882 ιη
715 4808 872 4863 male.

468 4880 597 4952 (56)
621 4879 789 4941 Alias,
816 4898 844 4952 Δι
881 4877 979 4946 legi
1012 4877 1384 4943 deservientis,
1419 4880 1654 4934 nondum
1678 4888 1859 4933 tamen
1887 4879 1960 4933 ita

395 4947 790 5007 obtinuisse...
815 4947 869 5001 in
905 4962 1195 5012 consensu,
1231 4967 1246 4998 I
1286 4959 1391 5002 etc.

471 5019 582 5091 (57)
623 5019 766 5091 (Est
795 5027 848 5071 et
874 5017 1043 5091 jattia
1073 5019 1397 5091 omittuntur
1435 5018 1489 5072 in
1512 5017 1709 5091 (editis.
1754 5015 1960 5091 Deinde

398 5087 528 5144 mss.
565 5087 810 5157 quidam,
837 5103 891 5141 et
916 5087 1068 5150 editi,
1115 5107 1133 5138 ι
1180 5087 1281 5154 legi
1314 5088 1591 5143 deservire
1629 5088 1894 5143 decrevit.
1932 5107 1953 5141 ι

396 5162 510 5221 ΔΙ..
542 5178 562 5212 ι
595 5160 695 5227 legi
725 5158 932 5212 servire
959 5158 1281 5211 decreverit.
1318 5176 1338 5210 ι

468 5231 583 5301 (58)
623 5225 760 5283 Editi
790 5239 910 5294 post
946 5246 964 5278 ι
1001 5228 1094 5301 qui
1122 5228 1324 5281 suntin
1362 5225 1581 5301 Christo
1623 5225 1773 5301 Qesn,
1814 5244 1834 5279 ι
1863 5228 1964 5301 ade

398 5297 572 5364 dunt,
594 5319 613 5353 t
645 5301 734 5369 qui
767 5315 871 5352 non
893 5297 1435 5369 secundttm_carnetn
1458 5297 1756 5351 ambulant.
1790 5316 1810 5348 ι
1859 5297 1964 5369 Sed

402 5372 513 5425 haec
540 5366 701 5425 verba
730 5369 926 5425 desunt
959 5368 1012 5421 in
1050 5366 1302 5421 omnibus
1338 5382 1471 5423 mss.
1503 5369 1709 5424 nostris
1737 5376 1797 5424 et
1823 5368 1964 5439 apud

398 5441 703 5495 liahanum.

469 5511 582 5580 (59)
622 5511 799 5572 Alias,
830 5527 849 5561 ι
883 5519 1118 5578 aguntur
1152 5506 1272 5580 lege
1302 5507 1534 5576 peccati.
1574 5526 1593 5560 ι

474 5575 589 5647 (60⁷)
615 5575 1017 5642 Οειιυῠιιειιιιύε.
1048 5597 1066 5630 ι
1098 5578 1188 5648 qui
1215 5575 1327 5643 iam
1354 5594 1459 5632 non
1490 5593 1555 5633 ex
1585 5587 1739 5648 parte
1768 5578 1819 5631 in
1846 5575 1970 5646 Spi-

402 5649 532 5719 t‘ittt,
567 5653 659 5703 sed
687 5666 755 5705 ex
788 5650 998 5719 integro
1028 5649 1080 5701 in
1122 5649 1342 5702 Christo
1372 5658 1519 5712 sunt,
1552 5648 1871 5718 pronuntiat
1910 5649 1966 5703 in

405 5718 490 5773 his
517 5722 650 5775 nihil
684 5718 1054 5776 damnationis
1082 5720 1327 5789 dignum,
1359 5738 1380 5772 ι
1415 5729 1524 5775 etc.

2071 4680 2229 4724 antea
2264 4669 2443 4723 editis.

2138 4739 2250 4809 (62)
2281 4739 2452 4801 Alias.
2491 4754 2513 4790 ι
2550 4736 2751 4792 subito.
2799 4756 2819 4789 ι
2871 4738 2978 4794 Sed
3009 4737 3253 4809 plerique
3280 4752 3401 4792 mss.
3425 4742 3471 4787 et
3498 4730 3579 4785 Ra-

2067 4810 2241 4865 banus
2271 4818 2323 4860 nt
2361 4810 2411 4861 in
2444 4818 2627 4862 nostro
2657 4817 2826 4862 textu.

2136 4879 2249 4950 (63)
2291 4879 2455 4944 Editi,
2496 4896 2515 4929 ι
2547 4876 2848 4949 Requircns
2874 4888 3055 4934 autem
3083 4895 3099 4946 ;
3130 4898 3151 4932 ι
3182 4879 3278 4945 aL,
3306 4897 3324 4928 ι
3364 4872 3576 4943 Requiret

2068 4959 2382 5088 θυῖἓῗξίἶε.
2412 5034 2573 5091 unus,
2609 5037 2629 5071 ι
2659 5028 2714 5074 et
2745 5029 3049 5091 correptus.
3096 5038 3116 5071 ι
3156 5019 3372 5083 Deinde,
3407 5034 3427 5068 ι
3464 5014 3576 5066 inve-

2064 5090 2332 5151 veniatur,
2363 5107 2382 5139 ι
2426 5089 2585 5143 male.

2140 5156 2255 5230 (65)
2285 5159 2449 5222 Alias,
2492 5177 2511 5210 ι
2541 5160 2892 5215 inveniantur
2923 5160 3181 5230 obsequia
3215 5156 3448 5215 veritatis
3471 5166 3573 5207 con-

2069 5229 2326 5284 taminari
2358 5230 2655 5281 mendacio.
2694 5248 2714 5281 ι

2141 5297 2253 5369 (66)
2281 5299 2442 5369 Editi,
2480 5316 2498 5348 t
2526 5300 2903 5367 impudicitiae.
2936 5319 2956 5354 ι

2138 5368 2252 5441 (67)
2286 5368 2451 5441 Editi,
2486 5385 2506 5419 ι
2541 5380 2930 5441 comparantur
2956 5379 3012 5426 et
3039 5377 3466 5441 comparentur.)

2146 5434 2261 5510 (68')
2296 5436 2390 5510 Sic
2414 5454 2515 5510 ms.
2542 5434 2683 5510 unus
2716 5439 2915 5508 Regius
2942 5452 3091 5495 num.
3126 5434 3281 5496 1641.
3318 5434 3441 5510 Editi
3470 5440 3570 5510 vero

2074 5519 2130 5564 et
2154 5500 2267 5563 ‘ms'.
2299 5506 2542 5576 quidam,
2595 5525 2614 5558 ι
2660 5509 2773 5564 Lex
2796 5500 2886 5564 cst
2913 5525 3045 5565 sane
3072 5512 3291 5580 spiritus
3317 5508 3442 5561 vitae.
3468 5500 3569 5580 ligni

2075 5580 2144 5649 de
2172 5581 2286 5648 lege
2316 5571 2511 5631 iitteraé
2530 5571 2676 5647 quod
2710 5581 2944 5634 diximus
2972 5571 3146 5649 ipsam
3177 5580 3360 5633 debere
3389 5571 3566 5649 intelligi

2078 5640 2254 5712 legeiii
2290 5649 2405 5712 Dei,
2436 5640 2730 5704 secundum
2761 5665 2877 5703 eam
2902 5640 3152 5705 videlicet
3180 5660 3370 5719 partem
3398 5640 3565 5719 quale:

2078 5733 2197 5776 esse
2224 5720 2421 5774 dicitur
2472 5721 2752 5790 spiritalis.
2791 5720 2914 5775 Ideo
2959 5722 3211 5777 addidit:
3258 5719 3358 5772 Le:
3399 5721 3567 5782 apium
