3692 6138
392 211 532 268 £095

1841 207 2162 266 ORiGENIS

3481 217 3587 276 £099

391 336 526 392 dicit
551 337 738 404 David,
769 340 1025 409 quoniam
1055 357 1074 389 ι
1111 337 1162 390 in
1192 334 1576 404 iniquitatibus
1600 333 1849 402 concepit
1878 347 1961 385 me
1993 339 2035 394 Α
2072 350 2088 381 ι
2131 329 2335 383 Littera
2359 329 2559 383 occidit
2591 329 2668 381 ‘3‘?
2697 349 2714 379 ι
2743 328 2913 398 Igitur
2937 347 2956 380 ι
2987 327 3268 397 prudentia
3291 331 3459 386 carnis
3479 350 3590 392 utor-5

390 440 562 484 mater
593 447 708 485 mea
741 433 783 486 ⁸.
818 452 836 484 ι
872 431 1071 486 Verum
1096 431 1186 498 qui
1214 444 1282 483 ex
1311 429 1452 482 nulla
1478 429 1580 481 viri
1610 427 1962 494 contagione,

390 523 485 575 sed
507 521 841 592 soloSpiritu
861 534 1050 578 saneto
1073 539 1236 590 super
1262 521 1532 591 Virginem
1564 521 1812 598 veniente
1830 517 1962 588 (82),

389 624 446 666 et
472 613 671 666 virtute
694 614 957 668 Altissimi
986 616 1351 668 obumbrante
1379 613 1528 665 venit
1551 613 1616 663 ad
1645 611 1965 680 corpusim-

390 703 752 770 maculatum,
787 714 1036 758 naturam
1059 705 1276 774 quidem
1301 703 1730 772 corporisnostri
1754 702 1962 766 habuit,

387 795 740 866 pollutionem
779 806 958 851 tamen
998 797 1206 866 peccati
1250 809 1370 864 quae
1404 809 1469 848 ex
1501 795 1964 862 concupiscentiae

388 899 539 942 motu
574 891 854 958 conceptis
879 889 1130 952 traditur,
1161 887 1383 940 omnino
1413 901 1516 938 non
1553 886 1763 940 habuit.
1793 885 1962 938 Idcir-

385 996 450 1032 co
477 994 608 1050 ergo
635 1001 653 1031 ι
687 981 738 1034 in
768 981 1178 1035 similitudinem
1215 980 1396 1033 carnis
1434 979 1644 1046 peccati
1685 996 1704 1030 ι
1749 980 1965 1031 venisse

385 1073 584 1126 dicitur
642 1072 813 1127 Filius
856 1073 973 1128 Dei.
1030 1090 1050 1124 ι
1092 1071 1159 1126 Ει
1223 1088 1320 1141 pro
1371 1083 1622 1140 peccato,
1686 1090 1705 1122 ι
1742 1071 1958 1139 inquit,

391 1179 411 1214 ι
454 1165 729 1216 damnavit
755 1177 1038 1233 peccatum
1085 1165 1135 1216 in
1181 1180 1375 1218 carne.
1423 1183 1441 1215 ι
1477 1163 1630 1230 Quod
1662 1163 1834 1216 liostia
1864 1177 1962 1229 pro

385 1265 623 1322 peccato
642 1257 818 1310 factus
839 1259 909 1309 sit
932 1257 1203 1319 Christus,
1228 1267 1284 1309 et
1311 1255 1530 1309 oblatus
1552 1255 1623 1309 sit
1641 1269 1737 1322 pro
1765 1269 1961 1323 purga-

386 1349 530 1402 tione
559 1358 944 1418 peccatorum,
991 1363 1182 1402 onmes
1225 1348 1522 1416 Scriptura:
1569 1355 1870 1411 testantur,
1906 1356 1962 1400 et

384 1441 650 1510 praecipue
674 1440 872 1493 Paulus
899 1441 963 1493 ad
994 1439 1247 1494 Hebraeos
1273 1441 1541 1504 scribens,
1574 1455 1698 1492 cum
1738 1437 1909 1492 dicit"
1942 1457 1955 1493 :

388 1548 407 1582 ι
443 1532 555 1585 Hoc
593 1532 735 1585 enim
770 1531 894 1585 fecit
921 1531 1087 1586 semel
1110 1572 1124 1595 ,
1163 1532 1514 1600 semetipsum
1543 1530 1820 1584 oﬂerendo
1859 1530 1959 1583 ho-

381 1627 578 1689 stiant;
619 1644 638 1676 ι
679 1635 733 1678 et
756 1627 952 1678 itermn
984 1643 997 1678 :
1033 1642 1051 1674 t
1091 1624 1193 1689 Qui
1229 1625 1450 1692 proprio
1479 1620 1615 1677 Filio
1635 1639 1737 1675 non
1763 1638 1956 1691 peper-

380 1718 475 1779 cit,
516 1717 609 1770 sed
655 1731 752 1784 pro
791 1716 946 1770 nobis
969 1716 1222 1769 omnibus
1256 1716 1482 1769 tradidit
1509 1715 1656 1768 illum
1684 1715 1751 1767 ¹⁰.
1799 1733 1816 1765 ι
1857 1713 1956 1766 νει·

380 1805 520 1859 hanc
554 1820 684 1873 ergo
716 1805 949 1858 hostiam
985 1805 1168 1858 carnis
1202 1819 1345 1865 suae,
1391 1819 1512 1872 quae
1546 1805 1748 1857 dicitttr
1787 1821 1806 1853 ‹
1860 1816 1957 1870 pro

379 1906 604 1964 peccato
636 1895 772 1964 (83'),
815 1914 834 1944 ι
874 1895 1154 1948 damnavit
1179 1905 1460 1964 peceatum
1494 1895 1545 1948 in
1585 1909 1774 1957 carne,
1808 1895 1956 1948 sicut

379 1989 520 2039 idem
550 1986 846 2054 Apostolus
887 1988 939 2040 in
975 1987 1097 2040 aliis
1125 1986 1254 2039 dicit
1285 1987 1352 2052 ιι,
1380 1988 1506 2055 quia
1557 2006 1574 2038 t
1613 1987 1862 2056 apparuit
1902 1986 1954 2040 itt

378 2080 696 2132 novissimis
738 2079 932 2132 diebus
967 2080 1033 2132 ad
1071 2079 1499 2134 destructionem
1545 2080 1752 2148 peccati
1784 2098 1798 2134 :
1847 2099 1865 2130 ι
1901 2089 1957 2134 et

378 2171 571 2223 iterum
601 2171 862 2239 propheta
893 2171 1027 2224 dicit
1060 2188 1073 2223 :
1109 2188 1129 2222 ι
1173 2171 1293 2239 Ipse
1326 2181 1547 2241 peccata
1585 2184 1773 2225 nostra
1807 2170 1952 2236 tulit,

376 2269 431 2314 et
483 2261 802 2328 iniquitates
861 2271 1078 2316 nostras
1114 2265 1353 2330 portavit
1399 2263 1462 2316 ".
1524 2281 1542 2313 ι
1580 2261 1688 2316 Pro
1731 2273 1954 2332 peccato

378 2368 530 2422 ergo,
555 2353 660 2407 hoc
701 2364 785 2407 est
818 2370 914 2424 per
949 2356 1181 2410 hostiam
1211 2355 1397 2409 carnis
1420 2371 1530 2408 sua:
1562 2371 1726 2424 quam
1755 2355 1956 2408 obtulit

376 2459 474 2512 pro
502 2455 744 2512 peccato,
784 2462 803 2495 ι
851 2448 1130 2500 damnavit
1180 2459 1462 2514 peccatum
1515 2446 1568 2500 in
1615 2460 1781 2500 carne
1819 2461 1951 2511 sua,

377 2546 436 2589 ut
459 2537 776 2604 justiﬁcatio
803 2538 938 2606 legis
972 2541 1286 2608 impleretur
1312 2541 1362 2592 in
1401 2539 1578 2602 nobis,
1606 2538 1699 2607 qui
1739 2555 1841 2593 non
1869 2555 1956 2593 se-

375 2631 610 2683 cundum
651 2645 871 2685 carnem
914 2632 1252 2686 ambulamus
1275 2674 1290 2696 ,
1324 2633 1418 2686 sed
1449 2633 1750 2686 secundum
1789 2633 1954 2702 spiri-

376 2730 511 2775 tum.
551 2740 569 2773 ι
605 2720 713 2775 Per
753 2724 896 2776 hanc
931 2723 1042 2794 (84)
1075 2725 1278 2778 etenim
1313 2724 1548 2778 hostiam
1590 2724 1799 2788 carnis,
1837 2739 1956 2792 qua!

374 2813 554 2867 oblata
582 2824 664 2867 est
691 2829 791 2882 pro
825 2825 1074 2881 peccato,
1111 2827 1166 2869 et
1199 2815 1480 2869 damnavit
1503 2825 1817 2883 peccatum,
1853 2815 1955 2870 hoc

372 2915 457 2959 est
535 2905 738 2974 fugavit
767 2917 1068 2976 peccatum,
1103 2916 1156 2959 et
1178 2907 1417 2970 abstulit,
1444 2916 1495 2959 ul
1520 2906 1837 2975 justiﬁcatio
1876 2907 1956 2961 le-

2069 433 2173 476 est.
2217 441 2234 473 ι
2286 422 2382 474 Cui
2440 437 2584 473 mors
2616 431 2701 474 est
2740 421 2850 489 (88)
2878 421 3128 476 ?Auimze
3177 424 3292 476 sine
3329 423 3494 479 dubio.
3513 427 3589 492 Qui

2068 513 2210 565 enim
2240 511 2407 580 legem
2439 513 2733 564 secundum
2759 526 3000 576 carnem,
3032 513 3084 566 id
3127 524 3210 567 est
3237 518 3504 570 secundum
3525 520 3590 573 lit-

2072 612 2266 665 teram,
2308 604 2636 656 intellexerit
2661 643 2675 666 ,
2709 618 2813 656 non
2853 607 3001 658 venit
3027 606 3092 658 ad
3124 604 3394 660 Christum
3427 610 3503 678 qui
3527 618 3587 667 est

2069 695 2200 759 vita,
2229 705 2284 748 et
2304 696 2424 748 ideo
2446 715 2462 746 ι
2505 698 2785 760 prudentia
2810 699 3012 761 carnis,
3043 713 3191 752 mors
3225 710 3306 752 est
3343 719 3356 755 :
3394 708 3588 769 pruden-

2070 787 2139 839 tia
2169 802 2299 841 vero
2329 790 2584 856 spiritus,
2617 790 2725 842 vita
2775 802 2828 844 et
2864 805 2988 856 pax.
3029 809 3046 842 ι
3099 791 3276 845 Vitam
3321 808 3526 863 namque
3547 807 3589 852 et

2067 893 2279 946 pacem,
2322 897 2440 948 qum
2469 891 2552 934 est
2587 881 2836 936 Christus
2870 884 3004 952 (89),
3039 884 3205 938 hahet
3240 887 3331 954 qui
3372 889 3587 956 spiritali-

2068 979 2150 1024 ter
2184 971 2435 1038 intelligit
2457 973 2648 1039 legem.
2690 991 2707 1022 ι
2744 975 3008 1039 Quoniam
3033 976 3300 1044 sapientia
3321 982 3488 1032 carnis
3515 983 3591 1035 ini-

2067 1061 2207 1115 mica
2230 1073 2312 1116 est
2340 1064 2448 1117 Deo
2483 1082 2495 1117 :
2528 1065 2630 1134 legi
2660 1066 2803 1117 enim
2835 1066 2924 1119 Dei
2963 1082 3068 1120 non
3103 1080 3187 1122 est
3221 1069 3459 1138 subjecta
3482 1089 3494 1127 :
3519 1089 3592 1130 nec

2063 1153 2207 1205 enim
2236 1163 2430 1220 potest.
2451 1175 2470 1206 ι
2497 1155 2718 1209 Videtur
2738 1159 2915 1213 adhuc
2936 1159 3075 1212 idetn
3103 1161 3405 1216 intellectus
3433 1165 3592 1220 evolvi.

2064 1246 2342 1311 Quomodo
2379 1249 2522 1301 cnim
2569 1251 2830 1314 sapientia
2868 1253 3077 1314 carnis,
3125 1254 3226 1308 hoc
3252 1266 3334 1307 est
3400 1256 3593 1312 carnalis

2066 1337 2442 1405 intelligentia,
2481 1355 2584 1391 non
2623 1339 2696 1394 sit
2733 1340 2950 1393 inimica
2985 1343 3112 1404 Deo,
3158 1360 3280 1412 quae
3318 1346 3593 1400 adversatur

2061 1432 2315 1497 Christo;
2346 1449 2466 1502 qua:
2507 1450 2616 1488 non
2668 1435 2863 1503 recipit
2903 1450 3027 1488 eum
3069 1451 3228 1505 quem
3279 1440 3422 1493 misit
3451 1441 3590 1506 Deus;

2061 1539 2182 1592 quae
2211 1526 2378 1578 dicit:
2417 1543 2436 1576 ‹
2476 1527 2582 1582 Nos
2612 1529 2780 1599 legem
2819 1533 3102 1594 habemus,
3137 1543 3191 1584 et
3218 1534 3505 1586 secundum
3533 1534 3591 1588 le-

2062 1631 2181 1684 gem
2211 1617 2372 1670 debet
2399 1619 2557 1683 mori,
2587 1622 2712 1687 quia
2731 1621 2924 1676 Filium
2952 1623 3044 1678 Dei
3078 1640 3136 1678 se
3161 1624 3292 1678 fecit
3325 1625 3413 1678 “i
3442 1644 3458 1677 ι
3482 1625 3591 1691 Quo-

2060 1709 2218 1761 modo
2248 1724 2376 1778 ergo
2406 1713 2522 1764 htec
2561 1711 2684 1766 talis
2726 1715 3013 1783 sapientia,
3046 1725 3101 1768 et
3131 1715 3258 1769 talis
3288 1715 3590 1784 intelligentia

2059 1801 2110 1854 iii
2150 1801 2263 1870 lege
2304 1801 2414 1855 Deo
2458 1819 2563 1855 non
2607 1805 2824 1858 dicatur
2869 1806 3113 1872 inimica,
3154 1817 3210 1862 et
3255 1809 3359 1876 legi
3385 1807 3592 1876 ejus?Ei

2062 1891 2272 1946 scilicet
2291 1909 2413 1961 qua:
2434 1897 2728 1948 secundum
2748 1897 2999 1964 spiritum
3014 1909 3117 1962 est,
3139 1915 3245 1954 non
3274 1911 3354 1954 est
3370 1899 3590 1968 subjecta,

2057 1995 2159 2035 nec
2208 1994 2390 2052 potest
2440 1984 2637 2053 subjici
2666 2004 2679 2040 :
2713 1987 2840 2054 quia
2883 1985 3026 2040 sicut
3065 1987 3178 2057 (90)
3218 1989 3486 2040 contraria
3514 1987 3591 2040 sibi

2058 2082 2185 2128 sunt
2216 2089 2365 2130 mors
2390 2088 2446 2131 et
2489 2078 2621 2140 vita,
2661 2077 2732 2130 ita
2761 2077 3037 2131 contraria
3073 2090 3198 2132 sunt
3219 2079 3324 2133 sibi
3356 2079 3516 2132 littera
3535 2078 3591 2132 le-

2057 2167 2145 2237 gis
2179 2169 2436 2224 occidens
2475 2170 2588 2241 (9i)
2644 2185 2764 2238 quae
2807 2180 2862 2224 et
2902 2171 3165 2239 sapientia
3209 2172 3394 2225 carnis
3429 2181 3528 2234 est,
3553 2181 3592 2225 et

2056 2259 2279 2328 spiritus
2311 2261 2594 2316 viviﬁcaris
2622 2263 2716 2330 qui
2749 2275 2877 2316 vere
2904 2262 2990 2316 lex
3018 2263 3109 2317 Dei
3137 2273 3245 2316 est.
3285 2282 3303 2314 ι
3333 2263 3426 2329 Qui
3449 2276 3588 2315 autem

2057 2349 2112 2404 in
2137 2365 2298 2406 carne
2321 2363 2471 2416 sunt,
2492 2353 2602 2406 Deo
2633 2352 2852 2422 placere
2887 2368 2992 2406 non
3027 2363 3277 2421 possunt.
3312 2355 3414 2408 Vos
3443 2364 3588 2406 autem

2057 2443 2112 2497 in
2134 2457 2299 2498 carne
2326 2446 2622 2509 non'estis,
2667 2447 2764 2500 sed
2801 2446 2853 2498 in
2890 2445 3054 2515 590
3098 2446 3295 2514 spiritu
3336 2447 3418 2500 :si
3443 2455 3586 2498 tamen

2059 2539 2295 2608 Spiritus
2335 2540 2426 2595 Dei
2456 2539 2664 2594 habitat
2684 2541 2738 2595 in
2768 2542 2940 2596 vobis.
2972 2560 2992 2593 ι
3019 2541 3218 2596 Eadem
3251 2541 3496 2610 perdurat
3526 2543 3589 2591 in-

2059 2633 2374 2701 telligentia.
2407 2650 2426 2682 (
2465 2633 2565 2699 Qui
2600 2634 2653 2686 in
2684 2648 2854 2686 carne
2883 2643 3036 2697 sunt,
3071 2651 3091 2684 ›
3141 2635 3362 2702 inquit,
3389 2633 3483 2687 hoc
3511 2643 3590 2694 est.

2057 2724 2149 2792 qui
2201 2726 2496 2779 secundum
2552 2725 2786 2779 litteram
2836 2737 3142 2794 sequuntur
3187 2727 3406 2797 legem,
3455 2745 3474 2778 ς
3505 2727 3589 2780 Deo

2056 2816 2274 2884 placere
2295 2832 2398 2869 non
2421 2826 2666 2885 possunt.
2706 2836 2726 2869 ι
2757 2816 2870 2872 Hoc
2898 2819 3049 2872 enim
3079 2829 3134 2873 et
3158 2818 3295 2872 olim
3325 2818 3587 2890 perlsaiam

2057 2910 2463 2978 pronuntiatum
2491 2913 2904 2975 estaDco,cum
2937 2911 3071 2965 dicit
3095 2929 3108 2965 :
3140 2930 3159 2962 ε
3204 2910 3439 2980 Jejuuia,
3459 2922 3508 2966 et
3529 2910 3588 2964 {eo

374 2997 456 3066 gis
480 2997 794 3066 impleretur
817 2998 869 3049 in
894 2997 1050 3052 nobis
1071 2999 1164 3066 qui
1186 2997 1355 3066 legem
1381 2998 1678 3051 secundum
1704 2998 1952 3067 spiritum
1981 3023 2024 3080 ε
2060 2999 2408 3065 rias,etdiem
2439 3016 2695 3068 magnum
2722 3011 2966 3056 vestrum
2992 3018 3097 3057 non
3118 3006 3396 3059 sustineo:
3419 3018 3591 3058 neome-

373 3090 734 3151 custodimus,
753 3098 807 3141 et
839 3104 942 3140 non
963 3092 1260 3142 secundum
1280 3105 1501 3144 carnem
1529 3109 1542 3146 :
1570 3092 1622 3144 in
1650 3107 1752 3161 qua
1777 3104 1950 3163 parte,

375 3184 674 3235 secundum
710 3197 772 3235 ea
805 3198 922 3250 quae
960 3197 1124 3249 supra
1165 3185 1549 3250 expoauimus,
1605 3185 1954 3253 impossibilis

373 3283 492 3325 crat
537 3274 620 3326 lex
667 3284 722 3327 et
763 3274 1004 3326 iniit-ma.
1041 3292 1060 3324 ι
1093 3274 1193 3340 Qui
1225 3277 1369 3327 enim
1403 3279 1702 3330 secundum
1731 3291 1949 3330 carnem

374 3373 520 3429 sunt,
548 3381 668 3434 qua:
695 3367 876 3420 carnis
917 3379 1042 3419 sunt
1073 3368 1293 3434 sapiunt
1330 3383 1345 3421 :
1375 3368 1466 3436 qui
1492 3383 1622 3421 vero
1655 3370 1948 3422 secundum

376 3460 649 3526 spiritum,
692 3474 811 3527 qua:
867 3469 994 3511 sunt
1039 3460 1283 3528 spiritus.
1332 3478 1350 3510 ι
1409 3459 1508 3514 Hic
1551 3461 1660 3530 jam
1709 3462 1951 3529 apertius

373 3552 522 3619 quasi
559 3551 669 3620 (85)
710 3553 852 3605 inter
893 3565 992 3604 nos
1035 3560 1089 3604 et
1135 3548 1353 3605 .ludzeos
1391 3554 1442 3605 in
1492 3553 1670 3605 medio
1705 3565 1949 3607 statuens

374 3643 544 3710 legem
574 3642 746 3711 Moysi
797 3641 952 3703 dicit,
1005 3658 1023 3691 t
1067 3640 1168 3707 Qui
1211 3643 1512 3696 secundum
1547 3657 1767 3695 carnem
1797 3653 1949 3707 sunt,

371 3753 491 3805 quae
508 3737 688 3790 carnis
715 3747 839 3789 sunt
872 3738 1111 3805 sapiunt,
1149 3753 1168 3786 ι
1207 3737 1308 3789 hoc
1334 3745 1439 3800 est,
1461 3733 1655 3798 Judazi,
1689 3749 1826 3802 quos
1857 3734 1945 3787 di-

373 3831 446 3882 cit
474 3829 772 3883 secundum
806 3844 1029 3882 carnem
1058 3827 1248 3887 Israel.
1294 3843 1416 3897 quae
1447 3825 1561 3897 (86)
1599 3827 1782 3880 carnis
1816 3825 1948 3896 legis

374 3931 505 3974 sunt
547 3921 781 3990 sapiunt,
812 3921 864 3973 in
896 3937 961 3973 co
1003 3921 1145 3990 quod
1175 3922 1472 3974 secundum
1519 3934 1736 3972 carnem
1773 3919 1946 3988 legem

375 4011 681 4081 intelligunt
717 4029 732 4064 :
764 4030 782 4062 t
817 4013 905 4079 qui
943 4026 1071 4064 vero
1107 4011 1406 4065 secundum
1453 4011 1701 4078 spiritum
1739 4009 1827 4079 (de
1863 4010 1945 4062 his

371 4104 560 4156 dicens
592 4119 726 4172 quos
745 4101 966 4156 Judteos
991 4103 1124 4154 dicit
1152 4105 1366 4170 spiritu,
1392 4118 1499 4156 non
1529 4103 1753 4171 littera),
1776 4119 1795 4151 ι
1828 4115 1947 4168 quae

371 4205 498 4248 sunt
535 4196 758 4264 spiritus
792 4193 928 4264 (87).
969 4214 987 4246 ι
1023 4195 1086 4248 Ει
1119 4197 1298 4248 adhuc
1347 4196 1512 4249 satiat
1538 4195 1786 4248 eumdem
1820 4208 1946 4248 scn-

371 4303 514 4351 sum,
540 4299 594 4340 et
633 4287 810 4356 aperit
845 4286 1189 4352 evidentius,
1233 4303 1354 4340 cum
1393 4287 1565 4340 dicit:
1595 4305 1611 4336 ι
1647 4283 1940 4338 Prudentia

2058 3090 2178 3144 nias
2197 3100 2252 3143 et
2281 3091 2513 3146 Sabbata
2543 3101 2724 3146 vestra
2758 3093 2876 3147 odit
2916 3094 3098 3148 anima
3126 3110 3248 3149 mea
3289 3097 3354 3150 ιδ.
3391 3115 3408 3148 ι
3439 3096 3528 3150 Sed
3550 3105 3591 3148 et

2067 3200 2084 3234 I
2099 3198 2210 3249 vos,
2235 3202 2253 3233 ι
2277 3181 2475 3251 inquit,
2494 3183 2547 3236 in
2565 3185 2762 3253 quibus
2783 3184 3019 3252 Spiritus
3037 3185 3126 3239 Dei
3141 3185 3374 3249 habitat,
3389 3187 3430 3241 si
3444 3196 3590 3240 tamen

2056 3273 2266 3328 habitat
2299 3275 2434 3346 (92),
2475 3293 2494 3326 t
2529 3277 2581 3328 in
2605 3290 2773 3331 carne
2800 3291 2907 3332 non
2933 3279 3088 3344 estis,
3114 3278 3207 3334 sed
3241 3279 3299 3333 in
3332 3281 3539 3348 spiritu,
3573 3295 3588 3329 ι

2055 3366 2157 3419 hoc
2193 3375 2278 3420 est
2302 3409 2317 3431 ,
2345 3381 2450 3419 non
2497 3367 2912 3436 intelligentiam
2955 3370 3231 3425 carnalem
3272 3371 3406 3440 legis
3441 3371 3592 3438 sequi-

2053 3455 2209 3521 mini,
2233 3459 2325 3512 sed
2347 3457 2670 3528 spiritalem,
2695 3475 2793 3528 per
2821 3475 2982 3530 quam
3005 3463 3240 3516 venistis
3274 3465 3340 3518 ad
3367 3462 3587 3532 Spiritum

2052 3550 2435 3614 viviﬁcantem,
2466 3551 2509 3604 si
2542 3561 2720 3606 tamen
2741 3561 2898 3607 actus
2924 3555 3089 3608 vestri
3117 3555 3258 3609 tales
3290 3556 3398 3610 sint
3421 3564 3470 3609 et
3485 3571 3586 3610 conv

2051 3641 2310 3706 versatio,
2358 3653 2415 3696 ut
2459 3641 2724 3710 Spiritum
2763 3643 2856 3697 Dei
2895 3645 2947 3698 iu
2989 3645 3144 3698 vobis
3175 3645 3380 3702 habere
3409 3661 3580 3700 nterea-

2051 3732 2211 3786 mini.
2247 3731 2301 3786 In
2333 3733 2466 3788 duas
2488 3749 2642 3803 ergo,
2675 3743 2733 3788 ut
2766 3735 3028 3802 diximus,
3053 3745 3239 3805 partes
3267 3738 3506 3792 dividens
3526 3737 3586 3789 Ie-

2048 3842 2168 3894 gem
2195 3824 2388 3896 Moysi.
2412 3827 2464 3880 id
2493 3835 2602 3892 est,
2627 3827 2680 3881 itt
2707 3827 2982 3898 spiritum,
3013 3839 3068 3884 et
3090 3845 3336 3894 carnem,
3359 3847 3472 3900 quae
3486 3838 3587 3884 sunt

2048 3917 2292 3985 spiritus,
2321 3925 2555 3985 quamet
2585 3917 2886 3986 spiritalem
2916 3919 3090 3989 legem
3127 3920 3437 3990 appellavit,
3463 3920 3589 3973 nobis

2049 4009 2271 4063 tradidit
2305 4027 2317 4062 :
2347 4026 2466 4078 qua:
2497 4025 2628 4062 vero
2665 4013 2848 4066 eat-nis
2881 4023 3040 4076 sunt,
3073 4014 3383 4068 carnalibus
3418 4013 3586 4066 .Ittdaeis

2047 4102 2283 4170 reliquit.
2331 4101 2424 4156 Sic
2468 4104 2701 4169 denique
2741 4115 2796 4155 et
2839 4105 2966 4157 illud
3006 4104 3393 4172 interpretatus
3427 4114 3501 4158 est
3535 4103 3587 4154 de

2044 4194 2316 4249 Abraham
2367 4211 2489 4249 cum
2531 4196 2713 4250 dixit:
2756 4214 2775 4247 ε
2829 4197 2937 4250 Sed
2979 4196 3025 4250 is
3056 4197 3278 4265 quidem
3310 4196 3399 4265 qui
3424 4197 3484 4250 de
3509 4211 3585 4248 au-

2044 4286 2190 4350 cilla,
2226 4285 2524 4339 secundum
2569 4304 2791 4341 carnem
2836 4296 2994 4342 natus
3035 4297 3162 4340 est:
3199 4291 3296 4357 qui
3337 4299 3503 4342 autem
3533 4300 3584 4338 ex

369 4379 513 4432 enim
545 4378 762 4442 carnis,
797 4394 941 4432 mors
965 4387 1048 4432 est
1084 4392 1100 4430 :
1137 4378 1421 4446 prudentia
1454 4387 1632 4430 autem
1678 4377 1902 4446 spiritus
1923 4417 1938 4439 ,
1973 4365 2016 4419 Ι)
2053 4377 2245 4439 libera,
2273 4392 2368 4445 per
2395 4379 2893 4446 repromissionem.
2924 4380 2990 4432 Et
3027 4381 3168 4433 sicut
3195 4392 3323 4434 tunc
3347 4380 3392 4434 is
3418 4380 3500 4448 qui
3525 4393 3587 4429 se-

369 4469 479 4521 vita
514 4477 568 4521 et
605 4484 726 4538 pax.
768 4486 788 4521 ι
827 4467 1082 4537 Nunquid
1127 4483 1234 4522 non
1272 4483 1435 4520 unum
1481 4476 1646 4534 atque
1686 4467 1826 4520 idem
1857 4475 1943 4520 est

369 4559 511 4630 quod
541 4562 696 4624 dicit,
732 4578 750 4613 ι
799 4561 1094 4615 Prudentia
1123 4558 1305 4614 carnis
1333 4573 1478 4613 mors
1501 4569 1603 4623 est,
1639 4576 1658 4611 ι
1696 4567 1751 4612 et
1772 4557 1937 4611 illud:

916 4724 936 4755 ο
965 4722 1126 4777 llehr.
1164 4738 1261 4784 vn,
1290 4722 1379 4777 27.

912 4795 954 4825 ¹⁸
984 4797 1104 4848 lsai.
1138 4810 1176 4860 ι,
1211 4795 1297 4852 i5,
1336 4793 1421 4846 14.

436 4723 459 4756 ⁸
499 4723 636 4778 Psal.
674 4739 724 4785 ι,
761 4724 811 4779 7.

367 4794 416 4829 “
438 4794 596 4851 Joau.
634 4811 748 4860 XIX,
779 4795 830 4850 7.

441 4936 555 5008 (8‘2)
590 4936 686 4991 Ms.
731 4951 891 5001 unus,
930 4953 948 4987 t
983 4950 1144 5004 super
1183 4934 1446 5004 virginem
1475 4933 1862 4988 descendente.
1914 4951 1932 4982 ι

439 5009 552 5080 (85)
583 5009 746 5074 Editi,
778 5026 797 5058 ι
835 5021 988 5080 ξιξψιθ
1017 5010 1236 5072 dicitur,
1273 5020 1368 5075 pro
1391 5017 1636 5074 peccato,
1673 5021 1692 5056 ι
1722 5012 1833 5059 etc.

443 5073 555 5150 (84)
594 5073 755 5150 Editi,
788 5095 819 5150 ί(
860 5073 1172 5131 Pusthane.
1215 5095 1233 5127 ι

443 5147 556 5218 (85)
588 5151 640 5202 lu
671 5149 833 5203 editis
864 5151 1015 5201 deest
1052 5163 1070 5196 ι
1107 5147 1283 5216 quasi.
1327 5164 1346 5197 ι

581 5220 750 5285 Alias,
788 5238 806 5269 ι
836 5219 958 5287 quia
991 5213 1140 5292 quae;
1163 5237 1180 5268 ι
1210 5228 1318 5270 etc.
1349 5215 1443 5292 ab,
1475 5233 1494 5264 ι
1524 5213 1613 5292 qui
1639 5227 1701 5268 ea
1731 5226 1876 5292 qum,
1921 5229 1942 5263 ι

371 5283 477 5346 etc.
511 5292 616 5346 Sed
645 5283 872 5358 utraque
911 5283 1021 5342 vox“
1052 5289 1200 5341 deest
1227 5292 1280 5340 in
1305 5286 1470 5341 editis
1495 5283 1549 5340 et
1580 5286 1632 5338 in
1669 5299 1800 5338 mss.
1828 5283 1942 5354 ple-

370 5379 572 5416 I'ISIIIIC.

441 5379 766 5501 igijoAlias,
814 5448 832 5481 t
873 5445 995 5498 qua:
1048 5438 1174 5482 sunt
1213 5425 1438 5495 Spiritus
1487 5426 1753 5501 sapiunt;
1783 5441 1804 5477 ι
1843 5421 1938 5487 aL,

374 5519 394 5552 t
437 5495 697 5555 sentiunt.
741 5495 759 5552 ό
792 5501 854 5554 Ει
882 5495 1040 5570 paulo
1072 5511 1196 5569 po..t
1230 5516 1331 5553 ms.
1366 5513 1504 5551 unus
1547 5508 1599 5551 ct
1624 5495 1791 5564 editi,
1819 5510 1842 5549 ι
1883 5505 1940 5548 et

369 5573 511 5638 sapit
541 5571 864 5626 evidentius.
899 5590 918 5622 ι

447 5637 552 5710 {36)
580 5643 749 5707 Alias,
779 5661 797 5694 t
836 5641 998 5712 Cujus
1028 5655 1170 5695 mors
1203 5639 1320 5694 est?
1361 5657 1379 5689 ι

1474 4723 1516 4753 ¹⁰
1545 4721 1701 4773 “om.
1744 4732 1863 4781 VIII,
1894 4718 1984 4773 52.

1501 4793 1544 4823 ¹⁶
1571 4792 1747 4845 Galat.
1779 4806 1852 4857 tv,
1885 4789 1973 4842 “25.

2045 4470 2278 4524 cundum
2299 4483 2521 4524 carnem
2560 4483 2720 4526 natus
2747 4482 2865 4537 est,
2899 4474 3333 4541 persequebatur
3358 4486 3472 4525 eum
3507 4467 3580 4534 qui

2048 4562 2342 4617 secundum
2388 4563 2669 4633 spiritum;
2699 4565 2787 4656 .ita
2821 4575 2876 4618 et
2916 4579 3061 4618 nunc
3101 4564 3165 4617 ¹⁶.
3214 4582 3235 4615 ι
3285 4563 3494 4618 Certum
3522 4569 3586 4612 est

3118 4718 3162 4750 ¹³
3190 4719 3230 4772 ΙΙ
3264 4718 3393 4773 Cor.
3431 4730 3507 4778 tu,
3541 4711 3583 4766 6.

2063 4720 2103 4749 “
2133 4719 2293 4773 llebr.
2331 4733 2407 4778 ix,
2437 4717 2528 4772 26.
2609 4718 2649 4749 “
2692 4717 2814 4773 lsai.
2845 4733 2962 4785 LIII,
2987 4717 3041 4771 4.

2112 4929 2226 5003 (89)
2261 4928 2433 4994 Alias,
2475 4947 2494 4980 ‹
2531 4929 2672 4997 quod
2701 4937 2788 4982 est
2812 4927 3088 5003 Christus.
3126 4947 3184 5003 »_
3208 4999 3241 5003 __
3275 4997 3286 5003 _
3543 4992 3552 5003 _

2112 4997 2225 5074 (90)
2279 5003 2370 5056 Sic
2414 5013 2692 5074 mslunus
2732 4999 3097 5074 etltabanus.
3148 4997 3287 5051 ιζ(Ιίιί
3320 5009 3461 5074 vero,
3487 4997 3582 5074 tu

2041 5062 2161 5142 lege
2206 5062 2296 5126 Dei
2343 5085 2449 5142 non
2483 5069 2946 5142 dicatur-inimica
2990 5062 3101 5122 Deo
3142 5080 3195 5122 et
3231 5071 3332 5142 tegi
3380 5062 3581 5133 cjus?Ei

2043 5139 2163 5213 quae
2187 5141 2487 5213 secundum
2520 5141 2771 5213 spiritum
2811 5139 2930 5208 ejus
2965 5155 3071 5192 non
3099 5149 3182 5213 est
3205 5140 3462 5213 subjecta,
3487 5149 3577 5213 uec

2049 5204 2233 5282 posset
2268 5211 2479 5273 subiici,
2525 5204 2652 5279 quia
2688 5204 2853 5282 sicut,
2903 5228 2923 5262 ι
2966 5219 3072 5282 etc.
3100 5209 3226 5282 Mss.
3255 5204 3582 5282 dtio,tin__lege

2050 5273 2143 5337 Dei
2174 5298 2279 5336 non
2314 5281 2522 5335 dicatur
2545 5273 2768 5335 inimica
2797 5273 2904 5335 Deo
2943 5291 2998 5334 et
3030 5280 3132 5349 legi
3155 5281 3293 5348 ejus,
3325 5282 3370 5332 ei
3403 5273 3581 5328 scilicet

2049 5367 2171 5421 qua:
2192 5351 2487 5406 secundum
2513 5353 2763 5420 Spiritum
2788 5362 2872 5406 est
2903 5367 3007 5404 non
3039 5366 3160 5406 esse
3195 5350 3433 5419 subjecta
3454 5383 3470 5408 ,
3499 5354 3580 5394 nec

2048 5438 2220 5494 posse
2236 5422 2576 5494 subjici,quia
2606 5423 2774 5494 sicut,
2804 5440 2822 5473 ι
2861 5431 2964 5494 etc.

2120 5490 2230 5566 (9i)
2264 5487 2417 5562 Legi:
2446 5487 2709 5566 occidens.
2736 5492 2860 5546 Ha-c
2888 5490 3163 5566 desuntiu
3191 5487 3387 5566 editis.

2118 5562 2231 5632 (9‘2)
2263 5566 2431 5630 Alias,
2463 5581 2480 5615 t
2519 5565 2570 5616 in
2605 5564 2798 5632 quibus
2827 5563 3033 5616 habitat
3064 5562 3318 5632 Spiritus,
3344 5562 3390 5614 si
3418 5564 3575 5613 tante:-

2045 5633 2272 5691 habitat.
2310 5653 2334 5690 ι
