3692 6138
111 201 250 260 1097
1067 213 1421 271 COMMENT.
1454 216 1522 271 IN
1557 217 1569 272 l

1941 221 2112 282 ROM.
2153 226 2282 282 LIB.
2326 227 2411 286 Vl.
3231 239 3368 300 1098

108 319 254 376 enim
285 321 423 392 quia
451 323 528 378 illi
557 324 671 398 (95)
713 327 804 398 qui
841 331 1138 386 secundum
1177 347 1396 390 carnem
1442 334 1690 390 suntJn-
1723 342 1767 398 Α
1799 338 1886 394 hic
1929 354 2036 396 non
2073 353 2158 399 est
2198 343 2336 412 ejus.
2380 345 2436 402 Si
2473 357 2654 403 autem
2705 349 2956 408 Christus
2979 353 3033 408 in
3067 356 3220 411 vobis
3259 370 3364 422 esi,

106 411 229 477 dati,
261 427 803 486 persequuntnrnos
835 423 926 491 qui
955 436 1146 480 sumus
1174 440 1284 480 non
1308 427 1361 480 in
1382 427 1691 493 manifesto,
1797 446 1994 502 corpus
2032 411 2250 504 quidem
2310 449 2584 498 mortuum
2631 455 2717 500 est
2772 458 2991 517 propter
3043 459 3364 517 peccatum,

107 506 200 561 sed
229 506 284 561 in
326 510 554 564 occulto
581 510 778 576 Judmi,
803 523 859 568 et
891 513 1062 586 legem
1092 518 1390 572 secundum
1417 518 1689 587 spiritum,
1795 521 2021 586 spiritus
2048 539 2179 582 vero
2209 527 2318 582 vita
2347 529 2427 599 (2)
2459 544 2680 602 propter
2708 506 3179 605 justilicationetn.
3207 506 3362 606 Quod

106 612 210 650 non
241 601 556 656 secundum
579 617 799 659 carnem
830 606 1187 662 custodimus.
1222 608 1300 663 llli
1326 625 1456 680 ergo
1484 610 1578 680 qui
1605 627 1692 666 se-
1791 611 1836 664 si
1870 610 2110 682 Spiritus
2141 617 2258 684 ejus
2283 619 2374 688 qui
2410 601 2915 680 snscitavit'Jesum
2952 642 2980 680 a
3015 601 3251 684 mortuis
3265 629 3364 684 ha-

105 693 340 747 cundum
371 707 596 750 carnem
629 697 870 768 sapiunt,
899 709 1296 771 consequenter
1316 703 1478 758 etiam
1503 719 1688 774 repro-
1791 703 1930 758 bitat
1972 707 2025 761 in
2074 709 2258 774 Vobis;
2307 711 2400 780 qui
2445 713 2734 770 suscitavit
2773 716 2954 773 Jesum
3006 719 3284 777 Christum
3326 738 3359 778 a

104 787 396 844 missiones
447 790 585 861 legis
623 793 922 848 carnaliter
977 807 1222 865 sperant.
1275 796 1386 852 Nos
1419 812 1548 852 vero
1594 813 1688 853 cas
1791 800 2671 861 mortuisvivilicabitetmortalia
2693 819 2873 864 vestra
2893 827 3119 881 corpora
3139 823 3358 885 propter

103 879 430 948 spiritaliter
461 895 843 953 exspectamus
868 888 1169 941 secundum
1200 902 1509 944 sermonem
1529 889 1684 945 Pauli
1788 892 2180 948 inhabitantem
2230 895 2497 966 Spiritum
2544 901 2660 971 ejus
2703 900 2756 956 in
2806 903 2960 959 vobis
2992 879 3068 960 -¹⁹.
3125 924 3145 958 ι
3199 907 3354 975 Quod

102 974 332 1029 dicentis
385 993 398 1027 :
437 995 459 1027 ι
509 976 579 1034 Ut
629 979 1087 1049 repromissiones
1143 980 1381 1049 Spiritus
1441 984 1681 1054 accipia-
1783 984 2164 1040 constantibus
2189 997 2245 1041 et
2285 987 2572 1044 dialectica
2603 1004 2721 1048 arte
2751 994 2993 1051 collectis
3028 1008 3209 1053 utatur
3241 1001 3347 1071 syl-

102 1082 219 1122 mns
251 1068 331 1132 ιτς
377 1087 398 1121 ι
454 1081 509 1125 ει
548 1070 746 1125 iterum
777 1090 791 1126 ε
828 1089 848 1124 ι
888 1071 1213 1128 Benedictus
1257 1075 1401 1130 Deus
1432 1085 1488 1130 et
1524 1076 1683 1132 Pater
1783 1071 2026 1142 logisntis
2059 1077 2340 1145 apostolus
2370 1079 2574 1138 Paulus
2618 1085 2698 1138 vel
2735 1085 2788 1140 in
2830 1087 2932 1141 hoc
2978 1088 3135 1154 loco,
3171 1068 3351 1148 vel'iu

103 1159 314 1214 Domini
370 1162 548 1215 nostri
597 1161 723 1216 .lesu
754 1162 996 1227 Christi,
1031 1165 1122 1234 qui
1169 1166 1449 1221 benedixit
1489 1182 1590 1222 nos
1625 1167 1678 1221 in
1781 1164 1904 1220 aliis
1931 1165 2186 1235 Epistolis
2214 1171 2349 1237 suis,
2388 1188 2493 1227 non
2526 1175 2655 1230 mihi
2683 1193 2826 1233 nunc
2858 1177 2936 1250 (5)
2968 1184 3347 1250 exponendum

100 1251 239 1305 omni
272 1253 664 1308 benedictione
713 1255 941 1322 spiritali
975 1255 1026 1309 in
1071 1256 1390 1312 caelestibus
1427 1259 1480 1312 in
1516 1257 1678 1314 Chri~
1781 1256 2015 1321 videtur,
2043 1275 2110 1315 ne
2151 1261 2290 1319 forte
2321 1280 2428 1320 non
2470 1276 2578 1324 tam
2613 1270 2856 1326 scientia:
2886 1271 2962 1344 (4)
2991 1278 3146 1343 eius.
3181 1292 3346 1346 quam

99 1355 180 1398 sto
209 1343 281 1396 ’⁸.
307 1363 326 1396 ι
358 1344 442 1398 Ex
471 1346 673 1415 quibus
705 1347 958 1402 omnibus
996 1359 1051 1401 et
1075 1363 1198 1416 qua:
1229 1349 1304 1404 sit
1351 1350 1437 1405 lex
1475 1365 1675 1406 secun-
1778 1351 2043 1407 sermonis
2071 1352 2124 1406 in
2154 1368 2261 1422 quo
2293 1371 2398 1412 non
2427 1359 2539 1415 vult
2569 1375 2628 1415 se
2653 1362 2886 1429 peritum
2923 1343 3029 1420 dici
3053 1367 3124 1432 '°,
3162 1383 3345 1424 asser-

99 1436 218 1489 dum
253 1450 504 1500 carnem,
547 1447 598 1490 et
636 1452 758 1506 quae
787 1438 1085 1493 secundum
1115 1440 1396 1511 spiritum,
1426 1443 1510 1497 vel
1555 1459 1674 1514 ψιεθ
1778 1446 1924 1493 tores
1951 1441 2235 1497 videamur
2261 1459 2423 1501 esse:
2451 1458 2506 1503 et
2550 1448 2670 1503 ideo
2701 1453 2963 1522 propositi
2989 1456 3161 1526 magis
3193 1459 3345 1528 capi-

98 1539 214 1593 spes
246 1526 694 1594 repromissionis
721 1528 981 1593 carnalis,
998 1529 1081 1582 vel
1115 1545 1236 1598 quae
1263 1531 1530 1600 Spiritalis
1557 1533 1669 1603 (94)
1781 1529 1876 1583 tuli
1901 1545 2118 1586 sensum
2145 1534 2416 1595 discutere
2429 1542 2866 1610 properabimus.
2887 1544 2942 1603 In
2964 1526 3346 1614 superioribus

98 1616 415 1671 Ostenditur.
441 1617 630 1674 Potest,
659 1628 715 1674 et,
745 1620 1044 1675 secundum
1070 1623 1229 1676 aliam
1249 1623 1667 1692 expositionem,
1700 1697 1740 1710 ﬁ
1773 1620 1864 1675 ubi
1880 1622 2052 1678 dixit:
2078 1642 2098 1677 ι
2124 1624 2228 1682 VOS
2242 1637 2426 1685 autem
2441 1631 2492 1686 in
2511 1647 2675 1688 carne
2699 1649 2806 1690 non
2823 1638 2978 1704 estis,
2996 1639 3090 1694 sed
3110 1639 3164 1694 in
3183 1643 3343 1710 spiri-

97 1707 138 1760 si
171 1720 483 1775 repetamus
511 1711 581 1766 ab
612 1711 788 1776 initio,
823 1731 842 1764 ι
869 1713 1022 1781 Quod
1055 1714 1554 1782 itnpossibileeratl

1881 1710 1926 1764 si
1945 1719 2124 1766 tamen
2142 1713 2378 1782 Spiritus
2399 1717 2491 1773 Dei
2517 1720 2728 1778 habitat
2743 1723 2798 1778 in
2815 1697 3029 1782 vobis,“
3053 1747 3069 1786 :
3096 1747 3115 1781 ι
3140 1697 3337 1800 duplici

96 1797 268 1869 inquo
291 1801 680 1857 lniirmabatur
702 1821 800 1872 per
815 1821 1068 1872 carnem,
1097 1823 1119 1856 δ
1153 1817 1208 1861 et
1231 1808 1298 1861 de
1321 1808 1440 1877 lege
1470 1823 1554 1863 me

1879 1798 1929 1852 Io
1949 1801 2077 1869 quid
2123 1813 2205 1858 est
2236 1806 2290 1859 in
2320 1809 2524 1876 Spiritu
2564 1811 2642 1882 (5)
2673 1829 2797 1871 esse
2821 1797 3259 1888 explanavimus,
3286 1824 3337 1879 id

99 1890 338 1960 inteuigi,
374 1907 543 1962 quam
575 1910 740 1964 supra
768 1897 905 1951 dixit
927 1898 1038 1964 (95',
1071 1900 1207 1952 νειιθ
1235 1898 1414 1954 facere
1439 1899 1658 1964 bonum,
1766 1901 1869 1960 est,
1895 1895 1980 1948 vel
1995 1895 2168 1965 legem
2192 1914 2295 1952 non
2323 1904 2620 1958 secundum
2643 1906 3014 1976 litteram,sed
3038 1915 3336 1972 secundum

97 1982 180 2035 sed
203 1997 299 2052 per
323 1983 702 2041 inﬁrmitatem
736 1997 795 2042 et
842 1987 1189 2060 fragilitatem
1219 1991 1400 2046 carnis
1439 1990 1555 2061 imp)

1881 1984 2060 2040 italetn
2089 2002 2307 2044 sensum
2343 1992 2674 2063 intelligere;
2704 1997 2788 2053 vel
2817 2001 2982 2056 etiam
3006 2004 3335 2061 inortilicazo

98 2088 194 2128 non
223 2090 403 2145 posse,
429 2086 488 2133 et
520 2089 804 2148 propterea
837 2081 1050 2135 misisse
1083 2080 1252 2136 Deutn
1276 2081 1472 2137 Filium
1499 2097 1659 2138 suum
1763 2087 2013 2144 Corpore.
2049 2079 2295 2148 spiritus,
2322 2091 2379 2135 et
2421 2097 2527 2136 non
2559 2087 2742 2142 carnis
2779 2087 2992 2158 legibus
3031 2093 3238 2154 vivere.
3265 2099 3335 2151 sit

98 2163 145 2218 in
176 2166 584 2224 similitudinem
610 2171 791 2226 carnis
813 2173 1053 2241 peccati,
1093 2185 1148 2227 et
1183 2174 1249 2228 de
1279 2185 1529 2244 peccato,

1875 2182 1902 2220 c
1920 2183 2050 2239 ergo
2071 2172 2214 2240 quod
2232 2172 2385 2240 dicit,
2409 2193 2429 2226 ι
2451 2175 2505 2230 Si
2519 2177 2639 2245 quis
2652 2189 2829 2236 autem
2849 2181 3109 2249 Spiritum
3129 2186 3330 2246 Christi

98 2267 172 2312 est
212 2275 308 2330 per
367 2262 606 2317 hostiam
657 2280 755 2334 pro
799 2276 1023 2335 peccato
1072 2266 1334 2334 oblatam,
1373 2268 1657 2324 damnasse
1760 2256 2054 2328 591mm
2093 2262 2275 2332 habet.
2311 2265 2400 2320 hic
2432 2281 2536 2322 "0"
2564 2279 2651 2325 θεῖ
2678 2270 2834 2341 eius;
2875 2292 2896 2326 ³
2929 2283 2984 2330 et
3015 2278 3324 2351 subiunxit.-

93 2359 389 2417 peccatum.
436 2355 568 2408 Data
601 2358 747 2412 enim
782 2359 936 2414 nobis
973 2358 1295 2418 remissione
1322 2358 1436 2431 (96)
1463 2375 1655 2430 pecca-
1764 2367 1783 2400 ε
1825 2351 1883 2406 Si
1916 2363 2098 2409 autem
2142 2353 2393 2413 Christus
2435 2359 2490 2414 in
2523 2361 2677 2418 vobis
2727 2375 2835 2432 est,
2878 2385 2898 2420 ι
2938 2372 3325 2440 requirendum

82 2424 259 2497 torum
290 2443 532 2515 iugatum
562 2459 642 2503 est
667 2459 722 2503 et
746 2451 1164 2506 exterminatutu
1189 2452 1256 2507 de
1275 2467 1443 2507 carne
1467 2468 1538 2508 no

1866 2452 2046 2498 utrum
2081 2445 2353 2503 diversum
2385 2449 2457 2504 sit
2476 2450 2738 2522 Spiritum
2762 2455 2860 2513 Dei
2888 2424 3089 2516 esse'in
3117 2463 3321 2534 aliqua,

95 2545 377 2602 peccatum,
403 2548 454 2591 et
484 2539 651 2608 coepit
669 2541 719 2593 in
738 2541 897 2596 nobis
920 2541 1238 2613 justiﬁeatio
1255 2542 1388 2613 legis
1415 2542 1553 2613 implt

1865 2533 2118 2604 Spiritum
2144 2536 2220 2610 (6)
2241 2538 2446 2598 Christi
2481 2566 2494 2600 ;
2517 2547 2599 2599 vel
2623 2548 2789 2603 etiam
2817 2550 2994 2620 ipsum
3018 2551 3323 2625 Chriswm,

95 2625 227 2680 illius
247 2628 512 2684 duntaxat
536 2630 668 2702 legis
693 2646 815 2702 quae
844 2633 1255 2689 condelectatur
1277 2634 1382 2705 legi
1399 2633 1512 2707 (97)
1533 2636 1648 2700 Dei,
1753 2635 1847 2681 θυι
1880 2626 2145 2698 Spiritum
2174 2632 2292 2698 eius
2319 2641 2411 2706 (illi
2453 2638 2742 2694 SUSCilaVil
2781 2639 2966 2697 Jesum
2998 2660 3026 2696 θ
3065 2649 3318 2706 mortuis.

94 2731 200 2783 qua:
227 2718 482 2789 impletur
508 2722 618 2776 cito
659 2740 781 2778 cum
810 2725 923 2794 jam
958 2741 1068 2781 non
1098 2727 1306 2782 resistit
1329 2727 1380 2782 ei
1407 2727 1491 2782 lex
1519 2742 1646 2798 pec--
1752 2716 1857 2771 sed
1882 2727 2144 2786 (ιυεηιυιιι
2183 2721 2268 2776 vel
2307 2729 2748 2797 consequentiam
2779 2731 2858 2803 (⁷)
2902 2732 3003 2788 Ιοοί
3035 2737 3319 2804 Praesentis

95 2809 189 2863 cati
216 2826 330 2880 qua:
353 2825 475 2867 erat
504 2813 558 2869 in
584 2818 846 2874 membris
866 2819 1092 2884 nostris,
1124 2819 1168 2874 si
1205 2829 1386 2873 tamen
1417 2835 1524 2874 non

1859 2823 1984 2876 teor,
2033 2811 2119 2866 vel
2152 2811 2281 2867 illud
2317 2819 2458 2886 quod
2505 2820 2758 2878 Salvator
2805 2825 2860 2879 in
2912 2825 3207 2896 Evangelio
3247 2829 3317 2884 d.

93 2901 310 2957 cundum
340 2919 563 2962 carnem
607 2909 970 2976 ambulemus,
1009 2911 1104 2965 sed
1141 2911 1438 2965 secundum
1483 2925 1548 2981 sp

1857 2899 1951 2955 ritu
1984 2913 2176 2959 sancto
2205 2906 2353 2973 dicit,
2385 2908 2510 2978 quia
2553 2931 2572 2965 ι
2613 2929 2642 2967 a
2671 2913 2834 2972 Patre
2866 2919 3131 2987 procedit,
3176 2937 3198 2972 ι
3239 2932 3315 2988 et,

99 3000 217 3045 lum.
247 2992 376 3049 Nam
407 2999 585 3052 donec
635 2998 688 3052 itt
728 3014 893 3054 carne
931 3010 1017 3054 est
1043 3000 1168 3069 quis
1192 3038 1208 3063 ,
1250 3009 1308 3054 et
1345 3000 1557 3055 secundi

1854 3009 1880 3047 e
1907 3010 2028 3050 meo
2052 3000 2278 3070 accipiet
2305 3006 2371 3070 “,
2411 3025 2432 3058 ι
2470 3015 2524 3061 et
2569 3006 2730 3074 hujus
2764 3009 2917 3064 verbi
2966 3011 3312 3079 explanatio-

93 3098 290 3140 carnem
306 3088 463 3152 vivit,
495 3104 618 3160 quae
638 3097 818 3148 carnis
850 3094 1135 3162 suntaapit
1167 3108 1182 3159 ;
1215 3107 1337 3147 cum
1356 3107 1486 3147 vero
1508 3108 1551 3148 ct

1851 3101 1868 3139 ι
1926 3087 1982 3141 in
2035 3097 2494 3163 consequentibus
2514 3097 2717 3170 jungit,
2746 3100 2936 3158 dicens
2981 3119 2994 3155 :
3042 3119 3062 3155 ι
3126 3104 3309 3171 Pater,

95 3181 295 3234 verterit
320 3197 379 3237 se
399 3184 469 3237 ad
503 3185 752 3254 spiritum
777 3227 795 3251 ,
833 3195 886 3240 et
919 3196 1168 3240 mortuus
1193 3182 1480 3254 fueritlegi
1515 3199 1553 3254 p«

1849 3177 1922 3231 tia
1952 3193 2072 3235 mea
2115 3189 2207 3238 tua
2249 3197 2398 3251 sunt,
2435 3198 2492 3244 et
2533 3199 2625 3244 tua
2667 3205 2826 3246 mea:
2857 3202 3146 3263 propterea
3195 3197 3307 3252 dixi

94 3271 188 3322 cati
219 3281 270 3325 et
296 3274 503 3339 carnis,
535 3291 656 3345 quae
687 3285 812 3331 sunt
840 3277 1066 3347 spiritus
1093 3276 1256 3346 sapit.
1288 3273 1424 3330 Nam
1447 3290 1641 3332 secun—
1739 3267 1866 3338 «ιιιίει
1894 3272 1964 3326 σθ
2003 3287 2124 3330 ιιιθο
2163 3278 2395 3348 εοοίρίοι
2417 3281 2462 3312 ³⁸
2489 3281 2568 3352 (8)
2600 3297 2614 3334 ³
2648 3301 2670 3335 ³
2702 3297 2846 3347 cumo
2892 3285 3132 3355 inquam»
3192 3299 3311 3345 lal"

93 3360 202 3414 dum
237 3378 448 3421 carnem
485 3382 707 3437 sapere,
747 3383 893 3425 mors
939 3381 1024 3424 est
1055 3369 1251 3424 animm
1287 3385 1305 3434 ;
1335 3370 1637 3426 secundum
1743 3371 1852 3415 tam
1883 3361 2025 3420 hanc
2075 3367 2301 3425 unitatis
2348 3372 2495 3426 inter
2540 3373 2756 3429 Patrem
2785 3385 2844 3430 et
2873 3375 3068 3433 Filium
3099 3383 3308 3450 aspicio

93 3451 316 3520 spiritum
361 3474 516 3523 vero,
565 3461 670 3515 vita
718 3470 775 3516 et
808 3476 912 3531 pax
951 3471 1038 3516 est
1087 3464 1260 3533 :quia
1293 3481 1314 3515 ι
1365 3463 1551 3532 sapien

1849 3468 2005 3510 onem
2040 3457 2140 3530 (9),
2179 3460 2415 3530 Spiritus
2449 3465 2542 3520 Dei
2573 3478 2628 3521 et
2659 3464 2893 3536 Spiritus
2928 3467 3132 3527 Christi
3167 3489 3307 3529 unus

93 3546 249 3601 carnis
278 3548 492 3605 inimica
519 3560 603 3607 εει
633 3553 775 3616 θρα,
817 3571 838 3604 ,
875 3554 976 3608 hoc
1002 3561 1110 3617 est,
1155 3554 1284 3608 dum
1329 3567 1459 3609 eam
1498 3552 1636 3608 regi-
1735 3554 1898 3613 atque
1928 3546 2073 3602 idem
2117 3551 2252 3606 mihi
2287 3552 2525 3623 Spiritus
2569 3555 2675 3612 dici
2719 3558 2954 3614 videtur.
3011 3559 3308 3621 Possumus

92 3634 173 3689 stit
197 3639 416 3707 spiritui,
436 3650 494 3698 et
517 3659 622 3699 non
645 3657 727 3699 est
761 3644 1006 3714 subjecta
1042 3645 1145 3714 legi
1170 3645 1368 3701 mentis
1392 3660 1514 3715 quae
1546 3646 1633 3700 lex
1737 3645 1912 3691 ιεκηθιι
1948 3651 2000 3694 el
2039 3643 2143 3698 hoc
2173 3647 2332 3702 modo
2354 3648 2656 3722 intelligere
2687 3655 2830 3722 quod
2856 3653 3013 3721 dixit,
3045 3671 3064 3706 ι
3100 3656 3155 3710 Si
3183 3658 3307 3726 quis

93 3722 171 3780 Dei
194 3740 291 3794 est,
318 3733 536 3789 inimica
563 3745 646 3790 est
675 3735 786 3791 Deo
810 3755 826 3791 :
857 3747 915 3792 et
945 3737 1068 3791 ideo
1097 3736 1193 3806 qui
1227 3737 1522 3791 carnaliter
1547 3737 1630 3791 vi-
1733 3740 1909 3784 autem
1932 3733 2193 3802 Spiritum
2217 3737 2422 3796 Christi
2444 3759 2549 3800 nou
2574 3746 2759 3811 habet,
2785 3746 2873 3803 hic
2897 3763 3001 3802 non
3027 3757 3110 3802 est
3129 3747 3246 3816 ejus
3275 3768 3296 3808 υ

90 3827 224 3884 vuut,
251 3820 354 3878 Deo
383 3825 598 3895 placere
626 3843 730 3882 non
763 3837 1008 3898 possunt.
1030 3827 1134 3882 Sed
1169 3848 1188 3880 ι
1217 3844 1343 3896 vos,
1379 3849 1399 3880 ι
1431 3829 1627 3899 inquit,
1731 3821 1880 3889 (quia
1911 3835 1966 3879 et
1997 3842 2186 3883 revera
2214 3831 2448 3902 abrupte
2478 3838 3160 3910 pronuntiatumvidetur),
3217 3851 3298 3904 ut,

95 3923 220 3964 «non
237 3914 360 3969 estis
382 3915 435 3970 in
455 3932 640 3983 carne,
665 3937 686 3971 ι
709 3918 810 3973 hoc
830 3927 914 3974 est
935 3934 1042 3974 non
1073 3919 1375 3974 secundum
1407 3934 1626 3974 carnem
1728 3913 1774 3970 si
1801 3915 1923 3983 quis
1952 3933 2057 3972 non
2089 3931 2274 3980 tantus
2318 3935 2374 3981 et
2406 3927 2528 3983 talis
2557 3944 2680 3986 esse
2720 3934 2980 3988 meruerit
3003 3935 3092 4002 qui
3124 3933 3301 4004 Spiri-

90 3995 245 4056 vivitis
275 4003 403 4074 (98),
455 4007 551 4061 sed
601 4006 901 4062 secundum
941 4007 1232 4074 spiritum,
1297 4023 1317 4057 ι
1355 4006 1400 4060 si
1443 4015 1626 4060 tamen
1729 4015 1838 4060 tum
1870 4009 2071 4067 Chri8ti
2095 4014 2300 4073 habere
2327 4019 2522 4090 dignus
2541 4023 2639 4088 sit,
2661 4024 2920 4080 continuo
2945 3995 3300 4084 Christi-esse

93 4087 298 4156 Spiritus
328 4097 420 4154 Dei
446 4098 1328 4170 habitatinvobisailachossunt
1356 4109 1410 4154 et
1432 4113 1625 4153 secun-
1696 4099 2046 4171 'dencgetur,
2099 4120 2225 4162 cum
2286 4109 2340 4164 in
2389 4087 2634 4169 'Psaltuis
2689 4114 2880 4171 dicat:
2923 4135 2941 4168 ι
2990 4115 3122 4172 Meae
3168 4128 3299 4174 sunt

90 4181 195 4234 dum
217 4187 397 4256 aliain,
431 4203 490 4246 ut
518 4193 788 4258 diximus,
823 4192 1226 4262 expositionem
1274 4191 1330 4244 in
1367 4192 1469 4245 hoc
1507 4187 1622 4259 (99)
1725 4202 1914 4244 omnes
1935 4194 2064 4248 fera:
2089 4196 2372 4264 silvarum,
2403 4200 2653 4269 jumenta
2685 4205 2741 4260 in
2783 4206 3078 4269 montibus,
3109 4217 3165 4262 et
3193 4209 3298 4262 bo-

91 4269 188 4328 Ιοεο
214 4285 460 4350 coaptari.
483 4285 660 4354 Eligat
693 4297 869 4340 tamen
887 4287 980 4356 qui
1011 4284 1162 4356 legit,
1190 4295 1245 4338 et
1273 4283 1416 4353 quod
1443 4277 1622 4352 aptius
1725 4294 1822 4334 ves
1841 4281 1910 4334 “.
1947 4302 1968 4335 ι
1996 4285 2126 4341 Etsi
2155 4287 2282 4345 ferte
2306 4301 2364 4347 et
2396 4293 2639 4362 jumenta
2666 4298 2787 4368 ejus
2825 4312 2976 4365 sunt,
3021 4302 3297 4370 quomodo

89 4365 378 4435 probaverit,
409 4376 453 4430 si
490 4387 669 4431 tamen
704 4376 1021 4447 probaverit
1053 4375 1154 4446 (l),
1194 4375 1297 4429 hoc
1326 4381 1610 4442 sequatur.
1647 4375 1693 4430 D
1722 4371 1970 4434 homines
1994 4392 2098 4433 non
2122 4391 2251 4437 sunt
2276 4382 2430 4452 ejus?
2455 4385 2562 4442 Sed
2597 4365 2795 4458 potest,
2830 4402 2888 4446 ut
2913 4365 3054 4457 dixi,
3089 4393 3190 4448 hoc
3215 4395 3296 4448 sic

147 4458 222 4517 13.
267 4481 284 4515 ι
320 4465 372 4520 Si
399 4470 523 4538 quis
549 4480 729 4524 autem
749 4467 1014 4539 Spiritum
1045 4468 1247 4523 Christi
1282 4482 1388 4520 non
1426 4465 1614 4529 habet,
1723 4465 1970 4539 intelligi,
2015 4483 2074 4526 ut
2122 4474 2250 4532 illud
2298 4480 2350 4533 in
2394 4481 2695 4553 Evangeliu
2729 4502 2743 4537 :
2781 4503 2802 4539 ι
2851 4485 2954 4554 Qui
3004 4503 3110 4544 non
3154 4488 3295 4544 tollit

145 4620 381 4711 "ngalat.
411 4647 504 4711 in,
549 4631 652 4711 M_._
694 4631 759 4711 _“‘
789 4630 985 4700 Ephes.
1020 4631 1158 4711 [κδ.
1234 4629 1277 4660 ¹⁹
1323 4625 1603 4711 ἢοηι.“νειι

1829 4646 1865 4696 ι.
1899 4634 1986 4711 ___'°
2025 4634 2064 4689 ΙΙ
2097 4637 2222 4695 Cor.
2253 4655 2308 4709 ι,
2353 4641 2408 4696 6.
2485 4644 2527 4674 ²¹
2565 4645 2724 4699 ltum.
2754 4660 2883 4711 vttt,
2923 4647 2980 4706 9.
3054 4649 3100 4680 "
3127 4646 3287 4706 Joan.

89 4701 160 4754 xv,
183 4690 275 4760 26;
309 4713 416 4767 xw,
446 4690 533 4756 ιλι.
609 4703 654 4734 ³³
685 4690 850 4757 Ιοειιιξ
873 4702 1131 4768 xvtt,10;
1163 4715 1273 4764 xu,
1315 4697 1403 4750 15.
1475 4695 1522 4727 ³⁵

520 4741 533 4755 .
609 4703 654 4734 ³³
685 4690 850 4757 Ιοειιιξ
873 4717 1008 4768 xvu,
1035 4702 1131 4768 10;
1163 4715 1273 4764 xu,
1315 4697 1403 4750 15.
1475 4695 1522 4727 ³⁵
1548 4694 1690 4749 Psal.
1719 4690 1864 4764 xui,
1892 4703 1976 4756 10.

266 4857 395 4945 Quia
421 4864 519 4919 illi.
564 4865 688 4945 litae
709 4865 889 4945 verba
927 4866 1121 4945 desunt
1158 4865 1209 4918 in
1239 4864 1390 4945 libris
1428 4865 1606 4920 editis.
1788 4862 1866 4945 ("1‘
1969 4865 3076 4945 tamenprobatgerit.Haacdesideranturin
3099 4873 3282 4932 editis.

144 4924 240 5022 i('94)
269 4928 352 5022 ire!
376 4950 490 5022 qua:
511 4936 790 5022 spiritalis.
823 4934 947 4992 Haec
963 4935 1343 4992 desiderantur
1363 4936 1417 4990 in
1447 4945 1602 4991 antea

1133 4945 1343 4990 arantur
1363 4936 1417 4990 in
1447 4945 1604 4991 antea
1901 4924 2271 5022 'Yt'taiAli'asu
2302 4934 2451 4991 vivit.
2483 4957 2591 5022 Im.

89 4994 310 5075 θάξῄξέιξι
331 4994 811 5075 ἰη’ρ1ιιι“ἷι›υειιιεε.
919 5073 950 5075 7_
1062 5074 1071 5075 7
1457 5074 1536 5075 77

1457 5074 1464 5075 7
1529 5074 1536 5075 7
1781 4994 1862 5074 (5)
1895 5003 2063 5075 Deest
2104 5025 2124 5058 ι
2162 5022 2303 5062 nunc
2337 5025 2356 5058 ι
2385 5023 2438 5062 tn
2464 5007 2643 5063 editis.

145 5063 237 5163 (95')
267 5067 358 5127 Ms.
387 5063 546 5138 u'nus,
579 5095 598 5129 ι
635 5073 1214 5163 itttpossibilitaslegis,
1236 5075 1288 5128 in
1320 5089 1429 5163 quo
1453 5074 1604 5163 inﬁr-
1711 5063 1858 5163 Αὲ,(4)
2147 5079 2451 5163 sententiae,
2490 5097 2510 5131 ι
2545 5079 2761 5163 deinde,
2791 5099 2812 5132 ‹
2847 5090 2901 5136 et
2928 5079 3051 5135 ideo
3078 5096 3280 5163 propo-

92 5136 298 5194 tnabatur
319 5158 410 5208 per
439 5136 661 5201 carnem
685 5136 797 5211 {de
823 5145 938 5215 lege
962 5136 1600 5216 membrorumintelligi,
1707 5136 1798 5221 siti
1821 5136 1996 5221 magis
2021 5145 2271 5221 Apostoli
2289 5136 2509 5221 sensum
2538 5136 2814 5206 discutere
2840 5136 3276 5221 properabinms.

93 5212 391 5285 quzt‘ltt‘supra
423 5214 683 5276 diximus,
715 5236 735 5269 ι
768 5212 900 5272 etcf
1390 5284 1393 5285 ν
1530 5212 1551 5216 ⁷
1587 5212 1591 5213 “
1706 5212 1767 5268 In
1795 5212 2189 5284 posterioribus
2223 5219 2312 5272 ubi
2344 5218 2501 5285 dixit,
2539 5238 2558 5270 ι
2594 5231 2700 5274 etc.

144 5273 235 5349 196)
270 5273 362 5335 his.
388 5301 544 5349 unus,
576 5306 595 5340 ι
637 5273 811 5342 Tanta
838 5285 985 5340 enim
1003 5286 1158 5342 nobis
1189 5284 1538 5352 remissione;

93 5329 447 5423 edttAiLLTanta
468 5357 614 5410 enim
646 5358 1092 5423 repromissione.
1133 5376 1151 5409 ι

1285 5284 1538 5352 ﬁssione;
1572 5305 1592 5338 ι
1777 5273 1856 5358 (5)
1879 5286 2053 5352 Alias,
2081 5304 2102 5337 ι
2131 5287 2348 5356 quidem
2379 5289 2432 5342 in
2459 5273 2695 5359 S'pil'itti.
2724 5307 2743 5341 ι

1776 5357 1855 5423 (6)
1884 5356 2048 5422 Editi,
2089 5377 2110 5408 ι
2147 5373 2212 5412 ac
2243 5359 2523 5423 Spiritum.
2562 5379 2581 5413 ι

148 5365 212 5400 ιιι.
241 5367 257 5399 ι
287 5365 447 5408 tanta
468 5365 614 5410 enim
646 5365 1092 5426 repromissione.
1133 5376 1151 5409 ι

146 5413 400 5512 aditi.
430 5426 776 5512 (delectatur
802 5427 940 5512 legi;
975 5424 1290 5510 ial.,tleg.t-
1473 5500 1513 5512 η

1148 5383 1151 5403 .
1776 5365 1855 5423 (6)
1886 5365 2048 5422 Editi,
2089 5377 2110 5408 ι
2147 5373 2212 5412 ac
2243 5365 2523 5427 Spiritum.
2562 5379 2581 5413 ι

1148 5424 1290 5510 tes».
1473 5500 1513 5512 ..
1775 5427 1855 5512 (ῃ
1881 5427 2047 5512 ξηαξςξε
2083 5445 2102 5478 ι
2143 5430 2606 5512 animum?»

95 5544 121 5584 ἦ
145 5485 369 5584 (ωρβοο
397 5506 495 5560 εει,
528 5513 634 5552 non
671 5485 960 5552 secundum
999 5485 1220 5552 carnea:
1241 5501 1432 5555 vivitis.
1470 5500 1599 5560 "me
1898 5485 2063 5580 Editi,
2100 5515 2120 5550 ι
2164 5485 2344 5584 Pater.
2367 5501 2550 5584 omnia
2597 5512 2686 5584 tua
2730 5517 2848 5584 mea
2897 5510 3128 5584 sunt,.et_
3157 5519 3276 5559 mea

96 5559 134 5598 ill
161 5559 295 5611 editis
313 5559 647 5621 omittuntur.
1582 5559 1587 5560 γ
1706 5559 1798 5625 tua
1824 5559 2030 5630 omnia,
2048 5559 2344 5638 propterea
2373 5571 2514 5624 dixit
2533 5574 2676 5639 quod
2709 5574 2777 5626 dc
2805 5588 2926 5629 meo
2957 5559 3206 5641 accipiet.
3251 5593 3270 5626 ι

147 5625 232 5694 (99)
257 5631 403 5694 Deest
432 5661 450 5691 ι
486 5639 588 5694 hoc
622 5659 639 5690 ι
671 5641 726 5694 in
753 5641 931 5695 editis.
1782 5647 1858 5716 (9)
1889 5625 2103 5708 Εάἰιί,”ι
2145 5625 2288 5702 hanc
2327 5647 2490 5704 audio
2531 5625 2925 5706 unitatisinter
2960 5625 3276 5705 Fati-temet

1709 5716 1904 5771 Filium
1933 5717 2333 5788 aspirationem.
2375 5737 2395 5768 ι

324 5776 579 5841 Ριτιιοι..
618 5779 737 5842 Gn.
775 5781 943 5842 XIV.
1425 5838 1428 5841 .

1995 5776 2012 5788 ³
2797 5789 2938 5852 .35
