3692 6138
133 227 268 285 1101

1091 231 1448 290 COMMENT.
1492 234 1558 290 IN
1594 234 1813 292 EPIST.
1861 240 1953 294 AD
1986 241 2154 299 ROM.
2191 245 2319 304 LIB.
2357 248 2444 305 Vl.

3237 265 3375 324 1102

128 345 262 400 lium
301 345 544 418 repletur
567 346 772 416 Spiritu
799 358 989 406 sancto
1028 352 1143 423 ipse
1179 353 1486 418 Cornelius,
1531 365 1587 412 et
1615 357 1705 426 qui
1736 365 1779 418 A
1809 363 1998 418 carnis
2028 365 2311 424 desideriis
2359 371 2658 442 indulgere.
2695 373 2752 429 lu
2803 377 2908 433 hoc
2934 395 3064 450 ergo
3093 393 3251 453 negat
3278 403 3376 444 nos

124 454 251 494 cum
285 455 352 498 eo
371 451 529 498 erant
558 445 624 499 ³⁸.
651 444 806 502 Unde
834 455 888 502 et
920 457 975 502 tu
999 447 1044 503 si
1073 447 1315 519 loquaris
1344 450 1458 522 (22)
1483 453 1705 510 verbum

1813 467 1936 509 esse
1961 457 2139 512 carnis
2163 459 2454 526 debitores,
2481 463 2619 518 sicut
2646 475 2699 519 et
2724 466 2847 522 alibi
2877 467 3006 524 dicit
3040 487 3052 524 :
3094 491 3112 523 ι
3153 473 3220 527 Et
3247 490 3372 530 car-

125 533 246 599 Dei,
284 545 340 590 et
372 535 615 606 loquaris
659 539 892 597 ﬁdeliter
919 556 987 597 ex
1015 546 1346 602 conscientia
1394 561 1556 617 pura,
1603 561 1708 606 nec
1812 544 1899 598 nis
1929 559 2112 600 curam
2141 563 2212 602 ne
2245 549 2480 605 feceritis
2517 553 2570 606 in
2603 558 3051 626 concupiscentiis
3086 561 3130 593 ³⁸
3162 564 3272 637 (28)
3302 583 3315 618 :
3350 585 3370 620 ι

121 625 245 694 ipse
276 629 632 697 redarguaris
661 647 729 687 ex
760 634 940 690 verbis
967 635 1074 692 tuis
1101 639 1254 706 quasi
1285 639 1378 710 qui
1423 639 1582 696 aliter
1608 644 1706 697 do-

118 733 255 774 ceas
283 728 340 776 et
367 721 528 777 aliter
556 738 707 794 agas,
740 734 920 795 potest
953 727 1071 784 fieri
1103 739 1162 784 ut
1187 731 1444 802 loquente
1471 737 1701 790 teaudi-

120 819 304 870 torum
329 815 491 870 corda
521 819 697 873 sancti
722 818 958 887 Spiritus
989 821 1128 892 ignis
1153 823 1470 893 inﬂammet,
1501 838 1558 884 et
1579 845 1706 886 con-

121 905 277 962 tinuo
305 909 688 966 concalescant
732 912 846 980 {25)
897 922 952 969 et
979 916 1209 970 ardeant
1257 920 1326 974 ad
1378 921 1696 990 complenda

115 999 373 1057 universa
407 1018 529 1072 qua:
557 1005 745 1070 doces,
775 1017 834 1060 ut
863 1009 1026 1064 rebus
1052 1009 1312 1079 impleant
1337 1027 1458 1082 quae
1484 1029 1699 1070 sermo-

115 1091 280 1147 nibus
310 1094 614 1160 didicerint,
647 1106 702 1152 et
737 1116 757 1150 ι
793 1113 912 1167 quae
943 1116 1158 1157 sursum
1199 1114 1330 1159 sunt
1369 1124 1388 1156 ι
1421 1115 1694 1175 quaerant,

120 1206 140 1234 ι
175 1184 264 1238 ubi
294 1185 544 1243 Christus
565 1197 648 1242 est
675 1189 727 1243 in
754 1191 976 1247 dextera
1009 1191 1117 1258 Dei,
1148 1195 1344 1252 sedens
1371 1211 1387 1250 :
1429 1213 1552 1268 quae
1574 1214 1696 1254 sur-

113 1289 235 1330 sum
288 1287 417 1332 sunt
455 1298 474 1332 ι
522 1279 756 1350 sapiant,
787 1302 806 1334 ‹
841 1298 946 1340 non
973 1300 1095 1355 qua:
1127 1300 1292 1357 super
1331 1297 1532 1344 terram
1563 1290 1628 1343 ³ο.
1671 1310 1690 1343 ι

113 1369 223 1427 Sed
247 1382 304 1428 et
333 1375 412 1428 sic
449 1380 818 1450 unusquisque
850 1381 1052 1437 habere
1081 1384 1132 1438 iu
1163 1400 1224 1440 se
1277 1387 1542 1456 probatur
1569 1388 1694 1459 Spi-

112 1463 279 1520 ritum
305 1467 528 1525 Christi.
577 1469 827 1529 Christus
870 1475 1139 1545 sapientia
1180 1487 1264 1534 est
1307 1496 1322 1533 :
1356 1481 1403 1534 si
1457 1483 1528 1536 sit
1569 1483 1693 1551 quis

111 1555 336 1624 sapiens
361 1561 655 1616 secundum
701 1561 1012 1632 Christum,
1052 1575 1108 1621 et
1151 1583 1271 1637 quae
1318 1570 1522 1626 Christi
1563 1581 1692 1628 sunt

111 1649 312 1718 sapiat,
342 1651 506 1707 habet
533 1653 586 1708 in
619 1670 794 1726 seper
813 1659 1136 1728 sapientiam
1167 1662 1430 1732 Spiritum
1459 1664 1684 1721 Christi.

1809 652 1912 690 non
1945 640 2130 708 utique
2157 656 2362 713 negans
2396 658 2583 700 curam
2633 649 2815 704 carnis
2861 651 3160 709 habendam
3192 660 3244 713 in
3278 677 3373 716 ne-

1805 731 2088 796 cessariis,
2137 733 2230 787 sed
2283 733 2337 788 in
2385 739 2858 807 concupiscentiis.
2888 741 2964 798 lta
3006 759 3134 818 ergo
3172 759 3227 806 et
3259 752 3370 820 hic,

1811 843 1830 876 ι
1893 821 1952 878 Si
1997 825 2166 891 enim,
2227 826 2422 898 inquit,
2484 834 2778 912 secundum
2833 851 3052 894 carnem
3099 842 3370 912 vixeritis,

1804 917 2134 974 moriemini.
2176 938 2194 973 ι
2226 919 2292 974 Ει
2338 920 2526 978 addit:
2566 942 2585 976 ‹
2627 906 2683 980 Si
2731 938 2909 984 autem
2966 933 3160 1002 spiritu
3213 906 3366 993 actus

1801 1012 1983 1068 carnis
2015 1012 2498 1079 mortificaveritis,
2557 1018 2750 1074 vivetis
2793 1019 2928 1094 (ΞΩ).
2974 1042 2993 1075 ι
3036 1026 3100 1080 Ει
3148 1028 3214 1082 de
3264 1029 3369 1086 hoc

1794 1104 1906 1171 jam
1938 1120 2100 1176 supra
2133 1107 2337 1162 dictum
2386 1119 2471 1162 est
2498 1109 2564 1175 ³⁸,
2597 1113 2868 1180 quomodo
2900 1131 3097 1186 corpus
3147 1121 3365 1190 quidem

1799 1205 2075 1251 mortuum
2112 1213 2235 1253 esse
2258 1199 2450 1254 debeat
2477 1212 2698 1271 propter
2728 1215 2970 1272 peccata,
2993 1209 3218 1278 spiritus
3239 1227 3367 1270 vero

1797 1288 1907 1341 vita
1935 1298 2160 1357 propter
2200 1290 2668 1358 justilicationem.
2731 1293 2834 1361 Qui
2886 1313 3018 1369 ergo
3062 1303 3364 1359 secundum

1796 1379 2047 1449 Spiritum
2077 1396 2242 1461 agens
2264 1383 2557 1438 mortiﬁcat
2580 1397 2733 1441 actus
2756 1391 2958 1456 carnis,
2981 1392 3126 1447 vivet
3147 1407 3368 1466 propter

1795 1456 2194 1528 inhabitantcm
2224 1475 2276 1530 in
2305 1491 2365 1530 se
2389 1477 2641 1545 spiritum
2668 1480 2814 1535 vitae.
2860 1456 3162 1539 Mortiﬁcat'
3182 1456 3363 1544 autem

1794 1563 1915 1633 quis
1948 1576 2100 1621 actus
2131 1567 2311 1623 carnis
2339 1568 2442 1624 hoc
2493 1571 2677 1626 modo.
2713 1571 2941 1630 Fructus
2997 1586 3082 1632 est
3127 1578 3366 1650 Spiritus

1795 1657 2033 1712 charitas
2055 1657 2124 1723 “,
2157 1660 2339 1715 odium
2394 1661 2577 1717 carnis
2629 1673 2714 1718 est
2758 1673 2958 1720 actus:
2995 1671 3178 1726 odium
3233 1689 3366 1746 ergo

109 1739 591 1808 Christusjnstitia
625 1725 708 1802 est
739 1765 753 1801 :
801 1749 846 1803 si
879 1725 1006 1819 quis
1031 1725 1228 1807 habeai
1259 1753 1310 1807 in
1337 1769 1395 1809 se
1419 1755 1628 1826 justitia

1809 1762 1890 1813 per
1919 1746 2242 1803 charitatem
2295 1753 2653 1810 mortiﬁcatur
2683 1765 2752 1810 et'
2793 1761 3176 1832 exstinguitur.
3216 1725 3363 1823 Gai;-

107 1831 334 1896 Christi,
385 1852 484 1906 per
525 1837 789 1908 justitiam
826 1843 990 1898 habet
1023 1845 1138 1912 (24)
1191 1847 1243 1902 in
1301 1864 1362 1904 se
1418 1849 1686 1921 Spiritum

109 1925 339 1981 Christi.
366 1927 614 1985 Christus
647 1947 747 2000 pax
777 1943 860 1987 est
888 1952 903 1988 :
941 1937 984 1992 si
1015 1937 1139 2007 quis
1181 1939 1380 1995 habeat
1425 1943 1478 1997 in
1506 1958 1567 1998 se
1595 1960 1687 2015 pa-

107 2033 228 2073 cem
261 2019 488 2085 Christi,
518 2037 617 2092 per
662 2024 922 2094 Spiritum
957 2031 1104 2097 pacis
1133 2031 1295 2087 habet
1337 2034 1388 2088 in
1423 2050 1482 2090 se
1509 2036 1686 2106 Spiri-

109 2118 224 2163 tum
270 2109 496 2167 Christi.
525 2112 616 2170 Sic
644 2125 700 2169 et
730 2118 1079 2188 charitatem,
1107 2122 1187 2177 sic
1211 2135 1265 2177 et
1292 2125 1686 2183 sanctificatio-

109 2212 258 2266 nem,
288 2201 368 2255 sic
397 2211 452 2256 et
479 2203 696 2275 singula
727 2221 975 2278 quaeque,
1014 2225 1136 2280 qua:
1167 2211 1420 2270 Christus
1447 2231 1568 2272 esse
1603 2221 1684 2273 di-

104 2293 256 2347 citur
281 2295 371 2364 qui
401 2296 580 2358 habet.
629 2299 717 2355 hic
745 2300 1010 2372 Spiritum
1035 2303 1239 2362 Christi
1272 2306 1384 2380 (25)
1413 2309 1466 2364 in
1500 2327 1559 2368 se
1587 2313 1685 2368 ha-

107 2382 236 2437 bere
265 2386 569 2441 credendus
596 2397 696 2448 est,
723 2398 778 2443 et
805 2405 1032 2460 sperare
1061 2395 1206 2460 quod
1237 2398 1461 2454 mortale
1485 2416 1684 2471 corpus

104 2487 265 2530 suum
295 2477 666 2534 vivificabitur
690 2490 912 2551 propter
958 2482 1350 2542 inhabitantem
1379 2487 1435 2544 in
1471 2504 1530 2546 se
1557 2491 1681 2562 Spi-

105 2568 272 2623 ritum
301 2569 527 2626 Christi.

174 2659 265 2714 14.
304 2679 325 2711 σ
361 2662 522 2730 Ergo,
574 2662 793 2730 fratres,
844 2665 1118 2723 debitores
1167 2683 1374 2738 sumus,
1406 2688 1511 2728 non
1557 2691 1680 2732 car-

105 2754 206 2817 nis,
243 2763 308 2810 ut
331 2758 626 2810 secundum
661 2773 882 2813 carnem
910 2761 1175 2816 vivamus.
1213 2764 1270 2818 Si
1307 2765 1453 2821 enim
1479 2783 1679 2823 secun-

105 2846 226 2898 dum
257 2861 484 2901 carnem
515 2849 783 2912 vixeritis,
817 2851 1124 2907 moriemini
1154 2869 1169 2918 ;
1205 2855 1250 2910 si
1279 2865 1459 2910 autem
1487 2858 1676 2927 spiritu

103 2948 253 2993 actus
283 2940 466 2994 carnis
490 2940 603 3011 (26)
645 2941 1001 3010 mortiﬂcctis,
1029 2945 1227 3002 vivetis
1261 2947 1327 3000 ³⁷.
1366 2968 1386 3000 ι
1414 2948 1674 3018 Spiritqu

102 3029 304 3084 Christi
337 3029 584 3084 habitare
630 3031 681 3085 in
731 3033 905 3098 nobis,
956 3043 1014 3088 et
1047 3037 1186 3089 dona
1223 3035 1465 3106 Spiritus
1518 3041 1675 3095 nobis
1704 3071 1747 3128 ϐ

101 3121 321 3190 collata,
358 3123 609 3193 superius
651 3125 852 3180 docuit.
897 3124 1314 3197 Consequenter
1363 3145 1494 3198 ergo
1527 3146 1672 3187 nunc

102 3214 241 3269 addit
269 3214 396 3285 quia
430 3233 450 3267 ι
491 3215 764 3271 debitores
805 3231 1017 3282 sumus,
1057 3235 1076 3269 ι
1113 3234 1302 3274 eorum
1353 3221 1476 3276 sine
1510 3222 1672 3278 dubio

99 3321 214 3373 qua!
241 3322 272 3360 a
299 3305 506 3376 Spiritu
554 3307 756 3363 Christi
807 3312 1084 3364 consecuti
1114 3325 1325 3368 smnus.
1358 3331 1377 3364 ι
1411 3311 1609 3369 Carnis
1646 3333 1664 3364 ι

101 3405 304 3462 autem,
338 3397 533 3467 inquit,
567 3416 588 3450 ι
623 3399 900 3455 debitores
927 3415 1031 3456 non
1068 3417 1277 3458 sumus.
1327 3422 1348 3456 ι
1379 3403 1496 3460 Νοιι
1523 3407 1668 3460 enim

99 3496 383 3558 propterea
439 3505 537 3545 nos
581 3491 710 3546 fecit
760 3492 900 3548 Deus
940 3495 1006 3548 ad
1062 3494 1352 3565 imaginem
1391 3512 1568 3566 suam,
1611 3506 1670 3551 ut

98 3581 278 3636 carnis
306 3582 529 3637 servitio
561 3599 805 3639 essemus
828 3586 1068 3649 obnoxii,
1106 3588 1200 3641 sed
1232 3589 1411 3658 potius
1435 3599 1492 3644 ut
1515 3606 1670 3647 crea-

99 3674 197 3728 tori
232 3688 339 3729 suo
361 3676 540 3731 anima
573 3676 906 3742 deserviens,
929 3680 1041 3744 ipsa
1055 3681 1280 3736 servitio
1308 3697 1374 3736 ac
1414 3684 1667 3742 ministe-

99 3767 178 3821 rio
215 3768 403 3822 carnis
456 3776 715 3823 uteretur.
774 3769 882 3826 Sed
938 3772 1170 3828 fortasse
1215 3774 1365 3830 dicat
1411 3777 1610 3848 aliquis
1647 3799 1664 3838 :

96 3855 377 3923 Quomodo
403 3861 586 3916 carnis
635 3877 741 3917 non
794 3879 981 3918 sumus
1008 3865 1299 3934 debitores,
1326 3868 1450 3924 cum
1479 3881 1534 3926 et
1585 3874 1668 3929 vi-

95 3959 238 4006 ctum
279 3952 331 4007 ei
377 3960 433 4008 et
466 3953 840 4010 indumentum
866 3957 1150 4027 providere
1182 3969 1390 4016 natura!
1419 3966 1664 4020 necessi-

94 4051 202 4099 tate
229 4045 530 4113 cogamur?
578 4046 685 4101 Sed
739 4056 797 4102 ut
844 4049 1098 4104 ostendat
1125 4065 1228 4105 non
1271 4053 1421 4107 carni
1451 4053 1657 4123 aliquid
1712 4092 1715 4094 -

95 4135 361 4203 conferre,
411 4137 504 4192 sed
540 4138 710 4207 ipsam
743 4139 907 4194 vitam
936 4140 1089 4196 carni
1138 4143 1451 4213 mancipare
1476 4146 1662 4215 culpa-

96 4230 196 4286 bile
218 4231 430 4298 baberi,
455 4232 574 4287 ideo
595 4233 742 4288 addit
769 4249 781 4284 :
816 4232 922 4288 ρει
947 4234 1090 4288 enim
1115 4235 1412 4290 secundum
1439 4252 1659 4295 carnem

95 4323 358 4390 vixeritis,
393 4325 718 4380 moriemini.
752 4344 772 4378 ι
807 4324 946 4392 Quid
992 4335 1175 4380 autem
1222 4326 1295 4382 sit
1319 4327 1435 4396 (27)
1463 4343 1661 4388 secun-

1796 1839 1944 1892 dium
1975 1840 2227 1894 similiter
2277 1840 2483 1898 fructus
2528 1856 2615 1900 est
2665 1849 2924 1918 spiritus,
2981 1855 3202 1912 tristitia
3230 1873 3361 1916 vero

1792 1929 1954 1999 hujus
1977 1931 2188 1996 saeculi,
2234 1948 2356 2002 quae
2404 1944 2634 1993 mortem
2681 1951 2942 2010 operatur
2964 1943 3034 2011 “,
3061 1949 3247 2006 carnis
3277 1964 3362 2008 est

1791 2032 1992 2076 actus:
2019 2021 2134 2078 haec
2180 2038 2309 2094 ergo
2335 2029 2714 2096 exstinguitur,
2763 2032 2807 2086 si
2842 2034 2916 2088 sit
2951 2035 3004 2089 in
3033 2039 3192 2095 nobis
3227 2057 3362 2109 gau-

1787 2112 1934 2167 dium
1970 2115 2214 2184 spiritus.
2255 2117 2367 2173 Pax
2414 2119 2621 2176 fructus
2680 2130 2765 2177 est
2794 2124 3050 2194 spiritus;
3089 2129 3359 2188 dissensio

1787 2215 1843 2259 et
1863 2204 2138 2261 discordia
2170 2209 2355 2263 carnis
2402 2219 2486 2266 est
2533 2221 2724 2268 actus:
2762 2215 2854 2269 sed
2892 2228 3097 2273 certum
3129 2231 3213 2278 est
3258 2225 3363 2280 dis-

1787 2296 2028 2350 cordiam
2058 2299 2378 2354 mortificari
2402 2315 2562 2368 posse
2586 2318 2682 2372 per
2705 2319 2913 2374 pacem.
2939 2307 3032 2365 Sic
3060 2320 3114 2366 et
3145 2313 3358 2381 patien-

1793 2387 1867 2440 tia
1905 2387 2153 2458 spiritus,
2190 2390 2581 2459 impatientiam
2644 2397 2826 2452 carnis
2875 2398 2988 2470 (50)
3037 2405 3355 2477 exstinguit,

1785 2490 1841 2530 et
1872 2479 2091 2535 bonitas
2149 2482 2415 2537 malitiam
2469 2486 2703 2554 perimlt,
2757 2498 2813 2543 et
2863 2497 3221 2551 mansuetudo
3277 2498 3357 2554 fe-

1789 2571 2038 2635 rociam,
2102 2583 2156 2627 et
2218 2576 2558 2631 continentia
2617 2579 3087 2650 intemperantiam
3140 2589 3352 2661 (51),

1783 2663 1942 2735 593
1969 2673 2023 2718 et
2051 2667 2274 2721 castitas
2295 2668 2685 2737 impudicitiam
2711 2681 2890 2737 necat,
2925 2675 3125 2744 talique
3146 2681 3339 2737 ordine

1781 2759 1872 2826 qui
1904 2771 2004 2827 per
2034 2758 2288 2828 spiritum
2332 2768 2488 2816 actus
2521 2763 2704 2818 carnis
2749 2767 3158 2825 mortificaverit
3209 2772 3348 2845 (52).

1780 2849 1950 2904 vivet.
1981 2849 2304 2906 Intuendum
2335 2866 2467 2908 sane
2497 2862 2602 2919 est,
2628 2856 2772 2925 quod
2811 2858 2953 2912 sicut
2980 2873 3210 2918 mortem
3244 2881 3350 2920 non

1781 2943 1940 2995 istam
1965 2956 2330 3010 communem,
2356 2946 2450 3000 sed
2485 2946 2632 3001 illam
2654 2951 2855 3016 peccati
2887 2950 3042 3020 dicit,
3073 2973 3093 3008 ι
3119 2955 3176 3012 Si
3205 2959 3349 3014 enim

1782 3032 2080 3087 secundum
2127 3047 2347 3089 carnem
2413 3035 2684 3103 vixerit-is,
2737 3041 3112 3106 moriemini.»
3172 3048 3246 3101 ita
3294 3057 3354 3103 et

1783 3125 1946 3178 vitam
1981 3140 2087 3180 non
2126 3126 2266 3180 hanc
2305 3142 2676 3194 communem,
2708 3133 2802 3185 sed
2833 3131 2980 3188 illam
3023 3135 3155 3190 dicit
3188 3148 3350 3194 mter-

1781 3231 1903 3270 nam
1926 3255 1942 3282 ,
1971 3218 2038 3271 ad
2069 3233 2232 3287 quam
2281 3223 2563 3288 perveniet
2607 3227 2785 3279 omnis
2815 3225 2908 3295 qui
2936 3230 3230 3307 secundum
3279 3246 3346 3287 ea

1779 3325 1900 3380 qua:
1920 3325 2084 3380 supra
2113 3314 2487 3382 exposuimus,
2523 3314 2796 3386 perfectus
2817 3318 3010 3388 spiritu
3044 3323 3345 3378 mortiﬁca-

1779 3403 1918 3457 verit
1953 3401 2066 3474 (55)
2097 3417 2252 3459 actus
2280 3407 2486 3461 carnis.
2513 3408 2617 3462 Sed
2641 3418 2694 3462 et
2722 3408 2852 3463 illud
2882 3411 3023 3466 scire
3060 3414 3344 3482 debemus,
3416 3415 3426 3419 i

1775 3495 1918 3564 quod
1972 3495 2073 3550 ista
2129 3497 2475 3554 mortificatio
2530 3510 2745 3555 actuum
2773 3503 2957 3559 carnis
2993 3519 3087 3572 per
3133 3507 3346 3576 patien-

1778 3585 1907 3638 tiam
1941 3585 2060 3650 fiat,
2089 3595 2144 3642 et
2173 3602 2280 3642 non
2307 3589 2374 3642 ad
2401 3590 2668 3658 subitum,
2709 3593 2803 3647 sed
2840 3596 3120 3664 paulatim.
3165 3597 3345 3654 Primo

1776 3674 2129 3746 languescere
2146 3693 2240 3734 eos
2263 3695 2486 3736 necesse
2515 3691 2602 3738 est
2629 3683 2680 3738 in
2700 3683 2783 3739 his
2804 3686 2901 3756 qui
2920 3686 3184 3756 incipiunt
3202 3690 3338 3760 (54);

1779 3777 1892 3821 tum
1925 3770 2118 3825 deinde
2159 3787 2284 3827 cum
2343 3774 2626 3830 ardentius
2659 3775 2926 3843 prolicere
2963 3781 3254 3848 cmperint,
3286 3793 3342 3837 et

1774 3860 2170 3917 abundantiore
2198 3864 2393 3932 spiritu
2430 3866 2625 3935 repleri
2651 3906 2668 3933 ,
2700 3879 2857 3925 actus
2889 3872 3073 3925 carnis
3102 3886 3208 3927 non
3243 3889 3340 3929 so-

1771 3950 1886 4006 lum
1921 3953 2291 4024 languescere,
2343 3958 2438 4014 sed
2479 3969 2534 4013 et
2563 3961 2841 4017 tabescere
2903 3962 3164 4033 incipient
3199 3978 3217 4020 :
3247 3969 3337 4023 ubi

1771 4058 1904 4101 vero
1931 4045 1998 4100 ad
2022 4048 2328 4116 perfectum
2357 4048 2468 4118 jam
2505 4053 2777 4118 venerint,
2808 4054 2882 4108 ita
2906 4064 2964 4108 ut
2993 4056 3136 4110 nulla
3174 4058 3227 4113 in
3257 4063 3338 4116 eis

1769 4152 1993 4207 prorsus
2022 4138 2104 4193 vel
2135 4140 2188 4194 in
2227 4141 2397 4205 facto,
2435 4142 2524 4198 vel
2575 4145 2629 4198 in
2661 4146 2826 4212 dicto,
2862 4149 2945 4204 vel
2994 4149 3046 4203 in
3098 4154 3334 4220 cogitatu

1768 4230 1979 4296 peccati
2020 4231 2268 4286 oriantur
2312 4233 2532 4302 indicia,
2589 4243 2720 4292 tunc
2748 4238 2909 4306 plane
2943 4249 3097 4298 actus
3150 4246 3337 4298 carnis

1770 4316 1882 4391 (55)
1921 4323 2296 4390 mortiﬁcasse,
2337 4333 2394 4381 et
2429 4328 2496 4381 ad
2533 4329 2802 4399 integrum
2837 4335 2998 4390 morti
3039 4337 3335 4393 tradidisse

95 4414 213 4468 dum
245 4429 468 4471 carnem
520 4415 704 4472 vivere
731 4431 873 4486 saepe
895 4415 1006 4487 jam
1034 4417 1240 4473 dictum
1289 4428 1395 4476 est.
1437 4421 1550 4479 Hoc
1573 4439 1660 4483 est
1689 4432 1736 4488 D
1767 4415 2020 4472 credendi
2047 4427 2197 4472 δυιιιο

159 4579 437 4657 ξἈΑειηξε
471 4581 561 4657 μ.
637 4581 684 4613 ³⁸
711 4580 916 4657 coloss.
949 4597 1034 4649 tu,
1064 4584 1116 4649 1,
1144 4582 1201 4638 2.
1274 4585 1317 4618 ³⁷
1343 4584 1502 4643 Rom.
1525 4605 1634 4657 vni,

1809 4590 1880 4644 I5.
1957 4587 2002 4620 ³⁸
2017 4585 2176 4640 Rom.
2199 4601 2322 4651 xm,
2354 4586 2443 4643 14.
2519 4586 2564 4617 ³⁸
2591 4587 2748 4643 Rom.
2773 4603 2894 4655 vui,
2920 4591 3005 4646 l0.
3082 4591 3128 4625 δ’
3151 4593 3330 4650 Calat.

93 4652 255 4717 ωε.
328 4653 373 4684 ⁸⁸
398 4653 439 4706 ιι
470 4653 594 4707 Cor.
616 4667 710 4706 vn.
743 4653 826 4707 10.

93 4789 310 4845 Actibus
368 4790 736 4858 apostolorum
770 4790 1022 4847 habetur.
1057 4811 1075 4846 ι
1131 4792 1238 4848 Sed
1284 4796 1488 4853 rectius
1520 4813 1651 4856 mss.

95 4861 258 4915 nostri
282 4869 342 4913 ut
371 4863 424 4914 in
455 4871 640 4915 nostro
671 4868 842 4915 textu.

157 4932 268 5000 (22)
299 4931 467 4993 Editi,
493 4949 512 4983 ‹
557 4930 815 4999 loqueris.
848 4951 867 4983 ι

157 4993 302 5078 (25)-
325 5001 490 5078 Editi,
527 5019 556 5078 _r
619 4993 1028 5070 convalescant;
1066 5023 1086 5058 ι
1139 5014 1253 5061 tum
1291 5006 1453 5078 paulo
1507 5017 1649 5076 post,

100 5087 116 5120 ε
148 5070 200 5126 et
225 5070 388 5126 rebus
415 5070 695 5140 impleant.
731 5089 749 5122 ι

166 5141 273 5216 (24)
305 5142 519 5216 Edit_i,_¢
561 5141 621 5216 Si
663 5143 784 5216 quis
810 5142 974 5198 habet
1015 5144 1069 5199 in
1121 5161 1179 5201 se
1231 5147 1518 5216 justitiam,
1553 5163 1648 5216 per

95 5211 345 5278 iustitiam
377 5212 576 5267 Christi
611 5212 788 5273 habet,
831 5231 852 5264 ι
882 5223 991 5269 etc.

159 5283 266 5354 (25)
299 5283 462 5345 Editi,
507 5290 618 5354 «iet
641 5282 851 5354 singula
887 5299 1218 5353 quaecunque
1241 5286 1496 5343 Christus
1527 5302 1646 5342 esse

96 5352 310 5419 dicitur,
340 5354 432 5422 qui
462 5353 623 5407 habet
651 5352 786 5418 haec,
817 5353 1082 5421 Spiritum
1111 5352 1335 5420 Christi,
1373 5377 1392 5410 ι
1431 5370 1538 5412 etc.

159 5422 268 5496 (26)
357 5426 518 5481 Actus
564 5427 756 5481 carnis.
825 5422 918 5479 Sic
949 5439 1078 5481 mss.
1115 5426 1253 5482 Editi
1286 5443 1433 5496 vero,
1462 5446 1480 5482 ι
1507 5428 1647 5484 facta

96 5507 285 5550 carnis.
328 5514 348 5547 ι

1831 4795 1942 4880 <22)
1967 4796 2134 4880 alia.
2171 4815 2190 4846 ι
2225 4794 2364 4880 ouis!
2395 4795 2540 4880 εηεμη
2565 4795 2654 4878 εει,
2693 4814 2713 4880 2
2746 4807 2854 4880 ειεξο
2901 4867 2934 4879 ..
3047 4876 3057 4880 _
3111 4868 3124 4880 .

1829 4868 1938 4938 (28)
1974 4866 2135 4938 Editi,
2172 4883 2190 4915 ι
2233 4881 2298 4920 ne
2335 4865 2571 4920 feceritis
2600 4867 2651 4920 in
2682 4867 2965 4923 desideriis
3007 4876 3064 4924 et
3110 4868 3161 4923 in
3193 4884 3324 4923 con-

1760 4937 2135 5001 cupiscentiis.
2175 4955 2192 4986 ι

1826 5006 1938 5076 (29)
1965 5007 2126 5067 Editi,
2153 5023 2174 5057 ι
2200 5006 2786 5074 mortilicetis,vivetis.
2807 5006 2916 5063 Sed
2937 5010 3004 5066 de
3021 5009 3146 5076 hoc,
3170 5031 3190 5065 ι
3215 5020 3324 5066 etc.

1827 5077 1945 5147 (50)
1977 5077 2142 5140 Editi,
2177 5095 2195 5126 ι
2238 5077 2552 5147 γνίοΙειιιίειιιι
2583 5081 2784 5133 carnis.
2821 5099 2842 5133 ι

1824 5146 1938 5218 (51)
1972 5147 2142 5218 Alias,
2177 5165 2195 5197 ι
2234 5146 2704 5218 incontinentiam.
2738 5169 2756 5201 ι

1825 5216 1937 5287 (52)
1974 5216 2137 5287 Editi,
2165 5235 2184 5264 ι
2213 5217 2523 5271 mortificat.
2555 5237 2574 5269 ι

1826 5288 1940 5355 (55)
1970 5286 2132 5351 Editi,
2163 5303 2183 5338 ι
2215 5288 2526 5342 mortificet.
2560 5307 2579 5340 ι

1829 5357 1938 5429 (54)
1965 5357 2131 5429 Alias,
2163 5374 2183 5408 ‹
2214 5357 2267 5410 in
2293 5357 2378 5410 his
2414 5372 2534 5426 quae
2565 5359 2848 5428 incipiunt.
2878 5379 2898 5412 ι

1827 5427 1940 5496 (55)
1996 5427 2160 5492 Editi,
2190 5445 2210 5478 ι
2248 5429 2460 5482 tandem
2493 5441 2646 5484 actus
2693 5432 2944 5494 carnisu
2995 5428 3090 5494 al.,
3154 5441 3320 5488 «tunc

1757 5496 2151 5565 actus’carnis;
2177 5517 2196 5550 ι
2231 5496 2327 5565 al.,
2365 5517 2382 5550 ι
2420 5507 2529 5553 tum
2555 5500 2712 5568 plane
2737 5510 2892 5555 actus
2923 5502 3126 5560 carnis.
3157 5520 3179 5554 ι
