3692 6138
346 240 480 300 1⁷103

1815 241 2138 298 ORIGENIS

3447 247 3564 305 11οι

1425 532 1780 621 LIBER
1823 529 2484 622 SEPTIMUS.

415 803 460 854 l.
523 797 680 854 Sicut
741 801 985 853 diversas
1039 803 1456 858 commemorari
1517 802 1664 874 leges
1714 805 1768 859 in
1808 805 1912 860 hac
1941 807 1988 859 Α
2015 800 2264 872 spiritus,
2291 801 2534 856 declarat
2561 801 2702 855 idem
2738 801 3031 871 Apostolus
3065 799 3133 854 ad
3162 799 3422 853 Hebraeos
3448 797 3564 851 scri-

335 893 579 955 Enistola
620 909 648 945 a
704 892 873 946 Paulo
911 895 1010 947 sub
1040 909 1148 947 uno
1191 895 1458 950 vocabulo
1495 895 1627 964 legis
1665 897 1911 950 ostendi-

336 999 482 1047 mus,
514 991 570 1037 et
597 984 843 1038 diversas
865 991 1071 1036 mortes
1086 983 1187 1038 sub
1205 998 1310 1038 una
1340 983 1532 1038 mortis
1556 983 1911 1051 appellatione

337 1075 640 1136 nominari,
671 1075 742 1128 ita
773 1084 827 1128 et
852 1075 1101 1130 diversos
1128 1075 1351 1144 spiritus
1375 1091 1521 1130 nunc
1551 1077 1792 1130 videmus
1811 1080 1911 1130 sub

340 1181 453 1221 uno
487 1167 706 1221 nomine
735 1164 971 1237 Spiritus
1004 1166 1254 1221 indicari.
1283 1167 1374 1220 Ait
1405 1183 1535 1237 ergo
1559 1168 1611 1222 in
1653 1169 1908 1238 praesenti

343 1259 582 1328 capitulo
615 1277 627 1312 :
661 1277 678 1309 ι
701 1259 1026 1326 Quicunque
1078 1259 1225 1312 enim
1259 1257 1468 1323 Spiritu
1511 1257 1601 1311 Dei
1650 1269 1909 1329 aguntur,

341 1353 394 1405 hi
416 1351 508 1405 lilii
527 1360 651 1406 sunt
679 1350 770 1404 Dei
785 1349 885 1414 ⁸¹;›
915 1349 968 1403 in
991 1365 1100 1418 quo
1123 1348 1500 1418 utiqueipsum
1527 1350 1620 1406 Dei
1644 1348 1907 1420 Spiritum

345 1446 498 1498 dicit.
535 1444 600 1498 Et
630 1444 826 1498 iterum
848 1443 900 1496 in
923 1445 1168 1510 sequenti
1192 1460 1206 1496 :
1233 1461 1253 1495 ε
1281 1443 1397 1498 Νοη
1417 1443 1565 1499 enim
1599 1443 1907 1512 accepistis,

343 1537 538 1603 inquit,
594 1536 847 1605 spiritum
903 1535 1186 1590 servitutis
1222 1536 1418 1590 iterum
1449 1535 1502 1588 in
1545 1535 1740 1590 timore
1785 1535 1854 1591 ‘3.
1883 1553 1904 1587 ι

343 1628 396 1680 lu
431 1629 534 1681 hoc
561 1627 803 1682 ostendit
826 1626 1080 1696 spiritum
1109 1625 1395 1681 servitutis
1411 1625 1576 1680 alium
1601 1640 1721 1680 esse
1743 1641 1906 1695 quam

342 1717 493 1772 illum
525 1732 689 1788 quem
712 1732 876 1785 supra
912 1716 1050 1772 dixit
1071 1716 1335 1788 Spiritum
1377 1717 1494 1771 Dei.
1529 1716 1596 1772 Et
1623 1727 1909 1786 propterea

339 1811 622 1882 subjungit
675 1833 686 1866 :
733 1808 887 1865 «Sed
943 1810 1236 1880 accepistis
1293 1809 1544 1879 spiritum
1603 1809 1908 1879 adoptionis

341 1903 596 1969 filiorum,
622 1904 675 1956 iu
702 1918 817 1972 quo
847 1902 1183 1958 clamamus:
1209 1903 1365 1957 Abba
1399 1902 1646 1974 {Pater}.
1673 1922 1692 1956 ι
1728 1903 1781 1956 lu
1808 1903 1911 1958 hoc

338 1997 587 2067 spiritum
617 1995 925 2065 adoptionis
947 1995 1192 2050 ostendit
1221 1995 1394 2064 ipsum
1419 2011 1542 2050 esse
1574 2010 1734 2062 quem
1771 1995 1911 2049 dixit

339 2105 503 2158 supra
553 2089 819 2156 Spiritum
867 2087 984 2149 Dei,
1017 2089 1085 2140 de
1114 2101 1224 2154 quo
1249 2098 1305 2140 et
1336 2088 1530 2156 repetit
1558 2103 1573 2141 :
1602 2088 1745 2159 «Ipse
1764 2088 1907 2142 enim

340 2183 579 2254 Spiritus
605 2180 976 2235 testimonium
998 2180 1179 2234 reddit
1201 2181 1421 2248 spiritui
1451 2190 1640 2234 nostro
1663 2179 1730 2246 “,
1754 2201 1778 2233 ν
1806 2181 1909 2234 hoc
1941 2172 1984 2227 Β

333 2285 442 2339 est,
479 2277 595 2344 ipse
623 2273 860 2341 Spiritus
887 2272 1003 2334 Dei,
1033 2273 1088 2326 in
1117 2287 1228 2342 quo
1259 2273 1476 2327 Patrem
1510 2274 1674 2326 Deum
1705 2272 1906 2328 clama-

337 2382 482 2429 mus,
517 2365 890 2420 testimonium
917 2361 1096 2417 reddit
1121 2363 1344 2434 spiritui
1377 2373 1584 2418 nostro.
1613 2362 1716 2429 Qui
1742 2363 1907 2432 spiri-

335 2468 426 2514 tus
449 2468 635 2513 noster
657 2457 800 2512 alius
828 2456 945 2511 sine
972 2455 1136 2510 dubio
1156 2466 1238 2511 est
1267 2472 1429 2526 quam
1460 2457 1545 2510 vel
1576 2457 1667 2510 ille
1683 2457 1909 2525 spiritus

336 2552 637 2616 servitutis,
676 2550 768 2619 qui
796 2547 962 2603 datur
1017 2549 1068 2601 in
1125 2549 1345 2615 timore,
1379 2548 1462 2603 vel
1505 2549 1592 2602 hic
1623 2549 1712 2616 qui
1755 2549 1802 2602 ei
1845 2549 1910 2602 de

335 2645 678 2699 invocatione
699 2641 884 2695 Patris
911 2640 1282 2694 testimonium
1315 2639 1495 2696 reddit
1519 2639 1658 2710 (36).
1701 2638 1910 2694 Omnes

333 2753 468 2806 ergo
493 2738 767 2795 homines,
799 2743 858 2787 ιιι
895 2734 1135 2795 videtur,
1187 2743 1428 2802 aguntur
1471 2732 1654 2802 aliquo
1686 2732 1908 2801 spiritu,

337 2831 478 2882 sicut
508 2831 625 2896 ipse
667 2826 863 2880 Paulus
912 2825 1172 2893 scripsit:
1202 2842 1223 2876 ι
1255 2825 1421 2879 Scitis
1477 2833 1658 2878 autem
1698 2835 1752 2876 et
1787 2839 1909 2884 vos,

331 2939 459 2978 cum
489 2922 682 2976 essetis
718 2930 928 2991 gentes,
956 2920 1228 2990 quomodo
1257 2918 1320 2971 ad
1361 2919 1498 2972 idola
1536 2928 1682 2972 muta
1709 2918 1910 2985 ageba-

337 3017 471 3071 miui
507 3016 573 3070 ⁸.
608 3033 627 3067 ι
669 3014 726 3067 1η
758 3013 862 3067 hoc
917 3011 1161 3067 ostendit
1207 3013 1333 3079 quia
1377 3011 1543 3064 etiam
1606 3021 1795 3080 gentes
1841 3010 1908 3063 ad

338 3108 478 3164 idola
531 3115 767 3176 aguntur
837 3105 1025 3174 aliquo
1077 3105 1294 3173 spiritu.
1349 3102 1443 3156 Est
1484 3117 1616 3170 ergo
1674 3101 1912 3170 Spiritus

338 3201 432 3256 Dei
465 3201 606 3254 idem
635 3200 724 3267 qui
759 3208 842 3252 est
883 3206 938 3251 et.
971 3196 1208 3264 Spiritus
1247 3193 1452 3250 Christi
1485 3192 1621 3264 (57),
1661 3194 1911 3261 idemque

338 3297 452 3361 ipse
476 3304 529 3344 et
560 3291 802 3359 Spiritus
824 3299 1050 3343 sanctus
1076 3297 1182 3342 est.
1211 3286 1316 3341 Sed
1335 3297 1391 3340 et
1412 3287 1638 3354 spiritus
1665 3285 1912 3352 adoptio—

337 3387 423 3439 nis
469 3386 608 3438 idetn
659 3383 765 3436 dici
813 3381 1050 3442 videtur,
1094 3381 1236 3434 sicut
1281 3393 1524 3448 praesens
1577 3377 1911 3445 apostolicus

337 3477 576 3532 declarat
607 3474 718 3545 (58)
760 3487 969 3528 sermo.
996 3471 1164 3526 David
1192 3484 1408 3540 quoque
1437 3470 1528 3539 qui
1567 3471 1724 3534 dicit,
1757 3469 1910 3540 «Spi-

2017 894 2152 950 bens
2179 901 2236 946 et
2268 893 2453 947 dicens
2487 910 2500 946 :
2533 909 2552 942 t
2580 891 2768 946 Nonne
2799 907 2991 946 omnes
3033 899 3160 944 sunt
3208 887 3568 943 ministerisles

2016 988 2242 1056 spiritus
2279 987 2344 1040 ad
2373 987 2733 1041 ministerium
2762 987 2910 1040 missi
2947 994 3281 1054 proptereos
3300 982 3391 1052 qui
3417 983 3570 1036 luere-

2017 1081 2240 1135 ditatem
2275 1079 2493 1149 capiunt
2542 1078 2734 1132 salutis
2782 1078 2828 1109 "
2851 1077 2875 1131 ?
2901 1097 2920 1131 ι
2971 1075 3077 1130 St-d
3103 1085 3162 1129 et
3185 1075 3353 1129 David
3402 1075 3528 1126 dicit
3559 1095 3568 1126 :

2024 1189 2043 1224 ι
2071 1173 2172 1240 Qui
2206 1171 2336 1226 facit
2380 1170 2600 1239 angelos
2649 1185 2779 1225 suos
2825 1171 3049 1237 spiritus
3097 1169 3210 1222 ⁸ο.»
3276 1166 3344 1220 Et
3401 1164 3573 1218 Daniel

2018 1263 2374 1318 nihilominus
2408 1271 2660 1327 testatur,
2696 1273 2751 1315 et
2792 1263 2964 1316 dicit:
2993 1260 3158 1333 594
3204 1277 3224 1310 r
3254 1258 3574 1321 Benedicite,

2016 1355 2244 1426 spiritus
2272 1364 2329 1410 et
2353 1355 2550 1408 anima:
2579 1355 2872 1424 iustorum,
2906 1352 3191 1408 Dominum
3237 1351 3309 1404 ⁸¹.
3341 1368 3360 1403 ι
3412 1349 3480 1402 Et
3527 1349 3574 1402 in

2015 1449 2275 1518 praesenti
2305 1446 2424 1502 loco
2453 1446 2678 1510 Paulus,
2716 1465 2735 1497 ι
2761 1443 2880 1515 Ipse
2910 1443 3170 1514 Spiritus,
3207 1443 3401 1512 inquit,
3429 1444 3575 1498 testi-

2014 1541 2259 1594 monium
2292 1537 2472 1594 reddit
2520 1538 2737 1609 spiritui
2769 1547 2986 1604 nostro;
3020 1555 3039 1588 ι
3068 1545 3123 1589 et
3162 1537 3215 1589 in
3236 1534 3358 1588 alits
3377 1533 3478 1586 ":c
3513 1531 3574 1590 Ut

2016 1632 2224 1700 integer
2267 1630 2490 1699 spiritus
2520 1639 2736 1695 vester,
2774 1638 2825 1684 et
2857 1627 3060 1690 anima,
3093 1636 3150 1682 et
3180 1639 3380 1694 corpus
3416 1623 3471 1678 in
3498 1621 3576 1675 die

2016 1723 2227 1778 Domini
2257 1722 2428 1776 nostri
2474 1721 2600 1777 Jesu
2633 1721 2834 1776 Christi
2891 1729 3158 1775 servetur.
3186 1738 3206 1772 ι
3245 1718 3378 1786 Qua:
3403 1717 3574 1771 ornatis

2015 1812 2235 1867 dubium
2283 1825 2390 1864 non
2433 1819 2518 1865 est
2558 1811 2687 1878 quin
2737 1812 2804 1866 de
2845 1809 3264 1865 rationabilibus
3308 1808 3576 1878 spiritibus

2015 1905 2159 1959 dicta
2185 1903 2314 1958 sint.
2376 1902 2733 1972 Appellantur
2783 1912 3052 1972 praeterea
3099 1902 3325 1971 spiritus
3376 1899 3503 1954 mali
3531 1907 3578 1952 et

2017 1996 2190 2068 angeli
2222 1994 2386 2060 ntali,
2419 1995 2560 2050 sicut
2609 2003 2664 2050 et
2714 1995 2882 2049 David
2933 1994 3068 2049 dicit
3099 1993 3186 2047 l’3:
3217 2012 3236 2045 ι
3261 1991 3461 2047 Emisit
3506 1994 3578 2047 eis

2017 2093 2151 2146 iram
2211 2087 2601 2157 indignationis
2645 2103 2779 2152 suae,
2828 2086 3172 2140 emissionem
3217 2099 3317 2153 per
3364 2083 3576 2154 angelos

2014 2185 2182 2241 malos
2203 2201 2250 2250 ;ι
2287 2193 2345 2238 et
2373 2193 2432 2238 ut
2461 2181 2571 2254 (4|)
2606 2182 2659 2237 in
2695 2181 3005 2253 Regnorum
3038 2181 3194 2238 libris
3220 2181 3482 2251 scriptum
3502 2189 3579 2236 est

2012 2278 2079 2332 de
2109 2276 2235 2332 Saul
2267 2277 2348 2330 “z
2373 2294 2392 2327 ι
2423 2275 2491 2330 Ει
2515 2273 2754 2344 Spiritus
2779 2274 2990 2330 Domini
3016 2275 3265 2330 discessit
3293 2289 3323 2328 a
3349 2273 3506 2337 Saul,
3527 2284 3578 2328 et

2013 2370 2317 2426 sull'ocabat
2381 2384 2505 2424 eum
2567 2368 2791 2438 spiritus
2849 2368 3120 2439 malignus
3179 2383 3210 2422 a
3271 2367 3574 2431 Dominon

2016 2471 2181 2532 utque
2218 2462 2272 2516 in
2310 2461 2448 2516 libro
2468 2459 2720 2516 Iudicum
2766 2459 2880 2529 (Η)
2910 2460 3146 2515 refertur
3173 2478 3189 2515 :
3219 2477 3238 2512 ι
3265 2461 3332 2514 Et
3364 2460 3582 2514 immisit

2017 2554 2158 2608 Deus
2180 2552 2434 2622 spiritum
2462 2551 2760 2620 malignum
2793 2552 2936 2605 inter
2967 2553 3202 2606 medium
3244 2551 3577 2614 Altitnclech,

2013 2656 2072 2698 et
2101 2645 2246 2699 inter
2295 2644 2530 2699 medium
2584 2644 2825 2696 virorum
2884 2644 3252 2698 Sichimorum
3309 2645 3426 2699 ⁸³.»
3489 2643 3580 2698 Hic

2017 2750 2148 2804 ergo
2195 2735 2420 2804 spiritus
2476 2733 2764 2803 malignus,
2803 2734 2896 2803 qui
2947 2735 3146 2788 dicitur
3184 2735 3269 2788 vel
3305 2735 3485 2790 exisse
3531 2747 3582 2791 ut

2019 2827 2315 2881 suﬂ'ocaret
2369 2825 2522 2888 Sanl,
2580 2825 2665 2879 vel
2713 2825 3029 2882 Abimelech
3085 2827 3470 2897 Sichimosque
3529 2840 3580 2882 ut

2018 2920 2333 2983 dirimeret,
2378 2926 2434 2971 et
2457 2933 2487 2970 a
2531 2915 2756 2974 Domino
2798 2917 2979 2972 exisse
3011 2933 3076 2974 ac
3111 2921 3309 2975 missus
3331 2935 3453 2975 esse
3477 2936 3580 2974 me-

2020 3017 2286 3072 moratur,
2325 3019 2581 3078 tanquam
2645 3009 2890 3064 carnifex
2939 3009 3158 3078 quidam
3209 3010 3581 3078 intelligendus

2019 3111 2101 3154 est
2138 3101 2338 3155 missus
2363 3101 2431 3154 ad
2459 3101 2759 3171 exigendas
2809 3100 2878 3156 de
2929 3103 3316 3171 peccatoribus
3369 3117 3573 3173 positas.

2020 3193 2085 3247 Et
2110 3193 2359 3261 quamvis
2399 3192 2529 3248 mali
2576 3203 2800 3263 propter
2831 3196 3167 3265 propositum
3211 3212 3372 3251 suum
3403 3197 3582 3252 volun-

2019 3293 2291 3353 tatemque
2328 3285 2602 3351 dicantur,
2663 3286 2718 3341 in
2750 3287 2836 3342 his
2884 3296 3064 3342 tamen
3112 3290 3205 3356 qui
3236 3303 3398 3359 pcena
3442 3291 3579 3360 digni

2017 3387 2145 3431 sunt
2172 3377 2372 3432 divina:
2414 3377 2681 3434 voluntati
2709 3379 2973 3434 exhibent
3013 3380 3400 3446 ministerium,
3450 3385 3582 3436 sicut

2019 3479 2073 3523 et
2106 3468 2216 3534 ille,
2257 3471 2324 3524 de
2371 3483 2480 3539 quo
2517 3470 2685 3524 refert
2720 3469 2974 3526 Michzeas
3027 3473 3309 3542 propheta,
3363 3474 3581 3542 spiritus

338 3569 502 3624 ritum
548 3536 796 3621 sanctum
841 3576 994 3619 tuum
1044 3579 1111 3618 ne
1171 3536 1389 3618 auferas
1423 3536 1470 3616 a_
1506 3577 1592 3618 me
1645 3563 1725 3625 ";
1752 3581 1771 3613 ι
1829 3536 1910 3626 et,
1939 3536 1983 3596 (ἶ
2020 3562 2275 3627 mendax,
2308 3536 2424 3631 qui,
2473 3577 2597 3617 cum
2644 3579 2673 3616 a
2733 3564 2840 3618 Deo
2869 3536 3074 3619 dictum
3125 3536 3349 3629 fuisset,
3397 3536 3434 3618 ἰ
3463 3566 3580 3632 Quis

343 3679 362 3713 ι
405 3661 611 3732 Spiritu
645 3659 933 3728 principali
969 3657 1234 3713 confirma
1283 3672 1369 3711 me
1420 3657 1487 3723 ",
1528 3675 1546 3707 ι
1599 3657 1666 3711 de
1717 3657 1907 3711 eodem

335 3755 520 3808 dicere
583 3751 804 3806 videtur
851 3764 867 3803 :
927 3765 1196 3819 quemque
1239 3749 1597 3820 principalem
1646 3748 1908 3819 Spiritum

336 3857 620 3916 propterea
641 3842 880 3897 arbitror
903 3844 1266 3905 nominatum,
1297 3850 1355 3895 ttt
1382 3842 1764 3896 ostenderetur
1789 3857 1912 3897 esse

334 3939 552 4010 quidem
578 3936 781 3991 multos
812 3936 1074 4006 spiritus,
1103 3935 1197 3990 sed
1231 3938 1286 3989 in
1334 3935 1420 3990 his
1459 3935 1822 4005 principatum
1853 3945 1909 3989 et

335 4032 757 4085 dominationem
794 4031 938 4084 hunc
974 4026 1234 4097 Spiritum
1259 4037 1531 4088 sanctum,
1557 4026 1647 4096 qui
1675 4035 1731 4082 et
1759 4027 1910 4096 prin-

335 4123 527 4190 cipalis
574 4120 898 4190 appellatur,
939 4129 1145 4174 tenere.
1194 4118 1307 4187 (⁸59)
1358 4115 1512 4172 Sicut
1554 4118 1701 4171 enim
1749 4117 1905 4172 multi

336 4221 461 4266 sunt
503 4211 598 4264 lilii
651 4211 764 4268 Dei.
797 4219 856 4264 ut
891 4209 1172 4278 Scriptura
1205 4208 1378 4262 dicit:
1417 4225 1437 4258 ι
1468 4207 1580 4277 Ego
1632 4207 1741 4262 dixi
1776 4230 1787 4264 :
1819 4208 1900 4262 Dii

333 4304 489 4364 estis,
520 4313 576 4356 et
605 4301 701 4356 filii
742 4300 953 4355 Excelsi
1010 4315 1202 4354 omnes
1247 4300 1359 4365 ‘3,»
1415 4315 1554 4355 unus
1589 4309 1768 4356 tamen
1819 4312 1904 4355 est

336 4404 526 4448 natura
559 4394 725 4447 Filius
754 4402 806 4446 et
844 4393 1171 4459 Uuigenitus
1225 4393 1290 4446 de
1349 4390 1537 4456 Patre,
1591 4407 1687 4461 per
1737 4407 1902 4462 quem

335 4506 526 4544 omnes
555 4489 648 4543 filii
686 4487 1064 4558 appellantur,
1095 4487 1170 4540 ita
1211 4497 1266 4540 et
1307 4487 1532 4556 spiritus
1579 4485 1730 4540 mttlti
1775 4487 1901 4555 qui-

335 4581 457 4636 dem
489 4590 616 4635 sunt
664 4581 798 4651 μθ),
845 4581 936 4634 scd
969 4593 1106 4633 unus
1141 4587 1223 4632 est
1247 4577 1338 4647 qui
1369 4594 1496 4632 vere
1529 4593 1598 4632 ex
1647 4579 1763 4647 ipso
1795 4580 1905 4633 Deo

2015 3653 2240 3708 seducet
2265 3654 2395 3708 utihi
2422 3653 2654 3710 Achab?
2683 3674 2702 3709 ι
2739 3657 3020 3726 respondit
3049 3675 3064 3711 :
3101 3675 3121 3709 ι
3151 3657 3268 3726 Ego
3299 3657 3574 3713 seducam.

2014 3744 2078 3798 Et
2101 3745 2238 3800 dixit
2269 3747 2639 3802 Dominuszln
2663 3750 2811 3816 quo?
2843 3750 2914 3802 At
2944 3749 3065 3804 ille:
3087 3751 3210 3814 Ero,
3242 3751 3423 3818 inquit
3451 3751 3577 3823 (ιδ),

2013 3836 2238 3905 spiritus
2263 3837 2494 3892 mendax
2547 3837 2600 3891 in
2639 3853 2734 3892 ore
2779 3841 3020 3894 omnium
3050 3843 3465 3910 prophetarum,
3490 3862 3508 3893 ι
3531 3850 3584 3894 et

2013 3927 2192 3982 dicant
2245 3937 2306 3982 ut
2365 3929 2626 3983 ascendat
2681 3929 2733 3983 in
2774 3929 3000 3994 Galaad,
3033 3944 3088 3987 et
3131 3935 3206 3987 ibi
3245 3935 3430 3988 cadet.
3479 3934 3576 3987 ιΕι

2015 4025 2155 4080 dixit
2201 4025 2504 4079 Dominus:
2541 4025 2718 4091 Vade;
2758 4027 3006 4090 seduces,
3059 4037 3116 4081 et
3157 4028 3380 4097 quidem
3440 4039 3575 4096 pote-

2013 4116 2090 4171 ris
2117 4115 2184 4168 ⁸⁸⁵.
2211 4135 2230 4168 ι
2276 4115 2368 4172 Sic
2393 4131 2524 4186 ergo
2555 4122 2721 4171 etlam
2754 4117 2808 4171 hi
2849 4118 2943 4188 qui
2983 4118 3238 4172 dicutttur
3267 4119 3401 4172 mali
3428 4119 3580 4186 spiri-

2017 4217 2124 4273 tus,
2149 4206 2385 4262 cilicium
2419 4209 2526 4263 Deo
2543 4224 2682 4278 .erga
2711 4222 2996 4279 posterum
3035 4210 3299 4265 exhibent
3345 4212 3576 4265 ministe-

2017 4301 2118 4354 ria.
2150 4299 2288 4355 Sunt
2313 4309 2577 4370 prmterea
2618 4313 2674 4356 et
2706 4301 2797 4355 alii
2825 4302 3050 4371 spiritus
3071 4341 3087 4366 ,
3119 4303 3186 4356 de
3218 4303 3424 4372 quibus
3453 4303 3572 4357 dicit

2015 4390 2180 4445 David
2224 4410 2238 4445 :
2279 4411 2298 4443 ‹
2327 4393 2384 4446 lu
2433 4393 2625 4463 spiritu
2670 4393 2907 4448 violento
2943 4393 3055 4464 (44)
3115 4405 3373 4450 conteres
3420 4410 3572 4450 naves

2012 4479 2237 4538 Tharsis
2259 4485 2327 4550 δτς
2360 4504 2379 4537 ι
2407 4495 2462 4540 et
2496 4503 2514 4536 ι
2565 4487 2787 4554 spiritus
2816 4487 3065 4556 procella:
3103 4505 3124 4541 ›
3153 4488 3414 4543 dicuntur
3436 4489 3501 4555 ⁵⁸,
3525 4499 3571 4541 et

2017 4595 2037 4629 ι
2069 4576 2293 4646 spiritus
2330 4578 2546 4634 ardoris
2571 4580 2639 4632 δ’.
2667 4597 2688 4631 ι
2743 4579 2888 4647 Quos
2921 4589 3101 4635 tamen
3126 4595 3229 4650 ego
3267 4580 3569 4635 materiales

338 4672 606 4743 procedit,
639 4681 695 4726 et
725 4673 937 4727 caeteris
973 4671 1228 4726 omnibus
1269 4670 1517 4725 vocabuli
1550 4686 1613 4725 ac
1659 4671 1905 4726 sanctifi.
1937 4654 1984 4709 Β
2013 4671 2184 4740 magis
2217 4685 2382 4738 quam
2414 4673 2770 4728 rationabiles
2802 4673 3022 4744 spiritus
3051 4673 3305 4730 dixerim.

334 4765 566 4820 cationis
590 4779 702 4819 sua:
722 4762 951 4834 gratiam
979 4765 1164 4818 donat.
1195 4761 1348 4828 Quod
1372 4774 1552 4816 autem
1581 4760 1761 4831 plures
1789 4761 1898 4818 sint

2082 4762 2138 4814 2.
2163 4760 2282 4815 Tali
2317 4763 2482 4832 igitur
2507 4765 2573 4819 de
2594 4764 2950 4836 appellatione
2977 4766 3200 4834 spiritus
3232 4765 3567 4821 distinctione

405 4903 452 4933 "
487 4899 646 4956 Rom.
664 4900 882 4966 vnn”.
950 4901 995 4932 "
1025 4900 1153 4953 ibid.
1179 4901 1265 4954 l5.
1340 4899 1386 4930 “
1420 4899 1550 4951 ibid.
1579 4897 1665 4952 l6.
1744 4900 1788 4930 “
1819 4898 1837 4952 l
1865 4901 1991 4956 Cor.
2020 4917 2118 4967 xu,
2141 4902 2196 4955 2.
2275 4901 2321 4934 ‘°
2354 4901 2494 4956 Psal.
2527 4922 2584 4968 ι,
2611 4903 2692 4958 l5.
2763 4902 2955 4957 "ibid.
2986 4903 3074 4957 M.
3149 4901 3195 4934 ⁸³
3221 4900 3366 4957 Psal.
3392 4917 3563 4961 Lxxxt,

335 4972 390 5026 6.
461 4971 506 5002 ⁸³
560 4970 722 5027 llehr.
781 4987 831 5032 t,
868 4971 954 5024 M.
1033 4972 1078 5002 ⁵⁰
1142 4970 1279 5027 Psal.
1315 4983 1456 5028 cut.
1495 4968 1550 5021 4.

1625 4969 1670 5039 ει
1714 4969 1848 5024 Dan.
1881 4987 1894 5024 ι

2081 5014 2088 5029 .
2169 4971 2272 5028 ⁵³1
2336 4972 2532 5028 Thess.
2565 4991 2618 5039 v,
2651 4974 2741 5029 25.
2821 4973 2868 5004 ⁸³
2913 4973 3078 5034 Psal.
3133 4988 3358 5038 Lxxvu,
3415 4973 3501 5026 49.

335 5041 415 5096 ⁵⁸1
446 5042 578 5112 Reg.
614 5058 722 5108 xvr,
757 5042 843 5096 l4.
915 5042 960 5072 "
989 5041 1164 5096 Judic.
1193 5058 1270 5105 Ix,
1290 5039 1382 5094 Ξῖ).
1459 5041 1503 5070 ⁵⁸
1528 5039 1592 5094 ιιι
1621 5038 1754 5110 Reg.
1785 5056 1922 5104 xxtt,
1962 5041 2054 5095 9.0.
2136 5042 2340 5098 "Psal.
2360 5059 2530 5112 van,
2559 5038 2612 5100 8.
2688 5045 2734 5076 ⁸³
2768 5042 2911 5098 Psal.
2936 5043 3128 5110 cv,25.
3203 5044 3250 5076 ⁵⁸
3276 5043 3402 5107 lsai,
3432 5040 3562 5106 tv,£.

408 5160 517 5229 (56)
557 5155 762 5229 Reddit.
793 5157 960 5220 Alias,
979 5159 1227 5224 tprazhet;
1253 5154 1712 5229 ial.,_t_perh_ibet.
1737 5175 1756 5229 φ

408 5160 496 5229 (56
557 5160 762 5212 Reddit.
793 5160 960 5220 Alias,
979 5160 1227 5224 tprazhet;
1253 5160 1374 5218 ral.,
1402 5172 1420 5204 α
1441 5160 1712 5220 perhibet.
1737 5175 1756 5208 ι

405 5160 520 5302 (57)
534 5227 641 5302 _Sic
673 5245 772 5283 ms.
807 5229 1164 5302 unus-llegius
1189 5245 1342 5302 nuu_t._
1365 5226 1524 5280 1659.
1554 5225 1758 5302 Cameri
1777 5242 1904 5302 vero

340 5293 787 5365 tus's.,'Rabauus
823 5309 878 5353 et
909 5293 1070 5362 editi,
1114 5315 1132 5348 ι
1157 5298 1249 5368 qui
1292 5299 1434 5352 idem
1462 5303 1545 5350 est.
1573 5307 1629 5352 et
1667 5293 1904 5367 Spiritus

331 5371 562 5436 Christi,
587 5387 605 5421 ι
637 5379 743 5425 etc.

333 5511 372 5564 ἀ
411 5439 668 5561 (ῗ8)Με.
703 5454 860 5504 unus,
921 5437 1105 5492 «sicut
1152 5452 1394 5507 praesens
1449 5436 1692 5509 Apostoli
1751 5435 1903 5491 locus

376 5525 436 5563 ec
461 5519 593 5564 arat.
625 5530 642 5562 ι

376 5519 593 5564 eclarat.
625 5530 642 5562 ι

413 5580 522 5649 (59)
547 5581 686 5649 γνὶάθ
739 5586 868 5634 ιοηι.
907 5600 962 5643 v,
993 5579 1046 5630 in
1065 5577 1346 5638 Joannem,
1382 5593 1502 5649 pag.
1537 5579 1626 5649 99.

411 5644 525 5718 (40)
539 5648 636 5703 Ms.
675 5666 814 5705 unus
847 5649 1042 5718 Regius
1068 5664 1216 5703 num.
1248 5644 1407 5714 1659,
1448 5644 1476 5699 ἱ
1493 5658 1547 5704 et
1576 5647 1900 5718 Unigenitus

336 5731 372 5773 ι
395 5717 575 5785 Patre,
605 5735 698 5788 per
730 5733 888 5790 quem
915 5717 1117 5788 omnia,
1151 5730 1205 5775 et
1235 5734 1264 5775 a
1289 5734 1398 5790 quo
1433 5720 1526 5776 lilii
1557 5717 1900 5789 appellantur

2016 5155 2203 5220 multi;
2245 5157 2317 5210 ita
2352 5167 2406 5211 et
2428 5157 2654 5226 spiritus
2686 5159 2904 5227 quidem
2933 5157 3087 5212 mttlti
3117 5167 3270 5225 sunt;
3297 5176 3317 5210 ›
3347 5159 3448 5226 aL,
3469 5159 3560 5212 «ita

2012 5237 2069 5282 et
2097 5229 2317 5296 spiritus
2343 5228 2390 5296 si
2419 5227 2636 5296 quidem
2669 5239 2796 5283 sunt
2831 5229 3005 5283 multi.
3027 5246 3047 5280 ι

2082 5295 2194 5364 (41)
2230 5295 2320 5350 Ut.
2357 5295 2519 5352 Deest
2541 5297 2593 5351 in
2619 5299 2800 5354 editis.

2082 5365 2194 5438 (ιὲ)
2225 5366 2396 5438 Alias,
2439 5387 2456 5417 ι
2493 5377 2655 5438 atque
2686 5369 2908 5438 inﬁlibro
2931 5366 3204 5423 Judicum.
3230 5389 3251 5422 ι

2081 5431 2192 5510 (4³5)
2217 5431 2404 5510 Alias,
2437 5455 2454 5488 ι
2475 5431 2699 5510 Αἰίίιιθ,
2736 5437 2862 5505 Ero,
2889 5440 3083 5509 inquit,
3110 5459 3131 5491 ι
3159 5449 3268 5494 etc.
3291 5439 3357 5494 Et
3385 5449 3555 5510 postea

2007 5507 2158 5577 editi,
2204 5525 2224 5559 ι
2248 5508 2496 5575 equidem
2529 5509 2747 5577 p0teris.
2773 5526 2794 5561 ι

2081 5576 2194 5648 (44)
2257 5577 2311 5630 In
2357 5576 2716 5635 libris’antea
2774 5577 2938 5636 editis
2973 5579 3124 5636 deest
3162 5599 3180 5632 ι
3206 5579 3403 5646 David,
3440 5598 3461 5632 ι
3509 5586 3555 5632 et

2013 5668 2033 5699 σ
2058 5647 2311 5703 violento.
2335 5667 2355 5700 ι
