3692 6138
121 340 264 398 “05

1077 341 1433 398 COMMENT.
1471 341 1539 397 IN
1575 341 1793 398 EPIST.
1831 343 1920 397 AD
1955 341 2120 398 ROM.
2161 341 2290 396 LIB.
2325 340 2432 396 Vll.

3233 346 3385 403 1106-

117 459 434 530 premissa,
464 475 612 516 nunc
647 460 791 531 quod
832 462 991 525 dixit,
1045 483 1064 513 ι
1091 462 1204 518 Νοη
1234 464 1380 519 enim
1410 466 1700 534 accepistis
1729 471 1774 527 Α
1802 481 1925 518 mur
1975 464 2019 496 “
2055 463 2194 534 (49).
2223 482 2242 516 ι
2304 465 2424 533 Ipse
2470 477 2607 533 ergo
2659 462 2882 532 spiritus
2920 462 3244 537 adoptionis
3273 481 3367 534 per

116 556 376 625 spiritum
413 556 702 611 servitutis
732 557 928 611 iterum
957 558 1010 611 in
1043 558 1256 622 timore,
1287 561 1379 614 sed
1413 561 1700 630 accepistis
1799 572 1959 627 quem
1992 559 2048 612 in
2070 557 2239 612 ﬁlium
2266 559 2388 627 quis
2419 559 2705 626 adoptatur
2746 559 2882 628 (50),
2918 560 3095 614 reddit
3121 562 3366 615 testimo-

117 648 374 716 spiritum
427 649 737 715 adoptionis
792 649 1047 715 ﬁliorum,
1100 650 1154 704 in
1204 665 1312 720 quo
1364 649 1694 708 clamamus:

113 741 270 795 Abba
298 738 485 812 [Pater
513 741 559 773 “
585 739 747 814 (45)],
777 760 796 793 ι
820 740 979 810 quale
998 741 1070 795 sit
1093 741 1391 798 videamus.
1422 743 1696 812 Scriptum

1798 649 1970 711 nium,
2018 658 2073 703 et
2113 648 2403 703 conﬁrmat
2437 649 2694 718 spiritum
2725 661 2966 703 nostrum
3008 651 3135 718 quia
3179 666 3366 706 sumus

1797 739 1892 794 ﬁlii
1921 739 2038 805 Dei,
2079 751 2432 810 posteaquam
2462 756 2492 793 a
2522 740 2712 808 spiritu
2733 741 3007 795 servitutis
3036 741 3086 794 in
3121 742 3366 810 adoptio-

114 841 202 886 est
229 843 288 888 et
315 833 373 888 in
409 833 674 890 Malacltia
704 835 966 904 pr0pheta
997 833 1042 866 “
1072 852 1087 890 :
1123 854 1143 887 ι
1169 835 1339 892 Filius
1372 837 1698 893 honoriﬁca:
1797 831 1883 886 nis
1908 831 2163 901 spirituum
2199 831 2514 886 venerimus
2539 871 2554 894 ,
2583 847 2704 885 cum
2728 830 2838 899 jam
2866 832 3003 886 nihil
3037 832 3176 887 inest
3203 833 3364 888 timo-

114 932 358 991 patrem,
389 932 445 979 et
473 940 666 980 servus
693 925 971 980 dominum
999 940 1157 981 suum
1185 941 1200 976 :
1228 937 1283 982 et
1308 928 1352 982 si
1387 927 1547 983 Pater
1575 944 1694 983 sum

112 1028 240 1080 ego,
285 1016 374 1069 ubi
405 1025 490 1071 est
528 1017 704 1071 honor
729 1019 919 1073 meus?
944 1031 1002 1073 et
1033 1019 1076 1073 si
1122 1018 1385 1074 Dominus
1414 1037 1516 1091 ego
1550 1037 1691 1087 sum,

112 1105 208 1158 ubi
239 1117 324 1160 est
356 1107 518 1160 timor
551 1109 744 1163 meus?
801 1109 933 1164 dicit
977 1109 1237 1164 Dominus
1273 1113 1636 1182 omnipotens.
1666 1134 1687 1168 ι

111 1194 340 1250 Certum
364 1207 448 1252 est
485 1207 666 1252 autem
693 1201 836 1267 quod
867 1200 1011 1255 ﬁlius
1047 1203 1171 1270 quis
1199 1203 1288 1257 Dei
1317 1219 1412 1273 per
1441 1206 1690 1273 adoptio-

112 1287 204 1340 nis
226 1287 478 1354 spiritum
511 1289 640 1353 ﬁat,
695 1304 887 1370 servus
929 1300 1110 1346 autem
1153 1292 1246 1347 Dei
1300 1295 1690 1363 per,spiritum

110 1377 416 1433 servitutis.
466 1377 680 1434 initium
731 1396 865 1452 ergo
897 1383 1169 1436 serviendi
1209 1385 1340 1448 Deo,
1371 1385 1502 1453 quia
1535 1403 1554 1436 t
1583 1385 1691 1440 ini-

111 1471 255 1524 tium
291 1471 569 1541 sapientie
601 1473 762 1527 timor
783 1473 996 1529 Domini
1027 1495 1046 1528 ι
1099 1486 1185 1532 est
1211 1477 1278 1542 “,
1313 1493 1407 1546 per
1438 1480 1686 1549 spiritum

117 1561 332 1618 timoris
361 1565 634 1633 impletur,
661 1580 781 1619 cum
814 1567 1072 1635 parvulus
1101 1570 1278 1625 adhuc
1306 1572 1432 1640 quis
1463 1573 1684 1630 dicitur.

112 1652 186 1708 Et
208 1657 447 1724 parvulis
475 1657 696 1726 quidem
737 1659 1057 1729 pedagogos
1089 1669 1175 1716 est
1219 1662 1401 1718 timor.
1449 1663 1604 1720 Unde
1635 1676 1690 1721 et

110 1748 405 1816 Apostolus
438 1750 504 1804 de
551 1750 641 1804 tali
687 1751 911 1819 parvulo
959 1753 1090 1808 dicit
1125 1770 1141 1808 :
1187 1772 1204 1805 t
1229 1753 1474 1822 Quandiu
1512 1758 1686 1814 haeres

1795 925 1889 988 ris,
1926 925 1982 979 id
2004 935 2086 980 est
2117 925 2249 980 nihil
2297 935 2520 996 propter
2544 935 2743 980 metum
2770 939 2942 995 pene
2957 925 3195 995 gerimus
3224 926 3362 996 (51),

1792 1016 1888 1070 sed
1952 1025 2181 1086 propter
2241 1031 2481 1071 amorem
2549 1017 2719 1087 patris
2771 1027 2968 1072 cuncta
3027 1018 3359 1086 perﬁciunts.

1793 1105 1936 1163 Bene
1962 1117 2144 1163 autem
2193 1122 2299 1163 non
2335 1109 2551 1172 anime,
2604 1111 2699 1162 sed
2726 1109 2962 1178 spiritui,
3021 1110 3113 1178 qui
3172 1109 3360 1163 melior

1792 1196 1907 1270 (52)
1955 1199 2007 1252 in
2059 1198 2277 1252 homine
2321 1213 2447 1268 pars
2475 1208 2579 1264 est,
2625 1199 2826 1253 dicitur
2867 1201 3089 1254 reddere
3122 1201 3364 1254 testimo-

1791 1289 1940 1344 nium
1971 1287 2132 1358 595
2167 1287 2403 1357 Spiritus
2437 1289 2549 1344 Dei.
2598 1287 2784 1345 Potest
2831 1299 3011 1345 autem
3067 1291 3132 1344 ad
3163 1290 3366 1345 discre-

1791 1381 1990 1436 tionem
2029 1397 2217 1436 eorum
2253 1382 2343 1451 qui
2379 1381 2568 1452 spiritu
2619 1379 2894 1435 servitutis
2939 1390 3173 1449 aguntur
3205 1382 3256 1435 in
3287 1383 3360 1435 ti-

1789 1487 1964 1537 more,
1993 1483 2048 1528 et
2075 1487 2262 1527 eorum
2294 1473 2384 1542 qui
2420 1473 2612 1543 spiritu
2639 1471 2894 1537 ﬁliorum,
2917 1473 3081 1527 etiam
3115 1472 3244 1526 illud
3273 1489 3361 1526 as-

1787 1564 1966 1627 sumi,
2013 1564 2156 1634 quod
2189 1564 2465 1619 Abraham
2525 1563 2895 1618 hereditatem
2949 1564 3166 1632 quidem
3200 1578 3357 1618 suam

1787 1654 1933 1709 dedit
1965 1654 2134 1718 Isaac,
2170 1654 2294 1708 tiliis
2319 1669 2447 1709 vero
2471 1653 2792 1709 ancillarum
2823 1652 2908 1708 vel
2931 1653 3355 1709 concubinarum

1787 1762 1896 1802 non
1921 1748 2315 1814 hereditatem,
2352 1747 2445 1802 sed
2479 1749 2618 1800 dona
2651 1746 2848 1802 dicitur
2876 1747 3088 1802 dedisse
3116 1747 3202 1802 vel
3236 1763 3356 1802 mu-

110 1841 372 1908 parvulus
399 1849 504 1904 est,
529 1841 663 1896 nihil
694 1841 929 1898 differta
964 1860 1144 1913 servo,
1183 1861 1304 1901 cum
1333 1848 1405 1902 sit
1431 1846 1687 1905 dominus
1720 1827 1765 1882 Β
1789 1856 1918 1895 nera
1953 1841 2019 1895 ⁸⁷.
2047 1839 2102 1895 lu
2141 1855 2250 1910 quo
2283 1841 2398 1894 sine
2451 1841 2612 1894 dubio
2643 1839 2747 1895 hoc
2801 1842 3156 1896 adumbratur
3195 1841 3312 1911 (55)
3335 1877 3356 1907 ,

109 1932 361 1987 omnium
397 1949 413 1997 ;
451 1935 546 1989 sed
593 1935 694 1989 sub
724 1936 997 1991 tutoribus
1037 1946 1092 1991 et
1123 1941 1568 2006 procuratoribus
1605 1952 1687 1998 est

109 2036 287 2092 usque
325 2023 392 2078 ad
428 2023 753 2094 preﬁnitum
809 2035 1020 2096 tempus
1061 2045 1091 2084 a
1134 2040 1327 2100 patre;
1365 2033 1439 2088 ita
1469 2043 1524 2089 et
1549 2050 1686 2097 nos,

108 2129 236 2167 cum
268 2130 515 2172 essemus
537 2119 770 2187 parvuli,
813 2121 914 2176 sub
957 2120 1240 2180 elementis
1291 2124 1451 2193 hujus
1498 2131 1684 2184 mundi

106 2221 329 2263 eramus
355 2209 654 2266 servientes
686 2211 755 2266 “.
782 2230 804 2265 ι
855 2211 1018 2269 Vides
1041 2216 1338 2271 secundum
1372 2211 1683 2277 concessam

107 2297 212 2352 sibi
239 2315 268 2352 a
303 2300 412 2354 Deo
441 2302 760 2371 sapientiam
801 2303 1001 2360 Paulus
1036 2310 1310 2375 quomodo
1341 2311 1565 2380 spiritus
1590 2313 1681 2381 qui

108 2389 313 2444 dantur
339 2392 391 2445 in
423 2393 618 2448 timore
649 2394 784 2465 (46),
827 2394 914 2451 hic
965 2406 1175 2454 tutores
1215 2402 1566 2467 parvulorum
1617 2419 1683 2459 ac

107 2492 496 2550 procuratores
540 2487 913 2556 appellaverit,
956 2490 1049 2562 qui
1091 2509 1530 2564 unumquemque
1579 2510 1679 2550 no-

107 2584 286 2626 strum
336 2576 509 2632 donec
559 2581 823 2646 parvulus
855 2594 959 2648 est,
1017 2586 1312 2651 secundum
1363 2586 1678 2643 interiorem

103 2664 380 2722 hominem
408 2668 462 2722 in
495 2669 693 2726 timore
717 2677 1030 2731 custodiant
1055 2675 1190 2748 (47),
1227 2693 1508 2748 usquequo
1527 2679 1595 2734 ad
1627 2681 1679 2735 id

101 2760 285 2813 etatis
315 2762 496 2815 veniat
531 2777 640 2833 quo
673 2765 920 2835 spiritum
957 2767 1263 2838 adoptionis
1296 2769 1530 2825 ﬁliorum
1565 2787 1679 2826 me-

108 2859 298 2904 reatur
331 2854 602 2924 accipere,
651 2867 707 2911 et
735 2857 943 2924 sitiam
977 2860 1119 2915 ﬁlius
1167 2876 1232 2915 ac
1261 2862 1517 2918 dominus
1559 2879 1678 2918 om-

103 2941 278 2996 nium.
307 2959 328 2992 ι
354 2942 544 3000 Omnia
571 2948 738 3014 enim,
761 2950 957 3018 inquit,
983 2961 1160 3006 vestra
1184 2960 1311 3007 sunt
1338 2954 1437 3018 ⁸⁸.»
1468 2965 1522 3010 et
1551 2971 1674 3011 cum

100 3030 320 3088 Christo
345 3037 500 3092 nobis
537 3037 679 3096 Deus
706 3041 886 3096 omnia
908 3043 1126 3098 donavit
1163 3044 1208 3076 ⁸⁵
1235 3045 1369 3117 (48).
1402 3046 1514 3103 Hoc
1546 3063 1678 3117 ergo

99 3131 184 3177 est
211 3124 543 3225 quod-docet
569 3129 784 3225 Pauius.
811 3133 937 3202 quia
969 3145 1320 3205 posteaquam
1349 3140 1672 3195 commortui
1702 3166 1745 3225 ρ

97 3232 292 3272 sumus
310 3218 556 3287 Christo,
583 3233 638 3276 et
670 3221 912 3292 Spiritus
931 3228 1052 3296 ejus
1075 3225 1251 3282 factus
1287 3241 1372 3284 est
1410 3230 1462 3284 in
1494 3232 1671 3296 nobis,

97 3325 205 3364 non
227 3310 424 3364 iterum
451 3313 700 3380 spiritum
723 3317 1002 3374 servitutis
1027 3321 1337 3389 accepimus
1375 3321 1426 3375 in
1455 3324 1672 3389 timore,

97 3401 201 3456 hoc
225 3409 334 3467 est,
363 3415 470 3457 nou
490 3418 682 3460 rursus
704 3408 908 3476 parvuli
939 3417 994 3464 et
1019 3410 1170 3465 initia
1196 3412 1460 3469 habentes
1492 3416 1671 3474 eti‘ecti

92 3503 308 3554 sumus,
353 3490 448 3545 sed
495 3485 668 3562 quasi
693 3496 920 3565 perfecti
976 3501 1144 3556 semel
1199 3503 1315 3572 jam
1362 3507 1672 3577 accepimus

90 3582 349 3648 spiritum
381 3585 709 3656 adoptionis,
737 3606 757 3640 ι
783 3590 836 3644 ἰη
860 3605 967 3660 quo
997 3611 1016 3645 ι
1055 3595 1250 3663 spiritu
1296 3615 1317 3650 t
1336 3599 1666 3658 clamamus:

89 3673 252 3729 Abba
286 3673 472 3732 Pater.
503 3697 524 3730 ι
559 3679 746 3750 Neque
781 3683 928 3737 enim
969 3695 1178 3754 patrem
1219 3690 1358 3748 alius
1401 3696 1522 3762 quis
1562 3697 1667 3752 nisi

89 3765 242 3822 ﬁlius
274 3778 451 3825 vocat.
483 3769 639 3838 Quod
676 3788 805 3829 vero
833 3776 1002 3845 addit,
1040 3795 1060 3830 ι
1089 3779 1307 3843 Abba.)
1340 3788 1526 3855 patrie
1559 3788 1664 3843 lin-

85 3875 214 3929 gue
241 3860 508 3918 vocabulo
539 3865 592 3920 id
615 3866 789 3934 ipsum
820 3868 1061 3938 iteravit,
1104 3873 1251 3928 velut
1287 3876 1334 3930 si
1397 3879 1662 3938 dixisset:

89 3955 280 4016 l'ater,
311 3964 481 4022 pater.

161 4042 220 4097 5.
253 4060 273 4094 ι
302 4043 596 4128 Ιμδθνεηίηι
629 4046 868 4116 Spiritus
903 4050 1272 4107 testimonium
1306 4057 1480 4111 reddit
1501 4059 1664 4128 spiri-

1789 1934 1929 2002 quod
1956 1947 2056 1987 nec
2091 1932 2166 1986 ilh
2199 1932 2412 2000 quidem
2447 1932 2660 2001 penitus
2691 1943 3018 2000 spernuntur
3055 1933 3146 2002 qui
3175 1934 3358 1988 adhuc

1788 2023 1842 2077 in
1869 2021 2059 2076 timore
2089 2020 2332 2076 serviunt
2361 2019 2498 2083 Deo,
2543 2019 2637 2074 sed
2668 2028 2794 2073 sunt
2819 2019 2925 2074 illis
2957 2022 3122 2084 dona,
3151 2029 3277 2074 sunt
3302 2028 3358 2075 et

1788 2128 2041 2177 munera,
2083 2113 2376 2167 hereditas
2410 2120 2588 2164 tamen
2627 2125 2723 2180 per
2766 2124 2927 2178 quam
2959 2111 3175 2166 Christo
3220 2127 3353 2166 con-

1785 2204 2174 2273 gloriﬁcautur,
2202 2217 2390 2256 eorum
2415 2211 2498 2254 est
2523 2201 2614 2270 qui
2641 2201 2948 2271 adoptionis
2962 2201 3211 2268 spiritum
3241 2215 3356 2257 me-

1787 2305 1976 2350 rentur
2007 2295 2278 2364 accipere.
2306 2290 2436 2347 Post
2490 2293 2606 2347 haec
2646 2293 2756 2362 jam
2789 2306 2858 2348 ex
2900 2293 3364 2363 consequentibus

1785 2387 2154 2458 syllogismum
2185 2387 2354 2441 nectit
2381 2385 2704 2454 Apostolus,
2723 2393 2778 2440 et
2803 2385 2974 2440 dicit:
3005 2383 3065 2439 Si
3101 2386 3370 2455 spiritum

1784 2477 2091 2546 adoptionis
2116 2476 2445 2546 accepimus,
2479 2491 2611 2546 ergo
2641 2476 2735 2530 ﬁlii
2770 2492 2980 2532 sumus.
3010 2477 3163 2543 Quod
3186 2478 3231 2531 si
3283 2479 3353 2532 ﬁ-

1782 2573 1840 2628 lii
1865 2585 2072 2634 sumus,
2098 2570 2216 2626 sine
2261 2569 2426 2624 dubio
2467 2579 2521 2622 et
2576 2569 2818 2624 heredes
2868 2569 3002 2641 (54).
3046 2569 3352 2627 Mercedem

1783 2677 2020 2732 namque
2040 2677 2231 2717 servus
2245 2671 2546 2730 exspectat.
2581 2662 2947 2718 hereditatem
2974 2661 3120 2718 ﬁlius
3145 2676 3350 2735 sperat.

1781 2753 1850 2808 Et
1881 2769 2066 2809 rurstts
2087 2752 2233 2807 aliud
2263 2753 2416 2808 addit
2441 2751 2562 2824 (55)
2575 2753 2940 2809 conclusionis
2960 2765 3308 2824 augmentum
3331 2773 3346 2809 :

1785 2860 1808 2894 ι
1836 2842 2094 2898 Heredes
2110 2843 2326 2911 quidem
2348 2842 2468 2910 Dei,
2491 2843 2802 2898 coheredes
2816 2853 2995 2900 autem
3013 2843 3217 2900 Christi
3243 2845 3310 2900 °°.
3323 2864 3350 2898 ι

1779 2932 1963 2988 Heres
1995 2932 2363 3003 quiseﬁicitur
2390 2931 2508 2998 Dei,
2539 2948 2660 2987 cum
2696 2948 2816 3002 que
2849 2933 2942 2989 Dei
2962 2944 3086 2988 sunt
3111 2943 3352 2990 meretur

1779 3027 2058 3096 accipere,
2114 3025 2166 3079 id
2221 3033 2305 3081 est
2358 3024 2782 3094 incorruptionis
2825 3034 2880 3078 et
2927 3025 3351 3082 immortalitatis

1780 3117 2028 3189 gloriam,
2073 3117 2355 3172 thesauros
2381 3116 2663 3186 sapientie
2709 3123 2766 3170 et
2814 3115 3057 3171 scientie
3102 3118 3351 3172 recondi-

1783 3221 1868 3266 tos
1891 3211 1977 3266 ‘9;
2009 3213 2254 3265 coheres
2287 3208 2402 3281 (56)
2429 3222 2556 3262 vero
2583 3207 2819 3276 Christi,
2851 3225 2972 3264 cum
3021 3228 3040 3261 ι
3083 3209 3348 3265 transfor-

1780 3303 1949 3357 mabit
1978 3317 2180 3372 corpus
2208 3301 2530 3356 humilitatis
2556 3310 2758 3357 nostre
2796 3301 3078 3356 conforme
3125 3301 3344 3370 corpori

1780 3396 2044 3452 claritatis
2099 3411 2211 3450 sue
2239 3394 2309 3459 ⁷⁸,
2348 3413 2368 3448 ι
2405 3396 2500 3450 sed
2527 3406 2582 3451 et
2621 3395 2737 3467 (57)
2763 3411 2888 3450 cum
2942 3394 3069 3449 illud
3116 3395 3348 3463 adipisci

1780 3487 2042 3542 meruerit
2061 3486 2207 3556 quod
2236 3484 2366 3540 dicit
2392 3485 2507 3555 ipse
2535 3484 2786 3540 Salvator
2813 3503 2826 3540 :
2869 3503 2888 3537 ι
2931 3484 3114 3553 Pater,
3141 3487 3264 3540 volo
3288 3495 3349 3540 ut

1779 3581 1872 3636 ubi
1904 3595 2004 3650 ego
2039 3595 2182 3644 sum,
2209 3587 2264 3633 et
2290 3578 2380 3633 iSti
2419 3579 2528 3634 sint
2559 3595 2766 3633 mecum
2793 3580 2860 3632 τι.
2897 3597 2922 3631 ι
2963 3578 3061 3633 Est
3087 3589 3346 3648 praeterea

1779 3671 1893 3744 (58)
1931 3681 1986 3727 et
2013 3671 2106 3726 illa
2129 3670 2364 3742 dignitas
2388 3671 2731 3727 coheredum
2755 3669 2985 3737 Christi,
3007 3671 3150 3740 quod
3178 3669 3342 3724 Pater

1773 3765 1992 3834 quidem
2020 3782 2045 3818 ε
2077 3779 2242 3819 omne
2263 3763 2528 3835 judicium
2557 3765 2702 3819 dedit
2727 3763 2863 3819 Filio
2884 3766 2951 3816 τ’.
2987 3783 3008 3815 ι
3043 3761 3146 3822 Sed
3172 3761 3341 3818 etFi--

1772 3857 1881 3911 lius
1934 3856 2066 3911 dicit
2108 3858 2175 3910 ad
2241 3854 2556 3912 coheredes
2590 3871 2719 3912 suos
2753 3873 2766 3910 ε
2806 3875 2824 3908 t
2863 3856 3132 3913 Sedebitis
3155 3866 3214 3912 et
3247 3872 3345 3910 vos

1775 3963 1938 4017 super
1970 3947 2256 4004 duodecim
2290 3948 2543 4014 thronos,
2589 3947 2896 4015 iudicantes
2937 3948 3220 4004 duodecim
3250 3948 3344 4001 tri-

1772 4039 1872 4094 bus
1893 4039 2058 4094 Israel
2089 4038 2158 4094 ⁷³.
2196 4058 2215 4092 ι
2255 4039 2320 4094 Et
2352 4039 2456 4094 hoc
2489 4041 2651 4094 tnodo
2689 4041 3001 4096 coheredes
3031 4055 3160 4095 suos
3185 4039 3341 4095 Chri-

86 4135 168 4188 tui
209 4127 589 4207 nostro,’quod
625 4154 813 4194 sumus
853 4141 946 4196 ﬁlii
983 4141 1100 4201 Dei,
1145 4143 1202 4198 Si
1249 4157 1428 4201 auiem
1460 4127 1576 4216 ﬁlii,
1607 4161 1663 4206 ει
1769 4143 1886 4218 stus
1923 4148 2029 4186 non
2053 4133 2228 4187 solum
2276 4131 2332 4186 in
2383 4140 2596 4202 partem
2651 4132 3006 4196 hereditatis,
3046 4132 3140 4186 sed
3172 4132 3345 4187 etiam

84 4227 368 4292 heredes;
429 4229 671 4285 heredes
717 4232 934 4301 quidem
969 4235 1060 4292 Dei
1082 4277 1098 4300 ,
1133 4238 1443 4294 ocimi-edes
1483 4253 1662 4298 amem
1696 4234 1742 4289 ο
1770 4226 1824 4279 ἱη
1855 4226 2191 4281 consortium
2224 4225 2510 4295 potestatis
2538 4225 2777 4280 adducit.
2816 4242 2838 4276 ι
2869 4225 2925 4278 Si
2953 4235 3154 4289 tamen,
3197 4243 3216 4276 ι
3255 4225 3337 4278 in-

80 4313 294 4368 Christi
320 4313 401 4368 :si
445 4323 623 4370 tamen
657 4323 1036 4388 compatimur,
1087 4331 1147 4376 ttt
1187 4333 1245 4378 et
1287 4325 1663 4394 congloriﬁce-

1770 4319 1910 4389 quit,
1936 4338 1954 4373 ι
1983 4319 2365 4388 compatimur,
2398 4327 2457 4371 ut
2473 4326 2530 4373 et
2557 4317 3025 4387 congloriﬁcemur
3043 4316 3142 4371 ⁷⁸.»
3176 4316 3339 4372 Com-

163 4457 209 4489 ⁶⁶
239 4456 401 4539 Dom.
425 4475 553 4539 viti,
587 4461 672 4539 i_5_.
751 4462 1048 4539 ‘_‘_biaiach.
1079 4481 1120 4530 ι,
1154 4465 1209 4539 6.
1286 4467 1330 4539 9’
1354 4466 1524 4524 Eccli.
1552 4486 1591 4534 ι,
1623 4472 1643 4525 Ι

1854 4471 2034 4527 Galat.
2067 4488 2144 4539 tv,
2179 4475 2296 4530 1-5.
2371 4475 2418 4507 ⁸⁸
2442 4474 2464 4528 ι
2491 4476 2614 4530 Cor.
2653 4491 2742 4538 nt,
2772 4474 2862 4528 22.
2939 4474 2983 4505 "
3020 4473 3178 4528 Rom.
3206 4489 3336 4537 vm,

331 4529 461 4616 Ψίάο
482 4533 572 4597 ίθν
764 4528 1124 4616 Ἶβξξηχξπνμ
1267 4538 1333 4616 ξς
1355 4528 1664 4616 Βοιεηκγὺγ,
1689 4542 1777 4596 17.
1855 4528 2218 4616 "Colossi",
2247 4528 2301 4600 3.
2373 4546 2420 4578 τ’
2443 4528 2752 4616 Pbilip.itt',
2775 4545 2863 4598 21.
2939 4545 2984 4576 ⁷⁸
3015 4542 3174 4599 Joan.
3201 4528 3333 4606 xvu;

80 4599 182 4652 24.
258 4598 304 4631 ⁷⁸
334 4596 493 4657 Joan.
518 4596 572 4668 v,
599 4603 692 4658 22.
799 4605 845 4636 ⁷³
868 4604 1056 4661 Matth.
1089 4596 1180 4660 xix
1209 4647 1226 4672 ,
1265 4607 1355 4662 28.

162 4714 276 4786 (45)
320 4715 429 4794 Sed
460 4720 749 4794 accepistis»
779 4721 1021 4794 spiritum
1067 4722 1366 4794 adoptionis
1407 4726 1658 4794 ﬁliorum,

78 4786 137 4838 iu
162 4803 268 4854 quo
297 4786 631 4843 clamamus:
651 4792 816 4855 Abba,
852 4788 1030 4845 Pater.
1065 4786 1191 4846 Haec
1217 4786 1416 4850 desunt.
1445 4797 1498 4852 in
1527 4786 1660 4853 mss:

79 4857 372 4910 codicihns
399 4860 627 4920 nostris,
665 4862 760 4915 sed
797 4863 1088 4916 exstantin
1120 4863 1304 4919 editis.

158 4926 276 4995 (46)
305 4927 467 5003 I'Jditi,
503 4946 522 4979 t
548 4927 712 5003 Vides
748 4930 936 5003 (alui:
987 4931 1148 5003 Vide)
1194 4939 1490 4992 secundum
1535 4955 1663 4994 con-

1456 4611 1503 4643 ⁶¹⁵
1526 4610 1683 4668 Rom.
1717 4627 1810 4667 vm
1839 4651 1856 4677 ,
1907 4614 1993 4667 17.

1766 4726 1987 4789 nostris,
2015 4730 2156 4797 apud
2187 4728 2469 4784 Rabanum
2499 4740 2553 4784 et
2585 4729 2933 4785 Salodianum
2958 4745 3061 4784 vox
3097 4747 3117 4780 t
3151 4729 3286 4785 inest
3310 4751 3328 4784 ι

1765 4797 2058 4870 omittitur.
2093 4801 2292 4854 Deinde
2321 4802 2474 4866 editi,
2511 4811 2762 4869 «propter
2791 4815 3004 4868 poenam
3035 4802 3328 4870 gerimus.»

1839 4867 1952 4940 (5‘2)
2003 4870 2178 4932 Alias,
2226 4887 2374 4940 tque
2438 4867 2688 4926 melior.»
2744 4867 2947 4925 Deinde
3006 4867 3110 4925 nis.
3172 4888 3332 4938 unus,

1770 4954 1790 4988 ι
1825 4935 2020 5011 Postea
2080 4935 2286 4994 autem'
2321 4942 2386 4995 ad
2449 4942 2832 4996 discretionem
2900 4957 3088 4996 eorum
3142 4935 3329 5011 qui....

77 5011 299 5080 cessem
333 4998 504 5080 a.Deo
533 4998 860 5080 sapientiam
891 5002 1072 5080 Pauli,
1098 4998 1373 5080 quomodo
1409 5010 1659 5078 Spiritum
1763 5008 2087 5080 etiamillud
2114 5011 2364 5078 assumit,
2396 5013 2538 5080 quod
2563 5014 2863 5074 Abraham,
2891 5030 2910 5062 ι
2939 5024 3046 5066 etc.

78 5070 96 5119 ί
122 5067 224 5135 aL,
251 5085 271 5118 ι
302 5067 530 5137 spiritus
562 5067 634 5141 ι)
659 5073 939 5130 servitutis
979 5067 1073 5143 qui
1116 5067 1356 5132 daturin
1389 5067 1603 5147 timore,
1637 5101 1656 5134 υ

75 5148 268 5280 (tua?)
305 5206 477 5280 Editi,
505 5228 526 5262 t
553 5211 842 5269 custodiat.
874 5231 894 5266 ι

149 5277 469 5358 (18)_E_diti
485 5282 746 5358 plerique,
774 5303 796 5358 ς
811 5285 1011 5358 _Omnia
1034 5287 1178 5340 enim
1208 5297 1392 5344 nostra
1423 5299 1574 5358 sunt,
1595 5302 1649 5347 et

75 5362 205 5402 cum
235 5349 456 5405 Christo
486 5349 668 5407 omnia
700 5355 855 5410 nobis
876 5356 1152 5414 donavit.»

153 5417 270 5494 (49)
303 5418 428 5486 Ipse
454 5423 594 5476 enim
643 5422 875 5490 Spiritus
899 5427 1258 5482 testimonium
1302 5430 1472 5484 reddit
1499 5432 1657 5494 spiri-

1842 5078 1956 5218 (55;
1985 5080 2130 5135 Alias
2155 5121 2170 5145 ,
2206 5100 2224 5132 ι
2262 5078 2691 5158 obunihrabatur
2725 5101 2746 5133 ι
2787 5082 2952 5150 (al.,t
2974 5081 3330 5136 adumbraba-

1842 5165 1861 5201 r
1883 5169 1902 5201 ο
1960 5189 1975 5213 ,
2003 5161 2056 5205 et
2087 5167 2214 5206 mox
2234 5190 2249 5217 ,
2283 5170 2302 5204 ι
2330 5163 2752 5218 spernerentur;
2791 5172 2809 5206 ι
2861 5152 2932 5208 al.
2961 5193 2976 5218 ,
3012 5171 3031 5202 ι
3067 5168 3330 5218 spernen-

1772 5157 1861 5201 tur
1883 5169 1902 5201 ι
1935 5152 1975 5218 ),
2003 5161 2056 5205 et
2087 5167 2249 5217 mox,
2283 5152 2752 5223 (spernerentur;
2791 5172 2809 5206 ι
2861 5152 2932 5208 al.
2961 5193 2976 5218 ,
3012 5171 3031 5202 ι
3067 5168 3330 5222 spernen-

1758 5227 1862 5272 tur.
1908 5237 1928 5270 ›

1828 5289 1943 5360 (54)
1979 5289 2133 5355 Quod
2172 5293 2216 5348 si
2259 5293 2359 5360 ﬁlii
2405 5309 2608 5357 sumus,
2649 5295 2764 5348 sine
2803 5295 2964 5347 dubio
2999 5303 3043 5349 et
3070 5291 3324 5348 heredes.

1751 5357 1876 5414 Hart:
1911 5357 2096 5431 nullibi
2133 5363 2185 5416 in
2221 5357 2382 5418 editis
2409 5371 2742 5431 comparent.

1831 5430 1944 5502 (55)
1982 5433 2161 5486 Addit.
2214 5435 2377 5488 Deest
2411 5434 2463 5487 in
2509 5430 2662 5490 libris
2691 5445 2851 5488 antea
2902 5433 3080 5488 editis.
3119 5431 3328 5487 Deinde

76 5490 162 5575 tnui
205 5499 410 5575 nostra,
449 5503 558 5548 etc.
595 5509 766 5575 usque
805 5498 895 5559 ad,
939 5505 988 5549 et
1022 5499 1498 5575 eonglon’ﬁcemur.
1527 5490 1657 5557 ἠερε
1762 5490 2216 5575 ms‘Lofnushabet
2241 5522 2260 5555 ι
2281 5515 2655 5575 argumentum
2676 5520 2812 5575 tpro
2835 5523 2854 5556 t
2885 5512 3290 5572 augmentunm

75 5560 278 5613 desunt
311 5560 363 5614 in
399 5577 529 5618 mss.
565 5560 842 5618 codicibus
875 5571 1096 5623 nostris.

175 5629 270 5705 56)
297 5630 463 5705 E_diti,
498 5635 617 5705 qui
649 5638 960 5705 adoptatur,
993 5655 1013 5690 t
1066 5636 1226 5691 male.

174 5699 269 5769 51)
316 5699 449 5754 Cum
479 5699 598 5773 jdm
649 5699 778 5758 nihil
824 5699 959 5761 inesi
1011 5708 1236 5776 timoris,
1278 5711 1331 5762 id
1380 5722 1479 5774 est,
1523 5714 1652 5766 nihil

79 5780 303 5845 propter
335 5783 528 5827 metum
575 5791 738 5845 parua:
791 5780 1040 5847 gerimus.
1105 5779 1160 5832 ln
1221 5781 1473 5838 omnibus
1515 5800 1644 5840 mss.

1832 5570 1942 5642 (56)
1973 5572 2143 5642 Alias,
2179 5593 2199 5625 t
2231 5570 2561 5629 coheredes.
2598 5593 2618 5628 ι

1831 5639 1942 5714 (57)
2098 5643 2153 5698 In
2189 5645 2347 5700 editis
2369 5645 2662 5698 omittitur.

1831 5646 1920 5714 (57
1970 5646 2060 5696 Ει.
2098 5646 2153 5698 In
2189 5646 2347 5700 editis
2369 5646 2662 5698 omittitur.

1830 5646 1944 5783 (58)
1973 5713 2135 5779 Editi,
2173 5733 2191 5766 t
2222 5727 2276 5768 et
2303 5714 2400 5784 ipsi
2432 5715 2542 5768 sint
2577 5729 2784 5768 mecum
2811 5731 2826 5779 ;
2849 5732 2868 5766 ι
2894 5715 2985 5784 qui
3018 5721 3202 5784 postea
3232 5715 3330 5770 ha-

1757 5781 1884 5840 bent
1904 5781 2024 5840 enm
2050 5800 2152 5838 ms.
2181 5781 2527 5852 quibusdam,
2553 5803 2572 5836 ς
2598 5785 2693 5840 Est
2717 5801 2850 5853 ergo
2876 5781 3196 5853 pretereau
3215 5797 3324 5841 etc.
