3692 6138
359 335 498 390 1107

1811 310 2132 370 ORIGENIS

3461 303 3579 360 1108

361 453 559 524 patitur
576 449 796 506 Christo
813 443 1328 519 quidicitquristo
1348 437 1739 498 concrucifixus
1753 449 1921 501 sum;i
1956 437 2002 492 Α
2031 430 2157 495 ctis,
2182 438 2240 486 et
2263 429 2349 484 his
2383 443 2505 499 quae
2533 445 2553 480 ι
2585 424 2774 481 oculus
2803 439 2910 479 non
2952 421 3110 488 vidit,
3141 435 3242 477 nec
3273 419 3425 476 auris
3448 422 3580 476 audi-

359 555 416 600 et
437 563 482 601 τι
510 542 645 599 Vivo
669 551 873 607 autem,
898 539 1008 608 jam
1037 553 1144 593 non
1167 552 1265 606 ego
1285 535 1421 602 (59),
1447 533 1579 587 vivit
1605 545 1735 585 vero
1763 527 1923 584 Chri-

360 647 478 694 stus
512 638 566 692 in
603 651 691 691 me
722 636 805 703 '5;
844 652 864 686 ι
894 642 950 686 et
975 631 1170 685 iterum
1197 629 1287 697 qui
1324 627 1494 681 dicit:
1525 643 1544 676 ι
1566 625 1623 678 Si
1659 634 1924 676 commor-

360 729 434 782 tui
461 743 669 790 sumus,
697 735 752 782 et
780 723 1138 781 convivemus
1166 739 1179 775 :
1211 719 1254 774 si
1290 717 1693 774 contnleramus
1717 712 1924 784 (60),et

359 816 818 887 conregnabimus
846 816 892 846 ⁷⁸
920 832 935 881 ;
977 832 996 864 ι
1053 811 1137 866 vel
1165 810 1329 865 etiam
1366 809 1454 878 qui
1505 809 1686 863 dicere
1715 813 1923 876 potest,

360 909 488 978 quia
522 925 542 960 ι
581 905 725 977 quod
780 906 970 960 deerat
1020 901 1330 971 passionum
1373 899 1612 962 Christi,
1658 897 1839 966 repleo
1870 895 1923 948 in

360 1015 586 1071 corpore
609 1015 727 1054 meo
756 998 826 1052 ⁷⁷.
873 1015 893 1048 ›
922 994 1074 1050 Sicut
1097 1001 1274 1048 autem
1307 989 1618 1056 Christum,
1651 989 1777 1058 quia
1832 988 1926 1042 hu-

361 1094 662 1149 miliaverat
698 1110 718 1143 t
754 1107 813 1146 se
842 1089 1016 1144 factus
1049 1088 1310 1143 obediens
1337 1097 1510 1152 usque
1533 1082 1598 1135 ad
1647 1088 1873 1134 mortem
1905 1118 1921 1142 ,

360 1195 588 1242 mortem
614 1195 800 1246 autem
821 1183 1026 1248 crucis,
1057 1178 1484 1250 superexaltavit
1537 1175 1678 1228 Deus
1706 1213 1721 1236 ,
1750 1183 1803 1227 et
1835 1172 1925 1226 do-

361 1281 512 1334 navit
539 1278 613 1333 illi
643 1293 862 1339 nomen,
887 1275 1030 1344 quod
1061 1282 1144 1328 est
1171 1286 1337 1342 super
1368 1283 1528 1324 omne
1551 1282 1747 1322 nomen
1783 1264 1829 1298 ⁷⁸
1854 1283 1868 1328 ;
1899 1283 1918 1316 ›

361 1383 434 1429 tta
466 1383 521 1429 et
546 1386 642 1427 eos
673 1372 764 1441 qui
799 1368 1017 1425 Christo
1054 1365 1460 1436 compatiuntur
1487 1403 1502 1426 ,
1537 1371 1591 1417 et
1613 1361 1922 1431 passionum

361 1467 476 1535 ejus
503 1464 783 1520 imitantur
806 1460 1138 1530 exemplum,
1171 1458 1314 1512 Deus
1359 1470 1483 1510 cum
1517 1453 1608 1508 illo
1641 1451 1843 1507 exaltat
1871 1451 1924 1505 in

361 1558 553 1628 gloria.
605 1554 730 1610 Haec
781 1569 1016 1623 namque
1060 1552 1147 1605 via
1201 1559 1302 1613 est,
1353 1563 1515 1618 quam
1554 1544 1927 1601 cohaeredibus

362 1649 472 1706 suis
496 1649 744 1705 Christus
769 1648 1002 1718 aperuit,
1038 1654 1095 1698 ut
1124 1657 1300 1712 neque
1338 1655 1406 1696 ex
1458 1638 1796 1702 fortitudine,
1833 1649 1928 1690 ne-

362 1755 462 1809 que
491 1755 555 1793 ex
582 1739 876 1807 sapientia,
913 1737 1004 1791 sed
1035 1749 1102 1790 ex
1154 1733 1463 1790 humilitate
1505 1729 1836 1790 exaltentur,
1867 1734 1923 1781 et

2027 524 2122 587 vit,
2158 522 2329 576 necin
2357 536 2452 575 cor
2484 519 2718 575 hominis
2757 517 3002 574 ascendit
3018 516 3089 581 εί,
3125 533 3145 566 ι
3172 512 3472 583 intelligere
3498 527 3578 582 po-

2028 625 2133 670 test
2155 615 2425 686 quomodo
2455 613 2653 668 Paulus
2676 612 2834 667 altius
2858 611 2972 681 (65)
3002 612 3105 664 ista
3129 607 3488 665 considerans
3509 607 3578 661 di-

2025 709 2142 762 cit:
2179 725 2198 758 t
2229 706 2493 762 Existimo
2514 705 2659 760 enim
2708 705 2966 774 quoniam
3017 717 3124 756 non
3153 711 3282 756 sunt
3313 697 3578 765 condigna

2025 801 2306 872 passiones
2329 800 2492 871 hujus
2529 799 2787 867 temporis
2815 796 2880 852 ad
2921 796 3160 850 futuram
3206 791 3445 862 gloriam
3478 807 3579 860 qua

2029 891 2364 948 revelabitur
2398 891 2450 945 in
2506 889 2665 945 nobis
2687 889 2756 944 ⁸³.
2786 907 2806 941 ι
2846 886 2994 942 Nihil
3041 885 3184 939 enim
3237 884 3461 952 dignum
3483 881 3578 951 (66)

2026 987 2254 1043 inveniri
2279 984 2362 1042 vel
2405 983 2715 1055 comparari
2750 983 2816 1037 ad
2858 981 3097 1035 futuram
3133 978 3368 1050 gloriam
3400 984 3578 1046 potest.

2025 1075 2081 1130 In
2122 1091 2230 1146 quo
2256 1075 2401 1130 enim
2464 1075 2692 1127 mortale
2750 1069 3151 1126 immortalibus
3179 1064 3481 1122 conferas?
3505 1075 3581 1118 aut

2026 1166 2386 1223 invisibiiibus
2417 1165 2644 1220 visibilia
2667 1168 2690 1218 ’ἰ
2719 1171 2814 1218 aut
2841 1164 3061 1217 :etcrnis
3109 1156 3431 1228 temporalia
3454 1155 3478 1209 ἲ
3503 1166 3583 1210 aut

2026 1262 2231 1316 caduca
2256 1259 2571 1330 perpetuis?
2629 1257 2685 1312 Si
2730 1271 2855 1326 qua:
2879 1266 3056 1310 tamen
3087 1254 3141 1308 in
3185 1251 3446 1322 praesenti
3485 1250 3580 1304 vita

2025 1348 2171 1404 velut
2195 1347 2439 1419 quasdam
2466 1354 2694 1416 possunt
2720 1347 2924 1399 semina
2949 1342 3131 1414 gloria:
3160 1341 3344 1410 colligi
3383 1339 3581 1402 futurae,

2027 1442 2153 1508 ista,
2182 1442 2400 1509 inquam
2433 1437 2452 1507 ζ
2458 1438 2568 1508 67),
2597 1438 2804 1492 sentina
2831 1451 2895 1489 ex
2916 1434 3363 1490 tribulationibus
3393 1440 3447 1486 et
3474 1446 3581 1498 pas-

2025 1532 2269 1587 sionibus
2318 1530 2644 1600 colliguntur
2673 1568 2688 1595 ,
2746 1527 2908 1598 596
2960 1528 3104 1581 sicut
3138 1535 3194 1580 et
3222 1525 3274 1579 in
3308 1524 3437 1579 aliis
3466 1523 3583 1577 dicit

2028 1626 2169 1681 idem
2196 1623 2487 1693 Apostolus
2515 1640 2528 1675 :
2571 1638 2590 1672 t
2624 1621 2778 1688 Quod
2804 1620 2948 1673 enim
2979 1620 3032 1672 in
3067 1615 3324 1688 praesenti
3359 1614 3591 1684 (68)tno-‘

2027 1727 2373 1774 mentaneum
2411 1727 2511 1781 est,
2541 1723 2598 1768 et
2628 1716 2746 1769 leve
2775 1713 3141 1769 tribulationis
3175 1721 3407 1779 nostrae,
3440 1725 3583 1778 supra

361 1793 423 1885 ex
452 1793 861 1884 tribulaiionum
897 1827 1156 1897 patientia
1185 1833 1404 1880 aeternae
1437 1821 1774 1878 haereditatis
1799 1835 1922 1875 con—
1949 1793 1996 1853 Β
2026 1811 2242 1864 modum
2278 1809 2334 1862 in
2363 1808 2684 1862 immensum
2716 1814 2930 1860 internae
2954 1803 3138 1874 gloria!
3163 1803 3386 1872 pondus
3413 1817 3584 1871 opera-

361 1929 655 1990 sequantur
677 1920 924 1991 gloriam.

427 2010 484 2064 4.
517 2029 536 2064 ‹
588 2011 857 2065 Existimo
887 2010 1030 2062 enim
1065 2007 1318 2076 quoniam
1352 2020 1460 2060 non
1491 2013 1618 2059 sunt
1643 2003 1923 2073 condignae

360 2104 639 2172 passiones
685 2101 844 2170 hujus
893 2101 1154 2170 temporis
1209 2102 1275 2155 ad
1328 2110 1776 2168 superventuram
1812 2097 1926 2166 glo-

361 2196 495 2249 riam
524 2194 637 2266 (61)
670 2210 788 2264 qua:
829 2195 1154 2248 revelabitur
1187 2193 1238 2246 in
1277 2192 1450 2247 nobis.
1479 2189 1617 2244 Nam
1647 2203 1926 2260 exstiecta-

363 2285 438 2338 tio
472 2294 737 2339 creaturae
777 2285 1158 2340 revelationetn
1198 2283 1430 2338 filiorum
1485 2279 1578 2334 Dei
1620 2288 1921 2349 exspectat.

363 2375 602 2431 \‘anitati
639 2377 784 2432 enim
827 2387 1081 2432 creatura
1131 2375 1375 2443 subjecta
1402 2383 1487 2430 est
1534 2389 1640 2428 non
1697 2372 1923 2435 volens,

359 2469 450 2524 sed
475 2478 695 2540 propter
726 2485 848 2523 eum
883 2469 974 2538 qui
997 2466 1228 2536 subjecit
1256 2481 1375 2520 eam
1418 2466 1471 2520 in
1510 2481 1602 2535 spe
1636 2463 1926 2533 :quoniam

358 2574 415 2618 et
441 2563 556 2631 ipsa
592 2572 840 2618 creatura
874 2561 1197 2617 liberabitur
1218 2576 1245 2615 a
1271 2560 1533 2616 servitute
1562 2555 1928 2626 corruptionis

363 2655 420 2712 in
460 2655 764 2712 libertatem
793 2654 1224 2724 glorizeliliorum
1251 2653 1366 2707 Dei.
1394 2650 1611 2705 Scimus
1627 2650 1768 2703 enim
1797 2663 1930 2718 quo-

361 2749 510 2804 niam
543 2748 720 2802 omnis
751 2756 1001 2801 creatura
1049 2743 1404 2814 congemiscit
1447 2740 1560 2812 (6‘2)
1589 2751 1645 2796 et
1680 2739 1930 2794 condolet

361 2856 533 2909 usque
576 2840 752 2893 adhuc
783 2838 852 2892 "’.
882 2856 902 2890 ι
960 2838 1016 2891 Si
1067 2838 1190 2907 quis
1222 2837 1497 2891 intueatur
1546 2833 1692 2903 quod
1738 2848 1832 2901 pro
1865 2847 1930 2885 eo

361 2931 503 2998 quod
535 2930 656 2998 quis
688 2926 950 2983 eﬁiciatur
979 2927 1122 2982 ﬁlius
1170 2925 1370 2982 excelsi
1398 2925 1515 2988 Dei,
1551 2935 1605 2980 et
1630 2925 1805 2978 haeres
1837 2923 1930 2976 bo-

359 3021 548 3076 nitatis
573 3021 692 3091 ejus
716 3030 772 3076 et
799 3020 985 3090 glorias
1011 3019 1146 3090 (63),
1177 3018 1491 3087 Christique
1514 3016 1774 3085 unigeniti
1807 3013 1927 3068 Filii

362 3111 456 3166 Dei
485 3110 748 3176 cohaeres,
773 3110 985 3166 etiamsi
1037 3111 1093 3165 in
1137 3110 1378 3164 omnium
1422 3109 1794 3162 mandatorum
1829 3107 1926 3160 ob-

361 3203 638 3258 servantia
685 3210 742 3258 et
795 3201 1274 3273 justifieationibus
1300 3200 1508 3255 Domini
1561 3199 1677 3254 sine
1708 3199 1924 3268 querela

361 3302 697 3363 permaneat,
739 3302 793 3346 et
823 3292 1069 3364 pervigili
1121 3293 1174 3346 in
1205 3291 1290 3346 his
1324 3301 1503 3346 mente
1531 3293 1828 3361 perduret;
1883 3291 1929 3344 si

363 3385 546 3438 omnia
577 3386 737 3439 etiam
766 3399 1050 3454 poenarum
1076 3398 1274 3454 genera
1311 3399 1432 3453 qua:
1468 3383 1655 3438 inferri
1683 3383 1932 3437 humanae

366 3479 694 3535 intrinsecus
751 3490 960 3536 natura;
1014 3479 1098 3534 vel
1151 3479 1491 3534 extrinsecus
1524 3487 1788 3548 possunt;
1839 3488 1931 3532 aut

363 3573 529 3626 etiam
557 3571 601 3626 si
634 3573 757 3641 quis
783 3570 871 3624 illa
910 3571 1174 3624 sustineat
1209 3585 1328 3638 quae
1357 3570 1423 3624 de
1459 3567 1561 3623 Job
1589 3570 1787 3638 scripta
1813 3585 1933 3624 esse

364 3672 738 3716 memorantur
761 3661 808 3692 ⁸⁸
843 3660 981 3731 (64),
1035 3659 1124 3714 ubi
1157 3676 1259 3714 non
1289 3659 1458 3714 solum
1510 3675 1571 3712 ea
1611 3675 1729 3728 qua:
1781 3669 1931 3715 extra

365 3751 543 3821 ipsum
572 3751 623 3806 in
647 3751 1003 3806 facultatibus
1037 3766 1100 3805 ac
1124 3751 1308 3805 liberis
1330 3765 1451 3804 esse
1481 3751 1802 3804 videbantur
1833 3752 1933 3804 Sa-

366 3852 459 3896 tan
483 3844 762 3906 exstinxit,
778 3858 962 3896 verum
980 3844 1142 3898 etiam
1167 3857 1286 3896 ossa
1311 3850 1365 3896 et
1385 3842 1790 3910 carnemipsius
1813 3857 1936 3895 con-

367 3935 513 4005 tigit,
543 3944 600 3990 et
627 3935 893 4004 percussit
939 3951 1063 3990 eum
1101 3933 1324 3988 vulnere
1375 3934 1610 4001 pessimo
1641 3949 1668 3986 a
1705 3933 1935 4002 pedibus

366 4044 542 4097 usque
568 4031 634 4083 ad
664 4039 845 4096 caput,
874 4029 943 4081 ita
981 4037 1036 4081 ut
1084 4036 1276 4080 testam
1308 4041 1527 4080 sumens
1580 4027 1797 4080 raderet
1851 4042 1935 4080 sa-

368 4123 516 4176 niem
544 4121 611 4175 de
637 4119 910 4175 ulceribus
939 4121 1054 4174 suis
1076 4120 1328 4174 ﬂuentem
1354 4137 1368 4172 :
1426 4118 1506 4182 si,
1540 4120 1756 4186 inquam
1786 4157 1802 4183 ,
1853 4120 1937 4174 his

366 4212 547 4266 adhuc
576 4219 800 4279 possunt
820 4226 943 4266 esse
977 4212 1231 4280 graviora
1267 4224 1387 4278 qum
1422 4210 1659 4280 perferat
1688 4210 1731 4265 is
1761 4211 1850 4279 qui
1881 4211 1935 4263 in

371 4306 474 4359 hac
496 4304 605 4356 vita
635 4301 954 4356 brevissima
982 4303 1036 4355 in
1072 4301 1324 4356 omnibus
1355 4302 1762 4356 tribulationem
1801 4303 1941 4369 pati-

371 4408 484 4461 tur,
511 4397 602 4468 qui
641 4397 824 4450 animo
856 4405 909 4450 et
955 4410 1183 4462 corpore
1231 4395 1511 4448 cruciatur
1540 4436 1556 4460 ,
1608 4407 1662 4448 et
1695 4396 1942 4451 conferat

2025 1910 2113 1955 tur
2133 1901 2311 1967 nobis,
2342 1915 2448 1953 non
2480 1897 3039 1968 respicientibusquae
3063 1897 3340 1958 videntur,
3361 1895 3456 1947 sed
3479 1909 3585 1962 qua

2028 2009 2140 2048 non
2165 1994 2418 2049 videntur
2441 1993 2505 2046 ⁸³.
2547 2013 2566 2045 ι
2595 1992 2841 2048 Ostendit
2872 1991 3014 2046 enim
3045 2006 3141 2059 per
3177 1990 3298 2044 haec
3333 1989 3474 2057 quod
3499 1987 3575 2056 qui

2031 2083 2120 2139 illa
2148 2085 2367 2155 respicit
2401 2101 2521 2154 quae
2557 2101 2665 2138 non
2692 2085 2944 2138 videntur
2969 2082 3098 2152 (69).
3130 2090 3185 2136 et
3210 2091 3420 2135 aeterna
3449 2089 3576 2141 sunt,

2024 2195 2238 2235 omnem
2305 2174 2706 2232 tribulationem
2764 2184 3100 2241 quaecunque
3175 2167 3446 2224 acciderit
3499 2164 3582 2227 ei,

2025 2272 2273 2342 quamvis
2299 2285 2438 2325 saava
2478 2268 2615 2340 (70),
2649 2264 2901 2337 quamvis
2939 2263 3097 2335 longa
3129 2264 3389 2317 videatur
3419 2299 3435 2324 ,
3483 2272 3582 2312 mo-

2027 2374 2368 2418 mentaneam
2391 2361 2540 2415 ducit
2558 2369 2613 2413 et
2630 2359 2832 2413 levem:
2858 2356 3021 2411 etiam
3045 2355 3088 2409 si
3112 2350 3412 2408 tormentis
3433 2347 3583 2417 subji-

2027 2454 2229 2518 ciatur,
2257 2461 2311 2506 et
2344 2449 2568 2511 aculeis,
2605 2459 2659 2502 et
2696 2445 2930 2516 ungulis,
2963 2459 3028 2500 eo
3058 2452 3303 2512 tempore
3337 2455 3446 2511 quo
3471 2455 3582 2508 sup-

2029 2543 2202 2614 pliciis
2233 2558 2438 2610 corpus
2465 2539 2743 2617 allligitur,
2786 2539 2829 2592 si
2857 2537 3088 2606 aspiciat
3120 2535 3185 2588 ad
3213 2534 3459 2590 lutttram
3482 2532 3582 2601 glo-

2030 2638 2166 2691 riam
2187 2652 2309 2706 qua:
2337 2634 2626 2690 revelanda
2657 2642 2761 2694 est,
2789 2627 3463 2699 etconsidetetquomodo
3484 2633 3584 2693 post

2031 2740 2179 2784 tanta
2216 2737 2486 2783 tormenta
2533 2725 2644 2796 (71)
2693 2738 2892 2792 corpus
2947 2723 3052 2778 hoc
3113 2717 3444 2776 humilitatis
3492 2730 3588 2770 suae

2031 2818 2513 2875 transformabitur
2544 2856 2561 2882 ,
2610 2826 2668 2870 ut
2718 2813 3116 2870 tiatconforme
3144 2811 3367 2881 corpori
3421 2810 3586 2880 gloria:

2029 2915 2151 2969 Filii
2189 2914 2280 2968 Dei
2303 2912 2372 2977 ⁸⁵,
2399 2911 2798 2965 tribulationem
2821 2916 3138 2976 praesentem
3164 2914 3586 2960 mornentaneatn

2030 3007 2148 3063 duci
2161 3017 2200 3067 t,
2229 3015 2283 3060 et
2317 3005 2526 3071 levem;
2560 3003 2768 3070 pondus
2794 3010 2972 3054 autem
2999 2998 3191 3052 futura:
3207 2996 3404 3068 gloriae
3419 3008 3584 3064 grave.

2034 3103 2135 3156 hoc
2163 3108 2266 3164 est,
2324 3111 2580 3167 magnum
2635 3096 2899 3165 deputat,
2949 3100 3002 3146 et
3053 3101 3320 3145 aeternum
3368 3085 3586 3158 (72):et

2034 3203 2237 3267 quanto
2269 3192 2441 3262 magis
2462 3187 2807 3258 multiplicari
2833 3184 2936 3241 sibi
2968 3183 3386 3238 tribulationum
3414 3177 3588 3232 viderit

2035 3303 2248 3360 poenas,
2275 3295 2423 3340 tanto
2455 3281 2687 3352 amplius
2735 3277 2985 3346 intelligit
3022 3275 3132 3348 (73)
3163 3273 3265 3328 sibi
3299 3272 3510 3342 pondus
3542 3277 3589 3320 et

2037 3379 2462 3451 magnitudinem
2496 3375 2681 3447 gloriae
2703 3369 2991 3428 cumulari.
3021 3368 3174 3435 Quod
3199 3377 3387 3420 autem
3419 3379 3483 3420 ex
3503 3365 3588 3416 tri-

2036 3473 2373 3529 bulationum
2408 3467 2714 3538 quantitate
2742 3477 2993 3518 mensura
3028 3458 3275 3531 quaedam
3308 3469 3368 3512 et
3395 3455 3587 3523 magni-

2039 3567 2166 3622 tudo
2197 3563 2381 3636 gloriaa
2404 3562 2708 3630 colligatur,
2741 3567 2868 3628 puto
2889 3557 3055 3610 etiam
3086 3551 3252 3606 David
3281 3549 3586 3619 prophetam

2039 3659 2279 3714 indicare
2309 3670 2429 3710 cum
2465 3653 2597 3708 dicit
2629 3651 2740 3722 (74)
2768 3665 2782 3702 :
2824 3666 2844 3699 ι
2879 3646 3182 3702 Secundum
3210 3641 3589 3697 multitudinem

2041 3751 2290 3805 dolorum
2329 3761 2573 3802 meorum
2605 3747 2659 3798 in
2691 3743 2854 3799 corde
2889 3754 3031 3802 meo,
3077 3736 3588 3794 consolationestuae

2041 3840 2451 3896 laetificaverunt
2489 3835 2726 3889 animam
2759 3846 2932 3886 meam
2967 3829 3035 3884 ⁸⁸.
3071 3846 3090 3880 ι
3124 3825 3281 3881 Unde
3309 3835 3442 3893 puto
3465 3821 3587 3890 quod

2043 3936 2098 3991 in
2132 3929 2518 4004 prasentixita
2553 3925 2852 3981 consolatio
2879 3936 3003 3990 qua:
3030 3921 3190 3974 datur
3206 3916 3396 3986 justis,
3421 3927 3589 3968 secun-

2042 4000 2168 4082 dum
2197 4033 2502 4077 mensuram
2529 4015 2866 4069 cruciatuum
2902 4021 2956 4065 et
2979 4009 3266 4063 vulnerum
3299 4005 3458 4059 detur
3485 4021 3496 4056 :
3521 4000 3588 4052 fu-

2045 4128 2164 4170 tura
2198 4127 2326 4167 vero
2353 4109 2523 4180 gloria
2561 4105 2714 4176 (75),
2767 4105 2832 4157 de
2863 4115 2966 4171 qua
3005 4097 3299 4168 Apostolus
3324 4094 3452 4149 dicit
3479 4091 3584 4161 quia

2051 4229 2070 4261 ι
2111 4205 2437 4264 revelabitur
2463 4203 2517 4256 in
2549 4198 2739 4264 nobis,
2777 4215 2795 4248 ι
2835 4211 2939 4250 non
2970 4192 3266 4248 secundum
3299 4200 3584 4242 mensuram

2046 4300 2397 4372 passionum:
2445 4312 2462 4344 t
2522 4305 2629 4345 non
2674 4286 2818 4341 enim
2849 4284 3132 4353 condigna:
3176 4288 3303 4336 sunt
3337 4279 3587 4349 passiones

2048 4370 2207 4464 hujus
2247 4387 2508 4458 temporis
2539 4384 2605 4437 ad
2635 4381 2871 4435 futuram
2908 4377 3135 4446 gloriam
3171 4390 3294 4444 quae
3347 4370 3585 4427 revelabi-

370 4491 486 4545 ha‘c
531 4507 552 4541 α
585 4490 650 4542 ad
687 4490 918 4543 futuram
940 4489 1162 4558 gloriam
1191 4502 1313 4556 qua!
1340 4486 1668 4541 revelabitur
1688 4507 1706 4538 ο
1737 4489 1789 4540 in
1816 4504 1940 4542 san-
1971 4515 2016 4569 ι)
2049 4462 2136 4542 tur
2159 4488 2211 4539 in
2245 4505 2262 4535 ι
2303 4480 2507 4537 sanctis
2529 4478 2578 4508 ⁸⁸
2607 4493 2621 4528 :
2660 4474 2753 4530 sed
2776 4471 2916 4525 sicut
2947 4468 3054 4541 (76)
3083 4468 3148 4521 ad
3184 4466 3489 4522 Corinthios
3521 4462 3585 4513 di-

437 4582 486 4612 "
515 4580 779 4646 Galat.tt,
810 4580 898 4643 19,
919 4582 1006 4635 ‘20.
1087 4581 1132 4614 ⁷⁸
1163 4579 1206 4632 ll
1247 4578 1386 4633 Tim.
1418 4595 1478 4637 ll.
1510 4580 1596 4644 11,
1656 4580 1741 4635 12.
1814 4582 1856 4612 ’⁷⁷
1902 4558 2108 4642 (Συῖοεε.
2144 4577 2284 4642 134.
2352 4571 2411 4646 7⁷7⁸
2455 4568 2733 4646 Philippi,
2777 4563 2831 4627 8,
2858 4562 2913 4616 9.
2985 4559 3220 4646 filiam..-
3242 4558 3580 4646 v‘lnnfsjsetl.

370 4648 417 4678 ⁸ο
451 4646 550 4703 Joh
589 4666 628 4713 ι,
665 4649 720 4707 2.

369 4723 459 4777 19.
534 4722 580 4755 ⁸⁸
611 4723 766 4777 Rom.
807 4735 925 4788 vm,
961 4721 1049 4775 18.

445 4794 558 4864 (59)
580 4794 766 4860 Alias,
795 4787 1180 4864 t__c0mpat'itu_r
1225 4803 1354 4858 ergo
1376 4788 1466 4858 qui
1498 4787 1630 4841 dicit
1661 4808 1672 4843 :
1718 4787 1936 4848 Christo

371 4860 620 4918 confixus
647 4879 786 4917 sum.
817 4860 1104 4927 Vivo,iait,
1135 4860 1245 4931 jam
1279 4875 1380 4931 non
1409 4873 1528 4926 ego,
1561 4876 1579 4908 ι
1621 4866 1730 4912 etc.

589 4934 762 5001 Alias,
799 4951 818 4984 ι
852 4933 900 4988 si
927 4929 1243 4988 toleramus.
1285 4948 1303 4981 ι
1339 4929 1618 4996 liabanus,
1657 4947 1676 4980 t
1716 4930 1763 4985 si
1795 4943 1943 4984 com-

370 5016 630 5076 patimur.
643 5074 653 5076 _
665 5023 690 5076 ί»

444 5074 561 5140 (61)
595 5074 767 5138 Alias,
809 5091 828 5124 ι
857 5074 923 5127 ad
956 5074 1190 5127 futuram
1221 5069 1471 5140 gloriam.
1509 5087 1528 5118 ι

444 5077 561 5214 (61)
595 5077 767 5138 Alias,
809 5091 828 5124 ι
857 5077 923 5127 ad
956 5077 1190 5127 futuram
1221 5077 1471 5140 gloriam.
1509 5087 1528 5118 ι

439 5145 534 5216 (62
588 5144 728 5199 Editi
750 5153 806 5200 et
829 5159 960 5216 mss.
988 5143 1230 5216 quidam,
1268 5159 1336 5216 _«_
1365 5142 1579 5216 Scimus
1603 5139 1745 5192 enim
1797 5140 1942 5216 quod

372 5209 551 5271 omnis
575 5224 824 5270 creatura
844 5209 1151 5282 ingeniiscit
1171 5221 1224 5266 et
1251 5213 1434 5282 dolet;
1463 5229 1480 5260 ι
1511 5209 1937 5278 al.,tparturit.i

444 5284 562 5357 (65)
600 5286 766 5349 Alias,
808 5304 827 5337 ε
859 5281 1002 5357 quod
1032 5298 1129 5357 pro
1152 5298 1218 5357 eo
1246 5292 1297 5334 ut
1326 5281 1470 5351 quis,
1504 5299 1523 5332 ι
1552 5291 1734 5346 etc.;ct
1755 5290 1943 5350 postea

371 5353 550 5418 editi,’
571 5374 591 5406 ε
623 5353 890 5411 bonitatis
915 5355 1031 5422 ejus
1057 5353 1266 5421 gloriae.
1302 5371 1321 5403 ι

445 5429 556 5492 (64)
585 5420 1123 5481 Ιηιτὶηδεειιεζυρθὲι
1146 5425 1197 5476 in
1229 5421 1408 5476 editis.
1426 5420 1627 5474 Deinde
1651 5434 1752 5474 ms.
1783 5435 1940 5489 unus,

379 5513 401 5550 t
432 5512 554 5566 quae
587 5502 654 5550 de
676 5498 775 5552 Job
808 5508 954 5565 gesta
991 5505 1389 5566 memorantur.
1426 5512 1444 5544 ›

447 5561 562 5636 (65)
588 5567 780 5620 Allius.
811 5561 1170 5636 'Desitlet'atttr
1201 5564 1254 5617 in
1282 5574 1452 5636 antea
1489 5561 1670 5618 editis.

443 5634 558 5704 (66)
589 5637 759 5702 Alias,
797 5656 816 5688 t
849 5636 992 5690 Nhil
1015 5634 1231 5703 quidem
1265 5635 1504 5704 dignum,
1541 5652 1558 5683 ι
1590 5645 1695 5686 etc.

447 5704 559 5778 (67)
592 5705 754 5785 Editi,
787 5720 846 5785 et
887 5707 1143 5760 liabanus
1177 5747 1192 5771 ,
1252 5724 1270 5756 (
1322 5705 1515 5775 inquit.
1550 5724 1566 5754 ι
1610 5704 1936 5766 Sedomncs

380 5791 508 5831 tnss.
559 5779 747 5838 nostri,
781 5796 799 5828 ι
838 5779 1071 5839 inquam.
1109 5797 1128 5829 ›

867 4631 911 4683 εἰ
929 4631 979 4706 ἶ
997 4631 1125 4705 Cor.
1157 4631 1221 4716 ii,
1246 4631 1345 4705 9.“
1373 4631 1425 4681 5"
1450 4631 1610 4705 Roiu'.
1637 4631 1753 4715 viii,
1782 4653 1869 4707 18.
1910 4631 1937 4638 ⁷

2120 4631 2302 4718 Lai-.tv,
2344 4645 2431 4698 17.
2503 4639 2549 4671 ⁸⁸
2583 4631 2777 4704 Philip.
2832 4648 2889 4687 ιιι
2923 4672 2938 4697 ,
2985 4631 3077 4685 21.

3175 4629 3220 4661 ⁸⁸
3250 4627 3392 4682 Psal.
3445 4639 3552 4679 cxnl
3569 4662 3581 4686 ,

2118 4789 2230 4859 (68)
2267 4783 2366 4859 Ms.
2401 4795 2572 4859 unus,.
2599 4773 2708 4859 thin
2739 4770 3170 4859 przesentivita.
3211 4787 3231 4820 ι

2121 4839 2438 4930 (suam...
2474 4872 2492 4902 ι
2529 4839 2703 4910 vidit;
2741 4839 2760 4895 δ
2795 4844 2889 4908 ..|.,
2928 4861 2946 4893 ι
2973 4841 3128 4896 vidit.
3167 4859 3186 4891 ›
3232 4839 3451 4903 Deinde,
3478 4849 3579 4888 tac-

2049 4934 2178 4989 cidit
2215 4929 2285 4982 ei.
2331 4944 2348 4974 ι

2120 4978 2512 5074 (70)(ξααηιυίε
2534 5003 2693 5045 εωυα.
2721 4985 2846 5040 Haec
2868 4983 3249 5039 desiderantur
3268 4983 3318 5035 in
3342 4978 3489 5032 libris
3512 4988 3584 5026 an-

2049 5071 2138 5131 tea
2168 5071 2350 5124 editis.

2125 5115 2437 5214 (Tui-)Tl-E'diti,
2475 5149 2494 5182 ί
2530 5139 2609 5184 t0t
2641 5138 2932 5182 tormenta.
2973 5145 2993 5177 ι
3027 5122 3126 5179 Ms.
3182 5136 3325 5176 unus
3351 5128 3404 5174 et
3433 5115 3582 5168 Raba-

2049 5211 2176 5278 ntis,
2210 5230 2227 5261 ‹
2256 5211 2356 5278 ista
2392 5211 2681 5278 tormenta.
2717 5217 2736 5250 ι

2119 5272 2231 5354 (72)
2270 5275 2428 5354 Etliti,
2472 5289 2491 5323 ι
2527 5273 2751 5354 deputat
2775 5272 2828 5354 in
2855 5279 3138 5323 mternum.
3173 5283 3193 5318 ι

2266 5347 2435 5425 illius,
2476 5361 2494 5393 t
2529 5341 2813 5425 intelliget.
2847 5358 2866 5391 ι

2120 5397 2435 5494 (θὸὶξᾶἰὶῖξ
2481 5433 2499 5494 ς
2541 5425 2669 5483 puto
2701 5397 2930 5464 adﬁrmet
2951 5409 3114 5463 etiam
3151 5402 3316 5459 David
3347 5397 3578 5470 propheta

2048 5492 2168 5550 (‘llltl
2201 5492 2356 5553 dicit,
2397 5505 2415 5537 ι
2447 5493 2556 5539 etc.

2119 5562 2230 5633 (75)
2264 5549 2448 5633 Alias,
2492 5573 2510 5605 ι
2539 5553 2731 5633 futurae
2758 5567 2887 5605 vero
2917 5549 3124 5627 gloriae.
3158 5566 3179 5600 ι

2485 5644 2503 5676 t
2535 5634 2661 5678 sunt
2707 5625 2788 5677 litt:
2839 5608 3116 5692 pasvsiones
3141 5619 3206 5688 ad
3236 5614 3457 5670 futuram
3481 5608 3576 5680 glo-

2049 5700 2213 5770 riam,
2236 5700 2329 5757 sed
2361 5700 2523 5762 sicut,
2561 5714 2578 5746 ›
2613 5705 2716 5749 etc.
